3998 6468
409 242 517 300 369

401 355 589 429 σύνην.
623 357 826 413 Τούτου
862 359 1131 431 σύμϐολόν
1179 362 1299 416 ἐστι
1345 363 1437 416 καὶ
1475 363 1537 416 τὸ
1585 362 1984 435 γαζοφυλάκιον

397 448 516 504 νῦν.
563 449 726 503 Ἀλλὰ
755 449 816 503 τὺ
858 449 959 520 μὲν
988 449 1258 520 σύμϐολον
1289 451 1464 522 μένει,
1508 453 1568 506 τὸ
1597 454 1653 506 δὲ
1683 454 1845 525 ἔργον
1887 458 1977 509 οὐν

397 542 593 615 δαμοῦ.
622 543 733 596 Καὶ
758 539 874 597 οἶδα
916 542 1016 613 μὲν
1060 543 1142 596 ὅτι
1185 542 1375 598 πολλοί
1403 544 1514 598 τῶν
1543 547 1978 618 συνεδρευόντων

398 635 561 692 πάλιν
594 637 726 707 ήμῖν
759 635 1178 705 ἐγκαλέσουσιν,
1198 635 1335 689 ὅταν
1361 636 1503 707 ὑπὲρ
1548 636 1756 692 τούτων
1800 638 1977 692 διαλεο

398 726 626 798 γώμεθα
654 726 906 795 λέγοντες
930 742 945 758 ⁸
976 726 1069 796 Μὴ
1090 764 1106 789 ,
1143 726 1472 796 παρακαλῶ,
1504 728 1579 801 μὴ
1610 729 1763 797 γίνου
1792 747 1979 800 φορτι-

401 819 494 882 κὸς
527 819 618 873 καὶ
643 818 887 889 ἐπαχθὴς
913 819 1027 882 τοῖς
1056 818 1347 873 ἀκούουσιν
1371 837 1385 851 ·
1416 820 1715 893 ἐπίτρεψον
1744 825 1809 893 τῇ
1842 839 1978 894 προσ

398 908 625 979 αιρέσει,
655 908 742 971 δὺς
774 910 840 980 τῇ
880 908 1075 981 γνώμῃ
1118 909 1229 965 τῶν
1271 910 1578 965 ἀκουόντων
1602 928 1618 942 ο
1654 911 1730 975 ώς
1773 912 1869 965 νῦν
1906 929 1974 981 γε

400 1000 777 1071 καταισχύνεις
817 1003 966 1072 ήμᾶς
987 1044 1003 1069 ,
1047 1002 1306 1075 ἐρυθριᾷν
1339 1008 1513 1069 ποιεῖς
1538 1021 1552 1035 ’
1590 1005 1707 1059 ἀλλ’
1753 1005 1855 1059 οὐκ
1882 1006 1978 1059 ἀν-

396 1090 590 1160 έχομαι
610 1088 816 1144 τούτων
829 1090 939 1144 τῶν
967 1091 1162 1161 λόγων.
1195 1093 1330 1147 Οὐδὲ
1350 1093 1459 1165 γὰρ
1480 1093 1689 1159 Παῦλος
1711 1095 1977 1166 ᾐσχύνετο

399 1185 539 1255 ὑπὲρ
568 1183 827 1239 τοιούτων
854 1184 1095 1255 συνεχῶς
1123 1185 1378 1258 ἐνοχλῶν,
1409 1186 1505 1240 καὶ
1535 1186 1977 1256 προσαιτούντων

396 1276 771 1346 φθεγγόμενος
802 1277 1050 1349 ῥήματα.
1096 1279 1161 1333 Εἰ
1194 1278 1294 1350 μὲν
1320 1279 1429 1349 γάρ
1455 1278 1613 1332 τοῦτο
1649 1278 1862 1347 ἔλεγον,
1894 1279 1978 1333 ὅτι

410 1367 563 1437 Ἐμοὶ⁹
597 1366 683 1432 δὸς
713 1369 810 1423 καὶ
837 1371 921 1433 εἰς
954 1368 1054 1441 τὴν
1085 1370 1227 1442 ἐμὴν
1257 1370 1494 1432 κατάθες
1514 1369 1714 1437 οἰκίαν,
1755 1370 1884 1433 ίσως
1910 1369 1978 1424 ἂν

395 1462 660 1533 αἰσχύνης
683 1459 752 1535 ἦν
780 1464 841 1518 τὸ
874 1464 1204 1535 λεγόμενονο
1239 1464 1440 1535 μᾶλλον
1473 1464 1532 1518 δὲ
1568 1464 1691 1517 οὐδὲ
1722 1463 1845 1519 τότε
1871 1478 1886 1493 ⁸
1911 1464 1977 1517 Ol

395 1554 508 1625 γὰρ
549 1554 629 1621 τῷ
668 1557 1099 1625 θυσιαστηρίῳ,
1141 1556 1297 1628 φησὶ,
1333 1554 1862 1627 προσεδρεύοντες,
1896 1553 1979 1621 τῷ

396 1648 808 1716 θυσιαστηρίῳ
831 1648 1311 1718 συμμερίζονται.

466 1758 534 1829 β’*
567 1760 715 1830 Πλὴν
732 1760 848 1815 ἀλλ’
873 1761 1001 1825 ἴσως
1019 1761 1085 1816 ἄν
1111 1778 1196 1827 τις
1214 1763 1573 1834 ἐπετίμησεν,
1586 1762 1662 1826 ὡς
1679 1763 1821 1833 ὑπὲρ
1849 1763 1977 1816 ἑαυ-

396 1844 490 1900 τοῦ
522 1846 830 1919 ποιουμένῳ
858 1848 950 1902 τὸν
965 1849 1153 1918 λόγον’
1188 1851 1285 1905 νῦν
1312 1852 1371 1905 δὲ
1404 1852 1547 1924 ὑπὲρ
1572 1852 1680 1905 τῶν
1708 1851 1980 1923 δεομένων

395 1936 494 2008 τὴν
530 1938 809 2009 ἱκετηρίαν
832 1939 1042 2011 τίθημι,
1077 1943 1279 2012 μᾶλλον
1305 1943 1361 1997 δὲ
1386 1944 1485 2014 οὐχ
1515 1944 1656 2014 ὑπὲρ
1682 1943 1792 1997 τῶν
1818 1942 1983 2014 δεομά

396 2048 525 2098 νων,
551 2031 667 2086 ἀλλ’
706 2031 849 2104 ὑπὲρ
868 2033 1026 2104 ὐμῶν
1051 2034 1161 2087 τῶν
1194 2035 1576 2107 παρεχόντων·
1604 2035 1688 2090 διδ
1706 2035 1802 2090 καί
1832 2036 1978 2107 παῤ-

399 2124 749 2195 ρησιάζομαι.
778 2125 1055 2197 Ποία-γὰρ
1075 2126 1305 2198 αἰσχύνη
1336 2127 1534 2195 εἰπεῖν,
1561 2126 1659 2191 Δὸς
1688 2126 1767 2198 τῷ
1790 2127 1982 2199 Κυρίῳ

400 2217 676 2282 πεινῶντι,
707 2217 927 2271 ἔνδυσον
959 2218 1122 2272 αὐτὸν
1143 2219 1351 2290 γυμνὸν
1377 2221 1682 2292 περιιόντα,
1723 2219 1979 2287 ὑπόδεξαι

399 2306 548 2373 ξένον
570 2308 735 2376 ὅντα;
781 2307 842 2362 ’0
866 2309 1145 2380 Δεσπότης
1173 2328 1268 2366 σου
1295 2314 1398 2367 οὐκ
1425 2311 1741 2383 αἰσχύνεται
1768 2312 1863 2365 ἐπὶ
1882 2312 1980 2382 τῆς

396 2399 723 2472 οἰκουμένης
753 2399 927 2454 ταῦτα
944 2400 1120 2470 λέγων
1138 2416 1154 2431 ’
1196 2401 1546 2469 Ἐπείνασα,
1574 2402 1672 2456 καί
1697 2405 1809 2457 οὐκ
1834 2401 1985 2457 ἐδὼρ

397 2492 542 2547 κατέ
563 2510 666 2562 μοι
708 2492 953 2563 φαγεῖν-ο
999 2496 1035 2548 ό
1061 2493 1313 2565 ἀνενδεὴς
1345 2495 1438 2548 καὶ
1469 2495 1701 2565 μηδενὸς
1726 2493 1976 2566 χρῄζων.⁸

398 2586 493 2639 καί
538 2584 651 2654 ἐγὼ
693 2584 1059 2658 αἰσχυνοῦμαι
1100 2588 1195 2643 καὶ
1224 2588 1479 2659 όκνήσω;
1516 2589 1765 2657 Ἄπαγε·
1797 2588 1981 2641 διαϐο-

397 2674 554 2746 λικῆς
581 2674 877 2747 ἐπιϐουλῆς
907 2676 1049 2748 αὕτη
1087 2679 1122 2750 ή
1148 2678 1401 2749 αἰσχύνη.
1436 2677 1511 2730 Οὐ
1542 2677 1722 2731 τοίνυν
1755 2678 1977 2748 αἰσχυν-

396 2766 654 2838 θήσομαι,
687 2766 824 2821 ἀλλὰ
867 2767 962 2821 καὶ
1006 2768 1148 2839 μετά
1188 2767 1503 2840 παρρησίας
1542 2769 1671 2840 ἐρῶ·
1712 2768 1844 2821 Δότε
1868 2769 1981 2832 τοῖς

394 2858 689 2930 δεομένοις,
724 2859 817 2913 καὶ
846 2859 984 2930 μετά
1019 2860 1287 2925 πλείονος,
1317 2861 1351 2933 ἢ
1393 2862 1446 2915 οἰ
1474 2861 1740 2928 δεόμενοι,
1769 2860 1977 2932 φωνῆς,

397 2950 460 3002 Εἰ
489 2948 587 3018 μὲν
612 2949 722 3020 γὰρ
742 2948 855 3019 ἔχει
890 2965 977 3012 τις
1002 2948 1172 3014 δεῖξαι
1202 2951 1298 3005 καὶ
1324 2950 1565 3020 ἐλέγξαι,
1588 2953 1670 3007 ὅτι
1696 2952 1867 3007 ταῦτα
1896 2953 1984 3008 λέ-

395 3056 606 3108 γοντες,
638 3040 774 3111 πρὸς
796 3042 1024 3105 ἑαυτοὺς
1043 3041 1188 3112 ὑμᾶς
1211 3042 1469 3113 ἕλκομεν,
1503 3044 1598 3097 καὶ
1630 3046 1983 3116 προσχήματι

395 3132 504 3187 τῶν
537 3134 786 3204 πενήτων
817 3132 973 3187 αὐτοί
1013 3132 1399 3205 κερδαίνομεν,
1425 3135 1528 3189 οὐκ
1559 3137 1824 3208 αἰσχύνης
1854 3137 1982 3203 ἀξια

395 3224 570 3279 ταῦτα
600 3225 780 3295 μόνον,
823 3224 960 3279 ἀλλά
996 3227 1090 3279 καὶ
1146 3226 1357 3298 μυρίων
1397 3230 1704 3299 κεραυνῶν,
1735 3232 1830 3283 καὶ
1859 3231 1994 3285 οὐδὲ

397 3317 496 3391 ζῇν
542 3317 691 3384 ἀξιον
722 3319 849 3382 τούς
876 3317 944 3373 τά
975 3317 1202 3372 τοιαῦτα
1234 3317 1528 3384 ποιοῦντας
1547 3336 1563 3351 ⁸
1600 3322 1649 3374 εἰ
1683 3320 1739 3374 δὲ
1783 3324 1851 3393 τῇ
1884 3321 1980 3375 τοῦ

395 3408 532 3463 Θεοῦ
585 3410 767 3481 χάριτι
812 3409 962 3465 οὐδὲν
1011 3411 1153 3483 ὑπὲρ
1206 3411 1418 3465 ἑαυτῶν
1466 3411 1813 3483 ἐνοχλοῦμεν,
1863 3414 1983 3468 ἀλλ’

395 3501 671 3558 ἀδάπανον
699 3503 826 3573 ὑμῖν
867 3501 928 3555 τὸ
960 3503 1297 3573 Εὐαγγέλιον
1340 3503 1644 3577 ἐθήκαμεν,
1688 3507 1983 3574 πονοῦντες

400 3592 499 3662 μὲν
530 3590 780 3663 οὐδαμῶς
807 3591 1057 3664 καθάπερ
1093 3591 1249 3668 1⁸402]
1274 3591 1507 3657 Παῦλος,
1534 3595 1648 3656 τοῖς
1680 3593 1738 3647 δὲ
1758 3595 1982 3659 οἰκείοις

396 3683 747 3757 ἀρκούμενοι,
789 3684 929 3755 μετά
963 3685 1280 3757 παρρησίας
1325 3685 1509 3758 πάσης
1538 3687 1673 3757 ἐρῶ·
1706 3687 1838 3741 Δότε
1868 3691 1981 3753 τοῖς

396 3777 693 3848 δεομένοις,
737 3778 833 3833 καὶ
869 3778 929 3833 οὐ
983 3779 1258 3850 παύσομαι
1303 3778 1463 3833 τοῦτο
1508 3779 1705 3849 λέγων,
1769 3782 1863 3835 καὶ
1904 3781 1992 3853 μὴ,

399 3868 649 3924 διδόντων
692 3869 886 3941 ἔσομαι
931 3869 1167 3941 χαλεπὸς
1221 3872 1549 3943 κατήγορος.
1610 3873 1723 3926 Καὶ
1770 3872 1878 3945 γὰρ
1931 3875 1981 3927 εἰ

402 3960 708 4032 στρατηγὸς
774 3961 921 4032 ήμην
969 3960 1064 4017 καὶ
1121 3961 1460 4033 στρατιώτας
1524 3959 1693 4034 εἰχον,
1755 3964 1856 4017 οὐκ
1912 3964 1987 4018 ἂν-

399 4051 674 4123 ¹ᾐσχύνθην
709 4054 822 4116 τοῖς
868 4052 1230 4123 στρατιώταις
1277 4054 1485 4127 τροφὰς
1528 4056 1717 4114 αἰτῶν.
1769 4057 1983 4129 Σφόδρα

400 4142 511 4212 γὰρ
551 4142 661 4215 ἐρῶ
694 4143 795 4213 τῆς
837 4144 1113 4215 σωτηρίας
1136 4144 1238 4216 τῆς
1267 4147 1562 4218 ὑμετέρας.
1605 4147 1746 4203 Ἀλλ’
1773 4150 1860 4202 ἵνα
1886 4150 1980 4204 καὶ

400 4230 788 4302 ἐνεργέστερος
820 4236 849 4287 ό
882 4232 1038 4303 λόγος
1066 4235 1291 4306 γένηται
1321 4237 1417 4291 καὶ
1463 4237 1793 4312 δραστήριος
1840 4239 1978 4311 μᾶλ-

346 4337 350 4342 ’
399 4319 512 4385 λον,
560 4320 775 4376 Παῦλον
825 4322 1183 4393 παραστάτην
1232 4322 1434 4391 λαϐὼν,
1465 4327 1584 4396 μετ’
1611 4327 1821 4381 ἐκείνου
1860 4328 1979 4382 δια-

400 4412 622 4483 λέξομαι
644 4413 843 4482 λέγων·
869 4413 1172 4481 Ἕκαστος
1193 4416 1361 4485 ὑμῶν
1383 4419 1519 4486 παρ’
1535 4417 1726 4485 ἐαυτῷ
1754 4421 1978 4486 τιθέτω,

400 4505 773 4574 θησαυρίζων
817 4505 851 4559 ὅ
883 4523 938 4560 τι
966 4505 1045 4560 ἂν
1087 4507 1393 4562 εὐοδῶται.
1437 4508 1637 4563 Σκόπει
1675 4511 1783 4582 γὰρ
1813 4513 1979 4568 αὐτοῦ

402 4585 696 4649 κάντεῦθεν
739 4596 801 4649 τὸ
848 4595 1188 4667 ἀνεπαχθὲς’
1219 4597 1320 4650 οὐκ
1361 4593 1506 4661 εἷπε,
1556 4600 1781 4655 Τοσόνδε
1830 4603 1982 4674 ἢτο-

403 4684 572 4746 σόνδε,
608 4685 723 4738 ἀλλ’
754 4687 826 4738 ’⁸0
855 4702 908 4738 τι
953 4684 1031 4738 ἂν
1064 4683 1370 4742 εὐοδῶται.
1399 4686 1508 4740 εἴτε
1547 4689 1701 4754 πολὺ,
1735 4692 1845 4745 εἴτε
1871 4693 1981 4746 ὀλίο

400 4793 496 4845 γον
512 4793 526 4806 ο
552 4776 647 4829 καὶ
676 4778 775 4829 οὐκ
800 4771 975 4839 εἶπεν,
1008 4774 1073 4830 "0
1099 4792 1151 4828 τι
1175 4776 1242 4831 ἀν
1267 4792 1350 4841 τις
1378 4779 1633 4852 κερδάνῃ,
1662 4781 1799 4849 ἀλλ’,
1830 4786 1901 4837 "0
1926 4803 1982 4839 τι

398 4868 478 4922 ἄν
513 4868 801 4937 εὐοδωθῇ,
835 4868 1049 4933 δεικνύς
1073 4869 1155 4923 ὅτι
1185 4869 1336 4942 παρά
1358 4870 1452 4925 τοῦ
1495 4872 1630 4927 Θεοῦ
1663 4878 1696 4947 ή
1722 4879 1978 4949 χορηγία.

400 4958 477 5013 Οὐ
505 4958 677 5031 ταύτῃ
706 4958 761 5012 δὲ
780 4959 962 5030 μόνον,
987 4959 1125 5014 ἀλλά
1146 4962 1242 5015 καί⁵
1270 4960 1351 5033 τῷ
1381 4962 1458 5034 μὴ
1482 4964 1563 5018 ἑνὶ
1580 4967 1758 5039 χρόνῳ
1777 4969 1838 5023 τὸ
1871 4973 1981 5026 πᾶν

399 5046 656 5102 κελεῦσαι
678 5047 1030 5114 καταϐαλεῖν,
1075 5050 1264 5122 ῥᾳδίαν
1293 5055 1438 5106 ποιεῖ
1477 5054 1575 5125 τὴν
1598 5056 1910 5130 συμϐουλήν
1928 5073 1976 5102 δ’

398 5137 478 5209 τῷ
517 5138 626 5211 γὰρ
678 5138 821 5194 κατὰ
876 5139 1073 5212 μικρὸν
1121 5140 1477 5211 συλλέγεσθαι
1518 5145 1916 5216 ἀνεπαίσθητος
1945 5150 1979 5218 ἡ

398 5228 713 5300 λειτουργία
754 5230 850 5285 καί
874 5231 908 5301 ή
941 5230 1177 5302 δαπάνη.
1208 5230 1309 5285 Διά
1332 5230 1397 5303 δὴ
1427 5233 1588 5286 τοῦτο
1612 5234 1733 5289 οὐδὲ
1778 5236 1979 5302 εὐθέως

400 5319 614 5374 κελεύει
648 5321 728 5385 εἰς
763 5322 929 5391 μέσον
966 5322 1220 5391 ἀγαγεῖν,
1257 5324 1395 5378 ἀλλά
1430 5324 1631 5395 πολλὴν
1662 5326 1844 5381 δίδωσι
1880 5327 1980 5399 τὴν

402 5411 766 5482 προθεσμίαν,
800 5413 896 5467 καὶ
929 5414 1034 5484 τὴν
1071 5414 1254 5468 αἰτίαν
1279 5415 1449 5479 τιθείς
1479 5432 1669 5486 φησιν’
1706 5418 1840 5474 Ἵνα
1868 5419 1976 5489 μὴ,

399 5495 547 5552 ὅταν
573 5497 751 5563 ἔλθω,
778 5501 911 5554 τότε
942 5502 1142 5573 λογίαι
1179 5505 1482 5574 γίνωνται.
1515 5506 1829 5574 Τουτέστιν,
1862 5510 1980 5565 Ἵνα

405 5588 480 5659 μὴ
526 5589 685 5663 ἐντῷ
727 5593 905 5665 καιρῷ
929 5594 1030 5664 τῆς
1087 5596 1367 5668 εἰσφορᾶς,
1419 5598 1539 5651 τότε
1596 5599 1978 5672 ἀναγκάζησθε

404 5680 695 5750 συλλέγειν.
732 5685 841 5739 Καὶ
867 5686 1024 5741 τοῦτο
1049 5689 1105 5741 δέ
1135 5690 1234 5759 οὐχ
1268 5689 1344 5753 ὡς
1377 5688 1564 5762 ἔτυχεν
1591 5693 1784 5756 αὐτοὺς
1818 5694 1977 5749 πάλιν

407 5772 735 5844 προέτρεσζιεν
755 5778 821 5845 ’ἡ
850 5777 955 5849 γὰρ
984 5780 1273 5849 προσδοκία
1297 5781 1506 5835 Παύλου
1544 5784 1978 5857 προθυμοτέρους

1118 243 1177 300 S.
1218 242 1503 303 JOANNIS
1539 246 2022 306 CHRYSOSTOMI
2062 253 2388 313 ARCIIIEP.
2429 253 2983 320 CONSTANTINOP.

3590 264 3706 320 τιτᾶ

2089 373 2287 442 αὐτοὺς
2332 379 2524 436 ἐποίει.
2579 382 2768 437 ’Ὅταν
2810 378 2881 433 δὲ
2925 379 3101 442 ἔλθω,
3139 378 3245 445 οὓς
3280 375 3387 433 ἐὰν
3437 377 3707 448 δοκιμάο

2074 480 2258 534 ,σητε.
2297 469 2372 522 δι’
2410 471 2753 527 ἐπιστολῶν
2794 472 3047 536 τούτους
3079 468 3294 541 πέμψω
3317 469 3708 539 ἀπενεγκεῖν

2087 556 2204 625 τὴν
2235 559 2412 628 χάριν
2447 562 2617 631 ὑμῶν
2662 565 2752 630 εἰς
2787 560 3210 631 Ἰερουσαλήμ.
3243 561 3358 614 Οὐκ
3389 556 3587 625 εἶπεν,
3642 561 3705 617 Ὀ

2084 645 2232 699 δεῖ-ια
2263 649 2356 702 καὶ
2379 651 2409 704 ό
2428 649 2599 718 δεῖνα,
2626 651 2913 718 ἀλλ’,Οὓς
2942 650 3052 705 ἐὰν
3079 650 3253 721 ὑμεῖς
3278 650 3703 721 δοκιμάσητε.

2084 732 2180 798 οὓς
2223 736 2319 790 ἐὰν
2349 737 2568 809 ἕλησθε,
2613 738 2757 792 ὥστε
2806 737 3385 808 ἀνύποπτονιποιῆσαι
3421 736 3535 806 τὴν
3583 735 3701 789 λει-

2084 826 2370 895 τουργίαν.
2426 828 2517 882 Διὸ
2563 827 2763 891 αὐτῶν¹
2793 829 3030 882 ποιεῖται
3082 827 3180 898 τὴν
3208 825 3391 896 ψῆφον
3431 827 3544 895 τῆς
3584 823 3705 875 τῶν

2083 915 2533 988 ἀποκομιζόντων
2579 921 2868 992 αἱρέσεως.
2912 920 2989 974 υύ
3021 919 3133 991 γὰρ
3175 919 3349 989 δήπου
3380 917 3589 985 φησίνσ
3634 916 3699 970 Ἦ

2086 1004 2189 1075 μὲν
2231 1008 2461 1079 εἰσφορὰ
2505 1010 2680 1083 ὐμῶν,
2740 1011 2774 1082 ή
2819 1011 2877 1063 δέ
2902 1009 3124 1075 ἐξουσία
3164 1008 3265 1079 τῆς
3298 1006 3555 1076 ἐκλογῆς
3583 1006 3699 1060 τῶν

2083 1096 2552 1167 ἀποκομιζόντων,
2579 1101 2680 1171 οὐχ
2719 1101 2894 1172 ὑμῶν.
2930 1096 3067 1154 Εἶτα
3092 1099 3184 1153 ἵνα
3214 1098 3289 1170 μὴ
3320 1098 3522 1160 αὐτοῖς
3556 1097 3700 1150 ἀπο-

2082 1188 2452 1260 λιμπάνεσθαι
2482 1192 2631 1264 δόξῃ.
2657 1193 2728 1247 τά
2755 1195 3067 1267 γράμματα
3095 1189 3455 1263 προστίθησι,
3487 1188 3693 1257 λέγων’

2087 1279 2205 1346 οὓς
2233 1281 2343 1335 ἐὰν
2373 1283 2771 1354 δοκιμάσητε,
2806 1284 2882 1338 δι’
2920 1281 3262 1338 ἐπιστολῶν
3292 1281 3548 1349 πέμψω.
3604 1280 3695 1342 Ὠς

2082 1370 2150 1425 ἂν
2169 1373 2217 1425 εἰ
2261 1371 2470 1443 ἔλεγεν,
2521 1375 2603 1428 ὅτι
2642 1375 2815 1445 Κάγὼ
2843 1377 3139 1445 συνέσομαι
3179 1374 3391 1435 αὐτοῖς,
3427 1370 3532 1424 καί
3573 1387 3693 1424 κοι-

2082 1463 2308 1533 νωνήσω
2341 1462 2442 1534 τῆς
2487 1463 2832 1536 λειτουργίας
2874 1464 2963 1518 διὰ
2990 1464 3099 1518 τῶν
3152 1462 3539 1534 γραμμάτων.
3582 1460 3696 1515 Καὶ

2081 1555 2184 1608 οὐκ
2221 1551 2365 1620 εἰπε,
2399 1556 2637 1621 Τούτους
2680 1559 2884 1629 πέμψω
2917 1560 3242 1626 ἀπενεγκεῖν
3284 1558 3385 1625 τὴν
3450 1555 3693 1624 ἐλεημο-

2085 1643 2250 1715 σύνην
2272 1644 2446 1717 ὐμῶν,
2469 1646 2625 1711 ἀλλὰ,
2645 1648 2763 1716 Τὴν
2781 1646 2959 1716 χάριν
2976 1646 3164 1718 ὑμῶν,
3184 1648 3269 1700 ἵνα
3288 1645 3449 1718 δείξῃ
3475 1643 3694 1716 μεγάλα

2084 1740 2508 1812 ἐργαζομένους,
2539 1745 2628 1800 ἴνα
2674 1746 2824 1819 δείξῃ
2862 1747 3060 1809 αὐτοὺς
3103 1743 3523 1815 κερδαίνοντας,
3566 1740 3686 1794 Ἀλ-

2083 1833 2248 1905 λαχοῦ
2278 1835 2336 1889 δέ
2375 1838 2471 1891 καὶ
2513 1836 2767 1907 εὐλογίαν
2813 1839 2908 1892 καὶ
2937 1837 3222 1891 κοινωνίαν
3250 1835 3437 1889 καλεῖ’
3462 1833 3528 1886 τὸ
3564 1832 3688 1903 μὲν,

2086 1924 2175 1979 ἵνα
2208 1925 2283 1997 μὴ
2314 1927 2722 2001 ῥᾳθυμοτέρους
2760 1932 2983 2003 ποιήσῃ,
3012 1928 3075 1982 τὸ
3119 1928 3197 1993 δὲ,
3232 1927 3321 1980 ἵνα
3355 1924 3441 1996 μὴ
3465 1923 3684 1994 ὲπάΡῖΓ

2082 2018 2322 2089 οὐδαμοῦ
2355 2019 2537 2090 μέντοι
2577 2037 2643 2087 γε
2680 2020 3053 2093 ἐλεημοσύνην
3095 2018 3411 2088 ὠνόμασεν.
3446 2013 3599 2069 Ἐὰν
3619 2012 3705 2066 δὲ

2084 2104 2135 2182 ᾖ
2161 2109 2335 2175 ἄξιον
2362 2112 2469 2167 τοῦ
2507 2112 2659 2183 κάμὲ
2696 2114 3081 2181 πορεύεσθαι,
3115 2110 3240 2164 σὺν
3280 2107 3423 2179 ἐμοὶ
3469 2106 3685 2173 πορεύ-

2086 2218 2321 2257 σονται.
2380 2204 2649 2258 Ἐνταῦθα
2677 2205 2842 2260 πάλιν
2868 2204 2948 2268 εἰς
2977 2203 3259 2274 δαψίλειαν
3303 2201 3518 2262 αὐτοὺς
3547 2213 3687 2269 προ-

2084 2294 2296 2365 τρέπει.
2336 2295 2464 2350 Ἐὰν
2483 2295 2593 2367 γὰρ
2617 2294 2872 2349 τοσοῦτον
2891 2290 2949 2366 ᾖ,
2974 2292 3161 2367 φησίιγ,
3181 2291 3258 2356 ὡς
3279 2291 3385 2344 καὶ
3411 2289 3518 2360 τῆς
3545 2289 3701 2359 ἒμῆςο

2086 2385 2649 2458 δεῖσθαιπαρουσίας,
2679 2386 2811 2441 οὐδὲ
2843 2385 3007 2439 τοῦτο
3044 2384 3497 2456 παραιτήσομαι.
3544 2378 3684 2433 Ἀλλῖ

2087 2477 2290 2542 εὐθέως
2351 2479 2450 2548 μὲν
2490 2478 2649 2532 τοῦτο
2709 2479 2812 2532 οὐκ
2861 2476 3258 2550 ἐπηγγείλατο,
3316 2474 3451 2529 οὐδὲ
3505 2470 3682 2535 εἶπεν,

2100 2567 2350 2622 Ἐπειδὰν
2388 2568 2819 2640 παραγένωμαι,
2848 2568 2960 2637 ἐγὼ
2995 2565 3356 2637 ἀποκομίζω’
3412 2563 3539 2618 οὐδὲ
3576 2562 3685 2633 γὰρ

2086 2657 2154 2712 ἂν
2190 2658 2362 2723 οὕτως
2390 2659 2523 2713 αὐτὸ
2551 2659 2892 2731 ηὐξησεννεί
2930 2658 2992 2724 ἐξ
3011 2657 3191 2729 ἀρχῆς
3222 2655 3364 2710 αὐτὸ
3400 2654 3679 2709 τέθεικεν

2088 2748 2313 2821 ὕστερον
2339 2751 2525 2821 μέντοι
2545 2751 2726 2816 καλῶς
2747 2751 2846 2805 καί
2865 2749 3138 2822 εὐκαίρως
3164 2748 3296 2803 αὐτὸ
3327 2745 3681 2821 προστίθησι.

2087 2843 2186 2895 Διά
2214 2842 2280 2912 δὴ
2306 2842 2464 2896 τοῦτο
2490 2843 2591 2897 οὐκ
2624 2842 2829 2906 εὐθέως
2870 2840 3021 2914 [405]
3042 2840 3360 2911 ὑπέσχετο,
3394 2838 3523 2892 οὔτε
3555 2835 3684 2890 καθρ

2087 2933 2236 2999 άπαξ
2278 2933 2414 2987 αὐτὸ
2461 2933 2874 3006 ἀπεσιώπησεν,
2923 2933 3040 2988 ἀλλ’
3090 2931 3284 2996 εἰπὼν,
3316 2933 3407 2986 ὅτι
3437 2929 3681 2999 Πέμψτοι,

2087 3027 2211 3078 τότε
2260 3027 2359 3081 καὶ
2400 3026 2596 3080 ἐαυτὸν
2622 3026 2969 3098 προστίθησι.
3001 3025 3116 3080 Καὶ
3156 3023 3405 3078 ἐνταῦθα
3437 3023 3497 3077 δὲ
3522 3019 3695 3075 πάλιν

2089 3113 2318 3183 κυρίους,
2371 3113 2567 3179 αὐτοῦς
2617 3114 2875 3185 ἐποίησεν
2930 3115 2992 3169 ἐν
3041 3113 3120 3185 τῷ
3187 3113 3393 3168 εἰπεῖν’
3452 3114 3595 3166 Ἐὰν

2088 3203 2263 3268 ἄξιον
2279 3205 2388 3259 τοῦ
2422 3204 2575 3274 κάμὲ
2611 3206 2976 3274 πορεύεσθαι
2996 3220 3010 3237 ⁶
3044 3205 3206 3260 τοῦτο
3241 3205 3303 3259 δέ
3330 3205 3422 3259 ἐπ’
3452 3201 3677 3263 ἐκείνοις

2088 3293 2287 3361 ἔκειτο,
2313 3297 2373 3350 τὸ
2400 3296 2533 3351 πολύ
2562 3297 2788 3368 ποιῆσαι
2816 3298 2877 3352 τὸ
2909 3296 3331 3368 συλλεγόμενον,
3364 3297 3462 3355 καὶ
3493 3290 3675 3348 τοσοῦ-

2088 3406 2200 3454 τον,
2247 3389 2322 3453 ὡς
2374 3389 2697 3460 δυσωπῆσαι
2741 3391 2836 3444 καὶ
2878 3390 3043 3445 αὐτὸν
3101 3389 3429 3461 ἀναστῆναι.
3478 3384 3676 3441 Ἐλεύ-

2088 3497 2269 3551 σομαι
2314 3481 2384 3535 δὲ
2438 3480 2589 3551 πρὸς
2642 3480 2819 3549 ὑμᾶς,
2872 3482 3060 3553 φησὶν,
3105 3481 3252 3535 ὅταν
3299 3478 3673 3557 Μακεδονίαν

2088 3572 2321 3628 διέλθω.
2373 3569 2510 3627 Εἶπε
2563 3574 2658 3628 καὶ
2694 3574 2955 3646 ἀνωτέρω
3008 3573 3190 3638 τοῦτο,
3233 3573 3379 3628 ἀλλά
3410 3574 3535 3647 τότε
3562 3566 3681 3640 ’μὲν

2092 3665 2232 3737 μετὰ
2284 3666 2488 3737 θυμοῦ·
2541 3666 2854 3738 προσέθηκε
2888 3666 3040 3736 γοῦν·
3083 3666 3194 3721 Καὶ
3244 3665 3556 3735 γνώσομαι
3602 3660 3669 3714 οὐ

2089 3758 2196 3812 τὸν
2228 3761 2418 3830 λόγον
2463 3758 2583 3813 τῶν
2613 3759 3109 3829 πεφυσιωμένων,
3137 3758 3323 3813 ἀλλὰ.
3350 3756 3467 3826 τὴν
3496 3754 3670 3809 δύνα-

2084 3867 2224 3921 μιν·
2258 3849 2494 3903 ἐνταῦθα
2528 3849 2586 3904 δὲ
2617 3851 3076 3922 προσηνέστερον,
3108 3849 3199 3907 ἴνα
3228 3849 3330 3902 καὶ
3366 3846 3667 3917 ποθήσωσιν

2083 3942 2255 3998 αὐτοῦ
2289 3943 2388 4015 τὴν
2419 3944 2748 4016 παρουσίαν.
2790 3940 2945 4010 Εἶτα,
2987 3943 3077 3997 ἵνα
3117 3942 3193 4014 μὴ
3214 3940 3457 4011 ,λέγωσισ
3486 3937 3550 3991 Τί
3580 3931 3669 3988 οὖν

2090 4032 2409 4096 Μακεδόνας
2448 4033 2627 4104 ἡμῶν
2673 4032 2984 4102 προτιμᾷς;
3032 4031 3133 4084 οὐκ
3184 4026 3363 4093 εἶπεν,
3426 4019 3665 4079 Ἐπειδὰν

2089 4124 2333 4188 ἀπέλθω,
2365 4123 2504 4190 ἀλλ’,
2548 4123 2827 4179 Ἐπειδὰν
2857 4122 3070 4178 διέλθω
3112 4120 3513 4177 Μακεδονίαν.
3547 4116 3663 4169 Ma-

2089 4214 2370 4270 κεδονίαν
2405 4216 2515 4286 γὰρ
2540 4215 2946 4285 διελεύσομαι.
2974 4215 3133 4284 Πρὸς
3178 4210 3334 4282 ὑμᾶς
3378 4209 3447 4264 δὲ
3486 4202 3669 4274 τυχὸν

2087 4309 2433 4379 Παραμενῶ,
2484 4308 2523 4378 ἢ
2563 4309 2663 4363 καὶ
2713 4307 3162 4378 παραχειμάσω.
3214 4304 3353 4359 Οὐδέ
3403 4300 3512 4371 γὰρ
3546 4289 3661 4350 όδοῦ

2091 4401 2352 4473 βούλομαι
2379 4400 2712 4473 ποιήσασθαι
2743 4399 3021 4471 πάρεργον
3060 4398 3227 4468 ὑμᾶς,
3261 4395 3376 4450 ἀλλ’
3406 4383 3661 4456 ἐνδιατρὶ-

2088 4493 2190 4563 ψαι
2231 4493 2326 4546 καὶ
2353 4494 2715 4565 παραμεῖναι.
2749 4491 2881 4544 Ὅτε
2903 4491 3012 4562 γὰρ
3037 4489 3209 4543 ταῦτα
3239 4482 3577 4545 ἐπέστελλεν,
3605 4478 3675 4529 ἐν

2103 4587 2313 4657 Ἐφέσῳ
2345 4581 2433 4658 ἦν,
2466 4585 2734 4658 χειμῶνος
2766 4584 2938 4648 ὄντος.
2981 4582 3148 4651 Λέγει
3167 4581 3368 4644 τοίνυν,
3400 4578 3481 4630 ὅτι
3515 4573 3667 4632 Ἕως,

2087 4677 2514 4748 Πεντηκοστῆς
2555 4678 2623 4731 ἐν
2660 4675 2893 4746 Ἐφέσῳ
2926 4673 3214 4744 ἐπιμενῶ’
3251 4670 3390 4743 μετά
3412 4668 3468 4721 δὲ
3497 4660 3661 4717 ταῦτα.

2089 4771 2469 4842 ἀπελεύσομαι
2512 4772 2592 4834 εἰς
2631 4768 2996 4831 Μακεδονίαν,
3046 4767 3145 4819 καὶ
3203 4763 3428 4822 διελθὼν
3475 4753 3652 4822 αὐτὴν»

2087 4864 2205 4936 ἥξω
2258 4863 2394 4936 πρὸς
2440 4863 2585 4934 ὑμᾶς
2638 4862 2735 4915 τοῦ
2785 4860 3015 4931 θέρους’
3074 4857 3334 4921 πολλάκις
3365 4855 3421 4908 δὲ
3446 4850 3535 4905 καὶ
3570 4845 3655 4899 τὸν

2088 4956 2333 5028 χειμῶνα
2358 4954 2495 5026 πρὸς
2522 4955 2671 5025 ὑμᾶς
2694 4955 2924 5025 ποιήσω.

2158 5045 2228 5117 γ’.
2262 5047 2420 5110 Τίνος
2451 5046 2509 5100 δὲ
2542 5046 2727 5100 ἕνεκεν
2763 5040 2907 5109 εἰπε,
2962 5044 3176 5116 Τυχόν,
3205 5042 3299 5097 καὶ
3327 5040 3426 5093 οὐκ
3451 5027 3649 5099 ἀπεφήο

2087 5154 2251 5201 νατο;
2282 5137 2406 5191 Ὀτι
2436 5137 2496 5189 οὐ
2533 5135 2713 5190 πάντα
2738 5136 2963 5208 apo-{385:
2985 5135 3220 5199 Παῦλος,
3239 5132 3333 5187 καί
3363 5119 3645 5208 συμφερόνέ¹

2086 5247 2214 5294 τως.
2238 5228 2339 5282 Διὰ
2359 5228 2518 5282 τοῦτο
2537 5229 2658 5282 οὐδὲ
2682 5227 2871 5292 ἁπλῶς
2897 5228 3284 5298 ἀποφαίνεται,
3313 5224 3421 5286 ἴνα,
3448 5216 3547 5271 κᾶν
3577 5207 3647 5279 μὴ

2088 5322 2337 5394 γένηται,
2359 5321 2459 5392 ἔχῃ
2488 5320 2843 5391 καταφυγὴν,
2870 5320 2992 5374 τότε
3019 5319 3334 5391 ἀδιορίστως
3357 5304 3639 5394 προειπεῖν.

2088 5415 2183 5468 καὶ
2237 5413 2336 5485 τὴν
2383 5412 2478 5466 τοῦ
2529 5411 2845 5482 Πνεύματος
2900 5411 3151 5479 ἐξουσίαν
3192 5411 3425 5478 ἄγουσαν
3476 5392 3639 5485 αὐτὸν,

2087 5477 2335 5575 ὅπουπερ
2372 5502 2645 5566 ἐϐούλετο,
2674 5477 2776 5556 οὐκ
2820 5477 2955 5556 ἔνθα
2989 5502 3153 5566 αὐτὸς
3196 5477 3480 5564 ἐπεθύμει⁶
3506 5485 3532 5540 δ

2087 5599 2145 5652 ἐν
2195 5600 2261 5670 τῇ
2311 5596 2544 5667 δευτέρᾳ
2586 5595 2801 5667 τίθησιν
2841 5595 3163 5667 Ἐπιστολῇ,
3195 5594 3292 5663 τῆς
3351 5582 3634 5658 μελλήσεως

2150 5741 2174 5767 δ
2200 5732 2408 5784 Savilius
2428 5731 2696 5796 legendum
2737 5734 3015 5796 suspicatur
3038 5732 3121 5788 τήν
3159 5722 3408 5793 συμῦςλῆν,
3449 5719 3500 5766 εί
3528 5711 3623 5760 haec

2094 5800 2261 5861 ulique
2284 5808 2399 5845 vera
2420 5794 2567 5844 lectio
2594 5801 2683 5843 cst.
