3998 6426
299 505 408 558 550

301 622 486 669 tnauet
507 609 725 681 quidem
751 602 1080 680 symbolum,
1124 614 1209 654 res
1249 607 1426 653 autem
1472 608 1735 665 nusquam
1784 599 1885 645 est.

297 708 368 763 Et
396 705 516 760 seio
537 701 777 773 quidem,
801 695 941 768 quod
965 693 1117 750 multi
1145 708 1211 748 ex
1241 692 1304 745 iis
1325 732 1339 755 ,
1366 689 1458 761 qui
1484 703 1586 741 una
1611 685 1849 741 assident
1872 722 1887 746 ,

301 811 402 851 nos
426 808 616 850 rursus
657 786 1096 860 reprehendent,
1148 797 1271 838 cum
1318 781 1386 835 de
1429 779 1513 834 bis
1565 765 1893 831 disseramus

298 888 550 943 dicentes
580 899 595 936 :
628 882 724 946 Ne,
769 895 921 950 rogo,
950 893 1018 933 ne
1044 877 1118 932 sis
1142 875 1319 945 gravis
1343 881 1397 927 et
1440 869 1698 925 molestus
1743 864 1892 919 audi-

301 977 531 1039 toribus,
564 973 658 1028 sed
690 971 938 1044 permitte
963 968 1133 1024 libero
1164 963 1392 1021 arbitrio
1419 973 1472 1017 et
1493 957 1757 1016 voluntati
1797 972 1894 1010 au-

299 1072 576 1132 ditorum;
623 1080 746 1121 nam
802 1077 943 1118 nunc
986 1059 1204 1130 quidem
1255 1071 1353 1111 nos
1393 1053 1598 1125 pudore
1647 1048 1816 1104 afficis
1840 1055 1894 1101 et

301 1164 623 1220 erubescere
652 1158 801 1228 cogis
830 1175 842 1210 :
877 1154 972 1211 sed
1001 1154 1117 1208 haec
1157 1151 1319 1207 verba
1350 1164 1456 1203 non
1489 1147 1678 1202 feram.
1710 1142 1892 1212 Neque

297 1258 446 1313 enim
464 1254 685 1310 Paulum
703 1251 931 1322 pudebat
951 1246 1140 1319 probis
1155 1243 1370 1300 assidue
1386 1255 1504 1296 esse
1519 1239 1820 1298 molestum,
1841 1242 1895 1288 et

298 1348 720 1406 mendicantium
739 1358 890 1400 more
902 1341 1066 1411 loqui.
1084 1338 1216 1394 Nam
1233 1337 1275 1391 si
1288 1335 1392 1390 hoc
1407 1333 1664 1397 dicerem,
1676 1330 1749 1383 Da
1763 1326 1890 1381 mihi

298 1450 352 1496 et
375 1438 652 1508 deponein
682 1436 817 1489 meis
841 1432 1069 1495 aedibus,
1087 1426 1393 1499 pudendum
1423 1423 1560 1479 forte
1585 1418 1890 1488 essetquod

297 1535 571 1596 dicerem;
602 1529 711 1584 imo
737 1541 866 1581 vero
895 1539 962 1579 ne
993 1532 1118 1577 tunc
1144 1519 1358 1590 quidem
1390 1535 1402 1569 :
1431 1530 1554 1568 nam
1587 1512 1686 1579 Qui
1714 1510 1886 1572 altari,

299 1626 492 1697 inquit,
513 1623 758 1685 assident,
781 1619 960 1673 altaris
981 1625 1094 1670 sunt
1127 1613 1401 1685 participes
1436 1609 1512 1677 (I.
1537 1605 1658 1661 Cor.
1688 1605 1741 1660 9.
1779 1603 1885 1664 l5).

365 1696 422 1775 2.
453 1719 717 1774 Caeterum
759 1713 986 1768 fortasse
1031 1706 1298 1778 quispiam
1329 1717 1414 1757 me
1441 1696 1885 1769 reprehenderet,

293 1827 355 1872 ut
381 1815 475 1885 qui
502 1827 598 1882 pro
634 1823 720 1864 me
745 1806 908 1861 verba
939 1804 1170 1858 facerem
1200 1817 1214 1853 :
1265 1809 1407 1851 nunc
1443 1802 1622 1847 autem
1647 1787 1890 1858 supplico

293 1882 517 1980 quidem
545 1920 644 1976 pro
673 1899 956 1972 egentibus
983 1914 996 1962 ;
1027 1896 1136 1950 imo
1161 1907 1294 1947 vero
1320 1903 1426 1943 non
1459 1901 1558 1956 pro
1584 1882 1886 1954 egentibus,

293 1978 390 2056 sed
429 2014 529 2068 pro
573 1995 724 2050 vobis
770 1993 859 2063 qui
906 1987 1199 2060 prtebetis:
1244 1995 1298 2040 et
1334 1981 1454 2036 ideo
1480 1981 1668 2050 loquor
1695 1978 1885 2032 libere.

291 2092 427 2160 Quis
472 2100 555 2143 est
595 2087 737 2142 enim
776 2082 948 2154 pudor
979 2079 1191 2144 dicere,
1227 2077 1297 2130 Da
1342 2073 1571 2128 Domino
1606 2069 1885 2130 esurienti,

280 2187 460 2240 indue
484 2183 634 2237 illum
660 2177 858 2233 nudum
891 2174 1258 2234 oberrantem,
1292 2167 1486 2236 excipe
1515 2160 1888 2233 peregrinum?

292 2281 411 2335 Non
443 2273 713 2332 erubescit
748 2269 1005 2326 Dominus
1037 2275 1158 2320 tuus
1183 2265 1300 2316 lucc
1330 2261 1510 2316 dicere
1539 2259 1590 2310 in
1615 2256 1745 2310 orbe
1776 2264 1887 2308 ter-

278 2387 501 2433 rarum,
557 2366 778 2429 Esurivi,
829 2372 874 2417 et
900 2347 1002 2416 non
1031 2358 1241 2414 dedistis
1264 2355 1388 2409 mihi
1416 2353 1550 2420 quod
1580 2349 1888 2404 comedet-em

279 2462 511 2535 (Matth.
543 2457 636 2512 ‘25.
673 2455 764 2526 42)
799 2473 814 2521 ;
857 2453 946 2523 qui
989 2467 1094 2506 non
1127 2457 1242 2504 erat
1273 2445 1534 2515 indigens,
1566 2457 1663 2496 nec
1693 2441 1796 2494 tilla
1829 2454 1889 2493 re

289 2534 431 2624 opus
461 2550 695 2606 habebat
720 2567 731 2602 :
762 2558 816 2604 et
841 2561 944 2616 ego
970 2545 1288 2600 erubescam
1312 2549 1366 2595 et
1391 2537 1686 2594 dubitabo?
1711 2534 1884 2589 Absit:

287 2645 683 2701 diabolicarum
725 2639 1042 2696 insidiarum
1084 2644 1167 2692 est
1215 2634 1300 2688 hic
1354 2631 1544 2702 pudor.
1597 2628 1712 2683 Non
1758 2641 1887 2697 ergo

290 2737 638 2800 erubescam,
661 2731 757 2788 sed
790 2731 955 2784 libere
975 2727 1147 2782 dicam
1170 2743 1182 2777 :
1217 2727 1349 2778 Date
1371 2721 1674 2792 egentibus,
1700 2728 1752 2774 ct
1775 2732 1888 2770 ma-

284 2829 397 2899 jori
440 2841 572 2881 voce
610 2838 769 2896 quam
817 2821 907 2892 qui
947 2827 1129 2890 egent.
1175 2816 1308 2871 Nam
1335 2815 1378 2868 si
1410 2814 1671 2883 quispiam
1707 2817 1888 2879 posset

290 2921 583 2978 ostendere
626 2926 681 2972 et
723 2915 990 2986 probare,
1040 2910 1183 2980 quod
1218 2909 1335 2963 haec
1365 2907 1634 2970 dicentes,
1682 2903 1746 2957 ad
1788 2916 1886 2956 nos

281 3017 445 3084 ipsos
474 3011 830 3074 traheremus,
875 3015 928 3060 et
956 3008 1218 3073 prattextu
1253 3012 1546 3068 pauperqu
1580 2996 1680 3064 ipsi
1715 2994 1887 3047 lucra-

291 3120 498 3167 rentur,
518 3116 624 3157 non
655 3099 826 3154 solum
855 3095 1050 3167 probro
1076 3108 1138 3147 ac
1163 3091 1428 3146 dedecore
1452 3087 1596 3156 digni
1621 3098 1883 3146 essenms,

291 3197 388 3252 sed
421 3197 510 3266 qui
541 3193 680 3248 vela
712 3191 858 3246 mille
883 3186 1194 3243 fulminibus
1223 3184 1530 3247 feriremur,
1577 3189 1628 3234 et
1651 3178 1740 3248 qui
1773 3179 1886 3231 haec

292 3297 518 3358 agerent
556 3301 625 3341 ne
651 3293 986 3340 mererentur
1013 3278 1225 3350 quidem
1251 3277 1439 3331 vivere
1471 3294 1484 3329 :
1513 3276 1556 3326 si
1581 3282 1757 3326 autem
1790 3270 1886 3324 Dei

292 3379 467 3448 gratia
512 3393 612 3448 pro
658 3376 816 3431 nobis
865 3372 1087 3427 minime
1130 3368 1341 3423 molesti
1389 3379 1604 3430 sumus,
1643 3362 1738 3418 sed
1769 3363 1886 3416 sine

293 3479 517 3541 sumptu
545 3468 696 3523 vobis
727 3465 1006 3536 posuimus
1032 3461 1364 3531 evangelium
1385 3501 1399 3525 ,
1452 3473 1557 3512 non
1581 3456 1888 3511 laborantes

292 3563 514 3634 quidem
545 3561 682 3614 sicut
708 3559 905 3614 Paulus
929 3597 946 3623 ,
990 3555 1083 3610 sed
1111 3553 1347 3609 contenti
1397 3549 1626 3622 prepriis
1649 3590 1661 3611 ,
1687 3547 1884 3601 dicam

294 3672 418 3709 cum
459 3650 606 3708 outni
644 3651 834 3705 fiducia
863 3666 875 3702 :
909 3649 1040 3702 Date
1067 3646 1368 3716 egentibus,
1402 3657 1500 3695 nec
1527 3639 1751 3695 cessabo
1780 3638 1882 3691 hoc

295 3745 503 3808 dicere,
533 3752 588 3797 et
611 3756 798 3797 eorum
831 3739 919 3809 qui
953 3753 1056 3792 non
1083 3737 1231 3800 dant,
1262 3748 1357 3789 cro
1381 3733 1555 3803 gravis
1584 3739 1884 3784 accusator.

294 3837 352 3889 Si
399 3835 544 3890 enim
595 3847 767 3888 essem
813 3828 1240 3884 duxexercitus
1285 3835 1338 3879 et
1370 3824 1567 3878 milites
1610 3822 1885 3884 haberem,

297 3943 405 3981 non
436 3943 521 3981 me
551 3927 772 3997 puderet
798 3925 1047 3978 alimenta
1081 3931 1262 3990 petere
1291 3935 1387 3988 pro
1415 3917 1691 3970 militibus.
1722 3915 1888 3970 Valde

300 4021 447 4073 enim
479 4033 600 4072 amo
623 4025 852 4073 vestram
881 4015 1128 4069 salutem.
1172 4012 1275 4064 Sed
1323 4019 1378 4062 ut
1422 4008 1582 4062 etiam
1622 4006 1890 4060 efﬁcacior

301 4114 371 4165 sit
413 4111 610 4173 oratio,
660 4122 934 4163 assessore
959 4112 1178 4174 accepto
1209 4103 1394 4162 Paulo,
1438 4115 1556 4154 cmn
1588 4100 1678 4151 illo
1710 4097 1889 4152 vobis.

301 4219 423 4256 cum
453 4216 602 4271 agam
633 4201 819 4254 dicens
846 4215 859 4250 :
897 4195 1252 4265 Unusquisque
1297 4203 1513 4245 vestrum
1559 4189 1699 4258 apud
1724 4205 1778 4242 se
1815 4203 1893 4241 se-

305 4303 480 4362 ponat,
511 4293 786 4346 recondens
812 4289 946 4357 quod
970 4287 1064 4340 sibi
1091 4286 1357 4339 videbitur.
1390 4282 1682 4336 Considera
1712 4291 1889 4334 autem

307 4389 430 4442 hinc
467 4401 678 4456 quoque
723 4398 880 4452 quam
915 4397 1019 4434 non
1049 4381 1115 4433 sit
1145 4380 1243 4430 hoc
1272 4393 1430 4445 grave
1478 4385 1530 4430 et
1561 4376 1842 4428 molestum
1875 4391 1889 4428 :

308 4495 414 4533 non
443 4477 607 4539 dixit,
633 4475 859 4529 Tantum
892 4473 973 4526 vel
995 4480 1222 4535 tantum,
1243 4469 1356 4533 sed,
1382 4468 1530 4534 Quod
1562 4468 1810 4529 videatur,
1840 4475 1895 4518 et

305 4580 450 4624 recte
476 4569 689 4630 haheat,
709 4568 819 4620 sive
836 4566 898 4618 sit
919 4564 1163 4628 multmn,
1180 4565 1292 4614 sive
1307 4561 1572 4613 modicum
1594 4575 1607 4611 :
1627 4574 1721 4611 nec
1737 4557 1890 4619 dixit,

304 4661 457 4728 Quod
508 4661 627 4728 quis
668 4658 906 4711 lucratus
950 4655 1125 4715 fuerit,
1171 4651 1286 4716 sed,
1337 4650 1489 4717 Quod
1542 4649 1786 4702 videatur
1841 4656 1894 4700 et

307 4765 453 4810 recte
483 4753 691 4815 habeat,
725 4749 1014 4804 ostendens
1041 4763 1070 4800 a
1103 4749 1208 4800 fleo
1235 4759 1355 4798 esse
1387 4742 1891 4812 anqieditationem.

309 4846 421 4900 Non
467 4845 565 4897 hac
599 4853 774 4895 autem
807 4839 981 4892 solum
1018 4838 1253 4900 ratione,
1304 4834 1396 4887 sed
1430 4834 1588 4885 etiam
1620 4848 1684 4883 eo
1707 4873 1719 4893 ,
1751 4828 1892 4898 qttod

309 4953 413 4990 non
429 4950 536 4988 uno
554 4945 791 5000 tempore
811 4929 1166 4997 tolttmjubcat
1191 4925 1445 4997 pendere,
1467 4924 1762 4995 symbolam
1779 4921 1896 4974 red-

307 5031 339 5081 d
367 5040 383 5081 t
413 5027 616 5081 facilem
650 5041 662 5076 :
696 5038 760 5078 e0
790 5023 932 5078 enim
958 5019 1098 5090 quod
1123 5019 1369 5088 paulatim
1399 5018 1699 5086 colligatur,
1721 5015 1899 5069 insen-

311 5122 424 5174 silis
449 5128 532 5172 est
562 5131 721 5185 opera
749 5124 803 5169 et
830 5112 1210 5182 suppeditatio.
1268 5110 1557 5178 Pr0pterea
1590 5122 1689 5161 nec
1717 5106 1895 5159 statim

310 5215 456 5284 jubet
483 5213 532 5264 in
563 5208 796 5263 medium
841 5205 1138 5268 adducere,
1189 5202 1282 5257 sed
1322 5202 1413 5255 dat
1444 5201 1658 5270 longum
1689 5209 1899 5266 tempus

313 5305 684 5363 constitutum,
715 5309 768 5353 et
792 5312 1011 5352 causam
1044 5294 1298 5357 afferens,
1324 5293 1453 5346 dicit
1488 5310 1500 5345 :
1538 5290 1606 5346 Ut
1635 5309 1756 5355 non,
1786 5305 1899 5342 cum

314 5411 512 5457 uenero,
548 5404 667 5445 tunc
697 5389 926 5444 collecta:
968 5389 1110 5449 ﬁant.
1147 5386 1258 5440 Iloe
1281 5394 1384 5450 cst,
1438 5384 1514 5438 Ne
1563 5384 1612 5436 in
1659 5392 1901 5450 tempore

315 5486 566 5540 illationis
584 5485 696 5536 sive
717 5490 960 5549 sumptus
974 5493 1192 5533 necesse
1210 5476 1446 5530 habeatis
1469 5475 1738 5544 colligere.
1758 5474 1820 5527 Et
1835 5472 1900 5525 ad

318 5580 415 5645 hoc
442 5590 628 5629 rursus
652 5589 743 5627 eos
772 5588 878 5626 non
901 5572 1089 5625 leviter
1113 5580 1195 5623 est
1221 5569 1565 5622 adhortatus:
1593 5566 1735 5619 Pauli
1757 5565 1900 5619 enim

262 5729 266 5735 ι
315 5668 645 5733 exspectatio
667 5681 758 5717 eos
787 5663 1014 5717 faciebat
1044 5663 1402 5731 promptiores
1429 5669 1481 5713 et
1511 5658 1818 5711 alacriores.
1844 5659 1898 5711 ὖ.

318 5764 444 5814 Cum
473 5771 641 5814 autem
677 5773 898 5826 prwsens
923 5760 1086 5826 fuero,
1117 5771 1242 5824 quos
1285 5753 1631 5818 probaueritis,
1677 5768 1765 5818 ppr
1795 5751 1900 5812 epi-

318 5854 472 5906 stolas
505 5853 596 5903 hos
614 5851 804 5902 mittam
828 5847 1025 5918 deferre
1047 5848 1262 5916 gratiam
1280 5856 1493 5897 vestram
1520 5846 1570 5896 in
1592 5843 1899 5896 Jerusalem.

323 5944 435 6000 Non
465 5943 615 6009 dixit,
644 5942 794 5998 Iquc
820 5949 874 5996 et
900 5941 1068 6006 illutn,
1093 5939 1206 6003 sed,
1239 5940 1377 6002 Quos
1400 5953 1484 5990 vos
1531 5937 1858 6006 μνυὺιιιοίνϊὶίεδ
1884 5978 1897 6001 ,

1335 485 1397 539 IN
1436 481 1646 539 EPIS'I'.
1693 480 1708 534 I
1777 478 1865 533 AD
1903 474 2062 530 COR.
2108 477 2335 534 IIOMIL.
2379 478 2562 534 XLIII.

3483 482 3585 536 370

1997 607 2131 662 quos
2170 593 2460 663 elegeritis,
2506 601 2564 648 ut
2611 591 2969 649 ministerium
3027 601 3208 649 careat
3259 596 3586 664 suSpicione.

1996 686 2356 752 Quamobrem
2388 696 2542 742 curat
2568 697 2623 740 ιιι
2650 687 2749 756 ipsi
2781 685 2954 742 ferant
3007 687 3320 759 suffragium
3362 691 3586 745 electio-

1998 783 2080 831 nis
2120 793 2308 832 eorum
2335 780 2426 849 qui
2454 780 2610 834 laturi
2642 787 2786 834 sunt.
2816 779 2932 850 Non
2962 781 3105 835 enim
3133 781 3301 848 dicit,
3354 783 3591 838 Collatto

1996 868 2212 938 quidem
2238 878 2320 925 est
2352 870 2824 941 vestra,'eligendi
2869 880 3048 926 autem
3083 880 3323 941 potestas
3365 884 3449 927 est
3489 890 3587 929 co-

1995 977 2113 1015 rum
2140 963 2228 1032 qui
2261 971 2496 1031 portant,
2519 977 2623 1017 non
2655 972 2854 1018 vestra.
2905 963 3128 1030 Deinde,
3159 979 3227 1019 ne
3250 965 3380 1034 ipsis
3408 966 3590 1019 vidca-

1996 1061 2084 1106 tur
2111 1052 2321 1114 abesse,
2350 1053 2532 1108 literas
2559 1054 2708 1109 addit
2740 1054 2926 1108 dicens
2971 1073 2985 1108 :
3034 1055 3171 1120 Quos
3215 1055 3546 1126 probaveritis
3569 1097 3586 1124 ,

1996 1162 2086 1214 per
2123 1145 2362 1214 epistolas
2388 1147 2604 1200 mittam.
2640 1146 2799 1213 Quasi
2833 1145 3043 1202 diceret
3072 1165 3084 1199 :
3119 1148 3230 1216 Ego
3258 1164 3470 1218 quoque
3493 1165 3588 1202 cro

1998 1236 2275 1291 vobiscum
2297 1278 2313 1303 ,
2353 1246 2408 1292 et
2437 1239 2677 1293 muneris
2706 1239 2942 1294 obeundi
2974 1255 3071 1294 ero
3102 1242 3371 1310 particeps
3403 1256 3496 1310 per
3521 1243 3583 1297 li-

1997 1339 2158 1384 teras.
2197 1330 2379 1401 Ncquc
2423 1331 2576 1396 dixit,
2618 1331 2724 1387 Eos
2752 1334 2958 1387 mittam
2991 1343 3046 1387 ut
3080 1342 3307 1388 vestram
3339 1334 3586 1389 deferant

1997 1421 2420 1494 cleemosynam,
2448 1423 2812 1485 sed,Vestram
2841 1425 3093 1495 gratiam,
3122 1433 3182 1480 ut
3210 1425 3452 1480 ostendat
3491 1442 3584 1480 eos

1993 1531 2183 1594 magna
2209 1519 2444 1585 operari,
2476 1528 2530 1572 et
2564 1517 2687 1572 inde
2721 1521 2923 1573 lucrum
2961 1519 3238 1588 consequi.
3294 1519 3432 1572 Alibi
3481 1532 3580 1572 au-

1995 1617 2099 1661 tem
2147 1609 2382 1678 appellat
2428 1610 2852 1664 benedictionem
2886 1621 2940 1665 et
2980 1611 3520 1664 communicationem
3566 1629 3580 1664 :

1991 1699 2119 1754 illml
2151 1701 2386 1770 quidem,
2435 1718 2501 1757 ne
2530 1703 2776 1758 redderet
2819 1705 3116 1772 pigriores;
3162 1703 3266 1757 hoc
3315 1720 3463 1767 vero,
3515 1721 3582 1760 ne

1993 1791 2150 1846 nimis
2177 1792 2390 1848 efferret
2417 1813 2428 1847 :
2460 1811 2720 1862 nusquam
2760 1804 2935 1849 autem
2965 1795 3069 1849 hoc
3111 1796 3408 1848 nominavit
3436 1796 3583 1850 elec-

1991 1890 2346 1959 mosynamd.
2381 1891 2530 1956 Quod
2553 1893 2595 1944 si
2621 1893 2828 1961 dignum
2858 1892 3003 1963 fuerit
3028 1901 3083 1945 ut
3106 1908 3198 1962 ego
3228 1909 3358 1957 cam,
3388 1907 3582 1944 mecum

1991 1980 2154 2035 ibunt.
2187 1982 2283 2037 lIic
2304 1998 2489 2037 rursus
2519 1999 2613 2038 eos
2642 1985 2886 2038 hortatur
2929 1985 2995 2039 ad
3044 1985 3343 2054 largitatem
3385 1995 3439 2040 et
3467 2001 3584 2038 mu-

1993 2073 2335 2128 nificcntiam.
2369 2074 2502 2128 Nam
2534 2075 2576 2129 si
2607 2085 2748 2128 tanta
2780 2091 2865 2130 res
2891 2077 2981 2142 sit,
3009 2077 3199 2147 inquit,
3229 2087 3284 2130 ut
3309 2092 3423 2130 mea
3449 2092 3584 2144 opus

1989 2166 2060 2220 sit
2091 2169 2395 2235 praisentia,
2425 2183 2492 2220 ne
2525 2167 2625 2221 hoc
2653 2169 2868 2237 quidem
2903 2169 3186 2224 recusabo.
3245 2169 3349 2223 Sed
3401 2169 3580 2222 statim

1991 2271 2096 2310 non
2145 2267 2226 2310 est
2257 2257 2356 2311 hoc
2395 2259 2682 2326 pollicitus,
2715 2276 2890 2329 neque.
2917 2260 3074 2323 dixit,
3104 2261 3390 2329 Postquam
3423 2261 3582 2313 adve-

1991 2362 2144 2411 nero,
2189 2349 2302 2416 ipse
2354 2348 2522 2402 feram
2554 2369 2566 2403 :
2599 2366 2773 2419 neque
2811 2352 2953 2404 enim
2981 2351 3081 2404 hoc
3101 2351 3235 2404 adeo
3261 2352 3581 2420 amplificas-

1990 2440 2150 2501 set,si
2180 2440 2416 2493 abinitio
2436 2441 2484 2493 id
2516 2443 2783 2510 posuisset
2808 2459 2820 2494 :
2855 2451 3037 2511 postea
3066 2449 3246 2495 autem
3281 2442 3499 2511 pulchre
3529 2451 3584 2495 et

1991 2543 2292 2600 opportune
2322 2532 2372 2585 id
2400 2532 2567 2585 addit.
2603 2533 2887 2602 Propterea
2931 2548 3036 2586 non
3076 2533 3258 2586 statim
3304 2534 3576 2602 promisit,

1995 2639 2174 2692 neque
2204 2625 2424 2677 omnino
2458 2624 2507 2677 id
2533 2623 2712 2686 siluit,
2770 2624 2863 2677 sed
2895 2639 3014 2676 cum
3046 2625 3271 2677 dixisset
3295 2639 3354 2678 se
3388 2624 3582 2677 missu-

1989 2733 2130 2781 rum,
2163 2726 2287 2770 tunc
2315 2732 2525 2786 quoque
2555 2717 2702 2769 addit
2736 2717 2993 2782 seirsum.
3029 2716 3125 2769 llic
3156 2731 3369 2785 quoque
3393 2730 3579 2769 rursus

1990 2811 2041 2864 in
2065 2825 2252 2863 eorum
2286 2810 2427 2877 ponit
2461 2817 2752 2878 potestate,
2794 2808 2923 2861 dum
2953 2806 3086 2861 dixit
3118 2824 3130 2860 :
3159 2808 3220 2860 Si
3257 2823 3424 2876 opera:
3465 2824 3581 2876 pre-

1990 2904 2114 2956 tium
2145 2903 2296 2973 fuerit
2328 2911 2377 2954 ut
2406 2918 2497 2972 ego
2539 2918 2648 2955 eam
2677 2916 2696 2964 ;
2745 2900 2846 2955 hoc
2873 2916 2998 2954 vero
3039 2900 3090 2953 in
3136 2899 3239 2952 illis
3278 2900 3438 2952 situm
3467 2909 3583 2952 erat

1991 2996 2214 3050 multtnn
2243 2995 2422 3049 facere
2463 2995 2602 3064 qttod
2630 2993 3000 3063 colligebatur,
3045 3003 3096 3047 et.
3129 3002 3331 3046 tantum
3363 2999 3418 3045 ut
3489 3003 3585 3042 eos

1987 3087 2233 3144 ﬂecteret
2288 3089 2466 3157 ipsum
2523 3099 2763 3155 surgere.
2832 3086 2885 3140 5.
2919 3084 3127 3137 Veniant
3164 3093 3328 3136 autent
3371 3083 3438 3134 ad
3476 3096 3579 3142 vos,

1990 3198 2104 3234 cum
2133 3181 2488 3235 Macedoniam
2512 3180 2872 3249 perlransiero.
2904 3178 3044 3232 Dixit
3071 3178 3172 3231 hoc
3199 3189 3585 3245 quoqttesttpe-

1992 3275 2102 3329 rius
2123 3316 2137 3339 ,
2170 3273 2264 3329 sed
2295 3282 2420 3327 tunc
2449 3272 2663 3340 quidem
2699 3270 2985 3334 iracunde;
3036 3268 3241 3321 addidit
3285 3266 3459 3330 cnim,
3522 3264 3585 3316 lit

1991 3382 2296 3436 cognoscam
2354 3381 2455 3416 non
2507 3379 2792 3417 sermonem
2842 3361 3160 3430 iit/Iutorum,
3214 3358 3304 3410 sed
3347 3357 3583 3409 uirtutem

1993 3457 2068 3526 (Ι.
2100 3455 2218 3521 Cor.
2247 3456 2300 3510 4.
2329 3455 2417 3523 19)
2446 3473 2458 3508 :
2494 3454 2581 3506 hic
2606 3462 2782 3507 autem
2811 3452 3011 3510 mitius,
3045 3459 3102 3502 ttt
3131 3449 3247 3516 ejus
3276 3447 3584 3501 desiderent

1997 3548 2356 3618 prarsentiam.
2390 3547 2590 3601 Deinde
2621 3561 2687 3600 ne
2719 3546 2897 3598 dicant
2930 3544 3076 3597 :Cur
3101 3556 3230 3610 ergo
3265 3541 3420 3594 nobis
3452 3556 3588 3607 prm-

1994 3641 2101 3695 fcrs
2131 3637 2486 3692 Macedones?
2526 3651 2630 3689 non
2671 3635 2825 3698 dixit,
2857 3634 3143 3701 Postquam
3190 3629 3408 3691 abiero,
3453 3627 3582 3691 sed,

1993 3733 2118 3787 Cum
2152 3731 2503 3784 Macedoniam
2528 3727 2886 3798 pertransicro.
2920 3725 3055 3778 Nam
3088 3721 3438 3776 illaet'doniam
3470 3736 3585 3787 per-

1995 3824 2238 3875 transibo.
2273 3822 2326 3876 6.
2352 3820 2504 3890 Apud
2528 3835 2613 3873 vos
2639 3829 2805 3871 mitem
2832 3817 3044 3888 forsitan
3072 3812 3280 3865 manebo
3297 3851 3310 3874 ,
3340 3811 3416 3862 vel
3438 3811 3588 3862 etiam

2001 3913 2253 3965 ltiemubo.
2283 3910 2466 3980 Neque
2495 3910 2637 3963 cnim
2674 3907 2796 3960 volo
2826 3921 2919 3960 vos
2949 3905 3181 3959 invisere
3213 3913 3482 3971 tamquam
3535 3902 3586 3953 iu

1997 4005 2245 4066 transitu,
2279 4003 2372 4056 sed
2403 4002 2678 4056 vobiscum
2708 3999 2911 4053 versari
2953 4011 3007 4052 et
3042 3996 3179 4065 aptul
3213 4010 3306 4049 vos
3350 4009 3586 4046 manere.

1997 4097 2129 4151 Nam
2157 4095 2372 4164 quando
2403 4094 2538 4148 hanc
2573 4091 2842 4145 scribebat
2868 4090 3173 4160 epistolam,
3222 4097 3335 4140 erat
3382 4086 3582 4153 Ephesi

2001 4191 2193 4243 hiemis
2260 4197 2519 4258 tempore.
2575 4183 2702 4238 Dicit
2747 4197 2876 4251 ergo
2919 4197 2931 4233 :
2973 4182 3026 4235 8.
3062 4180 3374 4232 I’ermanebo
3419 4186 3587 4228 autem

2003 4281 2195 4349 [Cp/tesi
2222 4294 2378 4346 usque
2414 4277 2481 4329 ad
2517 4276 2846 4328 I’entecosten
2878 4289 2897 4326 :
2927 4280 3108 4341 postea
3137 4280 3313 4323 autem
3347 4269 3504 4321 abibo
3537 4269 3587 4318 iu

2002 4371 2386 4431 Macedoniam,
2415 4378 2463 4422 et
2487 4383 2606 4420 cum
2631 4382 2748 4420 eam
2768 4365 3152 4434 pertransiero,
3175 4363 3382 4414 veniam
3410 4359 3472 4412 ad
3497 4372 3590 4412 vos

1999 4473 2187 4518 aestate
2217 4481 2230 4516 :
2279 4462 2415 4515 forte
2444 4470 2622 4513 autem
2652 4467 2704 4511 et
2736 4458 2964 4510 hiemem
2987 4453 3126 4524 apud
3153 4467 3244 4505 vos
3268 4451 3580 4517 transigam.
3611 4502 3616 4507 ,

2071 4560 2126 4610 5.
2169 4555 2278 4608 Cttr
2322 4560 2500 4607 autem
2541 4550 2678 4603 dixit
2725 4548 2999 4608 It'orsitan,
3032 4557 3084 4600 ct
3117 4560 3220 4598 non
3259 4541 3593 4596 affirmavit?

2001 4646 2265 4713 Quoniam
2299 4660 2402 4697 non
2431 4642 2608 4695 omnia
2635 4639 2953 4710 prmsciehat
2984 4637 3180 4692 Paulus
3207 4651 3220 4699 ;
3254 4634 3412 4703 idque
3440 4633 3588 4685 utili-

2004 4749 2101 4793 ter.
2135 4740 2420 4807 Propterea
2450 4749 2622 4803 neque
2654 4733 2896 4786 absolute
2922 4728 3184 4791 affirmat,
3218 4735 3278 4780 ιιι
3305 4727 3348 4780 si
3382 4741 3486 4779 non
3516 4724 3592 4777 fa-

2004 4841 2148 4884 ctum
2179 4830 2336 4882 fuerit
2364 4869 2376 4891 ,
2413 4827 2607 4879 habeat
2635 4824 2917 4891 effugium,
2949 4820 3089 4889 quod
3121 4830 3245 4873 tunc
3267 4819 3463 4870 dixerit
3504 4818 3585 4869 in-

2004 4921 2243 4984 definite,
2273 4929 2326 4972 et
2350 4917 2579 4985 Spiritus
2606 4921 2926 4984 potestatem
2968 4928 3086 4980 qua:
3127 4925 3248 4963 cum
3289 4923 3395 4977 quo
3438 4909 3598 4961 vellet

2005 5013 2245 5072 duceret,
2276 5026 2381 5063 non
2412 5024 2516 5078 quo
2549 5008 2663 5076 ipse
2697 5006 2962 5074 cupiebat.
2987 5003 3138 5071 Quod
3171 5004 3329 5055 etiam
3361 5001 3507 5069 ponit
3541 5000 3590 5051 in

2005 5105 2238 5160 secunda
2287 5103 2526 5170 Epistula
2574 5101 2642 5153 de
2688 5113 2837 5151 mora
2884 5113 2942 5150 se
2976 5111 3236 5150 excusans
3267 5109 3321 5148 et
3359 5094 3545 5147 dicens
3583 5109 3594 5144 :

2011 5197 2107 5248 Aut
2138 5211 2249 5263 qua:
2275 5193 2469 5262 cogito,
2499 5190 2774 5244 secundum
2800 5204 3004 5239 carnem
3045 5185 3235 5254 rogito,
3284 5195 3338 5238 ιιι
3365 5185 3428 5236 sit
3460 5184 3599 5255 apud

2013 5305 2090 5340 me
2113 5298 2186 5340 est
2211 5295 2303 5349 est,
2328 5293 2491 5336 etnon
2514 5299 2612 5334 non
2643 5281 2722 5347 (2.
2757 5279 2875 5332 Cor.
2911 5279 2995 5331 II.
3033 5276 3140 5344 l7).
3194 5276 3260 5330 Ut
3299 5291 3383 5328 vos
3407 5293 3482 5327 me
3507 5274 3597 5326 de-

2011 5379 2209 5432 ducatis
2239 5391 2552 5447 quocumque
2578 5375 2700 5426 iero.
2753 5371 2864 5424 Iloc
2909 5385 3122 5438 quoque
3158 5381 3240 5424 est
3280 5369 3516 5421 caritatis
3548 5375 3594 5418 et

2013 5474 2196 5527 multa:
2226 5468 2548 5523 dilectionis.
2591 5467 2644 5520 '7.
2683 5465 2819 5518 Nolo
2851 5464 2982 5517 enim
3016 5480 3100 5515 ros
3135 5463 3283 5514 modo
3309 5464 3358 5514 in
3385 5461 3599 5513 transitu

2009 5563 2179 5617 videre
2221 5577 2237 5613 :
2265 5575 2412 5630 spero
2437 5558 2568 5610 enim
2598 5573 2677 5609 me
2711 5555 3085 5623 alit/tumtuium
3117 5552 3355 5619 temporis
3400 5565 3602 5600 manere

2013 5658 2151 5724 apud
2182 5670 2286 5714 vos,
2323 5653 2364 5704 si
2396 5652 2640 5704 Dominus
2665 5649 2969 5717 permiserit.
3001 5647 3124 5700 lIa-c
3151 5657 3333 5714 autent
3351 5643 3556 5695 dicebat
3585 5683 3598 5703 ,

2013 5748 2171 5804 simul
2221 5757 2274 5800 et
2318 5746 2590 5798 caritatem
2639 5742 2956 5804 ostendens,
2991 5751 3045 5794 ct
3083 5755 3173 5794 eos
3202 5738 3289 5807 qui
3321 5747 3600 5805 peccarent

2015 5851 2242 5901 terrens,
2293 5853 2398 5889 non
2446 5847 2621 5887 tamen
2669 5843 2873 5901 aperte,
2925 5831 3018 5884 sed
3050 5829 3299 5884 amicitia:
3339 5827 3598 5880 nomine:

2021 5929 2334 5986 Permane-bo
2369 5939 2533 5982 autem
2569 5925 2755 5995 Ephesi
2789 5939 2945 5993 usque
2988 5924 3057 5975 ad
3084 5921 3433 5977 Pentecoste".
3490 5922 3593 5974 Me-
