3998 6432
432 457 526 514 δτι

436 569 543 622 ιίιο
573 568 655 624 eis
681 570 864 625 omnia
892 565 1021 619 dicit
1049 572 1254 625 exacte,
1284 560 1566 616 declarans
1588 569 1858 629 tamenin
1888 560 2026 614 alni-

437 662 539 716 cis.
561 660 695 715 Nam
724 668 778 715 et
804 658 910 712 hoc
935 664 1019 711 est
1043 653 1313 718 amicitim,
1342 652 1527 707 dicere
1556 666 1772 707 causam
1792 667 1896 706 cur
1917 667 2024 706 non

441 755 741 821 advenerit,
769 761 995 822 propter
1018 763 1179 819 quam
1210 746 1443 812 ditl‘erst,
1472 756 1532 802 et
1557 746 1646 803 ubi
1674 753 1941 811 versetur.
1965 744 2023 800 9.

442 850 643 903 Ostium
670 846 803 900 enim
846 844 973 897 mihi
1002 852 1241 912 apertam:
1277 849 1351 895 est
1384 855 1625 911 anagnia:
1652 847 1699 894 et
1726 838 1947 902 evidens,
1979 845 2030 891 et

439 937 716 993 adversarii
763 936 934 989 unum.
976 933 1068 999 Et,
1100 934 1147 989 si
1178 949 1450 1003 tmgnum.
1481 931 1753 1002 quomodo
1778 930 2031 988 adversm

441 1029 543 1084 rii?
571 1029 798 1096 Promer
838 1024 941 1080 hoc
976 1025 1155 1094 ipsum
1188 1024 1339 1080 multi
1371 1031 1501 1079 sunt
1530 1022 1850 1086 adversarii,
1893 1034 2031 1091 ctuo-

442 1124 584 1177 niam
611 1135 801 1190 magna
830 1129 912 1174 est
939 1117 1090 1184 fides,
1143 1127 1198 1172 et
1234 1118 1378 1173 latus
1419 1116 1715 1186 ingressus.
1761 1113 1904 1181 Quid
1947 1120 2035 1168 est

441 1227 644 1278 autem,
688 1214 889 1269 Ostiam
916 1230 1155 1285 mgnum
1173 1213 1200 1266 .9
1246 1212 1394 1267 Militi
1420 1220 1551 1267 sunt
1577 1211 1747 1281 parati
1774 1210 1841 1267 ad
1872 1209 2032 1265 ﬁdem

443 1306 867 1376 suscipiendam,
898 1305 1054 1360 multi
1095 1304 1296 1360 debent
1320 1303 1586 1360 accedere
1626 1312 1682 1359 et
1722 1302 1965 1358 converti
2013 1317 2031 1356 :

445 1399 586 1458 latus
608 1398 738 1453 mihi
781 1407 930 1468 iuuet
969 1398 1187 1464 aditus,
1228 1404 1517 1452 crescente
1541 1404 1598 1451 et
1622 1395 1836 1466 vigente
1873 1408 2033 1449 acce-

443 1489 683 1546 dentium
708 1498 892 1545 mente
920 1489 986 1544 ad
1014 1489 1371 1545 obediendum
1401 1488 1542 1544 ﬁdei.
1562 1488 1851 1559 Propterea
1874 1489 2038 1544 velte-

444 1590 654 1638 menter
696 1582 934 1652 spirabat
973 1581 1255 1646 diabolus,
1310 1580 1565 1651 quoniam
1595 1581 1808 1637 videbat
1838 1578 2039 1643 multos

444 1692 472 1730 a
501 1692 561 1732 se
590 1675 911 1731 desciscere.
944 1675 1306 1743 Quamobrem
1337 1682 1559 1745 propter
1602 1686 1891 1744 utrumque
1920 1688 2042 1727 ma-

448 1783 577 1824 nere
604 1768 907 1837 oportebat,
936 1774 992 1822 et
1027 1766 1174 1837 quod
1196 1765 1435 1821 amitam
1462 1775 1610 1822 esset
1639 1766 1796 1831 lucri.
1819 1775 1876 1821 et
1894 1764 2040 1836 quod

446 1875 699 1930 magnum
740 1868 1036 1913 certamen.
1086 1857 1204 1914 Hoc
1245 1867 1425 1914 autem
1452 1872 1670 1928 quoque
1696 1858 1803 1913 illis
1831 1856 2041 1914 animos

447 1953 699 2015 addebat,
722 1951 864 2022 quod
889 1950 1090 2006 dixerit
1109 1950 1333 2006 verbum
1354 1951 1469 2021 jam
1500 1950 1700 2021 ubique
1725 1951 1959 2021 operari,
1982 1957 2044 2005 et

451 2045 607 2101 facile
620 2046 943 2116 germinare.
965 2044 1019 2100 Si
1042 2055 1223 2099 autem
1240 2054 1368 2099 sunt
1394 2043 1548 2099 multi
1575 2045 1666 2114 qui
1698 2043 2042 2111 insidiantur,

451 2136 554 2190 hoc
585 2151 801 2205 quoque
831 2136 1044 2205 signum
1088 2145 1180 2190 est
1224 2134 1496 2204 protectus
1539 2135 1822 2205 evangelii.
1878 2135 2043 2189 Num-

448 2241 608 2296 quam
626 2225 769 2280 enim
795 2224 962 2294 magis
983 2225 1135 2279 saevit
1153 2239 1216 2280 ac
1238 2224 1363 2279 furit
1386 2226 1680 2281 sceleratus
1702 2226 1792 2281 ille
1806 2225 2043 2292 daemon,

454 2334 612 2389 quam
636 2333 756 2371 eum
776 2334 841 2372 ex
868 2318 981 2372 suis
1003 2318 1143 2372 vasis
1163 2327 1217 2372 et
1243 2318 1612 2373 instrumentis
1629 2318 1793 2373 tmtlta
1817 2318 1957 2374 videt
1973 2318 2048 2373 di-

453 2411 575 2482 ripi.
609 2408 676 2464 Et
708 2424 806 2463 nos
832 2423 963 2478 ergo
983 2408 1199 2480 quando
1228 2424 1479 2478 maguum
1508 2409 1720 2479 aliquod
1748 2418 1803 2465 et
1821 2410 2046 2479 pracla-

452 2516 572 2555 rum
625 2515 762 2569 Opus
801 2513 989 2570 gerere
1033 2499 1392 2565 voluerimus,
1422 2514 1490 2555 ne
1516 2499 1617 2555 hoc
1642 2500 2047 2556 consideremus

453 2590 594 2661 quod
617 2591 793 2660 magni
817 2592 889 2646 sit
905 2590 1124 2655 laboris,
1139 2591 1234 2645 sed
1252 2590 1318 2645 ad
1340 2591 1544 2647 lucrum
1562 2592 2049 2661 aspicianmsNide

456 2697 687 2753 namque
705 2682 926 2737 Paulum
947 2698 1051 2735 non
1078 2691 1362 2753 propterea
1387 2684 1556 2738 vereri
1586 2698 1649 2737 ac
1666 2683 2050 2749 dubitare,nee

459 2782 736 2844 propterea
782 2773 1057 2842 refugere,
1087 2773 1340 2841 quoniam
1384 2774 1537 2827 multi
1583 2784 1707 2829 sunt
1733 2774 2047 2843 adversarii,

457 2866 550 2919 sed
582 2865 833 2935 quoniam
863 2879 1113 2931 magnum
1141 2873 1257 2919 erat
1281 2866 1506 2932 ostium,
1528 2866 1731 2922 inatare
1755 2875 1810 2921 et
1840 2882 2052 2934 perma-

459 2973 609 3012 nere.
636 2957 766 3011 Nam
780 2956 921 3010 sicut
939 2956 1069 3012 dixi.
1094 2956 1194 3011 hoc
1218 2956 1558 3026 eratsignum
1589 2958 1731 3028 quod
1758 2959 2052 3017 nudaretur

459 3060 512 3106 ct
537 3049 859 3119 spoliaretur
878 3048 1139 3103 diabolus.
1173 3048 1288 3103 Non
1329 3058 1414 3105 est
1440 3051 1584 3104 enim
1608 3051 1725 3120 ejus
1752 3052 1843 3122 qui
1887 3068 2051 3122 parva

461 3150 615 3212 gerat
643 3150 696 3195 ct
724 3141 863 3195 mala
884 3182 900 3205 ,
933 3141 1129 3195 malam
1160 3141 1302 3196 illam
1330 3140 1556 3196 bestiam
1588 3141 1820 3197 irritare.
1851 3142 2053 3210 Quam-

461 3233 646 3287 obrem
669 3230 883 3302 quando
904 3232 1099 3286 videris
1123 3231 1326 3301 justum
1348 3247 1549 3302 magna
1582 3248 1646 3287 ac
1672 3235 1930 3303 praeclara
1954 3251 2054 3306 .ge-

462 3338 586 3378 rere
629 3330 685 3377 et
727 3321 866 3376 mala
918 3321 1025 3392 pati
1066 3321 1495 3387 innumerabilia,
1528 3340 1596 3377 ne
1642 3325 1876 3380 mireris.
1919 3326 2053 3383 Nam

463 3423 646 3468 contra
678 3412 861 3468 mirari
889 3422 1197 3484 oporteret,
1217 3415 1263 3469 si
1290 3414 1538 3471 diabolus
1565 3418 1761 3473 multas
1785 3420 2056 3491 accipiens

465 3506 646 3576 plagas
687 3505 990 3582 quiesceret
1031 3513 1087 3559 et
1132 3505 1354 3559 vulnera
1388 3506 1593 3575 placide
1636 3507 1822 3563 ferret.
1871 3510 2057 3582 Neque

465 3600 605 3652 enim
627 3637 642 3659 ,
684 3597 729 3652 si
760 3579 985 3669 serpens
1015 3605 1243 3666 ptmctus
1271 3597 1528 3653 continuo
1556 3596 1809 3654 efferatur
1832 3610 1892 3656 et
1920 3579 2059 3671 pun-

466 3690 642 3761 gendo
668 3689 914 3754 insultet,
939 3689 1122 3744 mirari
1152 3699 1383 3759 Oportet.
1408 3689 1610 3756 Quovis
1629 3691 1775 3746 enim
1805 3703 2057 3762 serpente

466 3783 681 3851 gravius
705 3781 876 3851 serpit
899 3780 1166 3846 diabolus,
1198 3781 1449 3836 oumibus
1478 3781 1778 3849 insultans,
1807 3793 1860 3838 et
1886 3788 2059 3856 surgit

469 3876 608 3929 sicut
633 3874 877 3943 scorpius
906 3873 961 3928 in
989 3873 1156 3928 altum
1196 3883 1380 3929 erecto
1421 3874 1664 3932 stimulo.
1717 3875 1795 3931 Ne
1823 3877 1931 3933 hoc
1960 3893 2057 3933 vos

469 3968 754 4022 conturbet
787 3982 801 4018 :
833 3981 956 4020 eum
997 3966 1176 4030 enim,
1203 3953 1313 4035 'qui
1340 3981 1372 4019 a
1413 3965 1559 4022 bello
1596 3976 1655 4023 et
1681 3982 1711 4022 a
1740 3968 1964 4023 victoria
2006 3978 2062 4026 et

470 4060 618 4114 ctede
644 4059 954 4125 revertitur,
985 4072 1207 4114 necesse
1228 4068 1320 4113 est
1349 4056 1515 4114 fuisse
1555 4070 1926 4130 cruentatum,
1959 4079 2063 4118 sae-

472 4166 645 4221 peque
664 4151 824 4205 etiam
854 4151 1077 4205 vulnera
1098 4148 1377 4205 exhibere.
1414 4148 1481 4205 Et
1510 4160 1567 4205 tu
1594 4166 1725 4221 ergo
1752 4168 1875 4207 cum
1906 4154 2063 4210 vidc-

473 4243 549 4297 ris
577 4243 806 4312 aliquem
838 4243 1212 4313 eleemosynas
1237 4244 1542 4310 facientem,
1571 4253 1624 4300 et
1655 4245 2061 4303 innumerabilia

474 4334 575 4387 alia
608 4333 745 4387 bona
776 4342 1091 4402 operantem
1112 4374 1129 4399 ,
1180 4341 1236 4388 et
1274 4333 1354 4389 sic
1383 4333 1523 4388 vires
1566 4333 1763 4390 diaboli
1808 4336 2064 4409 frangeng

476 4435 582 4479 tem
603 4466 621 4493 ,
649 4424 844 4480 deinde
871 4424 1108 4480 incidere
1139 4425 1190 4479 in
1219 4426 1543 4480 tentationes
1574 4434 1628 4479 ct
1667 4428 1903 4494 pericula
1927 4469 1943 4492 ,
1996 4445 2064 4486 ne

476 4526 756 4586 propterea
787 4516 1131 4572 conturberis
1159 4532 1175 4573 :
1206 4516 1328 4570 ideo
1351 4516 1495 4571 enim
1525 4516 1710 4571 incidit
1736 4518 1790 4571 in
1824 4520 2067 4574 teutatio-

477 4622 594 4674 nes,
620 4607 763 4678 quod
793 4606 1064 4662 diabolum
1095 4607 1452 4662 vehementer
1483 4608 1706 4663 ferierit.
1753 4609 1817 4664 Et
1841 4626 2068 4680 quomo-

473 4699 566 4763 do,
594 4698 821 4768 inquies,
848 4697 899 4751 id
920 4698 1165 4767 permisit
1192 4697 1369 4752 Deus?
1394 4695 1465 4753 Ut
1490 4699 1661 4769 magis
1680 4711 1985 4768 coronetur,
2012 4712 2066 4758 et

476 4789 731 4858 majorem
781 4788 1026 4843 diabolus
1072 4787 1280 4858 plagam
1333 4788 1584 4859 accipiat.
1631 4788 1765 4844 Nam
1813 4793 2063 4862 quando.

478 4889 758 4948 postquam
804 4879 942 4933 bona
991 4877 1214 4942 iecerit,
1264 4880 1447 4948 gravia
1496 4888 1549 4934 et
1584 4895 1775 4950 aspera
1825 4884 2063 4952 patiens,

478 4982 739 5040 perpetuo
760 4971 867 5042 agit
893 4971 1113 5041 gratias,
1151 4982 1277 5026 tunc
1305 4971 1493 5028 feritur
1520 4972 1789 5030 diabolus.
1816 4975 2064 5045 Magnum

476 5065 692 5134 quidem
729 5073 812 5119 est
851 5064 1013 5118 etiam
1045 5064 1206 5119 rebus
1234 5065 1486 5119 secundis
1516 5075 1569 5119 et
1598 5080 1854 5135 prospere
1893 5068 2063 5121 ﬂueti-

478 5155 641 5218 tibus,
668 5163 723 5210 et
743 5154 983 5210 misereri
1011 5155 1333 5211 ctvirtutem
1365 5157 1651 5227 amplecti;
1685 5159 1852 5213 multo
1884 5170 2065 5213 autem

478 5257 562 5304 cst
605 5248 777 5319 majus
795 5287 812 5315 ,
839 5248 971 5302 dura
1010 5257 1064 5303 et
1107 5249 1289 5319 gravia
1321 5251 1612 5317 patientem
1633 5290 1648 5315 ,
1673 5266 1778 5306 non
1805 5251 2067 5306 desistere

474 5341 543 5395 ab
592 5342 691 5397 hac
735 5341 870 5395 bona
912 5341 1246 5410 operatione.
1297 5339 1346 5395 is
1380 5341 1525 5396 enim
1568 5349 1683 5404 est,
1727 5342 1819 5412 qui
1852 5353 2067 5411 propter

479 5432 643 5488 Deum
676 5433 791 5487 luec
816 5432 1048 5488 maxime
1073 5430 1218 5487 facit.
1249 5432 1613 5503 Quamobrem
1642 5433 1854 5488 etiamsi
1890 5433 1944 5488 in
1975 5449 2068 5502 pe-

477 5524 704 5579 riculum
737 5525 1035 5587 veniamus,
1079 5523 1281 5587 dilecti,
1311 5531 1367 5579 et
1392 5524 1607 5594 quidvis
1634 5526 1920 5592 patiamur,
1943 5539 2067 5579 eum

476 5616 670 5686 majori
704 5614 869 5670 animi
908 5615 1187 5669 alacritate
1211 5629 1309 5685 pro
1336 5614 1534 5670 virtute
1560 5614 1771 5689 labores
1801 5614 2069 5682 suscipia-

477 5721 619 5763 mus.
647 5705 764 5761 Non
791 5716 876 5761 est
906 5706 1051 5761 enim
1072 5704 1161 5762 hic
1189 5713 1400 5775 tempus
1428 5690 1692 5760 mercedis
1724 5720 1788 5760 ac
1814 5721 2069 5761 remune-

478 5798 721 5853 rationis.
754 5796 835 5851 Ne
867 5797 955 5851 hic
979 5810 1109 5867 ergo
1128 5810 1361 5851 coronas
1388 5796 1666 5865 exigamus
1685 5836 1700 5863 ,
1748 5811 1817 5851 ne
1842 5796 1897 5851 in
1928 5806 2069 5852 tem-

479 5900 612 5955 pore
659 5900 978 5942 coronarum
1021 5886 1199 5943 minor
1244 5889 1315 5943 sit
1358 5900 1567 5943 merces
1592 5901 1656 5944 ac
1682 5889 2066 5945 remuneratio.

1173 452 1229 508 s.
1270 450 1546 507 JOANNIS
1584 447 2052 506 cuuvsosrottt
2091 450 2401 507 ARClIlEP.
2445 451 2974 513 CONSTANTINOP.

3622 459 3730 518 379.

2132 560 2591 627 Quemadmodum
2619 566 2762 621 enim
2793 569 2845 622 in
2878 568 3171 624 artiﬁcibus
3190 612 3206 635 ,
3250 571 3339 641 qui
3367 573 3581 643 seipsos
3608 578 3731 647 qui-

2133 653 2255 709 dem
2281 654 2468 718 aluut,
2498 657 2761 725 majorem
2791 661 3075 732 accipiunt
3098 663 3445 732 mercedem;
3490 669 3594 737 qui
3640 684 3730 723 au-

2134 753 2244 800 tem
2305 748 2524 802 aluntur
2548 749 2616 804 ab
2642 751 2708 805 iis
2749 752 2838 821 qui
2870 752 3296 823 conduxerunt,
3344 774 3454 814 non
3510 776 3736 831 parvam

2135 846 2341 906 partem
2365 838 2435 894 de
2457 841 2710 897 mercede
2730 842 3028 899 detrahunt
3054 862 3072 901 :
3104 845 3177 901 ita
3202 847 3366 902 etiam
3406 849 3463 904 in
3504 854 3735 918 unctis,

2134 931 2224 999 qui
2263 930 2402 985 bona
2429 933 2646 1004 quidem
2674 934 2805 991 facit
2833 936 3246 995 innumerabilia
3273 950 3328 996 et
3355 942 3727 1001 innumerabi-

2136 1024 2204 1078 lia
2236 1026 2433 1093 patitur
2456 1026 2598 1081 mala
2617 1067 2635 1094 ,
2669 1028 2932 1099 integram
2960 1030 3128 1088 habet
3155 1034 3465 1090 mercedem
3492 1045 3552 1093 et
3578 1037 3737 1109 longe

2136 1114 2393 1184 majorem
2432 1119 2940 1189 remmtiooem,
2966 1137 3081 1177 non
3111 1137 3210 1193 pro
3232 1123 3393 1181 bonis
3411 1127 3595 1182 solum
3616 1144 3735 1199 (μω

2136 1206 2283 1275 fecit,
2312 1210 2409 1266 sed
2432 1210 2601 1267 etiam
2630 1226 2728 1281 pro
2752 1213 2912 1269 malis
2947 1230 3072 1286 quae
3108 1231 3303 1287 passus
3349 1227 3438 1275 est
3468 1222 3610 1292 :qni
3634 1239 3732 1277 au-

2139 1309 2246 1356 tem
2279 1301 2366 1359 hic
2393 1303 2585 1359 fruitur
2615 1305 2797 1375 quiete
2820 1313 2877 1361 et
2908 1306 3137 1377 deliciis,
3160 1323 3270 1364 non
3310 1320 3419 1366 tam
3450 1313 3734 1381 praeclaras

2139 1390 2250 1446 illic
2278 1390 2442 1449 habet
2473 1408 2724 1450 coronas.
2766 1394 2845 1451 Ne
2872 1395 2962 1452 hic
2989 1412 3120 1469 ergo
3138 1414 3451 1469 qua-ramus
3478 1418 3735 1460 renume-

2140 1482 2425 1550 ratiencm,
2474 1486 2570 1540 sed
2614 1495 2739 1542 tunc
2768 1490 3006 1543 maxime
3028 1489 3296 1557 lzetemur,
3325 1494 3553 1561 quando
3593 1494 3728 1551 bona

2139 1588 2303 1644 opera
2350 1585 2573 1646 agentes
2621 1579 2761 1633 male
2803 1583 3065 1650 patimur.
3108 1581 3227 1637 Non
3276 1585 3455 1639 solum
3482 1589 3632 1643 enim
3671 1605 3733 1644 cx

2140 1675 2287 1722 recte
2316 1668 2494 1733 factis,
2534 1669 2628 1724 sed
2673 1671 2835 1725 etiam
2872 1687 2941 1728 ex
2993 1674 3379 1731 tentationibus
3410 1677 3555 1734 Deus
3582 1682 3736 1736 nobis

2144 1756 2251 1813 illic
2276 1759 2517 1814 recondit
2544 1761 2867 1817 mercedem.

2214 1849 2269 1903 4.
2312 1848 2381 1904 Ut
2413 1859 2592 1905 alitem
2614 1853 2761 1921 quod
2792 1854 2914 1911 dico
2944 1854 3034 1911 fiat
3071 1857 3413 1913 manifestius
3436 1901 3453 1923 ,
3488 1861 3602 1916 sint
3633 1862 3736 1917 duo

2143 1940 2343 1998 divites
2385 1944 2802 2009 misericordes.
2842 1956 2904 2002 et
2942 1947 3078 2003 dent
3124 1951 3495 2020 pauperibus:
3543 1954 3736 2009 deinde

2144 2047 2332 2090 eorum
2378 2036 2515 2089 alter
2554 2037 2773 2105 quidem
2818 2050 3033 2095 maneat
3078 2042 3130 2099 iu
3182 2041 3424 2108 divitiis,
3483 2055 3538 2100 et
3565 2048 3737 2101 omnia

2146 2138 2403 2194 prospere
2424 2125 2480 2181 ei
2498 2128 2789 2182 stu-cedant
2808 2146 2827 2191 ;
2848 2131 2988 2187 alter
3002 2134 3182 2189 autem
3202 2134 3406 2191 incidat
3438 2136 3492 2189 in
3513 2152 3733 2208 panper-

2147 2225 2310 2272 tatem
2332 2226 2387 2272 ct
2414 2219 2633 2274 morbos
2669 2230 2721 2275 et
2748 2222 3106 2287 calamitates.
3127 2234 3189 2279 et
3218 2225 3332 2281 Deo
3360 2238 3495 2297 .agnt
3518 2234 3732 2300 gratias.

2147 2308 2278 2365 Cum
2308 2325 2440 2379 ergo
2478 2312 2512 2364 ii
2555 2312 2680 2368 hinc
2728 2315 2854 2368 illoc
2895 2318 3269 2382 excessetiut,
3314 2321 3444 2388 quis
3482 2322 3734 2392 majorem

2147 2400 2375 2469 accipiet
2414 2403 2755 2457 mercedem?
2785 2420 2962 2459 annon
2997 2408 3337 2475 perspicuum
3371 2423 3455 2467 est
3484 2413 3625 2483 quod
3652 2416 3736 2483 qui

2148 2500 2376 2560 aegrotat
2417 2500 2474 2547 et
2512 2493 2805 2563 afﬂigiuir,
2851 2497 3106 2564 quomam
3154 2509 3211 2552 et
3252 2499 3396 2556 bene
3438 2500 3644 2559 facieus
3685 2516 3743 2560 et.

2150 2582 2291 2638 male
2319 2583 2530 2652 patieus
2549 2622 2565 2650 ,
2594 2584 2735 2639 nihil
2763 2601 2954 2654 paSs-us
2991 2597 3076 2643 est
3110 2588 3414 2647 humanum
3434 2593 3461 2645 —?
3500 2593 3556 2648 Id
3600 2606 3736 2651 certe

2152 2674 2326 2744 palam
2354 2675 2608 2730 omnibus
2634 2684 2738 2731 est.
2767 2677 2865 2731 Ilio
2886 2679 3033 2732 enim
3062 2690 3148 2733 est
3173 2690 3351 2737 statua
3380 2685 3733 2749 adamaiuina,

2153 2767 2243 2824 hic
2287 2777 2373 2823 est
2415 2783 2606 2824 servus
2649 2779 2832 2839 gratus
2852 2780 2913 2824 ct
2955 2772 3263 2831 benevolus.
3306 2776 3367 2831 Si
3413 2789 3587 2853 autem
3637 2795 3734 2834 non

2151 2869 2373 2930 propter
2404 2874 2552 2926 spem
2587 2862 2734 2929 regni
2761 2864 3201 2933 oportemliquid
3231 2866 3360 2921 boni
3386 2868 3570 2924 facere
3592 2911 3607 2934 ,
3649 2869 3734 2925 sed

2155 2962 2372 3022 propter
2402 2951 2453 3006 id
2481 2953 2623 3022 quod
2656 2953 2765 3007 Deo
2793 2955 3008 3011 videth
3033 2972 3096 3011 ac
3125 2957 3329 3024 placet;
3360 2963 3504 3031 quod
3533 2963 3735 3033 quidem

2154 3053 2236 3098 est
2266 3042 2439 3112 majus
2469 3045 2660 3114 quovis
2691 3060 2899 3114 regno;
2929 3046 3056 3115 quid
3088 3061 3325 3104 meretur
3358 3054 3452 3122 qui
3480 3053 3733 3124 1:0,:qu

2156 3149 2261 3188 non
2296 3134 2383 3189 hic
2412 3135 2639 3204 accipiat
2667 3138 3186 3201 remunerationem.
3216 3140 3273 3193 in
3294 3145 3606 3201 exercenda
3636 3145 3735 3199 viro

2157 3234 2270 3282 tute
2295 3236 2378 3281 est
2408 3227 2644 3297 pigrior?
2688 3227 2765 3281 Nc
2805 3242 2934 3298 ergo
2957 3232 3385 3295 conturbemur,
3430 3236 3639 3306 quando
3664 3237 3735 3290 vi-

2156 3318 2420 3385 derimus,
2450 3318 2591 3386 quod
2625 3319 2711 3373 hic
2737 3329 2832 3374 aut
2858 3321 2951 3377 ille
2972 3322 3249 3379 advocans
3276 3326 3497 3391 viduas,
3522 3340 3578 3383 et
3616 3342 3733 3396 poli-

2157 3425 2316 3481 percs
2378 3410 2755 3480 frequentibus
2808 3411 3082 3483 excipiens
3122 3417 3431 3483 conviciis,
3504 3416 3733 3473 incendio

2158 3510 2403 3556 exustam
2442 3500 2662 3556 domum
2694 3502 2893 3567 amisit,
2932 3513 3026 3559 aut
3056 3505 3292 3576 aliquam
3334 3509 3492 3565 aliam
3523 3509 3732 3563 siautem

2163 3609 2352 3663 passus
2390 3603 2477 3648 est
2514 3594 2878 3649 calamitatem
2923 3612 2936 3649 :
2993 3606 3277 3666 propterea
3331 3602 3477 3656 enim
3529 3598 3735 3668 accipiet

2158 3686 2484 3742 mercedem.
2532 3685 2717 3756 Neque
2760 3692 2903 3742 enim
2949 3687 3055 3743 Job
3102 3689 3155 3743 in
3205 3699 3361 3746 tanta
3401 3692 3734 3749 admiratione

2162 3778 2464 3835 habebatur
2509 3792 2728 3849 propter
2766 3780 3143 3851 eleemosynas
3166 3820 3183 3846 ,
3229 3783 3282 3835 in
3312 3794 3508 3854 quanta
3536 3788 3734 3853 propter

2161 3884 2224 3925 ea
2269 3884 2387 3939 quae
2422 3883 2619 3938 passus
2660 3880 2864 3939 postea.
2913 3871 3201 3940 Propterea
3250 3883 3308 3927 et
3361 3873 3733 3943 vilipcnduntur

2161 3960 2281 4030 ejus
2322 3958 2518 4022 amici,
2553 3969 2609 4014 et
2652 3959 2850 4013 nullius
2878 3970 3180 4015 censentur
3216 3977 3343 4017 esse
3366 3964 3558 4033 pretii,
3607 3960 3730 4029 quod

2164 4064 2458 4123 praesentes
2501 4064 2808 4120 quaererent
2856 4054 3364 4122 remuneratioues,
3415 4065 3469 4109 ct
3518 4054 3632 4109 ideo
3684 4051 3730 4104 in

2161 4150 2365 4220 justum
2394 4148 2630 4218 iniquam
2660 4147 2866 4202 ferrent
2893 4150 3235 4203 sententiam.
3265 4150 3343 4205 Ne
3364 4164 3497 4219 ergo
3516 4148 3598 4202 hic
3612 4159 3732 4214 quze-

2166 4256 2348 4297 ranms
2387 4239 2911 4303 remunerationem,
2943 4239 3038 4294 sed
3070 4238 3373 4294 efﬁciamur
3401 4252 3650 4310 pauperes
3684 4241 3730 4287 ct

2166 4335 2422 4390 mendici.
2464 4331 2579 4387 Hoc
2608 4333 2750 4386 enim
2795 4339 2940 4387 esset
2975 4341 3230 4387 extrema:
3260 4333 3479 4387 vilitatis
3516 4339 3569 4384 ct
3603 4326 3730 4391 abje-

2166 4427 2391 4492 ctiouis,
2433 4440 2558 4481 cum
2596 4425 2785 4479 caelum
2828 4423 2899 4477 sit
2940 4425 3309 4493 propositum,
3346 4433 3405 4481 et
3435 4438 3551 4492 qua:
3589 4429 3728 4487 supra

2167 4520 2377 4583 eaeltun,
2410 4533 2528 4587 qua:
2563 4516 2647 4571 bic
2677 4524 2803 4569 sunt
2829 4524 3095 4582 Spectare.
3120 4512 3199 4568 Nc
3217 4515 3297 4568 sic
3323 4527 3452 4583 ergo
3477 4511 3728 4564 faciamus,

2167 4612 2263 4668 scd
2291 4609 2671 4679 quodcumque
2703 4609 3127 4675 inexspectatum
3171 4607 3327 4661 nobis
3353 4608 3553 4674 iussum
3591 4599 3730 4653 adre.

2170 4706 2349 4766 nerit,
2392 4717 2491 4757 nos
2534 4703 2698 4756 Deum
2736 4700 2953 4755 assidue
2996 4700 3279 4761 colamus,
3323 4708 3377 4754 ct
3405 4698 3557 4752 beato
3584 4687 3730 4746 Paulo

2170 4810 2489 4869 pareamus,
2537 4808 2942 4864 pauperumqne
2981 4792 3218 4847 arculam
3258 4792 3414 4848 domi
3457 4787 3726 4845 faciamus.

2168 4888 2459 4957 qnaajuxta
2491 4887 2666 4940 lucum
2696 4886 2748 4939 iu
2776 4899 2882 4953 quo
2907 4893 3018 4939 stas
3039 4898 3200 4938 orans
3220 4885 3319 4938 sita
3344 4883 3413 4936 sit
3438 4900 3450 4933 :
3473 4889 3527 4935 et
3545 4881 3729 4945 quoties

2168 4982 2232 5036 ad
2261 4980 2524 5037 orandum
2557 4979 2723 5033 fueris
2770 4979 3045 5048 ingressus
3065 5017 3079 5038 ,
3111 4977 3319 5046 depone
3353 4976 3572 5045 primum
3599 4964 3726 5020 elee‘

2168 5089 2449 5145 mosynam
2474 5115 2487 5135 ,
2519 5081 2577 5128 et
2602 5083 2730 5126 tunc
2754 5072 2941 5127 emitte
2968 5072 3327 5140 precationem
3356 5087 3369 5123 :
3398 5074 3456 5120 et
3478 5062 3606 5151 sicut
3641 5068 3726 5151 tut-

2170 5167 2332 5221 lueris
2374 5165 2622 5220 manibus
2659 5164 2823 5218 illotis
2850 5162 2918 5217 ad
2946 5163 3206 5218 orandum
3233 5158 3488 5217 accedere
3526 5148 3630 5220 (α).
3658 5148 3724 5197 δίο

2169 5272 2342 5327 neque
2385 5257 2587 5325 absque
2629 5256 2998 5326 eleemosyna.
3047 5252 3229 5322 Neque
3270 5252 3408 5305 enim
3456 5245 3617 5297 uulnus
3654 5238 3723 5287 eri

2167 5350 2569 5420 clcemosynam
2600 5349 2668 5403 ibi
2698 5347 2998 5417 depositam
3032 5360 3191 5411 esse,
3231 5359 3388 5414 quam
3413 5328 3718 5420 evangelium

2106 5427 2110 5431 i
2163 5443 2314 5512 juxta
2368 5417 2564 5496 lectum
2614 5454 2910 5510 appensum
2954 5452 3094 5493 esse.
3147 5435 3276 5492 Nam
3327 5431 3371 5487 si
3419 5417 3718 5490 evangelium

2169 5536 2387 5607 quidem
2416 5534 2765 5604 suspenderis
2794 5531 2923 5587 nihil
2951 5530 3176 5593 faciens,
3212 5544 3313 5583 non
3343 5524 3475 5578 adeo
3502 5516 3717 5607 inagna!“

2169 5625 2402 5696 accipies
2448 5625 2775 5679 utilitatem:
2830 5622 2968 5677 banc
3010 5630 3189 5675 autem
3238 5616 3433 5673 habens
3473 5600 3715 5696 arculam.

2171 5685 2337 5773 babes
2378 5732 2524 5772 arma
2565 5716 2823 5770 adversus
2849 5714 3141 5776 diabolum,
3175 5705 3520 5782 precationem
3559 5685 3714 5786 redii“

2171 5812 2391 5872 alutam,
2424 5817 2664 5863 sanctam
2695 5806 2914 5861 domum
2946 5804 3253 5868 constituis,
3280 5810 3402 5867 qum
3444 5786 3614 5844 habeat
3644 5790 3711 5828 tu-

2197 5931 2201 5936 ‘
2244 5921 2318 5984 (a)
2347 5923 2469 5969 Ante
2493 5925 2823 5983 precationem
2855 5929 3027 5966 manus
3043 5914 3378 5966 abluebantur.
