3998 6422
265 459 378 513 ’371

277 576 462 630 ἕνεκεν
484 578 753 649 ἀπολογοῦ
762 598 939 652 μενος,
963 583 1054 636 καὶ
1079 581 1250 650 λέγων
1271 599 1283 613 °
1313 585 1385 637 ἺΙ
1401 583 1441 636 ἅ
1463 583 1852 651 βουλεύομαι,

276 672 428 722 κατὰ
478 671 676 738 σάρκα
710 674 1102 744 βουλεύομαι,
1143 677 1246 728 ἵνα
1280 671 1321 746 ᾖ
1347 677 1482 744 παρ’
1508 675 1636 742 ἐμοὶ
1667 676 1731 727 τὸ
1762 675 1861 727 ναί

270 759 396 823 καί,
427 762 527 813 καὶ
558 764 622 814 τὸ
656 763 728 817 οὓ
750 766 839 818 οὔ.
879 766 1008 822 Ἵνα
1036 768 1207 836 ὑμεῖς
1231 787 1308 838 με
1337 768 1746 837 προπέμψητε,
1786 762 1859 823 οὗ

273 852 382 905 ἐὰν
407 853 764 922 πορεύωμαι.
789 857 899 908 Kal
923 857 1082 910 τοῦτο
1106 859 1329 927 ἀγάπης
1355 860 1448 912 καὶ
1482 857 1862 928 φιλοστοργίας

273 943 498 1013 πολλῆς.
532 948 616 999 Οὺ
643 947 793 1002 θέλω
837 951 946 1018 γὰρ
975 949 1105 1018 ἄρτι
1135 951 1294 1019 ὑμᾶς
1320 951 1393 1004 ἐν
1414 950 1654 1019 παρόδῳ
1678 949 1856 1003 ίδεῖνο

270 1035 489 1095 ἐλπίζω
538 1037 652 1106 γάρ
693 1057 825 1093 τινα
873 1042 1097 1109 χρόνον
1133 1043 1436 1111 ἐπιμεῖναι
1475 1041 1633 1110 πρὸς
1676 1040 1857 1110 ὑμᾶς,

267 1127 382 1181 ἐὰν
408 1132 441 1182 ὁ
474 1131 690 1199 Κύριος
715 1133 1027 1202 ἐπιτρέψῃ.
1070 1135 1258 1189 Ταῦτα
1287 1136 1342 1188 δέ
1362 1136 1572 1203 ἔλεγεν,
1596 1133 1733 1205 ὁμοῦ
1761 1134 1854 1203 μὲν

269 1220 370 1290 τὴν
397 1222 619 1291 ἀγάπην
646 1225 1079 1295 ἐνδεικνύμενος,
1105 1227 1240 1297 ὁμοῦ
1269 1227 1326 1280 δὲ
1357 1228 1484 1290 τοὺς
1517 1226 1857 1297 ἁμαρτάνον-

268 1328 370 1377 τας
401 1314 603 1382 φοϐῶν,
647 1317 708 1370 οὐ
744 1317 850 1388 μὴν
885 1319 1410 1390 ἐκκεκαλυμμένως,
1445 1320 1586 1374 ἀλλὰ
1615 1320 1857 1391 προσχή-

263 1415 407 1470 ματι
430 1400 633 1470 φιλίας.
672 1405 964 1475 Ἔπιμενῶ
997 1408 1066 1460 δὲ
1086 1410 1156 1462 ἐν
1193 1410 1426 1478 Ἐφέσῳ
1448 1410 1560 1477 ἕως
1586 1409 1696 1478 τῆς
1715 1413 1856 1464 Πεν-

267 1493 594 1561 τηκοστῆς.
644 1496 886 1560 Εἰκότως
916 1499 1159 1570 ἀκριϐῶς
1203 1501 1388 1563 αὐτοῖς
1422 1502 1638 1556 ἅπαντα
1681 1501 1852 1570 λέγει,

268 1582 523 1657 καθάπερ
551 1587 726 1656 φίλοις
757 1590 953 1661 δηλῶν.
991 1593 1097 1645 Kal
1123 1593 1234 1664 γάρ
1259 1593 1418 1646 τοῦτο
1446 1594 1650 1662 φιλίας,
1674 1595 1736 1647 1'6
1755 1593 1855 1665 τὴν

269 1676 449 1730 αἰτίαν
490 1680 686 1745 εἰπεῖν,
727 1683 796 1735 δι’
832 1686 898 1754 ἢν
938 1686 1000 1738 οὐ
1048 1686 1408 1757 παρεγένετο,
1442 1687 1511 1740 δι’
1549 1687 1618 1758 ἣν
1647 1687 1851 1757 μέλλει,

267 1770 363 1822 καὶ
411 1770 516 1824 ποῦ
555 1772 840 1844 διατρίϐει.
889 1777 1048 1845 Θύριι
1082 1777 1194 1847 γάρ
1225 1796 1326 1847 μοι
1365 1780 1592 1848 ἀνέῳγε
1618 1779 1852 1849 μεγάλη

266 1860 365 1913 καί
401 1860 678 1930 ἐνεργὴς,
718 1866 816 1919 καὶ
847 1866 1244 1935 ἀντικείμενοι
1272 1871 1516 1923 πολλοί.
1549 1871 1658 1924 Καὶ
1679 1873 1728 1924 εί
1754 1890 1852 1943 με·

269 1947 435 2020 γάλη,
474 1949 592 2014 πῶς
630 1954 1030 2025 ἀντικείμενοι;
1059 1957 1136 2009 Δι’
1163 1957 1296 2010 αὐτὸ
1328 1957 1435 2026 ,μὲν
1450 1957 1610 2010 τοῦτο
1633 1961 1681 2012 οἱ
1704 1961 1854 2013 ἀντι-

262 2039 509 2110 κείμενοι
537 2043 741 2108 πολλοὶ,
766 2046 956 2117 ἐπειδὴ
985 2047 1196 2117 μεγάλη
1225 2048 1258 2118 ὴ
1288 2049 1491 2113 πίστις,
1531 2051 1717 2122 ἐπειδὴ
1750 2069 1850 2121 με-

263 2133 408 2203 γάλη
427 2135 521 2186 καὶ
537 2136 724 2205 εὐρεῖα
745 2138 780 2207 ἡ
805 2138 1027 2202 εἴσοδος.
1060 2139 1126 2191 Τί
1150 2140 1208 2192 δέ
1231 2141 1398 2206 ἐστιν,
1432 2140 1584 2211 Θύρα
1607 2143 1847 2214 μεγάλη;

261 2225 461 2278 Πολλοί
483 2227 621 2278 εἰσιν
642 2229 689 2280 οἱ
712 2229 1220 2301 παρεσκευασμένοι
1245 2232 1346 2302 τὴν
1371 2231 1554 2285 πίστιν
1571 2234 1847 2300 δέξασθαι,

260 2314 456 2368 ’πολλοὶ
510 2317 716 2388 ἕτοιμοι
767 2320 1086 2391 προσελθεῖν
1137 2322 1232 2374 καὶ
1283 2324 1646 2394 ἐπιστρέψαι·
1691 2325 1851 2395 εὐρύ-

258 2409 445 2480 χωρός
493 2427 583 2480 μοι
637 2414 670 2481 ἡ
717 2412 940 2476 εἴσοδος,
996 2413 1350 2485 ἀκμαζούσης
1387 2415 1572 2468 λοιπὸν
1614 2417 1713 2486 τῆς
1739 2417 1849 2470 τῶν

261 2503 598 2572 προσιόντων
627 2505 866 2568 διανοίας
896 2506 975 2569 είς
1001 2507 1096 2575 τὴν
1139 2505 1296 2579 [404]
1347 2509 1445 2578 τῆς
1480 2511 1713 2574 πίστεως
1747 2513 1849 2564 ὐπ-

259 2597 455 2664 ακοήν.
497 2595 595 2648 Διά
623 2596 782 2650 τοῦτο
823 2599 1068 2670 σφοδρῶς
1110 2600 1139 2650 6
1181 2599 1426 2664 διάϐολος
1455 2601 1627 2663 ἔπνει,
1662 2605 1847 2674 ἐπειδὴ

260 2687 491 2751 πολλοὺς
523 2690 669 2758 ἐώρα
693 2690 1094 2760 ἀφισταμένους
1123 2693 1314 2747 αὐτοῦ.
1339 2694 1429 2745 Διὸ
1461 2695 1523 2764 δὴ
1547 2696 1638 2747 καὶ
1671 2698 1848 2766 ἀμφο-

257 2779 436 2850 τέρων
473 2780 662 2858 ἕνεκεν
711 2785 890 2852 μεῖναι
914 2783 1103 2854 ἐχρῆν,
1132 2786 1225 2838 καὶ
1257 2785 1443 2856 ἐπειδὴ
1471 2786 1613 2855 μέγα
1637 2787 1695 2839 τὸ
1723 2788 1822 2859 κέρ

253 2872 368 2935 δος,
419 2867 515 2924 καὶ
563 2874 645 2925 61:
693 2874 860 2937 πολὺς
912 2877 939 2927 6
995 2875 1164 2944 ἀγών.
1204 2877 1313 2930 Kal
1339 2879 1513 2949 τούτῳ
1547 2880 1601 2932 δὲ
1649 2879 1846 2944 αὐτοὺς

257 2965 648 3037 παρεθάρρυνε
678 2967 753 3036 τῷ
786 2968 977 3029 εἰπεῖν,
1009 2968 1090 3020 ὅτι
1121 2969 1397 3038 πανταχοῦ
1427 2971 1612 3024 λοιπὸν
1641 2974 1666 3024 ό
1689 2973 1845 3040 λόγος

255 3058 588 3125 ἐνεργεῖται,
637 3059 729 3110 καὶ
779 3059 1066 3128 βλαστάνει
1109 3061 1326 3132 ῥᾳδίως.
1379 3062 1441 3114 Ei
1476 3063 1531 3115 δὲ
1566 3065 1752 3116 πολλοὶ
1795 3068 1843 3118 οἱ

245 3145 724 3212 ἐπιϐουλεύοντες,
781 3151 876 3204 καὶ
917 3153 1076 3205 τοῦτο
1125 3156 1351 3222 σημεῖον
1393 3155 1491 3224 τῆς
1537 3156 1630 3208 τοῦ
1665 3158 1846 3225 Εὐαγ-

254 3239 441 3306 γελίου
487 3242 791 3310 προκοπῆς.
846 3243 1115 3295 Οὐδέποτε
1149 3244 1261 3314 γὰρ
1300 3246 1327 3296 6
1355 3245 1589 3317 πονηρὸς
1637 3247 1845 3317 δαίμων

247 3333 463 3394 ἐκεῖνος
493 3332 789 3402 ἀγριαίνει,
822 3333 934 3386 ἀλλ’
959 3335 992 3405 ἢ
1017 3335 1145 3387 ὅταν
1177 3335 1350 3389 πολλά
1376 3337 1486 3390 τῶν
1516 3340 1724 3391 σκευῶν
1752 3341 1841 3395 a6-

241 3423 350 3478 τοῦ
388 3423 746 3494 ἀρπαζόμενα
770 3425 873 3496 ἴδῃ.
908 3426 1018 3480 Kal
1047 3428 1207 3496 ἡμεῖς
1234 3429 1432 3491 τοίνυν,
1463 3430 1588 3483 ὅταν
1617 3449 1668 3484 τι
1704 3433 1846 3502 μέγα

247 3519 352 3571 καὶ
379 3520 624 3587 γενναῖον
653 3519 992 3588 ἐργάσασθαι
1016 3519 1394 3590 βουληθῶμεν,
1429 3521 1503 3593 μὴ
1533 3524 1691 3577 τοῦτο
1721 3543 1844 3579 σκο-

256 3609 472 3680 πῶμεν,
507 3611 587 3662 ὅτι
621 3609 790 3662 πολὺν
821 3609 935 3679 ἕχει
961 3611 1141 3673 πόνον,
1169 3611 1287 3664 ἀλλ’
1317 3613 1395 3675 εἰς
1426 3614 1487 3665 τὸ
1516 3615 1705 3684 κέρδος
1732 3615 1845 3685 βλέ-

249 3717 472 3769 πωμεν.
501 3701 643 3772 Ὅρα
671 3700 801 3768 γοῦν
829 3702 922 3754 καὶ
950 3701 1159 3754 Παῦλον
1181 3703 1240 3754 οὐ
1264 3703 1351 3755 διὰ
1380 3703 1538 3757 τοῦτο
1559 3705 1841 3773 ὀκνοῦντα,

245 3795 316 3844 οὐ
348 3793 436 3846 διὰ
467 3793 625 3845 τοῦτο
659 3794 1046 3863 ἀναδυόμενον,
1091 3793 1279 3864 ἐπειδὴ
1324 3795 1689 3865 ἀντικείμενοι
1720 3798 1845 3850 πολ-

250 3883 358 3946 λοὶ,
393 3883 533 3946 ἀλλ’,
563 3884 752 3955 ἐπειδὴ
784 3885 994 3955 μεγάλη
1023 3878 1091 3956 ἦν
1119 3887 1151 3956 ἡ
1188 3884 1347 3955 θύρα,
1381 3885 1725 3956 ἐπικείμενον
1749 3888 1844 3939 καὶ

255 3973 672 4044 παραμένοντα.
706 3974 812 4026 Kal
839 3974 970 4045 γάρ,
995 3975 1134 4044 ὅπερ
1165 3973 1322 4043 ἔφην,
1353 3977 1579 4044 σημεῖον
1601 3967 1758 4028 τοῦτο
1777 3973 1842 4047 ἦν

253 4064 350 4118 τοῦ
398 4065 737 4134 γυμνοῦσθαι
772 4065 864 4119 τὸν
901 4066 1174 4119 διάϐολον.
1205 4066 1338 4118 Οὐδέ
1362 4067 1470 4138 γάρ
1503 4066 1638 4131 ἐστι,
1672 4069 1843 4140 μικρά

251 4157 354 4210 καὶ
376 4156 924 4225 φαῦλαμπράξαντας,
961 4157 1260 4227 παροξῦναι
1291 4157 1350 4210 τὸ
1388 4159 1621 4228 πονηρὸν
1657 4159 1842 4231 θηρίον

255 4249 453 4300 ἐκεῖνο.
481 4248 644 4299 ’Ὠστε
669 4249 797 4300 ὅταν
821 4247 938 4318 ἴδῃς
967 4249 1135 4319 ἄνδρα
1163 4249 1372 4302 δίκαιον
1405 4250 1616 4320 μεγάλα
1645 4269 1843 4324 κατορ-

259 4341 477 4401 θοῦντα.
521 4341 614 4394 καὶ
655 4341 823 4412 μυρία
867 4341 1146 4411 πάσχοντα
1196 4341 1364 4407 δεινὰ,
1405 4343 1478 4413 μὴ
1529 4343 1838 4418 θαυμάσῃς.

256 4431 580 4485 Τούναντίον
609 4432 718 4502 γάρ
752 4431 858 4485 ἔδει
883 4430 1204 4502 θαυμάζειν,
1241 4433 1289 4484 εί
1323 4432 1521 4495 πολλάς
1549 4433 1842 4504 λαμϐάνων

253 4529 283 4579 6
327 4525 575 4588 διάϐολος
623 4524 859 4595 πληγάς,
906 4524 1130 4594 ἔμελλεν
1185 4525 1482 4594 ἡσυχάζειν
1522 4528 1616 4579 καὶ
1651 4531 1840 4598 πράως

257 4618 444 4687 φέρειν
477 4619 544 4670 τὰ
571 4617 883 4687 τραύματα.
916 4616 1048 4668 Οὐδὲ
1089 4618 1216 4686 γὰρ,
1250 4618 1295 4668 εί
1332 4617 1454 4682 ὄφις
1482 4619 1842 4688 κεντούμενος

259 4710 500 4778 συνεχῶς
532 4710 804 4778 ἀγριαίνοι
839 4710 932 4762 καὶ
961 4709 1245 4777 ἐφάλλοιτο
1274 4708 1351 4779 τῷ
1385 4711 1680 4777 κεντοῦντι,
1714 4713 1841 4766 θαυο

260 4797 453 4869 μάζειν
498 4802 625 4870 χρή.
673 4803 779 4853 Καὶ
834 4800 942 4870 γάρ
985 4801 1161 4868 δφεως
1213 4801 1412 4864 παντὸς
1463 4802 1840 4875 χαλεπώτερον

257 4891 416 4961 ἕρπει
461 4893 488 4942 ό
527 4891 766 4955 διάϐολος
805 4893 968 4944 πᾶσιν
1001 4890 1304 4961 ἐπιπηδῶν,
1336 4892 1429 4943 καὶ
1459 4891 1648 4963 ὥσπερ
1677 4911 1840 4966 σκορ-

256 4986 381 5047 πίος
409 4984 469 5037 τὸ
493 4984 715 5054 κέντρον
742 4985 899 5054 ἄρας.
927 4984 1278 5037 διανίσταται.
1313 4985 1403 5052 Μὴ
1431 4985 1494 5056 δὴ
1517 4987 1670 5039 τοῦτο
1697 4988 1838 5058 ὑμᾶς

256 5075 591 5147 θορυϐείτω·
631 5077 726 5130 καὶ
778 5079 887 5147 γάρ
915 5077 1004 5129 τὸν
1057 5078 1117 5130 ἐκ
1159 5077 1392 5147 πολέμου
1430 5081 1523 5131 καὶ
1563 5080 1719 5150 νίκης
1749 5084 1841 5134 καὶ

259 5167 475 5236 σφαγῆς
504 5167 792 5219 ἐπανιόντα
819 5167 1036 5235 ἀνάγκη
1067 5168 1160 5219 καὶ
1193 5167 1458 5237 ᾑμάχθαι,
1494 5168 1754 5232 πολλάκις

258 5260 356 5312 καὶ
386 5258 676 5330 τραύματα
719 5259 886 5328 ἔχειν.
935 5261 1044 5314 Kal
1076 5261 1139 5313 σὺ
1185 5259 1367 5313 τοίνυν
1399 5260 1525 5314 ὅταν
1568 5262 1682 5333 ἴδῃς
1721 5263 1842 5315 τινά

262 5351 633 5421 ἐλεημοσύνας
677 5352 952 5413 ποιοῦντα,
985 5353 1079 5404 καὶ
1105 5351 1240 5404 ἄλλα
1275 5351 1444 5420 μυρία
1476 5353 1840 5422 ἐργαζόμενον

257 5442 457 5510 ἀγαθά,
513 5443 607 5494 καὶ
659 5442 827 5511 ταύτῃ
887 5443 1260 5509 συγκόπτοντα
1298 5441 1390 5493 τοῦ
1445 5441 1692 5493 διαϐόλου
1749 5445 1840 5512 τὴν

258 5534 506 5602 δύναμιν,
540 5531 659 5585 εἶτα
683 5537 1007 5602 πειρασμοῖς
1039 5535 1402 5604 περιπεσόντα
1430 5535 1521 5585 καὶ
1552 5534 1838 5601 κινδύνοις,

262 5626 339 5697 μὴ
370 5626 457 5678 διὰ
502 5624 663 5678 τοῦτο
701 5623 1008 5694 θορυϐηθῇς
1032 5641 1045 5654 '
1091 5625 1180 5676 διὰ
1207 5625 1315 5694 γάρ
1345 5623 1502 5676 τοῦτο
1544 5626 1838 5696 περιέπεσε

259 5719 607 5786 πειρασμοῖς,
641 5715 828 5784 ἐπειδὴ
859 5715 1060 5785 σφόδρα
1087 5714 1283 5784 ἔπληξε
1314 5715 1404 5766 τὸν
1432 5714 1698 5770 διάόολον.
1732 5719 1840 5770 Kal

258 5807 376 5870 πῶς
399 5809 427 5858 ὁ
459 5809 591 5870 Θεὸς
626 5807 996 5878 συνεχώρησε,
1037 5807 1234 5877 φησίν;
1268 5807 1382 5860 Ἵνα
1414 5808 1613 5878 μᾶλλον
1641 5826 1840 5876 στεφα-

259 5899 431 5970 νωθῇ.
477 5900 565 5952 ἵνα
593 5900 812 5952 πλείονα
845 5900 1056 5970 πληγὴν
1088 5899 1229 5969 λάϐῃ
1260 5901 1486 5962 ἐκεῖνος.
1525 5902 1694 5954 Ὅταν
1730 5902 1840 5970 γὰρ

334 5990 404 6043 τά
451 5990 511 6043 τδ
541 5990 720 6055 ἀγαθά
750 5994 924 6046 ποιεῖν
969 5995 1062 6047 καὶ
1099 5993 1250 6045 δεινά
1283 5991 1508 6062 πάσχων
1541 5993 1837 6066 εὐχαριστῇ

1290 461 1366 514 “1Ν
1413 460 1633 516 EPiST.
1673 463 1688 516 1
1731 464 1819 517 ΑΙ)
1858 462 2018 519 (ΥΟΕ.
2056 464 2293 524 'HOMIL.
2339 467 2519 522 XLIII.

3452 480 3555 536 372

1969 581 2288 647 διαπαντὸς,
2318 585 2613 656 πλήττεται
2640 585 2669 636 ό
2691 585 2953 651 διάϐολος.
2995 588 3151 658 Μέγα
3179 592 3276 662 μὲν
3304 593 3432 664 γὰρ,
3465 595 3557 648 καὶ

1967 672 2028 738 ἐξ
2059 675 2250 745 οὐρίας
2277 675 2592 745 φερομένων
2620 676 2727 728 τῶν
2759 678 3119 747 πραγμάτων,
3148 681 3241 732 καὶ
3263 682 3431 735 ἐλεεῖν
3466 685 3558 736 καὶ

1967 767 2173 836 ἀρετῆς
2217 768 2571 837 ἀντέχεσθαι*
2620 768 2800 839 πολλῷ
2846 769 2902 822 δὲ
2957 771 3141 840 μεῖζον
3179 774 3240 826 τὸ
3276 775 3423 828 δεινά
3452 777 3557 829 πά-

1972 873 2187 925 σχοντα,
2226 859 2300 928 μὴ
2332 859 2666 926 ἀφίστασθαι
2699 860 2798 930 τῆς
2832 861 3002 930 καλῆς
3031 863 3236 934 ταύτης
3271 867 3553 936 ἐργασίας.

1968 944 2136 1012 Οὗτός
2165 951 2314 1002 ἐστιν
2349 952 2379 1003 ό
2413 952 2501 1004 διὰ
2555 952 2645 1004 τὸν
2677 952 2810 1005 Θεὸν
2859 953 3092 1022 μάλιστα
3139 956 3311 1009 ταῦτα
3362 959 3552 1013 ποιῶν.

1971 1040 2140 1093 ’Ὥστε
2200 1041 2305 1095 κᾶν
2365 1043 2784 1114 κινδυνεύωμεν,
2841 1046 3148 1113 ἀγαπητοὶ,
3209 1049 3311 1101 κάν
3375 1050 3554 1103 ὁτιοῦν

1967 1133 2288 1204 πάσχωμεν,
2343 1135 2481 1201 μετὰ
2517 1135 2760 1198 πλείονος
2808 1136 3062 1207 ἐχώμεθα
3112 1140 3209 1208 τῆς
3249 1140 3554 1211 προθυμίας

1965 1222 2074 1276 τῶν
2105 1225 2246 1295 ὑπὲρ
2280 1227 2480 1298 ἀρετῆς
2510 1227 2708 1281 πόνων.
2729 1228 2876 1280 Ὀὐδὲ
2903 1229 3009 1300 γάρ
3038 1225 3190 1293 οὗτος
3220 1234 3247 1282 6
3276 1233 3377 1302 τῆς
3405 1235 3554 1286 ἀντι-

1965 1314 2167 1380 δόσεως
2215 1318 2425 1389 καιρός,
2477 1319 2568 1388 Μὴ
2599 1319 2779 1372 τοίνυν
2813 1319 3047 1372 ἐνταῦθα
3073 1322 3392 1392 ἀπαιτῶμεν
3425 1326 3552 1388 τοὺς

1967 1410 2286 1478 στεφάνους,
2322 1411 2408 1465 ἵνα
2437 1412 2515 1481 μὴ
2545 1413 2604 1463 ὲν
2633 1411 2712 1482 τῷ
2743 1412 2920 1484 καιρῷ
2949 1413 3058 1464 τῶν
3086 1413 3364 1483 στεφάνων
3394 1417 3551 1469 ἐλατ-

1964 1503 2232 1570 τώσωμεν
2263 1503 2422 1572 ἡμῶν
2451 1504 2550 1572 τὴν
2584 1504 2840 1575 ἀμοιϐήν.
2875 1503 3142 1576 Καθάπερ
3174 1507 3282 1576 γὰρ
3309 1507 3398 1559 ἐπὶ
3441 1508 3549 1560 τῶν

1962 1591 2224 1659 τεχνιτῶν
2256 1593 2306 1643 οἱ
2341 1591 2440 1661 μὲν
2470 1592 2696 1654 ἑαυτοὺς
2720 1593 3010 1664 τρέφοντες
3038 1593 3132 1646 καὶ
3170 1594 3544 1665 ἐργαζόμενοι,

1965 1681 2187 1751 μείζονα
2211 1682 2301 1735 τὸν
2333 1683 2522 1752 μισθὸν
2549 1683 2940 1754 λαμϐάνουσιν,
2972 1687 3019 1738 oi
3043 1685 3097 1736 δὲ
3132 1687 3282 1757 παρὰ
3305 1690 3417 1750 τοῖς
3459 1707 3548 1756 μι-

1965 1772 2340 1842 σθωσαμένοις
2382 1776 2728 1846 τρεφόμενοι,
2773 1776 3166 1845 ὑπστέμνονται
3206 1777 3299 1830 τοῦ
3353 1779 3546 1848 μισθοῦ

1961 1864 2023 1916 οὐ
2064 1866 2262 1936 μικρὸν
2312 1865 2506 1935 μέρος·
2556 1869 2698 1919 οὕτω
2745 1869 2838 1920 καί
2891 1869 2984 1920 ἐπὶ
3015 1869 3119 1920 τῶν
3164 1869 3333 1936 ἁγίων
3391 1873 3418 1923 6
3451 1871 3547 1938 μὲν
3621 1921 3624 1924 ,

1966 1955 2135 2025 μυρία
2176 1955 2349 2007 ποιῶν
2387 1955 2540 2027 [405]
2586 1955 2766 2024 ἀγαθά
2790 1957 2885 2010 καὶ
2920 1959 3089 2028 μυρία
3128 1955 3352 2027 πάσχων
3379 1960 3544 2022 κακά,

1962 2045 2221 2115 ἀκέραιον
2265 2045 2379 2115 ἔχει
2423 2047 2514 2100 τὸν
2568 2048 2780 2117 μισθὸν,
2837 2051 2930 2100 καὶ
2989 2050 3122 2103 πολὺ
3182 2051 3400 2105 πλείονα
3449 2052 3546 2123 τὴν

1961 2138 2217 2210 ἀμοιϐὴν,
2260 2140 2358 2208 οὐχ
2406 2140 2546 2210 ὑπὲρ
2575 2140 2683 2194 τῶν
2730 2142 2952 2210 ἀγαθῶν
2983 2137 3057 2195 ὧν
3103 2144 3325 2213 ἐποίησε
3364 2145 3543 2212 μόνον,

1961 2231 2097 2284 ἀλλά
2129 2233 2222 2284 καὶ
2252 2234 2392 2304 ὑπὲρ
2421 2251 2530 2285 των
2557 2234 2742 2286 κακῶν
2787 2228 2863 2286 ὧν
2893 2235 3123 2288 ἔπαθενο
3156 2239 3183 2287 ὁ
3221 2237 3276 2288 δὲ
3305 2237 3544 2299 ἀνέσεως

1963 2324 2198 2378 ἐνταῦθα
2227 2325 2515 2378 ἀπολαύων
2548 2327 2642 2377 καὶ
2669 2327 2900 2396 τρυφῆς,
2932 2328 3032 2395 ,οὐχ
3061 2326 3232 2388 οὕτως
3262 2327 3372 2396 ἔχει
3408 2327 3546 2397 λαμ-

1961 2417 2132 2486 προὺς
2177 2418 2302 2479 τοὺς
2354 2418 2654 2484 στεφάνους
2685 2419 2822 2469 ἐκεῖ.
2853 2418 2942 2486 Μὴ
2973 2417 3150 2469 τοίνυν
3175 2416 3407 2468 ἐνταῦθα
3448 2414 3544 2485 ζηο

1957 2510 2145 2580 τῶμεν
2185 2509 2282 2579 τὴν
2329 2510 2614 2572 ἀντίδοσιν,
2649 2508 2785 2562 ἀλλά
2810 2509 2932 2560 τότε
2979 2508 3209 2578 μάλιστα
3239 2509 3537 2578 χαίρωμεν,

1960 2605 2091 2657 ὅταν
2139 2601 2530 2677 κατορθοῦντες
2582 2603 2881 2670 πάσχωμεν
2929 2600 3135 2663 κακῶς.
3182 2602 3254 2653 Οὐ
3312 2600 3422 2672 γάρ
3450 2599 3541 2654 τὸν

1961 2697 2024 2747 ἐκ
2047 2693 2153 2746 τῶν
2191 2693 2632 2762 κατορθωμάτων
2661 2695 2844 2763 μόνον,
2876 2693 3012 2745 ἀλλά
3040 2693 3132 2744 καὶ
3157 2692 3248 2744 τὸν
3286 2692 3394 2745 τῶν
3424 2710 3543 2745 πει-

1962 2783 2187 2856 ρασμῶν
2223 2784 2410 2852 μισθθιν
2438 2785 2568 2854 ἡμῖν
2591 2784 2618 2834 6
2643 2783 2775 2845 Θεὸς
2804 2784 2921 2834 ἐκεῖ
2952 2781 3290 2851 ταμιεύεται.

2027 2876 2090 2928 δ’.
2122 2876 2240 2928 Ἵνα
2257 2873 2314 2925 δὲ
2336 2874 2430 2925 καὶ
2461 2873 2795 2943 σαφέστερον
2812 2873 2838 2925 6
2864 2873 3008 2940 λέγω
3031 2871 3275 2940 γένηται,
3298 2873 3544 2926 ἔστωσαν

1956 2966 2048 3020 δύο
2083 2967 2328 3020 πλούσιοι
2357 2967 2667 3035 ἐλεήμονες,
2693 2966 2786 3018 καὶ
2812 2965 3104 3018 διδότωσαν
3135 2965 3382 3036 πένησιν”
3424 2960 3542 3018 εἶτα

1955 3061 1984 3112 ό
2007 3059 2109 3127 μὲν
2138 3057 2232 3110 ἐπὶ
2269 3057 2346 3128 τῷ
2387 3056 2601 3126 πλούτῳ
2634 3055 2864 3126 μενέτω,
2895 3057 2989 3108 καὶ
3032 3056 3212 3128 πάσης
3241 3058 3543 3126 εὐημερίας

1955 3149 2294 3202 ἁπολαυέτω·
2339 3151 2364 3201 6
2399 3147 2454 3200 δὲ
2491 3149 2573 3210 εἰς
2600 3147 2791 3199 πενίαν
2823 3146 3067 3198 πιπτέτω
3095 3148 3189 3200 καὶ
3224 3147 3413 3209 νόσους
3448 3148 3544 3200 καὶ

1958 3238 2266 3309 συμφορὰς,
2297 3239 2390 3292 καὶ
2427 3238 2587 3307 χάριν
2625 3237 2795 3306 ἐχέτω
2824 3237 2901 3307 τῷ
2929 3236 3068 3306 Θεῷ.
3106 3236 3324 3290 Τούτων
3364 3237 3543 3289 τοίνυν

1955 3332 2301 3386 ἀπελθόντων
2357 3331 2493 3391 ἐκεῖ,
2541 3329 2622 3392 τίς
2669 3330 2893 3399 μείζονα
2928 3329 3157 3399 λήψεται
3186 3329 3276 3381 τὸν
3309 3328 3538 3398 μισθόν;

1954 3425 2052 3476 οὐκ
2076 3422 2298 3490 εὔδηλον
2325 3423 2403 3474 61:
2431 3422 2458 3472 6
2481 3420 2652 3474 νοσῶν
2673 3421 2766 3471 καὶ
2788 3419 3320 3489 ταλαιπωρούμενος,
3342 3419 3421 3470 ὅτι
3445 3419 3544 3472 καὶ

1956 3513 2015 3570 εὖ
2051 3514 2218 3568 ποιῶν
2251 3515 2346 3566 καὶ
2369 3515 2595 3582 πάσχων
2631 3510 2817 3573 κακῶς
2845 3511 2996 3562 οὐδὲν
3028 3509 3229 3563 ἔπαθεν
3262 3508 3541 3578 ἀνθρώπι-

1955 3627 2044 3662 νον
2072 3624 2086 3672 ;
2112 3606 2280 3659 Παντί
2309 3622 2411 3658 που
2443 3605 2622 3673 δῆλον.
2651 3604 2760 3655 Kal
2785 3601 2892 3672 γάρ
2923 3595 3076 3664 οῦτός
3103 3603 3247 3653 ἐστιν
3269 3601 3296 3651 6
3319 3601 3541 3671 ἀνδριὰς

1954 3705 1981 3755 ό
2007 3702 2387 3772 ἀδαμάντινος,
2411 3697 2565 3760 οὗτος
2588 3700 2615 3750 ό
2641 3695 2938 3766 εὐγνώμων
2960 3695 3196 3763 οἰκέτης.
3223 3695 3281 3744 EE
3310 3692 3366 3745 δὲ
3387 3692 3447 3744 οὐ
3473 3692 3541 3745 δι’

1955 3795 2145 3848 ἐλπίδα
2174 3792 2452 3863 βασιλείας
2478 3792 2557 3844 δεῖ
2576 3807 2627 3842 τι
2655 3791 2827 3841 ποιεῖν
2851 3786 3074 3854 ἀγαθὸν,
3105 3785 3239 3838 ἀλλὰ
3265 3784 3350 3836 διὰ
3374 3784 3433 3835 τὸ
3460 3781 3541 3853 τῷ

1953 3887 2072 3956 Θεῷ
2125 3883 2338 3946 δοκοῦν,
2395 3882 2423 3934 ὃ
2462 3882 2642 3948 πάσης
2685 3877 2962 3948 βασιλείας
2999 3874 3183 3945 μεῖζόν
3221 3876 3358 3926 ἐστι’
3394 3874 3540 3935 τίνος

1954 3977 2103 4042 ἄξιός
2136 3979 2282 4028 ἐστιν
2315 3976 2343 4025 6
2365 3974 2452 4027 διὰ
2479 3973 2540 4024 τὸ
2572 3971 2645 4042 μὴ
2675 3969 2858 4022 λαϐεῖν
2889 3966 3121 4021 ἐνταῦθα
3147 3965 3242 4036 τὴν
3272 3965 3536 4018 ἀντίδοσιν

1953 4071 2254 4142 ἀργότερος
2307 4067 2434 4136 περὶ
2489 4063 2588 4133 τὴν
2633 4061 2835 4132 ἀρετὴν
2865 4059 3188 4128 γινόμενοςς
3227 4056 3319 4124 Μὴ
3359 4054 3536 4107 τοίνυν

1956 4159 2334 4232 θορυϐώμεθα,
2366 4158 2494 4208 ὅταν
2523 4154 2744 4222 ἴδωμεν,
2784 4151 2866 4206 ὃτι
2898 4153 2925 4204 6
2961 4149 3108 4201 δεῖνα
3134 4149 3309 4217 χήρας
3333 4145 3537 4211 καλῶν,

1954 4255 2047 4309 καὶ
2075 4252 2237 4322 δοχάς
2263 4252 2507 4320 συνεχεῖς
2535 4245 2922 4318 ἐργαζόμενος,
2955 4241 3202 4297 ἀπώλεσε
3236 4241 3334 4310 τὴν
3361 4239 3538 4292 οἰκίαν

1954 4345 2389 4417 ἐμπρησθεῖσαν,
2449 4341 2481 4410 ἢ
2538 4341 2732 4409 ἑτέραν
2789 4337 2911 4391 τινὰ
2965 4334 3220 4404 τοιαύτην
3276 4331 3537 4399 ὑπέμεινε

1954 4438 2257 4508 συμφοράν·
2301 4435 2533 4505 καὶγὰρ
2584 4434 2672 4486 διὰ
2716 4431 2872 4484 τοῦτο
2917 4427 3144 4499 λήψεται
3191 4426 3281 4478 τὸν
3323 4424 3533 4493 μισθόν

1952 4531 2076 4584 ἐπεὶ
2127 4531 2222 4583 καὶ
2254 4531 2282 4583 6
2323 4527 2442 4580 Ἰὼϐ
2483 4529 2580 4597 οὐχ
2621 4525 2792 4586 οὕτως
2843 4521 2936 4575 ἐπὶ
2977 4522 3097 4580 ταῖς
3144 4517 3536 4587 ἐλεημοσύναις

1952 4621 2312 4692 ἐθαυμάζετο,
2345 4619 2419 4682 ὡς
2439 4617 2525 4686 ἐφ’
2551 4611 2632 4680 οἷς
2655 4614 2824 4667 ἔπαθε
2856 4611 2995 4683 μετά
3023 4609 3217 4663 ταῦτα.
3255 4609 3353 4661 Διά
3377 4607 3538 4659 τοῦτο

1951 4715 2046 4768 καὶ
2091 4713 2140 4765 οἱ
2182 4713 2327 4781 φίλοι
2379 4709 2806 4776 ἐξευτελίζονται
2843 4706 2893 4758 οἱ
2934 4702 3150 4766 τούτου,
3193 4700 3287 4754 καὶ
3317 4699 3534 4760 οὐδενὸς

1950 4806 2088 4871 ἄξιοι
2118 4805 2274 4872 λόγου
2315 4801 2628 4873 νομίζονται
2657 4796 2820 4862 εἶναι,
2847 4799 2929 4850 ὃτι
2964 4797 3061 4858 τὰς
3092 4793 3372 4863 παρούσας
3405 4790 3534 4860 ἐζή-

1950 4917 2076 4952 τουν
2104 4896 2424 4959 ἀντιδόσεις,
2456 4893 2549 4945 καὶ
2573 4893 2680 4946 ἀπὸ
2705 4891 2911 4943 τούτων
2935 4887 3028 4940 τοῦ
3049 4885 3260 4940 δικαίου
3294 4883 3534 4950 κατεψη-

1952 4988 2190 5058 φίζοντο.
2223 4987 2314 5056 Μὴ
2343 4985 2522 5038 τοίνυν
2565 4981 2796 5036 ἐνταῦθα
2841 4978 3096 5050 ζητῶμεν
3135 4977 3234 5045 τὴν
3274 4974 3532 5044 ἀμοιϐὴν,

1951 5083 2181 5151 πένητες
2246 5078 2340 5131 καὶ
2395 5076 2602 5146 πτωχοὶ
2657 5074 2960 5144 γενόμενοι.
2995 5069 3114 5123 Kal
3143 5067 3252 5138 γὰρ
3297 5066 3534 5136 ἐσχάτης

1950 5172 2104 5226 τοῦτο
2124 5169 2420 5234 εὐτελείας,
2452 5164 2682 5237 οὐρανοῦ
2709 5162 3092 5236 προκειμένου,
3127 5159 3222 5212 καὶ
3254 5158 3361 5211 τῶν
3392 5156 3532 5228 ὑπὲρ

1948 5265 2038 5316 τὸν
2077 5261 2326 5332 οὐρανὸν,
2367 5261 2436 5314 τὰ
2468 5259 2705 5313 ἐνταῦθα
2755 5257 3130 5326 περισκοπεῖν.
3162 5252 3254 5323 Μὴ
3287 5251 3351 5323 δὴ
3389 5249 3535 5304 οὔτω

1951 5355 2214 5423 ποιῶμεν·
2253 5353 2365 5406 ἀλλ’
2403 5355 2540 5423 ὅπερ
2570 5352 2635 5405 ἂν
2664 5351 2867 5422 ἐπέλθῃ
2891 5349 2999 5402 τῶν
3030 5347 3310 5416 ἀδοκήτων
3344 5346 3534 5396 ἐπιτα-

1953 5452 2196 5519 γμάτων,
2225 5451 2383 5519 ἡμεῖς
2415 5445 2671 5517 ἐχώμεθα
2698 5443 2792 5496 τοῦ
2817 5441 2952 5494 Θεοῦ
2979 5438 3262 5511 διηνεκῶς,
3291 5437 3384 5490 καὶ
3417 5451 3534 5488 πειο

1951 5541 2171 5612 θώμεθα
2207 5539 2284 5610 τῷ
2325 5538 2580 5608 μακαρίῳ
2618 5535 2837 5604 Παύλῳ,
2875 5534 2968 5587 καὶ
3002 5530 3254 5585 κιϐώτιον
3288 5527 3534 5595 πενήτων

1950 5633 2196 5702 ποιῶμεν
2251 5631 2344 5683 ἐπὶ
2392 5629 2493 5698 τῆς
2543 5629 2743 5690 οἰκίας,
2797 5627 2890 5680 καὶ
2929 5623 3080 5696 παρά
3116 5623 3206 5676 τὸν
3247 5620 3432 5680 τόπον,
3475 5616 3533 5666 ὃν

1950 5725 2189 5792 ἕστηκας
2218 5719 2537 5789 εὐχόμενος,
2565 5719 2683 5770 ἐκεῖ
2707 5716 2930 5776 κείσθω,
2966 5714 3060 5767 καὶ
3093 5711 3280 5771 ὁσάκις
3312 5709 3378 5760 ἂν
3419 5707 3534 5759 εἰσ-

1950 5812 2108 5883 έλθης
2153 5807 2433 5872 εὔξασθαι,
2465 5807 2704 5869 κατάθες
2751 5805 2965 5876 πρῶτον
2999 5804 3096 5870 τὴν
3139 5797 3533 5869 ἐλεημοσύνην,

1954 5902 2048 5955 καὶ
2100 5901 2221 5953 τότε
2273 5899 2566 5966 ἀνάπεμπε
2597 5898 2782 5966 εὐχήν·
2815 5897 2907 5948 καὶ
2937 5894 3124 5962 ὥσπερ
3153 5892 3254 5943 οὐκ
3299 5891 3364 5942 ἂν
3391 5889 3535 5940 ’ἐλοιο

1947 6011 2005 6064 χε
2015 5992 2134 6064 ρσὶν
2155 5993 2400 6054 ἀνίπτοις
2422 5988 2683 6052 εὔξασθαι
2707 5988 2848 6041 οὕτω
2879 5986 3009 6057 μηδὲ
3037 5987 3160 6055 ἐλεη
3169 5982 3406 6054 μοσύνης
3427 5995 3532 6050 zu:-
