3998 6418
218 342 329 398 573
1240 328 1306 385 ιλ
1349 325 1558 383 EPIST.
1605 325 1621 378 l

216 487 305 534 tus
367 478 626 533 alimenta
678 473 820 545 regis
872 466 1169 526 recondita.
1232 463 1357 518 Ideo
1411 471 1465 515 et
1519 460 1669 530 juxta
1724 458 1803 512 le-

216 584 366 626 (tum
420 569 521 625 sita
564 568 634 623 sit
683 564 882 629 arcula,
928 574 1140 629 noxque
1194 556 1350 610 nullis
1404 550 1801 625 perturbabitur

217 663 352 719 visis
391 671 447 716 et
488 658 811 715 insomniis:
858 663 1063 709 tantum
1108 648 1239 704 nihil
1284 648 1338 701 in
1379 660 1498 700 eam
1542 643 1807 712 injiciatur

219 770 287 809 ex
320 751 599 821 injustitia.
630 747 985 823 Eleemosyna
1013 741 1155 796 enim
1185 753 1273 793 res
1310 745 1430 791 est:
1472 732 1584 787 fieri
1625 740 1801 784 autem

219 861 328 902 non
363 854 539 915 potest
572 851 631 896 ut
657 841 995 909 elecmosyna
1029 847 1279 903 umquam
1307 829 1568 901 germinet
1589 841 1655 880 ex
1684 839 1808 878 cru-

220 938 466 995 delitate.
493 932 671 990 Vultis
706 939 762 987 et
790 928 943 985 vobis
976 927 1151 982 dicam
1191 921 1461 978 undenam
1503 915 1813 986 impendere

220 1040 275 1087 et
319 1028 501 1097 largiri
534 1032 810 1097 Oporteat,
854 1030 914 1076 ut
954 1019 1055 1074 hac
1097 1029 1311 1087 quoque
1351 1013 1557 1067 ratione
1604 1007 1810 1061 facilem

221 1137 338 1177 eam
373 1117 581 1173 faciatis
628 1109 1016 1170 collationem?
1045 1106 1237 1177 Opifex
1259 1144 1274 1168 ,
1322 1102 1466 1158 velut
1507 1098 1811 1153 calceorum

220 1206 648 1269 consarcinator,
678 1212 772 1259 aut
794 1200 1079 1265 coriarius,
1108 1206 1201 1252 aut
1246 1195 1398 1249 faber
1440 1189 1693 1254 aerarius,
1724 1192 1815 1239 aut

221 1305 397 1375 quivis
426 1303 563 1357 alius
581 1297 797 1362 artifex,
816 1310 936 1350 cum
968 1290 1165 1361 aliquid
1191 1285 1491 1342 vendiderit
1517 1298 1584 1337 ex
1611 1281 1675 1335 iis
1695 1293 1815 1348 quae

223 1413 315 1453 sua
346 1407 465 1450 arte
497 1393 660 1458 fiunt,
693 1390 783 1444 det
810 1390 919 1442 Deo
948 1383 1209 1455 primitias
1237 1378 1433 1450 pretii,
1481 1376 1552 1430 ibi
1595 1386 1811 1444 parvam

225 1498 434 1559 mrtem
464 1484 678 1556 dejiciat
698 1525 714 1549 ,
741 1491 797 1537 et
823 1496 889 1536 ex
919 1476 1113 1534 minori
1141 1482 1293 1546 parte
1318 1486 1439 1527 cum
1473 1470 1583 1524 Deo
1610 1465 1779 1536 parlia
1797 1493 1813 1504 -

226 1594 330 1639 tur.
370 1582 557 1650 Neque
599 1576 740 1632 enim
784 1586 1032 1640 magnum
1074 1567 1200 1639 quid
1248 1574 1411 1636 peto,
1463 1559 1561 1616 sed
1611 1565 1813 1650 tantum

232 1683 483 1745 quantum
521 1668 835 1725 Judrcorum
878 1662 1143 1725 infantes,
1173 1667 1227 1714 et
1254 1656 1402 1712 mille
1446 1652 1603 1709 malis
1628 1649 1770 1745 pleni
1796 1689 1812 1713 ,

231 1741 435 1823 tantum
470 1778 568 1817 nos
597 1761 686 1832 qui
725 1759 912 1814 caelum
939 1765 1338 1824 exspectamus,
1366 1747 1646 1819 jaciamus.
1688 1741 1816 1797 llzec

225 1868 406 1913 autem
440 1855 561 1910 dico
597 1868 703 1907 non
749 1851 921 1920 legem
958 1847 1172 1910 ferens,
1204 1856 1377 1912 neque
1408 1836 1699 1909 prohibens
1747 1848 1816 1888 ne

225 1952 346 2021 plus
373 1943 708 2017 eroges,.sed
734 1956 943 2012 aequum
972 1952 1200 1995 censens
1225 1945 1282 1990 ut
1308 1948 1415 1988 non
1442 1931 1619 1985 minus
1648 1927 1813 1995 depo-

1687 322 1776 378 ΑΙ)
1815 320 1973 378 COR.
2016 319 2248 376 llOMlL.
2288 318 2472 374 XLIV.

3397 320 3500 371 571’.

1910 470 2005 508 nas
2032 468 2190 523 quam
2220 462 2425 524 partem
2441 453 2726 509 decimam.
2752 454 2865 510 Hoc
2889 463 3067 510 autem
3091 455 3172 511 fac
3196 470 3302 510 non
3327 454 3499 509 solum

1908 548 2168 614 vendens,
2188 547 2281 602 sed
2311 549 2471 602 etiam
2498 563 2706 604 emens.
2723 548 2872 604 lianc
2899 550 3070 619 legem
3100 552 3259 604 etiam
3285 557 3503 603 servent

1912 642 2001 710 qui
2033 640 2231 710 prmdia
2264 640 2541 710 possident
2568 641 2621 694 in
2648 641 3033 711 proventibus:
3061 656 3178 696 eam
3206 653 3395 695 omnes
3411 640 3501 709 qui

1911 730 2089 800 justos
2115 731 2376 801 colligunt
2404 741 2715 801 proventus.
2742 732 2824 786 Ad
2848 747 2943 787 eos
2971 732 3136 799 enim,
3168 731 3257 803 qui
3285 746 3501 786 usuram

1916 822 2172 893 exigunt,
2202 837 2231 875 a
2256 838 2341 878 me
2366 824 2530 878 verba
2557 839 2663 878 non
2693 825 2862 890 fiunt;
2894 840 3068 894 neque
3095 824 3161 879 ad
3188 824 3386 878 milites
3410 824 3501 893 qui

1915 914 2050 969 alios
2107 915 2464 979 concutiunt,
2523 924 2577 970 et
2614 917 2734 970 aliis
2786 926 3077 986 procurant
3124 915 3500 970 calamitates:

1919 1004 2061 1059 Deus
2104 1006 2249 1059 enim
2292 1006 2425 1059 nihil
2471 1006 2594 1060 inde
2638 1006 2752 1060 vult
2781 1008 3062 1077 accipere:
3094 1006 3187 1061 sed
3229 1005 3345 1059 hmo
3383 1004 3507 1058 dico

1918 1097 2020 1161 eis,
2049 1096 2141 1167 qui
2170 1112 2235 1152 ex
2261 1096 2421 1167 justis
2449 1098 2721 1154 laboribus
2749 1097 3031 1154 facultates
3056 1098 3334 1167 colligunt.
3372 1095 3505 1151 Nam

1919 1189 1964 1243 si
2010 1204 2108 1244 nos
2157 1190 2303 1259 ipsos
2341 1189 2406 1243 ad
2452 1205 2571 1244 eam
2613 1189 2994 1245 deduxerimus
3024 1187 3465 1244 consuetudinem
3490 1226 3508 1250 ,

1920 1294 2020 1335 nos
2045 1280 2302 1350 deinceps
2347 1291 2549 1354 punget
2574 1283 2902 1337 conscientia
2921 1325 2935 1349 ,
2965 1282 3010 1336 si
3038 1282 3175 1336 hanc
3200 1281 3513 1357 deseramus

1920 1371 2131 1441 legem;
2173 1388 2349 1443 neque
2389 1390 2503 1429 rem
2548 1374 2974 1429 existimabimus
3004 1389 3243 1444 gravem,
3275 1382 3329 1427 et
3376 1388 3513 1440 pau-

1920 1463 2070 1518 latim
2100 1466 2378 1522 veniemus
2415 1466 2480 1520 ad
2510 1466 2710 1537 majora
2732 1508 2748 1533 ,
2796 1475 2853 1521 et
2880 1466 3121 1521 meditati
3165 1474 3515 1521 contemnere

1921 1556 2196 1625 pecunias,
2226 1573 2347 1612 cum
2378 1559 2645 1613 malorum
2673 1558 2908 1612 radicem
2937 1556 3313 1622 evulserimus,
3346 1565 3402 1611 et
3429 1555 3516 1610 hic

1920 1649 2081 1702 vitam
2112 1665 2302 1705 secure
2328 1659 2381 1706 et
2420 1651 2704 1720 tranquille
2733 1664 2952 1719 agemus
2972 1690 2988 1714 ,
3020 1659 3076 1704 et
3113 1649 3275 1703 vitam
3319 1662 3516 1702 conse-

1920 1758 2149 1813 quemur
2175 1742 2407 1800 futuram
2432 1763 2445 1799 :
2472 1759 2633 1815 quam
2664 1744 2823 1800 detur
2853 1744 3009 1799 nobis
3034 1742 3285 1799 omnibus
3316 1756 3515 1797 consc-

1924 1836 2013 1905 qui
2031 1876 2046 1901 ,
2076 1844 2180 1892 etc.

223 2032 3508 2079 Μ-ρ-ΜΜ

1577 2090 1925 2155 HOMILIA
1961 2092 2186 2154 XLIV.

229 2221 357 2277 CAP.
391 2220 481 2275 16.
523 2233 578 2269 v.
621 2214 707 2271 10.
754 2213 814 2268 Si
848 2220 1015 2265 autem
1052 2206 1234 2261 venerit
1266 2200 1558 2257 Timotheus
1588 2196 1655 2249 ad
1696 2210 1817 2259 vos,

536 2307 696 2361 videte
729 2314 783 2359 ut
812 2304 921 2358 sine
950 2303 1127 2355 timore
1152 2298 1216 2351 sit
1248 2293 1383 2365 apud
1410 2308 1516 2345 vos.

301 2404 355 2456 1.
400 2399 687 2455 Existimet
737 2396 963 2449 fortasse
1005 2388 1269 2460 quiSpiam
1314 2385 1451 2438 hanc
1495 2376 1823 2437 exhortatio-

230 2508 356 2549 nem
384 2506 506 2546 esse
550 2489 823 2558 indignam
862 2484 1061 2538 virtute
1100 2476 1405 2540 Timothei;
1438 2472 1532 2528 sed
1572 2486 1677 2525 non
1722 2466 1825 2521 hoc

230 2583 432 2639 dictum
450 2589 533 2635 est
550 2586 768 2649 propter
788 2572 1151 2636 Timotheum,
1168 2566 1263 2624 sed
1284 2573 1500 2636 prepter
1522 2560 1822 2623 audientes,

231 2690 300 2730 ne
330 2688 431 2744 per
457 2686 549 2727 eas
569 2684 690 2740 qua:
708 2669 806 2739 ipsi
836 2672 1151 2736 pararentur
1185 2658 1405 2714 insidias
1429 2655 1637 2724 seipsos
1663 2650 1823 2744 laedef

232 2743 388 2821 rent:
416 2764 508 2818 ille
531 2764 675 2817 enim
699 2773 916 2829 semper
935 2766 1051 2813 erat
1075 2750 1326 2825 proclivis
1350 2764 1413 2804 ac
1436 2760 1732 2819 propensus
1758 2743 1825 2799 ad

232 2855 479 2912 adeunda
499 2851 890 2925 perieula.Nam
910 2848 1189 2919 Tamquam
1205 2844 1344 2914 ﬁlius
1356 2841 1510 2913 patri,
1526 2854 1718 2893 mecum
1729 2852 1828 2892 ser-

232 2951 374 3013 vivit,
394 2949 587 3017 inquit,
604 2944 658 2997 in
674 2942 929 3011 evangelio
946 2938 1207 3009 (Philipp.
1222 2935 1274 2989 Ξ.
1288 2933 1404 3006 22).
1420 2931 1527 2988 Sed
1552 2946 1619 2985 ne
1642 2944 1707 2984 ex
1726 2944 1824 2983 au-

234 3042 390 3098 dacia
419 3042 472 3094 in
504 3037 859 3109 discipulum,
888 3032 956 3088 ad
985 3031 1298 3102 magistrum
1323 3040 1537 3098 quoque
1565 3020 1827 3093 procede—

236 3146 361 3190 rent
402 3142 460 3188 et
506 3135 697 3187 tierent
734 3127 1068 3189 deteriores,
1124 3136 1219 3177 eos
1269 3119 1480 3174 eminus
1523 3113 1831 3185 comprimit

235 3238 294 3283 et
322 3234 567 3290 coercet,
599 3222 784 3277 dicens
812 3238 827 3274 :
862 3217 929 3274 Ut
962 3218 1072 3273 sine
1106 3216 1283 3269 timore
1309 3212 1374 3266 sit
1400 3209 1539 3279 apud
1571 3223 1697 3262 vos:
1726 3206 1831 3260 hoc

236 3332 348 3386 est,
380 3334 448 3374 ne
472 3316 735 3387 quispiam
768 3329 834 3368 ex
867 3312 933 3365 iis
959 3310 1047 3379 qui
1076 3315 1200 3362 sunt
1223 3303 1485 3374 deplorati
1514 3301 1565 3355 in
1596 3314 1716 3355 eum
1745 3299 1828 3352 in-

235 3421 444 3483 surgat.
494 3409 625 3464 Erat
655 3406 853 3476 quippe
883 3402 1110 3457 fortasse
1135 3414 1230 3454 cos
1262 3398 1631 3465 increpaturus
1669 3392 1737 3446 de
1768 3392 1831 3446 iis

235 3522 359 3576 qua:
388 3500 658 3558 scribebat
682 3497 877 3553 Paulus
897 3514 910 3550 :
931 3492 1275 3549 denuutiarat
1302 3489 1444 3544 enim
1473 3502 1530 3541 se
1548 3494 1831 3555 propterea

235 3600 418 3671 ipsum
454 3594 687 3648 mittere.
715 3588 837 3644 Misi
863 3589 1028 3651 enim,
1056 3583 1247 3655 inquit,
1275 3582 1344 3635 ad
1373 3596 1459 3635 vos
1492 3577 1830 3671 Timotheum,

238 3670 324 3761 qui
355 3688 494 3742 vobis
521 3687 576 3739 in
611 3683 908 3739 memoriam
937 3678 1190 3734 revocabit
1219 3677 1327 3730 vias
1356 3689 1493 3726 meas
1522 3673 1575 3725 in
1602 3670 1828 3761 Christo,

235 3759 373 3836 sicut
404 3779 585 3847 ubique
611 3776 665 3830 in
706 3773 844 3828 omni
879 3770 1104 3826 Ecclesia
1146 3768 1300 3822 doceo
1326 3764 1411 3835 (1.
1454 3762 1572 3817 Cor.
1615 3762 1669 3815 4.
1707 3759 1831 3829 17).

239 3874 321 3930 Ne
351 3888 483 3943 ergo
530 3869 791 3926 nobilitati
834 3877 884 3923 et
930 3864 1130 3921 divitiis
1168 3870 1226 3918 et
1260 3859 1443 3931 populi
1489 3854 1833 3913 commenda-

242 3970 378 4024 tioni
409 3976 465 4022 et
489 3977 726 4021 externa:
752 3960 1031 4031 sapientia:
1056 3955 1410 4021 confidentes,
1442 3951 1756 4007 invaderent
1783 3957 1838 4003 et

243 4065 615 4129 conspuerent
658 4063 713 4110 et
756 4052 1173 4113 insidiarentur,
1215 4047 1463 4102 dolentes
1508 4058 1567 4097 se
1610 4041 1678 4095 ab
1721 4041 1838 4109 ipso

244 4151 422 4222 argui,
448 4157 539 4203 aut
571 4155 851 4217 propterea
880 4141 1022 4214 quod
1053 4139 1308 4209 magister
1334 4137 1455 4191 illos
1481 4131 1839 4204 reprehende—

250 4254 333 4300 ret
361 4284 378 4309 ,
422 4256 607 4313 pmnas
637 4240 915 4308 exigerent
954 4236 1128 4304 ipsum
1172 4230 1492 4286 ulciscentes
1512 4268 1529 4295 ,
1560 4235 1839 4297 propterea

251 4338 386 4393 dicit
414 4354 429 4391 :
466 4333 534 4390 Ut
561 4334 673 4388 sine
698 4332 876 4385 timore
904 4329 969 4384 sit
996 4326 1136 4396 apud
1165 4342 1271 4379 vos.
1302 4322 1381 4377 Ne
1408 4320 1537 4376 mihi
1564 4319 1706 4374 enim
1737 4332 1840 4371 ex-

253 4442 441 4487 ternos
476 4426 677 4482 dixeris
705 4424 924 4480 Grzecos
953 4430 1007 4475 et
1038 4417 1310 4481 infideles;
1339 4430 1399 4470 ea
1429 4429 1460 4469 a
1490 4413 1641 4468 vobis
1665 4409 1837 4479 exigo,

254 4538 357 4593 pro
384 4521 579 4591 quibus
620 4527 731 4573 tota
761 4514 1066 4582 conscripta
1096 4520 1180 4567 est
1221 4510 1444 4580 epistola
1470 4548 1483 4570 ,
1518 4521 1653 4577 quos
1682 4505 1841 4560 etiam

254 4616 307 4670 in
324 4613 476 4669 initio
489 4611 677 4667 terruit
702 4618 757 4665 et
782 4609 833 4662 in
863 4605 1156 4677 prooemiis.
1178 4603 1466 4670 Propterea
1487 4598 1627 4653 dixit
1651 4613 1665 4650 :
1694 4596 1846 4666 Apud

255 4725 368 4762 vos.
422 4704 624 4760 Deinde
666 4718 697 4758 a
726 4700 1025 4757 ministerio
1054 4712 1177 4751 eum
1207 4694 1331 4749 facit
1376 4692 1477 4746 fide
1506 4690 1725 4761 dignum
1762 4689 1843 4741 di-

256 4813 434 4855 cens:
470 4796 613 4865 Opus
658 4794 793 4849 enim
840 4787 1046 4844 Domini
1094 4794 1351 4856 operatur.
1401 4782 1478 4837 Ne
1522 4781 1624 4835 hoc
1667 4788 1843 4835 autem

257 4898 502 4960 Spectes,
534 4886 739 4956 inquit,
768 4884 812 4939 si
843 4898 950 4937 non
977 4881 1047 4934 sit
1075 4879 1258 4941 dives,
1289 4876 1334 4929 si
1366 4889 1470 4929 non
1501 4871 1773 4937 eruditus,
1801 4869 1845 4925 si

260 4998 370 5037 non
424 4994 629 5043 senex;
675 4975 771 5031 sed
815 4972 941 5044 quid
980 4973 1164 5042 jussus
1209 4969 1302 5033 sit,
1346 4974 1401 5021 et
1442 4963 1569 5035 quid
1612 4962 1845 5020 efficiat:

263 5073 411 5141 Opus
433 5071 565 5123 enim
597 5066 800 5121 Domini
828 5072 1087 5135 aperatur.
1114 5060 1227 5115 Hoc
1250 5066 1428 5113 autem
1451 5056 1498 5111 ei
1529 5054 1725 5110 sufficit
1752 5068 1848 5123 pro

261 5165 409 5221 omni
442 5172 496 5217 et
527 5160 805 5216 nobilitate
842 5165 898 5213 et
941 5155 1140 5210 divitiis
1167 5162 1222 5208 et
1262 5161 1420 5207 :etate
1464 5157 1520 5205 et
1564 5148 1847 5220 sapientia.

263 5257 373 5312 Nec
419 5255 520 5309 hoc
560 5252 654 5305 fuit
691 5259 1007 5309 contentus,
1051 5246 1143 5301 sed
1188 5244 1426 5307 addidit,
1470 5243 1616 5297 Sicut
1641 5252 1687 5294 et
1716 5256 1851 5311 ego;

264 5359 318 5401 ct
364 5344 646 5416 superius,
694 5342 792 5409 Qui
822 5350 895 5395 est
938 5340 1061 5393 mihi
1093 5338 1232 5407 [ilius
1259 5336 1471 5389 dilectus
1511 5343 1556 5388 et
1588 5332 1755 5401 ﬁdelis
1800 5334 1853 5384 in

265 5437 531 5501 Domino;
570 5435 680 5502 ipse
707 5432 843 5486 vobis
871 5432 924 5484 in
962 5429 1255 5483 memoriam
1282 5425 1529 5481 revocabit
1572 5426 1679 5479 vias
1717 5440 1855 5476 meas

266 5531 320 5584 in
339 5529 538 5583 Christo
560 5526 639 5594 (1.
668 5526 787 5579 Cor.
819 5524 871 5577 4.
898 5524 1005 5591 l7).
1028 5520 1291 5589 Quoniam
1324 5534 1452 5587 ergo
1477 5517 1688 5585 juvenis
1715 5526 1850 5580 erat,

266 5631 325 5676 et
348 5620 446 5689 ipsi
463 5616 768 5674 concredita
788 5616 959 5668 fuerat
988 5612 1118 5667 tanti
1144 5611 1321 5681 populi
1348 5608 1631 5671 correctio,
1652 5617 1854 5662 utrum-

270 5726 378 5782 que
406 5718 583 5763 autem
611 5709 781 5777 ipsum
812 5706 864 5760 in
895 5713 1259 5773 contemptum
1289 5701 1620 5765 adducebat;
1663 5702 1855 5755 merito

269 5802 543 5875 subiungit
574 5820 588 5856 :
618 5802 702 5856 11.
736 5799 818 5855 Ne
847 5801 959 5869 quis
983 5815 1101 5870 ergo
1127 5798 1273 5852 illum
1300 5806 1523 5869 spernat.
1549 5794 1728 5867 Neque
1753 5794 1855 5852 huc

602 5900 868 5961 Ρηιιοι..
902 5900 1018 5959 Gn.
1064 5900 1222 5961 LXI.

1924 2194 2096 2247 solum
2128 2195 2328 2267 exigit,
2357 2196 2451 2251 sed
2493 2197 2655 2251 etiam
2699 2196 2959 2266 majorem
2994 2196 3294 2250 honorem:
3328 2211 3521 2266 quam-

1927 2286 2113 2342 obrem
2142 2289 2305 2343 etiam
2333 2288 2485 2354 dicit,
2512 2289 2760 2343 Deducite
2786 2299 2963 2342 autent
2988 2290 3131 2342 illum
3162 2290 3217 2342 in
3247 2306 3389 2359 pace.
3412 2290 3525 2344 Hoc

1925 2389 2039 2446 est,
2068 2381 2185 2435 sine
2212 2381 2442 2435 timore:
2487 2396 2591 2436 non
2622 2396 2825 2452 pugnas
2852 2380 3144 2435 inferentes
3182 2390 3237 2436 et
3277 2392 3519 2436 conten-

1926 2469 2133 2538 tiones,
2165 2486 2283 2526 non'
2303 2471 2424 2527 odia
2455 2481 2510 2527 et
2537 2472 2878 2537 inimicitias,
2917 2472 3012 2528 sed
3042 2473 3435 2543 subjectioncm
3466 2483 3521 2528 et

1928 2561 2187 2617 honorem
2214 2604 2230 2629 ,
2279 2564 2620 2621 attendentes
2664 2564 2765 2634 ipsi
2798 2574 3066 2634 tamquam
3118 2566 3393 2633 magistro.
3454 2565 3524 2620 Ut

1928 2655 2093 2708 veniat
2120 2654 2190 2708 ad
2217 2671 2329 2722 me;
2369 2665 2603 2727 exspecto
2634 2656 2766 2709 enim
2808 2655 2959 2709 illum
2999 2672 3113 2709 cum
3145 2656 3409 2728 fratribus.
3461 2656 3529 2710 Et

1932 2748 2032 2802 hoc
2060 2758 2177 2803 erat
2208 2750 2519 2829 terrentis:
2571 2765 2694 2804 nam
2726 2760 2783 2805 ut
2826 2766 2951 2804 cum
2988 2750 3186 2805 scirent
3215 2751 3394 2804 omnia
3425 2751 3527 2805 sibi

1929 2838 2153 2895 dicenda
2208 2857 2329 2911 qua:
2385 2856 2577 2910 passus
2641 2851 2823 2909 esset,
2887 2842 3079 2897 fierent
3127 2841 3481 2898 modestiores
3509 2884 3527 2907 ,

1933 2940 2217 3001 propterea
2262 2932 2471 2987 addidit
2513 2951 2525 2987 :
2587 2931 2845 3004 Exspecto
2881 2933 3016 2987 enim
3056 2933 3226 2987 illum.
3272 2933 3527 3004 Alioquin

1930 3030 2109 3077 autem
2140 3038 2263 3079 eum
2294 3038 2505 3095 quoque
2533 3023 2658 3079 hinc
2694 3024 2819 3078 facit
2851 3024 2957 3078 fide
2986 3025 3225 3094 dignum.
3256 3023 3530 3094 Siquidem

1931 3115 2177 3169 exiturus
2220 3116 2392 3186 ipsum
2432 3125 2747 3186 exspectat,
2792 3124 2847 3171 et
2885 3131 3037 3170 suam
3082 3115 3135 3169 in
3182 3115 3307 3170 illos
3344 3124 3530 3170 osten-

1932 3208 2013 3264 dit
2049 3210 2330 3265 caritatem
2357 3250 2373 3277 ,
2407 3210 2621 3281 quando
2662 3226 2786 3266 eum
2828 3210 2920 3281 qui
2964 3218 3109 3266 esset
3156 3210 3293 3266 adeo
3342 3211 3485 3265 utilis
3512 3252 3532 3277 ,

1934 3308 2156 3370 prepter
2184 3301 2331 3371 ipsos
2360 3302 2573 3357 misisse
2604 3312 2937 3357 cerneretur.
2986 3303 3075 3358 12.
3120 3300 3200 3356 De
3226 3302 3409 3372 Apollo
3436 3320 3535 3357 au-

1934 3401 2033 3446 tem
2058 3393 2219 3461 fratre
2244 3394 2379 3448 vobis
2407 3404 2584 3447 notum
2618 3395 2775 3467 facio,
2794 3393 2929 3463 quod
2950 3394 3169 3447 multum
3194 3395 3369 3465 rogavi
3395 3412 3532 3462 cum,

1935 3496 1992 3540 ut
2034 3488 2103 3541 ad
2133 3504 2222 3542 vos
2251 3489 2437 3542 veniret
2475 3505 2589 3542 cum
2619 3488 2882 3557 fratribus.
2928 3488 3027 3542 llic
3056 3486 3266 3542 videtur
3311 3503 3433 3543 esse
3477 3498 3535 3543 et

1936 3583 2074 3636 bene
2113 3581 2379 3649 eruditus,
2421 3589 2479 3637 et
2522 3580 2694 3650 major
2734 3588 2891 3635 mtate
2935 3579 3241 3634 Timotheo.
3289 3579 3366 3634 Ne
3405 3596 3536 3650 ergo

1937 3673 2221 3727 dicereut:
2283 3672 2391 3728 Cur
2430 3672 2603 3727 virum
2645 3671 2859 3742 quidem
2916 3686 3023 3726 non
3077 3670 3257 3734 misit,
3297 3671 3391 3726 sed
3440 3687 3536 3741 pro

1939 3765 2034 3820 illo
2070 3765 2365 3835 juvenem?
2399 3765 2523 3820 vide
2553 3764 2823 3835 quomodo
2854 3765 3013 3819 etiam
3046 3763 3148 3819 hoc
3189 3764 3363 3831 levet,
3410 3780 3534 3819 eum

1940 3865 1995 3911 et
2034 3855 2252 3911 fratrem
2295 3871 2531 3921 vocans,
2562 3865 2618 3911 et
2659 3856 2847 3911 dicens
2877 3871 2937 3910 se
2979 3856 3204 3910 multum
3252 3857 3397 3911 illum
3444 3872 3538 3910 ro-

1940 3962 2096 4017 gasse
2122 3956 2180 4001 ut
2206 3949 2436 4003 veniret.
2477 3947 2553 4003 Ne
2593 3947 2737 4002 enim
2768 3947 3038 4002 videretur
3070 3948 3429 4018 praeposuisse
3458 3948 3536 4003 illi

1942 4039 2305 4104 Timotheum,
2344 4049 2399 4096 et
2434 4039 2636 4096 idcirco
2679 4056 2800 4094 eum
2844 4056 2950 4095 non
2998 4041 3215 4096 misisse
3244 4082 3261 4109 ,
3310 4042 3539 4111 hincque

1943 4134 2202 4204 majorem
2248 4135 2567 4191 accenderet
2608 4134 2904 4204 invidiam,
2949 4136 3261 4204 subjunxit:
3313 4135 3540 4190 Multum

1944 4227 2094 4281 illum
2133 4228 2309 4297 rogavi
2333 4268 2348 4293 ,
2391 4237 2447 4281 ut
2487 4228 2697 4282 veniret.
2731 4226 2870 4294 Quid
2900 4229 3069 4298 ergo?
3112 4244 3217 4283 non
3250 4230 3412 4283 cessit
3450 4230 3539 4285 ille

1946 4335 2120 4390 neque
2140 4321 2351 4385 annuit,
2371 4319 2468 4374 sed
2488 4319 2687 4375 restitit
2706 4328 2762 4375 et
2784 4320 3098 4375 contendit?
3114 4320 3228 4375 Non
3260 4320 3361 4375 hoc
3388 4321 3537 4387 dicit,

1946 4413 2040 4468 sed
2080 4421 2140 4467 ut
2180 4428 2352 4483 neque
2383 4413 2533 4468 illum
2572 4414 3013 4484 reprehenderet,
3049 4426 3102 4471 et
3130 4431 3188 4470 se
3214 4425 3495 4471 excusaret
3520 4457 3537 4478 .

1948 4505 2116 4560 dicit:
2152 4505 2219 4559 Et
2256 4505 2429 4575 utique
2469 4522 2569 4558 non
2612 4506 2712 4576 fuit
2748 4507 2982 4560 voluntas
3021 4508 3133 4574 ejus
3175 4517 3229 4560 ut
3275 4522 3408 4560 nunc
3455 4522 3542 4559 ve-

1949 4597 2100 4650 niret.
2159 4596 2364 4651 Deinde
2418 4612 2485 4652 ne
2537 4596 2780 4652 dicerent
2817 4597 2934 4652 haec
2986 4613 3108 4652 esse
3161 4598 3442 4652 obtentum
3488 4607 3543 4652 et

1950 4688 2361 4759 subterfuginm,
2382 4688 2657 4759 subjunxit
2682 4708 2690 4741 :
2723 4688 2893 4743 Veniet
2914 4699 3101 4755 autem,
3125 4701 3240 4743 cum
3266 4689 3312 4743 ei
3332 4704 3544 4744 vacuum

1952 4780 2126 4850 fuerit.
2148 4781 2239 4835 Sic
2268 4789 2322 4835 et
2340 4781 2487 4835 illum
2512 4780 2748 4836 defendit
2772 4796 2835 4835 ac
2855 4782 3150 4848 excusavit,
3174 4790 3431 4836 eteorum
3453 4782 3545 4852 qui

1954 4874 2127 4943 ipsum
2182 4872 2558 4928 desiderabant
2604 4875 2716 4944 spei
2764 4872 3043 4929 satisfecit.
3100 4874 3302 4929 Deinde
3357 4884 3545 4931 osten-

1952 4967 2088 5021 dens
2135 4967 2280 5036 ipsos
2324 4983 2430 5021 non
2472 4967 2524 5021 in
2572 4966 2877 5038 magistris,
2922 4967 3018 5021 sed
3050 4967 3101 5022 in
3129 4966 3320 5037 scipsis
3348 4967 3547 5022 debere

1954 5074 2104 5129 spem
2134 5059 2320 5114 salutis
2350 5059 2569 5126 habere,
2602 5060 2735 5114 dicit
2760 5080 2773 5114 :
2800 5060 2885 5114 l3.
2923 5057 3159 5130 Vigilate,
3193 5068 3320 5113 state
3347 5060 3401 5112 in
3422 5060 3546 5127 ﬁde.

1955 5151 2068 5206 Non
2103 5152 2157 5205 in
2194 5160 2414 5205 externa
2442 5150 2737 5219 sapientia;
2768 5166 2873 5205 non
2917 5160 3001 5205 est
3047 5151 3191 5205 enim
3240 5150 3351 5205 illic
3380 5160 3547 5215 stare,

1957 5245 2050 5299 sed
2075 5244 2233 5309 ferri,
2255 5245 2622 5314 sicutquidem
2639 5253 2784 5299 certe
2803 5255 2945 5299 stare
2964 5245 3017 5298 in
3042 5244 3146 5299 fide
3167 5244 3435 5327 convenit.
3464 5242 3552 5294 l'i-

1956 5340 2119 5392 riliter
2145 5338 2279 5410 agite
2314 5347 2361 5392 et
2391 5338 2769 5402 confortamini.
2803 5338 2890 5393 1-1.
2924 5336 3113 5391 Omnia
3141 5346 3303 5391 vestra
3330 5337 3384 5389 in
3420 5336 3551 5388 cari-

1959 5439 2060 5484 tate
2100 5431 2256 5499 ﬁant.
2299 5428 2424 5484 Haec
2453 5440 2630 5483 autem
2663 5429 2848 5484 dicens
2880 5429 3089 5484 videtur
3116 5428 3333 5498 quidem
3364 5426 3552 5481 admo-

1963 5537 2088 5577 nere
2113 5540 2126 5585 ;
2161 5522 2282 5576 illos
2305 5531 2485 5576 autem
2514 5522 2681 5591 tangit
2711 5529 2982 5591 tamquam
3016 5520 3196 5591 pigros
3232 5529 3285 5574 et
3314 5518 3551 5573 desides.

1965 5614 2031 5667 Et
2062 5613 2180 5668 ideo
2210 5612 2364 5679 dicit,
2409 5611 2659 5684 Vigilate,
2690 5621 2959 5683 tamquam
2999 5612 3079 5666 eis
3119 5608 3550 5671 dormientibus;

1969 5707 2145 5773 State,
2179 5715 2445 5775 tamquam
2487 5706 2823 5771 labantibus;
2876 5705 3101 5760 Viriliter
3135 5708 3268 5776 agite
3306 5712 3354 5755 et
3398 5703 3556 5770 fortes

1972 5810 2144 5867 estote,
2178 5810 2235 5854 ut
2269 5798 2357 5870 qui
2387 5805 2567 5853 essent
2604 5798 2834 5877 molles;
2870 5798 3055 5855 Omnia
3082 5809 3242 5851 vestra
3267 5798 3320 5849 in
3347 5795 3562 5849 caritate

3123 5888 3199 5949 Ωιι
