3998 6414
554 313 659 367 375

552 426 716 492 ﬁant,
759 432 818 477 ut
859 424 956 494 qui
993 421 1310 478 seditionem
1356 420 1578 490 agitent.
1633 415 1700 470 Et
1745 414 2003 470 adversus
2045 427 2144 468 eos

552 515 772 585 quidem
799 515 890 585 qui
920 512 1228 583 decipiunt,
1257 521 1339 566 est
1371 509 1503 564 illud
1523 550 1542 578 ,
1583 506 1824 580 Vigilate,
1856 517 2016 572 state;
2042 507 2141 562 ad-

552 620 746 662 versus
773 621 868 661 eos
895 616 1074 660 autem
1104 605 1192 675 qui
1231 602 1580 666 insidiantur,
1621 611 1708 658 est
1749 603 1880 668 hoc,
1921 599 2145 654 Viriliter

557 698 734 768 agite;
768 697 1030 753 adversus
1059 711 1154 752 eos
1189 711 1319 752 vero
1343 695 1435 766 qui
1477 694 1797 750 seditionem
1841 695 2044 765 agitant
2089 703 2145 748 et

1214 305 1270 364 S.
1308 303 1586 362 JOANNIS
1620 296 2096 358 CllllYSOSTOMI
2141 295 2458 356 ARCHIEP.
2498 296 3031 358 CONSTANTINOP.
3720 306 3808 363 3‘76

2254 427 2374 478 vos,
2406 413 2564 468 nostis
2593 414 2800 470 domum
2847 416 3146 487 Stephanus.
3171 415 3332 474 Scitis
3363 460 3377 486 ,
3432 421 3628 495 inquit,
3654 437 3705 484 et
3729 445 3809 486 vos

2249 505 2522 574 quomodo
2550 505 2817 576 laborant,
2852 525 3030 580 neque
3058 526 3196 582 opus
3223 522 3308 569 est
3335 525 3390 570 ut
3423 531 3452 570 a
3483 517 3631 574 nobis
3650 518 3803 576 disca-

2251 597 2338 652 tis.
2372 599 2458 653 17.
2485 597 2705 656 Gavisus
2731 617 2847 657 sum
2868 613 3039 658 autem
3093 605 3147 658 in
3179 609 3449 676 prasentia
3480 609 3742 680 Stephants
3765 625 3804 668 et

2251 688 2524 746 Fortunati
2567 701 2615 747 et
2659 691 2910 762 Achaici,
2941 697 3184 766 quoniam
3212 698 3268 753 id
3320 701 3455 769 quod
3483 702 3615 756 vobis
3655 703 3804 758 deeris

557 799 821 844 cunautur
861 788 1120 844 divellere
1153 803 1216 843 ac
1257 786 1593 850 distrahere,
1625 796 1708 843 est
1751 786 1916 853 illud,
1956 785 2145 840 Omnia

547 891 716 936 uestra
744 882 797 936 in
837 882 1048 936 caritate
1091 881 1254 948 (iant;
1298 881 1438 950 quod
1483 880 1698 952 quidem
1742 889 1828 936 est
1870 880 2142 934 vinculum

547 972 931 1042 perfectionis,
974 982 1029 1028 et
1069 973 1218 1029 radix
1263 971 1490 1043 fossque
1525 977 1814 1030 bonorum.
1872 972 2008 1039 Quid
2058 981 2143 1027 est

545 1077 727 1120 autem
758 1065 927 1132 illud,
967 1064 1156 1120 Omnia
1184 1066 1238 1120 in
1280 1065 1533 1120 caritate?
1575 1065 1700 1123 Sive
1742 1067 2006 1137 quispiam
2054 1065 2140 1121 in-

547 1167 734 1230 crepat
761 1200 778 1226 ,
827 1159 1038 1229 inquit,
1089 1159 1204 1214 sive
1241 1159 1504 1230 imperat,
1546 1158 1661 1214 sive
1698 1167 1850 1230 paret
1889 1157 2137 1228 imperio,

544 1252 659 1306 sive
707 1251 899 1316 discit,
943 1251 1060 1307 sive
1097 1251 1292 1318 docet,
1324 1251 1505 1308 omnia
1545 1266 1669 1307 eum
1710 1251 1952 1307 caritate.
2003 1249 2138 1305 Nam

543 1355 599 1401 et
637 1355 831 1402 cuneta
860 1362 980 1416 quae
1023 1346 1164 1401 dicta
1207 1355 1364 1411 sunt,
1407 1346 1531 1402 ideo
1573 1345 1942 1416 contigerant,
1991 1342 2137 1413 quod

541 1439 740 1495 caritas
778 1440 1018 1510 neglecta
1051 1439 1256 1494 fuisset.
1306 1439 1438 1494 Nam
1475 1437 1522 1494 si
1551 1452 1615 1494 ea
1647 1451 1754 1494 non
1781 1446 1926 1493 esset
1953 1436 2139 1506 negle-

540 1542 650 1599 cta,
691 1547 799 1588 non
832 1530 1061 1588 fuissent
1095 1532 1262 1587 inﬂati
1284 1573 1298 1597 ,
1339 1546 1446 1587 non
1473 1530 1766 1598 dixissent,
1798 1528 1910 1601 Ego
1935 1529 2138 1600 quidem

542 1641 655 1679 sum
699 1622 892 1687 Pauli,
921 1640 1020 1694 ego
1057 1640 1174 1678 vero
1205 1624 1390 1695 Apollo
1425 1623 1512 1696 (1.
1542 1622 1660 1678 Cor.
1695 1622 1743 1678 1.
1774 1619 1918 1696 12):
1949 1621 1992 1677 si
2023 1622 2135 1693 ipsa

542 1717 842 1784 adfuisset,
875 1731 981 1772 non
1022 1715 1150 1772 foris
1185 1716 1393 1787 judicio
1431 1715 1864 1781 contendissent,
1912 1715 2022 1770 imo
2067 1729 2137 1770 ne

538 1809 944 1865 contendissent
975 1809 1189 1880 quidem
1217 1826 1232 1863 :
1280 1809 1325 1864 si
1356 1809 1470 1880 ipsa
1499 1807 1775 1873 adfuisset,
1801 1808 1890 1862 ille
1911 1821 2133 1862 uxorem

541 1903 711 1972 patris
751 1917 860 1956 non
890 1901 1220 1972 accepisset,
1254 1916 1359 1956 non
1403 1900 1594 1957 fratres
1625 1900 1867 1955 inﬁrmos
1894 1910 2135 1954 contem-

533 1995 796 2063 psissent,
825 1993 1059 2050 hmreses
1087 2009 1194 2050 non
1224 1994 1556 2060 habuissent,
1578 2006 1798 2064 propter
1810 1991 2134 2048 charismata

540 2088 755 2142 inanem
795 2086 1020 2157 gloriam
1063 2103 1169 2141 non
1215 2087 1611 2156 concepissent.
1642 2085 1932 2155 Propterea
1963 2082 2131 2151 dicit,

537 2179 728 2238 Omnia
759 2197 880 2237 cum
912 2184 1134 2237 caritate
1163 2181 1313 2236 ﬁant.
1340 2181 1425 2236 15.
1453 2179 1671 2236 Obsecro
1697 2189 1863 2234 autem
1887 2194 1994 2244 vos,
2026 2183 2136 2252 fra-

539 2282 678 2338 tres,
725 2275 887 2328 nostis
935 2274 1141 2328 domum
1187 2273 1506 2344 Stephnnat,
1550 2272 1689 2342 quod
1726 2281 1844 2325 sunt
1894 2271 2136 2341 primitite

537 2368 765 2434 Aehaiaz,
784 2381 830 2423 et
851 2371 907 2424 in
930 2371 1210 2425 ministerio
1226 2380 1518 2425 sanctorum
1534 2368 1896 2424 ordinaverunt
1915 2368 2128 2435 seipsos.

612 2459 669 2514 3.
703 2460 879 2516 Etiam
911 2463 963 2516 in
1013 2463 1167 2516 initio
1215 2463 1372 2533 hujus
1401 2464 1646 2518 meminit
1684 2457 1902 2527 dicens,
1949 2459 2133 2530 Bapti-

536 2553 648 2606 καιή
674 2562 844 2608 autem
888 2562 935 2607 et
963 2553 1244 2624 Stephants
1289 2555 1495 2609 domum
1537 2554 1634 2624 (1.
1666 2552 1865 2610 Cor.1.
1891 2553 1981 2625 16)
2023 2571 2038 2608 :
2079 2560 2134 2607 et

541 2658 685 2699 nunc
707 2659 826 2700 eam
853 2645 985 2699 dicit
1013 2660 1134 2700 esse
1161 2646 1424 2716 primitias
1448 2687 1465 2713 ,
1507 2660 1612 2701 non
1649 2645 1822 2700 solum
1850 2643 2128 2710 Corinthi,

537 2735 632 2791 sed
683 2745 739 2792 et
789 2737 1240 2794 totiuerrtecite.
1271 2739 1387 2794 Non
1428 2747 1515 2794 est
1552 2748 1732 2794 autem
1772 2738 1875 2793 hoc
1916 2752 2132 2807 quoque

536 2842 756 2896 parvum
787 2831 1111 2896 encomium,
1143 2831 1442 2887 accessisse
1469 2831 1700 2902 primum
1727 2830 1795 2885 ad
1827 2830 2128 2886 Christum.

534 2921 892 2988 Quamobrem
925 2923 1086 2978 etiam
1140 2925 1192 2979 iu
1246 2923 1485 2996 Epistola
1517 2924 1583 2980 ad
1632 2925 1906 2980 Romanos
1952 2939 2018 2979 ex
2066 2937 2134 2979 eo

535 3011 796 3082 quosdam
820 3013 1047 3070 laudans
1076 3014 1291 3070 dicebat
1323 3033 1339 3070 :
1372 3016 1478 3085 Qui
1512 3016 1664 3071 etiam
1713 3024 1832 3070 ante
1873 3031 1953 3070 me
1976 3017 2134 3086 geniti

535 3105 726 3158 suntin
755 3104 960 3160 Christo
995 3107 1172 3178 (Rom.
1205 3108 1292 3162 16.
1324 3107 1402 3180 7).
1445 3106 1556 3162 Nec
1602 3107 1737 3163 dixit
1789 3122 1884 3163 eos
1929 3109 2132 3179 primos

539 3194 858 3264 credidisse,
885 3197 978 3253 sed
1002 3197 1168 3253 fuisse
1199 3199 1488 3269 primitias,
1517 3198 1830 3264 ostendens,
1862 3213 1984 3255 cum
2029 3198 2134 3255 ﬁde

543 3286 707 3342 vitam
731 3289 892 3344 etiam
913 3291 1169 3361 optimam
1187 3291 1516 3357 exhibuisse,
1541 3299 1810 3362 tamquam
1841 3305 1908 3346 ex
1942 3289 2132 3346 fructi-

546 3383 668 3448 bus,
683 3399 743 3439 se
767 3384 914 3440 omni
933 3400 1000 3440 ex
1023 3395 1172 3456 parte
1192 3386 1382 3457 dignos
1403 3386 1726 3457 praebentes.
1747 3385 1972 3457 Oportet
1990 3387 2133 3441 enim

540 3477 806 3547 primitias
823 3493 944 3535 esse
959 3479 1212 3536 meliores
1229 3480 1460 3546 czeteris,
1476 3495 1702 3551 quorum
1718 3489 1843 3537 sunt
1863 3480 2132 3550 primitias:

539 3570 687 3640 quod
715 3570 800 3626 his
825 3587 1040 3643 quoque
1078 3587 1175 3643 per
1204 3573 1343 3629 hanc
1379 3573 1670 3629 dictionem
1699 3587 1799 3628 suo
1829 3572 2135 3628 testimonio

542 3663 728 3718 tribuit
757 3663 974 3720 Paulus.
997 3664 1111 3720 Non
1144 3667 1288 3721 enim
1321 3665 1494 3721 solum
1517 3708 1532 3734 ,
1557 3666 1699 3720 sicut
1726 3665 1836 3719 dixi
1863 3707 1878 3727 .
1909 3679 2035 3721 vere
2079 3675 2134 3722 et

540 3757 752 3811 sincere
779 3757 1149 3825 crediderunt,
1173 3757 1267 3814 sed
1299 3759 1460 3813 etiam
1513 3757 1738 3814 multam
1780 3757 2136 3814 ostenderunt

543 3851 816 3920 pietatem,
839 3863 1187 3922 vegetamque
1208 3853 1479 3917 virtutem,
1496 3852 1618 3908 etin
1633 3852 1992 3923 eleemosynis
2012 3851 2136 3907 dan.

537 3943 620 3997 dis
642 3942 1087 3999 muniﬁcentiam.
1112 3945 1226 4000 Non
1272 3945 1446 4000 solum
1465 3955 1645 4002 autem
1666 3944 1819 4013 hinc,
1851 3945 1946 4001 sed
1973 3951 2134 4000 etiam

539 4035 758 4090 aliunde
801 4051 988 4092 eorum
1018 4037 1252 4092 ostendit
1275 4038 1523 4108 pietatem
1544 4078 1559 4105 ,
1593 4052 1658 4092 ex
1699 4052 1767 4093 eo
1801 4037 1943 4108 quod
1971 4047 2135 4094 totam

537 4127 756 4182 domum
783 4128 1523 4200 pietateimpleverint.Quod
1544 4140 1725 4185 autem
1749 4131 1897 4186 bonis
1923 4145 2138 4202 quoque

538 4219 792 4288 operibus
817 4229 871 4276 et
894 4230 1042 4277 recte
1069 4221 1222 4278 factis
1247 4230 1430 4278 essent
1454 4223 1648 4288 ornati,
1675 4223 1938 4294 signiﬁcat
1960 4239 2055 4294 per
2071 4239 2136 4281 ea

535 4326 662 4380 qua:
678 4309 932 4382 deinceps
958 4320 1276 4383 sequuntur,
1296 4314 1480 4390 dicens
1504 4330 1519 4369 :
1541 4312 1606 4368 In
1635 4315 1913 4370 ministerio
1930 4327 2136 4372 sancto-

547 4425 661 4462 rum
716 4408 1078 4463 ordinaverunt
1144 4409 1358 4479 seipsos.
1417 4410 1707 4465 Audivistis
1760 4409 2138 4480 hospitalitatis

540 4510 735 4570 quanta
762 4501 871 4556 sint
890 4502 1133 4557 encomia
1151 4503 1174 4556 ?
1195 4501 1310 4556 Non
1329 4504 1471 4557 enim
1495 4501 1652 4570 dixit,
1676 4501 2000 4570 Ministrant,
2018 4503 2134 4570 sed,

549 4593 930 4648 Urdinaverunt
958 4595 1150 4664 seipsos
1167 4593 1341 4650 :hanc
1369 4593 1532 4649 vitam
1559 4595 2132 4664 perpetuoelegerunt,

548 4687 602 4740 iu
631 4684 732 4742 hac
762 4701 821 4742 se
846 4695 1103 4742 exercent
1122 4686 1492 4743 meditatione.
1521 4686 1610 4740 16.
1643 4685 1712 4742 Ut
1737 4695 1783 4740 et
1829 4702 1920 4740 vos
1947 4689 2138 4742 subditi

541 4778 654 4832 sitis
683 4778 956 4845 ejusmodi.
988 4777 1100 4834 lloc
1145 4788 1250 4846 est,
1281 4787 1340 4834 ut
1363 4778 1500 4834 alter
1529 4779 1681 4833 alteri
1725 4793 1882 4849 opem
1917 4779 2132 4849 feratis,

543 4877 599 4923 et
628 4869 696 4924 ad
725 4870 994 4939 impensas
1014 4871 1256 4941 pecunia:
1271 4881 1328 4927 et
1351 4871 1419 4926 ad
1445 4870 1749 4927 obeundum
1778 4872 2134 4928 ministerium

543 4963 808 5030 corporis,
840 4969 899 5015 ut
923 4963 1356 5018 communicetis.
1375 4960 1510 5018 Nam
1539 4961 1644 5017 illis
1673 4962 1826 5018 labor
1855 4965 1958 5019 erit
1981 4965 2134 5032 levis,

553 5052 770 5120 quando
815 5052 1103 5108 habuerint
1147 5055 1358 5121 socios,
1387 5063 1442 5108 et
1485 5055 1553 5108 ad
1601 5057 1783 5125 plures
1827 5060 2138 5113 transiverlt

547 5143 889 5201 beneﬁcium.
927 5146 994 5201 Et
1019 5164 1124 5203 non
1148 5148 1284 5202 dixit
1310 5149 1575 5213 absolute,
1605 5147 1980 5219 Cooperamini
2003 5192 2017 5214 ,
2041 5149 2136 5205 sed

555 5238 717 5291 etiam
759 5239 810 5299 in
843 5239 908 5293 iis
936 5255 1056 5309 quae
1078 5241 1334 5310 iusserint
1365 5249 1544 5310 parete
1564 5281 1577 5304 ,
1605 5251 1910 5296 accuratam
1955 5252 2137 5296 osten-

543 5327 678 5384 dens
705 5329 1088 5385 obedientiam.
1122 5331 1185 5386 Et
1215 5347 1283 5386 ue
1312 5332 1392 5387 eis
1431 5332 1675 5387 videatur
1697 5332 2008 5404 gratiﬁcari,
2043 5334 2136 5387 ad-

546 5419 682 5476 didit
705 5438 720 5476 :
745 5419 816 5476 Et
839 5423 977 5476 omni
999 5425 1292 5494 cooperanti
1317 5433 1364 5479 et
1379 5424 1661 5479 laboranti.
1676 5425 1800 5480 Haec
1821 5425 1911 5485 sit.
1940 5423 2134 5496 inquit,

550 5518 635 5570 lex
687 5515 1036 5570 communis:
1083 5532 1257 5586 neque
1303 5521 1444 5573 enim
1487 5519 1734 5588 privatim
1779 5532 1844 5574 ac
1889 5531 2135 5574 seorsum

549 5611 672 5664 dico
701 5611 771 5665 de
796 5610 900 5664 illis
920 5651 934 5675 ,
976 5610 1070 5664 sed
1100 5610 1151 5664 si
1175 5612 1294 5690 quis
1320 5623 1396 5666 est
1429 5611 1532 5666 illis
1559 5611 1792 5680 simil-is,
1811 5609 1897 5666 his
1923 5625 2137 5682 quoque

544 5702 772 5758 fruatur.
823 5703 1121 5773 Propterea“
1161 5714 1218 5759 et
1258 5719 1355 5759 eos
1403 5704 1662 5773 incipiens
1715 5701 2092 5759 commendare
2117 5746 2131 5769 ,

547 5794 698 5861 ipsos
733 5810 948 5866 quoque
977 5805 1164 5852 evocat
1212 5807 1404 5861 testes,
1455 5795 1641 5851 dicens
1671 5813 1682 5848 :
1716 5792 1936 5850 Obsecro
1969 5810 2135 5851 autem

2247 781 2348 850 ipsi
2376 783 2777 854 suppleverunt:
2799 785 2888 844 18.
2917 791 3204 859 refecerunt
3228 791 3362 845 enim
3401 809 3566 847 meum
3592 795 3803 865 spiritum

2248 881 2294 926 et
2319 883 2558 929 vestrum.
2610 877 2876 945 Quoniam
2922 889 3041 935 erat
3086 881 3375 939 verisimile
3435 897 3528 940 eos
3574 885 3807 943 adversus

2248 964 2395 1036 ipsos
2432 983 2556 1026 esse
2597 971 2871 1040 irritatos;
2913 973 2948 1029 ii
2973 974 3122 1031 enim
3163 986 3317 1032 erant
3345 978 3434 1048 qui
3481 991 3726 1037 venerant
3761 991 3806 1039 et

2246 1058 2568 1118 seditionem
2598 1063 2647 1119 ei
2683 1065 3157 1136 signiﬁcaverant;
3187 1082 3285 1139 per
3314 1069 3458 1140 ipsos
3484 1072 3622 1126 enim
3665 1075 3804 1128 etiam

2243 1151 2577 1223 scripserant
2613 1156 2680 1212 de
2710 1157 3010 1229 virginibus
3035 1169 3090 1216 et
3119 1161 3462 1218 matrimonio
3486 1164 3764 1236 conjunctis
3789 1186 3801 1222 :

2242 1244 2366 1301 vide
2400 1246 2673 1316 quomodo
2697 1263 2793 1306 eos
2814 1252 3043 1323 mitigat,
3073 1254 3124 1309 in
3169 1255 3433 1328 principio
3458 1259 3665 1328 quidem
3702 1261 3801 1330 epi-

2241 1339 2395 1394 stolre
2418 1340 2608 1398 dicens
2635 1363 2649 1400 :
2674 1342 3039 1415 Signi/iratum
3067 1357 3142 1402 est
3161 1350 3307 1404 enim
3329 1391 3345 1415 ,
3384 1351 3587 1421 inquit,
3616 1355 3728 1408 mihi
3751 1355 3804 1409 de

2240 1429 2380 1486 vobis
2403 1431 2466 1486 ab
2509 1432 2574 1488 iis
2615 1437 2706 1505 qui
2750 1447 2871 1491 sunt
2913 1435 3100 1495 Chloes
3133 1438 3210 1513 (1.
3239 1441 3359 1496 Cor.
3387 1444 3590 1515 1.11);
3633 1455 3683 1501 et
3720 1445 3803 1502 hos

2241 1528 2426 1584 celans
2452 1540 2508 1585 et
2535 1531 2656 1586 illos
2685 1532 2737 1587 in
2765 1531 2999 1590 medium
3027 1535 3337 1601 adducens;
3371 1548 3489 1594 erat
3515 1540 3652 1595 enim
3678 1541 3801 1596 veri-

2242 1620 2421 1676 simile
2448 1622 2575 1678 illos
2607 1638 2704 1694 per
2729 1623 2828 1681 bos
2853 1627 3164 1684 declarasse
3188 1646 3200 1683 :
3229 1628 3318 1686 hic
3345 1641 3526 1686 autem
3547 1676 3560 1698 ,
3601 1630 3666 1686 Id
3687 1631 3803 1702 quod

2240 1715 2378 1768 vobis
2425 1715 2633 1784 deerat,
2692 1719 2794 1790 ipsi
2835 1721 3234 1792 suppleverunt,
3264 1734 3313 1778 et
3356 1717 3630 1796 refecerunt
3661 1743 3802 1779 meum

2239 1809 2480 1876 spiritum
2504 1820 2552 1864 et
2581 1826 2836 1880 vestrum;
2863 1814 3160 1870 ostendens
3180 1831 3274 1871 eos
3302 1817 3517 1874 venisse
3545 1834 3638 1888 pro
3656 1819 3803 1873 omni-

2241 1898 2362 1968 bus,
2377 1908 2431 1956 et
2447 1915 2540 1956 sua
2559 1911 2752 1973 sponte
2775 1914 2974 1961 tantam
2993 1908 3297 1976 suscepisse
3321 1909 3798 1981 peregrinationem.

2240 1989 2524 2060 Quomodo
2549 2009 2680 2064 ergo
2706 1996 2848 2067 quod
2871 2006 2954 2052 est
2991 1999 3264 2068 proprium
3297 2000 3394 2055 ﬁet
3428 2002 3728 2057 commune?
3751 2001 3800 2057 Si

2237 2083 2380 2153 quod
2409 2085 2563 2143 vobis
2592 2086 2765 2143 defuit
2795 2091 3056 2160 reparetis
3086 2106 3182 2161 per
3211 2103 3448 2149 vestram
3476 2095 3526 2150 in
3551 2110 3639 2150 eos
3661 2095 3799 2151 bene-

2240 2174 2552 2242 volentiam,
2586 2177 2631 2232 si
2653 2193 2748 2233 eos
2778 2177 3082 2248 honoretis,
3117 2182 3161 2236 si
3209 2183 3514 2254 excipiatis,
3539 2185 3583 2240 si
3621 2185 3797 2240 beneﬁ-

2238 2267 2432 2322 centiae
2459 2271 2872 2327 communicetis
2897 2289 2914 2328 :
2944 2273 3172 2344 ideoque
3198 2275 3331 2332 dicit
3348 2318 3363 2342 ,
3389 2276 3676 2349 Cognoscite
3695 2295 3796 2350 ergo

2235 2359 2324 2430 qui
2363 2361 2615 2431 ejusmodi
2643 2373 2781 2418 sunt.
2816 2363 2886 2419 Et
2915 2365 3137 2423 laudans
3162 2383 3258 2424 eos
3297 2371 3388 2440 qui
3419 2381 3788 2435 convenerant,

2234 2465 2332 2506 eos
2359 2467 2572 2523 quoque
2600 2468 2722 2509 cum
2750 2455 2908 2512 laude
2934 2459 3210 2531 coniungit
3237 2461 3333 2531 qui
3379 2461 3524 2517 missi
3563 2468 3728 2527 erant,
3751 2469 3797 2514 ct

2236 2542 2327 2612 qui
2356 2543 2652 2613 miserant,
2679 2545 2867 2602 dicens
2909 2566 2924 2603 :
2953 2547 3258 2620 Refecerunt
3306 2569 3472 2607 meum
3513 2554 3727 2623 spiritum
3757 2561 3796 2606 et

2236 2644 2478 2690 vestrum.
2509 2636 2808 2708 Cognoscite
2843 2655 2966 2711 ergo
3006 2642 3096 2712 qui
3117 2652 3236 2696 sunt
3263 2644 3548 2714 ejusmodi,
3577 2641 3794 2716 quoniam

2236 2736 2459 2797 propter
2513 2743 2614 2784 vos
2671 2731 2896 2800 patriam
2941 2741 2997 2788 et
3045 2731 3266 2789 domum
3329 2735 3666 2806 reliquerunt.
3709 2732 3788 2788 Vi-

2236 2817 2419 2875 distin’
2441 2821 2831 2892 prudentiam?
2861 2840 2968 2880 non
2998 2826 3174 2886 solum
3206 2827 3399 2897 Paulo,
3428 2829 3522 2886 sed
3548 2829 3644 2885 illis
3660 2827 3791 2885 etiam

2236 2927 2334 2967 eos
2360 2913 2600 2969 ostendit
2621 2930 2745 2971 esse
2783 2917 3110 2987 gratiﬁeatos
3133 2960 3150 2985 ,
3191 2920 3342 2991 quod
3374 2929 3534 2977 totam
3561 2922 3791 2977 civitatem

2239 3003 2293 3058 in
2337 3019 2399 3060 se
2440 3005 2826 3062 circumferant
2859 3027 2873 3064 :
2904 3010 3049 3082 quod
3086 3026 3182 3067 eos
3229 3013 3397 3070 etiam
3425 3013 3672 3070 reddebat
3708 3011 3792 3068 ﬁde

2236 3097 2464 3169 dignos,
2493 3111 2549 3156 et
2586 3116 2694 3157 non
2741 3103 2952 3159 sinebat
3005 3119 3100 3160 eos
3129 3105 3198 3162 ab
3231 3106 3346 3162 illis
3383 3108 3650 3172 abscindi,
3676 3115 3790 3160 tam-

2235 3205 2395 3262 quam
2425 3192 2518 3260 qui
2561 3208 2659 3264 per
2695 3193 2839 3264 ipsos
2879 3195 2946 3250 ad
2995 3197 3216 3253 Paulum
3263 3209 3454 3256 essent
3481 3199 3698 3257 adducti.
3721 3195 3790 3253 19.

2237 3282 2484 3339 Salutant
2505 3299 2592 3339 vos
2631 3302 2807 3341 omnes
2853 3287 3101 3345 Ecclesiae
3128 3290 3288 3347 Asia.
3319 3291 3544 3364 Semper
3583 3293 3712 3363 cogit
3751 3301 3794 3344 et

2236 3377 2570 3450 conglutinat
2616 3381 2858 3436 membra
2908 3397 3004 3452 per
3031 3384 3445 3442 salutationem.
3473 3386 3696 3444 Salutant
3726 3397 3795 3437 vos

2235 3473 2290 3528 in
2344 3471 2569 3529 Domino
2621 3475 2841 3530 multum
2884 3476 3074 3547 Aquila
3123 3488 3170 3533 et
3225 3477 3496 3535 Priscilla.
3535 3477 3678 3548 Apud
3718 3491 3792 3531 eos

2237 3565 2380 3621 enim
2413 3567 2685 3629 manebat,
2709 3582 2830 3622 cum
2858 3578 3002 3624 esset
3029 3578 3319 3626 contestor
3347 3571 3787 3628 tabernaculorum.

2238 3655 2364 3713 Cum
2407 3658 2685 3714 domestica
2739 3676 2832 3714 sua
2875 3661 3107 3717 ecclesia.
3139 3663 3255 3720 1100
3284 3681 3498 3736 quoque
3525 3679 3627 3720 non
3653 3674 3785 3734 parva

2238 3761 2323 3806 est
2365 3751 2574 3820 virtus,
2623 3752 2765 3823 quod
2814 3752 3034 3809 domum
3092 3754 3357 3812 fecissent
3400 3757 3686 3812 ecclesiam.
3713 3751 3787 3806 20.

2241 3843 2484 3900 Salutant
2512 3862 2599 3900 vos
2621 3862 2794 3901 ontnes
2815 3848 3022 3918 fratres.
3053 3848 3292 3905 Salutate
3327 3851 3534 3905 invicem
3563 3851 3612 3904 in
3646 3845 3789 3902 osculo

2237 3947 2435 3992 sancto.
2459 3937 2570 3992 Hoc
2601 3939 2770 3993 sancti
2802 3940 2969 3995 osculi
2997 3939 3084 3995 hic
3113 3941 3291 3996 solum
3319 3944 3469 4014 ponit
3496 3941 3791 3998 additamen-

2240 4030 2808 4100 tum.Quamobrem?
2859 4032 3029 4089 Valde
3071 4034 3213 4089 inter
3258 4050 3318 4091 se
3355 4034 3696 4096 dissidebant,
3738 4042 3791 4082 eo

2239 4124 2385 4195 quod
2435 4124 2680 4180 dicerent
2712 4142 2726 4179 :
2759 4123 2872 4195 Ego
2915 4125 3117 4193 quidem
3157 4143 3272 4180 sum
3305 4125 3499 4194 Pauli,
3528 4141 3612 4197 ego
3651 4131 3790 4177 autem

2239 4215 2448 4287 Apollo,
2464 4232 2555 4288 ego
2579 4226 2750 4270 autem
2765 4215 2972 4286 Ceplue,
2987 4233 3076 4289 ego
3094 4235 3209 4272 vero
3224 4218 3415 4274 Christi
3428 4219 3472 4290 (1
3491 4257 3505 4271 .
3519 4211 3760 4280 Cor.1.13)
3775 4226 3786 4262 :

2239 4307 2461 4381 ecquod
2480 4309 2615 4364 alius
2629 4309 2844 4381 quidem
2873 4313 3122 4378 esurirct,
3150 4310 3290 4366 alius
3307 4328 3436 4367 vero
3456 4317 3593 4367 esset
3608 4307 3787 4364 ebrius:

2238 4418 2307 4460 eo
2332 4403 2474 4474 quod
2506 4403 2766 4460 haberent
2807 4418 3011 4475 pugnas
3041 4415 3094 4460 et
3139 4405 3512 4460 azmulationes
3539 4412 3592 4458 et
3615 4402 3719 4456 lites
3741 4408 3788 4448 ac

2236 4498 2475 4570 judicia,
2521 4509 2576 4554 et
2623 4513 2689 4554 ex
2737 4498 2894 4552 donis
2945 4513 3138 4570 magna
3180 4508 3298 4554 erat
3347 4498 3578 4562 invidia,
3630 4501 3786 4560 magna

2239 4593 2489 4664 superbia
2516 4602 2571 4648 et
2597 4592 2922 4663 arrogantia.
2948 4592 3243 4662 Postquam
3281 4608 3412 4664 ergo
3435 4606 3528 4647 eos
3552 4582 3788 4656 conjunxit

2242 4700 2338 4754 per
2361 4683 2815 4749 exhortationem,
2846 4684 3040 4738 merito
3063 4684 3226 4740 etiam
3263 4684 3418 4754 jubet
3441 4677 3680 4750 conjungi
3707 4685 3782 4742 per

2240 4778 2486 4836 osculum
2526 4787 2793 4832 sanctum.
2827 4776 2939 4832 Hoc
2966 4777 3109 4832 enim
3138 4778 3289 4843 nuit,
3337 4786 3392 4832 et
3419 4789 3578 4829 unum
3620 4775 3783 4834 corpus

2241 4869 2367 4925 facit
2395 4887 2407 4924 :
2433 4867 2538 4924 hoc
2577 4878 2660 4924 est
2689 4877 2934 4924 sanetum
2959 4909 2974 4935 ,
3003 4867 3146 4939 quod
3187 4882 3294 4923 non
3325 4877 3408 4924 est
3449 4880 3566 4921 cum
3603 4858 3714 4916 dolo
3745 4860 3788 4906 el

2240 4959 2603 5014 simulatione.
2628 4959 2720 5014 21.
2756 4957 3014 5014 Salutatio
3038 4975 3147 5012 mea
3194 4975 3351 5013 manu
3381 4957 3553 5012 Pauli.
3579 4943 3786 5007 Ostendit

2243 5069 2439 5124 magno
2466 5053 2646 5109 studio
2689 5053 3044 5124 compositam
3077 5052 3242 5108 fuisse
3273 5050 3549 5120 epistolam
3575 5063 3588 5099 :
3613 5051 3662 5096 et
3687 5036 3784 5090 ideo
3875 5067 3886 5084 .

2224 5147 2345 5202 hoc
2372 5145 2567 5216 adjecit
2607 5145 2737 5201 :22.
2759 5145 2820 5200 Si
2843 5147 2958 5216 quis
2996 5161 3097 5200 non
3118 5153 3255 5206 amat
3287 5141 3557 5197 Dominum
3595 5139 3784 5189 nostrum

2239 5237 2418 5292 Jesum
2445 5236 2722 5301 Christum,
2740 5237 2807 5291 sit
2824 5237 3116 5292 anathema.

2312 5333 2368 5386 '5.
2400 5330 2448 5385 F
2449 5340 2590 5386 astus
2627 5334 2748 5399 quot
2792 5331 3043 5386 malorum
3085 5316 3261 5384 causa.
3285 5356 3355 5368 -—
3377 5325 3478 5382 Per
3515 5330 3663 5400 unum
3699 5309 3778 5364 hoc

2241 5428 2463 5482 verbum
2513 5440 2704 5480 omnes
2751 5426 2975 5489 terruit,
3027 5427 3116 5494 qui
3158 5424 3395 5477 membra
3422 5433 3513 5474 sua
3556 5407 3780 5468 faciebant

2241 5519 2488 5574 membra
2511 5518 2851 5582 meretricis;
2883 5534 2976 5573 eos
3007 5519 3098 5588 qui
3141 5518 3334 5571 fratres
3363 5507 3679 5568 oll‘endebanl
3703 5507 3778 5566 ρετ

2243 5611 2515 5666 immolata
2540 5611 2588 5664 id
2598 5609 2721 5674 olis,
2747 5625 2842 5665 eos
2863 5611 2952 5680 qui
2978 5608 3385 5664 nominabantur
3405 5619 3472 5658 ex
3496 5590 3776 5680 hominibuS.

2243 5717 2337 5759 eos
2391 5703 2482 5773 qui
2533 5716 2640 5756 non
2690 5679 2981 5756 credebant
3037 5695 3437 5756 resurrectioui.
3487 5689 3594 5746 Non
3633 5679 3775 5773 solum

2250 5808 2429 5851 autem
2462 5794 2691 5860 terruit,
2725 5793 2820 5848 sed
2850 5797 3011 5848 etiam
3043 5791 3273 5850 05tendit
3315 5789 3447 5841 viam
3479 5777 3696 5836 vinclis.
3731 5770 3775 5814 εί
