3998 6412
375 441 480 496 ΞΠ
1405 425 1472 485 IN
1512 424 1727 482 EPIST.
1772 425 1791 480 Ι

375 564 577 618 fontem
609 557 742 614 vitii.
760 557 910 614 Sicut
935 551 1076 610 enim
1101 565 1220 624 qua:
1236 547 1534 606 vehemens
1562 544 1720 601 fuerit
1739 541 1955 607 caritas,

373 651 666 722 exstinguit
693 657 749 704 et
776 647 994 720 expellit
1023 657 1213 700 omnes
1242 648 1584 711 peccatorum
1611 635 1859 704 species:
1884 632 1956 687 ita

372 743 537 798 etiam
565 739 778 812 quando
808 739 967 794 fuerit
992 733 1340 800 imbecillior,
1369 729 1494 786 facit
1537 743 1601 783 ea
1629 726 1954 798 germinare.

376 832 710 887 Maranatha.
740 830 980 898 Quanam
1030 827 1099 882 de
1145 837 1306 880 causa
1351 821 1455 877 hoc
1493 819 1694 874 dictum
1734 815 1858 872 est?
1903 822 1960 872 et

369 940 469 980 cur
499 914 653 979 'voee
707 921 966 978 Hebraica
1002 919 1028 973 ‘i
1076 917 1339 986 Quoniam
1389 911 1632 969 omnium
1689 909 1955 964 malorum

370 1032 534 1073 causa
564 1025 682 1071 erat
713 1002 881 1070 fastus
912 1012 1077 1086 (hunc
1100 1018 1278 1064 autem
1321 1006 1515 1062 fastum
1566 1001 1833 1059 efﬁciebat
1857 1015 1955 1055 ex-

369 1118 522 1164 terna
552 1097 832 1178 sapientia.
857 1123 870 1159 :
903 1114 957 1160 et
986 1103 1087 1160 hoc
1133 1103 1234 1157 fuit
1277 1107 1438 1170 caput
1467 1097 1728 1153 malorum
1751 1135 1767 1160 ,
1813 1092 1955 1164 quod

366 1199 602 1254 maxime
619 1198 836 1253 divulsit
857 1212 920 1251 ac
944 1193 1125 1251 divisit
1145 1188 1519 1270 corinthum);
1550 1203 1736 1243 eorum
1759 1186 1954 1241 fastum

365 1292 763 1362 comprimens,
795 1305 863 1345 ne
893 1285 1342 1367 Grtecalquidem,
1373 1285 1466 1339 sed
1515 1282 1741 1338 Hebrtea
1773 1281 1952 1350 lingua

367 1399 498 1440 usus
524 1393 630 1449 est,
655 1381 948 1438 ostendens
978 1396 1036 1436 se
1065 1395 1170 1435 non
1202 1377 1362 1433 modo
1388 1392 1494 1432 non
1528 1376 1729 1447 pudere
1750 1375 1956 1445 simpli-

364 1466 544 1530 citatis
574 1483 630 1530 et
675 1473 954 1543 imperitiae
980 1514 996 1538 ,
1019 1467 1120 1527 'sed
1148 1485 1266 1525 eam
1292 1470 1454 1524 etiam
1481 1465 1953 1523 vehementissime

364 1577 419 1623 et
444 1565 821 1622 ardentissime
838 1580 954 1620 com
964 1563 1139 1634 plecti.
1161 1560 1298 1628 Quid
1314 1571 1398 1615 est
1416 1569 1592 1614 autem
1616 1555 1954 1612 Μαι-ωηαιήαέ

368 1647 618 1712 Dominus
660 1665 829 1711 noster
875 1657 1030 1710 venit.
1060 1654 1302 1722 Quanam
1347 1666 1476 1721 ergo
1519 1649 1589 1704 de
1631 1662 1796 1704 causa
1849 1646 1954 1703 hoc

366 1751 540 1819 ipsum
561 1748 734 1804 dicit?
767 1745 1192 1818 Dispensationis
1224 1742 1434 1798 Domini
1472 1755 1776 1797 sermonem
1821 1753 1950 1794 con-

366 1845 607 1907 firmans,
639 1855 708 1896 eo
735 1839 877 1910 quod
902 1854 966 1895 ex
999 1839 1065 1894 iis
1090 1837 1322 1893 maxime
1343 1835 1706 1904 composuerit
1744 1835 1949 1890 semina

364 1931 806 1997 resurrectionis;
834 1946 936 1986 nec
952 1930 1056 1986 hoc
1076 1929 1272 1995 solum,
1293 1927 1388 1984 sed
1413 1927 1538 1982 illos
1562 1926 1724 1982 etiam
1749 1925 1952 1996 pudore

359 2025 607 2081 afﬁciens
650 2024 850 2096 :quasi
904 2023 1114 2079 diceret
1160 2022 1522 2078 :Communis
1567 2021 1805 2076 omnium
1845 2021 1952 2075 Do-

359 2119 544 2173 minus
575 2125 780 2172 tantum
830 2117 1078 2188 dignatus
1118 2125 1201 2171 est
1225 2113 1554 2170 descendere
1583 2131 1596 2167 :
1625 2129 1722 2169 vos
1768 2122 1973 2167 autem-

359 2213 415 2267 in
447 2211 638 2267 iisdem
667 2212 828 2278 estis,
874 2219 928 2266 et
953 2224 1178 2281 peccare
1207 2207 1610 2280 perseveratis?
1658 2223 1766 2262 non
1793 2223 1946 2262 sum-

358 2317 505 2358 mam
551 2303 830 2358 caritatem
881 2301 1262 2371 obstupescitis
1309 2309 1364 2357 et
1407 2300 1776 2366 admiremini,
1802 2300 1945 2371 quod

357 2405 444 2451 est
488 2404 650 2464 caput
687 2393 992 2450 bonorum?
1021 2393 1134 2449 Hoc
1178 2392 1351 2450 solum
1378 2434 1394 2458 ,
1423 2392 1623 2464 inquit,
1651 2392 1826 2464 cogita
1845 2433 1860 2459 ,
1891 2401 1947 2448 et

357 2488 450 2542 tibi
479 2485 708 2543 sufficiet
737 2487 803 2542 ad
843 2487 1140 2557 profectum
1172 2487 1224 2541 in
1263 2487 1412 2542 omni
1439 2488 1634 2542 virtute
1653 2527 1670 2554 ,
1700 2496 1756 2543 et
1783 2501 1944 2542 omne

355 2589 637 2651 peccatum
693 2581 894 2651 poteris
946 2580 1308 2651 exstinguere.
1363 2580 1455 2635 Ξῖ).
1503 2578 1682 2634 Gratia
1735 2577 1944 2634 Domini

355 2674 518 2727 nostri
539 2671 666 2727 Jesu
691 2671 880 2727 Christi
923 2673 1198 2728 vobiscum.
1229 2672 1342 2729 Hoc
1384 2681 1469 2728 est
1509 2672 1748 2728 doctoris
1769 2712 1786 2736 ,
1834 2686 1952 2726 non

351 2764 529 2819 solum
559 2764 800 2821 consiliis
829 2780 986 2834 opem
1015 2764 1160 2820 ferre
1178 2805 1193 2830 ,
1221 2763 1316 2819 sed
1361 2763 1522 2819 etiam
1555 2765 1695 2819 votis
1723 2777 1787 2819 ac
1817 2778 1942 2832 pre-

350 2857 528 2914 cibus.
560 2855 652 2912 24.
681 2856 880 2913 Caritas
917 2873 1028 2912 mea
1073 2874 1187 2911 cum
1213 2856 1444 2912 omnibus
1469 2856 1606 2911 vobis
1648 2856 1703 2910 in
1740 2855 1942 2910 Christo

346 2949 500 3004 Jesu.
532 2950 710 3004 Amen.
740 2939 890 3006 Nam.
909 2939 983 3006 ne
1034 2951 1446 3015 existimarent,
1478 2949 1620 3020 quod
1646 2949 1726 3005 eis
1753 2965 1941 3004 assen-

349 3052 475 3096 tans
522 3042 578 3097 in
619 3041 723 3098 hoc
769 3042 1027 3108 desierit,
1073 3042 1242 3098 dicit:
1272 3041 1340 3096 In
1379 3040 1580 3097 Christo
1629 3041 1774 3096 Jesu.
1797 3040 1940 3096 Nihil

348 3135 498 3189 enim
517 3134 677 3191 habet
695 3135 984 3190 humanum
1001 3149 1186 3205 neque
1210 3134 1444 3200 carnale,
1465 3133 1558 3188 sed
1586 3142 1668 3188 est
1695 3130 1938 3203 quaedam

351 3226 572 3282 dilectio
597 3227 912 3297 spiritualis.
938 3226 1298 3293 Quamobrem
1325 3241 1386 3281 ea
1407 3233 1492 3280 est
1513 3224 1669 3279 valde
1684 3239 1940 3295 germana

350 3326 408 3372 et
436 3318 688 3383 sincera;
740 3333 864 3372 nam
904 3317 1062 3373 valde
1092 3317 1322 3372 amantis
1366 3325 1484 3372 erat
1530 3316 1776 3370 verbum.
1805 3315 1938 3383 Quia

344 3410 498 3465 enim
537 3410 657 3466 loco
684 3409 948 3476 distabat,
979 3418 1248 3480 tamquam
1294 3408 1521 3479 alicujus
1564 3408 1802 3463 dexterae
1847 3422 1942 3462 ex-

346 3501 622 3570 tensione,
649 3503 889 3558 caritatis
913 3502 1158 3558 manibus
1183 3515 1278 3556 eos
1300 3500 1692 3572 complectitur,
1713 3500 1937 3556 dicens:

345 3593 555 3648 Caritas
608 3610 720 3648 mea
771 3593 1027 3648 vobiscum
1074 3610 1093 3647 .'
1145 3592 1297 3662 quasi
1342 3592 1592 3647 diceret:
1634 3590 1764 3646 Sum
1817 3606 1938 3646 cum

345 3686 505 3741 vobis
529 3685 805 3741 omnibus.
841 3684 945 3740 Per
969 3699 1088 3754 qua:
1118 3683 1376 3751 ostendit,
1411 3698 1516 3738 non
1548 3698 1669 3739 esse
1698 3682 1944 3753 indigna-

348 3779 516 3834 tionis
535 3785 596 3832 et
619 3777 713 3832 irae
742 3792 862 3846 qua:
887 3778 1088 3847 scripta
1109 3783 1250 3840 sunt,
1285 3775 1383 3831 sed
1409 3791 1553 3831 curae
1572 3791 1734 3846 quam
1752 3791 1939 3830 eorum

347 3869 513 3940 gerit,
542 3883 664 3924 eum
689 3878 808 3940 post
832 3877 1033 3923 tantam
1083 3866 1483 3923 accusationem
1511 3882 1607 3922 eos
1647 3883 1754 3921 non
1781 3882 1939 3921 aver-

347 3971 518 4028 setur,
557 3961 652 4016 sed
679 3969 823 4014 amet
852 3969 906 4015 et
932 3959 1354 4029 complectatur,
1387 3974 1508 4013 cum
1535 3968 1716 4014 essent
1753 3959 1939 4027 procul

348 4055 569 4120 remoti,
603 4069 697 4122 per
721 4052 977 4123 epistolas
1008 4060 1066 4108 et
1089 4051 1187 4106 has
1211 4052 1399 4107 literas
1428 4051 1507 4106 eis
1533 4051 1682 4121 quasi
1707 4052 1936 4106 circum-

351 4147 650 4214 fusus.,Sic
689 4131 904 4217 oportet
939 4145 1114 4200 facere
1145 4160 1266 4200 eum
1297 4144 1387 4215 qui
1416 4144 1657 4215 corrigit.
1680 4144 1810 4198 Nam
1850 4145 1940 4214 qui

353 4242 430 4295 ira
456 4227 708 4294 incitatus
738 4238 912 4294 solum
946 4237 1093 4305 facit,
1141 4237 1328 4307 implet
1355 4251 1506 4291 suam
1539 4236 1705 4291 animi
1730 4245 1942 4307 pertur-

351 4331 624 4386 bationem
649 4349 663 4385 :
690 4331 780 4400 qui
809 4338 988 4385 autem
1012 4337 1295 4399 postquam
1327 4329 1567 4383 correxit
1596 4337 1937 4398 peccantem,

350 4425 632 4480 caritatem
673 4438 886 4494 quoque
907 4422 1128 4478 exhibet
1146 4463 1161 4486 ,
1186 4421 1422 4477 ostendit
1460 4419 1550 4474 illa
1580 4435 1795 4490 quoque
1823 4434 1946 4476 esse

352 4517 768 4583 benevolentiae,
796 4530 918 4585 quae
939 4513 1151 4569 dicebat
1175 4514 1478 4582 increpans.
1508 4511 1596 4568 Sic
1617 4527 1715 4566 nos
1731 4526 1944 4582 quoque

353 4610 494 4664 alter
539 4608 770 4663 alterum
816 4605 1126 4661 erudiamus
1154 4614 1209 4661 et
1247 4604 1569 4674 castigemus
1615 4621 1628 4657 :
1673 4612 1730 4659 et
1769 4617 1943 4673 neque

353 4701 444 4772 qui
475 4701 691 4772 arguit,
724 4700 1023 4763 irascatur;
1059 4712 1166 4752 non
1195 4705 1280 4751 est
1325 4696 1469 4750 enim
1501 4697 1603 4750 hoc
1647 4697 1944 4752 correctio-

352 4795 474 4858 nis,
503 4775 598 4848 sed
623 4791 787 4859 animi
820 4790 1239 4860 perturbationis
1266 4805 1282 4854 ;
1332 4802 1506 4858 neque
1550 4788 1638 4858 qui
1668 4787 1940 4858 arguitur,

353 4900 498 4955 aegre
524 4883 662 4939 ferat
687 4901 700 4938 :
731 4883 874 4954 quod
899 4881 957 4937 ﬁt
980 4883 1144 4946 enim,
1169 4889 1254 4937 est
1279 4880 1539 4934 medicina
1557 4920 1572 4943 ,
1615 4893 1723 4934 non
1763 4879 1942 4934 odium

352 4987 413 5032 et
438 4977 752 5034 inimicitiae.
785 4975 842 5031 Si
870 4983 1048 5030 autem
1080 4974 1272 5029 medici
1301 4982 1482 5038 urunt,
1515 4982 1570 5028 et
1609 4988 1715 5026 non
1758 4986 1946 5042 reprc-

356 5067 709 5131 henduntur,
762 5065 973 5121 etiamsi
1003 5081 1148 5136 saepe
1197 5067 1452 5120 aberrent
1496 5081 1527 5118 a
1575 5065 1719 5131 ﬁne;
1752 5064 1846 5118 sed
1892 5073 1947 5119 et

310 5218 324 5230 ,
351 5161 446 5230 qui
495 5159 708 5224 dolent,
739 5157 867 5212 dum
899 5166 1129 5212 uruntur
1171 5167 1225 5212 et
1268 5166 1553 5223 secantur,
1589 5155 1854 5211 beneﬁcio
1886 5170 1946 5212 se

355 5249 498 5305 afﬁci
529 5251 840 5305 existimant
879 5249 948 5304 ab
978 5247 1044 5302 iis
1073 5249 1161 5317 qui
1205 5247 1349 5302 hunc
1377 5245 1621 5302 dolorem
1665 5248 1900 5302 excitant
1929 5263 1942 5300 :

357 5341 528 5396 multo
556 5341 728 5411 magis
753 5355 911 5408 eum,
941 5341 1034 5411 qui
1063 5340 1287 5409 suscipit
1329 5340 1806 5410 reprehensionem
1826 5381 1841 5406 ,
1875 5340 1944 5394 ita

357 5432 501 5488 afﬁci
525 5441 764 5504 oportet,
791 5441 846 5486 ut
866 5447 986 5487 eum
1014 5433 1104 5500 qui
1129 5432 1344 5502 corrigit
1375 5448 1470 5501 pro
1496 5432 1706 5487 medico
1731 5432 1946 5499 habeat,

359 5539 468 5579 non
493 5539 594 5594 pro
626 5524 868 5580 inimico.
901 5522 1071 5579 Porro
1100 5539 1198 5578 nos
1223 5539 1437 5594 quoque
1467 5525 1556 5594 qui
1587 5524 1945 5594 increpamus,

355 5615 678 5670 accedamus
716 5630 840 5668 cum
870 5614 1034 5669 multa
1076 5615 1488 5670 mansuetudine
1528 5625 1582 5670 et
1631 5631 1752 5670 cum
1782 5618 1948 5672 multa

360 5707 640 5774 prudentia
667 5723 682 5771 ;
714 5715 772 5761 et
799 5705 844 5760 si
879 5705 1077 5762 videris
1104 5705 1322 5761 fratrem
1355 5716 1501 5761 tuum
1528 5707 1942 5777 delinquentem,

356 5797 500 5850 sicut
523 5796 772 5852 Christus
793 5796 989 5866 jussit,
1020 5797 1126 5852 noli
1174 5797 1228 5851 in
1278 5797 1546 5867 publicum
1592 5798 1833 5868 proferre
1859 5815 1948 5857 re-

366 5886 804 5959 prehensionem,
833 5888 928 5946 sed
954 5904 1075 5948 eum
1099 5889 1434 5962 reprehendo
1456 5891 1593 5948 inter
1618 5903 1668 5950 te
1697 5902 1754 5950 et
1775 5894 1948 5964 ipsum

1854 423 1944 478 AD
1983 421 2136 478 (ΞΟΠ.
2179 423 2412 480 1103111...
2456 423 2641 481 XLIV.

3551 427 3659 483 578

2067 539 2287 595 solum:
2321 556 2428 596 non
2454 540 2790 610 exprobrans
2833 555 2934 596 nec
2971 540 3173 610 jacenti
3226 541 3514 608 insultans,
3556 546 3662 598 sed.

2063 631 2266 687 docens
2315 643 2370 689 et
2397 648 2541 703 aegre
2568 632 2748 688 ferens
2781 653 2797 690 :
2827 641 2883 688 et
2912 643 2962 689 te
2993 635 3167 704 ipsum
3212 651 3428 707 quoque
3456 635 3654 694 exhibe

2063 734 2309 794 paratum
2341 734 2398 780 ut
2425 724 2860 796 reprehendaris,
2893 725 2938 780 si
2974 726 3100 796 quid
3130 741 3342 796 pecces.
3372 726 3441 783 Ut
3469 735 3664 784 autem

2059 816 2203 886 quod
2228 817 2348 873 dico
2389 817 2484 874 ﬁat
2525 819 2761 887 apertius
2780 857 2797 884 ,
2847 834 2942 888 per
2967 817 3310 890 hypothesim
3340 819 3484 890 quod
3510 819 3649 876 dici-

2059 925 2180 964 mus
2232 925 2586 966 exerceamus
2627 925 2642 963 :
2686 909 2827 965 absit
2869 911 3014 966 enim
3063 919 3122 964 ut
3173 911 3226 965 in
3273 912 3498 967 veritate
3545 912 3657 968 hoc

2059 999 2216 1056 nobis
2274 1001 2581 1071 exemplum
2635 1001 3026 1072 suppeditetur.
3085 1001 3171 1057 Sit
3236 1001 3400 1057 frater
3453 1003 3650 1074 aliquis

2059 1092 2309 1149 habitans
2334 1109 2455 1148 cum
2488 1093 2716 1164 virgine,
2747 1093 3006 1148 honestus
3033 1093 3247 1164 quidem
3279 1105 3333 1150 et
3382 1095 3644 1165 pudicus;

2057 1185 2152 1239 sed
2179 1200 2245 1240 ne
2290 1185 2368 1239 sic
2419 1185 2633 1256 quidem
2684 1185 2877 1239 malam
2908 1184 3126 1255 eﬁ‘ugiat
3166 1186 3642 1241 existimationem.

2056 1275 2112 1332 Si
2140 1292 2270 1348 ergo
2297 1277 2530 1333 audieris
2559 1278 2694 1332 hanc
2722 1278 2774 1332 in
2809 1293 2905 1332 ore
2932 1279 3072 1348 vulgi
3092 1293 3212 1333 esse
3238 1277 3640 1345 habitationem,

2056 1386 2125 1425 ne
2169 1369 2517 1440 despexeris,
2563 1387 2740 1442 neque
2787 1371 2989 1426 dixeris
3018 1390 3033 1427 :
3061 1372 3252 1427 Annon
3298 1372 3411 1443 ipse.
3457 1375 3644 1443 sapit?

2054 1476 2230 1518 annon
2283 1463 2432 1518 novit
2473 1463 2602 1534 quid
2629 1461 2923 1534 expediat?
2957 1463 3076 1519 sine
3115 1478 3276 1518 causa
3313 1466 3542 1531 ameris,
3575 1482 3644 1521 ne

2054 1555 2129 1610 sis
2156 1555 2280 1611 odio
2308 1556 2427 1611 sine
2456 1571 2617 1611 causa
2647 1573 2661 1608 :
2690 1555 2817 1626 quid
2845 1556 2988 1610 enim
3015 1554 3147 1610 mihi
3169 1570 3310 1611 cura:
3341 1565 3423 1611 est
3449 1573 3643 1626 super—

2052 1661 2317 1702 vacaneas
2372 1646 2648 1716 suscipere
2698 1647 3060 1702 inimicitias?
3111 1647 3236 1701 ilmc
3301 1657 3427 1702 sunt
3479 1648 3646 1705 verba

2052 1738 2218 1794 delira
2250 1739 2546 1796 bestiarum
2574 1781 2591 1806 ,
2622 1741 2704 1796 vel
2754 1741 2929 1812 potius
2959 1740 3289 1796 daemonum.
3315 1741 3430 1797 Non
3463 1751 3644 1811 potest

2053 1833 2196 1888 enim
2247 1831 2386 1900 ﬁeri,
2416 1842 2476 1888 ut
2508 1842 2709 1889 temere
2733 1844 2790 1889 et
2839 1835 2958 1889 sine
3002 1849 3166 1889 causa
3214 1834 3342 1890 odio
3379 1834 3642 1890 habeatur

2051 1924 2142 1994 qui
2167 1924 2272 1980 hoc
2297 1924 2424 1981 facit
2463 1926 2536 1980 ob
2561 1925 2954 1981 correctionem
2975 1967 2989 1990 ,
3021 1925 3114 1980 sed
3149 1935 3207 1980 ut
3248 1941 3439 1997 magna
3467 1926 3658 1993 bona,.

2051 2002 2278 2071 coronas
2331 2015 2626 2072 ineffabiles
2699 2027 3076 2086 consequatur.
3105 2017 3163 2073 Si
3211 2027 3393 2072 autem
3440 2018 3637 2074 dicas:

2049 2111 2188 2179 Quid
2219 2128 2371 2180 vero,
2401 2130 2506 2168 non
2534 2115 2650 2186 ipse
2675 2115 2855 2186 sapit?
2885 2115 3071 2171 audies
3125 2132 3152 2170 a
3184 2117 3339 2172 nobis
3382 2133 3504 2173 eum
3532 2135 3640 2173 nun

2049 2221 2279 2277 sapere;
2313 2217 2397 2263 est
2417 2209 2560 2264 enim
2589 2207 2784 2264 affectu
2812 2210 3018 2265 ebrius.
3050 2210 3106 2265 Si
3137 2211 3282 2266 enim
3312 2211 3364 2266 in
3399 2214 3639 2268 externis

2044 2298 2262 2368 judiciis
2292 2299 2364 2367 ii,
2397 2299 2490 2370 qui
2545 2298 2737 2370 injuria
2767 2300 3109 2366 afﬁciuntur,
3138 2318 3246 2356 non
3292 2313 3515 2372 possunt
3541 2319 3644 2368 pro

2046 2409 2106 2447 se
2131 2392 2345 2459 dicere,
2371 2400 2429 2447 ut
2469 2392 2560 2463 qui
2611 2393 2687 2447 ira
2716 2393 2993 2460 ferveant,
3024 2409 3348 2464 quamquam
3399 2409 3506 2449 non
3549 2407 3639 2449 est

2047 2483 2234 2538 vitium
2297 2483 2413 2539 bzec
2473 2483 2871 2540 commiseratio
2914 2502 2928 2538 :
2977 2486 3146 2540 multo
3198 2486 3367 2556 magis
3409 2486 3497 2551 ii,‘
3535 2489 3628 2557 qui

2045 2576 2184 2630 mala
2218 2585 2467 2632 tenentur
2481 2576 2896 2632 consuetudine.
2927 2577 3216 2647 Propterea
3243 2578 3385 2641 dico,
3415 2580 3630 2633 etiamsi

2044 2668 2242 2723 millies
2271 2667 2341 2722 sit
2369 2669 2617 2738 sapiens,
2656 2675 2891 2724 mentem
2935 2683 3040 2723 non
3092 2668 3256 2724 habet
3297 2669 3632 2739 vigilantem.

2043 2759 2181 2826 Quid
2208 2761 2352 2815 enim
2377 2770 2492 2816 erat
2520 2761 2720 2816 Davide
2735 2762 3033 2832 sapientius
3053 2764 3143 2834 qui
3171 2763 3404 2830 dicebat,
3432 2763 3645 2818 Incerta

2041 2863 2091 2907 et
2141 2855 2340 2909 occulta
2392 2855 2654 2926 sapientt'tz
2700 2865 2802 2919 tute
2857 2855 3192 2927 manifestasti
3245 2857 3372 2910 mihi
3436 2854 3648 2928 (1)εαί..

2041 2945 2133 3001 50.
2162 2945 2271 3016 8)?
2323 2945 2430 3003 Sed
2480 2945 2700 3017 quando
2749 2946 2962 3018 injustis
3004 2947 3178 3003 oculis
3226 2949 3358 3004 vidit
3407 2963 3632 3005 uxorem

2042 3043 2254 3106 militis,
2292 3049 2444 3108 tunc,
2480 3043 2533 3098 id
2583 3044 2726 3114 quod
2767 3046 2876 3115 pati
2920 3047 3058 3101 dixit
3091 3061 3190 3102 eos
3233 3046 3327 3116 qui
3367 3047 3635 3117 navigant

2041 3134 2096 3188 in
2132 3134 2272 3188 mari
2319 3133 2541 3201 furenti,
2575 3136 2745 3190 omnis
2794 3136 3054 3206 sapientia
3094 3137 3210 3205 ejus
3249 3146 3336 3192 est
3375 3142 3648 3208 absorpta-

2041 3225 2218 3296 (Psal.
2252 3226 2374 3281 106.
2400 3225 2522 3298 27);
2557 3235 2610 3282 et
2645 3243 2782 3297 opus
2817 3227 3052 3284 habebat
3084 3229 3209 3284 aliis
3244 3229 3337 3299 qui
3385 3231 3646 3300 corrige--

2039 3323 2183 3381 rent,
2215 3329 2315 3369 nec
2337 3316 2606 3370 sentiebat
2639 3317 2858 3386 quidem
2891 3317 2946 3371 in
2974 3317 3174 3386 quibus
3205 3325 3260 3372 et
3287 3319 3511 3386 quantis
3537 3319 3624 3371 itt-

2035 3412 2124 3460 tus
2159 3412 2476 3461 versaretur
2511 3406 2691 3460 malis.
2728 3403 3090 3472 Quamobrem
3132 3423 3229 3462 sua
3260 3407 3467 3463 deflens
3501 3425 3626 3478 pec-

2038 3505 2164 3550 cata
2193 3493 2409 3550 dicebat
2438 3510 2452 3547 :
2483 3494 2633 3550 Sicut
2669 3513 2800 3550 onus
2840 3513 2995 3565 grave
3039 3508 3272 3568 gravatae
3310 3509 3432 3552 sunt
3469 3517 3628 3569 super

2047 3601 2146 3638 me.
2179 3584 2525 3650 Putruerunt,
2558 3597 2606 3639 et
2642 3597 2904 3654 corrupta:
2940 3598 3063 3640 sunt
3106 3590 3377 3643 cicatrices
3427 3608 3551 3644 mete
3592 3610 3647 3647 (ι.

2045 3679 2181 3748 facie
2215 3678 2529 3744 insipientia:
2567 3695 2694 3732 mea:
2733 3678 2910 3751 (I’saf.
2941 3681 3030 3734 57.
3060 3680 3114 3735 5.
3144 3680 3221 3749 6).

2111 3779 2165 3833 4.
2197 3778 2312 3832 Non
2357 3778 2495 3847 sapit
2521 3791 2649 3848 ergo
2678 3790 2777 3830 nec
2818 3785 3052 3830 mentem
3086 3773 3364 3844 liabet-qni
3399 3783 3585 3844 peccat
3606 3791 3642 3838 ;,

2043 3879 2127 3925 est
2153 3870 2297 3924 enim
2323 3869 2523 3934 ebrius,
2557 3875 2614 3923 et
2642 3868 2759 3936 ejus
2785 3866 3017 3938 caligant
3045 3867 3204 3922 nouli.
3239 3866 3317 3921 Ne
3351 3867 3466 3921 haec
3496 3882 3645 3935 ergo.

2044 3963 2212 4029 dicas,
2243 3977 2418 4031 neque
2446 3959 2578 4014 illttd
2606 3958 2805 4014 addas:
2837 3957 2951 4012 Non
2982 3965 3066 4012 est
3091 3956 3223 4012 mihi
3253 3973 3429 4020 curzc;
3463 3955 3637 4011 Unuse

2043 4055 2250 4126 quisque
2279 4054 2411 4107 enim
2436 4069 2586 4106 suum
2615 4068 2746 4106 onus
2775 4049 2993 4122 portabit
3025 4049 3168 4121 (Gal.
3201 4050 3255 4105 6.
3286 4051 3368 4121 5).
3417 4049 3642 4103 Etenim.

2046 4151 2126 4205 vel
2163 4150 2454 4203 maximum
2480 4146 2576 4201 tibi
2604 4146 2807 4201 crimen
2839 4146 3036 4210 oritur,
3064 4144 3206 4215 quod
3238 4160 3360 4198 cum
3405 4142 3636 4198 vidisses

2044 4252 2338 4305 errantem,
2366 4241 2418 4293 in
2443 4239 2582 4292 viam
2612 4253 2718 4292 non
2749 4236 3050 4292 reduxeris.
3083 4236 3139 4293 Si
3168 4237 3309 4292 enim
3329 4235 3633 4306 jumentunt

2047 4335 2245 4389 inimici
2275 4334 2326 4387 in
2357 4331 2666 4388 Judaeorum
2700 4331 2820 4400 lege
2847 4345 2952 4383 non
2984 4330 3110 4383 licet
3132 4328 3413 4397 despicere
3441 4327 3459 4396 (
3477 4326 3634 4380 Deut.

2044 4426 2135 4482 22.
2171 4425 2260 4499 ~l);
2290 4425 2381 4496 qui
2406 4439 2516 4480 non
2557 4423 2879 4494 jumentum,
2912 4437 3091 4494 neque
3130 4421 3334 4476 inimici
3376 4419 3647 4483 animant,

2048 4520 2142 4576 sed
2185 4518 2346 4574 amici
2397 4517 2648 4587 despicit,
2691 4530 2978 4586 quamnam
3024 4521 3340 4583 assequetur
3392 4512 3640 4566 veniam?

2047 4613 2236 4683 Neque
2261 4609 2404 4666 enim
2433 4609 2499 4663 ad
2533 4617 2770 4663 nostram
2799 4604 2996 4661 sufficit
3027 4604 3454 4667 excusationem,
3492 4601 3642 4671 quod

2048 4705 2136 4760 ille
2159 4710 2394 4758 mentem
2423 4699 2640 4755 habeat.
2672 4698 2805 4753 Nam
2834 4712 2936 4752 nos
2961 4711 3175 4766 quoque
3204 4695 3294 4764 qui
3325 4708 3469 4764 saepe
3498 4692 3638 4746 mul-

2053 4805 2137 4850 tas
2160 4792 2411 4849 dedimus
2439 4790 2854 4854 admonitiones,
2883 4787 3040 4843 nobis
3066 4802 3173 4841 non
3195 4785 3511 4850 sufficimus,
3541 4797 3642 4838 nec

2050 4903 2236 4943 sumus
2263 4886 2440 4942 utiles.
2473 4883 2666 4938 De-illo
2697 4897 2826 4952 ergo
2858 4889 3113 4952 peccante
3142 4879 3244 4934 hoc
3272 4893 3482 4950 quoque
3507 4891 3642 4931 cons

2049 4979 2248 5043 sidera,
2276 4976 2418 5048 quod
2446 4986 2866 5032 consentaneum
2889 4974 2958 5030 sit
2982 4987 3105 5028 eum
3134 4987 3165 5026 a
3198 4981 3251 5027 te
3280 4971 3452 5049 magis
3479 4986 3639 5040 quant

2049 5087 2080 5126 a
2109 5073 2285 5141 seipso
2313 5071 2575 5140 optimum
2617 5067 2866 5136 accipere
2908 5064 3228 5129 consilium;
3261 5077 3438 5132 neque
3468 5061 3638 5123 dicas,

2053 5160 2192 5229 Quid
2242 5160 2360 5215 lucc
2404 5168 2530 5214 sunt
2557 5158 2688 5213 mihi
2729 5156 2910 5212 curae?
2957 5155 3111 5212 Time
3158 5170 3280 5209 eum
3324 5154 3414 5224 qui
3443 5154 3647 5223 primus

2054 5253 2194 5306 dixit
2221 5251 2326 5306 hoc
2363 5250 2628 5306 verbum:
2671 5264 2794 5304 nam
2836 5248 2988 5313 illud,
3033 5246 3297 5318 Numquid
3335 5262 3446 5299 sum
3479 5254 3648 5300 custos

2051 5346 2227 5415 fratris
2256 5344 2354 5399 mei
2380 5343 2532 5417 (Gen.
2566 5344 2620 5399 4.
2654 5343 2740 5414 9)?
2765 5341 2955 5397 eodem
2987 5356 3094 5411 quo
3123 5340 3223 5394 hoc
3253 5338 3473 5395 recidit:
3519 5338 3644 5393 hinc

2054 5438 2193 5493 mala
2220 5445 2514 5492 nascuntur
2537 5437 2739 5502 omnia,
2771 5435 2914 5506 quod
2940 5450 3058 5505 qua:
3087 5443 3213 5489 sunt
3242 5433 3407 5488 nostri
3445 5447 3643 5501 corpo-

2054 5530 2131 5584 ris
2166 5531 2342 5585 aliena
2381 5543 2503 5585 esse
2530 5528 2796 5583 ducimus.
2841 5527 2979 5596 Quid
3006 5527 3174 5582 dicis?
3205 5529 3368 5582 frater
3408 5540 3514 5578 non
3561 5533 3650 5578 est

2055 5623 2150 5678 tibi
2177 5622 2353 5678 curae?
2383 5621 2488 5678 Sed
2514 5621 2599 5676 cui
2625 5623 2728 5676 erit
2755 5621 2934 5676 curae?
2965 5619 3238 5674 infideline
3264 5619 3354 5686 qui
3383 5617 3500 5685 ejus
3528 5632 3646 5670 nta-

2059 5713 2126 5768 lis
2151 5714 2380 5775 laetatur,
2422 5712 2818 5782 exprobratque
2844 5721 2900 5765 et
2942 5709 3198 5764 insultat?
3219 5724 3286 5762 an
3306 5706 3520 5761 diabolo
3547 5705 3639 5774 qui

2059 5804 2283 5874 impedit
2319 5811 2376 5859 et
2400 5797 2738 5874 supplantat?
2785 5805 2851 5858 Et
2881 5802 3147 5857 undenam
3178 5799 3316 5853 hoc?
3357 5795 3510 5866 Quod
3539 5810 3651 5854 non-

2059 5896 2330 5968 proﬁciam
2355 5896 2539 5954 dicens
2567 5905 2618 5953 ct
2641 5894 2930 5953 consulens
2955 5909 3074 5964 quae
3103 5900 3336 5964 oportet.
3367 5889 3648 5948 Undenatn
