3998 6416
483 424 588 479 579

479 548 659 594 autem
690 545 771 594 est
810 537 1172 607 perspicuum,
1204 529 1344 601 quod
1376 544 1482 583 non
1525 524 1811 596 proﬁcies?
1837 524 1941 578 hoc
1985 531 2071 576 est

482 633 629 688 enim
673 640 929 686 extremm
975 625 1244 691 amentiae,
1299 638 1419 678 cum
1466 623 1521 677 in
1562 621 1769 675 incerto
1812 619 1883 673 sit
1927 618 2069 684 ﬁnis,

485 733 692 779 certum
720 722 903 776 subire
928 718 1130 773 crimen
1159 716 1517 786 negligentiae.
1541 713 1700 783 Atqui
1733 711 1871 766 Deus
1898 710 2072 764 futura

479 816 791 884 prmseiens,
824 826 967 881 saepe
997 809 1138 864 dixit
1170 817 1221 862 et
1256 806 1389 861 nihil
1421 804 1667 875 profecit,
1697 812 1753 859 et
1792 816 1966 872 neque
1997 800 2074 855 sic

477 906 713 961 destitit:
742 904 902 973 idque
946 917 1068 957 cum
1118 902 1283 955 sciret
1312 914 1373 955 se
1417 914 1523 953 non
1558 911 1960 967 persuasurum.
2016 893 2069 949 Si

477 1006 657 1051 autem
700 996 789 1065 qui
830 994 1101 1064 praescivit
1146 1007 1204 1047 se
1245 992 1379 1047 nihil
1422 992 1541 1062 plus
1578 989 1918 1053 eﬁ‘ecturum,
1965 1003 2070 1042 non

475 1090 688 1146 desistit
722 1087 1026 1160 corrigere?
1072 1101 1357 1158 quamnam
1401 1084 1625 1140 habebis
1668 1082 2071 1138 excusationem

476 1183 565 1254 qui
598 1183 832 1236 futurum
859 1180 1081 1236 omnino
1110 1180 1347 1250 ignoras,
1380 1176 1747 1248 pigrescisque
1774 1183 1830 1229 et
1857 1183 2071 1242 torpes-

475 1276 586 1331 cis?
615 1276 823 1330 Etenim
855 1274 1005 1328 multi
1033 1287 1178 1342 saepe
1205 1271 1442 1342 aggressi
1470 1268 1834 1338 profecerunt,
1863 1277 1916 1321 et
1945 1281 2072 1321 cum

476 1369 707 1422 maxime
734 1366 1134 1435 desperassent,
1177 1372 1304 1417 tunc
1339 1361 1573 1416 maxime
1617 1368 1743 1415 sunt
1772 1356 2064 1427 assequuti.

474 1458 628 1528 Quod
667 1459 712 1513 si
744 1459 905 1514 etiam
950 1456 1082 1511 nihil
1128 1455 1360 1525 amplius
1408 1452 1678 1517 eﬂeceris,
1722 1450 1895 1506 fecisti
1923 1448 2064 1519 quod

476 1561 628 1606 tuum
656 1560 759 1605 est.
806 1548 885 1605 Ne
913 1548 988 1603 sis
1015 1562 1144 1617 ergo
1184 1546 1529 1610 inhumanus,
1574 1559 1750 1615 neque
1779 1542 2067 1598 immiseri-

473 1659 620 1709 cors,
667 1656 843 1711 neque
889 1641 1189 1712 negligens.
1238 1639 1369 1695 Nam
1415 1638 1559 1710 quod
1603 1637 1722 1695 haac
1749 1636 1911 1691 verba
1959 1636 2069 1690 sint

471 1734 808 1790 crudelitatis
835 1743 889 1789 et
918 1733 1202 1799 socordiae,
1242 1732 1389 1787 illinc
1417 1739 1501 1787 est
1539 1730 1907 1801 perspicuum.
1958 1726 2068 1782 Cur

473 1827 618 1881 enim
646 1841 766 1881 cum
793 1840 957 1879 unum
985 1840 1053 1881 ex
1078 1824 1187 1879 tuis
1211 1822 1469 1879 membris
1500 1821 1729 1887 laborat,
1764 1835 1868 1875 non
1897 1818 2063 1874 dicis:

472 1919 610 1988 Quid
639 1918 769 1973 mihi
799 1933 963 1983 curae,
993 1926 1049 1973 et
1075 1916 1219 1972 unde
1240 1916 1369 1971 mihi
1393 1914 1681 1977 constabit,
1706 1912 1847 1984 quod
1876 1912 1921 1966 si
1950 1911 2067 1980 ejus

471 2028 657 2068 curam
676 2026 879 2084 geram,
903 2011 1276 2067 convalescet?
1297 2008 1392 2064 sed
1414 2008 1595 2061 omnia
1620 2006 1771 2071 facis,
1796 2016 1855 2060 ut
1871 2004 2065 2059 etiam-

470 2105 517 2160 si
563 2104 695 2159 nihil
745 2103 964 2174 iuveris,
999 2111 1052 2157 te
1093 2117 1201 2156 non
1232 2101 1405 2171 possis
1450 2097 1877 2170 reprehendere,
1921 2095 2063 2166 quod

469 2194 674 2266 aliquid
717 2196 786 2249 sit
833 2193 1263 2265 praetermissum
1308 2206 1496 2247 eorum
1526 2206 1646 2261 qua:
1676 2189 1875 2245 debent
1923 2188 2061 2243 fieri.

469 2293 554 2346 An
577 2304 707 2345 vero
731 2303 854 2343 cum
899 2287 1267 2343 membrorum
1312 2285 1528 2354 quidem
1560 2283 1809 2354 corporis
1858 2291 2061 2337 tantam

468 2397 653 2438 curam
674 2394 948 2451 geramus,
974 2378 1219 2434 membra
1248 2376 1451 2432 Christi
1477 2375 1843 2447 negligemus?
1864 2384 1921 2430 et
1942 2375 2064 2431 ubi-

468 2490 593 2530 nam
621 2472 736 2527 haec
766 2483 1044 2527 merentur
1072 2470 1322 2526 veniam?
1369 2468 1503 2524 Nam
1533 2469 1579 2525 si
1611 2477 1663 2524 te
1710 2482 1815 2523 non
1848 2466 2063 2522 inﬁecto

465 2566 672 2627 dicens,
706 2563 931 2619 Memhri
953 2564 1025 2617 tui
1056 2577 1242 2619 curam
1270 2576 1420 2632 gere,
1450 2569 1509 2616 ut
1539 2561 1622 2615 vel
1648 2568 1791 2614 metu
1821 2559 1918 2615 ﬁas
1943 2573 2061 2615 me-

465 2657 590 2724 lior,
606 2657 697 2711 tibi
723 2658 773 2710 in
793 2655 1107 2711 memoriam
1126 2668 1325 2711 revoco
1336 2668 1536 2723 corpus
1549 2651 1766 2709 Christi.
1782 2650 2063 2720 Quomodo

465 2750 608 2806 enim
631 2764 736 2803 non
763 2758 848 2803 est
868 2746 1197 2803 horrendum
1235 2754 1633 2817 putrescentem
1657 2759 1875 2799 carnem
1916 2753 2059 2798 tuam

464 2843 708 2913 aspicere
733 2850 784 2897 et
810 2839 1125 2911 despicere?
1156 2838 1225 2894 Et
1248 2840 1294 2893 si
1317 2838 1546 2893 haberes
1566 2835 1780 2907 quidem
1805 2835 2059 2892 famulum

464 2947 557 2989 aut
576 2936 783 2989 asinum
804 2933 1133 2988 laborantem
1148 2930 1564 3001 putredine,non
1580 2929 1877 2985 sustineres
1893 2928 2063 2999 despi-

462 3044 610 3094 cere;
629 3028 825 3081 Christi
840 3036 1021 3081 autem
1037 3039 1234 3094 corpus
1248 3023 1437 3081 videns
1454 3023 1716 3093 repletum
1735 3021 1915 3079 scabie
1931 3036 2063 3092 pra:-

465 3120 756 3176 tercurris‘f
772 3129 826 3174 et
842 3132 946 3172 non
971 3117 1248 3172 existimas
1270 3116 1383 3170 haec
1401 3129 1520 3171 esse
1540 3113 1696 3184 digna
1715 3112 1862 3168 mille
1883 3110 2063 3168 fulmi—

464 3213 654 3270 nibus?
677 3212 966 3283 Propterea
984 3210 1163 3264 omnia
1185 3223 1383 3279 susque
1398 3207 1575 3278 deque
1592 3208 1902 3274 miscentur,
1933 3222 2029 3276 pro
2043 3240 2057 3252 .

464 3317 583 3379 pter
600 3307 740 3362 hanc
757 3303 1222 3367 inhumanitatem,
1238 3310 1458 3373 propter
1471 3301 1609 3355 hanc
1621 3300 2022 3371 negligentiam.

535 3397 749 3453 Fratres
790 3395 1044 3466 quomodo
1085 3392 1482 3465 corrigendi.~—
1509 3390 1718 3447 ldi-irco
1759 3406 1891 3461 rogo
1923 3391 2062 3445 hanc

462 3491 799 3562 expellamus
819 3487 1192 3544 crudelitatem
1220 3503 1235 3541 :
1255 3483 1454 3541 accede
1473 3484 1541 3539 ad
1564 3482 1714 3539 illum
1737 3485 1825 3554 qui
1851 3482 2061 3538 habitat

461 3600 584 3639 cum
608 3583 838 3653 virgine,
857 3590 911 3636 et
935 3594 1156 3651 parvum
1178 3578 1266 3634 dic
1288 3577 1470 3633 fratris
1492 3576 1823 3644 encomium,
1852 3591 1915 3631 ex
1939 3575 2061 3630 aliis

468 3693 586 3749 quae
632 3674 796 3731 habet
835 3672 1134 3730 commodis
1159 3681 1215 3727 et
1258 3670 1473 3727 dotibus
1504 3670 1557 3725 id
1604 3685 1972 3741 componens;
2004 3676 2062 3724 et

463 3780 735 3838 tamquam
777 3782 914 3838 aqua
945 3765 1117 3821 calida
1160 3763 1350 3820 fovens
1395 3763 1663 3830 laudibus,
1701 3764 1773 3818 ita
1818 3762 2061 3834 deprime

464 3871 732 3915 tumorem
762 3859 880 3930 ejus
909 3858 1186 3913 vulneris:
1214 3867 1266 3912 te
1309 3871 1525 3926 quoque
1556 3856 1730 3925 ipsum
1774 3856 2060 3926 pronuntia

460 3959 739 4021 miserum,
766 3971 957 4012 accusa
982 3971 1268 4011 commune
1291 3970 1462 4025 genus
1491 3954 1805 4020 humanum,
1837 3954 2060 4010 ostende

462 4064 561 4103 nos
590 4063 781 4103 omnes
822 4062 945 4103 esse
972 4048 1025 4101 in
1057 4047 1314 4117 peccatis,
1358 4055 1482 4117 pete
1528 4047 1761 4110 veniam,
1790 4046 1979 4101 dicens
2007 4055 2060 4102 te

462 4142 667 4211 majora
707 4139 924 4210 aggredi
955 4155 1116 4209 quam
1145 4155 1265 4211 quae
1302 4139 1446 4194 vires
1491 4148 1596 4194 tuae
1638 4141 1779 4195 ferre
1825 4141 2057 4208 possint,

460 4232 557 4289 sed
607 4235 887 4287 caritatem
940 4232 1273 4302 persuadere
1327 4232 1509 4286 omnia
1568 4232 1791 4288 audere.
1851 4233 2059 4289 Deinde

460 4328 749 4382 consulens
777 4325 879 4380 hoc
912 4325 1027 4390 vfac,
1060 4342 1167 4380 non
1214 4335 1489 4395 tamquam
1535 4325 1826 4393 imperans,
1874 4326 1968 4381 sed
2002 4336 2060 4381 ut

460 4420 747 4475 fraterzet
791 4435 916 4475 cum
950 4418 1035 4473 his
1074 4418 1332 4474 omnibus
1382 4429 1645 4474 tumorem
1690 4418 2056 4489 depresseris,

461 4522 519 4569 et
560 4515 779 4569 lenieris
817 4514 1059 4569 dolorem
1101 4513 1191 4583 qui
1231 4512 1428 4567 accidit
1465 4527 1533 4568 ex
1580 4514 1823 4567 sectione
1866 4512 2059 4568 futura:

461 4607 924 4676 reprehensionis,
953 4614 1010 4661 et
1036 4619 1181 4674 saepe
1208 4619 1340 4660 usus
1368 4602 1536 4659 fueris
1565 4604 1933 4670 excusatione,
1964 4619 2056 4658 ro-

462 4698 781 4768 gaverisque
804 4712 874 4752 ne
898 4698 1188 4761 irascatur;
1220 4710 1341 4749 cum
1367 4710 1491 4749 eum
1514 4693 1598 4750 his
1625 4696 1895 4765 ligaveris,
1930 4705 2058 4751 tunc

459 4789 670 4860 plagam
703 4787 904 4859 inﬂige,
939 4802 1039 4843 nec
1068 4787 1261 4842 vulnus
1309 4786 1560 4857 alligans,
1596 4801 1699 4842 nec
1727 4786 2053 4855 dissolvens,

464 4889 524 4933 ut
566 4894 742 4947 neque
770 4878 917 4933 illinc
959 4878 1187 4943 resiliat,
1221 4892 1397 4948 neque
1441 4876 1566 4932 hinc
1595 4877 1878 4948 despiciat.
1921 4879 2055 4935 Nam

463 4973 513 5025 si
539 4972 831 5026 violentum
862 4986 969 5025 non
1001 4969 1216 5024 dederis
1254 4970 1467 5037 vulnus,
1512 4969 1645 5024 nihil
1677 4970 1909 5041 amplius
1939 4970 2061 5026 efﬁo

462 5066 614 5121 cies:
642 5064 724 5119 sin
769 5074 945 5120 autem
986 5062 1335 5118 vehementer
1373 5064 1725 5133 percusseris,
1767 5062 1973 5120 efﬁcies
1999 5073 2060 5121 ut

461 5157 691 5213 resiliat.
721 5158 1011 5229 Propterea
1044 5167 1098 5214 et
1117 5169 1239 5228 post
1260 5157 1379 5213 ba:c
1399 5159 1578 5213 omnia
1602 5158 2053 5228 reprehensurus,

460 5251 632 5306 misce
670 5266 858 5307 rursus
897 5252 1202 5306 encomium
1249 5266 1373 5305 cum
1420 5250 1972 5320 reprehensionibus:
2001 5259 2057 5307 et

460 5342 713 5412 quoniam
754 5341 828 5406 id,
859 5342 1002 5413 quod
1042 5342 1101 5396 ﬁt
1135 5342 1202 5396 ab
1232 5357 1319 5407 eo,
1363 5356 1463 5410 per
1490 5357 1548 5397 se
1591 5358 1696 5397 non
1729 5352 1904 5412 potest
1932 5358 2057 5399 esse

462 5433 768 5490 encomium
795 5434 818 5506 (
829 5450 933 5488 non
971 5445 1052 5490 est
1093 5434 1237 5489 enim
1280 5433 1436 5488 laude
1466 5434 1682 5504 dignum
1711 5434 1871 5489 simul
1903 5435 2057 5488 habi-

463 5537 580 5584 tare
608 5543 731 5585 cum
757 5528 934 5599 puella
960 5529 1227 5597 virgine),
1256 5528 1360 5584 hoc
1406 5528 1486 5584 fac
1511 5545 1579 5584 ex
1608 5540 1788 5586 mente
1815 5539 1869 5584 et
1904 5531 2057 5586 insti-

461 5628 582 5675 tuto
611 5619 726 5690 ejus
754 5620 844 5690 qui
872 5619 1032 5674 simul
1060 5618 1284 5672 habitat.
1333 5618 1449 5673 Etsi
1478 5620 1621 5673 enim
1652 5620 1785 5683 scio,
1820 5620 2052 5689 inquies,

464 5711 609 5781 quod
635 5721 688 5766 tu
716 5720 939 5783 propter
987 5710 1157 5764 Deum
1190 5708 1340 5774 facis,
1373 5719 1427 5764 et
1456 5710 1602 5764 illius
1631 5710 1844 5765 misera:
1870 5710 2054 5766 videas

466 5804 850 5870 calamitatem,
878 5812 933 5859 et
952 5803 1093 5876 quod
1126 5801 1413 5858 defensore
1438 5811 1622 5857 careat
1651 5812 1705 5856 et
1730 5812 1977 5873 patrono,
2004 5804 2054 5859 ei

466 5911 684 5956 manum
714 5899 1024 5971 praebuisti;
1056 5902 1261 5961 etiamsi
1292 5914 1398 5957 non
1432 5899 1533 5956 hoc
1563 5898 1743 5954 animo
1771 5897 1953 5969 faciat,
1991 5907 2046 5955 tu

1289 421 1344 473 S.
1398 411 1674 472 JOANNIS
1711 404 2186 464 CHIWSOSTOMI
2225 404 2541 461 ARCHIEP.
2582 405 3117 465 CONSTANTINOP.
3650 412 3743 469 380

2178 516 2265 574 die
2292 519 2360 574 ita
2388 537 2400 572 :
2425 528 2477 574 et
2503 528 2687 589 postea
2715 519 2831 577 haec
2861 537 3076 595 quoque
3093 521 3254 591 adde,
3280 539 3465 580 rursus
3489 536 3637 583 utens
3659 544 3747 584 es-

2179 610 2479 677 cusatione,
2527 621 2583 666 et
2607 610 2794 667 dicens
2819 631 2831 668 :
2857 612 2982 669 ll:ec
3008 614 3148 679 dico,
3202 630 3309 671 non
3344 616 3555 687 jubeus,
3580 621 3670 676 sed
3698 623 3748 677 in

2177 703 2491 758 memoriam
2543 714 3083 775 revocanszpropter
3128 706 3294 762 Deum
3345 718 3400 763 tu
3444 709 3603 775 facis,
3647 728 3740 784 ego

2177 811 2394 866 quoque
2434 796 2488 852 id
2516 797 2660 864 scio;
2695 798 2790 855 sed
2839 800 3117 857 videamus
3163 818 3288 856 num
3320 818 3387 857 ex
3426 803 3526 859 hoc
3552 806 3747 876 aliquod

2176 890 2320 945 aliud
2353 902 2608 947 nascatur
2654 893 2857 948 malum
2883 910 2896 947 :
2920 904 2976 950 et
3000 896 3045 949 si
3092 895 3296 951 nullum
3324 898 3534 967 quidem
3559 902 3645 967 sit,
3673 903 3748 958 in-

2178 992 2262 1039 tus
2290 986 2528 1052 contine,
2578 986 2965 1059 pulchrumque
2993 987 3096 1045 hoc
3126 998 3182 1046 et
3222 991 3502 1046 honestum
3529 995 3748 1051 studium

2177 1089 2533 1147 persequere;
2587 1079 2764 1133 nullus
2811 1089 2894 1135 est
2935 1081 3026 1150 qui
3073 1085 3363 1138 vetet:sin
3412 1096 3587 1141 autem
3638 1087 3749 1144 hinc

2177 1169 2416 1223 nascitur
2461 1169 2678 1240 aliquod
2727 1170 2982 1227 damnum
3030 1173 3201 1243 majus
3258 1175 3429 1245 lucro,
3481 1192 3748 1234 caveamus

2172 1276 2273 1318 oro
2302 1279 2389 1329 ne,
2422 1263 2549 1318 dum
2576 1280 2738 1321 unam
2766 1266 3043 1323 studemus
3074 1284 3325 1325 recreare
3348 1274 3601 1339 animam,
3635 1276 3745 1330 mil.

2174 1354 2226 1411 le
2253 1356 2608 1413 offendamus.
2652 1358 2760 1415 Nec
2790 1362 2972 1417 statim
3000 1362 3167 1417 addas
3195 1365 3460 1434 supplicia
3492 1371 3743 1437 proposita

2173 1446 2239 1503 iis
2259 1449 2347 1517 qui
2374 1449 2653 1507 offendunt
2673 1460 2727 1507 et
2752 1452 3063 1508 scandalum
3092 1454 3343 1522 all'erunl,
3368 1458 3463 1512 sed
3490 1459 3604 1529 ejus
3623 1477 3743 1530 quo-

2172 1555 2279 1612 que
2317 1540 2543 1597 adsume
2592 1544 2982 1611 testimonium,
3034 1546 3222 1603 dicens
3246 1566 3258 1602 :
3283 1548 3400 1605 Non
3426 1564 3562 1620 Opus
3590 1563 3744 1609 estut

2171 1629 2287 1687 haec
2314 1647 2342 1686 a
2373 1648 2459 1689 me
2486 1632 2693 1699 discas;
2729 1646 2783 1691 tu
2811 1636 2925 1706 ipse
2950 1639 3079 1704 scis,
3106 1639 3300 1710 siquis
3326 1642 3564 1699 oll'endat
3587 1661 3734 1699 unuut

2172 1738 2238 1778 ex
2264 1724 2348 1778 his
2375 1724 2601 1793 pusillis,
2632 1728 2813 1796 quanti
2846 1728 3093 1798 supplicii
3124 1731 3461 1789 intententur
3486 1736 3639 1791 mina)
3661 1755 3673 1791 :
3698 1747 3744 1791 et

2170 1828 2292 1870 cum
2318 1816 2395 1870 sic
2422 1817 2639 1873 lenieris
2684 1819 3005 1884 orationem.
3035 1830 3091 1876 et
3118 1821 3251 1877 iram
3280 1824 3563 1894 mitigaris,
3593 1826 3743 1896 impo-

2170 1924 2239 1964 ne
2294 1909 2744 1967 medicamentum
2799 1915 3177 1971 correctionis.
3235 1915 3291 1972 Si
3342 1928 3524 1974 autetu
3574 1935 3743 1976 rursus

2169 2009 2419 2057 causetur
2460 2003 2580 2072 ejus
2610 2004 2980 2074 solitudinem,
3014 2023 3082 2063 ne
3112 2007 3191 2066 sic
3218 2010 3440 2079 quidem
3485 2012 3740 2068 obtentum

2169 2094 2606 2164 reprehenderis,
2655 2098 2750 2155 sed
2791 2098 2878 2156 dic
2904 2100 3163 2157 ei:l\’ihil
3209 2103 3404 2159 horum
3452 2112 3504 2162 te
3529 2114 3738 2162 terreat:

2170 2186 2520 2244 sufficientem
2568 2190 2792 2247 habebis
2836 2193 3238 2251 excusationem
3284 2195 3513 2252 aliorum
3540 2197 3743 2254 scanda-

2168 2281 2276 2336 lum
2303 2300 2316 2335 :
2342 2297 2449 2339 non
2479 2284 2622 2339 enim
2663 2293 2884 2357 propter
2926 2287 3252 2355 socordiam,
3297 2290 3401 2348 sed
3428 2291 3632 2350 illorum
3656 2307 3740 2351 cu-

2169 2388 2281 2428 ram
2309 2389 2526 2444 gerens,
2556 2375 2809 2432 destitisti
2836 2376 2905 2435 ab
2930 2378 3035 2434 hoc
3058 2380 3257 2437 studio.

2236 2464 2292 2520 5.
2334 2464 2403 2520 Et
2434 2465 2599 2522 breve
2620 2467 2836 2538 quidem
2864 2469 2932 2524 sit
2960 2471 3280 2540 consilium;
3323 2476 3435 2531 nOll
3461 2476 3599 2532 enim
3635 2482 3741 2547 eget

2166 2570 2357 2626 magna
2379 2556 2659 2624 doctrina;
2688 2559 2846 2616 venia
2878 2570 3058 2617 autem
3090 2563 3165 2618 sit
3193 2564 3367 2621 multa
3394 2577 3448 2623 et
3476 2567 3738 2638 frequens:

2166 2660 2222 2704 et
2240 2649 2583 2706 continenter
2601 2651 2829 2723 confuge
2855 2653 2921 2708 ad
2946 2654 3250 2721 caritatem,
3270 2671 3465 2715 eorum
3484 2676 3598 2730 qua!
3616 2659 3741 2715 dicta

2165 2748 2293 2795 sunt
2320 2751 2615 2813 contegens
2657 2744 2975 2813 gravitatem
3003 2755 3059 2803 et
3088 2748 3421 2815 molestiam,
3450 2750 3676 2820 dansque
3698 2752 3740 2807 ei

2166 2842 2486 2904 potestatem
2517 2842 2573 2891 et
2610 2836 2801 2894 dicens
2833 2856 2848 2893 :
2895 2837 3010 2909 Ego
3054 2840 3271 2910 quidem
3316 2844 3442 2898 haec
3477 2843 3665 2899 suadeo
3694 2852 3741 2900 et

2164 2925 2411 2991 consulo,
2435 2925 2488 2980 in
2512 2936 2601 2981 tua
2626 2935 2804 2982 autem
2835 2936 3100 2998 potestate
3125 2938 3211 2987 est
3254 2939 3313 2986 ut
3352 2933 3734 3003 persuadearis:

2167 3032 2341 3087 neque
2369 3018 2511 3074 enim
2539 3033 2674 3089 cogo
2699 3034 2798 3074 nec
2822 3019 2929 3074 vim
2956 3019 3146 3089 affero,
3174 3022 3270 3078 sed
3318 3033 3486 3081 totum
3511 3027 3733 3097 permitto

2164 3110 2339 3169 libero
2364 3120 2458 3168 tuo
2483 3112 2729 3172 arbitrio.
2757 3112 2812 3170 Si
2844 3115 3325 3184 reprehensionem
3348 3121 3421 3175 ita
3450 3130 3728 3187 tractemus,

2163 3203 2318 3261 facile
2346 3207 2640 3275 poterimus
2669 3216 2953 3277 peccantes
2977 3209 3248 3281 corrigere
3274 3230 3289 3267 :
3324 3229 3446 3269 nam
3475 3229 3588 3285 quae
3612 3226 3730 3268 nunc

2165 3297 2388 3355 facimus
2416 3308 2544 3357 sunt
2570 3302 2743 3371 magis
2772 3301 3063 3360 bestiarum
3094 3313 3149 3359 et
3178 3305 3409 3362 rationis
3436 3307 3727 3379 expertium,

2164 3404 2324 3460 quam
2345 3389 2643 3447 hominum.
2667 3392 2800 3451 Nam
2828 3394 2873 3448 si
2895 3410 3038 3451 nunc
3053 3395 3271 3466 quidem
3301 3400 3565 3456 senserint
3585 3395 3724 3466 aliqui

2165 3484 2471 3554 quempiam
2506 3485 2622 3540 haec
2666 3495 2999 3556 peccantem,
3034 3488 3180 3542 illum
3210 3489 3432 3561 quidem
3474 3506 3569 3546 non
3605 3488 3723 3542 allo-

2165 3584 2421 3646 quuntur.
2456 3577 2553 3647 ipsi
2584 3587 2763 3634 autent
2790 3590 3062 3651 tamquam
3090 3580 3255 3637 ebriae
3287 3585 3512 3640 aniculae
3534 3585 3652 3638 inter
3676 3593 3728 3635 se

2165 3678 2476 3725 susurrant:
2501 3680 2557 3725 et
2581 3671 2732 3737 illud,
2757 3672 2888 3727 Sine
2913 3687 3074 3729 causa
3102 3675 3327 3742 ameris,
3357 3687 3433 3744 et,
3455 3676 3529 3732 Ne
3556 3685 3730 3730 temere

2165 3771 2219 3817 et
2247 3762 2363 3818 sine
2389 3778 2550 3818 causa
2581 3762 2707 3819 odio
2735 3763 3007 3831 habearis,
3035 3781 3303 3836 nusquam
3348 3768 3485 3839 apud
3516 3768 3624 3824 illos
3659 3765 3728 3820 vi-

2165 3858 2325 3912 detur
2351 3857 2526 3912 locum
2558 3857 2793 3921 habere;
2826 3859 2921 3913 sed
2949 3860 3163 3928 quando
3183 3863 3409 3931 cupiunt
3428 3862 3627 3933 quidem
3651 3872 3729 3913 ac-

2164 3964 2373 4013 cusare,
2399 3948 2701 4020 despiciunt
2730 3951 2883 4017 illud,
2915 3950 3030 4006 Non
3062 3952 3179 4008 sine
3203 3968 3370 4010 causa
3400 3956 3521 4010 odio
3548 3950 3728 4014 haberi,

2165 4040 2274 4096 imo
2305 4056 2432 4097 vero
2460 4042 2621 4096 etiam
2652 4043 2827 4112 puniri
2859 4043 2877 4113 (
2896 4059 3071 4114 neque
3097 4046 3241 4099 enim
3277 4045 3403 4105 huic
3449 4048 3613 4101 solum
3647 4058 3729 4097 nso

2164 4136 2334 4191 scitur
2371 4135 2576 4201 odium,
2600 4136 2695 4191 sed
2724 4136 2885 4192 etiam
2919 4138 3313 4210 supplicium);
3343 4141 3550 4211 quando
3576 4148 3729 4195 autem

2166 4243 2303 4299 opus
2322 4228 2849 4297 fueritcorrectione,
2866 4231 3040 4287 ethoc
3065 4234 3236 4303 ipsum
3252 4244 3310 4289 et
3328 4234 3468 4290 mille
3486 4234 3611 4289 alias
3629 4230 3731 4286 alle-

2164 4324 2675 4379 runtexcusationes
2688 4334 2739 4379 et
2754 4324 3192 4381 obtentus.Tunc
3204 4328 3375 4392 enim,
3392 4337 3513 4383 tunc
3529 4326 3729 4382 illudco-

2163 4417 2334 4487 gitare
2361 4425 2657 4485 oporteret,
2689 4417 2906 4487 quando
2934 4420 3409 4490 accusas,quando
3433 4416 3728 4479 criminaris,

2165 4522 2379 4577 nempe,
2410 4506 2487 4562 Ne
2519 4518 2723 4564 temere
2750 4518 2805 4563 et
2830 4510 2947 4563 sine
2975 4524 3140 4564 causa
3182 4510 3310 4566 odio
3350 4510 3615 4571 habearis,
3651 4513 3725 4568 et.

2166 4599 2309 4654 Nihil
2333 4598 2577 4670 proﬁcio,
2598 4611 2671 4665 et,
2691 4600 2808 4655 Non
2826 4611 2911 4655 est
2938 4601 3066 4656 mihi
3088 4616 3253 4657 cum.
3278 4602 3429 4657 Nunc
3448 4611 3617 4655 autem
3636 4608 3726 4651 tum

2163 4692 2381 4764 quidem
2392 4707 2452 4748 es
2466 4692 2818 4749 vehementer
2836 4693 3174 4765 inaniterque
3189 4708 3252 4749 ac
3263 4701 3727 4763 supervaeaueecu-

2162 4787 2435 4845 riosus,et
2449 4784 2628 4840 odium
2648 4784 2901 4854 despicis,
2920 4793 2976 4839 et
2995 4784 3133 4839 mala
3152 4783 3552 4841 innumerabilia
3566 4792 3727 4851 :quan-

2162 4876 2234 4932 do
2260 4886 2436 4931 autem
2455 4878 2642 4932 salutis
2659 4878 2837 4931 fratris
2856 4887 2908 4933 te
2922 4892 3105 4932 curam
3120 4894 3310 4948 gerere
3322 4884 3605 4947 oporteret.
3619 4882 3725 4925 tunc

2162 4970 2244 5024 vis
2263 4984 2387 5025 esse
2414 4984 2519 5023 non
2537 4969 2779 5024 curiosus
2794 4979 2849 5023 et
2880 4983 2984 5023 non
3014 4969 3192 5040 gravis
3215 4984 3279 5024 ac
3297 4968 3567 5023 molestus.
3586 4958 3723 5029 Atqui

2162 5077 2230 5117 ex
2256 5060 2623 5116 maledicentia
2655 5061 2873 5131 quidem
2896 5063 3132 5116 nascitur
3153 5061 3334 5117 odium
3351 5070 3404 5114 et
3424 5056 3555 5127 apud
3576 5052 3724 5108 homi—

2163 5168 2260 5208 nes
2290 5163 2347 5208 et
2371 5153 2509 5221 apud
2555 5153 2743 5217 Deum,
2776 5163 2830 5208 et
2869 5153 2975 5209 hoc
2998 5168 3106 5209 non
3147 5162 3229 5209 est
3254 5152 3348 5207 tibi
3379 5167 3517 5207 cura:
3546 5166 3559 5202 :
3585 5162 3643 5202 ex
3667 5155 3723 5197 eo

2160 5258 2362 5312 autem,
2379 5245 2521 5316 quod
2551 5245 2648 5300 das
2664 5261 2906 5301 seorsum
2928 5246 3171 5311 consilia,
3197 5254 3251 5300 et
3278 5259 3341 5299 ex
3370 5237 3617 5312 ejusmodi
3646 5248 3719 5288 re-

2161 5339 2637 5411 prehensionibus.
2663 5350 2717 5396 et
2742 5339 2884 5411 apud
2912 5340 3061 5395 illum
3085 5337 3298 5409 etapud
3331 5337 3492 5391 Deum
3521 5331 3614 5386 erit
3642 5322 3719 5380 tibi

2162 5432 2421 5487 amicitia.
2473 5432 2627 5500 Quod
2681 5433 2726 5488 si
2756 5432 2918 5487 etiam
2966 5433 3080 5502 ipse
3123 5440 3177 5486 te
3217 5428 3424 5493 oderit,
3465 5427 3717 5494 propter”

2165 5527 2309 5581 Deus
2360 5535 2542 5581 manet
2590 5536 2642 5581 te
2683 5526 2852 5596 magis
2901 5525 3170 5595 diligens:
3203 5522 3311 5576 imo
3352 5531 3476 5573 vero
3521 5526 3611 5568 nec
3650 5505 3713 5596 sic

2163 5616 2361 5682 oderit,
2386 5625 2444 5670 ut
2484 5616 2698 5686 quando
2725 5592 2849 5671 odio
2894 5592 3122 5669 habebat
3164 5611 3592 5667 maledicentem;
3634 5592 3713 5652 Sed

2160 5723 2293 5767 tunc
2321 5711 2537 5782 quidem
2568 5721 2837 5779 tamquam
2889 5710 3163 5763 inimicum
3194 5714 3249 5760 et
3279 5704 3481 5758 hostem
3522 5703 3714 5782 averse-

2164 5780 2505 5871 biturinunc
2534 5810 2713 5857 autem
2740 5801 3067 5857 existimabit
3095 5810 3146 5855 te
3171 5797 3359 5867 quovis
3400 5803 3544 5863 patre
3568 5780 3715 5850 111³6⁵⁸

2170 5895 2547 5953 reverendam.
2575 5891 2729 5962 Quod
2759 5892 2804 5949 si
2827 5894 2990 5950 etiam
3018 5900 3198 5964 aperte
3224 5889 3397 5943 animo
3416 5895 3547 5953 aegre
3573 5875 3708 5931 ferat.
