3998 6456
271 371 394 427 δ”θ

272 487 424 543 ἀλλά
471 489 550 560 τῷ
578 490 834 563 διαϐόλῳ,
884 494 964 566 τῷ
1001 495 1232 552 ὠθοῦντι
1279 499 1376 553 καὶ
1423 501 1867 568 ὑποσκελίζοντι;

274 581 399 634 Καὶ
429 580 600 636 πόθεν
637 582 829 650 τοῦτο;
866 586 990 642 Ὅτι
1023 589 1123 642 οὐκ
1154 591 1322 657 ἀνύω,
1361 593 1534 664 φησὶ,
1568 595 1742 664 λέγων
1771 595 1866 650 καὶ

274 670 675 741 συμϐουλεύων
726 675 796 728 τά
848 675 1055 734 δέοντα.
1108 681 1281 736 Πόθεν
1319 682 1378 736 δέ
1430 684 1590 755 δῆλον
1635 686 1718 740 ὅτι
1766 688 1867 740 οὐκ

269 761 535 829 ἁνύσεις;
586 764 681 818 καὶ
723 765 833 839 γὰρ
864 768 1025 823 τοῦτο
1067 773 1230 827 πάλιν
1280 775 1520 846 ἐσχάτης
1556 777 1764 843 ἀνοίας,
1807 779 1866 831 ἐν

267 855 461 927 ἀδήλῳ
484 857 578 912 τοῦ
604 857 796 924 τέλους
821 862 1100 932 κειμένου,
1135 865 1409 936 ῥᾳθυμίας
1432 869 1865 942 ὡμολογημένης

265 947 602 1019 ἐγκλήματα
651 949 927 1021 δέχεσθαι.
981 955 1173 1010 Καίτοι
1225 957 1254 1010 6
1307 957 1442 1023 Θεὸς
1481 959 1555 1014 τά
1600 961 1864 1032 μέλλοντα

265 1041 547 1110 προειδὼς
567 1083 580 1104 ,
609 1043 873 1109 πολλάκις
905 1041 1051 1114 εἷπε,
1100 1049 1196 1102 καὶ
1234 1050 1335 1104 οὐκ
1368 1051 1532 1123 ήνυσε
1557 1092 1572 1118 ,
1607 1055 1702 1108 καὶ
1741 1055 1862 1109 οὐδέ

261 1132 327 1185 οἱ
339 1149 450 1198 τως
469 1135 708 1207 ἀπέστη,
731 1138 1017 1194 καὶταῦτα
1033 1140 1209 1208 εἰδὼς,
1230 1144 1312 1196 ὅτι
1335 1144 1396 1197 οὐ
1422 1144 1610 1215 μέλλει
1627 1147 1858 1202 πείθειν.

262 1225 328 1277 ΕΞ
360 1225 423 1278 δέ
461 1228 492 1280 6
526 1229 790 1298 προειδὼς
815 1232 896 1285 ὅτι
924 1232 1079 1286 οὐδὲν
1117 1233 1281 1288 πλέον
1315 1237 1559 1307 ποιήσει,
1589 1237 1683 1292 τοῦ
1714 1238 1860 1310 διορο

259 1317 404 1372 θοῦν
433 1319 534 1374 οὐκ
564 1321 885 1390 ἀφίσταται,
920 1324 1048 1380 τίνα
1087 1326 1231 1391 ἕξεις
1262 1327 1559 1398 ἀπολογίαν
1589 1330 1619 1383 ό
1647 1330 1858 1398 ἀγνοῶν

255 1411 346 1506 τὸ
379 1413 574 1484 μέλλον
607 1417 910 1487 παντελῶς,
958 1421 1054 1474 καὶ
1087 1421 1415 1494 ἐκλυόμενος
1455 1424 1548 1476 καὶ
1595 1423 1812 1494 ναρκῶν
1839 1441 1852 1491 ;

257 1506 380 1559 Καὶ
407 1506 517 1579 γὰρ
545 1507 804 1576 πολλάκις
824 1513 1277 1587 ἐπιχειρήσαντες
1301 1517 1506 1589 ἦνυσαν
1531 1516 1734 1571 πολλοίο
1761 1518 1856 1571 καὶ

259 1597 358 1649 ὅτε
391 1598 623 1667 μάλιστα
651 1601 998 1670 ἀπέγνωσαν,
1023 1605 1148 1659 τότε
1181 1605 1418 1676 μάλιστα
1444 1606 1728 1678 ἐπέτυχον.
1758 1609 1855 1662 Ἂν

258 1687 320 1740 δὲ
353 1688 450 1741 καὶ
495 1689 664 1762 μηδὲν
697 1694 933 1766 ποιήσῃς
966 1695 1164 1763 πλέον,
1193 1697 1255 1751 τὸ
1291 1699 1490 1754 σαυτοῦ
1523 1699 1848 1772 πεποίηκας.

253 1779 352 1852 Μὴ
387 1780 572 1846 τοίνυν
603 1784 974 1856 ἀπάνθρωπος
1013 1789 1199 1859 γίνου,
1239 1793 1377 1863 μήτε
1406 1791 1664 1864 ἀνηλεής,
1713 1795 1851 1864 μήτε

244 1871 548 1944 ὀλίγωρος.
588 1874 708 1928 Ὀτι
741 1877 849 1950 γάρ
877 1879 1162 1952 ὠμότητος
1189 1883 1366 1937 ταῦτα
1405 1885 1474 1938 τά
1508 1886 1730 1957 ῥήματα
1758 1887 1852 1940 καὶ

248 1963 567 2035 ῥᾳθυμίας,
598 1967 758 2039 δῆλον
783 1969 1017 2025 ἐκεῖθεν.
1048 1973 1204 2038 Τίνος
1226 1973 1336 2047 γὰρ
1364 1975 1574 2039 ἕνεκεν,
1603 1977 1722 2040 ἐνὸς
1743 1976 1850 2031 τῶν

249 2057 446 2129 μελῶν
493 2057 587 2112 τοῦ
631 2059 884 2133 σώματός
919 2080 1015 2117 σου
1065 2064 1388 2136 κάμνοντος,
1425 2066 1486 2120 οὐ
1537 2066 1748 2136 λέγεις·
1783 2067 1849 2122 Τί

252 2169 348 2219 μοι
403 2149 579 2222 μέλει,
614 2154 711 2207 καὶ
756 2153 923 2208 πόθεν
950 2156 1129 2228 δῆλον,
1165 2157 1248 2211 ὅτι
1282 2159 1331 2212 εί
1371 2159 1686 2230 ἐπιμελείας
1717 2176 1848 2229 τυγ-

246 2246 432 2314 χάνει,
470 2245 746 2315 ὑγιαίνει;
792 2247 930 2302 ἀλλά
973 2249 1153 2304 πάντα
1185 2253 1382 2318 ποιεῖς,
1418 2251 1506 2305 ἵνα
1537 2251 1642 2306 κᾶν
1679 2251 1846 2323 μηδὲν

244 2336 571 2409 ώφελήσῃς,
609 2339 684 2410 μὴ
715 2337 845 2415 ἔχῃς
872 2340 1126 2410 ἐγκαλεῖν
1161 2342 1405 2414 σεαυτῷ,
1438 2343 1521 2397 ὅτι
1551 2342 1662 2397 τῶν
1690 2343 1843 2413 ὀφει-

245 2429 461 2484 λόντων
505 2430 757 2499 γενέσθαι
797 2449 850 2485 τι
897 2433 1256 2506 παρελείφθη.
1293 2429 1431 2489 Εἶτα
1468 2435 1576 2490 τῶν
1609 2437 1708 2507 μὲν
1745 2435 1841 2490 τοῦ

243 2520 515 2591 σώματος
563 2520 708 2575 οὕτω
754 2521 904 2596 [415]
959 2525 1322 2597 φροντιοῦμεν
1374 2527 1581 2598 μελῶν,
1623 2527 1730 2582 τῶν
1785 2528 1842 2582 δέ

243 2613 342 2666 τοῦ
385 2613 625 2684 Χριστοῦ
658 2615 1044 2687 ἀμελήσομεν;
1087 2618 1184 2671 καὶ
1224 2617 1327 2673 ποῦ
1365 2619 1539 2673 ταῦτα
1593 2619 1843 2690 συγγνώο

247 2723 362 2778 μης
418 2705 577 2774 ἀξια;
612 2708 676 2761 Et
727 2708 837 2781 γάρ
864 2726 924 2762 σε
971 2710 1047 2782 μὴ
1076 2711 1461 2782 κατακάμπτω
1508 2712 1705 2781 λέγων,
1757 2713 1837 2766 δτι

242 2799 359 2852 Τοῦ
403 2799 599 2870 μέλους
631 2817 725 2854 σου
754 2803 1042 2876 φρόντισον
1062 2843 1076 2868 ,
1128 2803 1217 2858 ἵνα
1260 2803 1364 2858 κᾶν
1408 2803 1488 2877 τῷ
1521 2806 1673 2878 φόϐῳ
1706 2806 1839 2880 γένῃ

245 2890 501 2960 βελτίων,
529 2891 626 2946 τοῦ
652 2891 904 2964 σώματος
927 2895 1336 2967 ἀναμιμνήσκω
1362 2913 1424 2949 σε
1452 2895 1546 2951 τοῦ
1571 2897 1834 2969 Χριστοῦ.

245 2984 377 3048 Πῶς
431 2984 542 3057 γὰρ
592 2987 652 3039 οὐ
698 2987 902 3059 φρίκης
952 2987 1105 3052 ἄξιον
1154 2989 1476 3061 σηπομένην
1523 2989 1691 3045 αὐτοῦ
1739 2989 1837 3062 τὴν

244 3081 432 3148 σάρκα
461 3081 613 3151 όρᾷν,
645 3081 741 3133 καί¹
777 3083 1074 3153 περιορᾷνς
1106 3081 1218 3134 Καὶ
1239 3084 1288 3136 ει
1322 3081 1422 3152 μὲν
1449 3081 1667 3154 οἰκέτην
1693 3082 1838 3153 ἔχοις

243 3169 278 3239 ἦ
310 3169 436 3223 δνον
471 3172 737 3243 σηπεδόνα
766 3173 980 3245 ἔχοντα,
1008 3176 1109 3228 οὐκ
1144 3174 1209 3228 ἂν
1237 3174 1494 3246 ἀνάσχοιο
1529 3176 1795 3246 περιιδεῖν
1817 3190 1832 3206 ⁶

242 3266 308 3316 τὸ
329 3264 389 3316 δὲ
421 3265 576 3338 σῶμα
597 3266 692 3321 τοῦ
711 3267 951 3340 Χριστοῦ
980 3269 1170 3340 ψώρας
1189 3269 1333 3339 ὁρῶν
1354 3269 1832 3342 ἐμπεπλησμένον,

242 3357 658 3427 παρατρέχεις;
691 3360 788 3414 καὶ
812 3362 912 3433 οὐχ
947 3363 1052 3434 ήγῇ
1082 3362 1256 3417 ταῦτα
1289 3362 1500 3434 μυρίων
1529 3362 1654 3431 ἄξια
1694 3357 1834 3416 εἶναι

241 3449 532 3516 κεραυνῶν
558 3464 573 3513 ;
613 3449 711 3503 Διά
739 3449 898 3504 τοῦτο
937 3453 1116 3506 πάντα
1167 3453 1279 3508 ἀνω
1310 3455 1405 3508 καὶ
1438 3455 1589 3509 κάτω
1618 3454 1830 3523 γέγονε,

238 3539 330 3593 διά
362 3539 468 3611 τὴν
497 3540 897 3614 ἀπανθρωπίαν
922 3542 1152 3615 ταύτην,
1184 3544 1273 3598 διὰ
1299 3545 1399 3617 τὴν
1429 3545 1722 3618 ρᾳθυμίαν.

313 3632 410 3684 Διὸ
425 3631 514 3702 δὴ.
538 3634 864 3705 παρακαλῶ,
883 3634 1090 3705 ταύτην
1104 3637 1423 3709 ἐκϐάλωμεν
1437 3638 1535 3709 τὴν
1550 3638 1832 3709 ὡμότητα·

241 3724 515 3795 πρόσελθε
565 3727 760 3798 ἐκείνῳ
801 3727 878 3798 τῷ
910 3729 1248 3784 συνοικοῦντι
1297 3734 1364 3802 τῇ
1411 3731 1686 3803 παρθένῳ,
1737 3732 1833 3783 καὶ

240 3817 366 3869 είπέ
407 3815 604 3887 μικρὸν
637 3817 915 3888 ἐγκώμιον
949 3820 1045 3873 τοῦ
1076 3820 1329 3889 ἀδελφοῦ,
1359 3822 1466 3874 ἀπὸ
1513 3823 1621 3874 τῶν
1656 3822 1831 3877 ἀλλων

239 3903 314 3963 ὧν
345 3909 460 3980 ἔχει
489 3909 982 3982 πλεονεκτημάτων
1011 3912 1143 3965 αὐτὸ
1179 3913 1452 3977 συντιθείς
1473 3931 1486 3943 ο
1516 3915 1613 3967 καὶ
1639 3914 1830 3985 ὥσπερ

240 4004 398 4056 ὕδατι
419 4001 611 4074 θερμῷ
633 4019 699 4055 πε
708 4002 976 4074 ρικλύζων
998 4008 1111 4069 τοῖς
1133 4005 1377 4070 ἐπαίνοις
1392 4047 1406 4070 ,
1429 4005 1572 4059 οὕτω
1594 4007 1829 4077 χάλασον

241 4093 405 4147 αὐτοῦ
430 4095 520 4147 τὸν
537 4093 700 4162 δγκον
717 4093 810 4147 τοῦ
828 4095 1161 4166 τραύματος
1181 4097 1467 4152 ταλάνισον
1491 4100 1587 4151 καὶ
1610 4100 1823 4166 σαυτὸν,

241 4187 622 4258 κατηγόρησον
681 4187 777 4241 τοῦ
832 4189 1016 4242 κοινοῦ
1080 4190 1192 4244 τῶν
1244 4190 1548 4262 ἀνθρώπων
1599 4192 1824 4260 γένους,

239 4281 413 4345 δεῖξον
436 4281 518 4334 ὅτι
539 4282 738 4345 πάντες
761 4283 817 4335 ὲν
841 4283 1202 4354 ἁμαρτήμασι
1218 4285 1583 4355 τυγχάνομεν,
1601 4285 1826 4356 αἴτησον

241 4373 600 4445 συγγνώμην,
646 4373 841 4440 εἰπὼν,
872 4377 955 4429 ὃτι
1008 4376 1220 4446 μείζοσι
1263 4376 1462 4430 σαυτοῦ
1504 4379 1826 4449 πράγμασιν

240 4469 557 4538 ἐπιχειρεῖς,
579 4467 695 4521 ἀλλ’
729 4469 761 4539 ή
790 4468 980 4540 ἀγάπη
1009 4455 1191 4524 πάντα
1217 4471 1393 4524 πείθει
1431 4471 1660 4542 τολμᾷν.
1692 4468 1829 4526 Εἶτα

241 4557 646 4630 συμϐουλεύων,
677 4560 754 4630 μὴ
788 4559 1176 4624 ἐπιτακτικῶς,
1203 4561 1318 4614 ἀλλ’
1341 4561 1645 4631 ἀδελφικῶς
1667 4563 1825 4615 τοῦτο

237 4651 398 4704 ποίει·
449 4650 545 4704 καὶ
591 4649 804 4714 τούτοις
858 4653 991 4704 πᾶσι
1042 4651 1285 4722 χαλάσας
1330 4651 1432 4721 τὴν
1488 4653 1822 4724 φλεγμονὴν,

236 4745 330 4798 καλ⁵
352 4743 900 4816 παραμυθησάμενος
919 4746 1019 4815 τὴν
1039 4743 1309 4814 ἀλγηδόνα
1330 4745 1428 4816 τὴν
1450 4747 1514 4799 ἐκ
1527 4746 1630 4816 τῆς
1649 4747 1823 4817 τομῆς

239 4835 640 4902 συμϐαίνουσαν
679 4833 772 4886 τοῦ
816 4833 1102 4904 μέλλοντος
1136 4833 1360 4904 ἐλέγχου
1407 4834 1699 4903 γενέσθαι,
1730 4838 1823 4889 καὶ

239 4925 493 4989 πολλάκις
542 4929 609 4997 τῇ
650 4928 976 4999 παραιτήσει
1013 4928 1392 4999 χρησάμενος,
1439 4929 1534 4982 καὶ
1564 4947 1820 4999 παρακα-

237 5019 394 5080 λέσας
425 5018 500 5089 μὴ
529 5019 876 5090 ὀργισθῆναιο
907 5021 1035 5073 ὅταν
1061 5022 1224 5074 αὐτὸν
1249 5021 1561 5092 καταδήσῃς
1585 5022 1818 5086 τούτοις,

237 5110 354 5162 τότε
388 5110 563 5178 ἔπαγε
614 5111 714 5180 τὴν
759 5110 997 5183 πληγὴν,
1043 5113 1184 5182 μήτε
1224 5113 1440 5182 δεσμῶν
1469 5113 1531 5166 τὸ
1563 5116 1818 5184 πρᾶγμα,

243 5205 373 5273 μήτε
406 5202 638 5262 ἐκλύων,
670 5203 759 5257 ἵνα
784 5208 924 5276 μήτε
951 5205 1160 5261 ἐκεῖθεν
1187 5206 1539 5278 ἀποπηδήσῃ,
1571 5208 1707 5278 μήτε
1735 5208 1820 5260 ἐν-

238 5293 422 5348 ⁴ιεῦθεν
455 5297 870 5368 καταφρονήσῃ.
922 5298 1022 5351 Ἀν
1067 5315 1127 5350 τε
1162 5298 1272 5369 γὰρ
1302 5299 1377 5370 μὴ
1419 5299 1641 5369 καιρίαν
1689 5298 1816 5369 δῷς,

239 5390 382 5444 οὐδὲν
407 5392 648 5464 είργὰσω
689 5393 870 5446 πλέον’
903 5392 970 5447 ἂν
1008 5393 1066 5445 δέ
1100 5393 1346 5466 σφοδρῶς
1395 5393 1638 5465 πλήξῃς,
1684 5393 1819 5447 ἀπο-

243 5483 524 5554 σκιρτῆσαι
568 5484 854 5556 ἐποίησας.
891 5485 982 5539 Διὸ
1011 5485 1074 5556 δὴ
1109 5485 1202 5538 καί
1246 5485 1386 5556 μετὰ
1416 5485 1593 5538 ταῦτα
1637 5484 1816 5538 πάντα

241 5577 473 5647 ἐλέγχειν
523 5577 773 5648 μέλλων,
828 5577 1094 5650 ἀνάμιξον
1147 5579 1310 5633 πάλιν
1373 5578 1652 5647 ἐγκώμιον
1704 5579 1816 5638 τοῖς

241 5670 490 5740 ἐλέγχοις·
517 5673 609 5724 καὶ
633 5670 822 5742 ἐπειδὴ
844 5671 976 5723 αὐτὸ
999 5671 1120 5724 καθ’
1143 5669 1305 5723 ἐαυτὸ
1326 5669 1387 5722 τὸ
1411 5669 1733 5738 γιγνόμενον
1753 5667 1814 5720 οὐ

237 5764 448 5816 δύναται
471 5759 608 5818 εἶναι
635 5764 910 5835 ἐγκώμιον
933 5766 1016 5835 (οὐ
1042 5766 1150 5838 γάρ
1172 5767 1321 5830 ἄξιον
1341 5767 1564 5818 ἐπαίνου
1587 5766 1648 5818 τὸ
1675 5764 1812 5835 κόρῃ

242 5858 499 5910 συνοικεῖν
528 5857 828 5930 παρθένῳ),
859 5858 965 5912 ἀπὸ
993 5861 1090 5930 τῆς
1117 5859 1344 5931 γνώμης
1376 5857 1467 5911 τοῦ
1501 5857 1812 5912 συνοικοῦν-

1323 383 1388 438 IN
1432 384 1648 442 EPIST.
1692 384 1831 440 IAD
1869 380 2029 437 (10R.
2072 379 2311 440 HOMIL.
2355 385 2532 442 XLIV.

3456 401 3566 457 580

1977 515 2068 562 τος
2097 498 2254 553 τοῦτο
2282 501 2540 572 ἐργάζου,
2572 504 2663 556 καὶ
2691 504 2835 570 είπέ,
2861 506 2944 558 ὅτι
2973 501 3105 561 Οἶδα
3136 510 3237 578 μὲν
3259 512 3340 564 δτι
3366 514 3452 568 διά
3466 517 3557 570 τὸν

1969 589 2105 644 Θεὸν
2136 591 2200 644 σὺ
2229 595 2424 656 ποιεῖς,
2453 593 2550 646 καὶ⁵
2575 595 2677 665 τὴν
2703 595 2940 667 ἐρημίαν
2969 599 3062 652 καὶ
3085 601 3148 654 τὸ
3182 603 3557 675 ἀπροστάτευ-

1966 697 2064 774 τον
2093 681 2194 752 τῆς
2227 682 2422 747 ἀθλίας
2457 685 2674 756 ἐκείνης
2707 685 2828 740 ἰδὼν
2861 691 3020 759 χεῖρα
3052 691 3283 762 ώρεξας.
3323 697 3442 754 Κᾶν
3477 702 3554 774 μή

1964 769 2138 844 ταύτῃ
2168 774 2297 844 ποιῇ
2323 776 2390 843 τῇ
2418 773 2634 848 γνώμῃ,
2661 776 2724 829 σὺ
2749 775 2892 830 οὕτω
2921 777 3070 849 λέγε,
3105 782 3201 836 καὶ
3226 786 3367 855 μετὰ
3395 769 3558 842 τοῦτο

1965 862 2250 933 προστίθει
2290 865 2386 918 καὶ
2415 866 2624 934 ταῦτα,
2661 868 2824 923 πάλιν
2859 874 3194 943 παραιτήσει
3228 877 3510 948 χρώμενος
3533 923 3550 947 ,

1965 957 2060 1010 καὶ
2107 956 2280 1026 λέγων
2301 999 2314 1024 ,
2342 959 2426 1013 ὃτι
2455 961 2570 1014 Ούκ
2599 962 2930 1029 ἐπιτάττων,
2969 967 3083 1020 ἀλλ’
3111 969 3551 1043 ὑπομιμνήσκων

1960 1048 2135 1103 ταῦτά
2161 1065 2336 1122 φημιο
2358 1052 2448 1106 διά
2467 1052 2559 1106 τὸν
2587 1053 2724 1111 Θεὸν
2752 1056 2816 1110 σὺ
2849 1060 3046 1123 ποιεῖς,
3079 1056 3197 1114 οἶδα
3224 1064 3398 1132 κάγώ·
3431 1066 3548 1119 ἀλλ’

1963 1138 2162 1211 ἴδωμεν
2210 1140 2286 1212 μὴ
2333 1142 2586 1213 τίκτηται
2631 1145 2696 1198 ἐκ
2742 1144 2934 1199 τούτου
2978 1148 3147 1202 κακὸν
3183 1149 3404 1221 ἕτερον⁹
3443 1153 3548 1208 κᾶν

1961 1232 2062 1302 μὲν
2094 1233 2258 1306 μηδὲν
2287 1231 2344 1307 ᾖ,
2389 1235 2588 1308 κάτεχε
2616 1237 2788 1301 ἔνδον,
2818 1240 2914 1292 καὶ
2936 1239 3061 1310 ἔχου
3084 1241 3182 1311 τῆς
3209 1242 3382 1314 καλῆς
3413 1245 3546 1299 ταύ-

1957 1342 2057 1397 της
2095 1327 2353 1399 σπουδῆς,
2395 1329 2424 1381 6
2448 1329 2674 1383 κωλύων
2709 1331 2886 1398 οὐδείς
2905 1348 2917 1360 ·
2947 1332 3012 1385 ἂν
3043 1333 3100 1386 δέ
3129 1333 3302 1404 βλάϐη
3333 1352 3418 1399 τις
3457 1338 3546 1390 ἐν·

1957 1417 2146 1472 τεῦθεν
2193 1418 2412 1492 γίνηται
2455 1421 2550 1474 τοῦ
2598 1423 2825 1494 κέρδους
2880 1423 3100 1494 μείζων,
3152 1425 3543 1498 φυλαξώμεθα,

1957 1511 2292 1582 παρακαλῶ,
2334 1512 2408 1584 μὴ
2445 1513 2770 1578 σπεύδοντες
2816 1515 2948 1585 μίαν
2984 1515 3297 1570 ἀναπαῦσαι
3323 1517 3540 1587 ψυχὴν,

1957 1598 2157 1669 μυρίας
2183 1601 2652 1673 σκανδαλίσωμεν.
2689 1603 2801 1656 Καὶ
2834 1604 2910 1676 μὴ
2955 1605 3202 1677 προσθῇς
3239 1607 3442 1672 εὐθέως
3471 1609 3543 1663 τά

1953 1693 2178 1763 κείμενα
2195 1697 2308 1758 τοῖς
2327 1695 2739 1760 σκανδαλίζουσι
2778 1696 3136 1768 κολαστήρια.
3165 1699 3302 1752 ἀλλά
3320 1699 3416 1771 τὴν
3437 1701 3540 1756 αὐ-

1950 1784 2043 1838 τοῦ
2070 1786 2457 1858 προσλάμϐανε
2479 1789 2791 1860 μαρτυρίαν
2806 1831 2822 1857 ,
2843 1789 3020 1859 λέγων
3038 1809 3051 1822 ο
3080 1791 3153 1846 Οὐ
3181 1788 3328 1862 [414]
3349 1792 3538 1863 χρείαν

1951 1878 2096 1949 ἐχεις
2133 1878 2325 1952 μαθεῖν
2362 1879 2540 1936 ταῦτα
2571 1883 2703 1951 παρ’
2751 1881 2915 1952 ἐμοῦ,
2946 1879 3094 1947 οἶδας
3138 1884 3232 1937 καὶ
3261 1883 3426 1947 αὐτὸς
3453 1884 3536 1938 ὅτι

1949 1970 2046 2024 ἐάν
2081 1987 2168 2035 τις
2207 1971 2304 2026 ἕνα
2341 1973 2452 2026 τῶν
2499 1973 2718 2044 μικρῶν
2748 1973 2954 2029 τούτων
3003 1973 3356 2045 σκανδαλίσῃ,
3392 1974 3534 2045 πόση

1949 2064 2242 2136 ἠπείληται
2283 2066 2442 2136 δίκη·
2477 2066 2574 2120 καὶ
2611 2066 2786 2132 οὓτως
2822 2066 3023 2138 ἡδύνας
3064 2066 3159 2119 τὸν
3209 2066 3394 2134 λόγον,
3441 2067 3538 2121 καὶ

1947 2157 2142 2220 λεάνας
2163 2158 2262 2230 τὴν
2291 2158 2482 2231 ὀργὴν,
2506 2160 2742 2214 ἐπιτίθει
2774 2159 2835 2214 τὸ
2861 2159 3154 2230 φάρμακον
3182 2159 3284 2229 τῆς
3307 2158 3536 2229 διορθώ-

1948 2269 2105 2314 σεως.
2141 2253 2205 2305 Εἰ
2232 2253 2288 2306 δέ
2319 2253 2711 2324 προφασίζοιτο
2743 2253 2909 2308 πάλιν
2937 2253 3036 2326 τὴν
3066 2253 3305 2324 ἐρημίαν
3335 2253 3532 2324 αὐτῆς,

1947 2343 2083 2414 μηδέ
2109 2342 2283 2407 οὕτως
2311 2344 2540 2418 ἐλέγξῃς
2572 2345 2672 2416 τὴν
2704 2345 2926 2415 σκῆψιν,
2966 2344 3084 2399 ἁλλ’
3119 2345 3240 2398 είπέ
3267 2345 3404 2416 πρὸς
3432 2345 3532 2399 αὑο

1941 2435 2068 2491 τόν⁹
2118 2436 2302 2506 Μηδέν
2362 2455 2422 2490 σε
2479 2437 2686 2490 τούτων
2735 2438 2992 2506 φοϐείτω,
3037 2436 3335 2505 ἀπολογίαν
3387 2435 3532 2501 ’ἐξεις

1940 2527 2243 2598 ἀρκοῦσαν,
2284 2530 2346 2583 τὸ
2377 2529 2581 2600 ἐτέρων
2623 2529 2918 2584 σκάνδαλον
2939 2546 2952 2560 °
3001 2531 3063 2584 οὐ
3097 2530 3207 2601 γὰρ
3234 2529 3322 2583 διὰ
3357 2529 3528 2601 ρᾳθυ-

1943 2621 2095 2690 μίαν,
2120 2621 2238 2680 ἀλλ’
2276 2622 2504 2677 ἐκείνων
2531 2623 2865 2694 κηδόμενος,
2901 2623 3109 2695 ταύτης
3143 2621 3388 2694 ἀπέστης
3425 2621 3526 2691 τῆς

1941 2714 2203 2786 σπουδῆς.

2012 2899 2072 2947 ε’·
2111 2893 2222 2948 Καὶ
2238 2892 2309 2947 τὰ
2328 2893 2429 2964 μὲν
2445 2899 2544 2967 τῆς
2561 2894 2876 2968 συμϐουλῆς
2903 2896 3046 2950 ἐστω
3076 2897 3135 2950 ἐν
3159 2896 3378 2967 βραχεῖ’
3402 2895 3525 2948 οὐδέ

1936 2987 2044 3060 γάρ
2068 2987 2241 3042 δεῖται
2266 2989 2622 3053 διδασκαλίας
2658 2989 2894 3060 πολλῆςο
2937 2990 3006 3045 τὰ
3043 2989 3102 3046 δὲ
3135 2992 3236 3061 τῆς
3275 2988 3524 3059 συγγνώ-

1939 3098 2048 3151 μης
2082 3081 2245 3136 πάλιν
2270 3080 2442 3136 πολλὰ
2468 3081 2564 3136 καὶ
2588 3081 2902 3152 ἐπάλληλαο
2929 3083 3027 3136 καὶ
3059 3081 3152 3135 ἐπὶ
3177 3083 3276 3152 τὴν
3302 3083 3525 3152 ἀγάπην

1937 3171 2250 3242 κατάφευγε
2281 3173 2547 3245 συνεχῶς,
2577 3174 2889 3239 συσκιάζων
2917 3175 2980 3228 τὸ
3020 3175 3278 3247 φορτικὸν
3310 3175 3419 3228 τῶν
3449 3177 3526 3228 εί-

1939 3263 2213 3335 ρημένων,
2251 3265 2346 3319 καὶ
2379 3265 2477 3338 τὴν
2504 3264 2751 3330 ἐξουσίαν
2786 3265 2938 3338 αὐτῷ
2967 3266 3164 3329 διδοὺς,
3203 3267 3298 3320 καὶ
3324 3266 3522 3333 λέγων,

1933 3358 2015 3410 ὅτι
2063 3356 2203 3425 Ἐγὼ
2249 3357 2348 3428 μὲν
2390 3357 2565 3411 ταῦτα
2609 3358 2863 3430 παραινῶ
2895 3359 2991 3413 καὶ
3021 3358 3395 3430 συμϐουλεύω,
3425 3357 3520 3410 τοῦ

1931 3447 1990 3502 δέ
2022 3448 2310 3518 πεισθῆναι
2344 3449 2534 3520 κύριος
2562 3449 2728 3513 αὑτός
2751 3465 2764 3478 ·
2811 3450 2932 3503 ούδέ
2970 3451 3080 3521 γάρ
3119 3449 3525 3518 καταναγκάζω

1933 3540 2028 3594 καὶ
2064 3539 2345 3610 βιάζομαι,
2374 3540 2513 3594 ἀλλά
2540 3543 2606 3613 τῇ
2636 3541 2815 3612 οίκεία
2847 3557 2940 3594 σου
2986 3541 3050 3594 τὸ
3086 3543 3196 3595 πᾶν
3239 3539 3522 3610 ἐπιτρέπω

1932 3631 2145 3702 γνώμῃ.
2172 3633 2269 3684 Ἂν
2298 3631 2442 3686 οὕτω
2468 3633 2942 3705 μεταχειρίζωμεν
2969 3633 3061 3687 τὸν
3087 3633 3328 3704 ἔλεγχον,
3359 3633 3522 3702 δυνη-

1934 3722 2142 3793 σόμεθα
2163 3724 2364 3796 ῥαδίως
2389 3727 2518 3789 τοὺς
2545 3726 2959 3797 ἁμαρτάνοντας
2984 3727 3232 3796 διορθοῦν
3250 3741 3261 3752 ·
3292 3724 3368 3788 ὡς
3395 3725 3430 3778 ἆ
3456 3742 3520 3794 γε

1929 3814 2026 3867 νῦν
2057 3815 2338 3886 ποιοῦμεν,
2370 3817 2576 3888 θηρίων
2612 3818 2811 3888 μᾶλλόν
2843 3821 2960 3872 ἐστι
2984 3820 3078 3871 καὶ
3101 3819 3335 3888 ἀλόγων,
3369 3819 3519 3890 ἦάν-

1931 3901 2188 3973 θρώπων.
2228 3907 2326 3959 Ἂν
2358 3907 2469 3977 γὰρ
2497 3908 2794 3960 αἴσθωνταί
2824 3925 2972 3972 τινες
3003 3909 3099 3963 νῦν
3122 3909 3348 3962 τοιαῦτά
3371 3926 3519 3973 τινος

1931 3997 2362 4066 ἁμαρτάνοντος,
2404 3998 2599 4069 ἐκείνῳ
2637 4000 2736 4069 μὲν
2774 4000 2928 4053 οὐδὲν
2957 4001 3322 4070 διαλέγονται,
3362 4001 3518 4055 αὐτοὶ

1928 4087 1984 4139 δὲ
2005 4088 2258 4162 καθάπερ
2289 4089 2509 4162 γραΐδια
2538 4091 2805 4162 μεθύοντα
2833 4091 3179 4164 ψιθυρίζουσι
3209 4093 3326 4163 μετ’
3349 4093 3406 4146 ἀ)
3419 4094 3518 4163 λήυ

1927 4181 2068 4234 λων·
2098 4183 2193 4235 καὶ
2238 4183 2478 4254 οὐδαμοῦ
2521 4185 2598 4251 τὸ,
2651 4185 2785 4256 Είκῆ
2817 4186 2996 4254 φιλοῦ,
3041 4187 3163 4257 είκῆ
3222 4188 3297 4257 μὴ
3331 4185 3515 4256 μισοῦ,

1929 4273 2166 4329 ἐνταῦθα
2184 4274 2333 4329 δοκεῖ
2349 4275 2533 4349 χώραν
2551 4277 2693 4348 ἔχειν
2709 4280 2914 4342 αὐτοῖς,
2939 4278 3054 4331 ἀλλ’
3082 4281 3211 4332 ὅταν
3244 4279 3343 4349 μὲν
3373 4294 3515 4331 κακ-

1928 4366 2204 4437 ηγορῆσαι
2279 4367 2629 4440 ἐπιθυμῶσι,
2687 4371 3090 4442 καταφρονοῦσι
3128 4371 3224 4424 τοῦ
3275 4371 3348 4441 μὴ
3390 4371 3515 4439 εἰκῆ

1930 4457 2234 4531 μισεῖσθαι,
2272 4459 2472 4531 μᾶλλον
2509 4461 2565 4514 δέ
2595 4464 2688 4514 καὶ
2730 4463 2825 4516 τοῦ
2867 4463 3192 4528 κολάζεσθαι
3225 4463 3366 4533 (οὐδέ
3405 4463 3516 4533 γὰρ

1929 4557 2084 4624 μῖσος
2113 4551 2364 4607 ἐντεῦθεν
2401 4554 2585 4624 μόνον,
2633 4554 2772 4607 ἀλλά
2807 4557 2901 4608 καὶ
2935 4538 3157 4618 κόλασις
3200 4553 3468 4621 τίκτεται)
3496 4570 3509 4584 ·

1924 4648 2052 4700 ὅταν
2079 4647 2137 4699 δὲ
2161 4646 2500 4717 διορθώσεως
2531 4647 2646 4718 δέῃ,
2680 4647 2839 4700 τοῦτό
2890 4664 2949 4700 τε
2994 4647 3127 4700 αὐτὸ
3171 4647 3266 4700 καὶ
3309 4647 3511 4718 μυρίας

1925 4739 2116 4810 ἐτέρας
2155 4739 2490 4811 προφέρουσι
2536 4739 2858 4812 προφάσεις.
2901 4738 3091 4793 Ταῦτα
3115 4740 3225 4809 γὰρ
3258 4741 3380 4793 τότε
3426 4740 3512 4792 ἐν·

1923 4834 2288 4904 νοεῖν.ὲχρῆν,
2333 4833 2462 4885 ὅταν
2510 4837 2855 4905 κακηγορῇς,
2895 4834 3025 4888 ὅταν
3072 4832 3388 4904 διαϐάλλῃς,
3426 4832 3510 4901 τὸ,

1924 4927 2058 4998 Εἰκῆ
2089 4927 2163 4998 μή
2206 4927 2390 4997 μισοῦ,
2431 4927 2525 4980 καὶ
2557 4928 2637 4991 τὸ,
2667 4928 2834 4982 Οὐδὲν
2866 4925 3016 4980 ἀνύω
3039 4968 3053 4992 ,
3095 4928 3189 4979 καὶ
3220 4926 3304 4991 τὸ,
3343 4926 3513 4981 Οὐδέν

1924 5036 2016 5087 μοι
2039 5018 2212 5088 μέλει.
2232 5017 2347 5071 Νῦν
2366 5019 2440 5084 δὲ,
2472 5019 2594 5072 τότε
2629 5019 2732 5088 μὲν
2759 5019 3237 5089 πολυπραγμονεῖς
3265 5017 3510 5089 σφοδρῶς

1922 5112 2014 5163 καὶ
2045 5111 2376 5182 περιέργως,
2409 5112 2504 5165 καὶ
2541 5113 2736 5182 μίσους
2777 5114 3144 5183 καταφρονεῖς
3174 5111 3270 5164 καὶ
3297 5111 3506 5182 μυρίων

1920 5203 2141 5257 κακῶν
2187 5205 2316 5257 ὅταν
2372 5204 2429 5257 δὲ
2470 5204 2613 5274 ὑπὲρ
2665 5205 2762 5274 τῆς
2810 5203 3083 5275 σωτηρίας
3131 5203 3227 5256 τοῦ
3276 5202 3508 5272 ἀδελφοῦ

1919 5294 2229 5368 φροντίζειν
2270 5296 2385 5368 δὲῃ,
2419 5296 2540 5349 τότε
2571 5297 2664 5349 καὶ
2704 5297 3015 5367 ἀπράγμων
3053 5296 3148 5348 καὶ
3191 5295 3508 5366 ἀνεπαχθὴς

1917 5407 2000 5453 τις
2032 5385 2172 5442 εἶναι
2205 5387 2412 5456 βούλει’
2447 5388 2623 5441 καίτοι
2661 5389 2768 5441 ἀπὸ
2805 5389 2904 5459 μὲν
2945 5389 3287 5462 κακηγορίας
3316 5388 3412 5442 καὶ
3444 5388 3507 5440 τὸ

1919 5480 2056 5550 πρὸς
2082 5479 2404 5552 ἀνθρώπους
2426 5482 2520 5534 καὶ
2543 5481 2605 5534 τὸ
2640 5481 2775 5552 πρὸς
2798 5481 2891 5534 τὸν
2916 5481 3050 5535 Θεὸν
3080 5483 3292 5551 γίνεται
3327 5484 3504 5552 μῖσος,

1915 5574 2011 5624 καὶ
2034 5573 2095 5624 οὐ
2121 5573 2328 5642 σφόδρα
2350 5589 2432 5624 σοι
2455 5572 2613 5625 τοῦτο
2645 5573 2798 5642 μέλει
2820 5590 2832 5603 ⁸
2865 5574 2974 5628 ἀπὸ
3001 5575 3058 5627 δέ
3082 5575 3182 5644 τῆς
3212 5575 3332 5626 κατ’
3370 5573 3506 5624 ίδίαν

1919 5664 2230 5735 συμϐουλῆς
2267 5665 2361 5717 καὶ
2390 5665 2498 5718 τῶν
2526 5665 2787 5718 τοιούτων
2812 5665 3052 5736 ἐλέγχων
3081 5668 3175 5720 καὶ
3211 5665 3346 5736 πρὸς
3373 5663 3502 5716 τοῦ-

1913 5775 2005 5811 τον
2036 5758 2129 5810 καὶ
2176 5756 2316 5826 πρὸς
2355 5757 2447 5808 τὸν
2472 5756 2604 5811 Θεὸν
2634 5757 2789 5811 ἔσται
2823 5777 2906 5812 σοι
2939 5759 3112 5827 φιλία.
3167 5759 3263 5808 Ἂν
3313 5754 3367 5806 δέ
3408 5753 3504 5808 καὶ

1915 5848 2077 5912 αὐτὸς
2111 5849 2263 5919 μισῇ,
2307 5850 2334 5901 ὁ
2369 5849 2502 5913 Θεὸς
2543 5848 2690 5920 μένει
2745 5849 2828 5904 διὰ
2868 5849 3024 5903 τοῦτο
3061 5847 3262 5920 μᾶλλον
3293 5845 3496 5918 φιλῶνο
