1999 3204
169 181 219 210 38!

169 245 294 266 seorsum
325 237 395 273 apud
422 244 452 265 se
480 242 591 271 magnas
616 234 664 262 tibi
692 234 802 262 habebit
827 235 936 270 gratias.

206 283 233 311 6.
249 283 313 311 Hcce
328 290 393 317 ergo
404 281 564 317 cogitantes,
573 288 664 308 curam
676 287 800 315 geramus
813 284 966 307 nostrorum

168 329 354 357 membrorum
365 348 373 361 ,
387 335 474 363 neque
490 327 605 362 linguam
626 326 695 353 alter
712 325 738 353 in
757 325 869 353 alterum
885 332 966 352 acua-

169 382 242 407 mus,
258 381 345 409 neque
358 373 440 400 verba
456 373 598 408 loquamur
617 379 677 407 qua:
696 371 852 406 demergant
869 375 897 398 et
915 370 964 398 ob-

168 426 263 453 ruant,
288 419 405 455 proximi
426 419 524 446 bonam
541 417 638 445 famam
655 416 852 449 subvertentes,
864 421 891 444 et
912 424 965 443 non

167 473 251 494 secus
267 470 347 500 atque
366 465 395 492 in
409 464 479 492 bello
492 469 518 491 et
532 471 618 499 pugna
639 462 789 490 sauciantes
802 467 829 489 et
843 462 963 489 sauciati.

168 512 239 546 Quid
254 511 325 539 enim
336 511 392 546 jam
412 509 522 545 prodest
534 508 665 544 jejunium
680 512 726 535 aut
745 508 846 543 vigilia,
860 507 967 541 quando

167 558 246 586 ebria
267 556 348 585 fuerit
368 556 467 591 lingua,
482 561 508 583 et
528 555 603 582 canis
616 554 741 582 carnibus
762 553 967 581 immundiorem

168 612 292 632 mensam
313 603 441 636 comedit,
457 606 487 629 ut
506 609 565 637 qua:
585 601 744 636 sanguivora
764 600 858 627 ell'ecta
881 599 925 631 sit,
940 605 968 627 et

169 657 278 677 ccenum
291 647 409 676 effundat
422 651 450 675 et
469 647 567 674 cloaca:
590 646 710 674 canalem
732 652 763 673 os
784 645 880 677 faciat;
911 645 968 672 imo

167 702 236 723 vero
248 702 282 722 eo
294 694 373 728 longe
384 692 514 727 impurius
523 697 550 719 et
562 692 647 727 magis
657 690 886 718 abominandum?
900 689 966 717 Nam

171 740 246 777 quod
268 739 342 767 illinc
365 738 473 774 quidem
498 737 630 773 procedit,
645 744 743 772 corpus
764 736 880 771 polluit:
897 734 968 770 quod

169 786 235 814 hinc
249 790 349 817 autem,
371 791 443 819 smpe
467 783 579 811 suil'ocat
601 782 728 810 animam.
743 782 806 809 Haec
829 781 899 815 dico,
914 789 967 809 non

170 841 264 861 eorum
279 833 324 867 qui
337 832 407 859 male
421 831 542 864 audiunt,
558 835 659 858 temere
672 837 764 858 curam
779 837 893 865 gerens;
906 836 967 856 nam

169 880 209 907 illi
225 887 332 915 quoque
355 878 428 914 digni
451 882 514 905 sunt
536 877 662 909 coronis,
677 884 738 904 cum
754 884 815 912 quze
841 875 969 903 dicuntur

167 926 262 953 ferunt
281 924 405 957 fortiter;
429 923 477 952 sed
499 927 618 951 vestrum
632 923 677 958 qui
692 922 792 950 dicitis.
816 921 882 950 Nam
907 929 968 949 eum

167 970 281 1002 quidem
290 991 297 1003 ,
307 969 353 1005 qui
368 974 470 997 temere
480 974 508 997 et
520 969 579 996 sine
590 975 670 996 causa
684 967 850 999 maleaudit,
863 967 968 994 beatum

166 1017 348 1053 pronuntiant
361 1016 527 1052 Scriptum;
549 1023 612 1043 eum
633 1019 733 1047 autem,
749 1014 795 1049 qui
810 1014 880 1041 male
893 1013 967 1047 dicit,

166 1071 185 1091 a
207 1063 308 1090 sanctis
323 1062 462 1097 expellunt
486 1061 637 1098 mysteriis,
654 1061 709 1088 imo
731 1060 765 1088 ab
788 1060 846 1095 ipso
869 1059 969 1087 ambitu

168 1109 297 1137 ecclesia!
311 1117 318 1136 :
335 1108 413 1140 Eum,
426 1108 522 1142 inquit,
538 1107 581 1143 qui
597 1107 740 1134 clanculum
752 1106 861 1133 detrahit
880 1105 912 1132 de
924 1113 970 1132 suo

167 1155 300 1190 proximo,
310 1153 476 1189 persequebar
485 1152 571 1188 (Psal.
584 1152 647 1180 100.
656 1151 700 1188 5);
711 1151 856 1187 quinetiam
866 1158 927 1178 eum
935 1150 970 1177 di-

167 1201 208 1229 cit
219 1200 356 1235 indignum
368 1199 484 1229 lectione
492 1206 630 1226 sacrarum
642 1198 791 1225 literarum.
801 1197 861 1229 Cur,
873 1196 969 1231 inquit,

169 1252 199 1274 tu
213 1254 319 1274 enarras
330 1244 528 1281 justi/icationes
544 1252 622 1276 meas,
635 1249 659 1271 et
670 1243 778 1271 assumis
798 1247 971 1270 testamentum

167 1300 255 1320 nteant
281 1299 326 1326 per
340 1299 369 1319 os
389 1295 459 1318 tuum
482 1289 568 1326 (Psal.
586 1289 630 1317 49.
647 1289 711 1324 16)?
737 1288 838 1316 Deinde
861 1295 970 1316 causam

168 1337 298 1370 atTerens,
309 1337 375 1365 dicit
390 1345 397 1363 :
415 1335 514 1364 Sedens
530 1339 620 1362 contra
638 1334 745 1369 fratrem
767 1338 839 1360 tuum
853 1333 971 1369 loqueba-

171 1385 218 1412 ris.
231 1385 263 1412 Et
275 1384 318 1411 hic
329 1383 436 1419 quidem
449 1390 503 1410 non
516 1381 648 1415 distinxit,
659 1381 748 1408 sintne
759 1387 822 1407 vera
837 1387 871 1407 an
887 1379 970 1412 falsa;

172 1430 240 1458 alibi
264 1435 354 1457 autem
377 1429 428 1457 hoc
448 1435 555 1464 quoque
576 1427 724 1463 prohibuit,
740 1425 887 1454 ostendens
900 1425 971 1461 quod

170 1478 281 1506 etiamsi
303 1484 367 1504 vera
380 1476 465 1509 dicas,
480 1483 512 1503 ea
526 1482 580 1502 non
600 1478 663 1501 sunt
675 1481 690 1501 a
705 1477 730 1501 te
743 1472 867 1500 dicenda.
883 1471 973 1499 Nolite

167 1524 302 1561 judicare,
319 1521 415 1558 inquit,
431 1526 458 1548 ut
468 1529 519 1548 non
527 1519 679 1556 judicemini
693 1518 800 1554 (Matth.
815 1517 891 1553 7.1).
905 1516 971 1545 Nam

170 1574 202 1598 et
221 1570 265 1605 qui
280 1569 451 1605 publicanum
472 1567 620 1595 maledictis
640 1565 832 1597 insectabatur,
848 1568 889 1592 est
907 1571 971 1591 con-

172 1616 325 1648 demnatus,
337 1615 387 1643 etsi
403 1622 467 1642 vere
484 1613 558 1641 illum
575 1612 729 1640 accusabat.
742 1610 809 1645 Quid
822 1609 916 1638 verosi
926 1609 971 1642 sit,

172 1661 271 1696 inquit,
280 1660 413 1696 quispiam
427 1659 515 1687 audax
526 1663 553 1687 et
565 1657 758 1690 exsecrandus,
771 1663 824 1683 non
837 1659 879 1683 est
888 1655 945 1690 ipse
958 1663 973 1682 a

172 1706 257 1734 nobis
281 1705 458 1741 corrigendus
477 1709 506 1733 et
533 1703 705 1739 arguendus?
726 1701 887 1737 Arguendus
909 1708 974 1728 sane

171 1757 216 1781 est
238 1756 266 1780 et
278 1750 463 1787 corrigendus,
476 1750 523 1778 sed
548 1750 584 1777 ita
606 1754 635 1777 ut
648 1749 723 1785 prius
737 1747 811 1776 dixi:
828 1747 870 1774 sin
883 1751 974 1774 autem

174 1798 229 1825 hoc
251 1797 318 1825 facis
341 1797 365 1825 ei
389 1796 567 1832 exprobrans,
581 1795 643 1822 vide
658 1802 702 1827 ne,
717 1794 782 1821 dum
808 1793 974 1820 Pharisaeum

175 1845 252 1872 illum
269 1843 394 1876 imitaris,
409 1842 436 1870 id
460 1842 509 1870 tibi
523 1841 594 1877 quod
615 1841 654 1868 illi
670 1840 783 1868 accidat.
807 1839 878 1866 Nihil
902 1838 974 1866 enim

176 1890 240 1917 hinc
253 1889 321 1917 redit
331 1889 409 1922 lucri,
419 1896 472 1916 non
484 1888 517 1916 ad
532 1892 558 1915 te
574 1888 618 1921 qui
631 1887 709 1918 dicis,
727 1894 780 1913 non
791 1885 825 1912 ad
837 1885 910 1912 illum
926 1884 972 1919 qui

721 177 753 207 IN
773 177 880 206 EPIST.
901 177 933 205 Il.
949 178 995 206 AD
1014 178 1091 207 COR.
1112 178 1227 207 "0M"...
1248 177 1270 207 .

1755 177 1810 205 38%

1019 234 1093 262 audit
1106 235 1146 262 sic
1159 239 1299 263 accusatus
1312 243 1319 261 :
1334 234 1381 262 sed
1393 234 1439 263 ille
1449 235 1556 271 quidem
1568 234 1659 263 evadit
1672 234 1813 270 impuden-

1020 282 1082 308 tior.
1099 281 1166 309 Nam
1182 281 1309 317 quamdiu
1321 281 1429 317 quidem
1455 282 1529 315 latet,
1553 282 1605 310 scit
1629 281 1812 310 erubescere:

1019 332 1160 362 postquam
1185 332 1274 355 autem
1297 328 1415 355 evaserit
1429 327 1597 361 manifestus,
1612 328 1638 355 id
1652 328 1724 363 quod
1747 327 1811 357 inde

1018 372 1136 401 habebat
1157 373 1263 401 frenum
1285 374 1476 409 expellit:qui
1499 379 1589 401 autem
1614 374 1706 406 audit,
1721 381 1814 401 rursus

1019 421 1104 455 magis
1117 421 1239 449 laedetur.
1256 421 1321 449 Nam
1340 421 1398 448 sive
1413 429 1502 448 rerum
1519 426 1592 448 recte
1604 428 1618 447 a
1633 429 1663 448 se
1676 425 1812 456 gestarum

1019 466 1099 494 fuerit
1114 467 1164 495 sibi
1176 467 1310 500 conscius,
1324 466 1442 500 inatur,
1454 466 1565 494 alterius
1580 470 1684 494 tumens
1697 473 1810 493 accusa-

1020 512 1154 544 tionibus;
1170 512 1226 539 sive
1239 516 1424 547 peccatorum,
1447 512 1475 539 fit
1498 512 1647 547 promptior
1665 516 1689 539 et
1702 512 1818 539 alacrior

1020 557 1053 585 ad
1065 558 1171 585 vitium.
1183 558 1216 585 Et
1230 558 1288 594 ipse
1302 566 1396 586 rursus
1407 558 1452 593 qui
1467 558 1542 591 dicit,
1555 558 1623 593 apud
1634 566 1694 585 eum
1709 558 1753 593 qui
1766 566 1816 585 au-

1022 604 1061 631 dit
1076 604 1102 631 in
1117 604 1185 631 mala
1199 604 1250 632 erit
1261 605 1470 638 existimatione,
1484 609 1511 632 et
1534 605 1618 632 Deum
1644 604 1670 631 iu
1686 613 1716 632 sc
1732 605 1817 640 magis

1019 648 1146 677 irritabit.
1160 649 1340 683 Quamobrem
1361 657 1427 684 rogo
1440 657 1522 677 omne
1533 649 1645 677 verbum
1659 649 1816 677 obscaenum

1019 700 1046 722 et
1060 695 1180 723 foetidum
1194 695 1353 730 ejiciamus;
1368 696 1390 722 si
1404 695 1468 730 quid
1490 695 1588 722 bonum
1604 695 1637 722 ad
1662 695 1818 723 mdicntio-

1020 750 1093 774 nem,
1106 741 1159 769 hoc
1177 741 1307 769 dicamus.
1325 742 1360 769 At
1374 741 1450 776 cupis
1463 742 1538 769 illum
1556 741 1670 768 ulcisci?
1685 741 1739 768 Cur
1752 748 1818 776 ergo

1021 792 1047 815 te
1061 795 1110 822 pro
1124 787 1170 814 illo
1181 787 1342 815 ulcisceris?
1356 787 1421 814 Nam
1434 787 1478 822 qui
1499 787 1593 814 studes
1607 787 1699 814 ulcisci
1713 795 1760 814 eos
1772 787 1817 822 qui

1020 833 1069 860 tibi
1093 833 1202 861 fuerunt
1223 833 1341 866 molesti,
1357 833 1393 860 ita
1418 833 1549 861 ulciscere
1571 839 1598 861 ut
1615 834 1716 861 Paulus
1737 835 1818 869 jussit

1020 878 1124 906 ulcisci.
1147 878 1180 907 Si
1201 879 1278 907 esurit
1298 879 1418 906 inimicus
1438 884 1507 912 tuus,
1521 879 1576 906 ciba
1597 879 1692 911 illum;
1713 881 1735 906 si
1754 880 1817 912 sitit,

1021 925 1054 950 da
1064 925 1104 951 illi
1117 929 1204 959 potum
1219 924 1308 960 (Rom.
1330 925 1374 952 12.
1386 923 1444 959 20).
1469 923 1497 952 Si
1522 929 1612 952 autem
1637 925 1689 953 hoc
1707 926 1817 961 quidem

1021 977 1074 997 non
1089 969 1166 1001 facis,
1181 970 1268 997 solum
1283 974 1373 997 autem
1394 970 1540 1003 insidiaris,
1555 970 1581 998 in
1596 971 1710 1006 teipsum
1725 980 1818 1000 enscm

1021 1015 1140 1050 stringis.
1150 1015 1330 1048 Quamobrem
1345 1016 1366 1042 si
1382 1016 1426 1043 ille
1441 1015 1593 1048 maledicat,
1603 1024 1669 1043 orna
1685 1025 1746 1044 ettm
1763 1018 1819 1044 lau-

1021 1060 1099 1088 dibus
1112 1066 1140 1088 et
1163 1061 1303 1088 encomiis.
1329 1060 1374 1088 Sic
1396 1061 1468 1088 enim
1483 1066 1511 1089 et
1530 1062 1604 1089 illum
1630 1063 1730 1097 poteris
1751 1063 1819 1090 ulci-

1021 1106 1071 1139 sci,
1094 1111 1122 1133 et
1141 1106 1256 1142 teipsum
1279 1106 1406 1135 liberabis
1428 1114 1442 1133 a
1462 1108 1531 1135 mala
1559 1109 1722 1144 suspicione.
1749 1108 1816 1136 Nam

1022 1152 1066 1187 qui
1081 1151 1157 1179 dolet
1167 1160 1200 1180 eo
1210 1152 1281 1187 quod
1305 1152 1376 1180 male
1387 1153 1488 1186 audiat,
1506 1153 1558 1180 hoc
1580 1154 1686 1181 videtur
1708 1156 1762 1189 pati
1786 1162 1820 1182 ex

1022 1197 1092 1224 mala
1105 1197 1287 1231 conscientia;
1302 1198 1347 1233 qui
1370 1203 1460 1225 autem
1484 1198 1577 1226 irridet
1598 1207 1628 1227 ea
1644 1207 1704 1234 qua:
1724 1200 1820 1227 dicun-

1023 1246 1076 1275 tur,
1099 1244 1244 1270 maximum
1274 1244 1374 1278 profert
1399 1243 1537 1276 iudicium,
1554 1244 1626 1279 quod
1657 1245 1756 1272 nullius
1780 1247 1819 1273 rci

1022 1289 1099 1316 make
1119 1290 1169 1317 sibi
1193 1290 1228 1317 sit
1241 1290 1379 1317 conscius.
1393 1290 1459 1318 Cum
1482 1298 1547 1326 ergo
1561 1298 1610 1318 nec
1625 1291 1755 1325 audienti,
1770 1300 1820 1320 nec

1024 1334 1081 1366 tibi,
1094 1342 1144 1362 nec
1155 1335 1178 1362 ei
1192 1335 1236 1371 qui
1249 1340 1392 1362 accusatur
1403 1336 1502 1370 prosis,
1516 1340 1544 1363 et
1557 1337 1582 1363 in
1598 1341 1623 1363 te
1637 1337 1722 1371 ipsum
1737 1338 1821 1364 strin-

1023 1388 1069 1416 gas
1084 1381 1212 1416 gladium,
1233 1380 1274 1408 vel
1288 1379 1320 1408 ei:
1334 1380 1385 1408 ltoc
1399 1381 1458 1416 ipso
1471 1381 1555 1409 evade
1571 1381 1820 1410 moderatior.Nam

1023 1426 1163 1461 oportebat
1185 1426 1293 1461 quidem
1317 1426 1474 1461 persuaderi
1497 1434 1529 1454 ex
1544 1435 1627 1462 regno
1638 1427 1779 1461 crciorutn,
1794 1433 1821 1455 et

1024 1473 1056 1500 iis
1070 1480 1129 1508 qua:
1153 1472 1208 1500 Deo
1230 1472 1353 1499 videntur
1374 1480 1406 1500 ac
1431 1473 1562 1507 placent:
1585 1473 1634 1500 sed
1648 1475 1775 1508 quoniam
1790 1481 1820 1501 es

1023 1519 1142 1547 crassius
1154 1518 1277 1552 a'ectus,
1290 1523 1318 1546 et
1334 1519 1441 1546 mortles
1453 1524 1588 1554 tamquam
1610 1519 1676 1551 fera,
1692 1520 1734 1547 vel
1758 1520 1821 1548 hinc

1024 1565 1156 1593 erudiaris
1169 1570 1196 1592 et
1215 1565 1371 1600 castigeris;
1387 1570 1416 1592 ut
1432 1565 1473 1592 his
1487 1566 1575 1592 verbis
1596 1565 1743 1593 modestior
1757 1566 1822 1594 effe-

1025 1616 1093 1643 ctus,
1108 1617 1143 1637 ex
1153 1609 1196 1637 his
1209 1610 1285 1644 solis,
1295 1618 1356 1645 qum
1372 1611 1427 1638 Deo
1441 1610 1568 1638 videntur
1582 1619 1613 1639 ac
1628 1612 1745 1647 placent,
1762 1619 1822 1647 pos-

1025 1656 1063 1683 sis
1076 1656 1200 1690 componi
1219 1663 1250 1683 ac
1265 1656 1431 1687 concinnari,
1447 1661 1475 1684 ut
1494 1664 1554 1684 cum
1574 1658 1647 1684 omni
1661 1658 1744 1684 animi
1760 1665 1822 1692 per-

1026 1702 1178 1728 turbatione
1202 1702 1326 1736 superior
1339 1702 1473 1736 evaseris,
1489 1703 1606 1730 caelestia
1630 1703 1697 1730 bona
1724 1712 1823 1732 conse-

1026 1747 1116 1782 quaris
1130 1755 1137 1773 :
1153 1755 1213 1781 qute
1226 1747 1305 1773 detur
1319 1747 1397 1774 nobis
1410 1748 1536 1774 omnibus
1546 1749 1685 1783 consequi,
1699 1750 1782 1783 gratia
1796 1755 1823 1777 et

1026 1793 1190 1827 benignitate
1220 1792 1326 1819 Domini
1357 1792 1443 1820 nostri
1464 1793 1528 1820 Jesu
1548 1793 1658 1826 Christi,
1684 1801 1744 1821 cum
1769 1803 1823 1830 quo

1026 1837 1099 1865 Patri
1110 1845 1172 1865 cum
1184 1843 1278 1865 sancto
1289 1838 1391 1873 Spiritu
1403 1839 1438 1865 sit
1448 1839 1545 1873 gloria,
1556 1839 1708 1874 imperium,
1725 1840 1821 1875 lmuor,

1028 1884 1100 1911 nunc
1114 1888 1141 1910 et
1162 1891 1281 1917 semper.
1297 1889 1324 1911 et
1338 1884 1364 1910 in
1377 1884 1475 1911 szccula
1493 1885 1663 1912 szeculorum.
1680 1886 1775 1913 Amen.

178 1940 466 1945 _.___
1814 1939 1821 1941 _

448 1994 784 2053 SANCTI
819 1991 1166 2048 PATRIS
1203 1988 1543 2046 NOSTRI

271 2093 332 2173 J
337 2089 648 2174 OANN
653 2090 761 2170 IS
820 2084 1701 2184 CHRYSOSTOMI,

607 2211 908 2245 ARCHIEPISCOPI
929 2207 1412 2244 CONSTANTINOPOLITANI,

185 2279 241 2316 IN
270 2278 364 2314 SEC
370 2276 440 2312 UN
572 2273 644 2309 AD
659 2268 988 2308 CORINTHIOS
1011 2266 1316 2303 EPISTOLAM
1328 2267 1757 2307 COMMENTARIUS
1768 2262 1822 2306 ().

641 2330 965 2350 -

1012 2330 1385 2349 gf

869 2365 1043 2400 HOMILIA
1069 2365 1093 2396 .

182 2427 247 2455 CAP.
264 2427 290 2453 l.
308 2433 335 2453 v.
352 2425 378 2452 .
395 2423 493 2451 Paulus
506 2423 635 2459 apostolus
647 2422 711 2451 Jesu
721 2421 814 2449 Christi
826 2429 870 2456 per
884 2420 973 2447 volun-

219 2477 295 2499 tatem
306 2471 363 2503 Ilei,
377 2476 401 2497 et
416 2469 560 2497 Timotheus
573 2471 665 2505 frater,
680 2467 801 2495 Ecclesia:
810 2466 859 2494 Dei
869 2473 925 2499 quae
937 2469 974 2493 est

218 2517 342 2548 Corinthi
364 2524 422 2543 cum
443 2515 557 2542 omnibus
574 2515 679 2548 sanctis,
695 2514 737 2550 qui
751 2513 845 2540 suntin
857 2512 974 2539 universa

218 2563 316 2590 Achaia
325 2561 369 2589 :2.
378 2561 461 2597 gratia
471 2561 540 2587 vobis
549 2565 572 2588 et
585 2567 636 2594 pas;
674 2559 729 2586 Deo
743 2559 820 2586 Patre
829 2563 853 2584 et
863 2557 973 2584 Domino

219 2614 305 2636 nostro
318 2608 336 2635 J
338 2617 381 2636 esu
395 2608 504 2635 Christo.
520 2607 547 2634 5.
562 2606 711 2634 Benedictus
724 2605 793 2633 Dm
802 2610 826 2632 et
837 2604 915 2632 Pater
924 2603 974 2631 Do-

218 2656 281 2683 mini
295 2655 375 2682 nostri
388 2654 406 2681 J
408 2663 451 2682 esu
465 2653 559 2682 Christi
570 2673 578 2686 ,
594 2653 673 2680 Pater
686 2651 916 2680 misericordiarum
928 2672 935 2683 ,
950 2655 974 2677 et

218 2701 288 2730 Deus
306 2701 382 2728 totius
400 2699 590 2732 consolationis,
610 2699 637 2727 4.
659 2699 702 2735 qui
722 2697 868 2725 consolatur
884 2705 930 2724 nos
947 2697 974 2724 in

217 2749 287 2776 omni
300 2748 461 2775 tribulatione
474 2751 569 2779 nostra,
582 2750 609 2773 ut
622 2746 746 2779 possimus
757 2751 780 2772 et
788 2744 837 2779 ipsi
847 2743 973 2771 consolari

219 2803 271 2827 eos,
293 2794 337 2828 qui
358 2794 386 2820 in
406 2793 475 2820 otnni
489 2800 606 2826 pressura
624 2795 695 2824 sunt,
716 2798 762 2826 per
774 2789 973 2817 consolationem

217 2849 270 2875 qua
279 2842 329 2877 ipsi
337 2839 500 2868 consolamur
511 2847 526 2865 a
538 2838 602 2866 Deo.

189 2895 366 2953 etttqlliglnlllatus
382 2904 437 2921 cum
454 2896 543 2923 Codice
562 2898 705 2924 Ccislinlano
864 2901 929 2919 num.
941 2894 972 2919 33

1062 2416 1088 2444 1.
1099 2415 1151 2443 Cur
1158 2415 1295 2443 secundum
1306 2415 1340 2443 ad
1352 2415 1497 2444 Corinthios
1506 2417 1638 2452 epistolam
1650 2418 1751 2447 Paulus
1759 2421 1823 2448 scri-

1026 2462 1113 2497 pserit.
1180 2462 1255 2489 Prius
1265 2470 1387 2497 quzcrere
1398 2463 1535 2497 convenit,
1548 2471 1596 2490 cur
1608 2465 1752 2493 secundam
1765 2468 1823 2501 epi-

1026 2507 1123 2535 stolam
1147 2508 1230 2543 priori
1245 2508 1388 2543 adjungat,
1405 2513 1432 2535 et
1445 2517 1527 2543 quare
1541 2516 1556 2536 a
1576 2508 1622 2536 Dei
1642 2510 1823 2539 miserationi~

1026 2554 1076 2582 bus
1098 2559 1179 2589 atque
1201 2562 1217 2582 a
1240 2554 1426 2582 consolatione
1451 2555 1554 2582 initium
1576 2556 1665 2583 ducat.
1682 2557 1738 2585 Cur
1759 2566 1824 2594 ergo

1026 2600 1171 2630 secundam
1191 2600 1310 2636 adjecit?
1332 2600 1399 2628 Cum
1414 2601 1441 2628 in
1464 2601 1545 2637 priori
1568 2602 1680 2637 epistola
1696 2603 1822 2638 dixisset,

1032 2645 1136 2673 Veniam
1151 2646 1185 2672 ad
1206 2654 1259 2679 nos,
1282 2650 1305 2673 et
1326 2654 1487 2681 cognoscam,
1509 2655 1560 2674 non
1582 2656 1722 2676 sermonem
1735 2657 1822 2676 eorum

1026 2692 1069 2727 qui
1081 2692 1166 2727 inati
1176 2697 1244 2724 sunt,
1256 2694 1300 2720 sed
1310 2692 1425 2719 virtutem
1436 2693 1475 2728 (1.
1490 2693 1549 2720 Car.
1564 2694 1591 2721 4.
1605 2695 1666 2729 19)
1682 2700 1708 2722 ct
1723 2696 1756 2723 ad
1767 2697 1823 2724 cal-

1026 2746 1085 2766 cem
1106 2746 1200 2766 rursus
1223 2737 1273 2766 hoc
1295 2738 1380 2773 ipsum
1395 2739 1564 2766 suavior-ibus
1586 2740 1674 2767 verbis
1688 2740 1822 2775 pollicitus

1026 2782 1133 2817 fuisset,
1153 2782 1349 2816 Veniamenim,
1364 2784 1460 2819 inquit,
1474 2784 1509 2810 ad
1519 2792 1571 2817 vos,
1585 2789 1716 2820 postquam
1731 2785 1821 2813 Hace-

1024 2830 1129 2856 dom'am
1150 2834 1337 2864 pertranstero;
1353 2829 1531 2858 Macedoniam
1551 2831 1618 2857 enim
1643 2832 1820 2865 pertransibo,

1025 2880 1101 2909 atque
1123 2875 1194 2909 apud
1217 2882 1259 2902 vos
1276 2874 1385 2907 fortasse
1404 2875 1518 2909 manebo,
1543 2880 1587 2902 aut
1607 2876 1684 2902 etiam
1706 2876 1822 2903 hiemath

1028 2921 1065 2953 (1-
1080 2920 1139 2948 (-
1158 2920 1200 2948 '13-
1216 2920 1245 2956 )
1286 2920 1398 2948 mullum
1414 2924 1541 2960 temporis
1555 2923 1753 2957 intercesserat,
1771 2930 1822 2950 nec
