3998 6434
500 341 612 400 $83

500 469 682 514 tamen
714 455 782 514 ad
811 471 908 512 eos
933 469 990 511 se
1017 452 1359 518 contulerat;
1389 450 1520 522 quin
1550 450 1748 522 potius,
1780 462 1901 503 cum
1944 459 2085 516 prato

501 551 748 604 stitutum
781 556 994 616 tempus
1017 545 1128 613 jam
1158 541 1471 607 efﬂuxisset,
1502 541 1677 595 adhuc
1701 549 1882 594 tamen
1931 554 2094 594 cunc-

506 644 719 698 tabatur
759 655 824 695 ac
870 652 1050 693 moras
1096 636 1374 700 trahebat;
1423 633 1565 704 quod
1613 633 1817 688 scilicet
1861 632 2092 701 Spiritus

502 749 629 788 cum
647 790 652 796 ,
671 734 722 787 in
750 731 870 785 aliis
902 730 1058 798 longe
1084 727 1251 796 magis
1277 724 1600 780 necessariis
1629 724 1857 794 negotiis
1892 722 2093 778 retine-

503 837 603 881 ret.
637 825 747 880 Hae
777 822 846 876 de
872 836 1032 876 causa
1057 819 1347 875 secundam
1375 818 1660 888 epistolam
1706 816 1946 872 scribere
1995 831 2092 871 ne-

505 930 656 970 cesse
687 913 892 976 habuit,
924 927 1027 965 non
1058 924 1280 965 necesse
1311 908 1586 964 habiturus
1611 949 1628 975 ,
1661 907 1705 961 si
1733 908 1910 962 minus
1939 905 2091 962 tarde

503 1007 758 1062 venisset.
788 1004 896 1059 Nec
927 1018 1055 1058 vero
1096 1000 1198 1056 hoc
1237 1000 1515 1055 dumtaxat
1544 999 1786 1063 nomine.
1815 998 1910 1053 sed
1937 998 2008 1052 ob
2038 998 2088 1052 id

503 1101 663 1154 etiam
689 1139 705 1163 ,
754 1097 896 1167 quod
942 1111 1010 1151 ex
1039 1095 1317 1165 superiore
1358 1093 1586 1164 epistola
1615 1093 1865 1148 meliores
1891 1091 2088 1147 redditi

501 1192 735 1245 fuerant.
768 1189 898 1243 Nam
933 1187 1310 1242 fornicatorent
1341 1200 1499 1252 eum,
1528 1200 1687 1254 quem
1716 1185 1862 1252 prius
1906 1181 2090 1238 favore

503 1281 1016 1351 cotnplectebantur,
1039 1287 1094 1333 et
1113 1277 1182 1332 ob
1201 1291 1360 1347 quem
1383 1275 1680 1331 insolenter
1697 1289 1754 1330 se
1775 1273 2086 1341 efferebant,

505 1373 847 1428 absciderant
873 1386 935 1425 ac
965 1385 1184 1442 prorsus
1213 1369 1504 1438 ejecerant.
1540 1366 1595 1421 Id
1625 1366 1767 1437 quod
1799 1366 1880 1420 his
1909 1365 2089 1421 verbis

504 1464 756 1520 iudicavit
788 1482 802 1517 τ
832 1463 893 1518 Si
931 1464 1042 1532 quis
1068 1471 1234 1516 autem
1259 1461 1592 1524 contristabit,
1634 1477 1735 1514 non
1777 1476 1856 1513 nte
1896 1459 2089 1512 contri-

503 1557 673 1622 starit,
697 1557 786 1610 sed
809 1571 874 1610 ea:
898 1563 1042 1625 parte
1064 1593 1079 1618 ,
1108 1563 1162 1606 ut
1191 1569 1292 1606 non
1321 1568 1525 1606 onerem
1549 1567 1719 1605 omnes
1750 1567 1834 1604 vos
1862 1551 1939 1620 (2.
1968 1549 2087 1606 Cor.

502 1649 558 1702 2.
589 1647 670 1720 5).
695 1646 903 1702 Sufﬁcit
927 1647 997 1711 ei,
1029 1644 1118 1716 qtti
1145 1643 1405 1714 ejusmodi
1431 1652 1533 1708 est,
1565 1642 1863 1712 obiurgatio
1886 1657 1949 1697 ea
1969 1656 2089 1711 quae

505 1740 619 1794 ﬁta
661 1739 924 1809 pluribus.
964 1740 1042 1792 Ac
1077 1752 1290 1792 rursum
1334 1737 1600 1791 sermonis
1630 1748 1914 1805 progressu
1946 1733 2084 1789 idem

504 1832 697 1898 innuit,
722 1847 842 1885 cunt
869 1829 942 1884 ait
971 1848 984 1884 :
1017 1828 1149 1883 Ecce
1169 1829 1301 1883 enim
1321 1828 1418 1881 hoc
1440 1828 1625 1898 ipsum,
1649 1828 1784 1898 quod
1813 1827 2087 1882 secundum

505 1924 670 1979 Deum
702 1923 981 1977 contristati
1021 1923 1158 1988 estis,
1196 1932 1439 1992 quantam
1463 1921 1516 1974 in
1542 1920 1678 1974 vobis
1698 1919 2088 1976 sollicitudinem

499 2014 706 2084 effecit;
734 2015 836 2068 into
878 2015 1280 2076 excusationem,
1307 2013 1410 2066 into
1436 2012 1854 2081 indignationem,
1887 2011 1986 2065 imo
2017 2011 2084 2065 ti-

502 2124 712 2167 morem.
737 2107 838 2160 imo
865 2105 1192 2170 desiderium,
1223 2105 1324 2158 into
1351 2102 1728 2158 mulationem
1750 2144 1767 2171 ,
1796 2103 1898 2156 into
1923 2103 2084 2156 vindi-

498 2212 652 2256 ctam.
685 2198 753 2254 In
779 2198 1008 2253 omnibus
1036 2197 1329 2252 exhibuistis
1358 2213 1443 2250 vos
1465 2196 1887 2250 incontaminatos
1907 2211 2014 2248 esse
2032 2195 2086 2248 in

497 2293 697 2364 negotio
726 2291 800 2364 (2.
834 2289 952 2346 Cor.
997 2290 1049 2343 7.
1092 2290 1154 2343 11
1167 2300 1206 2358 ).
1253 2288 1392 2356 Quin
1431 2289 1707 2357 pecuniam
1739 2302 1879 2353 eam,
1924 2302 2084 2357 quam

501 2387 886 2456 imperaverat,
917 2395 1128 2437 summo
1157 2381 1335 2435 studio
1357 2380 1684 2450 collegerant
1709 2392 1725 2434 :
1755 2379 1897 2435 unde
1921 2380 2082 2435 etiam

495 2477 730 2541 dicebat,
759 2475 882 2530 Scio
911 2475 1044 2528 enim
1069 2473 1384 2527 alacritatem
1404 2483 1644 2539 vestram,
1684 2472 1746 2526 de
1773 2489 1873 2544 qua
1891 2473 2084 2544 glorior

493 2571 634 2641 apud
663 2567 969 2623 Macedones
993 2583 1012 2621 :
1040 2567 1280 2637 quoniam
1305 2565 1502 2620 Achaia
1532 2575 1712 2632 parata
1739 2575 1812 2619 est
1847 2565 1910 2619 ab
1947 2581 2082 2620 anno

493 2662 744 2734 superiori
792 2658 883 2731 (2.
917 2659 1036 2716 Cor.
1069 2658 1123 2714 9.
1166 2657 1261 2723 2).
1308 2657 1424 2714 Huc
1449 2657 1657 2712 accedit
1693 2656 1836 2726 quod
1876 2656 2078 2725 Titum,

493 2770 654 2826 quem
678 2754 792 2821 ipso
818 2751 1060 2817 miserat,
1088 2750 1321 2804 maxima
1345 2765 1464 2803 cunt
1495 2749 1865 2804 benevolentia
1893 2763 2082 2804 susce-

495 2861 543 2914 νε
561 2854 702 2899 rant.
735 2843 790 2898 Id
818 2842 961 2914 quod
990 2843 1153 2898 etiam
1182 2840 1538 2907 ostendebat,
1575 2855 1695 2895 cum
1724 2856 1912 2896 rursus
1937 2841 2081 2897 dice-

490 2944 614 2989 ret:
658 2933 865 2989 Viscera
898 2935 1008 3005 ejus
1051 2933 1397 2988 abundantius
1432 2943 1550 2986 sunt
1588 2933 1642 2988 in
1681 2934 1839 3000 vobis,
1871 2933 2077 2989 remini-

491 3025 676 3083 scentis
701 3025 928 3079 omnium
955 3034 1173 3079 vestrum
1204 3024 1536 3078 obedientiam
1560 3065 1575 3089 ,
1598 3025 1850 3094 quomodo
1874 3041 1991 3078 cum
2015 3028 2082 3080 ti-

491 3136 631 3174 more
654 3128 701 3174 et
727 3129 941 3172 tremore
967 3133 1080 3172 eum
1107 3117 1398 3186 suscepistis
1425 3115 1525 3187 (2.
1557 3115 1676 3172 Cor.
1719 3117 1774 3172 7.
1803 3117 1866 3174 15
1893 3117 1936 3186 ).
1983 3116 2079 3172 His

490 3210 741 3268 Omnibus
761 3209 938 3264 causis
958 3208 1238 3274 adductus,
1261 3206 1549 3262 secundam
1571 3207 1852 3277 epistolam
1869 3208 2073 3264 scribit.

492 3303 707 3359 Etenim
727 3317 825 3373 par
844 3311 980 3365 erat,
1015 3308 1073 3354 ut
1099 3298 1550 3369 quemadmodum
1583 3299 1727 3367 illos,
1747 3313 1870 3354 cum
1891 3315 2081 3371 pecca-

490 3406 632 3462 rent,
681 3393 1036 3465 obiurgabat;
1088 3394 1167 3448 sic
1217 3393 1378 3448 etiam
1423 3392 1642 3448 eosdem
1685 3393 1753 3447 ad
1801 3393 2079 3448 meliorem

493 3499 726 3545 mentem
757 3502 1006 3544 reversos
1031 3486 1410 3558 comprobaret
1441 3502 1506 3544 ac
1540 3487 1787 3544 laudibus
1816 3487 2075 3545 afﬁceret.

490 3583 569 3636 Ac
594 3579 819 3650 proinde
856 3595 958 3634 nec
991 3593 1174 3634 acrem
1203 3592 1263 3634 se
1291 3592 1356 3633 ac
1381 3577 1755 3633 vehementem
1783 3593 1878 3648 per
1912 3587 2076 3634 totam

489 3675 774 3744 epistolam
805 3674 1028 3743 praebet,
1061 3673 1157 3728 sed
1189 3673 1240 3729 in
1273 3674 1457 3743 paucis
1484 3674 1762 3730 dumtaxat
1785 3675 1886 3730 sub
1914 3675 2079 3747 ipsius

489 3768 650 3822 tinem
676 3767 932 3836 partibus.
961 3764 1093 3819 Nam
1119 3774 1174 3820 et
1193 3765 1334 3835 apud
1359 3780 1454 3820 eos
1475 3763 1644 3821 Judtei
1669 3766 1884 3837 quidam
1905 3775 2077 3833 erant,

491 3863 582 3932 qui
610 3861 892 3930 magniﬁce
916 3859 987 3915 de
1007 3875 1067 3914 se
1094 3860 1376 3926 sentirent,
1407 3875 1471 3914 ac
1498 3859 1721 3915 Paulum
1751 3871 1810 3914 ut
1833 3875 2083 3930 arrogan-

489 3963 598 4006 tem
629 3952 929 4022 nulliusque
960 3951 1114 4021 pretii
1142 3951 1414 4006 hominem
1445 3953 1860 4008 criminarentur
1891 3968 1906 4007 :
1942 3951 2083 4007 ideo-

490 4059 598 4115 que
613 4045 884 4110 dicebant,
911 4042 1156 4115 Epistala:
1173 4045 1376 4115 quidem
1400 4059 1600 4116 graues,
1624 4045 1892 4115 prtesentia
1910 4053 2081 4097 autem

489 4137 720 4210 corporis
738 4137 963 4207 inﬁrma,
985 4145 1032 4191 et
1055 4153 1219 4192 sermo
1241 4136 1626 4206 contemptibilis
1647 4136 1722 4207 (2.
1743 4135 2080 4208 CorJOJO).

494 4230 733 4298 Quorum
772 4227 1058 4282 verborum
1101 4228 1217 4283 haec
1257 4237 1376 4284 erat
1416 4230 1679 4285 sententia
1709 4246 1726 4286 :
1751 4228 1884 4284 Cum
1928 4230 2084 4286 adest

495 4322 608 4388 ille,
641 4320 838 4375 nullius
872 4320 1028 4391 pretii
1054 4335 1176 4376 esse
1198 4321 1443 4389 videtur;
1473 4321 1576 4378 hoc
1602 4324 1746 4379 enim
1774 4323 1825 4378 itt
1859 4325 1941 4380 bis
1962 4342 2083 4382 ver-

496 4415 579 4469 bis
605 4413 957 4485 signiﬁcatnr,
988 4411 1268 4468 Prwsentia
1302 4415 1531 4485 corporis
1555 4415 1760 4482 inﬁrma
1783 4430 1803 4470 :
1830 4430 1952 4472 cum
1981 4433 2079 4473 au~

495 4517 602 4561 teut
633 4506 936 4572 abscessit,
965 4521 1060 4576 per
1087 4504 1273 4560 literas
1296 4521 1624 4578 magnopere
1650 4522 1709 4562 se
1733 4507 1937 4578 iactat;
1967 4510 2082 4567 haec

494 4601 642 4655 enim
669 4599 860 4653 horum
887 4598 1179 4654 verborum
1211 4597 1532 4668 signiﬁcatio
1561 4607 1663 4664 est,
1698 4598 1946 4669 Epistolte
1963 4618 2082 4672 gra-

489 4706 596 4745 ves.
611 4689 720 4744 Itno
737 4697 793 4744 ut
815 4689 1074 4743 honorem
1099 4687 1200 4744 sibi
1223 4689 1587 4756 conciliarent,
1611 4705 1671 4746 se
1690 4689 1819 4746 nihil
1841 4692 2084 4762 accipere

488 4781 840 4840 simulabant.
878 4781 1031 4849 Quod
1062 4781 1224 4835 etiam
1255 4780 1427 4850 ipsum
1456 4780 1730 4848 innuebat,
1771 4787 1892 4836 cum
1931 4782 2081 4840 dice-

488 4882 620 4928 ret:
657 4871 724 4928 Ut
761 4874 816 4926 in
858 4887 959 4943 quo
997 4872 1315 4944 gloriantur,
1361 4873 1684 4927 inveniantur
1729 4875 1860 4928 sicut
1904 4885 1954 4930 et
1989 4891 2083 4932 nos

492 4968 579 5038 (2.
606 4964 725 5021 Cor.
760 4968 848 5022 11.
884 4965 995 5037 i2).
1037 4967 1116 5021 Ac
1156 4975 1441 5036 prwterea,
1482 4967 1736 5036 quoniam
1767 4967 1977 5023 dicendi
2003 4969 2084 5024 fa-

490 5061 696 5117 cultate
725 5060 998 5131 pollebant
1025 5060 1131 5126 ibi,
1159 5075 1225 5114 eo
1255 5059 1473 5115 nomine
1497 5059 1708 5115 animos
1731 5062 1986 5131 majorem
2026 5063 2081 5118 in

498 5155 717 5210 modum
747 5155 1087 5211 attollebant.
1113 5155 1318 5210 Idcirco
1347 5153 1462 5224 ipse
1499 5169 1620 5209 sese
1646 5156 1950 5224 imperitum
1987 5173 2084 5228 ap-

495 5247 698 5318 pellat,
727 5256 786 5302 ut
811 5247 1060 5302 ostendat
1094 5247 1144 5302 id
1171 5246 1272 5302 sibi
1302 5245 1522 5302 minime
1562 5247 1751 5317 pudori
1791 5263 1912 5304 esse
1935 5291 1950 5316 ,
1979 5264 2081 5305 nec

495 5354 610 5397 rem
644 5337 821 5410 magni
863 5353 983 5394 esse
1023 5337 1216 5409 pretii;
1250 5339 1358 5393 imo
1385 5338 1580 5394 nullius
1621 5339 1900 5394 momenti.
1939 5341 2085 5407 Quo-

495 5430 638 5486 niam
679 5431 837 5500 igitur
865 5430 1154 5485 verisimile
1183 5438 1299 5485 erat
1326 5429 1584 5498 quosdam
1625 5447 1810 5486 eorum
1837 5431 2082 5488 oratione

500 5537 532 5579 β
557 5531 703 5577 recta
731 5521 998 5576 sententia
1026 5520 1252 5587 deduci,
1286 5521 1485 5577 idcirco
1508 5537 1628 5577 cum
1661 5525 1808 5594 prius
1837 5525 1980 5594 ipsos
2011 5525 2081 5580 ob

495 5612 573 5680 id,
605 5612 749 5684 quod
772 5622 918 5669 recte
958 5611 1225 5680 fecerant,
1263 5613 1506 5669 laudibus
1531 5615 1845 5680 extulisset;
1877 5629 1940 5669 ac
1963 5631 2084 5669 rur-

497 5723 591 5769 sus
631 5707 843 5764 illorum
892 5709 1250 5781 arrogantiam
1296 5709 1366 5764 ob
1413 5707 1661 5764 Judaicas
1705 5708 2077 5773 ceremonias,

493 5813 627 5866 quas
661 5798 1033 5870 intempestive
1056 5799 1166 5870 jam
1199 5799 1490 5857 observare
1517 5797 1824 5866 studebant,
1851 5798 2079 5857 retudis-

1247 336 1304 394 S.
1344 335 1621 394 JOANNIS
1655 329 2126 389 CRRYSOSTOMI
2175 330 2481 387 ARCHIEP.
2505 332 3039 389 CONSTANTINOP.

3687 345 3784 398 584

2199 456 2282 502 set
2311 465 2325 504 :
2356 456 2465 501 tum
2497 447 2728 516 denique
2759 448 2861 503 hoc
2887 463 2982 503 eos
3010 449 3225 504 nomine
3250 453 3494 506 nonnihil
3518 454 3780 526 objurgat.

2195 541 2373 609 Atque
2397 540 2724 611 hujusmodi,
2745 551 2799 594 ut
2819 543 3122 596 summatim
3145 557 3206 596 ac
3225 543 3369 600 velut
3388 545 3570 600 obiter
3589 547 3779 616 dicam,

2195 631 2440 701 epistola:
2486 643 2860 704 argumentum
2907 633 3038 688 mihi
3086 650 3206 690 esse
3254 637 3488 692 videtur.
3534 637 3782 710 Sequitur

2189 721 2302 790 jam
2333 733 2388 776 ut
2408 723 2652 792 epistolae
2681 724 2891 778 initium
2918 725 3262 798 attingamus,
3293 727 3672 802 dicamusque,
3693 747 3784 788 cur

2195 825 2314 886 post
2343 817 2720 872 salutationem
2747 858 2762 884 ,
2794 833 2954 888 quam
2985 833 3084 889 pro
3129 835 3228 875 suo
3270 836 3424 877 more
3473 823 3776 892 adhibebat,

2193 910 2271 962 sic
2319 924 2348 962 a
2397 909 2488 964 Dei
2536 910 2967 964 miserationibus
3017 925 3243 966 exorsus
3284 913 3372 967 sit.
3419 912 3581 968 Prius
3608 923 3780 972 tamen

2195 999 2512 1069 principium
2543 1000 2714 1068 ipsum
2757 1001 3029 1070 explicare
3067 1017 3204 1072 opus
3232 1013 3351 1070 est,
3384 1018 3453 1058 ac
3497 1020 3740 1074 quaerere
3760 1048 3775 1072 ,

2193 1103 2359 1158 quare
2401 1089 2743 1146 Timotheum
2789 1092 2889 1146 hoc
2941 1091 3062 1148 loco
3101 1093 3203 1148 sibi
3251 1095 3544 1165 copularit.
3590 1094 3779 1153 Paulus

2193 1183 2358 1247 enim,
2403 1184 2604 1254 inquit,
2637 1185 2896 1254 apostolus
2935 1183 3063 1241 .Iesu
3101 1185 3291 1241 Christi
3331 1205 3427 1257 per
3471 1189 3776 1245 voluntatem

2193 1272 2312 1336 Dei,
2340 1284 2387 1327 et
2414 1273 2703 1331 Timotheus
2736 1279 2915 1348 frater.
2944 1277 3152 1331 Etenim
3181 1278 3234 1332 in
3261 1279 3446 1348 priore
3470 1281 3696 1350 epistola
3722 1297 3777 1338 se

2193 1364 2344 1419 illum
2383 1381 2504 1421 esse
2536 1368 2821 1423 missurum
2863 1369 3217 1438 pollicebatur
3257 1380 3313 1426 et
3354 1373 3672 1428 hortabatur
3700 1375 3774 1432 his

2192 1455 2372 1511 verbis
2400 1473 2416 1512 :
2445 1456 2507 1512 Si
2531 1467 2698 1512 autem
2723 1460 2909 1513 venerit
2930 1458 3240 1526 Timotheus,
3264 1462 3428 1517 videte
3449 1473 3504 1516 ut
3525 1464 3636 1518 sine
3653 1476 3774 1520 metu

2190 1547 2256 1600 sit
2283 1546 2422 1618 apud
2448 1563 2533 1604 uos
2565 1549 2643 1616 (1.
2674 1548 2788 1604 Cor.
2824 1549 2910 1605 16.
2945 1549 3037 1622 10)
3066 1568 3079 1604 :
3108 1567 3205 1607 cur
3223 1568 3350 1623 ergo
3377 1568 3502 1608 eum
3535 1553 3637 1610 hoc
3664 1555 3771 1610 loco

2192 1639 2244 1692 in
2274 1640 2536 1710 procemio
2563 1655 2748 1698 secum
2773 1643 3087 1716 coniungit?
3114 1645 3266 1712 Cum,
3295 1655 3353 1700 ut
3379 1647 3636 1717 magister
3661 1663 3772 1718 pro-

2191 1731 2430 1799 miserat,
2453 1731 2522 1786 ad
2546 1747 2643 1789 eos
2673 1748 2733 1789 se
2757 1735 3074 1790 contulisset
3100 1735 3244 1807 (Misi
3266 1739 3413 1792 enim
3433 1779 3448 1801 ,
3479 1737 3684 1808 inquit,
3709 1739 3768 1792 ad

2190 1841 2276 1879 vos
2301 1824 2637 1893 Timotheum,
2667 1827 2753 1896 qui
2781 1842 2867 1882 vos
2890 1829 3308 1898 commonefacict
3337 1829 3450 1883 vias
3472 1846 3611 1884 meas
3633 1871 3648 1896 ,
3670 1846 3768 1897 qtae

2189 1925 2307 1970 sunt
2331 1918 2386 1970 in
2401 1915 2598 1972 Christo
2620 1916 2696 1991 [1.
2714 1917 2830 1974 Cor.
2845 1917 3004 1991 4.17]
3027 1919 3068 1989 ),
3081 1930 3240 1989 atque
3270 1919 3361 1974 ubi
3389 1921 3571 1975 omnia
3585 1922 3766 1977 rectius

2190 2010 2593 2078 constituisset,
2623 2011 2690 2066 ad
2718 2011 2941 2067 Paulum
2983 2028 3043 2068 se
3070 2023 3372 2082 receperat.
3409 2013 3621 2069 Etenim
3657 2029 3764 2070 cum

2191 2116 2312 2156 cum
2345 2102 2604 2166 mitteret,
2635 2101 2868 2168 dicebat,
2893 2101 3143 2157 Deducite
3167 2120 3279 2158 eum
3305 2105 3361 2158 in
3385 2121 3530 2174 pace.
3552 2105 3763 2158 utveniat

2189 2193 2258 2248 ad
2279 2209 2358 2246 me
2376 2203 2638 2262 :earspecto
2659 2193 2792 2248 enim
2813 2210 2925 2248 eum
2945 2210 3061 2248 cum
3081 2195 3326 2264 fratribus
3345 2195 3556 2266 (LCor.
3573 2196 3761 2264 16.“).

2259 2283 2312 2338 2.
2340 2285 2693 2356 Posteaquam
2727 2287 2886 2357 igitur
2909 2287 2977 2342 ad
3008 2290 3324 2358 magistrum
3358 2304 3421 2344 se
3446 2290 3756 2359 recepisset,

2187 2391 2250 2432 ac
2279 2377 2543 2432 restitutis
2580 2379 2948 2450 correctisqne
2986 2396 3088 2434 una
3117 2396 3239 2435 cum
3267 2396 3340 2436 eo
3383 2383 3524 2437 Asia:
3551 2382 3760 2452 negotiis

2188 2470 2430 2543 (Manebo
2457 2473 2598 2526 enim
2619 2512 2636 2538 ,
2681 2473 2885 2542 inquit,
2918 2471 3108 2544 Ephesi
3146 2473 3303 2543 iisque
3351 2474 3422 2528 ad
3452 2472 3758 2528 Peutecosten

2186 2561 2266 2635 [1.
2297 2560 2413 2617 Cor.
2447 2563 2532 2618 16.
2566 2562 2678 2637 8]),
2708 2578 2895 2619 rursus
2924 2566 2976 2620 in
3005 2564 3381 2620 Macedoniam
3409 2566 3757 2621 transivisset:

2182 2656 2292 2723 jam
2330 2671 2438 2710 non
2477 2655 2747 2712 immerito
2791 2672 2914 2712 eum
2946 2666 3004 2712 ut
3033 2667 3359 2729 przesetttem
3404 2659 3504 2714 sibi
3544 2657 3753 2728 c0pulat.

2187 2747 2397 2804 Etenim
2431 2758 2558 2804 tunc
2582 2765 2648 2804 ex
2679 2749 2828 2816 Asia,
2861 2766 3004 2807 nunc
3032 2760 3209 2806 autem
3238 2767 3270 2806 e
3294 2751 3616 2808 Macedonia
3639 2751 3756 2805 scri-

2184 2839 2281 2895 bit.
2309 2841 2484 2911 Ipsum
2511 2855 2672 2911 porro
2697 2841 2797 2896 sibi
2822 2843 3124 2914 conjunxit,
3155 2852 3267 2897 tum
3299 2853 3372 2898 ut
3399 2858 3519 2904 eum
3545 2842 3753 2897 honora-

2183 2931 2432 2988 biliorem
2463 2931 2744 3000 redderet,
2777 2942 2886 2988 tum
2929 2944 2988 2990 ut
3018 2935 3250 3005 ingentis
3293 2934 3614 2990 humilitatis
3657 2946 3750 2986 sua:

2183 3025 2455 3096 specimen
2481 3025 2776 3082 exhiberet.
2807 3026 2934 3081 Erat
2959 3028 3104 3084 enim
3135 3027 3223 3082 ille
3251 3028 3476 3084 inferior
3501 3028 3646 3098 ipso;
3668 3023 3744 3079 sed

2183 3119 2378 3174 caritas
2417 3120 2596 3175 omnia
2623 3119 2915 3175 connectit.
2951 3121 3137 3192 quue
3179 3122 3348 3178 etiam
3393 3123 3490 3192 ﬁt,
3538 3130 3592 3176 ut
3620 3121 3741 3174 illum

2184 3214 2382 3284 ubique
2420 3214 2524 3270 sibi
2571 3222 2814 3286 exaequet
2839 3253 2853 3278 ,
2893 3230 3034 3269 nunc
3077 3216 3146 3270 ita
3197 3214 3450 3288 loquens,
3493 3215 3742 3287 Tamquam

2183 3307 2317 3378 patri
2337 3305 2499 3376 ﬁlius,
2527 3307 2653 3360 mihi
2673 3306 2926 3362 inseruivit
2957 3304 3212 3378 (Philipp.
3243 3307 3303 3362 2.
3334 3308 3426 3381 22)
3455 3325 3468 3361 :
3497 3321 3626 3362 nunc
3641 3319 3743 3358 rur—

2181 3416 2296 3467 sus,
2328 3399 2470 3472 Opus
2493 3403 2630 3456 enim
2651 3399 2865 3454 Domini
2892 3409 3152 3471 operatur,
3184 3402 3318 3455 sicut
3338 3411 3388 3456 et
3412 3417 3503 3473 ego
3529 3397 3608 3470 (1.
3632 3393 3732 3451 Car.

2182 3490 2275 3548 16.
2308 3491 2402 3563 10)
2435 3509 2452 3548 :
2479 3506 2543 3547 ac
2570 3491 2802 3562 denique
2845 3490 2948 3548 hoc
2994 3492 3115 3548 loco
3160 3491 3385 3547 fratrem
3416 3501 3605 3562 quoque
3627 3496 3731 3539 eum

2181 3583 2421 3654 appellat
2446 3599 2462 3638 :
2493 3583 2745 3639 nimirum
2775 3593 2833 3638 ut
2855 3584 3108 3638 omnibus
3139 3583 3323 3638 modis
3349 3583 3398 3638 ei
3429 3579 3559 3653 apud
3581 3573 3736 3633 Corin-

2185 3674 2324 3729 thios
2353 3673 2754 3730 venerationem
2784 3685 3076 3744 comparet.
3109 3673 3242 3728 Nam
3270 3690 3341 3728 eo
3359 3716 3376 3739 ,
3406 3683 3464 3728 ut
3482 3673 3583 3742 jam
3609 3663 3735 3724 dixi.

2184 3775 2517 3837 perrexerat,
2549 3780 2770 3836 sumque
2797 3767 3012 3820 virtutis
3039 3766 3429 3822 documentum
3453 3760 3735 3835 prtehuerat.

2185 3859 2426 3917 Ecclesia
2458 3859 2552 3916 Dei
2577 3875 2694 3931 qua
2715 3871 2788 3914 est
2823 3859 3072 3915 Corinthi.
3104 3859 3317 3916 Rursus
3357 3874 3451 3914 eos
3479 3848 3737 3911 Ecclesium

2183 3964 2362 4022 vocat,
2392 3963 2453 4010 ut
2477 3969 2666 4009 omnes
2693 3953 2745 4008 in
2781 3969 2944 4008 unum
2977 3952 3229 4009 conciliet
3256 3968 3326 4008 ac
3354 3949 3624 4007 devinciat.
3645 3939 3737 3994 Nec

2185 4064 2289 4118 que
2311 4048 2454 4103 enim
2485 4046 2722 4103 Ecclesia
2750 4062 2856 4101 una
2885 4061 3006 4102 esse
3033 4055 3214 4118 queat,
3243 4045 3469 4101 divulsis
3493 4042 3579 4104 iis,
3600 4044 3736 4102 atque

2185 4140 2326 4195 inter
2361 4154 2422 4195 se
2448 4138 2831 4194 dissidentibus
2854 4179 2869 4200 ,
2918 4138 3008 4208 qui
3051 4139 3104 4192 in
3147 4153 3209 4193 ea
3239 4147 3386 4193 sunt.
3419 4135 3540 4190 Cum
3577 4121 3737 4184 sancti!

2185 4233 2417 4286 omnibus
2445 4232 2533 4302 qui
2563 4241 2678 4285 sunt
2702 4231 2755 4284 in
2786 4231 3016 4284 universa
3042 4230 3254 4284 Achaia.
3299 4227 3496 4284 Eadem
3525 4233 3671 4290 opera
3691 4220 3738 4269 et

2183 4323 2495 4377 Corinthios
2523 4321 2729 4376 honore
2755 4321 2938 4385 afﬁcit,
2971 4321 3097 4375 dum
3136 4335 3234 4390 per
3257 4334 3377 4374 eam
3405 4329 3556 4387 quam
3577 4307 3636 4363 ad
3657 4317 3734 4360 θος

2185 4414 2372 4470 scribit
2396 4413 2677 4483 epistolam
2701 4427 2889 4467 omnes
2918 4412 3239 4477 consalutat,
3261 4421 3316 4466 et
3345 4409 3633 4464 universam
3658 4409 3736 4450 na-

2189 4507 2388 4562 tionem
2422 4505 2560 4562 inter
2585 4520 2645 4562 se
2673 4505 2941 4559 conciliat.
2971 4503 3199 4559 Sanctus
3227 4513 3404 4557 autem
3442 4511 3533 4553 eos
3569 4495 3732 4550 vocat.

2188 4608 2245 4652 ut
2272 4596 2518 4651 ostendat
2554 4595 2621 4650 ab
2651 4595 2750 4651 hac
2775 4596 3134 4666 appellatione
3169 4595 3402 4649 alienum
3431 4601 3579 4649 esse,
3605 4580 3731 4653 quis-

2186 4689 2308 4760 quis
2356 4690 2579 4760 impuris
2625 4697 2709 4744 est
2750 4689 3008 4744 moribus.
3060 4687 3130 4743 Et
3173 4704 3270 4742 cur
3311 4685 3378 4740 ad
3426 4671 3731 4745 metropoli!n

2186 4779 2448 4850 scribens,
2495 4783 2745 4836 omnibus
2787 4796 2885 4851 per
2926 4795 3045 4834 eam
3089 4779 3295 4846 scribit,
3335 4790 3452 4832 cum
3489 4770 3539 4825 id
3563 4764 3732 4831 ubique

2185 4874 2406 4928 minime
2447 4873 2639 4926 faciat?
2676 4870 2950 4940 Siquidem
2989 4885 3112 4925 cum
3153 4870 3220 4924 ad
3259 4859 3731 4925 Thessalonicenscs

2187 4967 2373 5020 literas
2408 4963 2596 5028 daret,
2628 4979 2734 5018 non
2765 4962 2832 5017 ad
2860 4961 3180 5017 Macedones
3226 4970 3432 5031 quoque
3456 4945 3728 5007 scribebat;

2187 5073 2286 5113 nec
2326 5058 2454 5113 item
2505 5057 2753 5127 Ephesiis
2795 5055 3057 5121 scribens,
3105 5050 3404 5108 universam
3447 5043 3616 5098 Asiam
3644 5041 3728 5085 ιιη³

2185 5151 2500 5221 complexus
2541 5158 2654 5212 est;
2703 5162 2803 5203 nec
2848 5146 3084 5216 denique
3115 5143 3347 5217 Epistola
3384 5137 3449 5193 ad
3489 5132 3728 5221 Roman-os

2189 5246 2256 5301 iis
2295 5211 2478 5311 etiam,
2514 5243 2603 5312 qui
2647 5242 2700 5297 in
2743 5241 2892 5296 Italia
2931 5238 3299 5301 versabantur,
3333 5232 3487 5288 missa
3527 5229 3618 5312 est.
3649 5211 3726 5267 HIc

2187 5349 2368 5397 autem
2397 5325 2498 5392 hoc
2523 5311 2681 5400 facit,
2717 5346 2879 5406 atque
2917 5335 3042 5389 item
3083 5334 3134 5387 in
3178 5326 3404 5401 Epistola
3430 5319 3491 5375 ad
3520 5311 3721 5406 Galatas.

2188 5430 2371 5500 Neque
2398 5429 2543 5483 enim
2573 5427 2680 5482 illic
2708 5427 2801 5481 uni
2827 5425 3124 5489 dumtaxat,
3165 5433 3256 5476 ant
3282 5414 3499 5474 duabus,
3536 5409 3617 5500 aut
3642 5405 3723 5500 ιτς

2188 5485 2300 5575 bus.
2335 5518 2666 5584 civitatibus,
2716 5516 2811 5572 sed
2857 5515 2922 5570 iis
2967 5515 3056 5587 qui
3101 5485 3296 5585 passim
3335 5496 3546 5572 dispersi
3590 5485 3718 5587 erant

2190 5565 2290 5575 ηπ
2338 5565 2666 5584 ..μην----η
2716 5565 2811 5572 η-
2857 5565 2920 5570 ---
2970 5565 3056 5587 τ--
3103 5565 3269 5585 τήν-ην
3418 5565 3432 5572 -

2189 5611 2414 5675 scribit,
2447 5610 2530 5664 itis
2568 5607 2748 5663 verbis
2785 5616 2981 5661 utens:
3017 5605 3212 5660 Paulus
3246 5595 3518 5684 apostolus,
3543 5565 3720 5684 add“:

2191 5667 2474 5759 hominibus
2498 5717 2589 5756 nec
2615 5718 2704 5773 per
2723 5701 2996 5767 hominem,
3024 5700 3114 5754 sed
3145 5715 3232 5768 per
3254 5667 3422 5749 68W"
3440 5667 3720 5773 CM“???

2191 5797 2353 5852 Deum
2377 5765 2717 5866 Patrempqui
2743 5765 2998 5849 suscitavit
3015 5809 3126 5848 eum
3141 5765 3206 5847 ea:
3221 5779 3438 5844 mortuis.
3467 5780 3509 5827 ιι
3532 5765 3607 5836 φιε
3630 5765 3716 5806 '"e'
