3998 6438
2919 28 2926 29 κ
2945 26 3040 30 Ἢ.
3057 26 3146 31 o—w—
3156 24 3234 32 *τι
3257 22 3425 34 τησ--η-π,

252 342 355 399 385
1276 344 1343 402 IN
1381 345 1596 403 EPIST.
1639 345 1684 402 ll
1716 346 1808 402 AD
1845 345 2005 404 COR.
2049 344 2286 404 HOMIL.
2318 345 2362 403 1.
2767 393 2770 397 ν
3400 344 3506 400 534

253 463 676 537 παρακλήσεως.
717 466 874 531 Τίνος
903 463 996 522 οὖν
1023 466 1209 521 ἐνεκεν
1243 467 1503 538 δευτέραν
1535 465 1827 538 προστίθη-
1932 483 2090 539 τερον
2112 467 2308 531 αὐτοὺς
2335 431 2688 537 ἐγκωμιάσας
2720 463 2857 536 ὐπέρ
2887 457 2962 522 ὧν
2983 463 3374 536 κατώρθωσαν,
3415 467 3510 519 καὶ

257 576 378 626 σιν;
410 557 596 611 Εἰπὼν
622 561 680 612 ἐν
707 563 772 629 τῇ
805 561 1045 632 προτέρᾳ
1088 561 1394 630 Ἐπιστολῇ,
1429 560 1510 612 ὅτι
1552 559 1832 613 Ἐλεύσο-

252 665 358 718 μαι
379 647 531 727 πρὸς
558 646 732 717 ὑμᾶς,
761 649 860 702 καὶ
893 658 1218 719 γνώσομαι,
1253 652 1324 703 οὺ
1356 649 1464 703 τὸν
1490 651 1677 719 λόγον
1713 647 1834 703 τῶν

255 738 750 810 πεφυσιωμένων,
795 741 958 795 ἀλλὰ
988 740 1104 809 τὴν
1144 741 1420 810 δύναμιν,
1465 741 1560 795 καὶ
1591 739 1726 811 πρὸς
1753 738 1832 809 τῷ

252 833 398 887 τέλει
427 832 589 886 πάλιν
613 833 1047 903 προσηνέστερον
1072 833 1206 886 αὐτὸ
1239 831 1399 885 τοῦτο
1424 831 1791 902 ὑποσχόμενος
1813 847 1828 862 ο

265 926 618 994 Ἐλεύσομαι
649 923 777 995 γὰρ.
811 924 967 994 φησὶ,
1015 925 1166 992 πρὸς
1190 923 1367 992 ὑμᾶς,
1397 923 1544 977 ὅταν
1568 921 1833 976 Μακεδο-

252 1019 394 1072 νίαν
431 1017 646 1071 διέλθω
669 1032 684 1046 ·
721 1016 1099 1070 Μακεδονίαν
1135 1015 1245 1085 γὰρ
1289 1014 1594 1084 διέρχομαι
1631 1029 1647 1046 ο
1681 1013 1831 1080 πρὸς

252 1108 412 1180 ὑμᾶς
436 1109 506 1163 δὲ
547 1110 737 1178 τυχὸν
772 1107 1110 1178 παραμενῶ,
1148 1107 1185 1176 ἢ
1225 1108 1322 1162 καί
1367 1104 1829 1177 παραχειμάσω·

249 1201 454 1256 πολλοῦ
517 1201 718 1272 μεταξὺ
769 1200 1063 1270 γενομένου
1118 1200 1312 1271 χρόνου
1357 1200 1417 1253 οὐ
1477 1197 1830 1269 παρεγένετο,

248 1286 393 1340 ἀλλά
417 1286 641 1356 καὶτῆς
676 1284 1014 1356 προθεσμίας
1033 1282 1439 1354 παρελθούσης,
1487 1281 1709 1353 ἔμελλεν
1753 1280 1833 1335 ἔτι

248 1381 347 1434 καὶ
385 1378 668 1452 ἐϐράδυνε,
708 1377 803 1431 τοῦ
851 1375 1166 1447 Πνεύματος
1217 1375 1378 1429 αὐτὸν
1416 1374 1739 1444 κατέχοντος
1777 1374 1833 1426 ἐν

249 1473 466 1545 ἑτέροις
507 1470 686 1542 πολλῷ
743 1471 945 1524 τούτων
1005 1469 1471 1539 ἀναγκαιοτέροις.
1521 1465 1621 1521 Διὰ
1675 1464 1835 1519 τοῦτο

250 1563 543 1634 ἐπιπολῆς
571 1562 762 1634 ἐδεήθη
801 1561 1076 1630 δευτέρας,
1114 1560 1214 1613 οὐκ
1239 1559 1305 1614 ἂν
1326 1559 1556 1630 δεηθεὶς,
1587 1560 1636 1612 εί
1683 1556 1835 1629 παρά

259 1655 453 1728 μικρὸν
483 1653 800 1727 ὑστέρησεν.
852 1654 925 1707 Οὐ
957 1651 1046 1706 διὰ
1079 1650 1238 1706 τοῦτο
1283 1651 1340 1706 δὲ
1385 1652 1564 1723 μόνον,
1599 1651 1713 1705 ἀλλ’
1753 1652 1834 1704 ὃτι

252 1748 346 1802 καὶ
381 1745 626 1816 βελτίους
662 1741 803 1817 ἦσαν
839 1743 946 1798 ἀπὸ
978 1742 1129 1816 [HS]
1161 1743 1263 1811 τῆς
1293 1742 1567 1815 προτέρας
1608 1758 1837 1814 γεγενη-

249 1837 433 1908 μένοι.
477 1836 587 1890 Kal
611 1835 718 1908 7&9
741 1835 832 1890 τὸν
871 1835 1303 1908 πεπορνευκότα,
1335 1835 1396 1889 δν
1427 1837 1690 1907 πρότερον
1721 1853 1837 1889 συν-

246 1929 533 2000 εκρότουν,
562 1928 659 1982 καὶ
687 1927 774 1997 ἐφ’
805 1918 850 1995 ᾧ
875 1928 1019 1999 μέγα
1043 1927 1327 1998 ἐφρόνουν,
1352 1927 1541 1982 τοῦτον
1573 1927 1837 1997 ἐξέκοψαν

246 2019 346 2073 καὶ
377 2018 660 2090 ἀφώρισαν
685 2018 984 2083 παντελῶς.
1007 2019 1119 2072 Kal
1147 2018 1306 2072 τοῦτο
1325 2018 1594 2087 ἐδήλωσεν
1625 2019 1797 2074 εἰπών
1817 2035 1834 2050 ⁸

249 2114 319 2168 ει
359 2111 431 2166 δέ
461 2127 552 2178 τις
579 2112 949 2180 λελύπηκεν,
989 2112 1101 2165 οὐκ
1130 2109 1238 2180 ἐμὲ
1265 2113 1632 2178 λελύπηκεν,
1676 2111 1840 2166 ἀλλὰ

248 2200 377 2257 ἀπὸ
398 2201 645 2272 μέρους,
678 2201 780 2255 ἵνα
799 2201 884 2270 μὴ
917 2199 1176 2270 ἐπιϐαρῶ
1212 2199 1447 2267 πάντας
1474 2198 1649 2270 ὑμᾶς.
1690 2200 1836 2255 Ἰκα-

248 2295 343 2349 νὺν
371 2293 450 2366 τῷ
475 2291 699 2364 τοιούτῳ
730 2294 764 2365 ἠ
791 2294 1041 2365 ἐπιτιμία
1063 2293 1201 2365 αὕτη
1225 2295 1258 2366 ἡ
1282 2293 1388 2346 ὑπὸ
1416 2293 1526 2346 τῶν
1553 2292 1836 2347 πλειόνων.

248 2386 368 2442 Kal
402 2384 610 2458 προῖὼν
641 2385 802 2440 πάλιν
831 2385 893 2440 τὺ
937 2385 1072 2441 αὐτὸ
1113 2385 1404 2440 αἰνίττεται
1433 2383 1630 2452 λέγων’
1680 2383 1838 2440 Ἰδοὺ

251 2479 370 2550 γὰρ
400 2478 471 2533 τὸ
497 2478 650 2533 κατὰ
698 2477 849 2533 Θεὸν
872 2475 1220 2546 λυπηθῆναι
1258 2476 1432 2546 ὑμᾶς,
1463 2476 1666 2543 πόσην
1697 2491 1838 2530 κατ-

249 2569 578 2641 ειργάσατο
622 2569 694 2624 ἐν
727 2569 1196 2640 ὑμῖν-σπουδήν
1235 2585 1250 2599 ·
1280 2569 1445 2624 ἀλλὰ
1481 2567 1835 2638 ἀπολογίαν,

250 2663 420 2719 ἀλλὰ
458 2660 894 2732 ἀγανάκτησιν,
942 2660 1102 2717 ἀλλὰ
1126 2661 1334 2730 φόϐον,
1369 2659 1529 2714 ἀλλὰ
1559 2659 1842 2726 ἐπιπόθη-

250 2769 382 2822 σιν,
409 2754 572 2810 ἀλλὰ
593 2750 798 2821 ζῆλον,
812 2753 974 2809 ἀλλὰ
994 2751 1328 2820 ἐκδίκησιν.
1366 2752 1469 2806 Ἐν
1489 2750 1668 2804 παντί
1691 2764 1840 2804 συν-

251 2845 560 2913 εστήσατε
589 2843 844 2910 ἑαυτοὺς
865 2840 1089 2913 ἁγνοὺς
1119 2839 1274 2900 εἶναι
1312 2843 1384 2898 ἐν
1411 2842 1492 2908 τῷ
1517 2841 1835 2911 πράγματι.

252 2937 369 2996 Καὶ
403 2936 505 3008 τὴν
525 2935 778 3005 εὐλογίαν
805 2934 882 3000 δέ,
917 2931 987 3004 ἢν
1014 2935 1289 3000 ἐκέλευσε,
1320 2934 1460 3005 μετά
1484 2932 1687 3003 πολλῆς
1717 2949 1842 2986 συν-

251 3032 465 3101 ήγαγον
487 3028 589 3100 τῆς
617 3027 855 3098 σπουδῆς
886 3043 904 3061 ο
929 3025 1012 3080 διὸ
1048 3026 1144 3080 καὶ
1182 3025 1388 3094 ἐλεγεν·
1419 3021 1561 3078 Οἶδα
1587 3026 1697 3095 τὰρ
1725 3023 1842 3093 τὴν

251 3121 596 3190 προθυμίαν
624 3117 810 3188 ὑμῶν,
837 3116 920 3186 ἢν
942 3116 1095 3188 ὑπὲρ
1121 3115 1292 3187 ὑμῶν
1314 3116 1625 3186 καυχῶμαι
1648 3119 1842 3170 Μακε-

251 3213 460 3279 δόσιν,
487 3211 576 3266 ὅτι
612 3211 811 3280 Ἀχαΐα
830 3209 1320 3279 παρεσκεύασται
1339 3207 1704 3280 ἀποπέρυσι.
1731 3209 1842 3263 Kal

252 3305 353 3360 τὸν
400 3303 554 3357 Τίτον
584 3314 635 3368 ι,
676 3301 738 3356 ὃν
778 3300 1015 3372 έπεμψε,
1060 3299 1200 3372 μετὰ
1240 3299 1420 3369 πάσης
1457 3297 1708 3365 ἐδέξαντο
1739 3300 1841 3370 τῆς

252 3396 492 3459 εὐνοίας.
535 3394 646 3448 Kal
691 3393 851 3447 τοῦτο
887 3392 1022 3448 αὐτὸ
1051 3392 1268 3456 δεικνὺς
1306 3391 1471 3446 πάλιν
1502 3391 1688 3461 έλεγεν
1709 3430 1726 3457 ,
1755 3392 1840 3447 ὅτι

257 3488 338 3546 Τὰ
383 3484 720 3556 σπλάγχνα
763 3483 952 3539 αὐτοῦ
1015 3485 1460 3552 περισσοτέρως
1522 3483 1696 3538 ἐστὶν
1753 3486 1842 3552 είς

250 3577 435 3650 ὑμᾶς,
459 3574 1069 3646 ἀναμιμνησκομένου
1105 3575 1221 3643 τὴν
1254 3575 1500 3630 πάντων
1525 3573 1698 3644 ὑμῶν
1727 3577 1843 3631 ὑπ.

250 3671 474 3738 ακοὴν,
505 3667 661 3724 ὥστε
689 3669 717 3708 b
745 3668 896 3738 μετὰ
925 3667 1116 3737 φόϐου
1160 3666 1262 3722 καί
1288 3667 1507 3736 τρόμου
1549 3666 1843 3732 ἐδέξασθε

250 3762 466 3817 αὐτόν.
497 3760 596 3814 Διά
627 3759 801 3813 ταῦτα
837 3760 1014 3814 πάντα
1041 3759 1245 3830 γράφει
1271 3759 1370 3829 τὴν
1402 3757 1664 3830 δευτέραν
1694 3759 1843 3814 Ἐπι-

255 3853 477 3924 στολήν.
507 3853 618 3909 Καὶ
645 3851 756 3924 γὰρ
781 3852 971 3922 ἐχρῆν,
998 3851 1188 3920 ὥσπερ
1217 3851 1379 3921 ἡνίκα
1411 3850 1725 3921 ἡμάρτανον
1752 3851 1838 3906 ἐν·

255 3945 468 4012 εκάλει,
497 3944 638 3999 οὕτω
669 3944 1065 4017 διορθωθέντας
1096 3941 1460 4008 ἀποδέξασθαι
1485 3942 1581 3997 καὶ
1618 3943 1840 3998 ἐπαινέ-

252 4056 368 4094 σαι.
403 4037 608 4108 Διόπερ
629 4037 752 4091 οὐδὲ
784 4035 1270 4107 καταφορικωτέρα
1292 4034 1410 4088 ἐστὶ
1449 4037 1654 4106 πᾶσαή
1688 4035 1840 4088 Ἐπι-

257 4134 444 4204 στολὴ,
475 4131 589 4186 ἀλλ’
618 4129 776 4198 ὀλίγα
807 4127 901 4181 τοῦ
949 4126 1135 4189 τέλους
1165 4126 1338 4196 αὐτῆς
1383 4126 1546 4196 μέρη.
1580 4124 1690 4178 Kal
1732 4125 1842 4196 7&9

250 4224 398 4302 ἦσαν
428 4227 522 4280 καὶ
555 4223 684 4294 παρ’
713 4223 896 4285 αὐτοῖς
925 4220 986 4286 ἐξ
1023 4218 1292 4274 Ἰουδαίων
1317 4217 1462 4288 μέγα
1492 4216 1839 4288 φρονοῦντες,

253 4320 359 4374 καὶ
407 4317 618 4372 Παῦλον
663 4315 1039 4378 διαϐάλλοντες
1077 4314 1154 4376 ὡς
1199 4310 1439 4375 ἀλαζόνα
1483 4313 1578 4366 καὶ
1628 4310 1842 4374 οὐδενὸς

253 4412 410 4477 ἄξιον
439 4411 598 4479 λόγου
627 4425 642 4440 ·
671 4407 753 4462 διὸ
779 4407 876 4462 καὶ
904 4407 1114 4475 ἔλεγον·
1149 4407 1219 4460 Al
1240 4406 1360 4474 μὲν
1383 4403 1702 4460 ἐπιστολαί
1727 4405 1842 4468 ,ϐα-

245 4503 431 4575 ρεῖαι,
466 4505 507 4572 ἡ
538 4503 607 4557 δέ
634 4500 940 4569 παρουσία
966 4497 1076 4553 τοῦ
1101 4497 1378 4567 σώματος
1405 4497 1692 4565 ἀσθενὴς,
1739 4496 1838 4551 καὶ

254 4599 290 4652 ό
333 4599 521 4665 λόγος
556 4591 1052 4661 ἐξουθενημένος.
1110 4591 1176 4643 Ὃ
1214 4589 1272 4642 δὲ
1317 4589 1501 4656 ελεγον
1536 4589 1696 4643 τοῦτο
1723 4584 1789 4659 ἦν
1818 4603 1836 4620 ο

255 4687 432 4742 ⁸Οταν
456 4687 554 4758 μέν
583 4687 753 4754 παρῇ,
775 4687 962 4754 φησιν,
982 4681 1192 4744 οὐδενὸς
1209 4680 1357 4744 ἄξιος
1379 4680 1651 4748 φαίνεταιο
1680 4679 1841 4733 τοῦτο

253 4778 367 4851 γάρ
399 4779 568 4843 ἐστιν,
610 4778 672 4832 Ἠ
716 4775 1020 4844 παρουσία
1067 4772 1173 4827 τοῦ
1211 4771 1487 4841 σώματος
1518 4772 1788 4841 ἀσθενής
1820 4789 1834 4803 ·

252 4869 512 4928 ἀπελθὼν
536 4867 596 4923 δὲ
624 4866 900 4938 κομπάζει
931 4864 1163 4936 μεγάλα,
1199 4865 1267 4918 δι’
1297 4856 1372 4917 ὧν
1406 4863 1711 4916 ἐπιστέλλει
1735 4879 1750 4892 ·
1777 4862 1840 4916 τὸ

253 4966 391 5037 γὰρ,
421 4967 492 5018 Al
541 4959 857 5017 ἐπιστολαὶ
897 4957 1156 5026 βαρεῖαι,
1200 4955 1359 5010 τοῦτο
1405 4955 1683 5026 σημαίνει.
1731 4956 1840 5009 Καὶ

257 5057 351 5110 ἵνα
370 5053 564 5119 δόξωσι
587 5053 657 5106 τὰ
682 5051 804 5104 καθ’
833 5051 1059 5112 ἑαυτοὺς
1091 5049 1452 5118 σεμνοποιεῖν,
1483 5046 1838 5116 ὑπεκρίνοντο

261 5146 340 5218 μὴ
391 5143 713 5217 λαμϐάνειν.
765 5142 942 5212 Ὅπερ
997 5135 1090 5193 οὖν
1143 5137 1239 5192 καὶ
1285 5138 1415 5192 αὐτὸ
1469 5137 1838 5208 αἰνιττόμενος

258 5239 446 5306 ἐλεγεν
469 5253 484 5267 ο
513 5236 639 5290 Ἵνα
661 5233 731 5287 ὲν
750 5225 798 5299 ᾧ
827 5229 1188 5299 καυχῶνται,
1211 5227 1497 5297 εὐρεθῶσι
1521 5227 1716 5294 καθὼς
1735 5230 1834 5283 καί

255 5329 451 5402 ἡμεῖς.
481 5327 638 5383 Μετὰ
658 5327 716 5380 δὲ
746 5323 952 5378 τούτων
978 5323 1072 5377 καὶ
1102 5322 1202 5392 τὴν
1229 5320 1338 5374 άπὸ
1369 5319 1463 5373 τοῦ
1486 5319 1644 5388 λόγου
1673 5319 1835 5374 δύνα-

261 5442 356 5497 μιν
379 5425 592 5497 ἔχοντες
614 5419 823 5484 αὐτόθι,
849 5418 1054 5489 σφόδρα
1077 5417 1360 5488 ἐπήροντο.
1388 5414 1479 5468 Διὸ
1498 5414 1592 5468 καὶ
1617 5415 1836 5486 ἰδιώτην

257 5517 451 5574 ἑαυτὸν
471 5516 649 5579 καλεῖ,
679 5512 890 5569 δεικνὺς
916 5511 998 5564 ὅτι
1022 5509 1122 5562 οὐκ
1143 5505 1458 5577 αἰσχύνεται
1488 5506 1684 5577 τούτῳ,
1712 5505 1833 5560 οὐδέ

258 5609 403 5683 μέγα
450 5625 505 5661 τι
543 5606 749 5677 κτῆμα,
792 5599 1094 5656 τούναντίον
1145 5599 1244 5669 μὲν
1287 5593 1379 5652 οὖν
1409 5598 1642 5667 ἡγεῖται.
1683 5597 1836 5650 Ἐπεὶ

251 5699 350 5759 οὖν
383 5701 530 5765 εἰκὸς
557 5696 626 5772 ἦν
659 5713 813 5760 τινας
842 5693 945 5749 ὑπὸ
983 5691 1186 5746 τούτων
1211 5687 1668 5761 παραπείθεσθαι,
1697 5687 1834 5758 πρό-

317 5833 342 5861 ⁸
369 5829 456 5878 Ms.
498 5829 538 5876 Α
562 5833 616 5874 ει
639 5837 792 5886 πίει-ε.
816 5818 1165 5886 εονίιεητὶτον.
1211 5815 1365 5878 Εὰὶιί,
1409 5816 1556 5877 male,
1582 5816 1826 5878 Τιμόθεον.

320 5894 347 5930 δ
369 5891 451 5944 Sic
477 5902 566 5941 ms.
592 5880 877 5942 Editifcum
904 5880 1051 5942 Bibl.,
1074 5883 1157 5936 ὡς.

1935 561 2033 631 τὴν
2062 558 2319 613 ἀπόνοιαν
2348 557 2572 612 ἐκείνων
2599 558 2698 627 τὴν
2725 559 2816 610 ἐπὶ
2839 559 2950 620 τοῖς
2996 555 3305 619 Ἰουδαϊκοῖς
3337 573 3506 610 κατα-

1937 650 2135 715 ϐαλὼν,
2183 649 2368 721 ἐπειδὴ
2406 648 2558 720 παρά
2605 648 2792 719 καιρὸν
2842 648 2981 703 αὐτὰ
3013 650 3198 719 τηρεῖν
3246 649 3508 718 ἐφιλονεί-

1936 761 2086 807 κουν,
2116 742 2236 796 τότε
2265 741 2592 812 συμμέτρως
2621 739 2714 792 καὶ
2743 738 2839 809 τὴν
2869 738 3008 810 ὑπὲρ
3032 739 3236 791 τούτων
3271 740 3508 792 ποιεῖται

1936 838 2245 910 ἐπίπληξιν.
2293 838 2356 890 Ἦ
2401 835 2498 907 μὲν
2537 830 2630 889 οῦν
2652 833 2905 897 ὑπόθεσις
2945 835 3044 906 τῆς
3068 834 3406 904 Ἐπιστολῆς,
3432 832 3512 897 ώς

1937 930 2003 984 ἄν
2024 948 2108 993 τις
2125 932 2183 982 ἐν
2221 929 2504 998 κεφαλαίῳ
2531 928 2626 981 καί
2666 926 3028 998 παρατρέχων
3055 927 3216 986 εἰποι,
3242 925 3380 996 αὐτη
3419 942 3510 995 μοι

1936 1018 2074 1075 εἶναι
2093 1022 2258 1075 δοκεῖ.
2283 1022 2375 1072 Δεῖ
2392 1020 2448 1072 δὲ
2472 1019 2637 1073 αὐτοῦ
2660 1019 2751 1092 τοῦ
2768 1018 3055 1091 προοιμίου
3076 1018 3174 1084 τῆς
3191 1016 3510 1085 Ἐπιστολῆς

1939 1111 2086 1186 [419]
2110 1112 2350 1182 ἅψασθαι
2379 1113 2585 1177 λοιπον,
2617 1113 2711 1167 καὶ
2741 1113 2880 1183 μετὰ
2921 1111 3021 1182 τὴν
3062 1111 3314 1164 εἰωθυῖαν
3343 1109 3509 1162 αὐτοῦ

1938 1201 2242 1274 πρόσρησιν
2287 1204 2482 1269 εἰπεῖν,
2529 1202 2672 1268 τίνος
2727 1202 2912 1256 ἕνεκεν
2957 1201 3128 1262 οὓτως
3160 1199 3362 1270 ἤρξατο
3401 1198 3514 1252 ἀπὸ

1936 1294 2046 1348 τῶν
2093 1295 2393 1366 οἰκτιρμῶν
2431 1295 2524 1350 τοῦ
2565 1294 2720 1349 Θεοῦ.
2772 1295 2920 1358 Τέως
2962 1292 3145 1364 μέντοι
3194 1291 3364 1362 αὐτὴν
3413 1293 3513 1362 τὴν

1940 1387 2115 1458 ἀρχὴν
2149 1389 2443 1456 ἀναγκαῖον
2468 1389 2664 1450 εἰπεῖν,
2705 1387 2794 1441 καὶ
2823 1387 3055 1458 ζητῆσαι
3083 1383 3200 1448 πῶς
3224 1384 3315 1437 τὸν
3347 1385 3510 1456 Τιμό-

1940 1477 2061 1532 θεον
2083 1478 2313 1533 ἐνταῦθα
2343 1478 2519 1550 ἐαυτῷ
2552 1479 2855 1534 συντάττει.
2896 1479 3139 1542 Παῦλος
3165 1477 3296 1549 7&9,
3326 1477 3513 1546 φησὶν,

1937 1573 2282 1639 ἀπόστολος
2319 1571 2524 1640 Ἰησοῦ
2571 1573 2824 1640 Χριστοῦ
2853 1573 2950 1627 διὰ
2975 1569 3312 1640 θελήματος
3342 1569 3511 1633 Θεοῦ,

1939 1664 2041 1718 καὶ
2088 1664 2360 1732 Τιμόθεος
2387 1668 2421 1720 ό
2455 1665 2737 1734 ἀδελφός.
2781 1665 2890 1719 Kal
2926 1664 3035 1738 7&9
3077 1667 3135 1718 ἐν
3164 1668 3230 1736 τῇ
3280 1663 3518 1734 προτέρα

1953 1757 2239 1828 Ἐπιστολῇ
2275 1756 2642 1827 ἐπηγγέλλετο
2685 1757 2848 1812 αὐτὸν
2875 1757 3135 1828 πέμπειν,
3177 1756 3272 1810 καὶ
3296 1757 3516 1827 παρήγ-

1941 1847 2097 1917 γελλε
2132 1848 2307 1917 λέγων
2330 1865 2343 1879 °
2385 1849 2520 1903 Ἐὰν
2546 1848 2616 1902 δὲ
2641 1849 2788 1917 ἔλθῃ
2819 1839 3112 1917 Τιμόθεος,
3131 1846 3394 1912 βλέπετε
3418 1846 3519 1900 ἵνα

1942 1938 2176 2008 ἀφόϐως
2201 1949 2224 1979 ο
2267 1938 2510 2008 γένηται
2554 1939 2706 2007 πρὸς
2747 1938 2903 2006 ὑμᾶς
2927 1955 2941 1969 ⁸
2969 1938 3110 2002 λ”πῶς
3143 1933 3236 1990 οὖν
3285 1935 3520 1990 ἐνταῦθα

1941 2028 2106 2082 αὐτὸν
2137 2027 2318 2100 ἐαυτῷ
2349 2028 2407 2081 ἐν
2442 2027 2520 2098 τῷ
2555 2028 2829 2099 προοιμίῳ
2855 2027 3169 2092 συντάττει;
3206 2025 3521 2098 Παραγενό-

1946 2137 2106 2192 μενος
2136 2119 2276 2174 κατὰ
2307 2119 2406 2192 τὴν
2433 2120 2723 2190 ὑπόσχεσιν
2753 2118 2846 2173 τοῦ
2878 2119 3197 2173 διδασκάλου
3219 2119 3522 2188 (Ἕπεμψα

1942 2212 2052 2284 γὰρ
2075 2210 2218 2282 ὑμῖν
2243 2211 2543 2281 Τιμόθεον,
2567 2212 2755 2282 φησὶν,
2782 2210 2848 2278 ὃς
2879 2210 3036 2281 ὑμᾶς
3059 2210 3396 2280 ἀναμνήσει
3416 2210 3525 2275 τὰς

1943 2303 2124 2371 ὁδούς
2144 2320 2264 2373 μου
2293 2303 2398 2370 τὰς
2425 2304 2496 2356 ἐν
2514 2301 2788 2372 Χριστῷ),
2824 2305 2918 2356 καὶ
2945 2302 3248 2374 διορθώσας
3279 2302 3519 2367 ἅπαντα,

1942 2394 2238 2466 ἐπανῆλθε.
2270 2395 2381 2448 Kal
2422 2393 2533 2464 7&9
2559 2395 2797 2465 πέμπων
2828 2394 2990 2448 αὐτὸν
3023 2394 3176 2463 έλεγε
3203 2409 3216 2423 °
3254 2393 3522 2461 Προπέμ-

1943 2491 2099 2558 ψατε
2124 2485 2314 2542 αὑτὸν
2349 2487 2416 2541 ἐν
2448 2486 2678 2556 εἰρήνῃ,
2710 2487 2811 2539 ἵνα
2846 2485 2994 2554 ἔλθῃ
3035 2488 3184 2553 πρός
3208 2503 3286 2555 με
3305 2502 3318 2516 ⁸
3358 2483 3524 2540 ἐκδέ·

1944 2596 2122 2651 χομαι
2150 2579 2260 2650 γὰρ
2283 2579 2470 2633 αὐτὸν
2488 2578 2638 2649 μετά
2666 2577 2786 2632 τῶν
2809 2577 3111 2647 ἀδελφῶν.

2020 2756 2087 2829 β’.
2135 2756 2288 2811 Ἑπεί
2322 2751 2416 2809 οὖν
2448 2753 2690 2809 ἀπέλαϐε
2734 2753 2826 2808 τὸν
2855 2751 3206 2819 διδάσκαλον,
3238 2753 3335 2807 καὶ
3362 2752 3431 2808 τά
3463 2755 3524 2808 ἐν

1957 2845 2115 2918 Ἀσίᾳ
2145 2844 2448 2917 διορθώσας
2472 2846 2590 2916 μετ’
2621 2845 2788 2900 αὐτοῦ
2815 2845 2833 2916 (
2864 2845 3155 2915 Ἑπιμενῶ
3175 2845 3304 2916 7&9,
3335 2846 3521 2916 φησὶν,

1943 2936 2016 2991 ἐν
2054 2935 2286 3006 Ἐφέσῳ
2313 2935 2426 3001 ἕως
2455 2935 2565 3003 τῆς
2590 2933 3070 3008 Πεντηκοστῆς),
3101 2939 3264 2991 πάλιν
3293 2940 3373 3002 εἰς
3406 2941 3525 2992 Μα-

1945 3027 2190 3084 κεδονίαν
2226 3027 2399 3100 διέϐη,
2439 3029 2663 3091 εἰκότως
2710 3028 2874 3082 αὐτὸν
2903 3028 2999 3082 ἆτε
3048 3031 3294 3100 παρόντα
3347 3031 3526 3102 ἐαυτῷ

1947 3118 2232 3176 συντάττει
2274 3117 2482 3172 λοιπόν.
2522 3119 2632 3172 Kal
2663 3117 2771 3188 7&9
2798 3117 2919 3172 τότε
2963 3117 3062 3189 μὲν
3095 3119 3153 3185 ἐξ
3198 3119 3402 3184 Ἀσίας,
3431 3120 3526 3173 νῦν

1944 3207 2004 3262 δὲ
2045 3208 2155 3262 ἀπὸ
2183 3207 2522 3272 Μακεδονίας
2571 3208 2893 3264 ἐπιστέλλει.
2946 3210 3212 3277 Συνέταξε
3241 3211 3296 3264 δὲ
3337 3212 3522 3278 αὐτὸν,

1945 3300 2154 3356 ἐκεῖνόν
2182 3317 2244 3356 τε
2278 3303 2603 3373 σεμνότερον
2639 3301 2810 3373 ταύτῃ
2841 3303 3033 3369 ποιῶν,
3065 3305 3162 3357 καὶ
3192 3306 3291 3373 τὴν
3323 3305 3525 3377 πολλὴν

1946 3391 2142 3447 ἐαυτοῦ
2193 3391 2697 3464 ταπεινοφροσύνην
2760 3394 3202 3465 ἐνδεικνύμενος·
3262 3398 3356 3449 καὶ
3413 3398 3524 3470 7&9

1945 3487 2370 3557 καταδεέστερος
2417 3485 2582 3540 αὐτοῦ
2621 3481 2710 3556 ἦν,
2750 3485 2867 3540 ἀλλ’
2905 3487 3159 3558 ἡάγάπη
3188 3487 3361 3541 πάντα
3397 3505 3523 3541 συν-

1946 3577 2094 3648 άγει.
2113 3578 2203 3632 Διὸ
2229 3579 2324 3632 καὶ
2344 3576 2622 3648 πανταχοῦ
2645 3578 2808 3632 αὐτὸν
2824 3577 3000 3649 ἐαυτῷ
3026 3576 3284 3642 ἐξισάζει,
3303 3579 3398 3634 νῦν
3424 3580 3524 3650 μὲν

1946 3671 2118 3741 λέγων
2137 3687 2151 3702 ο
2194 3671 2288 3736 Ὠς
2330 3668 2507 3738 πατρί
2546 3668 2785 3735 τέκνον,
2831 3667 2954 3722 σὺν
2989 3668 3118 3737 ἐμοὶ
3163 3670 3492 3724 ἐδούλευσε
3507 3687 3521 3701 ο

1945 3763 2040 3818 νῦν
2072 3763 2152 3826 δὲ,
2181 3763 2254 3816 Τὸ
2276 3761 2386 3831 γὰρ
2415 3763 2595 3831 ἔργον
2615 3760 2837 3828 Κυρίου
2873 3759 3188 3830 ἐργάζεται,
3221 3762 3301 3826 ὠς
3333 3762 3523 3832 κάγώ’

1946 3853 2184 3907 ἐνταῦθα
2211 3853 2268 3906 δὲ
2292 3853 2384 3905 καὶ
2417 3851 2644 3920 ἀδελφὸν
2665 3850 2841 3911 καλεῖ,
2873 3850 2960 3902 διὰ
2991 3849 3209 3903 πάντων
3241 3851 3526 3920 αἰδέσιμον

1947 3944 2110 3998 αὐτὸν
2153 3943 2457 4015 Κορινθίοις
2502 3941 2784 4005 καθιστάς.
2833 3941 2942 3995 Kal
2986 3940 3095 4013 7&9
3122 3937 3190 4013 ἦν
3214 3959 3526 4013 παραγεγο-

1947 4036 2076 4100 νὼς,
2127 4035 2315 4107 ὥσπερ
2366 4035 2524 4105 ἔφην,
2575 4033 2784 4098 αὐτόθι,
2840 4033 2935 4087 καὶ
2981 4037 3178 4106 πεῖραν
3210 4037 3311 4106 τῆς
3357 4035 3522 4090 αὐτοῦ

1945 4127 2192 4192 δεδωκὼς
2215 4127 2440 4200 ἀρετῆς.
2478 4125 2557 4196 Τῇ
2598 4127 2927 4194 Ἐκκλησία
2953 4126 3060 4180 τοῦ
3091 4127 3239 4181 Θεοῦ
3269 4126 3343 4197 τῇ
3364 4129 3521 4198 οὔσῃ

1946 4221 2015 4274 ἐν
2042 4221 2323 4290 Κορίνθῳ.
2361 4219 2529 4273 Πάλιν
2562 4219 2758 4281 αὐτοὺς
2818 4217 3144 4285 Ἐκκλησίαν
3187 4217 3361 4285 καλεῖ,
3398 4238 3522 4276 συν-⁹

1947 4312 2096 4381 άγων
2130 4311 2340 4373 πάντας
2368 4311 2448 4372 είς
2482 4309 2539 4362 ἓν
2564 4310 2657 4362 καὶ
2689 4310 2943 4363 συνδέων.
2979 4310 3052 4363 Οὐ
3086 4311 3190 4382 7&9
3219 4309 3286 4364 ἂν
3313 4312 3524 4380 γένοιτο

1959 4401 2256 4472 Ἐκκλησία
2307 4401 2424 4472 μία,
2467 4401 2879 4471 διεσπασμένων
2938 4400 3048 4455 τῶν
3099 4403 3158 4454 ἐν
3209 4403 3370 4473 αὐτῇ,
3427 4404 3521 4456 καὶ

1947 4495 2067 4549 κατ’
2098 4494 2343 4566 ἀλλήλων
2386 4493 2658 4550 ἑστώτων.
2695 4495 2822 4547 Σὺν
2847 4493 2971 4559 τοῖς
3001 4494 3192 4563 ἁγίοις
3215 4495 3366 4550 πᾶσι
3397 4495 3523 4560 τοῖς

1945 4584 2128 4642 οὖσιν
2163 4586 2233 4641 ἐν
2285 4585 2397 4654 ὅλη
2445 4585 2521 4654 τῇ
2564 4587 2780 4654 Ἀχαΐᾳ.
2821 4585 2974 4654 ’Ἅμα
3007 4586 3100 4638 xal
3143 4587 3278 4657 τιμᾷ
3327 4589 3522 4658 Κοριν-

1947 4678 2118 4743 θίους,
2161 4677 2249 4732 διὰ
2280 4677 2376 4748 τῆς
2412 4676 2616 4731 τούτων
2647 4677 2969 4746 Ἐπιστολῆς
3011 4677 3220 4740 πάντας
3249 4695 3523 4748 προσαγοαι

1950 4771 2143 4841 ρεύων,
2174 4769 2269 4824 καὶ
2305 4769 2598 4840 ὁλόκληρον
2631 4770 2853 4837 συνάγει
2896 4768 2957 4822 τὸ
2984 4769 3156 4834 ἔθνος.
3211 4771 3424 4840 Ἀγίους
3463 4771 3523 4830 δὲ,

1947 4862 2124 4925 καλεῖ,
2163 4861 2375 4923 δεικνὺς
2413 4861 2495 4914 ὃτι
2525 4860 2578 4913 εί
2602 4878 2686 4924 τις
2724 4861 3056 4932 ἀκάθαρτος,
3080 4863 3236 4927 ἐκτός
3270 4865 3386 4916 ἐστι
3419 4863 3522 4934 τῆς

1944 4954 2317 5026 προσηγορίας
2360 4954 2582 5024 ταύτης.
2617 4953 2715 5008 Διά
2756 4954 2808 5007 τί
2838 4954 2894 5008 δὲ
2919 4957 2984 5024 τῇ
3021 4955 3348 5025 μητροπόλει
3379 4956 3518 5025 γρά-

1944 5063 2083 5115 φων,
2117 5048 2251 5100 πᾶσι
2290 5045 2356 5098 δι’
2385 5045 2554 5114 αὐτῆς
2580 5045 2902 5112 ἐπιστέλλει,
2946 5047 3008 5099 οὐ
3037 5046 3312 5118 πανταχοῦ
3360 5047 3522 5100 τοῦτο

1942 5140 2152 5207 ποιῶν;
2185 5137 2638 5191 Θεσσαλονικεῦσι
2684 5136 2816 5205 γοῦν
2883 5138 3214 5192 ἐπιστέλλων
3245 5141 3305 5194 οὐ
3345 5139 3521 5210 δήπου

1942 5231 2038 5284 καὶ
2083 5229 2391 5284 Μακεδόσιν
2437 5228 2754 5281 ἐπέστελλεο
2791 5229 2885 5282 καὶ
2951 5228 3221 5298 Ἐφεσίοις
3266 5229 3516 5299 γράφων,

1941 5322 2140 5392 ὁμοίως
2165 5321 2228 5374 οὐ
2255 5319 2544 5391 περιέλαϐε
2570 5319 2666 5392 τὴν
2707 5319 2890 5373 Ἀσίαν
2916 5321 3135 5374 ἆπασαν
3152 5337 3167 5351 ο
3203 5322 3298 5374 καὶ
3322 5324 3355 5392 ή
3383 5323 3521 5392 πρὸς

1953 5413 2257 5485 Ῥωμαίους
2290 5413 2347 5467 δὲ
2391 5411 2700 5481 Ἐπιστολὴ,
2750 5412 2871 5482 οὐχὶ
2897 5412 2990 5465 καὶ
3019 5415 3130 5476 τοῖς
3147 5412 3247 5483 τὴν
3290 5413 3521 5469 Ἰταλίαν

1941 5505 2181 5561 οἰκοῦσίν
2203 5507 2350 5560 ἐστιν
2366 5504 2763 5576 ἐπεσταλμένη.
2782 5505 2921 5557 Ἀλλ’
2941 5504 3175 5558 ἐνταῦθα
3203 5505 3336 5558 αὐτὸ
3352 5507 3516 5570 ποιεῖ.

1942 5596 2038 5650 καὶ
2076 5597 2134 5648 ἐν
2180 5598 2246 5667 τῇ
2280 5595 2417 5668 πρὸς
2452 5595 2718 5658 Γαλάτας.
2751 5595 2890 5649 Οὐδὲ
2916 5595 3026 5668 7&9
3064 5599 3180 5649 ἐκεῖ
3207 5597 3309 5666 μιᾷ
3341 5594 3517 5661 πόλει,

1944 5687 2146 5742 καὶδύο
2171 5689 2266 5742 καὶ
2283 5689 2483 5758 τρισὶν,
2507 5687 2645 5741 ἀλλά
2664 5691 2776 5752 τοῖς
2797 5689 3072 5760 πανταχοῦ
3093 5686 3519 5762 διεσπαρμένοις

2009 5877 2030 5906 ο
2056 5874 2167 5938 M3,,
2185 5874 2378 5939 ἄφοϐος,
2407 5889 2502 5924 non
2525 5876 2667 5926 male.
