3998 6434
583 347 691 402 386

583 461 908 528 ἐπιστέλλει,
957 461 1164 529 λέγων’
1214 458 1455 524 Παῦλος
1492 458 1836 522 ἀπόστολος
1867 454 2018 528 [420]
2049 457 2162 510 οὐκ

583 557 686 610 ἀπ’
713 553 1059 622 ἀνθρώπων,
1091 550 1232 605 οὐδὲ
1267 550 1340 602 δι’
1366 547 1704 617 ἀνθρώπου,
1732 548 1893 602 ἀλλὰ
1921 547 2018 601 διὰ
2054 549 2166 613 ’1η-

585 647 702 700 σοῦ
751 644 1005 713 Χριστοῦ
1052 642 1150 696 καὶ
1195 641 1342 694 Θεοῦ
1396 640 1624 707 Πατρύς
1668 638 1774 692 τοῦ
1825 639 2164 709 ἐγείραντος

584 735 774 790 αὑτὸν
796 735 864 787 ἐκ
906 730 1156 799 νεκρῶν,
1193 730 1292 783 καὶ
1320 733 1376 782 οί
1409 729 1531 782 σὺν
1566 727 1694 796 ἐμοὶ
1729 726 1951 794 πάντες
1993 726 2168 782 ἀδελ-

583 825 704 895 φοὶ,
733 824 861 889 ταῖς
900 822 1285 888 Ἑκκλησίαις
1323 819 1436 887 τῆς
1467 819 1787 884 Γαλατίας,
1819 818 1991 887 χάρις
2025 816 2168 886 ὑμῖν

586 918 681 970 καὶ
729 914 955 982 εἰρήνη.
993 914 1104 966 Καὶ
1147 913 1420 984 Ἑϐραίοις
1453 912 1509 964 δέ
1541 911 1668 982 μίαν
1695 909 1898 964 ἅπασιν
1931 909 2168 981 ἔγραψεν

603 1005 947 1075 Ἐπιστολὴν,
973 1004 1094 1057 οὐδὲ
1120 1004 1341 1068 τούτους
1357 1002 1545 1084 διελὼν
1576 1001 1716 1056 κατά
1734 1002 1936 1065 πόλεις.
1961 1002 2026 1053 Τί
2048 984 2166 1052 ποτ’

581 1094 676 1150 οὖν
711 1100 826 1150 ἐστι
863 1096 924 1149 τὸ
973 1095 1176 1160 αῐτιον;
1231 1097 1384 1167 Ἐμοὶ
1421 1095 1568 1148 δοκεῖ
1613 1094 1676 1148 τὸ
1721 1093 1875 1147 κοινὰ
1908 1093 1975 1146 τὰ
2005 1092 2166 1162 νοσή-

587 1205 733 1257 ματα
763 1183 900 1240 εἷναι
928 1185 1182 1240 ἐνταῦθα·
1202 1187 1282 1239 διὸ
1304 1188 1399 1239 καὶ
1418 1186 1602 1257 κοινὴν
1624 1189 1857 1238 ποιεῖται
1884 1184 1982 1255 τὴν
2015 1184 2168 1236 Ἑπι-

584 1279 798 1350 στολὴν,
839 1278 1025 1349 ἐπειδὴ
1074 1279 1170 1332 καὶ
1214 1279 1412 1349 κοινῆς,
1434 1279 1641 1332 ἐδέοντο
1673 1283 1774 1351 τῆς
1803 1279 2164 1350 διορθώσεως.

581 1372 695 1423 Καὶ
740 1370 848 1441 γὰρ
905 1369 1144 1423 Γαλάται
1201 1371 1399 1433 πάντες
1440 1371 1679 1437 ἐνόσουν,
1729 1373 1826 1424 καὶ
1891 1369 2164 1441 Ἐϐραῖοιο

580 1461 734 1534 οἶμαι
762 1463 817 1516 δὲ
845 1464 937 1517 καὶ
968 1455 1136 1517 οὗτοι.
1169 1462 1500 1532 Συναγαγὼν
1527 1463 1706 1516 τοίνυν
1735 1463 1880 1516 ἆπαν
1902 1462 1962 1516 τὸ
1991 1461 2163 1526 ἔθνος,

581 1554 680 1606 καὶ
712 1551 1026 1623 προσειπὼν
1073 1553 1292 1616 αὐτοὺς,
1341 1553 1417 1616 ὡς
1451 1552 1658 1617 πάντας
1705 1552 1852 1623 αὐτῷ
1898 1569 2168 1623 προσαγο-

586 1645 768 1716 ρεύειν
794 1624 958 1714 νόμος
979 1641 1066 1714 ἦν’
1093 1647 1272 1712 Χάρις
1297 1645 1404 1715 γὰρ
1432 1645 1572 1714 ὑμῖν
1598 1644 1697 1698 καὶ
1720 1643 1947 1712 εἰρήνη,
1983 1645 2164 1714 φησὶν,

581 1735 704 1788 ἀπὸ
737 1733 884 1787 Θεοῦ
916 1732 1146 1800 Πατρός
1175 1731 1366 1802 ἡμῶν,
1401 1733 1497 1786 καὶ
1532 1734 1755 1802 Κυρίου
1800 1735 2006 1800 Ἰησοῦ
2036 1737 2169 1802 Χρι-

582 1817 737 1878 στοῦ
759 1840 773 1855 ’
820 1825 1050 1877 ἄκουσον
1097 1823 1220 1887 πῶς
1265 1823 1615 1896 καταλλήλως
1659 1825 1889 1896 ἄρχεται
1917 1830 1984 1898 τῇ
2035 1844 2168 1898 προ-

584 1917 812 1989 κειμένῃ
859 1917 1136 1970 ὑποθέσειο
1183 1917 1528 1988 Εὐλογητὸς
1572 1922 1605 1974 ό
1640 1919 1784 1986 Θεὸς
1815 1920 1914 1974 καὶ
1965 1920 2167 1988 Πατὴρ

583 2009 693 2062 τοῦ
721 2009 942 2076 Κυρίου
975 2008 1144 2077 ἡμῶν
1198 2008 1393 2077 Ἰησοῦ
1424 2011 1702 2078 Χριστοῦ,
1753 2015 1787 2066 ό
1820 2011 2020 2082 Πατὴρ
2049 2011 2169 2067 τῶν

582 2100 922 2170 οἰκτιρμῶν,
977 2101 1075 2155 καί
1119 2101 1262 2168 Θεὸς
1309 2100 1514 2170 πάσης
1555 2103 2010 2172 παρακλήσεως.
2058 2105 2169 2159 Καὶ

584 2193 690 2247 ποῦ
744 2193 904 2248 τοῦτο
965 2193 1304 2265 κατάλληλον
1361 2197 1427 2267 τῇ
1488 2197 1828 2268 προκειμένῃ
1869 2198 2164 2264 ὑποθέσει,

584 2285 750 2356 φησί;
785 2285 895 2338 Καὶ
924 2285 1130 2356 σφόδρα
1163 2285 1261 2356 μὲν
1284 2281 1397 2340 οὖν.
1432 2287 1634 2340 Σκόπει
1680 2287 1766 2340 δέ·
1807 2288 2023 2341 Ἐλύπει
2047 2289 2168 2343 λίαν
2238 2335 2242 2340 .

581 2375 780 2439 αὐτοὺς
799 2377 893 2428 καὶ
911 2374 1158 2448 ἐθορύϐει
1179 2377 1238 2429 τὸ
1258 2377 1333 2447 μὴ
1352 2377 1760 2447 παραγενέσθαι
1780 2378 2000 2431 ἐκεῖτὸν
2015 2378 2170 2431 Ἀπό-

587 2467 800 2531 στολον,
833 2468 930 2521 καὶ
969 2468 1140 2522 ταῦτα
1165 2469 1650 2538 ἐπαγγειλάμενον,
1679 2470 1815 2524 ἀλλὰ
1838 2471 1930 2524 τὸν
1953 2471 2169 2526 ἅπαντα

582 2560 642 2613 ἐν
691 2558 1003 2632 Μακεδονίᾳ
1045 2559 1324 2614 ἀναλῶσαι
1376 2561 1590 2632 χρόνον,
1635 2563 1731 2614 καὶ
1760 2561 1937 2616 δοκεῖν
1987 2563 2168 2617 αὐτῶν

582 2651 802 2724 ἐτέρους
826 2652 1312 2722 προτετιμηκέναι.
1348 2653 1447 2706 Διὰ
1475 2653 1634 2706 τοῦτο
1664 2655 1800 2725 πρὸς
1824 2654 1982 2708 τοῦτο
2017 2655 2167 2709 ἱστά-

587 2761 749 2815 μενος
777 2743 838 2797 τὺ
878 2743 1164 2816 θορυϐοῦν,
1193 2743 1342 2814 λέγει
1370 2744 1468 2816 τὴν
1505 2747 1686 2801 αἰτίαν
1713 2746 1780 2800 δι’
1820 2747 1889 2818 ἣν
1924 2749 1986 2800 οὐ
2021 2763 2168 2820 παρ-

585 2835 802 2903 εγένετο
818 2853 834 2869 ο
861 2835 924 2888 οὐ
954 2834 1063 2906 μὴν
1085 2834 1145 2900 ἐξ
1167 2836 1386 2900 εὐθείας
1408 2837 1580 2907 αὐτὴν
1604 2838 1838 2910 τίθησιν,
1861 2839 1983 2893 οὐδὲ
1998 2839 2165 2909 λέγει,

585 2928 668 2980 ὅτι
717 2921 849 2980 Οἶδα
897 2926 996 2997 μὲν
1037 2927 1409 2998 ὑποσχόμενος
1443 2926 1615 2998 ἥξειν,
1647 2930 1834 3000 ἐπειδὴ
1859 2930 1916 2983 δέ
1940 2929 2029 2984 διὰ
2068 2930 2169 2995 τὰς

586 3017 796 3087 θλίψεις
839 3019 1211 3090 ἐνεποδίσθην,
1260 3019 1562 3090 σύγγνωτε,
1609 3022 1701 3076 καὶ
1743 3023 1818 3095 μὴ
1851 3024 2168 3093 καταγνῶτέ

585 3128 706 3164 τινα
733 3110 1033 3179 ὑπεροψίαν
1062 3111 1095 3182 ἢ
1123 3109 1396 3182 ῥᾳθυμίαν
1429 3112 1586 3183 ἡμῶν
1608 3128 1623 3142 ⁶
1652 3113 1770 3167 ἀλλ’
1807 3114 2010 3186 ἐτέρως
2036 3115 2168 3169 αὐτὸ

586 3201 684 3254 καὶ
740 3201 1320 3272 μεγαλοπρεπέστερον
1365 3203 1460 3258 καὶ
1505 3204 1942 3278 ἀξιοπιστότερον
1994 3223 2167 3260 κατα-

589 3293 867 3359 σκευάζει,
913 3294 1156 3364 ἐπαίρων
1207 3297 1272 3365 τῇ
1309 3296 1636 3369 παραμυθίᾳ
1679 3299 1740 3352 τὸ
1778 3299 2032 3369 πρᾶγμα,
2079 3299 2169 3354 ῖνα

591 3385 724 3455 μηδέ
769 3386 1012 3457 ἐρωτῶσι
1055 3385 1236 3440 λοιπδν
1278 3389 1378 3458 τὴν
1421 3388 1626 3454 αἰτίαν,
1671 3389 1738 3443 δι’
1772 3390 1840 3460 ἠν
1876 3391 2164 3464 ὑστέρησε.

586 3477 698 3529 Καὶ
725 3476 920 3529 ταυτὸν
950 3477 1114 3543 ποιεῖ,
1143 3473 1255 3533 οἷον
1290 3481 1340 3533 εἰ
1370 3497 1453 3545 τις
1481 3481 1950 3552 ἐπαγγειλάμενος
1994 3483 2168 3537 ἐλθεῖν

585 3569 723 3638 πρός
757 3585 880 3621 τινα
905 3569 1256 3640 ποθούμενον,
1298 3567 1417 3626 εἶτα
1447 3573 1590 3640 μετά
1625 3574 1850 3645 μυρίους
1891 3575 2168 3641 κινδύνους

585 3659 756 3713 ἐλθὼν
783 3660 949 3728 λέγοι·
975 3661 1111 3726 Δόξα
1142 3680 1245 3729 σοι,
1290 3666 1318 3717 6
1347 3664 1500 3732 Θεὸς,
1523 3666 1604 3719 ὅτι
1636 3685 1726 3736 μοι
1747 3668 1810 3720 τὸ
1836 3668 2169 3741 ποθούμενον

585 3751 792 3818 ἔδειξας
826 3751 1116 3822 πρόσωπον
1135 3769 1148 3782 ·
1185 3754 1476 3826 εὐλογητὸς
1503 3759 1532 3810 ό
1554 3757 1708 3824 Θεὸς,
1741 3760 1866 3814 οἴων
1902 3777 1968 3830 με
1992 3762 2171 3816 κινδύ-

585 3857 692 3894 νων
734 3840 1074 3911 άπήλλαξας.
1131 3841 1198 3896 Ἦ
1247 3842 1355 3914 γὰρ
1401 3845 1678 3914 δοξολογία
1723 3848 1860 3921 αὕτη
1905 3851 2170 3921 ἀπολογία

583 3929 797 3999 γίνεται
824 3929 902 4000 τῷ
936 3930 1184 4000 μέλλοντι
1215 3933 1488 4002 ἐγκαλεῖν,
1523 3937 1617 3989 καὶ
1642 3937 1762 3991 οὐδὲ
1793 3940 1985 4008 ἀφίησι
2030 3943 2170 4014 μέμ-

583 4020 793 4081 ψασθαι
823 4025 890 4093 τῇ
946 4021 1224 4094 μελλήσει.
1270 4025 1530 4098 Ἐρυθριᾷ
1560 4028 1668 4098 γάρ
1698 4029 1790 4082 τὸν
1829 4031 1922 4084 ἐπὶ
1953 4035 2021 4104 τῇ
2060 4034 2170 4088 τῶν

586 4111 857 4164 τοσούτων
904 4112 1192 4184 ἀπαλλαγῇ
1238 4115 1424 4169 κακῶν
1472 4118 1895 4186 εὐχαριστοῦντα
1936 4121 2014 4193 τῷ
2051 4122 2170 4194 Θεῷ

587 4204 670 4265 εἰς
696 4202 1052 4274 δικαστήριον
1092 4204 1294 4270 ἐλκειν,
1350 4207 1446 4262 καὶ
1499 4208 1728 4274 εὐθύνας
1771 4212 2024 4267 ἀπαιτεῖν
2068 4216 2171 4286 τῆς

590 4291 943 4364 βραδύτητος.
983 4295 1083 4349 Διά
1133 4295 1292 4349 τοῦτο
1336 4299 1429 4351 καὶ
1466 4298 1640 4365 οὑτως
1681 4302 1942 4374 ἄρχεται·
1981 4311 2172 4363 Εὐλο-

585 4385 766 4454 γητὸς
800 4388 834 4439 ό
877 4384 1022 4452 Θεὸς
1067 4385 1186 4441 τῶν
1225 4391 1571 4460 οἰκτιρμῶν·
1616 4395 1866 4464 μεγάλων
1911 4401 2172 4457 κινδύνων

586 4475 841 4531 ἐντεῦθεν
874 4480 1172 4550 ἐπαγωγήν
1204 4497 1264 4534 τε
1297 4483 1394 4536 καὶ
1422 4485 1744 4558 ἀπαλλαγὴν
1777 4492 2166 4563 αἰνιττόμενος.

601 4567 822 4637 Ἐπειδὴ
875 4569 968 4622 καὶ
1019 4570 1047 4622 6
1094 4569 1258 4624 Δαυίδ
1295 4574 1393 4643 οὐχ
1437 4577 1636 4645 ὁμοίως
1682 4579 1843 4633 αὐτὸν
1897 4586 2170 4656 πανταχοῦ

588 4656 766 4718 καλεῖ,
803 4657 926 4711 οὐδέ
951 4658 1059 4720 ἀπὸ
1080 4660 1186 4715 τῶν
1208 4663 1390 4716 αὐτῶν
1409 4681 1422 4695 ο
1449 4666 1564 4718 ἀλλ’
1586 4670 1714 4720 ὅταν
1740 4670 1840 4740 μὲν
1867 4676 1993 4744 περὶ
2015 4677 2171 4731 πολέο

589 4765 695 4817 μου
734 4748 1050 4821 διαλέγηται
1079 4751 1173 4804 καὶ
1204 4753 1381 4823 νίκης,
1432 4756 1740 4826 Ἀγαπήσω
1777 4779 1870 4828 σε,
1901 4766 2096 4834 Κύριε,
2131 4769 2169 4836 ἡ

592 4841 771 4909 ἰσχύς
817 4858 969 4909 μου,
1033 4844 1188 4912 φησὶ,
1243 4847 1458 4914 Κύριος
1501 4851 1960 4922 ὑπερασπιστὴς
2011 4875 2130 4927 μου
2153 4875 2168 4890 ·

589 4930 717 4983 ὅταν
745 4932 802 4985 δέ
841 4933 971 5003 περὶ
1010 4933 1242 5004 Θλίψεως
1271 4937 1595 5011 ἀπαλλαγῆς
1623 4943 1715 4996 καὶ
1753 4945 1847 4998 τοῦ
1877 4946 2038 5016 ζόφου
2078 4950 2170 5003 τοῦ

591 5024 991 5112 κατεσχηκότος
1027 5027 1213 5091 αὐτὸν,
1262 5031 1480 5098 Κύριος
1518 5038 1821 5105 φωτισμός
1864 5037 2013 5112 [421]
2051 5060 2171 5109 μου

591 5111 692 5164 καὶ
733 5113 937 5182 Σωτήρ
975 5133 1128 5186 μου·
1165 5120 1261 5172 καὶ
1303 5120 1399 5173 νῦν
1449 5123 1547 5192 μὲν
1590 5125 1697 5178 άπὸ
1738 5111 2168 5200 φιλανθρωπίας,

591 5203 689 5258 νῦν
717 5204 773 5258 δέ
807 5207 915 5260 ἀπὸ
940 5208 1312 5282 δικαιοσύνης,
1339 5212 1434 5266 νῦν
1463 5214 1520 5266 δέ
1558 5216 1669 5270 ἀπὸ
1709 5220 1941 5290 κρίσεως
1980 5225 2174 5279 6652:6-

593 5313 718 5351 στου
764 5297 924 5352 αὑτὸν
969 5303 1222 5372 ὀνομάζει
1264 5305 1616 5378 καταλλήλως
1639 5314 1750 5375 τοῖς
1794 5315 2172 5386 ὑποκειμένοις

589 5393 829 5461 καιροῖς.
858 5390 1015 5446 Οὑτω
1053 5392 1116 5464 δὴ
1150 5395 1244 5447 καὶ
1284 5397 1312 5448 6
1348 5398 1556 5463 Παῦλος
1589 5402 1824 5458 ἐνταῦθα
1848 5407 2169 5477 ἀρχόμενος,

589 5479 698 5531 ἀπὸ
723 5479 1133 5552 φιλανθρωπίας
1161 5484 1322 5536 αὐτὸν
1352 5485 1528 5552 καλεῖ,
1567 5492 1628 5542 Ὀ
1651 5491 1797 5558 Θεὸς
1819 5494 1937 5547 τῶν
1955 5499 2173 5566 οἰκτιρ-

590 5567 738 5635 μῶν,
775 5567 951 5637 λέγων
970 5587 983 5600 '
1022 5573 1322 5637 τουτέστιν,
1353 5577 1380 5628 6
1402 5578 1718 5649 οίκτιρμούς
1740 5583 2024 5649 τοσούτους
2045 5588 2170 5640 ἐπι-

589 5659 926 5731 δειξάμενος,
975 5661 1051 5725 ὡς
1096 5662 1156 5730 ἐξ
1193 5665 1384 5720 αὐτῶν
1421 5669 1568 5738 ἡμᾶς
1613 5671 1910 5743 ἀναγαγεῖν
1938 5677 2045 5731 τῶν
2077 5678 2170 5733 τοῦ

587 5751 823 5809 θανάτου
849 5753 1052 5808 πυλῶν.

659 5847 729 5911 γ’.
769 5843 938 5901 Τοῦτο
970 5846 1079 5919 γάρ
1113 5845 1350 5920 μάλιστα
1400 5851 1529 5908 ἴδιον
1561 5854 1696 5911 Θεοῦ
1745 5858 1838 5913 καὶ
1869 5859 2165 5931 ἐξαίρετον,

1290 343 1349 398 S.
1387 339 1670 398 JOANNIS
1707 335 2194 395 CHRYSOSTOMI
2243 335 2562 394 ARCIIIEP.
2600 335 3147 395 CONSTANTINOP.

3736 345 3833 404 586

2269 455 2364 508 καὶ
2391 457 2455 524 τῇ
2484 453 2643 522 φύσει
2671 454 3223 525 συγκεκληρωμένον,
3241 452 3305 507 τδ
3324 452 3502 518 οὑτως
3533 455 3722 512 ἐλεεῖν.
3745 463 3832 516 Διά

2265 546 2422 598 τοῦτο
2444 545 2576 597 Θεὸν
2605 544 2905 616 οἰκτιρμῶν
2941 545 3114 598 καλεῖ.
3156 547 3228 600 Σὺ
3269 544 3325 598 δέ
3359 562 3451 616 μοι
3489 546 3682 602 σκόπει
3719 552 3832 606 κάν-

2261 637 2452 691 τεῦθεν
2476 636 2576 707 τὴν
2600 635 3105 707 ταπεινοφροσύνην
3145 636 3387 690 Παύλου·
3421 638 3568 709 ὑπὲρ
3611 643 3720 710 γὰρ
3751 645 3832 697 τοῦ

2262 729 2613 800 κηρύγματος
2641 727 2984 795 κινδυνεύων,
3007 726 3069 782 οὐ
3110 744 3243 800 φησι
3281 727 3368 780 6:6
3407 728 3514 798 τὴν
3550 728 3707 795 ἀξίαν
3740 733 3831 786 00')-

2261 821 2472 885 ζεσθαι,
2519 821 2655 874 ἀλλά
2699 819 2788 874 διὰ
2827 822 2953 884 τούς
2996 820 3316 890 οἰκτιρμοὺς
3355 820 3455 873 τοῦ
3493 821 3654 877 Θεοῦ.
3692 825 3835 880 Ἀλλὰ

2260 911 2418 965 τοῦτο
2459 912 2557 983 μὲν
2599 911 2836 984 ὕστερον
2869 913 3206 983 σαφέστερόν
3246 928 3399 983 φησι,
3437 911 3536 966 νῦν
3564 913 3620 966 δέ
3656 915 3833 985 ἐπάγει

2261 1002 2435 1070 λέγων
2455 1017 2470 1032 ⁸
2520 1003 2582 1056 '0
2613 1003 2978 1071 παρακαλῶν
2997 1003 3156 1073 ἡμᾶς
3187 1005 3257 1058 ἐν
3277 1003 3449 1072 πάσῃ
3478 1007 3702 1074 θλίψει.
3735 1011 3830 1063 Οὐκ

2263 1089 2438 1156 εἶπεν,
2489 1091 2549 1146 Ὀ
2599 1092 2674 1163 μὴ
2713 1092 2818 1145 ἐῶν
2869 1094 3016 1163 ἡμᾶς
3055 1092 3357 1157 θλίϐεσθαι,
3387 1091 3538 1159 ἀλλ’,
3579 1091 3643 1146 '0
3678 1076 3828 1161 ἐνίτῷ

2262 1187 2568 1240 θλίϐεσθαι
2591 1185 2974 1253 παρακαλῶν.
3008 1185 3177 1238 Τοῦτο
3206 1186 3315 1257 γὰρ
3343 1186 3441 1238 καὶ
3471 1185 3568 1238 τοῦ
3593 1186 3724 1240 Θεοῦ
3744 1188 3824 1258 τὴν

2261 1275 2490 1346 δύναμιν
2507 1275 2772 1339 δείκνυσι,
2794 1275 2890 1328 καὶ
2921 1275 3030 1329 τῶν
3053 1275 3386 1346 θλιϐομένων
3407 1273 3566 1340 αὔξει
3598 1275 3697 1346 τὴν
3716 1277 3826 1329 ὑπο-

2263 1367 2468 1437 μονήν·
2511 1367 2581 1420 Ἦ
2623 1366 2734 1438 γὰρ
2776 1365 3005 1435 θλῒψις,
3050 1367 3234 1439 φησὶν,
3277 1368 3824 1438 ὑπομονίικκατερ-

2263 1457 2509 1528 γὰζεται.
2556 1457 2727 1511 Τοῦτο
2753 1459 2849 1512 καὶ
2888 1460 2917 1510 6
2940 1460 3228 1531 προφήτης
3256 1459 3468 1530 ἐλεγενο
3519 1462 3614 1515 Ἐν
3650 1463 3823 1530 θλίψει

2261 1549 2607 1617 ἐπλάτυνάς
2631 1567 2727 1620 με.
2759 1551 2874 1604 Οὐκ
2900 1546 3074 1617 εἶπεν,
3104 1553 3186 1606 ὅτι
3217 1553 3334 1607 Οὐκ
3365 1553 3562 1617 εῖασάς
3588 1571 3653 1624 με
3680 1556 3820 1624 ἐμπε-

2265 1644 2374 1694 σεῖν
2407 1643 2487 1704 εἰς
2521 1641 2721 1712 θλίψιν,
2752 1643 2860 1695 οὐδ’
2893 1643 2973 1695 ὅτι
3009 1644 3341 1714 Παρήγαγες
3374 1644 3592 1715 ταχέως
3619 1646 3710 1716 τὴν
3733 1645 3822 1698 θλί-

2260 1733 2375 1804 ψιν,
2417 1733 2534 1788 ἀλλ’
2572 1736 2655 1789 ὅτι
2697 1734 2979 1806 Μενούσης
3023 1735 3194 1806 αὐτῆς
3221 1735 3536 1800 ἐπλάτυνάς
3569 1754 3654 1807 με,
3685 1754 3816 1790 τουτ-

2257 1827 2400 1894 έστι,
2440 1827 2640 1899 πολλὴν
2685 1827 2786 1899 τὴν
2831 1829 3174 1900 εὐρυχωρίαν
3203 1829 3298 1884 καὶ⁸
3332 1829 3437 1902 τὴν
3486 1829 3664 1882 ἄνεσιν
3707 1845 3822 1899 παρ-

2263 1919 2452 1990 έσχες⁶
2497 1919 2525 1972 δ
2557 1919 2622 1990 δὴ
2656 1920 2752 1973 καὶ
2771 1919 2866 1973 ἐπὶ
2892 1921 3002 1974 τῶν
3029 1920 3237 1975 παίδων
3263 1921 3378 1974 τῶν
3405 1921 3578 1994 τριῶν
3608 1922 3817 1990 γέγονεν.

2264 2011 2404 2066 Οὑτε
2434 2011 2545 2084 γὰρ
2571 2010 2845 2065 ἐκώλυσεν
2886 2013 3081 2077 αὐτοὺς
3109 2015 3400 2083 ἐμπεσεῖν,
3435 2012 3559 2067 οὔτε
3585 2013 3817 2083 ἐμπεσόν-

2260 2117 2390 2164 των,
2429 2101 2530 2173 τὴν
2564 2101 2740 2171 φλόγα
2769 2101 3011 2167 ἔσϐεσεν,
3045 2101 3180 2156 ἀλλὰ
3211 2103 3516 2175 καιομένης
3549 2105 3643 2174 τῆς
3679 2100 3816 2173 καμί-

2263 2210 2380 2262 νου,
2409 2194 2510 2266 τὴν
2540 2193 2886 2267 εὐρυχωρίαν
2911 2193 3174 2266 παρέσχε.

2333 2374 2506 2429 Τοῦτο
2543 2375 2638 2429 καὶ
2671 2373 2760 2428 ἀεὶ
2802 2376 2976 2430 ποιεῖν
3027 2373 3216 2430 εἴωθεν
3247 2377 3276 2429 ὁ
3311 2375 3489 2441 Θεόςο
3521 2377 3654 2448 ὅπερ
3677 2376 3812 2430 αἰνιτ-

2261 2468 2489 2539 τόμενος
2518 2468 2613 2522 καὶ
2646 2469 2674 2521 ὁ
2705 2467 2917 2532 Παῦλος
2943 2467 3150 2538 ἔλεγεν·
3195 2469 3258 2522 '0
3296 2469 3664 2538 παρακαλῶν
3685 2467 3811 2540 ἡμᾶς

2261 2559 2332 2612 ἐν
2363 2561 2528 2627 πάσῃ
2573 2559 2799 2627 θλίψει.
2849 2560 2960 2614 Καὶ
3000 2560 3188 2632 ἕτερον
3217 2559 3276 2614 δέ
3319 2579 3374 2616 τι
3399 2561 3488 2617 6:6
3513 2561 3705 2616 τούτων
3727 2561 3808 2614 6e!-

2263 2667 2440 2704 κνυσι.
2470 2652 2630 2704 Ποῖον
2653 2651 2718 2722 δὴ
2744 2650 2937 2717 τοῦτο;
2963 2652 3085 2705 Ὀτι
3111 2653 3209 2723 οὐχ
3236 2651 3410 2717 ἆπαξ,
3437 2653 3556 2707 οὐδὲ
3579 2652 3671 2718 δὶς,
3700 2649 3804 2706 ἀλλὰ

2261 2743 2528 2816 διηνεκῶς
2570 2743 2730 2798 τοῦτο
2759 2746 2924 2798 ποιεῖ.
2959 2744 3094 2798 Οὑδέ
3115 2747 3225 2816 γὰρ
3257 2744 3355 2799 νῦν
3387 2743 3488 2815 μὲν
3520 2742 3799 2816 παρακαλεῖ,

2243 2836 2358 2892 -νῦν
2387 2836 2446 2890 δέ
2488 2837 2735 2908 ἀφίησιν,
2765 2837 2880 2891 ἀλλ’
2911 2839 3000 2892 ἀεὶ
3029 2837 3123 2892 καὶ
3154 2838 3454 2902 διαπαντὸς
3489 2837 3638 2892 τοῦτο
3668 2835 3800 2906 ἐργά·

2264 2929 2436 2993 ζεται.
2462 2930 2556 2984 Διὸ
2587 2925 2761 2996 εἶπεν,
2803 2930 2867 2984 '0
2909 2930 3299 3000 παρακαλῶν,
3349 2935 3469 3004 οὐχ,
3512 2932 3570 2985 Ὀ
3597 2945 3799 3002 παρακα-

2263 3017 2444 3083 λέσας,
2494 3018 2610 3085 καὶ,
2659 3020 2755 3072 Ἐν
2789 3017 2958 3087 πάσῃ
3005 3021 3230 3089 θλίψει,
3286 3022 3409 3088 οὐκ,
3452 3023 3537 3074 Ἐν
3576 3019 3688 3092 τῇδε
3725 3019 3794 3071 καὶ

2263 3110 2411 3180 τῇδε,
2439 3110 2575 3176 ἀλλ’,
2595 3111 2698 3166 Ἑν
2719 3111 2888 3182 πάσῃ
2906 3127 2922 3142 °
2941 3115 3030 3178 εἰς
3061 3112 3129 3168 τὸ
3158 3112 3461 3170 δύνασθαι
3489 3113 3633 3185 ἡμᾶς
3653 3125 3792 3178 παρα·

2263 3201 2474 3256 καλεῖν
2499 3203 2644 3270 τοὺς
2671 3204 2742 3258 ἐν
2791 3204 2959 3272 πάσῃ
3005 3206 3232 3274 θλίψει,
3266 3208 3369 3262 διὰ
3399 3207 3509 3276 τῆς
3539 3199 3794 3274 παρακλή-

2261 3308 2418 3358 σεως
2460 3288 2537 3364 ἧς
2579 3296 3084 3365 παρακαλούμεθα
3121 3299 3297 3352 αὐτοὶ
3348 3298 3469 3354 ὑπὸ
3515 3297 3612 3351 τοῦ
3658 3291 3794 3347 Θεοῦ.

2263 3381 2416 3448 Εἶδες
2447 3385 2566 3450 πῶς
2587 3386 3061 3459 προανακρούεται
3086 3388 3184 3460 τὴν
3212 3389 3530 3459 ἀπολογίαν,
3553 3387 3631 3440 καί
3652 3382 3796 3454 μεγά-

2263 3479 2362 3552 λης
2393 3478 2627 3550 θλίψεως
2665 3480 2921 3534 ὑπόνοιαν
2948 3483 3178 3552 παρέχει
3206 3481 3292 3552 τῷ
3326 3483 3587 3553 ἁκροατῇ;
3613 3475 3706 3529 Καὶ
3735 3471 3793 3526 δι’

2263 3570 2445 3624 αὐτῶν
2472 3554 2640 3625 ’πάλιν
2688 3569 2968 3641 μετριάζει
3000 3571 3207 3624 τούτων
3237 3572 3443 3642 λέγων,
3469 3573 3544 3626 ὃτι
3566 3567 3646 3622 καὶ
3661 3562 3796 3624 αὐτὸς

2263 3665 2292 3716 ὁ
2321 3663 2605 3733 οἰκτιρμὸς
2634 3656 2790 3726 οὗτος
2821 3663 3058 3731 ἐγένετο,
3104 3665 3165 3717 οὐ
3203 3663 3300 3719 διὰ
3331 3665 3426 3736 τὴν
3456 3661 3617 3718 αὐτῶν
3651 3655 3795 3720 ἀξίαν.

2263 3753 2400 3808 ἀλλὰ
2421 3753 2510 3807 διὰ
2536 3753 2663 3818 τοὺς
2692 3753 2786 3808 ὑπ’
2815 3754 2996 3808 αὐτῶν
3021 3755 3375 3829 ὠφεληθῆναι
3403 3755 3701 3825 ὀφείλοντας.
3721 3744 3799 3798 Διά

2267 3847 2425 3902 τοῦτο
2445 3847 2553 3920 γὰρ
2577 3846 2948 3919 παρεκάλεσεν
2977 3849 3144 3918 ἡμᾶς,
3174 3851 3365 3918 φησὶν,
3396 3851 3478 3902 ἵνα
3498 3848 3644 3918 ἡμεῖς
3664 3837 3796 3906 ἀλλήο

2268 3937 2393 4003 λους
2421 3938 2848 4010 παρακαλῶμεν.
2880 3938 2979 3991 Διά
3001 3938 3192 3993 τούτου
3221 3940 3280 3994 δέ
3305 3940 3398 3994 καί
3425 3938 3482 3991 τὸ
3494 3935 3686 4003 ἀξίωμα
3709 3927 3792 3981 δεί⁹

2273 4047 2435 4084 κνυσι
2466 4031 2574 4083 τῶν
2594 4030 2926 4095 ἀποστόλων,
2953 4031 3234 4101 ἐμφαίνων
3254 4033 3336 4086 ὅτι
3363 4023 3700 4101 παρακληθεὶς
3719 4016 3790 4071 καὶ

2267 4121 2637 4188 ἀναπνεύσας,
2655 4123 2754 4176 οὐκ
2767 4123 3062 4177 ἀναπίπτει
3089 4124 3342 4194 καθάπερ
3364 4125 3535 4194 ἡμεῖς,
3553 4116 3656 4172 ἀλλ’
3669 4115 3733 4174 εἰς
3744 4107 3790 4162 τδ

2267 4217 2488 4285 ἐτέρους
2510 4215 2753 4284 ἀλείφειν
2775 4216 2990 4286 πρόεισι
3027 4217 3121 4269 καὶ
3142 4215 3368 4289 νευροῦν
3408 4215 3502 4268 καὶ
3528 4205 3784 4289 διεγείρεινἶ

2268 4303 2424 4366 Τινὲς
2448 4305 2505 4357 δὲ
2535 4303 2695 4358 αὑτὸν
2725 4306 2820 4358 καὶ
2852 4304 3002 4376 [422]
3035 4305 3192 4358 τοῦτο
3226 4287 3403 4373 λέγειν
3435 4299 3609 4371 φασὶν,
3642 4296 3710 4348 ὅτι
3741 4287 3787 4339 Ἡ

2268 4395 2615 4466 παράκλησις
2641 4394 2798 4466 ήμῶν
2829 4396 2923 4448 καὶ
2948 4396 3124 4450 ἀλλων
3155 4392 3498 4468 παράκλησίς
3525 4392 3647 4442 ἐστι.
3667 4378 3787 4434 Δοκεῖ

2266 4488 2324 4542 δέ
2349 4505 2437 4559 μοι
2465 4489 2560 4542 καὶ
2597 4489 2731 4560 πρὸς
2759 4490 2885 4554 τοὺς
2915 4490 3378 4560 ψευδαποστόλους
3403 4487 3522 4547 τοὺς
3551 4480 3661 4549 εἰκῆ
3680 4490 3783 4530 καυ-

2268 4581 2567 4650 χωμένους,
2628 4581 2723 4636 καὶ
2766 4582 2903 4634 οῖκοι
2955 4581 3297 4651 καθημένους
3353 4579 3443 4632 καὶ
3495 4569 3780 4646 τρυφῶντας.

2269 4671 2653 4725 ἁποτείνεσθαι
2689 4671 2778 4724 διὰ
2821 4671 2915 4725 τοῦ
2959 4673 3270 4746 προοιμίου.
3337 4667 3491 4724 Ἀλλὰ
3539 4661 3679 4717 τοῦτο
3712 4653 3782 4725 μὲν

2271 4766 2711 4836 αἰνιγματωδῶς,
2738 4767 2833 4820 καὶ
2875 4767 2952 4831 ὡς
2972 4745 3029 4821 ἐν
3054 4769 3317 4840 παρέργῳ
3337 4781 3350 4794 ·
3401 4763 3459 4817 τὸ
3484 4762 3538 4814 δέ
3565 4745 3779 4827 προηγού·

2272 4874 2431 4928 μενον
2451 4856 2612 4910 τοῦτο
2641 4853 2728 4928 ἦν,
2752 4857 3194 4930 ἀπολογήσασθαι
3219 4857 3355 4929 ὑπὲρ
3387 4857 3480 4924 τῆς
3503 4846 3781 4930 μελλήσεωῶ

2268 4949 2332 5000 Εἰ
2365 4948 2475 5017 γὰρ
2511 4947 2599 5001 διὰ
2640 4947 2799 5001 τοῦτο
2848 4929 3331 5021 παρακαλούμεθα,
3379 4946 3462 4998 ἵνα
3499 4941 3586 4994 καὶ
3632 4929 3781 4988 ἄλλους

2267 5040 2703 5112 παρακαλῶμεν,
2734 5043 2809 5113 μὴ
2833 5043 3099 5114 ἐγκαλῆτε
3135 5045 3210 5105 ὡς
3253 5043 3326 5114 μὴ
3357 5025 3778 5114 παραγενομένοΰ·

2268 5110 2362 5196 Εἰς
2393 5132 2502 5203 γὰρ
2530 5110 2690 5186 τοῦτο
2719 5110 3034 5204 ἅπαςήμῖν
3062 5137 3092 5187 6
3124 5110 3324 5206 χρόνος.
3347 5127 3589 5200 ἐτρίϐετο,
3620 5119 3686 5178 εἰς
3706 5110 3778 5208 τάξ

2268 5228 2580 5292 ἐπιϐουλὰς,
2620 5230 2700 5291 εἰς
2741 5228 2840 5292 τὰς
2888 5231 3203 5298 ἐπαγωγὰς,
3253 5227 3330 5289 εἰς
3383 5222 3442 5275 τδ
3479 5211 3779 5298 sum”?

2269 5320 2493 5372 ἐπιόντα
2536 5319 2706 5373 δεινά.
2753 5319 2880 5372 Ὅτι
2926 5320 3120 5386 καθὼς
3153 5313 3481 5387 περισσεύει
3523 5304 3588 5358 τὰ
3618 5286 3776 5400 fit”?

2265 5429 2426 5482 ματα
2466 5411 2574 5466 τοῦ
2620 5411 2882 5479 Χριστοῦ
2925 5415 3013 5477 εἰς
3043 5383 3236 5480 ἡμᾶς(
3266 5406 3413 5461 οὕτω
3437 5397 3528 5491 δίίξ
3550 5389 3642 5491 τῗῦ

2270 5471 2423 5559 στοῦ
2462 5471 2811 5572 περισσεύει
2865 5504 2964 5556 καὶ
2987 5471 3048 5570 ’ἡ
3069 5471 3449 5570 Εταρἀκλησις
3490 5471 3774 5572 ἠμῶν⁹,Ὶνα

2269 5598 2379 5670 γὰρ
2413 5599 2486 5668 μὴ
2517 5564 2802 5668 καταϐάλῃ
2821 5597 2948 5659 τοὺς
2984 5564 3230 5665 μαθητίὶς
3259 5590 3333 5658 τῷ
3360 5581 3547 5652 σφόδρα
3571 5564 3774 5670 “cipit:

2267 5659 2367 5752 ’ῖάξ
2405 5659 2711 5758 ξυμφορὰς,
2734 5659 3163 5740 δείκνυσινπάλιν
3185 5679 3372 5748 πολλὴν
3397 5673 3488 5742 τὴν
3509 5659 3770 5761 περιονείςῖ

2270 5782 2365 5833 καὶ
2396 5781 2498 5849 τῆς
2553 5779 2951 5851 παρακλήσεως
2983 5774 3170 5844 οὖσαν,
3217 5773 3307 5828 καί
3332 5767 3585 5830 ἀνίστησιν
3625 5753 3771 5851 αῗτ-(ῗν

2271 5872 2369 5927 τὴν
2395 5871 2652 5939 διάνοιαν,
2681 5873 2740 5926 οὑ
2762 5870 2930 5943 ταύτῃ
2956 5870 3135 5942 μόνον,
3159 5865 3288 5925 ἀλλὰ
3310 5860 3396 5916 καὶ
3420 5853 3487 5924 τῷ
3505 5845 3767 5913 “diua”.
