3998 6426
182 380 286 434 385

183 509 298 545 cum
322 499 440 545 sunt
465 505 634 544 omnes
660 489 864 559 fratres,
896 485 1132 541 Ecclesiis
1163 486 1377 544 Galatiae
1406 505 1425 542 :
1471 487 1646 541 Gratia
1669 504 1753 542 oo-

184 583 257 635 bis
287 591 332 634 et
360 596 463 649 pas:
501 578 643 646 (Gal.
682 581 731 635 ί.
777 580 827 633 1.
868 580 944 648 5).
975 578 1109 644 Quin
1148 577 1214 631 ad
1258 578 1509 633 Hebraeos
1546 593 1756 647 quoque

192 688 350 726 unam
390 671 684 741 generatim
725 671 1003 741 epistolam
1037 668 1284 738 scripsit,
1316 684 1415 723 nec
1443 684 1536 723 eos
1563 683 1656 738 per
1682 669 1756 722 ei-

185 765 374 817 vitates
418 761 679 816 distinxit.
721 761 973 828 Qua-nam
1016 761 1172 829 igitur
1213 758 1432 828 hujusce
1478 760 1555 813 rei
1595 772 1754 813 causa

180 852 306 907 est?
354 852 466 906 Mea
512 851 722 921 quidem
768 851 1069 913 sententia,
1117 850 1257 918 quod
1308 864 1620 903 communes
1669 849 1753 904 hic

184 943 356 998 morbi
387 952 601 1006 essent;
637 942 754 994 ideo
782 956 1118 995 communem
1145 956 1354 1010 quoque
1379 941 1655 1010 epistolam
1679 942 1755 995 fa-

180 1034 270 1097 cit,
321 1034 443 1102 quia
484 1032 752 1087 communi
782 1032 1120 1087 correctione
1164 1031 1491 1101 indigebant.
1543 1032 1753 1086 Etenim

180 1124 385 1179 Galatae
416 1137 599 1178 omnes
630 1121 816 1177 morbo
848 1121 1158 1176 laborabant
1194 1130 1248 1177 et
1277 1122 1516 1187 Hebraei,
1556 1132 1748 1190 atque,

181 1225 235 1268 ut
259 1229 383 1268 mea
410 1212 589 1282 opinio
616 1212 735 1278 fert,
767 1210 821 1265 hi
845 1227 1074 1283 quoque.
1103 1211 1459 1280 Quamobrem
1487 1228 1606 1268 cum
1631 1212 1751 1266 uni-

180 1321 391 1361 versam
414 1304 680 1359 nationem
710 1313 1101 1374 congregasset,
1127 1315 1284 1374 atque
1311 1319 1423 1371 eos,
1446 1312 1503 1358 ut
1522 1304 1752 1374 reliquos

177 1410 369 1450 omnes
390 1402 744 1465 consueverat
766 1434 780 1459 ,
809 1395 1126 1459 salutasset;
1161 1392 1337 1447 Gratia
1368 1393 1509 1448 enim
1546 1403 1592 1447 et
1628 1410 1748 1462 pax,

179 1487 372 1557 inquit,
420 1502 451 1539 a
489 1483 597 1539 Deo
637 1484 795 1539 Patre
824 1494 994 1539 nostro
1033 1495 1080 1539 et
1106 1483 1325 1539 Domino
1354 1484 1477 1540 Jesu
1512 1483 1751 1550 Christo;

173 1579 301 1632 audi
321 1579 435 1646 jam
452 1576 718 1645 quomodo
746 1574 1142 1631 accommodate
1169 1575 1237 1630 ad
1271 1576 1564 1630 institutum
1591 1590 1749 1645 argu-

180 1681 423 1725 mentum
451 1668 771 1724 exordiatur.
808 1668 1105 1731 Benedictus
1138 1667 1271 1722 Deus
1299 1680 1345 1722 et
1372 1666 1528 1722 Pater
1550 1667 1751 1721 Domini

177 1761 341 1815 nostri
388 1758 515 1813 Jesu
558 1757 766 1826 Christi,
813 1758 969 1813 Pater
1009 1759 1496 1826 misericordiamm,
1529 1770 1574 1813 et
1616 1758 1750 1813 Deus

171 1854 331 1905 totius
378 1850 753 1905 consolationis.
799 1849 1037 1917 Quonam
1081 1861 1255 1906 autem
1302 1851 1481 1919 modo,
1521 1852 1747 1921 inquies,

172 1942 275 1996 hoc
306 1942 553 2011 prasenti
576 1952 888 2011 argumento
914 1942 1197 2012 congruit?
1224 1942 1447 1996 Maxime
1472 1958 1601 1997 sane
1632 1962 1644 1997 :
1674 1943 1751 1998 sic

175 2034 321 2089 enim
364 2033 604 2104 espende
636 2052 649 2088 :
679 2049 865 2104 magna
910 2036 1010 2089 hoc
1039 2049 1135 2089 eos
1172 2036 1411 2089 molestia
1443 2044 1497 2090 et
1536 2046 1748 2106 pertur-

177 2124 395 2179 batione
438 2123 698 2178 afficiebat
717 2164 730 2190 ,
758 2123 897 2194 quod
923 2125 1196 2194 apostolus
1224 2126 1348 2180 illuc
1376 2126 1594 2182 minime
1622 2142 1747 2197 pro-

181 2216 350 2270 fectus
378 2216 596 2281 fuisset,
621 2230 741 2269 cum
774 2215 825 2269 id
848 2232 905 2271 se
937 2218 1193 2272 facturum
1222 2218 1619 2293 spopondisset,
1648 2234 1745 2275 ve-

179 2324 290 2361 rum
317 2308 625 2362 universum
657 2316 865 2376 tempus
892 2310 942 2362 itt
972 2308 1277 2364 Macedonia
1306 2312 1745 2381 consumpsisset,

176 2400 420 2469 aliosque
464 2398 590 2468 ipsis
633 2399 898 2455 anteferre
953 2400 1243 2456 videretur.
1294 2401 1469 2470 Quare
1516 2411 1572 2458 ut
1614 2403 1749 2458 hanc

178 2493 629 2563 perturbationem
651 2493 983 2563 comprimat,
1005 2509 1216 2549 causam
1239 2498 1472 2565 exponit,
1501 2497 1569 2551 ob
1590 2512 1749 2567 quam

176 2586 399 2640 minime
428 2584 493 2638 ad
525 2598 617 2638 eos
640 2585 953 2653 porrexerit.
990 2584 1098 2640 Nec
1122 2596 1298 2640 tamen
1330 2597 1475 2642 recta
1504 2603 1621 2642 eam
1650 2603 1746 2657 po-

176 2678 275 2742 nit,
310 2691 413 2730 nec
439 2676 532 2742 ait,
573 2673 695 2730 Scio
721 2675 931 2745 quidem
958 2675 1098 2746 quod
1128 2678 1394 2747 pollicitus
1425 2692 1543 2732 sum
1571 2694 1657 2732 me
1682 2678 1747 2733 ad

179 2783 275 2822 vos
304 2776 609 2834 venturum,
640 2766 755 2834 sed,
802 2767 924 2838 quia
969 2768 1298 2824 calamitates
1340 2770 1467 2824 mihi
1510 2770 1749 2840 impedi—

179 2870 362 2915 mento
404 2858 576 2926 fuere,
628 2860 904 2929 ignoscite,
951 2876 1165 2931 qumso,
1214 2876 1314 2917 nec
1356 2878 1441 2917 me
1486 2863 1749 2931 superbiae

178 2951 453 3022 cujusdam
498 2960 589 3005 aut
627 2951 957 3022 negligentiae
983 2951 1335 3007 condemnate
1380 2969 1394 3004 :
1436 2968 1619 3007 verum
1648 2954 1746 3008 alia

178 3049 389 3101 ratione
413 3060 479 3100 ac
506 3044 928 3114 magnificentius
956 3055 1116 3114 atque
1159 3044 1226 3098 ad
1269 3044 1425 3099 ﬁdem
1456 3044 1746 3100 faciendam

178 3135 631 3194 accommodatius
663 3138 759 3191 hoc
784 3136 925 3192 idem
955 3136 1138 3203 efficit,
1167 3152 1278 3192 rem
1305 3152 1403 3207 per
1430 3138 1749 3193 consolatio‘

179 3246 303 3286 nem
330 3230 659 3301 amplificans
688 3246 702 3283 :
731 3245 836 3300 quo
861 3229 1114 3299 deinceps
1141 3230 1240 3299 ipsi
1271 3245 1376 3284 non
1408 3230 1749 3285 sciscitentur

177 3338 275 3377 cur
316 3321 383 3375 ad
413 3307 499 3375 eos
529 3322 707 3376 veuire
734 3330 1010 3376 cunctatus
1034 3322 1121 3375 sit.
1156 3325 1232 3376 Ac
1261 3322 1479 3391 perinde
1516 3324 1662 3387 facit,
1691 3330 1749 3377 ut

179 3416 219 3469 si
256 3412 399 3482 quis,
437 3428 557 3466 cum
590 3427 647 3467 se
687 3412 751 3466 ad
794 3412 1063 3483 aliquem,
1105 3429 1261 3484 quem
1302 3428 1484 3469 carum
1534 3416 1745 3483 habeat,

179 3517 461 3559 venturum
491 3518 611 3558 esse
649 3504 954 3573 recepisset,
988 3518 1050 3557 ac
1078 3513 1259 3574 postea
1290 3506 1579 3561 innumeris
1605 3508 1749 3577 peri-

180 3598 311 3650 culis
336 3597 643 3664 perfunctus
665 3597 859 3661 veniat,
877 3610 938 3649 ae
966 3595 1137 3649 dicat:
1158 3594 1336 3651 Gloria
1360 3597 1450 3651 tibi
1471 3599 1562 3663 sit,
1588 3598 1747 3665 Deus,

181 3687 320 3757 quod
367 3687 555 3741 faciem
602 3685 729 3740 mihi
771 3702 948 3741 caram
990 3702 1053 3742 ac
1103 3688 1457 3744 desideratam
1518 3691 1752 3746 ostendi-

181 3782 242 3835 sti
273 3799 287 3834 :
320 3780 632 3836 benedictus
666 3780 834 3844 Deus,
867 3782 1059 3851 quibus
1088 3781 1334 3850 periculis
1362 3797 1448 3836 me
1479 3783 1746 3839 liberasti!

183 3869 453 3942 Siquidem
496 3870 795 3941 bujusmodi
837 3870 1033 3925 divinat
1060 3871 1243 3941 gloriae
1287 3872 1593 3941 praedicatio
1624 3888 1750 3943 pur-

184 3962 407 4033 gationis
433 3961 549 4017 vice
574 3962 711 4031 apud
738 3977 858 4016 eum
885 3972 1001 4026 est,
1034 3963 1123 4033 qui
1162 3965 1592 4034 expostulaturus
1634 3964 1747 4021 fue-

186 4067 302 4124 rat,
336 4071 434 4112 nec
461 4071 582 4111 eum
612 4054 679 4110 de
715 4056 1052 4111 cunctatione
1076 4072 1139 4111 ac
1168 4072 1313 4111 mora
1341 4058 1596 4127 conqueri
1626 4072 1749 4128 per-

187 4150 363 4205 mittit.
398 4149 674 4204 Erubescit
698 4150 842 4203 enim
869 4165 1012 4217 eum,
1040 4150 1129 4220 qui
1156 4151 1224 4205 ob
1251 4157 1327 4203 tot
1351 4164 1414 4203 ac
1441 4158 1581 4204 tanta
1615 4150 1752 4205 mala

188 4260 249 4297 ex
275 4244 469 4312 quibus
492 4249 703 4310 ereptus
732 4251 815 4296 est
842 4240 952 4296 Deo
978 4242 1172 4311 gratias
1199 4241 1324 4311 agit,
1351 4240 1402 4295 in
1424 4240 1511 4309 jus
1538 4256 1747 4308 vocare,

190 4347 479 4404 poenasque
508 4330 768 4385 tarditatis
808 4331 877 4387 ab
906 4347 970 4387 eo
1000 4342 1267 4402 expetere.
1298 4332 1423 4386 Ideo
1455 4332 1533 4386 sic
1574 4332 1753 4401 auspi-

190 4437 358 4491 catur,
382 4422 677 4478 Benedictus
700 4421 836 4477 Deus
859 4423 1330 4478 misericordiarum.
1358 4424 1561 4490 Quibus
1582 4425 1756 4479 verbis

195 4519 289 4573 hoc
328 4516 658 4583 subindicat,
692 4531 751 4572 se
799 4516 962 4587 ipsius
1003 4532 1105 4587 ope
1150 4533 1214 4571 ex
1263 4518 1565 4587 ingentibus
1614 4518 1756 4587 peri-

193 4613 323 4668 culis
352 4611 600 4667 eductum
650 4626 712 4665 ac
756 4610 1036 4665 liberatum
1085 4610 1265 4665 fuisse.
1319 4611 1756 4681 Quandoquidem

197 4704 355 4758 David
382 4720 484 4757 non
509 4703 703 4773 ubique
728 4702 917 4759 eodem
948 4702 1125 4769 modo,
1156 4717 1255 4756 nec
1284 4702 1349 4754 ab
1377 4702 1563 4756 iisdem
1594 4703 1757 4757 rebus

195 4795 364 4867 ipsum
404 4795 681 4863 appellat;
728 4809 909 4847 verum
955 4808 1075 4848 cum
1123 4794 1191 4848 de
1237 4793 1379 4847 bello
1427 4809 1490 4848 ac
1538 4794 1757 4848 victoria

191 4889 354 4944 verba
384 4888 527 4953 facit,
571 4886 791 4956 Diligam
836 4894 901 4950 te,
947 4885 1182 4953 Domine,
1212 4886 1366 4939 virtus
1405 4903 1532 4952 mea,
1566 4887 1754 4956 inquit,

191 4981 442 5036 Dominus
466 4988 713 5050 protector
740 4994 875 5031 meus
903 4975 1069 5050 (Psal.
1098 4978 1185 5033 i7.
1220 4978 1271 5049 1)
1303 4994 1316 5030 :
1349 4993 1468 5033 cum
1496 4988 1669 5034 autent
1693 4980 1759 5035 de

190 5073 512 5137 calamitate,
558 5085 661 5141 qua
708 5070 958 5124 liberatus
988 5078 1089 5135 est,
1121 5083 1185 5123 ac
1210 5069 1276 5123 de
1300 5070 1463 5125 animi
1492 5071 1715 5140 caligine
1741 5112 1754 5137 ,

192 5183 313 5239 qua:
342 5167 513 5237 ipsum
544 5163 937 5227 circumdabat,
971 5161 1215 5216 Dominus
1242 5162 1548 5217 illuminatio
1584 5181 1693 5218 utea
1714 5175 1760 5219 et

194 5262 334 5314 salus
364 5275 471 5311 mea
504 5255 674 5329 (Psal.
702 5255 792 5310 26.
828 5255 881 5326 Ι)
910 5271 924 5308 :
954 5264 1111 5325 atque
1137 5271 1276 5310 nunc
1304 5270 1334 5309 a
1364 5256 1686 5326 benignitate
1707 5267 1761 5313 et

195 5350 501 5417 clementia,
531 5362 672 5403 nunc
699 5363 727 5401 a
748 5347 984 5418 justitia,
1020 5362 1158 5401 nunc
1182 5347 1250 5402 ab
1275 5348 1580 5427 incorrupto
1614 5348 1760 5418 judi-

195 5444 303 5510 cio,
333 5450 489 5512 prout
514 5439 623 5507 illa,
656 5438 710 5494 in
742 5438 936 5510 quibus
961 5439 1288 5502 versabatur,
1318 5447 1551 5507 tempora
1580 5449 1765 5509 postu-

197 5535 398 5601 labant,
425 5541 836 5604 cognomentum
862 5531 958 5601 ipsi
980 5530 1183 5586 tribuit.
1205 5532 1286 5586 Ad
1315 5532 1558 5586 eumdem
1590 5534 1764 5603 itaque

208 5626 418 5681 modum
462 5624 565 5678 hoc
594 5622 715 5679 loco
744 5622 938 5678 Paulus
969 5624 1225 5693 incipiens
1270 5638 1299 5676 a
1347 5623 1668 5694 benignitate
1711 5634 1764 5680 et

207 5717 483 5772 clementia
508 5715 679 5786 ipsum
709 5715 960 5785 appellat,
989 5713 1128 5768 Deus
1150 5715 1605 5770 misericordiamm
1628 5757 1644 5782 ,
1678 5715 1763 5769 in-

210 5811 416 5879 quiens,
468 5807 573 5863 hoc
613 5817 713 5876 est,
760 5808 847 5878 qui
895 5814 1051 5862 tantae
1098 5807 1453 5863 miserationis
1495 5808 1761 5877 specimen

1268 374 1331 429 IN
1372 374 1583 431 EPlST.
1629 375 1669 429 ll
1737 376 1822 431 AD
1858 374 2012 433 COR.
2050 377 2277 435 HOMIL.
2320 381 2361 435 1.

3329 391 3433 449 386

1860 490 2060 550 edidit.
2120 502 2177 546 ut
2229 509 2326 547 nos
2379 509 2443 548 ex
2499 496 2626 565 ipsis
2675 498 2862 553 mortis
2917 498 3082 571 portis
3140 503 3400 561 eduxerit.

1926 580 1979 634 ὅ.
2024 581 2179 635 Pauli
2208 585 2483 639 humilitas.
2538 589 2646 641 lfoc
2689 590 2831 643 ettim
2883 594 3118 648 maxime
3171 597 3277 649 Deo
3306 613 3431 666 pro-

1858 670 2031 738 prium
2078 689 2140 727 ac
2182 676 2448 743 peculiare
2490 688 2573 732 est
2613 679 2883 751 ipsiusque
2930 694 3131 739 natura:
3178 685 3428 755 insitum,

1859 759 2107 814 nimirum
2135 763 2201 816 ad
2242 763 2381 818 hunc
2411 766 2627 821 modum
2668 770 2932 824 misereri.
2969 771 3092 827 Ideo
3130 775 3431 831 misericor-

1856 848 2059 904 diarum
2091 853 2251 906 Dettm
2282 856 2450 922 ipsum
2475 865 2647 911 vocat.
2680 858 2851 928 Atque
2889 860 3013 916 hinc
3042 879 3251 933 quoque
3279 866 3429 922 Pauli

1856 938 2203 996 humilitatem
2232 945 2387 997 velint
2414 947 2745 1003 consideres.
2772 950 2901 1003 Nam
2928 954 3166 1021 quamvis
3196 970 3425 1025 evange-

1856 1031 1970 1086 lica:
2014 1035 2406 1102 pratdicationis
2447 1053 2604 1093 causa
2647 1041 3065 1108 periclitaretur,
3112 1055 3429 1103 nontamen

1854 1126 2044 1179 merito
2079 1142 2205 1193 suo,
2239 1128 2331 1183 sed
2366 1144 2462 1200 per
2486 1131 2575 1186 Dei
2601 1131 2968 1188 miserationes
2994 1136 3216 1191 salutem
3242 1154 3431 1194 conse-

1854 1225 2073 1283 quutum
2126 1233 2184 1272 se
2237 1232 2357 1273 esse
2405 1219 2499 1275 ait.
2560 1220 2755 1276 Verum
2806 1223 2905 1278 hoc
2944 1225 3153 1294 quidem
3192 1230 3426 1297 apertius

1854 1316 2036 1375 postea
2076 1307 2207 1363 dixit
2235 1326 2249 1375 ;
2279 1326 2418 1366 nunc
2452 1322 2625 1368 autem
2657 1314 2768 1370 hmc
2794 1318 2952 1371 verba
2993 1320 3293 1391 sultjungit:
3325 1323 3426 1389 Qui

1851 1398 2139 1451 consolatur
2182 1416 2272 1454 nos
2309 1402 2361 1454 in
2389 1404 2524 1456 omni
2560 1404 2898 1461 tribulatione.
2948 1407 3061 1463 Non
3107 1411 3277 1475 dixit,
3325 1414 3424 1481 Qui

1853 1501 1957 1541 non
1999 1489 2126 1543 sinit
2152 1505 2246 1545 nos
2272 1492 2574 1550 calamitate
2603 1496 2740 1551 affici
2764 1537 2781 1564 ,
2819 1498 2910 1553 sed
2940 1540 2955 1566 ,
2998 1500 3098 1567 Qui
3133 1503 3185 1556 in
3211 1506 3425 1559 calamio

1852 1585 1952 1631 tate
1999 1596 2091 1634 nos
2134 1584 2444 1640 consolatur.
2506 1585 2637 1641 Nam
2688 1586 2790 1644 hoc
2837 1600 2945 1644 tum
3000 1592 3091 1645 Dei
3136 1598 3425 1664 potentiam

1851 1667 2118 1738 declarat,
2158 1682 2265 1728 tum
2293 1691 2474 1730 eorum
2494 1718 2511 1743 ,
2546 1679 2636 1748 qui
2662 1680 3052 1738 calamitatibus
3075 1698 3421 1756 premuntur,

1851 1760 2157 1827 patientiam
2197 1772 2394 1833 auget:
2427 1764 2707 1822 Tribulatio
2757 1772 2933 1835 enim,
2982 1774 3184 1844 inquit,
3234 1779 3437 1847 patient

1852 1850 1972 1941 tiam
2002 1863 2240 1922 operatur
2263 1855 2284 1928 (
2300 1856 2449 1911 Rom.
2479 1858 2534 1913 5.
2561 1860 2650 1930 3).
2683 1860 2734 1915 Id
2763 1864 2899 1932 quod
2933 1866 3187 1934 propheta
3216 1885 3426 1941 quoque

1853 1940 1934 1994 his
1977 1944 2158 1999 verbis
2208 1946 2473 2004 iudicabat
2511 1968 2524 2005 :
2572 1951 2639 2006 In
2693 1956 3014 2010 tribulatione
3077 1961 3301 2015 dilatasti
3344 1940 3428 2016 me

1852 2032 2021 2103 (Psal.
2064 2038 2116 2091 4.
2157 2038 2190 2091 2
2211 2039 2254 2110 ).
2287 2039 2400 2095 Non
2429 2042 2563 2098 dixit
2586 2084 2600 2107 ,
2630 2044 2745 2100 Non
2774 2063 2958 2117 passus
2980 2067 3036 2105 es
3066 2068 3150 2108 me
3177 2054 3226 2108 in
3255 2056 3426 2112 tribu-

1852 2126 2098 2182 lationem
2147 2131 2292 2198 labi,
2344 2142 2468 2200 aut,
2517 2136 2934 2196 Tribulationem
2980 2148 3258 2201 confestim
3296 2150 3425 2205 sub-

1851 2218 2100 2286 movisti,
2129 2222 2219 2276 sed
2245 2264 2260 2288 ,
2311 2224 2385 2279 Ea
2428 2237 2676 2284 manente
2724 2231 2956 2288 dilatasti
2999 2252 3083 2290 me
3112 2255 3124 2289 :
3158 2238 3259 2293 hoc
3301 2250 3421 2309 est,

1852 2307 2118 2377 ingentem
2167 2313 2345 2369 cordis
2408 2316 2740 2375 latitudinem
2806 2333 2860 2377 et
2916 2326 3237 2396 voluptatem
3295 2307 3424 2387 mihi

1849 2400 2089 2455 attulisti.
2142 2401 2193 2457 ld
2242 2406 2383 2474 quod
2424 2409 2582 2464 etiam
2630 2411 2682 2465 in
2731 2415 2898 2469 tribus
2946 2420 3126 2485 pueris
3170 2422 3410 2492 contigit.

1850 2490 2031 2562 Neque
2077 2495 2256 2561 enim,
2304 2513 2410 2567 quo
2453 2501 2629 2557 minus
2676 2505 2726 2558 in
2771 2507 3038 2563 fornacem
3092 2490 3417 2582 inciderent,

1850 2583 2155 2651 prohibuit,
2186 2601 2285 2641 nec
2312 2603 2431 2643 cum
2461 2592 2801 2663 incidissent,
2832 2596 3096 2653 ﬂammam
3128 2602 3420 2673 exstinxit,

1850 2688 2032 2727 verum
2058 2675 2310 2745 ﬂagrante
2335 2678 2551 2737 fornace
2579 2683 2907 2742 latitudinem
2936 2689 3063 2761 ipsis
3091 2694 3335 2762 prwbuit.

1922 2762 2057 2818 Deus
2082 2781 2277 2830 semper
2300 2772 2603 2827 consolatur.
2628 2805 2699 2814 —
2719 2776 2828 2832 Hoc
2858 2794 3036 2835 autem
3068 2782 3205 2840 Deus
3238 2801 3424 2856 perpe-

1850 2861 1943 2907 tuo
1981 2854 2156 2911 facere
2180 2861 2457 2915 consuevit
2488 2879 2502 2916 :
2531 2866 2670 2933 quod
2699 2867 2857 2921 etiam
2891 2868 3082 2926 Paulus
3121 2854 3424 2930 sultindica-

1850 2943 1973 3011 bat,
2027 2961 2147 3001 cum
2210 2948 2469 3007 diceret:
2521 2954 2620 3020 Qui
2681 2960 2972 3014 consolatur
3034 2980 3126 3019 nos
3183 2966 3237 3019 in
3288 2971 3425 3023 onmi

1851 3036 2186 3094 tribulatione.
2215 3041 2350 3109 Quin
2378 3043 2518 3099 aliud
2545 3062 2752 3118 quoque
2778 3050 2860 3105 his
2882 3053 3057 3109 verbis
3075 3056 3421 3115 demonstrat.

1849 3126 2108 3194 Quidnam
2136 3132 2346 3188 tandem
2378 3135 2562 3193 istud?
2590 3138 2791 3210 Nempe
2818 3144 2954 3212 quod
2989 3162 3093 3201 non
3133 3152 3295 3205 semel
3335 3162 3426 3207 aut

1852 3217 2074 3285 iterum,
2125 3223 2219 3277 sed
2271 3239 2485 3295 semper
2537 3228 2639 3284 hoc
2659 3228 2834 3287 faciat.
2876 3234 3058 3306 Neque
3100 3240 3241 3294 enim
3285 3258 3425 3296 nunc

1850 3313 2184 3381 consolatur,
2244 3332 2386 3373 nunc
2444 3334 2629 3377 rursus
2675 3322 2908 3393 deserit,
2965 3330 3059 3383 sed
3103 3347 3317 3402 semper
3363 3351 3425 3390 ac

1850 3417 2108 3474 perpetuo
2136 3405 2236 3461 hoc
2278 3408 2406 3478 agit.
2439 3410 2519 3466 Ob
2541 3411 2698 3482 idque
2744 3414 2914 3483 dixit,
2967 3418 3064 3486 Qui
3099 3424 3421 3493 consolatur,

1852 3512 1989 3565 non,
2026 3500 2125 3567 Qui
2168 3504 2454 3557 consolatus
2492 3516 2611 3570 est;
2650 3516 2732 3573 et,
2786 3508 2850 3562 In
2890 3512 3030 3564 omni
3059 3514 3412 3585 tribulatione,

1851 3606 1957 3645 non
1996 3594 2049 3647 in
2088 3593 2187 3650 hac
2220 3604 2380 3665 atque
2410 3596 2493 3651 illa
2516 3639 2531 3663 ,
2570 3600 2685 3661 sed,
2705 3599 2770 3654 In
2812 3605 2947 3656 omni
2971 3620 2989 3667 ;
3015 3617 3070 3658 ut
3099 3609 3346 3676 possimus
3375 3622 3425 3664 et

1851 3685 1949 3753 ipsi
2004 3687 2257 3739 consolari
2314 3703 2436 3755 eos,
2477 3690 2565 3758 qui
2603 3690 2655 3743 in
2692 3692 2830 3745 omni
2874 3709 3107 3763 pressura
3146 3709 3296 3765 sunt,
3337 3718 3430 3771 per

1851 3776 2241 3830 consolationem
2268 3820 2282 3843 ,
2309 3794 2409 3847 qua
2438 3782 2758 3836 consolamur
2781 3793 2827 3838 et
2850 3786 2949 3854 ipsi
2973 3804 3004 3839 a
3032 3786 3158 3843 Deo.
3191 3790 3422 3849 Vichne

1852 3865 2115 3933 quomodo
2178 3869 2573 3926 excusationem
2637 3884 2948 3941 przestruat,
3016 3877 3142 3933 dum
3206 3896 3411 3953 magnae

1852 3957 2125 4027 cujusdam
2174 3959 2478 4017 afflictionis
2524 3965 2877 4034 suspicionem
2922 3968 3146 4026 auditori
3189 3975 3426 4042 praebet?

1854 4052 2027 4121 Atque
2072 4053 2233 4107 etiam
2265 4068 2358 4124 per
2386 4054 2498 4111 itth
2539 4057 2651 4126 ipsa
2682 4058 2838 4112 verba
2870 4060 3185 4118 modestiam
3230 4081 3338 4136 prae
3365 4083 3424 4126 se

1853 4140 1992 4209 fert,
2044 4158 2163 4198 cum
2208 4144 2281 4199 ait
2328 4146 2464 4202 hanc
2510 4164 2721 4219 quoque
2767 4151 2937 4220 ipsam
2988 4156 3421 4228 miserationem,

1856 4251 1961 4291 non
1989 4236 2057 4290 ob
2088 4236 2319 4307 ipsorum
2349 4239 2592 4294 meritum
2619 4255 2683 4296 ac
2711 4241 3050 4312 dignitatem,
3082 4248 3174 4303 sed
3204 4262 3421 4320 propter

1855 4343 1976 4393 eos,
2005 4329 2094 4398 qni
2134 4329 2201 4383 ab
2229 4330 2359 4400 ipsis
2383 4330 2668 4401 adjuvandi
2693 4343 2873 4401 erant,
2902 4339 3206 4407 contigisse.
3258 4342 3337 4397 Ob
3368 4344 3421 4400 id

1856 4418 2027 4483 enim,
2073 4418 2271 4487 inquit,
2320 4434 2417 4474 nos
2453 4422 2762 4477 consolatus
2804 4436 2918 4488 est,
2955 4436 3012 4481 ut
3052 4443 3150 4482 nos
3181 4441 3415 4487 mutuam

1857 4508 2275 4563 consolationem
2340 4510 2429 4565 alii
2480 4512 2599 4566 aliis
2653 4513 3018 4570 adhibeamus.
3086 4520 3257 4589 Atque
3296 4522 3419 4577 hinc

1858 4616 2065 4672 quoque
2095 4602 2462 4671 apostolorum
2507 4603 2815 4673 dignitatem
2859 4606 3125 4675 declarat,
3166 4611 3290 4667 dum
3324 4614 3425 4671 hoc

1859 4692 2087 4758 indicat,
2118 4695 2258 4765 quod
2286 4704 2632 4765 posteaquam
2661 4697 2851 4754 solatio
2877 4699 3097 4757 affectus
3124 4717 3187 4758 ac
3214 4719 3427 4762 recrea.

1860 4795 1945 4841 tus
1988 4784 2117 4852 fuit,
2166 4802 2272 4841 non
2304 4789 2442 4842 sicut
2467 4804 2564 4843 nos
2607 4791 2854 4859 supinum
2898 4808 2957 4847 se
2981 4803 3140 4865 atque
3178 4797 3423 4867 ignavum

1862 4878 2129 4947 praebeat,
2161 4893 2344 4932 verum
2375 4879 2440 4933 ad
2462 4879 2819 4936 cohortandos
2845 4893 3003 4953 atque
3032 4886 3427 4946 confirmandos

1862 4969 2244 5023 etexcitandos
2264 4970 2399 5023 alios
2416 4970 2799 5041 progrediatur.
2829 4973 2962 5029 Sunt
2985 4978 3144 5031 etiam
3170 4980 3259 5048 qui
3290 4979 3430 5036 hune

1861 5061 2035 5115 locum
2082 5062 2159 5115 sic
2196 5071 2499 5131 exponant,
2523 5074 2587 5115 ac
2607 5060 2653 5116 si
2685 5064 2969 5133 Apostolus
3013 5066 3153 5123 dicat
3184 5086 3199 5125 :
3231 5072 3430 5127 Conso-

1863 5151 1991 5207 latio
2036 5161 2216 5206 nostra
2272 5154 2496 5208 aliorum
2554 5169 2762 5223 quoque
2818 5158 3113 5215 consolatio
3148 5170 3250 5216 est.
3290 5164 3428 5231 Quin

1863 5242 1993 5298 mihi
2019 5242 2177 5297 etiam
2202 5244 2317 5313 ipse
2350 5244 2400 5297 in
2430 5243 2590 5299 falsos
2629 5246 2899 5314 apostolos
2920 5289 2935 5313 ,
2967 5251 3053 5318 qui
3082 5251 3344 5309 incassum
3372 5270 3435 5309 se

1861 5333 2167 5404 jactabant,
2213 5333 2465 5403 domique
2508 5334 2826 5391 desidebant
2857 5352 2920 5393 ac
2961 5340 3167 5397 deliciis
3215 5358 3431 5415 operam

1865 5423 2096 5489 dabant,
2139 5439 2234 5494 per
2276 5424 2579 5495 bujusmodi
2628 5429 2943 5495 prooemium
2973 5431 3149 5487 invehi
3186 5435 3433 5501 videtur;

1866 5529 2051 5569 verum
2077 5514 2336 5581 obscure,
2382 5530 2446 5570 ac
2484 5515 2631 5570 velut
2657 5516 2849 5573 obiter.
2879 5518 3147 5577 Caeterum
3175 5526 3438 5594 praecipue

1869 5604 1921 5659 id
1945 5606 2131 5676 agebat
2156 5648 2171 5672 ,
2220 5616 2278 5661 ut
2326 5607 2680 5663 cunctationis
2723 5623 2786 5663 ac
2829 5611 3165 5682 negligentia:
3204 5622 3378 5667 notam
3406 5631 3437 5668 a

1870 5712 1929 5752 se
1955 5698 2267 5769 depelleret.
2317 5698 2448 5753 Nam
2477 5700 2523 5753 si
2553 5709 2835 5769 propterea
2881 5705 3243 5759 consolatione
3269 5704 3441 5758 attici-

1874 5806 2031 5857 mnr,
2091 5799 2151 5846 ut
2205 5790 2323 5844 aliis
2378 5805 2590 5861 quoque
2644 5791 3063 5848 consolationem
3115 5792 3441 5861 afferamus,
