3998 6426
580 375 686 431 38⁸1

579 499 797 555 crimini
840 514 906 556 ne
935 500 1163 563 vertite,
1202 496 1345 568 quod
1375 495 1441 549 ad
1473 509 1570 549 vos
1597 509 1702 548 non
1728 489 2115 546 accesserimus
2145 501 2163 542 :

579 595 626 651 si
663 593 878 664 quidem
918 591 1074 646 nobis
1103 603 1264 645 omne
1293 597 1504 658 tempus
1534 585 1587 640 in
1618 582 1827 640 insidiis
1853 589 1909 637 et
1933 579 2166 635 invasio-

581 686 738 741 nibus
760 727 776 753 ,
807 681 1246 753 depellendisque
1278 675 1649 750 ingruentibus
1674 673 1930 747 periculis
1956 671 2167 727 tereba-

582 787 687 832 tur.
717 777 769 831 5.
823 774 1075 842 Quoniam
1118 773 1249 826 sicut
1295 768 1557 825 abundant
1603 767 1791 823 Christi
1824 765 2083 836 passiones
2111 762 2164 816 in

578 867 740 933 nobis,
764 867 833 919 ita
853 866 1004 918 etiam
1027 879 1116 933 per
1133 860 1390 918 Christum
1412 859 1638 914 abundat
1669 857 1950 911 consolatio
1971 863 2161 909 nostra.

577 957 787 1011 Etenim
839 971 907 1010 ne
965 954 1351 1023 discipulorum
1396 951 1606 1007 animos
1656 948 1991 1005 calamitates
2038 959 2164 1000 suas

577 1048 803 1104 nimium
830 1045 1206 1118 exaggerando
1235 1050 1612 1100 consternaret
1631 1082 1647 1108 ,
1675 1039 1910 1097 ostendit
1951 1051 2164 1094 rursum

575 1143 847 1213 ingentem
875 1155 1088 1212 quoque
1115 1136 1504 1195 consolationis
1531 1135 1744 1208 copiam
1784 1147 1907 1189 esse
1935 1150 1950 1188 :
1979 1131 2162 1202 sicque

575 1233 786 1288 animos
814 1246 999 1287 eorum
1027 1231 1203 1302 erigit.
1229 1227 1416 1299 Neque
1446 1226 1550 1282 hac
1576 1235 1780 1282 tantum
1803 1223 2034 1290 ratione,
2066 1219 2163 1277 sed

575 1341 644 1381 eo
688 1325 885 1387 etiam,
937 1321 1078 1393 quod
1108 1336 1202 1376 eos
1233 1318 1434 1377 Christi
1485 1317 1839 1382 submoneat,
1892 1315 2164 1384 ipsiusque

574 1418 856 1488 passiones
909 1428 1032 1469 esse
1075 1421 1324 1467 asserat:
1358 1419 1518 1479 atque
1563 1417 1691 1463 ante
1737 1405 2160 1461 consolationem

574 1510 642 1564 ab
671 1508 799 1579 ipsis
823 1520 1037 1577 queque
1064 1502 1457 1560 calamitatibus
1481 1499 1903 1556 consolationem
1935 1495 2157 1551 inducit.

571 1603 708 1672 Quid
751 1602 893 1656 enim
925 1599 1139 1654 suavius
1184 1611 1248 1652 ac
1285 1593 1611 1666 jucundius,
1657 1608 1818 1663 quam
1847 1607 1931 1646 me
1957 1589 2162 1647 Christi

571 1695 777 1751 socium
805 1691 978 1756 effici,
1008 1699 1169 1760 atque
1199 1688 1364 1760 ipsius
1402 1701 1563 1743 causa
1591 1685 1706 1740 hac
1731 1681 1977 1754 perpeti?
2021 1680 2161 1751 Quid

573 1803 694 1843 cum
728 1785 827 1840 hac
855 1782 1222 1839 consolatione
1246 1777 1714 1850 comparandum?
1743 1774 1853 1832 Nec
1876 1788 2006 1830 vero
2036 1772 2162 1828 hinc

574 1890 813 1943 tantum,
844 1875 940 1932 sed
981 1873 1206 1929 aliunde
1253 1886 1468 1942 quoque
1494 1884 1715 1936 eorum,
1763 1866 1856 1939 qui
1883 1864 2160 1921 calamita-

573 1973 715 2028 tibus
757 1969 1167 2034 conﬂictantur,
1217 1964 1429 2021 animos
1471 1962 1688 2018 attollit.
1739 1960 1894 2017 Unde
1926 1958 2157 2014 tandem

569 2062 829 2120 aliunde?
878 2062 1012 2118 llinc
1063 2074 1292 2131 nempe,
1344 2057 1490 2129 quod
1537 2057 1646 2124 ait,
1703 2054 1998 2110 Abundant.
2040 2053 2158 2109 Non

571 2157 717 2214 enim
747 2154 917 2222 dixit,
949 2150 1414 2220 Quemadmodum
1459 2146 1658 2204 Christi
1690 2148 1970 2219 passiones
2004 2147 2161 2202 nobis

519 2236 542 2259 ’
572 2248 861 2320 ingruunt,
907 2245 1037 2311 sed,
1088 2244 1234 2299 Sicut
1277 2240 1562 2296 abundant.
1591 2239 1797 2308 Quibus
1825 2239 2001 2295 verbis
2030 2239 2158 2294 illud

570 2338 838 2405 ostendit,
867 2335 1010 2408 quod
1054 2350 1160 2390 non
1210 2332 1372 2388 modo
1417 2332 1560 2387 illius
1604 2331 1905 2399 cruciatus,
1951 2329 2048 2386 sed
2076 2331 2161 2386 his

570 2445 783 2501 quoque
840 2429 1018 2499 plures
1066 2424 1364 2498 perferant.
1421 2422 1536 2479 Non
1585 2423 1772 2489 enim,
1830 2423 2036 2494 inquit,
2093 2437 2157 2479 ea

572 2522 979 2586 tantummodo,
1011 2536 1131 2592 qua:
1161 2520 1276 2590 ipse
1306 2533 1496 2590 passus
1523 2525 1637 2583 est,
1683 2516 1994 2586 pertulimus
2016 2557 2030 2582 ,
2060 2531 2161 2572 ve-

567 2630 686 2670 rum
716 2614 801 2669 his
819 2612 978 2669 etiam
1001 2611 1284 2682 ampliora.
1311 2608 1400 2665 Sic
1422 2608 1567 2665 enim
1588 2607 1872 2664 considera
1901 2624 1913 2662 :
1939 2617 2162 2664 vexatus

567 2716 689 2774 est,
742 2704 1209 2778 persequutionem
1267 2715 1455 2773 passus
1504 2709 1588 2757 est
1632 2699 1881 2756 Christus
1909 2740 1925 2765 ,
1980 2698 2161 2770 ﬂagris

566 2814 740 2855 cmsus
769 2806 853 2854 est
872 2837 887 2862 ,
934 2804 1180 2851 mortuus
1207 2801 1311 2849 est.
1341 2793 1410 2847 At
1439 2807 1540 2848 nos
1562 2832 1579 2860 ,
1625 2792 1800 2862 inquit
1825 2833 1842 2861 ,
1893 2790 1979 2848 his
2007 2792 2160 2862 plura

569 2891 841 2964 patimur:
869 2887 1014 2960 quod
1057 2886 1276 2958 quidem
1301 2885 1388 2941 vel
1416 2884 1592 2940 solum
1621 2883 1689 2940 ad
1731 2884 2160 2942 consolationem

569 2984 701 3042 satis
727 2998 850 3038 esse
879 2989 1060 3052 queat.
1088 2978 1198 3034 Nec
1225 2978 1507 3049 quisquam
1535 2975 1679 3033 hunc
1714 2992 2022 3032 sermonem
2066 2991 2156 3032 ar-

569 3075 826 3148 rogantia:
869 3088 933 3130 ac
973 3071 1290 3127 temeritatis
1333 3069 1552 3125 damnet
1585 3087 1600 3125 :
1633 3084 1758 3124 nam
1807 3078 1862 3125 et
1905 3069 2011 3124 alio
2039 3069 2161 3126 loco

569 3167 686 3220 ait:
723 3164 877 3219 Nunc
922 3162 1118 3235 gaudeo
1146 3165 1198 3215 in
1242 3159 1563 3232 passionibus
1610 3160 1773 3227 meis,
1821 3170 1972 3231 atque
1995 3162 2162 3216 adim-

571 3259 685 3329 plco
727 3273 789 3312 ea
815 3271 927 3328 qua:
965 3253 1146 3309 desunt
1187 3249 1508 3325 passionibus
1549 3251 1737 3307 Citriin
1765 3254 1818 3308 in
1865 3271 2019 3309 carne
2051 3271 2163 3310 mea

570 3349 809 3422 (Coloss.
841 3348 892 3404 ί.
921 3347 956 3403 4
983 3346 1028 3417 ).
1061 3340 1130 3400 At
1156 3354 1404 3400 neutrum
1436 3343 1628 3400 horum
1659 3345 1977 3402 temeritatis
2001 3346 2162 3403 ullius

566 3454 625 3499 et
658 3443 976 3514 arrogantia:
1001 3449 1102 3497 est.
1127 3439 1270 3497 Sicut
1300 3438 1442 3495 enim
1470 3437 1716 3508 discipuli
1749 3439 1973 3509 majora,
2002 3455 2162 3510 quam

572 3539 718 3608 ipse,
765 3535 1016 3591 miracula
1071 3534 1352 3599 fecerunt;
1412 3531 1513 3600 Qui
1565 3534 1699 3588 enim
1741 3534 1902 3588 credit
1949 3533 2004 3589 in
2046 3551 2160 3602 me,

572 3629 765 3699 inquit,
789 3629 988 3698 majora
1009 3626 1087 3681 his
1107 3627 1261 3698 faciet
1287 3624 1467 3700 (Joan.
1488 3626 1578 3681 Μ.
1603 3625 1729 3698 12);
1776 3635 1949 3683 totum
1978 3635 2162 3684 autem

573 3721 670 3791 ipsi
691 3719 1033 3785 adscribitur,
1051 3718 1210 3790 quiin
1231 3717 1361 3788 ipsis
1379 3713 1735 3788 operabatur:
1755 3718 1833 3774 sic
1855 3719 2014 3775 etiam
2041 3720 2162 3790 plu-

572 3831 650 3880 ra,
669 3829 830 3885 quam
862 3814 994 3881 ipse,
1018 3811 1259 3882 perpessi
1287 3820 1453 3878 sunt;
1481 3820 1536 3865 at
1559 3811 1874 3865 universum
1905 3810 2008 3866 hoc
2038 3794 2162 3866 rur-

572 3921 666 3960 sus
687 3904 788 3974 ipsi
811 3903 1046 3959 adscribi
1063 3902 1243 3967 debet,
1261 3902 1352 3974 qui
1372 3915 1467 3958 eos
1487 3900 1892 3969 consolabatur,
1913 3912 2072 3974 atque
2090 3905 2163 3959 ita

570 3999 940 4071 comparabat,
953 4007 1012 4053 ut
1022 3997 1324 4067 ingruentia
1345 3996 1487 4051 mala
1503 3994 1626 4051 forti
1647 3997 1826 4052 animo
1839 3995 2158 4066 perferrent.

644 4093 701 4148 ι.
741 4090 896 4148 Unde
925 4091 1088 4145 etiam
1117 4089 1334 4156 Paulus,
1361 4102 1520 4158 quam
1546 4088 1759 4144 excelse
1784 4087 2038 4158 loquutus
2067 4102 2160 4143 es-

573 4195 679 4251 set,
709 4197 1041 4255 agnoscens,
1073 4180 1197 4236 vide
1225 4179 1496 4252 quomodo
1524 4180 1627 4236 hoc
1655 4193 1842 4235 rursus
1870 4179 1954 4235 bis
1983 4178 2165 4235 verbis

576 4281 802 4349 mitiget,
822 4278 848 4331 1
858 4289 910 4332 ta
938 4285 982 4331 et
1009 4293 1099 4347 per
1120 4274 1378 4330 Christum
1403 4273 1628 4328 abundat
1653 4273 1934 4328 consolatio
1964 4281 2165 4340 nostra:

573 4383 744 4428 totum
776 4373 876 4427 hoc
913 4379 1190 4439 acceptum
1217 4368 1294 4422 illi
1318 4365 1582 4434 referens,
1613 4375 1776 4437 atque
1806 4366 1974 4437 ipsius
2004 4366 2162 4422 beni-

573 4465 833 4538 gnitatem
874 4460 1190 4534 praedicans.
1220 4457 1341 4515 Non
1372 4458 1537 4523 enim,
1571 4457 1764 4528 inquit,
1793 4467 1991 4527 quanta
2021 4457 2164 4512 cala-

535 4561 801 4624 amitate,
850 4563 994 4611 tanta
1049 4567 1263 4623 quoque
1297 4551 1663 4606 consolatione
1713 4549 2012 4617 afficimur,
2066 4549 2163 4606 sed

573 4652 746 4709 multo
771 4649 992 4718 majore.
1037 4647 1221 4717 Neque
1248 4647 1392 4700 enim
1419 4645 1569 4711 dixit,
1599 4643 1910 4700 Consolatio
1939 4643 2163 4700 calami-

577 4752 716 4798 tates
745 4748 942 4811 aequat,
970 4737 1088 4806 sed,
1121 4737 1358 4792 Abundat
1377 4737 1692 4801 consolatio;
1714 4735 1786 4791 ita
1825 4743 1887 4790 ut
1908 4736 2163 4792 certami-

579 4849 704 4890 num
734 4841 946 4904 tempus
963 4873 978 4896 ,
1007 4831 1231 4886 aliarum
1258 4843 1444 4884 rursus
1486 4839 1807 4909 coronarum
1833 4833 2044 4897 tempus
2068 4826 2159 4882 sit.

574 4927 713 4996 Quid
730 4924 896 4993 enim,
914 4938 1118 4994 quaeso,
1143 4931 1250 4978 tam
1269 4921 1508 4994 amplum
1537 4934 1602 4976 ac
1641 4919 1978 4991 praclarum,
2002 4936 2160 4992 quam

575 5019 648 5073 ob
666 5016 936 5072 Christmn
961 5015 1143 5088 ﬂagris
1161 5013 1318 5082 cadi,
1339 5022 1538 5070 etcum
1563 5011 1674 5068 Deo
1702 5011 1954 5084 colloqui,
1983 5013 2162 5069 omni-

577 5112 784 5180 busque
813 5109 1010 5165 robore
1043 5116 1324 5180 prmstare,
1353 5119 1419 5162 ac
1455 5115 1868 5177 persequutores
1907 5104 2157 5173 vincere,

578 5217 752 5274 neque
775 5201 843 5256 ab
870 5201 1123 5256 universo
1147 5205 1414 5254 terrarum
1438 5196 1570 5252 orbe
1595 5195 1766 5267 subigi
1789 5206 1840 5252 et
1869 5196 2163 5270 expugnari

576 5309 760 5368 posse,
788 5303 948 5365 atque
965 5290 1233 5364 ejusmodi
1252 5291 1392 5348 bona
1421 5291 1544 5347 hinc
1563 5301 1899 5362 exspectare,
1921 5307 2041 5362 quae
2063 5307 2163 5348 nec

575 5386 763 5442 oculus
792 5384 926 5440 vidit
946 5423 964 5450 ,
997 5397 1098 5438 nec
1145 5381 1293 5437 auris
1315 5379 1556 5445 audivit,
1589 5396 1690 5436 nec
1730 5383 1784 5436 in
1811 5398 1906 5436 cor
1930 5383 2162 5438 hominis

575 5475 969 5534 ascenderunt?
987 5474 1116 5546 quid
1137 5482 1243 5530 tam
1270 5474 1563 5544 egregium,
1581 5488 1739 5543 quam
1765 5473 1979 5544 pietatis
2003 5487 2163 5528 causa

580 5572 772 5642 premi,
812 5578 971 5638 atque
1013 5568 1306 5624 innumeris
1361 5568 1454 5624 Dei
1503 5567 1966 5624 consolationibus
2014 5567 2160 5635 frui,

577 5678 640 5720 ac
681 5672 763 5718 tot
800 5663 1072 5732 tantisque
1099 5661 1333 5732 peccatis
1358 5659 1607 5726 liberari,
1649 5667 1706 5714 et
1732 5659 1937 5729 Spiritu
1974 5667 2162 5715 sancto

575 5765 633 5810 et
676 5755 963 5810 sanctitate
1001 5761 1161 5825 atque
1206 5752 1407 5822 iustitia
1452 5752 1661 5818 donari,
1695 5765 1793 5806 nec
1839 5766 2160 5822 quemquam

580 5853 816 5901 metuere
844 5859 907 5906 ac
933 5847 1368 5918 perhorrescere,
1401 5851 1561 5915 atque
1590 5844 1642 5898 in
1673 5842 1916 5914 ipsismet
1944 5842 2156 5914 pericu-

1292 379 1348 438 S.
1387 375 1665 436 JOANNIS
1699 369 2171 433 CHRYSOSTOMI
2208 367 2527 425 ARCHIEP.
2565 367 3098 428 CONSTANTINOP.

3757 375 3853 430 $88

2274 481 2342 538 lis
2383 484 2572 555 quovis
2609 483 3032 554 splendidiorem
3075 482 3288 542 videri?
3314 484 3392 542 Ne
3415 484 3576 557 igitur
3603 487 3660 543 in
3688 497 3856 546 tenta-

2271 575 2506 632 tionibus
2549 577 2730 633 animo
2779 577 3114 648 dejiciamur.
3136 577 3307 635 Nemo
3334 580 3481 635 enim
3509 580 3723 637 deliciis
3749 592 3855 637 stu-

2270 666 2405 724 dens
2421 679 2476 725 et
2495 669 2769 725 dormiens
2788 684 2852 726 ac
2869 669 3151 741 languens,
3165 686 3287 726 cum
3305 671 3522 730 Christo
3543 675 3856 732 societatem

2271 760 2464 829 habet;
2493 777 2652 818 nemo
2671 777 2882 828 eorum,
2909 763 3000 835 qui
3031 763 3264 820 molliter
3289 780 3352 822 ac
3379 769 3605 824 remisse
3631 769 3857 830 vivunt:

2271 872 2454 913 verum
2477 858 2522 914 is
2551 857 2765 915 demum
2794 859 2870 915 illi
2892 860 3100 916 vicinus
3125 870 3226 928 est,
3259 861 3346 932 qui
3376 860 3430 916 in
3460 863 3770 919 calamitate
3795 880 3858 922 ac

2272 949 2566 1005 tentatione
2595 961 2878 1016 versatur,
2923 958 3084 1021 atque
3124 961 3331 1008 arctum
3379 953 3504 1008 vitae
3557 955 3660 1010 lter
3690 965 3854 1013 tenet.

2268 1039 2400 1096 Nam
2432 1041 2546 1112 ipse
2584 1058 2796 1114 quoque
2842 1041 2943 1097 hac
2968 1043 3050 1098 via
3079 1043 3296 1100 incessit
3323 1061 3336 1099 :
3368 1059 3596 1115 eamque
3626 1046 3698 1101 ob
3726 1063 3854 1102 cau-

2268 1147 2382 1189 sam
2404 1132 2635 1199 dicebat,
2655 1133 2822 1189 Filius
2838 1134 3057 1190 hominis
3077 1151 3176 1189 non
3199 1135 3344 1189 habet
3369 1136 3454 1190 ubi
3473 1147 3627 1209 caput
3650 1140 3859 1208 reclinet

2269 1223 2483 1298 (Matth.
2514 1225 2569 1279 8.
2604 1224 2719 1298 20).

2340 1314 2406 1372 In
2434 1317 2805 1373 calamitatibus
2833 1319 3083 1391 quomodo
3122 1320 3390 1390 agendum.
3422 1352 3493 1364 —
3525 1321 3762 1380 Proinde
3791 1340 3860 1381 ne

2266 1402 2456 1463 animo.
2473 1408 2815 1466 discrucieris
2839 1451 2854 1473 ,
2881 1425 3003 1466 cum
3027 1409 3332 1468 calamitate
3357 1415 3621 1484 premeris
3639 1454 3655 1480 ,
3684 1416 3861 1470 anim-

2265 1500 2557 1558 advertens
2583 1501 2668 1557 cui
2693 1503 3078 1566 communices.
3100 1512 3152 1559 et
3180 1519 3411 1575 quonam
3436 1505 3595 1562 modo
3622 1522 3719 1578 per
3746 1515 3862 1564 teu-

2266 1594 2495 1650 tationes
2523 1595 2789 1650 scelerum
2841 1594 3076 1651 maculas
3114 1596 3300 1664 cluas,
3333 1609 3698 1672 quantumque
3728 1602 3861 1658 inde

2267 1684 2497 1743 fructum
2527 1687 2748 1744 referas.
2778 1687 2920 1744 Nihil
2942 1691 3086 1746 enim
3116 1690 3260 1746 aliud
3297 1707 3459 1763 grave
3499 1704 3658 1764 atque
3697 1711 3859 1752 acer-

2267 1776 2392 1832 bum
2422 1789 2542 1847 est,
2575 1796 2733 1850 quam
2782 1780 2833 1835 in
2881 1782 2974 1838 Dei
3017 1782 3366 1839 oﬂ'ensionem
3421 1784 3713 1844 incurrere.
3743 1789 3864 1845 Hoc

2266 1862 2498 1931 sublato,
2527 1879 2634 1920 non
2676 1865 2916 1932 afﬂictio,
2947 1883 3052 1922 non
3082 1867 3286 1924 insidia:
3316 1911 3331 1933 ,
3361 1884 3468 1924 non
3509 1871 3653 1927 aliud
3699 1874 3862 1944 quid-

2267 1968 2424 2024 quam
2468 1955 2789 2027 prudentem
2837 1959 3069 2014 animatn
3121 1961 3362 2016 molestia
3407 1962 3625 2020 aﬂicere
3666 1975 3857 2036 queat.

2267 2046 2404 2115 Quin
2438 2049 2633 2118 potius,
2653 2050 3106 2121 quemadmodum
3137 2053 3182 2108 si
3210 2054 3458 2125 exiguam
3481 2055 3773 2114 scintillam
3804 2060 3863 2115 in

2264 2158 2519 2216 magnum
2550 2146 2768 2218 pelagus
2808 2146 3033 2216 injicias,
3061 2163 3178 2203 eam
3208 2149 3453 2219 protinus
3478 2151 3810 2207 exstinxeris
3847 2172 3860 2208 :

2262 2241 2454 2299 eodem
2484 2239 2643 2297 modo
2671 2240 2914 2296 molestia
2943 2234 3138 2306 omnis,
3172 2243 3465 2313 quamlibet
3487 2244 3697 2316 ingens.
3726 2247 3772 2302 si
3805 2247 3861 2303 in

2264 2329 2504 2387 animum
2531 2333 2668 2388 bene
2692 2332 2794 2387 sibi
2815 2333 3088 2388 conscium
3117 2333 3382 2398 inciderit,
3401 2336 3682 2391 confestim
3717 2341 3862 2408 perit

2263 2431 2319 2479 et
2363 2424 2656 2479 evanescit.
2688 2423 2813 2479 Ideo
2857 2423 3053 2480 Paulus
3099 2425 3260 2480 etiam
3309 2441 3523 2497 semper
3561 2428 3858 2500 gaudebat,

2263 2515 2694 2586 quandoquidem
2745 2514 2798 2570 in
2847 2515 2913 2571 iis
2956 2516 3296 2589 rebus,qua:
3349 2519 3546 2575 divinae
3591 2521 3858 2579 voluntati

2262 2617 2641 2664 consentaneas
2687 2615 2881 2676 erant,
2922 2607 3176 2666 fidentem
3217 2610 3456 2667 animum
3500 2614 3767 2684 gerebat;
3799 2631 3860 2671 ac

2265 2705 2342 2753 tot
2381 2698 2519 2754 mala
2571 2714 2641 2754 ne
2680 2698 2896 2770 quidem
2941 2701 3240 2768 sentiebat,
3264 2718 3449 2758 verum
3479 2706 3735 2775 quamvis
3761 2750 3777 2775 ,
3807 2718 3859 2764 ut

2264 2790 2449 2856 homo,
2477 2791 2663 2849 dolore
2693 2803 3022 2863 tangeretur,
3049 2810 3156 2850 non
3187 2807 3362 2851 tamen
3390 2797 3570 2853 animo
3594 2801 3857 2858 concide-

2264 2884 2373 2942 bat.
2395 2886 2487 2941 διο
2528 2887 2830 2958 patriarcha
2848 2903 3061 2959 quoque
3095 2888 3186 2944 ille
3216 2889 3268 2944 in
3297 2889 3494 2961 gaudio
3515 2892 3856 2962 versabatur,

2265 2981 2476 3036 tametsi
2503 2981 2690 3052 gravia
2721 2986 2884 3036 multa
2905 2982 3216 3038 sustineret.
3245 2981 3336 3038 Sic
3361 2983 3504 3038 enim
3535 2986 3814 3055 perpende
3841 3005 3855 3041 :

2263 3072 2434 3142 patria
2481 3071 2719 3137 excidit,
2745 3072 2930 3144 longas
2987 3089 3050 3129 ac
3094 3074 3348 3130 molestas
3394 3075 3854 3148 peregrinationes

2263 3163 2464 3230 subiit;
2493 3173 2678 3234 atque,
2709 3179 2830 3219 cum
2883 3164 2954 3226 in.
2986 3163 3216 3220 alienam
3268 3165 3542 3237 regionem
3591 3169 3849 3236 venisset,

2263 3269 2332 3310 ne
2357 3254 2510 3327 pedis
2534 3254 2752 3326 quidem
2777 3256 3060 3327 vestigium
3083 3256 3331 3313 habebat.
3354 3257 3490 3314 Hinc
3519 3275 3710 3316 rursus
3735 3276 3855 3317 eum

2265 3345 2436 3404 fames
2459 3349 2691 3416 excepit,
2720 3363 2784 3403 ac
2810 3348 2982 3404 solum
3012 3359 3226 3405 vertere
3267 3351 3479 3422 coegit;
3511 3350 3712 3407 famem
3739 3369 3862 3409 rur-

2265 3455 2381 3498 sum
2413 3442 2595 3497 uxoris
2634 3442 2843 3511 ereptio
2883 3452 3107 3513 sequuta
3134 3451 3256 3509 est,
3288 3457 3354 3498 ac
3380 3443 3563 3498 mortis
3593 3453 3782 3500 metus
3811 3456 3867 3502 et

2265 3535 2520 3590 sterilitas
2543 3542 2598 3589 et
2617 3532 2816 3588 bellum
2846 3542 2900 3587 et
2923 3533 3158 3604 pericula
3179 3542 3234 3589 et
3259 3532 3482 3602 insidiae,
3504 3547 3565 3588 ac
3587 3533 3864 3606 denique,

2265 3626 2407 3697 quod
2424 3641 2784 3682 terumnarutn
2806 3636 2967 3696 caput
2987 3633 3121 3693 erat,
3147 3626 3404 3698 unigeniti
3421 3637 3475 3682 et
3488 3627 3598 3682 cari
3619 3627 3721 3682 filii
3746 3645 3868 3685 ma-

2265 3717 2454 3786 ctatio,
2478 3718 2588 3787 illa,
2616 3717 2854 3789 inquam,
2873 3718 3278 3774 acerbissimum
3297 3729 3458 3789 atque
3485 3717 3865 3778 immedicabi-

2265 3810 2370 3868 lem
2389 3811 2630 3868 dolorem
2653 3811 2905 3867 aﬂ‘erens.
2928 3810 3109 3882 Neque
3129 3813 3272 3867 enim
3294 3812 3587 3880 existimes,
3603 3817 3864 3886 quoniam

2266 3916 2516 3981 prompto
2536 3921 2600 3962 ac
2622 3905 2808 3961 libenti
2834 3905 3016 3960 animo
3038 3903 3151 3960 Deo
3179 3904 3371 3976 paruit,
3387 3905 3588 3961 idcirco
3609 3906 3750 3962 citra
3780 3909 3865 3965 ul-

2266 3997 2378 4053 lum
2399 3995 2601 4054 doloris
2622 4010 2841 4051 sensum
2865 3995 2951 4050 illa
2972 3995 3151 4051 omnia
3179 3995 3482 4067 pertulisse.
3507 3996 3640 4052 Nam
3665 3999 3864 4054 etiam-

2265 4092 2312 4148 si
2345 4091 2544 4148 millies
2565 4090 2746 4161 justus
2771 4087 2977 4153 fuisset,
3009 4098 3066 4144 ut
3092 4104 3279 4145 revera
3317 4098 3454 4156 erat,
3482 4097 3664 4146 tamen
3697 4092 3865 4147 homo

2267 4193 2404 4253 erat,
2433 4200 2605 4257 eaque
2651 4199 2771 4255 qua:
2817 4193 3005 4239 natura
3035 4185 3178 4251 fert,
3203 4182 3524 4253 patiebatur.
3557 4185 3629 4239 At
3677 4185 3861 4255 ipsum

2269 4287 2445 4334 tamen
2468 4276 2600 4332 nihil
2629 4275 2818 4331 horum
2849 4276 3113 4346 perculit;
3142 4274 3234 4330 sed
3265 4275 3416 4330 fortis
3442 4274 3663 4331 athleta:
3691 4277 3866 4333 instar

2266 4370 2527 4438 constitit,
2558 4378 2717 4440 atque
2748 4371 2800 4424 in
2829 4383 2934 4423 uno
2956 4383 3168 4440 quoque
3198 4367 3387 4423 borum
3427 4367 3708 4423 victoriam
3733 4371 3863 4425 ade-

2268 4470 2388 4534 ptus
2415 4469 2520 4516 est.
2545 4459 2628 4516 Ad
2655 4459 2904 4517 eumdem
2933 4459 3148 4516 modum
3176 4459 3360 4514 beatus
3387 4475 3602 4531 quoque
3634 4461 3857 4527 Paulus,

2265 4569 2387 4610 cum
2408 4551 2715 4624 frequentes
2729 4551 3050 4608 afﬂictiones
3068 4552 3306 4622 quolibet
3325 4551 3410 4607 die
3432 4553 3484 4607 in
3507 4567 3566 4608 se
3587 4555 3861 4609 irruentes

2268 4644 2618 4717 perspiceret,
2644 4643 2784 4699 haud
2815 4659 2970 4700 secus
2996 4658 3060 4700 ac
3083 4643 3128 4698 si
3159 4643 3210 4698 in
3257 4643 3437 4698 medio
3467 4645 3724 4714 paradiso
3767 4646 3861 4700 de-

2265 4746 2436 4808 geret,
2468 4736 2538 4792 ita
2579 4735 2843 4806 gaudebat
2888 4743 2943 4790 et
2993 4733 3311 4790 exsultabat.
3336 4733 3407 4792 Ut
3447 4736 3608 4806 igitur
3650 4736 3695 4793 is
3719 4779 3734 4804 ,
3768 4737 3854 4806 qui

2268 4827 2570 4898 hujusmodi
2598 4825 2794 4898 gaudio
2817 4824 3031 4892 fruitur,
3059 4840 3088 4879 a
3116 4841 3350 4881 maerore
3399 4827 3563 4897 arripi
3612 4844 3721 4882 non
3763 4843 3859 4899 po-

2268 4924 2372 4970 test
2402 4931 2416 4969 :
2449 4913 2527 4968 sic
2546 4913 2637 4984 qui
2665 4910 2793 4967 illud
2823 4911 3042 4966 minime
3071 4912 3350 4982 amplexus
3388 4923 3490 4979 est,
3518 4928 3548 4967 a
3579 4915 3866 4984 quibusvis

2267 5005 2431 5076 arripi
2461 5014 2516 5060 et
2543 5004 2833 5075 expugnari
2862 5013 3038 5075 potest
3072 5017 3085 5058 :
3110 5020 3173 5059 ac
3212 5003 3437 5075 perinde
3465 5007 3514 5062 ei
3543 5007 3771 5076 accidit,
3806 5018 3869 5065 ut

2267 5099 2317 5156 ei
2343 5099 2432 5170 qui
2461 5094 2818 5153 imbecillibus
2854 5095 3020 5152 armis
3046 5096 3336 5153 instructus
3363 5109 3465 5162 est,
3489 5115 3554 5155 ac
3579 5101 3666 5156 vel
3697 5101 3864 5158 levis-

2267 5193 2404 5246 simo
2429 5191 2534 5245 ictu
2561 5190 2860 5256 sauciatur;
2883 5205 3003 5244 cum
3030 5199 3216 5245 contra
3241 5190 3288 5247 is
3307 5192 3398 5262 qui
3425 5193 3592 5264 probe
3617 5194 3871 5265 nudique

2266 5290 2505 5338 armatus
2530 5289 2634 5347 est,
2659 5280 2960 5353 ingruentia
2988 5282 3166 5338 omnia
3191 5283 3296 5338 tela
3326 5285 3615 5356 propulset.
3636 5285 3868 5344 Etenim

2263 5371 2544 5446 quibusvis
2568 5372 2731 5428 armis
2755 5370 2963 5428 firmior
2989 5387 3055 5428 ac
3079 5375 3347 5430 valentior
3385 5385 3466 5431 est
3491 5377 3743 5448 voluptas
3773 5395 3871 5446 ea,

2266 5481 2386 5538 quae
2410 5464 2704 5522 secundum
2737 5465 2904 5522 Deum
2938 5465 3270 5537 percipitur:
3303 5484 3404 5525 nec
3427 5469 3714 5540 quidquam
3750 5484 3876 5539 εει,

2267 5560 2410 5631 quod
2432 5559 2738 5631 hujusmodi
2757 5560 2928 5615 virum
2954 5559 3011 5616 i'n
3037 5562 3304 5617 tristitiam
3331 5577 3396 5619 ac
3422 5577 3708 5621 mererem
3734 5580 3870 5621 con-

2263 5653 2433 5724 jicere
2460 5662 2657 5724 queat,
2690 5668 2873 5707 verum
2913 5654 3092 5708 omnia
3122 5653 3243 5708 forti
3289 5669 3352 5709 ac
3381 5671 3645 5727 generoso
3673 5657 3874 5713 animo

2269 5745 2487 5818 perfert.
2518 5743 2654 5812 Quid
2679 5743 2822 5798 enim
2848 5744 2971 5815 igne
2995 5745 3208 5816 gravius
3228 5747 3254 5800 ἳ
3276 5745 3400 5818 quid
3428 5748 3699 5818 perpetuis
3739 5762 3878 5804 cru-

2273 5841 2503 5899 ciatibus
2527 5837 2807 5897 acerbius?
2843 5837 2975 5895 Nam
3014 5848 3070 5897 ut
3105 5838 3266 5896 etiam
3311 5855 3441 5913 opes
3467 5851 3522 5899 et
3549 5840 3777 5910 liberos,
3805 5856 3877 5897 ac
