3998 6408
309 317 414 374 387

303 435 398 491 τοῦ
443 434 683 507 Χριστοῦ
722 434 817 488 καὶ
850 431 1016 488 αὐτοῦ
1051 434 1224 488 εἰπεῖν
1264 428 1404 487 εῖναι
1437 434 1506 488 τά
1545 435 1843 506 παθήματα
1864 452 1879 466 ο

305 531 401 586 καὶ
432 529 542 602 πρὸ
578 531 675 600 τῆς
714 526 1111 598 παρακλήσεως
1143 525 1238 579 ἀπ’
1283 525 1462 580 αὐτῶν
1507 526 1617 581 τῶν
1651 526 1883 596 θλίψεων

305 625 403 695 τὴν
426 621 783 694 παραμυθίαν
828 621 1055 688 εἰσάγει.
1087 617 1153 672 Τί
1189 618 1294 691 γάρ
1327 618 1478 689 ἥδιον
1505 619 1600 672 τοῦ
1632 618 1710 689 τῷ
1744 619 1881 690 Χρι-

305 715 415 787 στῷ
449 731 517 786 με
555 712 800 783 γίνεσθαι
832 710 1108 772 κοινωνὸν,
1152 709 1246 763 καὶ⁵
1274 709 1342 762 δι’
1375 709 1538 763 αὐτὸν
1573 709 1746 762 ταῦτα
1775 710 1881 763 πάσ

303 825 455 880 σχειν
475 823 490 873 ;
513 815 566 860 τι
591 805 794 877 ταύτης
833 805 947 858 ἴσον
972 803 1069 872 τῆς
1094 803 1526 873 παρακλήσεως;
1558 804 1672 856 Οὐκ
1697 804 1880 857 ἐντεῦ-

301 901 391 954 θεν
431 899 489 954 δὲ
539 899 719 970 μόνον,
753 895 888 949 ἀλλά
917 896 1010 949 καὶ
1053 893 1320 965 ἑτέρωθεν
1341 893 1558 964 ἐπαίρει
1587 893 1656 948 τά
1679 895 1880 966 φρονή-

301 1008 451 1063 ματα
495 990 603 1044 τῶν
636 988 988 1059 θλιϐομένων.
1042 986 1213 1040 Πόθεν
1249 985 1546 1057 ἐτέρωθεν;
1609 985 1742 1039 Ἀπὸ
1781 986 1877 1040 τοῦ

297 1085 494 1147 είπετν,
531 1083 612 1136 ὄτι
660 1079 1033 1149 Περισσεύει.
1081 1079 1154 1132 Οὐ
1197 1078 1304 1151 γάρ
1339 1074 1512 1140 εἷπεν,
1562 1079 1642 1132 ὅτι
1679 1078 1878 1144 Καθὼς

296 1179 509 1234 ἔπεισιν
563 1180 694 1250 ⁴ἡμῖν
744 1176 814 1230 τά
865 1175 1167 1246 παθήματα
1229 1174 1324 1228 τοῦ
1379 1174 1654 1246 Χριστοῦ,
1717 1175 1874 1242 ἀλλὰ,

297 1271 502 1336 Καθὼς
523 1270 870 1340 περισσεύει
891 1286 904 1298 ·
928 1267 1140 1332 δεικνὺς
1165 1267 1248 1320 ὅτι
1273 1267 1334 1320 οὐ
1363 1268 1521 1338 μόνον
1552 1267 1619 1320 τὰ
1642 1267 1872 1333 ἐκείνου,

294 1359 430 1414 ἀλλά
468 1359 565 1413 καὶ
603 1358 824 1412 πλείονα
857 1357 1059 1412 τούτων
1091 1357 1424 1428 ὑπομένουσι
1455 1358 1624 1430 πάθη.
1655 1356 1734 1412 Οὐ
1766 1359 1875 1432 γὰρ

291 1452 393 1506 ὅσα
422 1449 611 1514 ἔπαθε,
639 1450 821 1520 φησὶν,
852 1449 1128 1518 ἐπάθομεν
1146 1449 1315 1520 πάθη,
1339 1449 1476 1504 ἀλλά
1503 1451 1597 1504 καὶ
1613 1453 1870 1523 περισσά.

293 1543 496 1596 Σκόπει
516 1541 573 1595 δέ
596 1559 612 1574 ·
655 1541 880 1611 Ἠλάθη,
912 1541 1144 1614 ἐδιώχθη
1168 1544 1196 1596 6
1221 1543 1476 1614 Χριστὸς,
1500 1544 1870 1617 ἐμαστιγώθη,

290 1637 584 1690 ἀπέθανεν.
637 1635 774 1688 Ἀλλ’
801 1637 962 1706 ἡμεῖς
1005 1636 1168 1690 πλέον
1220 1635 1447 1702 τούτων,
1493 1636 1696 1709 φησίνο
1735 1639 1873 1710 ὅπερ

289 1725 387 1780 καὶ
425 1728 586 1796 μόνον
633 1725 816 1779 ίκανὸν
857 1727 938 1788 εἰς
985 1727 1340 1798 παραμυθίαν
1377 1729 1650 1799 ἀρκέσειε.
1711 1728 1871 1785 Ἀλλά

290 1819 484 1890 μηδεὶς
531 1818 735 1889 τόλμαν
786 1819 1249 1886 καταγινωσκέτω
1289 1819 1384 1873 τοῦ
1410 1820 1606 1889 λόγουο
1642 1821 1869 1892 καὶγὰρ

285 1909 386 1963 καὶ⁵
429 1908 663 1979 ἀλλαχοῦ
710 1899 863 1978 φησιλ
897 1907 1030 1962 Νῦν
1058 1909 1243 1976 χαίρω
1287 1909 1358 1962 ἐν
1396 1911 1520 1976 τοῖς
1559 1911 1872 1980 παθήμασί

277 2019 424 2072 μου,
458 2001 556 2056 καί
588 1998 1030 2069 ἀνταναπληρῶ
1065 2003 1136 2055 τὰ
1180 2001 1565 2072 ὑστερήματα
1595 2003 1713 2056 τῶν
1742 2007 1870 2058 θλί-

279 2094 454 2161 ψεων
500 2091 606 2144 τοῦ
651 2088 906 2157 Χριστοῦ
949 2090 1019 2142 ἐν
1049 2088 1125 2158 τῇ
1157 2092 1338 2158 σαρκί
1355 2109 1497 2161 μου.
1546 2092 1686 2145 Ἀλλ’
1719 2093 1868 2148 οὐδέ-

277 2200 443 2254 τερον
493 2183 696 2253 τόλμης
747 2182 869 2235 οὐδὲ
915 2182 1176 2246 ἀπονοίας
1218 2185 1381 2248 τινός.
1437 2185 1705 2256 Καθάπερ
1757 2187 1865 2258 γάρ

282 2275 512 2346 μείζονα
535 2275 700 2328 αὐτοῦ
721 2275 1051 2347 εἰργάσαντο
1072 2279 1274 2346 σημεῖα
1295 2277 1392 2346 ('0
1411 2276 1520 2348 γὰρ
1541 2279 1863 2344 πιστεύων,

278 2367 475 2438 φησὶν,
516 2368 603 2432 είς
645 2366 771 2436 ἐμὲ,
817 2365 1059 2435 μεῖζὸν-α
1117 2369 1344 2422 τούτων
1390 2369 1678 2438 ποιήσει),
1709 2372 1769 2425 τὸ
1807 2372 1864 2426 δὲ

278 2460 394 2512 πᾶν
429 2457 595 2511 αὐτοῦ
637 2457 846 2526 γίνεται
884 2457 979 2511 τοῦ
1007 2460 1356 2530 ἐνεργοῦντος
1385 2461 1443 2514 ἐν
1473 2462 1688 2526 αὐτοῖς’
1721 2461 1863 2517 οῦτω

276 2549 380 2602 καὶ
421 2547 645 2603 πλείονα
687 2547 850 2603 αὐτοῦ
898 2548 1132 2603 ἔπαθονο
1165 2551 1224 2603 τὸ
1253 2550 1311 2604 δὲ
1349 2555 1455 2606 πᾶν
1491 2553 1654 2606 αὐτοῦ
1702 2553 1864 2608 πάλιν

275 2641 403 2694 ἐστὶ
433 2640 529 2694 τοῦ
562 2640 1006 2713 παρακαλοῦντος
1038 2642 1255 2708 αὐτοὺς,
1287 2643 1382 2698 καὶ
1421 2646 1864 2715 παρασκευάζον·-

271 2748 375 2797 τος
403 2731 592 2802 φέρειν
622 2731 692 2785 τά
716 2731 1096 2802 συμπίπτοντα
1129 2733 1298 2787 δεινά.

348 2915 416 2969 δ’.
450 2913 543 2967 Διὸ
569 2912 634 2985 δὴ
675 2913 824 2967 καὶὸ
849 2911 1062 2976 Παῦλος
1104 2911 1426 2983 αἰσθόμενος
1468 2912 1656 2985 ἡλίκον
1701 2915 1861 2985 ἐφθέ-

269 3005 468 3076 γξατο,
483 3006 585 3076 ὅρα
602 3004 720 3068 πῶς
736 3005 868 3059 αὐτὸ
887 3022 949 3058 συ
957 3004 1166 3058 στέλλει
1185 3004 1348 3059 πάλιν
1363 3004 1557 3074 λέγων·
1582 3005 1745 3060 Οὕτω
1761 3006 1862 3061 διὰ

268 3099 388 3155 τοῦ
411 3097 673 3167 Χριστοῦ
703 3099 1053 3168 περισσεύει
1070 3096 1168 3150 καί
1199 3097 1238 3164 ἡ
1259 3094 1644 3166 παράκλησις
1667 3097 1858 3167 ἡμῶν

269 3190 378 3244 καὶ
405 3190 468 3243 τὸ
502 3191 611 3244 πᾶν
642 3188 792 3260 αὐτῷ
820 3189 1115 3254 ἀνατιθεὶς,
1148 3188 1240 3243 καὶ
1271 3188 1664 3260 ἀνακηρύττων
1691 3188 1858 3243 αὐτοῦ

269 3281 381 3336 καὶ
417 3280 666 3335 ἐντεῦθεν
690 3280 789 3352 τὴν
828 3279 1258 3351 φιλανθρωπίαν.
1293 3280 1368 3334 Οὐ
1397 3279 1505 3350 γάρ
1531 3281 1655 3334 ὅσον
1681 3281 1860 3336 θλιϐό-

270 3374 444 3446 μεθα,
483 3374 738 3428 τοσοῦτον
766 3371 1260 3444 παρακαλούμεθα,
1296 3375 1485 3445 φησὶν,
1517 3373 1656 3428 ἀλλά
1679 3373 1858 3446 πολλῷ

266 3467 465 3521 πλέον.
525 3467 599 3520 Οὐ
660 3466 769 3539 γὰρ
822 3462 996 3530 εἶπεν,
1031 3466 1382 3538 Ἀντίρῤοπος
1428 3466 1463 3537 ἡ
1509 3464 1859 3538 παράκλησις

265 3560 384 3614 τῶν
421 3558 784 3630 παθημάτων,
813 3557 965 3631 [425]
997 3558 1154 3621 ἀλλὰ,
1186 3558 1544 3626 Περισσεύει
1593 3561 1632 3624 ἡ
1666 3558 1856 3626 παρά-

266 3654 532 3718 κλησιςο
585 3649 662 3713 ώς
705 3648 798 3703 τὸν
844 3651 1034 3720 καιρὸν
1059 3649 1172 3703 τῶν
1214 3647 1463 3717 ἀγώνων,
1504 3650 1710 3722 ἐτέρων
1737 3667 1857 3703 στει-

266 3743 461 3813 φάνων
491 3742 654 3796 πάλιν
685 3739 825 3796 εἶναι
875 3743 1086 3816 καιρόν.
1138 3741 1204 3796 Τί
1250 3741 1357 3814 γὰρ
1409 3742 1542 3806 ἴσον,
1570 3743 1691 3796 είπέ
1740 3761 1853 3813 μοι,

265 3836 369 3891 τοῦ
394 3835 487 3890 διά
513 3835 602 3889 τὸν
643 3835 880 3907 Χριστὸν
909 3833 1293 3907 μαστίζεσθαι,
1334 3835 1430 3886 καὶ
1463 3833 1583 3904 Θεῷ
1607 3835 1855 3905 διαλέγε-

268 3925 422 3987 σθαι,
457 3925 552 3978 καὶ
577 3926 793 3979 πάντων
821 3921 960 3979 εῖναι
988 3923 1380 3994 δυνατώτερον,
1408 3924 1504 3978 καὶ
1542 3924 1651 3978 τῶν
1689 3926 1853 3980 ἐλαυ-

265 4015 476 4071 νόντων
521 4015 919 4089 περιγίνεσθαι,
965 4017 1062 4070 καὶ
1094 4019 1160 4088 τῇ
1213 4016 1506 4087 οἰκουμένῃ
1554 4017 1854 4088 ἀχείρωτον

266 4101 436 4170 εἶναι,
487 4105 583 4160 καὶ
623 4103 848 4159 τοιαῦτα
901 4104 1210 4176 προσδοκᾷν
1261 4102 1513 4157 ἐντεῦθεν
1571 4104 1775 4173 ἀγαθὰ,
1815 4105 1852 4160 ἀ

270 4196 418 4267 μήτε
449 4195 728 4270 ὀφθαλμὸς
783 4192 915 4262 εἶδε,
965 4196 1106 4267 μήτε
1157 4189 1249 4258 οὖς
1296 4195 1520 4266 ἢκουσε,
1572 4197 1709 4266 μήτε
1757 4195 1852 4250 ἐπὶ

266 4285 503 4356 καρδίαν
532 4283 820 4357 ἀνθρώπου
855 4283 1064 4354 ἀνέϐη;
1107 4282 1159 4336 τί
1200 4281 1255 4336 δὲ
1303 4282 1416 4336 ίσον
1444 4280 1539 4334 τοῦ
1573 4280 1851 4336 θλίϐεσθαι

264 4376 339 4432 δι’
371 4376 674 4442 εὐσέϐειαν,
715 4377 810 4430 καὶ
840 4376 1050 4447 μυρίων
1074 4373 1371 4429 ἀπολαύειν
1405 4373 1558 4446 παρά
1582 4373 1677 4426 τοῦ
1713 4373 1850 4427 Θεοῦ

267 4469 695 4542 παρακλήσεων,
719 4470 814 4522 καὶ
842 4467 1262 4539 ἁμαρτημάτων
1287 4465 1631 4537 ἀπηλλάχθαι
1662 4468 1851 4520 τοσού-

265 4579 405 4629 των,
431 4563 527 4615 καὶ
564 4560 886 4632 Πνεύματος
907 4558 1298 4623 καταξιοῦσθαι
1327 4558 1422 4612 καὶ
1448 4558 1721 4629 ἀγιασμοῦ
1752 4559 1848 4612 καὶ

265 4651 639 4724 δικαιοσύνης,
695 4651 790 4706 καὶ
847 4651 1052 4721 μηδένα
1103 4649 1400 4704 δεδοικέναι
1451 4650 1549 4704 καὶ
1599 4653 1844 4723 τρέμειν,

269 4743 369 4798 καὶ
401 4741 618 4797 πάντων
646 4741 1026 4813 λαμπρότερον
1053 4739 1340 4810 φαίνεσθαι
1366 4743 1424 4794 ἐν
1445 4742 1594 4813 αὐτῷ
1617 4742 1696 4814 τῷ
1725 4761 1845 4797 κιν-

264 4834 551 4899 δυνεύεινζ
579 4832 672 4902 Μὴ
701 4833 767 4905 δὴ
801 4835 1237 4903 καταπίπτωμεν
1266 4835 1323 4886 ἐν
1345 4835 1458 4897 τοῖς
1491 4837 1846 4904 πειρασμοῖς.

264 4925 459 4989 οὐδεὶς
488 4924 598 4996 γὰρ
632 4927 880 4978 κοινωνεῖ
918 4923 995 4994 τῷ
1023 4923 1243 4996 Χριστῷ
1271 4923 1495 4994 τρυφῶν
1519 4923 1615 4978 καὶ¹
1646 4923 1846 4978 καθεύ-

261 5017 372 5072 δων
405 5017 501 5070 καὶ
525 5016 868 5084 ἀναπίπτων,
897 5016 1074 5080 οὐδεὶς
1093 5014 1199 5069 τῶν
1228 5017 1318 5070 τὸν
1346 5015 1514 5088 ὑγρὸν
1536 5014 1724 5070 τοῦτον
1749 5017 1844 5070 καὶ

262 5108 648 5181 διαλελυμένον
672 5108 892 5173 ζώντων
927 5107 1060 5178 βίον·
1097 5109 1211 5164 ἀλλ’
1237 5111 1264 5162 6
1301 5109 1360 5162 ἐν
1390 5108 1567 5177 θλίψει
1595 5109 1689 5161 καὶ
1717 5126 1840 5162 πει-

265 5200 484 5276 ρασμῷ,
512 5196 668 5266 οὗτος
695 5203 862 5272 ἐγγὺς
891 5201 1130 5273 ἔστηκεν
1155 5201 1388 5267 ἐκείνω,
1435 5203 1464 5254 ὁ
1510 5201 1610 5273 τὴν
1650 5202 1841 5272 στενὴν

263 5293 465 5348 ὁδεύων
487 5294 626 5347 ὁδόν.
657 5295 770 5348 Καὶ
798 5293 908 5366 γάρ
941 5295 1042 5348 καὶ
1062 5295 1223 5358 αὐτὸς
1247 5293 1453 5365 ταύτην
1476 5291 1694 5347 ὲϐάδισε
1714 5307 1727 5321 ·
1759 5294 1841 5346 διὸ

264 5385 361 5439 καὶ
389 5385 603 5455 ἐλεγενο
631 5386 696 5439 Ὀ
739 5386 873 5452 Υἱὸς
914 5386 1020 5440 τοῦ
1053 5386 1370 5454 ἀνθρώπου
1407 5386 1520 5439 οὐκ
1554 5384 1680 5454 ἔχει
1718 5385 1837 5439 ποῦ

264 5475 378 5544 τὴν
403 5477 684 5547 κεφαλὴν
709 5476 935 5532 κλῖναι.

330 5695 423 5766 Μὴ
474 5697 653 5750 τοίνυν
687 5697 842 5768 ἄλγει
881 5696 1221 5767 θλιϐόμενος,
1256 5698 1455 5750 ἐννοῶν
1486 5697 1592 5751 τίνι
1639 5714 1835 5750 κοινω-

264 5789 394 5852 νεῖς,
439 5790 531 5842 καὶ
586 5789 702 5852 πῶς
738 5788 1038 5858 ἐκκαθαίρῃ
1077 5787 1170 5843 διὰ.
1203 5787 1311 5842 τῶν
1348 5787 1690 5857 πειρασμῶν,
1733 5788 1826 5843 καὶ

1363 320 1432 376 ΙΝ
1472 319 1686 377 EPIST.
1725 321 1766 376 ll
1806 322 1895 376 AD
1923 323 2083 379 C08.
2140 323 2372 383 ﬂOMfL.
2417 330 2458 386 I.

3454 350 3564 405 388

1991 437 2090 532 ὅσα
2127 440 2456 532 κερδαίνεις.
2487 443 2651 498 Οὐδὲν
2680 447 2788 518 γάρ
2817 449 2966 503 ἐστιν
2989 451 3234 526 ἀνιαρὸν,
3270 456 3385 511 ἀλλ’
3431 462 3464 532 ἦ
3507 463 3573 516 τὸ

1989 529 2066 600 τῷ
2111 531 2232 602 Θεῷ
2281 534 2666 607 προσκρούειν.
2703 539 2905 594 Τούτου
2936 543 2991 596 δὲ
3018 546 3118 599 οὐκ
3151 547 3325 613 ὄντος,
3360 551 3422 604 οὐ
3453 529 3566 607 θλί-

1987 620 2594 691 ψεις,οὐκέπιϐουλαὶ,
2633 632 2733 684 οὐκ
2773 633 2901 687 ἄλλο
2941 636 3094 692 οὐδὲν
3137 639 3360 696 δυνατὸν
3387 643 3568 716 λυπῆ-

1990 731 2080 766 σαι
2107 715 2206 786 τὴν
2225 715 2284 770 εὖ
2308 718 2610 788 φρονοῦσαν
2631 721 2830 793 ψυχήν·
2863 725 2999 779 ἀλλά
3019 728 3270 801 καθάπερ
3290 715 3567 806 σπινθῆρα

1992 806 2186 876 μικρὸν
2233 811 2314 873 είς
2369 810 2605 868 ἄϐυσσον
2650 813 2852 887 πολλὴν
2890 817 3146 889 ἐμϐαλὼν
3187 821 3391 888 εὐθέως
3429 844 3564 881 κατ-

1988 896 2251 964 έσϐεσας’
2277 900 2429 962 ,οὕτω
2479 904 2572 958 καὶ
2619 905 2858 976 ἀθυμίας
2902 909 3126 982 ἀπάσης
3170 913 3444 989 ὑπερϐολὴ
3482 921 3567 984 είς

1989 991 2227 1054 συνειδὸς
2259 993 2575 1062 ἐμπεσοῦσα
2606 996 2811 1065 ἀγαθὸν
2841 1000 3138 1057 ἀπόλλυται
3167 1005 3260 1059 καὶ
3302 1008 3562 1076 ἀφανίζε-

1985 1099 2072 1136 ται
2107 1085 2324 1156 ῥᾳδίως.
2362 1087 2460 1140 Διά
2500 1088 2564 1160 δὴ
2591 1089 2748 1143 τοῦτο
2780 1092 2876 1144 καὶ⁷
2903 1093 2930 1144 ὁ
2959 1094 3168 1159 Παῦλος
3203 1096 3420 1171 ἔχαιρεν
3447 1102 3562 1165 ἀεὶ,

1985 1177 2173 1248 ἐπειδὴ
2204 1179 2262 1231 ἐν
2299 1183 2412 1242 τοῖς
2446 1181 2589 1236 κατὰ
2623 1181 2755 1236 Θεὸν
2803 1185 3042 1256 ἐθάρρει,
3074 1189 3168 1242 καὶ
3207 1191 3326 1244 οὐδὲ
3363 1192 3558 1267 αἴσθη-

1986 1285 2070 1323 σιν
2097 1270 2206 1324 τῶν
2230 1271 2499 1326 τοσούτων
2531 1274 2720 1330 κακῶν
2750 1275 3077 1348 ἐλάμϐανεν·
3111 1280 3226 1334 ἀλλ’
3257 1283 3409 1354 ἤλγει
3457 1285 3566 1356 μὲν

1982 1356 2057 1420 ὡς
2088 1360 2394 1432 ἄνθρωπος,
2427 1363 2489 1415 οὐ
2527 1364 2634 1434 μὴν
2668 1365 3025 1423 κατέπιπτεν.
3061 1369 3219 1424 Οὕτω
3265 1375 3356 1426 καὶ
3391 1376 3419 1427 6
3453 1393 3556 1430 πα-

1981 1451 2251 1522 τριάρχης
2285 1453 2490 1518 ἐκεῖνος
2534 1457 2591 1509 ὲν
2619 1457 2779 1528 ἡδονῇ
2815 1453 2905 1530 ἦν,
2939 1459 3109 1515 πολλά
3151 1463 3339 1518 παθὼν
3367 1467 3556 1536 ὀδυνη-

1969 1543 2072 1624 ιρὰ.
2095 1543 2294 1597 Σκόπει
2323 1544 2398 1597 δέ’
2423 1545 2688 1618 Πατρίδος
2711 1547 2992 1613 ἐξέπεσεν,
3019 1553 3326 1625 ὁδοιπορίας
3345 1557 3553 1632 ὑπέστη

1985 1635 2201 1706 μακράς
2230 1638 2324 1692 καὶ
2351 1636 2618 1708 χαλεπάς,
2663 1642 2755 1695 ἐπὶ
2784 1643 2882 1714 τῆς
2910 1644 3198 1716 ἀλλοτρίας
3231 1648 3399 1702 ἐλθὼν
3433 1652 3555 1706 οὐδέ

1981 1728 2131 1798 βῆμα
2172 1723 2285 1799 εἶχε
2338 1730 2515 1794 ποδός.
2552 1731 2829 1786 Ἐντεῦθεν
2866 1733 3027 1789 πάλιν
3069 1736 3225 1808 λιμὸς
3267 1739 3428 1792 αὐτὸν
3476 1741 3556 1796 δι-

1979 1819 2206 1886 ἐδέξατο,
2227 1821 2322 1874 καὶ
2346 1823 2687 1894 μετανάστην
2721 1825 2967 1896 ἐποίησε,
3001 1828 3095 1882 καὶ
3128 1830 3219 1882 τὸν
3253 1831 3410 1904 λιμὸν
3434 1833 3552 1888 δια-

1978 1909 2192 1981 δέχεται
2226 1915 2388 1966 πάλιν
2427 1913 2652 1986 ἁρπαγὴ
2696 1916 2975 1982 γυναικὸς,
3006 1921 3099 1973 καὶ
3125 1921 3354 1976 Θανάτου
3389 1923 3554 1994 φόϐος

1977 2002 2072 2056 καὶ
2103 2004 2330 2058 ἀπαιδία
2352 2006 2448 2060 καὶ
2472 2006 2708 2077 πόλεμος
2733 2007 2827 2061 καὶ
2857 2009 3094 2065 κίνδυνοι
3119 2013 3214 2066 καὶ
3244 2015 3551 2083 ἐπιϐουλαὶ,

1976 2095 2071 2148 καὶ
2101 2094 2164 2148 τὸ
2194 2096 2500 2151 τελευταῖον
2521 2098 2552 2150 ὁ
2581 2098 2824 2168 κολοφὼν
2850 2100 2959 2155 τῶν
2993 2101 3190 2166 ἄθλων,
3235 2107 3268 2176 ή
3304 2105 3399 2159 τοῦ
3451 2124 3552 2178 μο-

1975 2189 2227 2258 νογενοῦς
2245 2191 2339 2244 καὶ
2361 2190 2588 2262 γνησίου
2615 2193 2802 2256 παιδὸς
2821 2197 3024 2268 σφαγὴ,
3050 2199 3082 2267 ή
3110 2197 3345 2270 ὀδυνηρά
3365 2201 3549 2273 ἐκείνη

1974 2282 2070 2336 καὶ
2096 2283 2416 2354 ἀνήκεστος.
2447 2282 2536 2354 Μὴ
2558 2281 2622 2355 δὴ
2644 2285 2773 2356 γάρ,
2793 2287 2980 2359 ἐπειδὴ
2996 2288 3231 2354 εὐκόλως
3247 2290 3554 2362 ὑπήκουσε,

1973 2377 2202 2447 νομίσῃς
2236 2376 2398 2429 αὐτὸν
2427 2377 2522 2430 καὶ
2551 2378 2782 2442 ἀπαθῶς
2823 2382 3000 2434 πάντα
3031 2382 3218 2438 ἐκεῖνα
3249 2385 3553 2458 ὑφεστηκέ-

1972 2486 2083 2522 ναι.
2113 2469 2176 2520 Εί
2207 2467 2317 2539 γάρ
2341 2468 2435 2521 καὶ
2474 2467 2737 2538 μυριάκις
2769 2469 2978 2535 δίκαιος
3006 2467 3096 2543 ἦν,
3123 2471 3311 2545 ὥσπερ
3337 2471 3429 2529 οῦν
3455 2479 3552 2531 καὶ

1970 2554 2060 2632 ἦν,
2087 2559 2203 2614 ἀλλ’
2240 2559 2526 2631 ἄνθρωπος
2552 2555 2643 2630 ἦν,
2678 2561 2773 2613 καὶ
2802 2562 2872 2614 τὰ
2904 2563 3004 2633 τῆς
3040 2564 3254 2632 φύσεως
3286 2567 3546 2639 ἔπασχεν.

1984 2653 2126 2706 Ἀλλ’
2149 2654 2299 2724 ὅμως
2323 2651 2477 2705 οὐδὲν
2499 2653 2662 2705 αὐτὸν
2684 2653 2891 2708 τούτων
2913 2656 3235 2724 κατέϐαλεν,
3258 2658 3408 2732 [424]
3433 2661 3549 2714 ἀλλ’

1971 2745 2215 2808 εἱστήκει
2243 2745 2497 2817 καθάπερ
2522 2745 2763 2817 ἀθλητὴς
2787 2751 3056 2817 γενναῖος,
3093 2754 3186 2806 καὶ
3219 2754 3549 2827 στεφανίτης

1971 2834 2058 2907 ἐφ’
2087 2836 2303 2908 ἑκάστῳ
2348 2836 2555 2892 τούτων
2602 2839 3132 2911 ἀνακηρυττόμενος.
3191 2844 3347 2899 Οὐτω
3393 2847 3550 2901 καὶὸ

1973 2930 2246 3002 μακάριος
2299 2928 2512 2993 Παῦλος
2558 2931 2785 3000 νιφάδας
2851 2935 3175 3006 πειρασμῶν
3226 2937 3368 3009 ὁρῶν
3419 2939 3546 2995 καθ’

1969 3021 2208 3090 ἑκάστην
2252 3021 2514 3084 ἐπιούσας
2560 3022 2796 3093 ἡμέραν,
2844 3025 2920 3089 ὡς
2961 3027 3018 3079 ἐν
3053 3029 3203 3101 μέσῳ
3233 3032 3547 3105 παραδείσῳ

1966 3113 2211 3185 τρυφῶν,
2244 3113 2417 3177 οὓτως
2446 3113 2633 3184 ἔχαιρε
2676 3117 2770 3169 καὶ
2823 3117 3114 3188 ἠγάλλετο.
3157 3120 3370 3194 Ὠσπερ
3403 3119 3498 3180 οὖν
3519 3129 3549 3181 6

1965 3203 2174 3272 ταύτην
2203 3202 2414 3274 χαίρων
2453 3202 2553 3275 τὴν
2595 3205 2771 3278 χαρὰν
2803 3207 2902 3261 οὐκ
2934 3209 3082 3263 ἔστιν
3112 3211 3390 3283 ἀλώσιμος
3415 3215 3548 3269 ἀθυ-

1971 3294 2093 3366 μίᾳ,
2123 3294 2298 3359 οὕτως
2344 3297 2373 3350 6
2429 3294 2504 3366 μὴ
2547 3298 2755 3370 ταύτην
2785 3299 3042 3371 ἐλόμενος
3082 3305 3251 3358 πᾶσίν
3281 3306 3428 3359 ἐστιν
3456 3307 3548 3360 εὐ-

1967 3385 2252 3456 χείρωτος,
2284 3386 2378 3440 καὶ
2407 3387 2610 3458 πάσχει
2633 3389 2852 3455 ταυτὸν,
2877 3385 2987 3447 οἷον
3015 3394 3070 3446 εί
3099 3411 3186 3458 τις
3222 3396 3362 3450 ὅπλα
3405 3397 3548 3468 ἔχων

1970 3477 2169 3549 σαθρὰ,
2199 3479 2294 3532 καὶ
2321 3477 2426 3532 ὐπὸ
2470 3480 2568 3550 τῆς
2607 3480 2875 3553 τυχούσης
2916 3483 3271 3556 τιτρώσκοιτο
3306 3489 3541 3560 πληγῆς.

1979 3571 2119 3625 Ἀλλ’
2145 3571 2243 3641 οὐχ
2272 3572 2300 3624 6
2335 3570 2515 3635 καλῶς
2546 3571 2812 3627 πάντοθεν
2854 3581 3396 3650 περιπεφραγμένος,
3428 3583 3550 3636 ἀλλ’

1968 3663 2116 3717 ἅπαν
2159 3664 2412 3720 ἀκόντιον
2458 3663 2612 3718 ἐπιὸν
2659 3664 3027 3736 διακρούεται.
3076 3669 3184 3721 Καὶ
3222 3670 3332 3741 γάρ
3373 3671 3544 3725 ὅπλου

1967 3754 2169 3818 παντὸς
2225 3754 2576 3826 ίσχυρότερον
2618 3756 2651 3826 ή
2688 3757 2830 3811 κατά
2865 3757 3004 3839 Θεὸν
3050 3759 3232 3832 ἡδονή²
3265 3763 3359 3815 καὶ
3389 3764 3546 3818 οὐδὲν

1963 3845 2053 3901 τὸν
2082 3845 2324 3898 τοιοῦτον
2352 3846 2577 3916 ποιῆσαι
2612 3847 2834 3918 κατηφῆ
2862 3849 2956 3901 καὶ
2979 3850 3304 3922 σκυθρωπὸν
3337 3854 3550 3909 δύναιτ’

1962 3936 2051 4003 ἂν,
2083 3936 2221 3990 ἀλλὰ
2249 3936 2430 3990 πάντα
2458 3938 2615 4009 φέρει
2646 3939 2932 4008 γενναίως.
2972 3941 3038 3993 Τί
3076 3943 3185 4014 γάρ
3229 3944 3402 4016 πυρὸς
3425 3948 3545 4016 χεῖ-

1964 4044 2093 4102 ρον;
2124 4027 2177 4081 τί
2229 4027 2480 4098 βασάνων
2519 4027 2787 4100 διηνεκῶν
2824 4031 3248 4105 όδυνηρότερον;
3277 4035 3396 4091 Κᾶν
3429 4039 3546 4110 γὰρ

1964 4118 2134 4190 μυρία
2158 4135 2242 4181 τις
2269 4117 2510 4189 ἀπολέσῃ
2539 4120 2818 4188 κτήματα,
2841 4120 2942 4174 κᾶν
2968 4125 3185 4189 παῖδας,
3205 4127 3309 4180 κᾶν
3335 4129 3538 4196 ὁτιοῦν,

1959 4209 2119 4264 τοῦτο
2148 4210 2365 4263 πάντων
2395 4209 2864 4283 τυραννικώτερον
2892 4215 2972 4276 είς
2994 4214 3189 4286 ὀδύνης
3212 4217 3370 4288 λόγον
3397 4221 3535 4278 ἐστί.

1959 4300 2150 4371 Δέρμα
2178 4301 2308 4373 γὰρ,
2332 4303 2519 4372 φησὶν,
2546 4302 2699 4370 ὑπὲρ
2718 4301 3030 4373 δέρματος,
3065 4307 3163 4362 καί
3196 4309 3394 4365 πάντα
3419 4313 3544 4368 ὅσα

1959 4393 2212 4462 ὑπάρχει
2261 4392 2571 4460 ἀνθρώπῳ,
2626 4393 2805 4449 δώσει
2839 4396 2994 4465 ὑπὲρ
3035 4398 3146 4468 τῆς
3182 4401 3392 4470 ψυχῆς
3430 4408 3538 4460 αὑ-

1958 4482 2086 4538 τοῦ.
2145 4484 2260 4539 Καὶ
2306 4485 2460 4538 οὐδὲν
2514 4485 2582 4540 ἀν
2633 4486 2844 4554 γένοιτο
2887 4489 3087 4544 ὀδυνῶν
3131 4493 3533 4568 χαλεπώτερον.

1969 4583 2114 4637 Ἀλλ’
2141 4584 2291 4655 ὅμως
2325 4585 2422 4640 καὶ
2463 4587 2530 4640 τά
2557 4590 2622 4660 τῇ
2659 4588 2795 4661 ἀκοῇ
2827 4590 3101 4662 ἀφόρητα,
3131 4593 3307 4650 ταῦτα
3322 4600 3540 4670 φορητά

1956 4685 2053 4739 καὶ
2082 4685 2308 4740 ποθεινά
2340 4685 2430 4740 διὰ
2465 4688 2563 4760 τὴν
2602 4689 2744 4744 κατὰ
2769 4691 2900 4746 Θεὸν
2930 4693 3122 4767 ἡδονὴν
3149 4696 3379 4766 γίνεται.
3411 4699 3540 4754 Κᾶν

1955 4786 2173 4859 ἀγάγῃς
2199 4787 2291 4841 τὸν
2339 4788 2593 4859 μάρτυρα
2622 4789 2704 4844 ἔτι
2738 4793 3043 4864 ἐμπνέοντα
3079 4799 3277 4870 μικρὸν
3307 4801 3414 4854 ἀπὸ
3437 4802 3540 4856 τοῦ

1956 4886 2143 4955 ξύλου,
2179 4886 2214 4959 ἢ
2261 4889 2370 4942 ἀπὸ
2405 4890 2514 4943 τῶν
2547 4891 2823 4960 τηγάνων,
2855 4895 3125 4966 τοσαύτην
3154 4899 3410 4972 εὑρήσεις
3432 4902 3543 4974 τὴν

1954 4987 2327 5058 ἀποκειμένην
2377 5000 2404 5028 ι
2437 4988 2586 5060 αὐτῷ
2641 4992 2840 5061 χαρὰν,
2889 4994 3022 5065 ὅσην
3067 4996 3190 5050 οὐδὲ
3218 5000 3396 5053 εἰπεῖν
3427 5001 3538 5057 ἔνι.

1953 5085 2064 5138 Καὶ
2088 5084 2141 5137 τί
2167 5084 2346 5148 πάθω,
2382 5089 2568 5157 φησὶν,
2599 5088 2681 5141 ὅτι
2718 5093 3022 5164 μαρτυρίου
3063 5098 3253 5168 καιρὸς
3283 5099 3343 5152 οὐ
3389 5101 3541 5172 πάρο

1952 5203 2070 5240 εστι
2118 5187 2255 5254 νῦν;
2306 5188 2372 5240 Τί
2399 5190 2545 5260 (Mc;
2577 5190 2638 5243 οὐ
2685 5192 2919 5263 πάρεστι
2965 5199 3267 5268 μαρτυρίου
3301 5202 3535 5272 καιρός;

1951 5286 2224 5340 Οὐδέποτε
2255 5288 2354 5359 μὲν
2380 5285 2481 5343 οὖν
2527 5283 2684 5354 οὗτος
2711 5291 2970 5360 ἄπεστιν,
3011 5296 3129 5349 ἀλλ’
3164 5298 3251 5352 ἀεὶ
3283 5299 3388 5371 πρὸ
3419 5303 3538 5356 τῶν

1948 5385 2251 5458 ὀφθαλμῶν
2294 5392 2411 5442 ἐστι
2444 5390 2554 5445 τῶν
2583 5391 2893 5464 ἡμετέρων,
2937 5395 3034 5450 ἐὰν
3072 5400 3357 5470 νήφωμεν.
3393 5404 3537 5458 Οὐδὲ

1950 5489 2060 5559 γὰρ
2088 5487 2151 5541 τὸ
2174 5489 2265 5542 ἐπὶ
2287 5489 2448 5556 ξύλου
2479 5491 2793 5563 κρέμασθαι
2824 5494 3007 5566 μόνον,
3035 5499 3193 5555 τοῦτο
3216 5505 3362 5556 ποιεῖ
3391 5505 3540 5574 μάρο

1947 5605 2104 5663 τυρα·
2139 5592 2260 5645 ἐπεὶ
2299 5594 2347 5646 εί
2376 5592 2532 5646 τοῦτο
2558 5589 2648 5666 ἦν,
2681 5596 2838 5661 ἐκτὸς
2859 5597 2968 5654 τῶν
2996 5603 3278 5672 στεφάνων
3321 5602 3539 5658 τούτων

2009 5792 2027 5816 ⁸
2056 5793 2139 5844 Sic
2166 5807 2280 5843 mss.
2305 5793 2436 5846 Edili
2457 5809 2598 5855 vero.
2621 5804 2852 5862 myévnv.
