3998 6408
455 321 561 380 389

461 452 492 505 6
525 445 648 503 Ἰὼϐ
673 441 762 518 ἦν.
794 441 933 496 Οῦτε
984 438 1096 511 γάρ
1123 434 1463 506 δικαστηρίῳ
1503 430 1780 503 παρέστη,
1815 427 1938 482 οὕτε
1969 427 2046 480 δι-

464 543 670 602 καστοῦ
704 542 892 614 φωνῆς
915 541 1168 610 ήκουσεν,
1199 533 1261 586 οὐ
1291 531 1489 602 δήμιον
1523 524 1684 582 εἶδεν·
1721 527 1784 580 οὐ
1819 527 1931 597 γὰρ
1957 525 2052 578 ἁν-

467 645 778 718 ηρτημένος
810 641 902 694 ἐπὶ
940 637 1098 704 ξύλου
1129 634 1224 688 καὶ
1271 629 1546 703 μετέωρος
1571 628 1668 691 ὣν,
1697 626 2053 692 κατεξαίνετο

468 751 570 816 τὰς
602 745 872 818 πλευράς·
905 741 1019 796 ἀλλ’
1049 739 1198 808 ὅμως
1227 732 1442 788 πολλῶν
1481 729 1778 804 μαρτύρων
1811 725 2056 800 χαλεπώο

469 869 604 924 τερα
631 845 822 907 ἔπαθε,
854 841 948 897 καὶ
981 840 1035 894 αί
1078 837 1256 907 φωναὶ
1304 833 1413 888 τῶν
1443 831 1762 904 ἐπαλλήλων
1806 828 2056 898 ἀγγέλων

471 951 695 1008 ἐκείνων
746 946 930 1014 πάσης
993 939 1208 1011 πληγῆς
1264 935 1598 1010 δριμύτερον
1651 931 1918 1004 ἔπληττον
1963 931 2058 983 καὶ

473 1049 725 1104 ἐκέντουν
758 1041 1026 1097 πάντοθεν
1065 1038 1250 1104 αὑτὸν,
1274 1037 1368 1090 καὶ
1400 1034 1609 1107 μυρίων
1631 1033 1842 1104 δημίων
1870 1029 2059 1102 πικρός

473 1165 630 1220 τερον
660 1143 768 1200 τῶν
799 1139 1101 1211 σκωλήκων
1124 1135 1352 1190 ἐκείνων
1390 1133 1460 1187 τὰ
1492 1131 1742 1204 στόματα
1785 1128 2055 1184 πάντοθεν

475 1254 640 1308 αὑτὸν
671 1247 954 1320 κατήσθιε.

551 1481 616 1530 ε.’
642 1472 800 1535 Τίνος
822 1466 914 1525 οῦν
933 1468 1033 1521 οὒκ
1059 1466 1124 1521 ἂν
1145 1463 1392 1530 ἀντάξιος
1420 1453 1702 1535 μάβτυρος
1724 1451 1917 1527 οὗτοςς
1944 1458 2066 1512 Μυ-

485 1579 617 1650 ρίων
648 1575 748 1648 μὲν
775 1568 888 1628 οὖν.
930 1571 1044 1624 Καὶ
1075 1569 1186 1640 γὰρ
1219 1567 1308 1622 διὰ
1337 1565 1559 1620 πάντων
1589 1564 1684 1618 καὶ⁵
1715 1564 1944 1618 ἐπάλαιε
1969 1559 2064 1616 καὶ

484 1676 868 1749 ἐστεφανοῦτο,
927 1672 1013 1728 διά
1045 1671 1364 1745 χρημάτων,
1387 1669 1477 1724 διὰ
1507 1667 1734 1733 παίδων,
1762 1666 1852 1721 διά
1880 1665 2070 1735 σῶμα·

484 1797 601 1847 τος,
625 1777 712 1832 διὰ
745 1775 1028 1846 γυναικὸς,
1065 1773 1152 1825 διὰ
1201 1770 1392 1841 φίλων,
1439 1769 1508 1822 δι’
1556 1766 1789 1838 ἐχθρῶν,
1821 1765 1889 1819 δι’
1920 1767 2069 1818 οίκε-

488 1882 619 1937 τῶν·
653 1877 750 1933 καὶ
775 1877 883 1948 γὰρ
913 1875 1009 1929 καὶ
1037 1864 1186 1926 οῦτοι
1219 1872 1299 1934 είς
1326 1869 1389 1922 τὸ
1438 1868 1731 1940 πρόσωπον
1765 1864 1932 1920 αὑτοῦ
1979 1866 2067 1918 ἐν-

492 1981 722 2045 έπτμονο
764 1976 856 2030 διὰ
902 1972 1088 2045 λιμοῦ,
1117 1971 1185 2024 δι’
1234 1967 1551 2041 ὀνειράτων,
1594 1965 1660 2018 δι’
1709 1963 1934 2026 ὀδυνῶν,
1984 1963 2073 2018 διὰ

491 2077 776 2140 δυσωδίας.
813 2074 916 2128 Διά
957 2073 1023 2145 δὴ
1059 2071 1220 2126 τοῦτο
1244 2070 1405 2141 ἔφην,
1451 2070 1532 2123 ὅτι
1569 2067 1670 2138 οὐχ
1701 2066 1825 2130 ἐνὸς
1861 2065 2074 2120 καὶδύο

495 2183 590 2236 καὶ
621 2177 812 2251 τριῶν,
842 2175 978 2229 ἀλλά
1011 2172 1220 2245 μυρίων
1250 2169 1500 2237 ἀντάξιος
1530 2167 1597 2222 ἂν
1627 2167 1713 2240 εἴη
1755 2167 2073 2238 μαρτύρων.

496 2283 652 2338 Μετά
679 2280 789 2351 γὰρ
813 2277 923 2331 τῶν
964 2273 1273 2348 εἰρημένων
1305 2272 1398 2326 καὶ
1425 2273 1454 2327 6
1481 2271 1674 2343 χρόνος
1697 2270 1897 2340 πολλὴν
1926 2269 2079 2323 δίδω-

499 2398 586 2435 σιν
636 2376 801 2432 αὑτοῦ
840 2376 956 2438 τοῖς
1004 2373 1290 2442 στεφάνοις
1339 2363 1693 2442 προσθήκην·
1743 2362 1856 2421 οἷον
1886 2369 1947 2422 τὸ
1973 2369 2079 2440 πρὸ

497 2482 592 2538 τοῦ
625 2479 815 2550 νόμου,
837 2474 990 2549 [425]
1017 2472 1126 2546 πρὸ
1150 2473 1250 2544 τῆς
1284 2472 1508 2543 χάριτος
1534 2471 1708 2524 ταῦτα
1738 2469 1956 2538 παθεῖν,
1986 2471 2082 2525 καὶ

503 2584 680 2654 μῆνας
717 2576 970 2641 πολλοὺς,
1005 2573 1102 2628 καὶ
1147 2571 1327 2626 πάντα
1372 2570 1490 2642 μεθ’
1533 2569 1863 2641 ὑπερϐολῆς,
1901 2572 1997 2626 καὶ
2022 2571 2083 2627 τὸ

503 2682 682 2736 πάντα
728 2674 865 2749 ὁμοῦ
905 2673 1192 2728 ἐπιθέσθαι
1238 2670 1390 2743 αὐτῷ
1426 2671 1496 2725 τά
1537 2670 1719 2725 δεινά·
1771 2667 1950 2724 καίτοι
1988 2673 2085 2728 καὶ

504 2783 623 2838 καθ’
659 2781 823 2836 ἐαυτὺ
869 2779 1103 2832 ἕκαστον
1132 2775 1313 2830 αὐτῶν
1349 2771 1645 2844 ἀφόρητον,
1689 2772 1785 2826 καὶ
1809 2771 1872 2826 τδ
1894 2772 2086 2827 δοκοῦν

507 2882 878 2956 φορητότερον
915 2871 1079 2941 εἶναι,
1104 2878 1140 2948 ή
1192 2875 1303 2930 τῶν
1335 2873 1634 2946 χρημάτων
1664 2873 1857 2946 ζημία.
1895 2872 2090 2927 Πολλοὶ

507 2985 640 3056 γοῦν
662 2981 878 3053 πληγὰς
913 2980 1011 3052 μέν
1041 2980 1302 3050 ήνεγκαν,
1333 2978 1538 3049 ζημίαν
1574 2977 1632 3031 δέ
1662 2975 1961 3048 χρημάτων
1989 2975 2090 3028 οὐκ

508 3088 772 3160 ῆνεγκαν,
790 3082 929 3138 ἀλλά
946 3081 1040 3135 καὶ
1067 3079 1429 3152 μαστίζεσθαι
1453 3080 1596 3150 ὑπὲρ
1621 3078 1801 3134 αὐτῶν
1819 3078 2024 3132 εῠιοντο
2045 3087 2088 3144 ⁸,

510 3187 605 3240 καὶ
650 3184 822 3256 μυρία
868 3183 1100 3253 πάσχειν
1131 3179 1282 3234 δεινὰ
1313 3179 1516 3251 μᾶλλον
1546 3180 1580 3252 ἢ
1619 3178 1843 3233 ἐκείνων
1876 3196 1930 3232 τι
1960 3195 2095 3252 προ·

511 3285 702 3341 έσθαι·
755 3285 853 3338 καὶ
905 3282 1111 3355 μείζων
1145 3281 1335 3344 αὐτοῖς
1361 3279 1538 3350 ἐφάνη
1581 3279 1616 3350 ἡ
1655 3277 1839 3350 πληγὴ
1867 3277 2028 3351 αὕτη,
2059 3279 2094 3351 ή

511 3387 612 3459 τῆς
639 3385 842 3456 ζημίας
871 3382 981 3437 τῶν
1025 3380 1351 3456 χρημάτων.
1379 3379 1545 3432 Ὥστε
1591 3376 1690 3431 καὶ
1727 3369 1882 3440 οὗτος
1906 3376 2096 3448 ἕτερος

516 3487 680 3543 πάλιν
711 3483 1018 3557 μαρτυρίου
1069 3481 1273 3553 τρόπος
1309 3478 1388 3550 τῷ
1431 3477 1652 3548 φέροντι
1699 3475 1961 3546 γενναίως
1997 3475 2096 3547 τὴν

514 3588 721 3644 τούτων
745 3584 1040 3641 ἀπώλειαν.
1065 3585 1177 3638 Καὶ
1207 3581 1323 3645 πῶς
1349 3581 1569 3651 οἴσομεν
1597 3578 1883 3648 γενναίως,
1907 3577 2093 3649 φησίν;

515 3693 690 3746 Ὅταν
741 3687 918 3760 μάθῃς
956 3687 1037 3742 ὅτι
1091 3684 1314 3739 πλείονα
1365 3683 1648 3755 κερδανεῖς
1693 3673 1769 3735 ὧν
1809 3679 2100 3746 ἀπώλεσας

515 3790 584 3845 δι’
617 3788 736 3852 ἐνὸς
769 3788 1014 3860 ῥήματος
1035 3784 1131 3838 τοῦ
1164 3784 1265 3855 τῆς
1289 3779 1662 3854 εὐχαριστίας.
1685 3782 1782 3833 Ἂν
1805 3778 1915 3851 γάρ
1941 3777 2103 3833 ἀκού-

521 3908 716 3953 σαντες
745 3889 845 3962 τήν
871 3887 1148 3944 ἀπώλειαν
1173 3884 1250 3956 μὴ
1280 3881 1664 3958 ταραχθῶμεν,
1693 3880 1808 3936 ἀλλ’
1833 3881 2100 3952 εἴπωμεν,

520 3990 833 4062 Εὐλογητὸς
875 3990 904 4042 6
952 3986 1107 4052 Θεός·
1140 3985 1322 4058 πολλῷ
1352 3983 1574 4039 πλείονα
1603 3983 1835 4039 πλοῦτον
1861 3985 2104 4057 εὑρήκα-

523 4111 646 4164 μεν.
685 4091 760 4146 Οὐ
799 4091 906 4164 γάρ
931 4089 997 4160 δὴ
1024 4087 1261 4142 τοσαῦτα
1287 4085 1579 4158 καρπώσῃ,
1605 4086 1697 4140 τὸν
1715 4085 1942 4140 πλοῦτον
1971 4087 2104 4141 ἀνα-

521 4193 728 4247 λίσκων
765 4193 844 4253 είς
876 4190 1004 4252 τοὺς
1037 4186 1350 4257 δεομένους,
1384 4185 1478 4239 καὶ
1511 4185 1762 4257 περιιὼν,
1815 4185 1912 4239 καὶ
1940 4185 2107 4256 πένη-

498 4311 500 4318 '
525 4311 626 4357 τας
653 4289 953 4362 ἐπιζητῶν,
982 4289 1075 4343 καὶ
1107 4286 1417 4359 σκορπίζων
1437 4284 1506 4340 τά
1534 4285 1664 4339 ὄντα
1683 4287 1798 4350 τοῖς
1823 4287 2102 4341 πεινῶσιν·

521 4396 627 4449 ὅσα
650 4392 738 4446 διὰ
764 4390 957 4446 τούτου
987 4388 1082 4443 τοῦ
1113 4389 1359 4460 ῥήματος
1388 4388 1691 4461 κερδανεῖς.
1722 4387 1876 4442 Ἐπεὶ
1901 4387 2107 4442 καὶτὸν

541 4493 660 4548 ’1ὼὸ
695 4493 794 4563 οὐχ
826 4489 972 4545 οὕτω
1001 4489 1269 4562 θαυμάζω
1316 4490 1415 4561 τὴν
1455 4490 1632 4543 οἰκίαν
1674 4488 1959 4558 ἀνοίγοντα
1991 4491 2107 4555 τοῖς

525 4593 824 4665 δεομένοις,
882 4591 959 4651 ὡς
1011 4589 1409 4660 ἐκπλήττομαι,
1462 4587 1559 4642 καὶ
1614 4587 1976 4659 ἀνακηρύττω
2007 4589 2106 4660 τὴν

531 4693 787 4766 ἁρπαγήν
831 4691 940 4744 τῶν
992 4689 1290 4761 χρημάτων
1343 4691 1683 4760 εὐχαρίστως
1727 4689 1982 4760 φέροντα.
2031 4690 2105 4744 Τδ

531 4792 665 4849 αὐτὸ
707 4791 766 4845 δὲ
810 4787 969 4843 τοῦτο
1013 4790 1108 4842 καὶ
1137 4789 1230 4842 ἐπὶ
1265 4787 1472 4842 παίδων
1506 4788 1779 4858 ἀποϐολῆς
1809 4787 1926 4842 ἐστι
1967 4806 2109 4860 συμ-

531 4896 718 4950 ϐαῖνον
752 4892 900 4946 ίδεῖν.
938 4891 1071 4946 Οὑδέ
1101 4889 1211 4962 γὰρ
1239 4891 1474 4944 ἐνταῦθα
1519 4889 1777 4944 ἐλάττονα
1821 4889 1966 4962 λήψῃ
2019 4907 2110 4962 μι-

534 4996 664 5050 σθὸν
708 4993 801 5048 τοῦ
833 4993 925 5046 τὸν
958 4992 1072 5046 υἱὸν
1117 4991 1489 5061 ἀναγαγόντος
1535 4991 1630 5046 καὶ
1683 4991 2108 5060 καταθύσαντας,

535 5102 583 5152 εί
613 5097 955 5152 τελευτῶντα
992 5095 1118 5149 ἰδὼν
1173 5095 1590 5166 ηὐχαρίστησας
1620 5092 1700 5164 τῷ
1743 5093 2112 5166 φιλανθρώπῳ

535 5199 678 5270 Θεῷ.
706 5199 774 5251 Τί
804 5199 910 5270 γὰρ
940 5199 967 5251 6
995 5196 1234 5260 τοιοῦτος
1261 5193 1358 5249 τοῦ
1386 5193 1640 5266 ’Δόραάμ
1678 5193 1830 5248 ἔσται
1877 5195 2111 5266 χείριλκνς

552 5303 791 5365 Ἐκεῖνος
823 5301 934 5372 γὰρ
963 5301 1064 5353 οὐκ
1096 5295 1203 5354 εἶδε
1248 5298 1499 5368 κείμενον
1529 5295 1742 5367 νεκρὸν,
1777 5293 1916 5349 ἀλλά
1945 5311 2115 5365 προσι-

541 5401 768 5471 εδόκησε
847 5400 1040 5471 μόνον·
1106 5398 1249 5450 ὥστε
1304 5397 1352 5449 εἰ
1409 5395 1724 5449 πλεονεκτεῖ
1767 5393 1846 5466 τῷ
1900 5393 2117 5465 μέλλειν

539 5498 854 5564 καταθύειν,
886 5497 983 5551 καὶ
1033 5497 1132 5567 τὴν
1186 5498 1344 5568 χεῖρα
1396 5493 1642 5559 ἐκτείνας
1693 5493 1794 5568 τὴν
1843 5495 2118 5566 μάχαιραν

609 5753 624 5780 ’
655 5757 740 5808 Us.
751 5797 763 5818 ,
796 5758 998 5809 εῖλαντο.

1210 313 1274 372 S.
1308 306 1598 368 JOANNIS
1629 297 2133 362 CHRYSOSTOMI
2177 294 2496 353 ARCHIEP.
2539 289 3090 352 CONSTANTINOP.

3627 285 3734 343 390

2151 423 2422 494 ἁρπάσαι,
2456 422 2868 476 πλεονεκτεῖται
2918 419 2998 491 τῷ
3031 416 3250 472 κεῖσθαι
3291 413 3352 468 τὸ
3384 409 3596 466 παιδίον
3642 423 3736 464 νι-

2151 525 2283 597 κρὸν
2311 523 2566 578 ἐνταῦθα.
2592 524 2700 575 Καὶ
2717 521 2890 584 ἄλλως
2909 521 2987 585 δὲ,
3018 517 3208 590 ἐκείνῳ
3229 515 3381 588 μένή
3408 512 3502 567 τοῦ
3531 527 3735 582 κατορ-

2153 622 2404 692 θώματος
2432 621 2586 686 ἐλπὶς
2619 621 2783 693 ἔφερε
2825 617 3204 692 παραμυθίαν,
3237 616 3332 670 καὶ
3379 612 3442 667 τδ
3465 612 3564 683 τῆς
3597 611 3738 675 ιδίας

2154 724 2406 795 ἀνδρείας
2452 722 2615 794 ἔργον
2644 719 2786 776 εἶναι
2819 719 2920 791 τὴν
2951 716 3232 792 ἀριστείαν
3263 714 3502 784 ἐκείνην,
3536 712 3633 766 καὶ⁵
3675 710 3740 764 τὸ

2157 819 2340 887 φωνῆς
2408 814 2614 869 ἀνωθεν
2680 812 2991 885 φερομένης
3058 809 3284 864 ἀκοῦσαι
3330 804 3740 878 προθυμότερον

2157 914 2328 969 ἐποίει
2354 929 2370 945 ο
2409 912 2647 966 ἐνταῦθα
2677 913 2733 967 δὲ
2773 911 2928 965 οὐδὲν
2958 907 3201 964 τοιοῦτόν
3224 908 3392 960 ἐστιν.
3414 903 3578 959 Ὅθεν
3607 901 3742 957 ἀδα-

2163 1013 2427 1088 μαντίνης
2453 1013 2534 1066 δεῖ
2563 1012 2744 1084 ψυχῆς
2765 1012 2844 1084 τῷ
2881 1009 3147 1084 μονογενῆ
3177 1007 3364 1073 παῖδα,
3387 1005 3483 1060 καὶ¹
3497 1005 3557 1060 ἐν
3575 1001 3745 1056 πλούο

2159 1135 2238 1188 τῳ
2259 1118 2559 1190 τραφέντα,
2593 1117 2688 1170 καὶ
2718 1112 2961 1187 χρηστὰς
2993 1110 3364 1181 ὑποφαίνοντα
3387 1105 3628 1169 ἐλπίδας,
3649 1101 3744 1157 ἐπὶ

2162 1219 2254 1274 τοῦ
2317 1219 2511 1291 βόθρου
2549 1219 2802 1291 κείμενον
2853 1214 3051 1288 ὁρῶντι
3097 1213 3191 1266 καὶ
3241 1208 3565 1280 τεταμένον,
3600 1206 3742 1260 ὥστε

2169 1320 2362 1392 πράως
2388 1322 2632 1390 ἐνεγκεῖν
2668 1318 2730 1372 τὸ
2782 1317 3020 1389 συμϐάν.
3059 1316 3118 1369 Ὀ
3144 1311 3388 1376 τοιοῦτος
3421 1310 3487 1366 ἂν
3516 1307 3743 1380 δυνηθῇ,

2164 1423 2265 1492 τῆς
2306 1420 2524 1491 φύσεως
2553 1418 2623 1472 τά
2663 1415 2890 1487 κύματα
2943 1411 3306 1473 κατευνάσας,
3346 1409 3520 1461 εἰπεῖν
3555 1405 3618 1459 τὸ
3647 1403 3742 1458 τοῦ

2180 1522 2301 1580 ’1ὼὸ
2335 1519 2620 1592 ἀδακρυτὶ,
2655 1518 2709 1571 '0
2749 1517 2963 1585 Κύριος
2989 1513 3233 1576 ἔδωκεν,
3271 1512 3304 1564 ὁ
3333 1508 3548 1576 Κύριος
3581 1505 3747 1575 ἀφείς

2167 1629 2330 1688 λετο,
2378 1621 2517 1694 μετὰ
2563 1618 2659 1674 τοῦ
2687 1615 2940 1687 ’Δϐραάμ
2967 1611 3133 1667 αὐτοῦ
3171 1610 3451 1681 στήσεται,
3488 1603 3628 1676 μετά
3655 1601 3748 1656 τοῦ

2183 1725 2304 1781 ’1ὼὸ
2333 1721 2852 1794 ἀνακηρυχθήσεται
2888 1715 2998 1771 ἀπὸ
3025 1713 3122 1768 τοῦ
3155 1712 3403 1783 ῥήματος
3425 1705 3617 1759 τούτου
3653 1702 3750 1774 μό-

2171 1843 2282 1880 νον.
2315 1823 2436 1878 Κάν
2465 1820 2593 1884 τοὺς
2622 1817 2907 1880 κωκυτοὺς
2932 1814 3042 1868 τῶν
3072 1808 3352 1882 γυναικῶν
3380 1802 3622 1869 παύσας,
3658 1802 3754 1856 καὶ

2171 1925 2297 1988 τοὺς
2329 1921 2527 1995 χοροὺς
2575 1918 2686 1973 τῶν
2733 1913 3052 1989 θρηνουσῶν
3080 1910 3363 1976 διαλύσας,
3415 1909 3495 1973 είς
3537 1903 3752 1971 δοξολοο

2175 2027 2298 2099 γίαν
2324 2021 2865 2094 ἆπανταςιδιεγείρῃ,
2900 2015 3071 2088 μυρία
3109 2013 3340 2077 ἀνωθεν,
3377 2007 3540 2083 μυρία
3568 2006 3754 2062 κάτω-

2179 2131 2271 2186 θεν
2291 2128 2502 2193 δέξεται
2531 2122 2683 2198 [ιιὲϐ]
2714 2121 2784 2176 τά
2827 2118 3076 2192 βραδεῖα,
3100 2113 3406 2188 ἀνθρώπων
3437 2109 3599 2166 αὑτὸν
3627 2107 3757 2160 θαυ⁶

2181 2231 2492 2304 μαζόντων,
2545 2225 2794 2297 ἀγγέλων
2853 2218 3219 2296 κροτούντων,
3265 2213 3359 2270 τοῦ
3397 2210 3533 2267 Θεοῦ
3560 2225 3758 2280 στεφαο

2180 2347 2425 2394 νουντος.

2256 2514 2330 2575 ς’·
2368 2504 2480 2560 Καὶ
2507 2501 2624 2567 πῶς
2650 2496 2876 2556 δυνατὸν
2915 2493 2991 2568 μή
3021 2491 3240 2547 πενθεῖν
3268 2487 3550 2560 ἄνθρωπον
3590 2483 3724 2536 ὄντα
3743 2521 3760 2548 ,

2185 2608 2356 2682 φησίν
2379 2625 2395 2676 ;
2418 2607 2517 2659 Ἂν
2543 2602 2806 2674 ἐννοήσῃς
2827 2597 2944 2663 πῶς
2963 2597 2994 2650 6
3015 2593 3381 2667 πατριάρχης,
3409 2589 3526 2651 πῶς
3555 2589 3582 2640 6
3619 2581 3764 2649 Ἰὼϐ,

2184 2711 2463 2783 ἀνθρωποι
2489 2705 2642 2768 ὄντες
2663 2703 2711 2756 οί
2739 2699 3063 2773 ἀμφότεροι,
3093 2695 3243 2750 οὐδὲν
3266 2690 3506 2746 τοιοῦτον
3538 2687 3765 2754 ἔπαθον,

2186 2812 2282 2866 καὶ
2311 2807 2486 2865 ταῦτα
2517 2806 2624 2879 πρὸ
2656 2804 2824 2874 νόμου
2867 2801 2962 2856 καὶ
2993 2798 3216 2871 χάριτος
3241 2794 3337 2849 καὶ
3367 2792 3467 2864 τῆς
3496 2789 3767 2859 τοσαύτης

2186 2912 2297 2966 τῶν
2325 2908 2507 2981 νόμων
2533 2904 2851 2976 φιλοσοφίας
2873 2901 3132 2971 ἑκάτερος
3158 2895 3336 2952 αὐτῶν
3364 2891 3682 2964 γενόμενος,
3703 2890 3768 2945 ἂν

2187 3011 2404 3083 λογίσῃ,
2437 3009 2519 3062 ὅτι
2548 3008 2630 3069 είς
2657 3003 2904 3076 βελτίονα
2927 2999 3115 3072 χώραν
3150 2996 3390 3069 μετέστη
3419 3001 3472 3062 h,
3502 2994 3602 3048 καὶ
3637 2993 3771 3066 πρὸς

2190 3111 2400 3184 ἀμείνω
2417 3107 2572 3179 λῆξιν
2601 3103 2954 3176 ἀπεπήδησεν
2987 3102 3017 3154 6
3044 3098 3397 3169 τελευτήσας,
3422 3096 3516 3150 καὶ
3539 3094 3645 3148 οὐκ
3672 3095 3770 3148 ἀπ·

2191 3212 2401 3275 ὡλεσας
2427 3208 2519 3263 τὸν
2541 3210 2676 3274 υἱὸν,
2703 3203 2817 3260 ἀλλ’
2839 3204 2898 3256 ἐν
2921 3199 3105 3272 ἀσύλῳ
3123 3199 3308 3254 λοιπὸν
3335 3196 3540 3251 ἀπέθου
3564 3195 3768 3267 χωρίῳ.

2193 3312 2290 3385 Μὴ
2324 3311 2503 3365 τοίνυν
2533 3307 2682 3376 λέγε,
2719 3306 2801 3359 ὃτι
2839 3301 3038 3358 Οὐκέτι
3063 3297 3336 3367 καλοῦμαι
3368 3298 3570 3369 πατήρ.
3597 3295 3703 3348 Διά
3724 3292 3775 3347 τί

2195 3412 2306 3484 γὰρ
2338 3410 2523 3464 οὐκέτι
2551 3407 2691 3478 καλῇ
2728 3403 2823 3458 τοῦ
2854 3403 2970 3456 υίοῦ
2996 3403 3285 3472 μένοντος;
3321 3398 3398 3468 μὴ
3429 3395 3533 3466 γὰρ
3561 3393 3776 3448 ἀπέϐα-

2200 3513 2291 3576 λες
2314 3511 2374 3564 τὸ
2405 3507 2616 3562 παιδίον
2641 3522 2656 3572 ;
2695 3502 2771 3577 μὴ
2807 3502 2916 3574 γὰρ
2952 3499 3240 3562 ἀπώλεσας
3269 3497 3360 3551 τὸν
3385 3495 3522 3560 υίόν;
3555 3491 3775 3546 Μᾶλλον

2202 3613 2442 3682 ἐκτήσω,
2476 3607 2573 3662 καὶ
2598 3605 3008 3676 ἀσφαλέστερον
3046 3601 3223 3672 έσχες.
3257 3597 3358 3652 Διά
3393 3597 3550 3651 τοῦτο
3591 3594 3782 3649 οὐκέτι

2202 3708 2440 3767 ἐνταῦθα
2472 3707 2632 3779 μόνον
2653 3703 2792 3776 καλῇ
2819 3703 3024 3773 πατὴρ,
3051 3697 3186 3753 ἀλλά
3215 3697 3310 3750 καὶ
3345 3695 3403 3747 ἐν
3433 3692 3512 3763 τῷ
3543 3687 3780 3762 οὐρανῷο

2200 3814 2343 3870 ὥστε
2377 3810 2440 3864 οὐ
2468 3810 2530 3863 τὸ
2558 3805 2740 3878 πατὴρ
2769 3801 3054 3859 καλεῖσθαι
3075 3797 3386 3863 ἀπώλεσας,
3421 3791 3562 3848 ἀλλά
3580 3790 3643 3844 τδ
3668 3808 3787 3862 μειο

2203 3915 2375 3980 ζόνως
2409 3908 2694 3965 καλεῖσθαι
2723 3902 3078 3977 προσέλασες·
3109 3901 3168 3956 οὐ
3201 3898 3310 3970 γάρ
3339 3895 3536 3969 θνητοῦ
3568 3893 3784 3949 παιδίου

2201 4013 2410 4079 λοιπὸν,
2441 4010 2558 4065 ἀλλ’
2595 4006 2865 4063 ἀθανάτου
2897 4001 3148 4074 κληθήσῃ
3193 3998 3398 4070 πατὴρ,
3447 3993 3789 4068 στρατιώτου

2202 4113 2475 4185 γενναίου,
2531 4107 2628 4162 καὶ
2680 4105 2830 4160 ἐνδον
2889 4103 3124 4167 ἑστῶτος
3167 4097 3454 4172 διηνεκῶς.
3510 4095 3605 4167 Μὴ
3654 4094 3788 4166 γὰρ,

2205 4212 2395 4285 ἐπειδὴ
2429 4211 2507 4284 μὴ
2541 4207 2795 4281 πάρεστι,
2846 4205 2942 4258 καὶ
2986 4201 3326 4258 ἀπολωλέναι
3371 4198 3534 4253 αὐτδν
3573 4194 3790 4266 νόμιζε.

2207 4317 2340 4373 Οὑδέ
2369 4312 2498 4385 γὰρ,
2533 4312 2582 4365 εί
2627 4306 2926 4379 ἀποδημῶν
2971 4303 3288 4375 ἐτύγχανεν,
3324 4299 3540 4370 ἀπέστη
3585 4297 3652 4352 ἀν
3692 4311 3793 4348 σου

2207 4419 2301 4473 καὶ
2328 4413 2569 4485 τοῦνομα
2603 4411 2703 4483 τῆς
2743 4406 3062 4478 συγγενείας
3093 4404 3234 4476 μετὰ
3264 4401 3358 4458 τοῦ
3389 4399 3663 4470 σώματος.
3697 4395 3794 4468 Μὴ

2207 4522 2273 4594 δὴ
2298 4522 2365 4592 τῇ
2396 4517 2518 4588 δψει
2554 4514 2651 4569 τοῦ
2681 4512 2940 4584 κειμένου
2967 4509 3224 4582 πρόσεχε,
3252 4506 3375 4562 ἐπεὶ
3406 4501 3796 4576 ἀναῤῥιπίζεις

2210 4621 2274 4675 τὸ
2313 4617 2504 4682 πάθος,
2537 4614 2652 4670 ἀλλ’
2678 4612 2860 4681 ἄπαγε
2885 4611 2984 4683 τὴν
3003 4611 3242 4664 διάνοιαν
3267 4607 3376 4661 ἀπὸ
3398 4603 3494 4658 τοῦ
3529 4602 3797 4674 κειμένου

2218 4719 2355 4792 πρὸς
2390 4717 2483 4772 τὸν
2503 4714 2748 4786 οὐρανόν.
2778 4712 2890 4782 Οὐχ
2913 4703 3066 4774 οὗτός
3095 4710 3212 4762 ἐστι
3242 4705 3302 4760 τδ
3337 4704 3548 4759 παιδίον
3579 4701 3642 4756 τδ
3675 4699 3796 4755 κείο

2223 4826 2404 4896 μένον.
2431 4820 2546 4876 ἀλλ’
2595 4819 2803 4878 ἐκεῖνος
2847 4816 2876 4868 6
2915 4811 3168 4875 ἀποπτάς
3209 4810 3305 4865 καὶ
3335 4803 3666 4879 ἀναδραμὼν
3712 4804 3798 4866 εἰς

2207 4929 2342 5002 ὕψος
2367 4929 2612 4998 ἄπειρον.
2643 4923 2812 4978 Ὅταν
2841 4919 3018 4972 τοίνυν
3043 4917 3158 4989 ἴδῃς
3179 4915 3306 4977 τοὺς
3326 4909 3637 4981 ὀφθαλμοὺς
3665 4905 3805 4961 καθα

2209 5031 2541 5108 ῃρημένους,
2569 5025 2664 5080 καὶ
2689 5024 2750 5077 τὸ
2781 5021 2958 5092 στόμα
2990 5015 3389 5089 συνῃρημένον,
3427 5012 3520 5065 καὶ
3543 5009 3605 5063 τὸ
3631 5009 3800 5080 σῶμα

2211 5133 2490 5204 ἀκίνητον,
2528 5126 2604 5199 μὴ
2630 5125 2788 5180 τοῦτο
2815 5123 3008 5188 ἐννόει,
3033 5121 3115 5173 ὅτι
3137 5117 3293 5171 τοῦτο
3325 5116 3387 5169 τὸ
3412 5115 3586 5185 στόμα
3607 5113 3800 5167 οὐκέτι

2215 5235 2533 5307 φθέγγεται,
2555 5223 2700 5282 οῦτοι
2731 5227 2779 5279 οἱ
2809 5221 3080 5294 ὀφθαλμοὶ
3105 5220 3287 5298 οὐκέτι
3311 5217 3621 5287 βλέπουσιν,
3647 5209 3797 5270 οὗτοι

2215 5339 2264 5390 οἱ
2296 5334 2462 5396 πόδες
2511 5328 2696 5385 οὐκέτι
2742 5323 3071 5398 βαδίζουσιν,
3102 5321 3216 5376 ἀλλ’
3255 5322 3336 5384 είς
3379 5317 3586 5390 φθορὰν
3619 5315 3799 5370 πάντα

2215 5438 2445 5508 οἴχεταιο
2479 5431 2557 5504 μὴ
2584 5429 2756 5485 ταῦτα
2783 5427 2931 5495 λέγε,
2967 5425 3102 5480 ἀλλά
3134 5422 3394 5478 τάναντία
3439 5418 3668 5485 τούτων,
3715 5418 3797 5471 ὅτι

2217 5535 2390 5592 Τοῦτο
2413 5533 2511 5606 μὲν
2534 5531 2596 5585 τὸ
2628 5527 2804 5600 στόμα
2826 5527 3049 5598 ἄμεινον
3076 5523 3384 5594 φθέγξεται,
3413 5521 3506 5575 καὶ
3531 5517 3580 5574 ot
3597 5517 3796 5590 ὀφθαλ-

2289 5755 2316 5786 .
2340 5752 2424 5802 Sic
2442 5763 2534 5800 ms.
2561 5747 2695 5800 Edili
2728 5757 2866 5805 vero,
2885 5745 3043 5808 χῶρον
3065 5743 3272 5806 μέτεστι,
3297 5740 3443 5790 male.
