3998 6410
194 411 295 467 58‘)

198 525 428 595 denique
456 520 668 593 quidvis
710 516 953 580 amittat,
984 512 1087 566 boc
1110 520 1289 564 tamen
1316 508 1382 561 ad
1425 504 1672 561 ciendum
1699 501 1786 557 do-

196 618 368 673 lorem
399 612 649 669 omnibus
688 616 774 665 est
810 605 1117 661 violentius.
1155 601 1348 656 Pellem
1399 598 1565 664 enim,
1592 595 1781 666 inquit,

198 725 291 780 pro
330 706 486 780 pelle,
515 714 562 760 et
588 702 758 757 omnia
786 713 903 768 qua:
942 697 1088 749 habet
1117 694 1288 756 homo,
1316 690 1453 743 dabit
1493 705 1585 757 pro
1614 687 1785 780 animo

197 779 291 857 sua
315 779 338 868 (ί
358 797 480 852 Job.
508 796 565 850 2.
593 796 627 849 4
651 794 692 862 ).
721 792 833 847 Nec
872 788 1160 860 quidquam
1212 782 1455 853 corporis
1506 779 1787 835 tormentis

198 893 450 951 acerbius
476 889 601 959 ﬁngi
633 895 826 959 potest.
856 882 961 939 Sed
1011 890 1189 936 tamen
1233 893 1351 947 qua:
1381 876 1461 930 vel
1491 873 1673 928 auditu
1702 872 1785 925 in-

1293 392 1353 445 lN
1395 389 1603 445 El‘lST.
1651 387 1688 441 ll
1755 387 1844 439 AD
1885 386 2037 443 COR.
2084 388 2312 444 llOMlL.
2356 392 2395 445 1.

3374 400 3477 455 390

1896 511 2005 557 tam
2035 503 2291 570 admiror,
2311 521 2432 561 cum
2462 508 2679 563 domum
2708 525 2859 565 suam
2894 513 3211 583 pauperibus
3240 527 3481 584 apertam

1894 590 2071 655 habet,
2100 608 2258 663 quam
2287 596 2535 651 emndem
2581 600 2814 669 suspicio
2840 617 2903 655 ac
2934 602 3185 669 praedico,
3220 620 3342 658 cum
3380 604 3481 658 bo-

1894 698 2081 737 norum
2128 686 2458 755 creptionem
2516 689 2588 742 ita
2638 689 2761 757 fert,
2791 702 2846 745 ut
2883 693 3082 761 gratias
3126 697 3286 749 etiam
3337 705 3477 765 agat.

1892 772 2043 839 Quod
2071 774 2229 829 etiam
2260 777 2430 846 ipsum
2481 778 2533 832 in
2582 779 2868 835 liberorum
2901 784 3192 839 amissione
3235 782 3483 839 accidere

1891 880 2113 920 cernere
2141 866 2283 921 licet.
2312 868 2494 940 Neque
2524 871 2666 925 enim
2696 873 2794 928 hac
2822 874 2874 928 in
2904 890 2962 930 re
2991 875 3253 931 minorem
3285 889 3491 931 merce-

202 982 478 1043 toleranda
504 953 674 1046 edat,
704 992 766 1033 ea
795 975 864 1030 ob
890 972 1140 1045 gaudium
1186 968 1337 1033 illud,
1367 965 1506 1038 quod
1534 962 1753 1018 divinitr
1783 968 1852 1041 ι
1895 953 2013 1046 dem
2041 956 2241 1026 capies,
2267 972 2425 1027 quam
2457 961 2668 1032 ille,qni
2699 962 2864 1017 filium
2893 978 3047 1019 suum
3076 965 3296 1022 adduxit
3322 977 3481 1035 atque

199 1075 503 1146 concipitur
526 1114 543 1140 ,
584 1067 885 1126 tolerabilia
929 1075 1090 1135 atque
1117 1063 1278 1119 etiam
1305 1056 1601 1129 expetenda
1634 1056 1784 1108 liunt.

202 1174 277 1226 Ac
301 1169 349 1224 si
376 1184 408 1223 ι
437 1167 603 1238 ligno,
632 1163 715 1218 vel
740 1177 771 1216 a
799 1158 1086 1229 sartagine,
1117 1153 1358 1210 nonnihil
1385 1151 1559 1205 adhuc
1585 1151 1791 1218 spiran-

204 1276 309 1319 tem
341 1270 633 1332 martyrem
652 1255 918 1319 eduxeris,
950 1261 1153 1306 tantum
1181 1246 1430 1319 gaudium
1454 1245 1506 1299 in
1537 1257 1603 1297 eo
1629 1242 1788 1297 situm

200 1351 509 1424 compcries
527 1392 545 1419 ,
573 1356 831 1421 quantum
860 1359 928 1401 ne
952 1342 1133 1399 verbis
1158 1339 1378 1411 quidem
1410 1336 1534 1392 ullis
1561 1333 1787 1404 exprimi

203 1446 394 1518 possit.
441 1443 513 1498 Et
554 1441 683 1513 quid
738 1436 948 1500 faciam,
1003 1434 1235 1504 inquies,
1290 1427 1501 1500 quando
1553 1424 1793 1494 martyrii

207 1552 420 1609 tempus
450 1548 591 1589 nunc
631 1548 738 1587 non
784 1529 906 1585 est?
932 1526 1071 1596 Quid
1108 1523 1288 1581 dicis?
1316 1519 1557 1590 martyrii
1586 1528 1795 1585 tempus

204 1646 352 1688 nunc
381 1644 487 1683 non
524 1625 673 1681 adest
698 1624 721 1677 l
751 1621 1048 1691 Numquam
1074 1615 1208 1672 illud
1235 1614 1417 1679 abest,
1444 1611 1539 1667 sed
1583 1622 1797 1676 semper

206 1726 275 1779 ob
300 1722 489 1779 oculos
518 1726 730 1773 nostros
754 1722 1019 1778 versatur,
1044 1711 1091 1765 si
1134 1706 1371 1779 vigilanti
1400 1706 1580 1759 animo
1604 1702 1791 1757 simus.

206 1815 393 1882 Neque
439 1810 583 1866 enim
633 1807 688 1862 in
739 1806 882 1876 ligno
933 1811 1139 1859 tantum
1194 1797 1449 1869 pendere,
1506 1803 1796 1865 martyrem

207 1907 336 1962 facit
350 1903 373 1960 ἐ
402 1902 656 1974 quoniam
677 1901 723 1955 si
749 1898 824 1955 ita
851 1912 939 1953 res
964 1895 1202 1959 haberet,
1236 1905 1559 1947 coronarum
1605 1887 1796 1956 hujus-

207 1998 355 2054 modi
381 1997 484 2052 Job
512 2008 708 2064 expers
734 1999 895 2048 esset.
932 1989 1118 2059 Neque
1155 1987 1299 2042 enim
1327 1984 1393 2039 ad
1426 1980 1656 2038 tribunal
1704 1979 1793 2036 ad-

206 2089 403 2145 ductus
431 2095 534 2151 est,
566 2099 666 2138 nec
684 2082 880 2152 judicis
909 2093 1096 2135 vocem
1119 2074 1343 2141 audivit,
1372 2089 1470 2128 nec
1493 2070 1800 2127 carnilicem

208 2184 377 2245 vidit;
408 2196 515 2235 non
541 2177 684 2233 enim
714 2191 746 2232 e
772 2174 919 2246 ligno
944 2170 1193 2229 sublimis
1230 2167 1470 2239 pendens
1511 2162 1804 2220 excarniﬁ-

209 2275 436 2330 cabatur
460 2288 474 2323 :
500 2278 555 2325 et
596 2279 771 2323 tamen
814 2264 997 2320 multis
1022 2260 1348 2333 martyribus
1377 2255 1654 2313 acerbiora
1682 2269 1803 2325 pas-

210 2380 303 2421 sus
330 2370 447 2429 est;
469 2375 533 2416 ac
558 2373 720 2415 voces
748 2357 855 2412 illa:
877 2354 1211 2419 nuntiorum,
1233 2350 1325 2422 qui
1353 2348 1447 2404 alii
1472 2347 1591 2403 aliis
1616 2360 1803 2401 succe-

210 2459 429 2521 debant,
461 2468 581 2509 eum
621 2450 810 2523 quavis
836 2449 989 2519 plaga
1013 2445 1189 2502 acrius
1216 2442 1567 2510 acerbiusque
1593 2436 1803 2493 convul-

213 2549 495 2613 nerabant,
543 2554 702 2615 atque
742 2541 980 2611 urdique
1030 2532 1803 2599 lancinabant,vermiumque

214 2642 430 2697 illorum
475 2652 570 2692 ora
612 2635 757 2691 omni
804 2649 871 2690 ex
903 2640 1052 2703 parte
1078 2631 1253 2702 ipsum
1298 2625 1609 2690 immanius,
1639 2637 1799 2693 quam

212 2728 454 2786 sexcenti
490 2724 789 2787 carnifices,
818 2720 1197 2779 corrodebant.

286 2824 342 2879 5.
386 2821 622 2891 Ecquem
665 2816 827 2888 igitur
870 2822 1161 2885 martyrem
1190 2810 1280 2867 hic
1322 2824 1427 2865 non
1452 2804 1664 2878 aequet?
1692 2804 1805 2860 lmo

213 2931 347 2973 vero
373 2921 677 2969 sexcentos.
706 2908 839 2964 Nam
889 2922 984 2977 per
1023 2904 1203 2960 omnia
1249 2916 1427 2959 rerum
1457 2914 1653 2972 genera
1689 2907 1803 2953 tum

216 3008 537 3071 luctabatur,
562 3014 673 3059 tum
701 3002 932 3073 palmam
959 2998 1253 3064 obtinebat,
1282 2996 1530 3051 nimirum
1553 3007 1812 3065 poropes,

214 3117 315 3173 per
343 3101 543 3154 liberos
568 3138 584 3165 ,
613 3110 711 3167 per
735 3108 932 3164 corpus
955 3132 970 3158 ,
999 3106 1099 3163 per
1146 3102 1368 3145 uxorem
1396 3129 1413 3155 ,
1442 3102 1540 3157 per
1564 3087 1766 3140 amicos
1784 3123 1800 3149 ,

217 3209 315 3262 per
342 3192 546 3255 hostes,
597 3202 693 3258 per
742 3198 968 3250 servos;
997 3197 1119 3237 nam
1165 3180 1221 3236 bi
1247 3193 1459 3251 quoque
1498 3178 1552 3232 in
1602 3191 1664 3230 os
1689 3174 1804 3244 ejus

216 3283 572 3352 inspuebant;
607 3293 702 3347 pcr
750 3277 964 3340 famem,
1013 3288 1107 3342 per
1157 3269 1387 3332 somnia.
1429 3284 1526 3339 per
1564 3266 1800 3331 dolores,

216 3390 314 3443 per
341 3373 606 3428 faetorem.
636 3368 721 3422 Ob
747 3380 973 3433 eamque
1004 3376 1219 3417 causam
1247 3361 1377 3424 dixi,
1410 3376 1530 3413 enm
1580 3374 1684 3412 non
1713 3354 1803 3411 uni

215 3473 311 3519 aut
358 3461 567 3516 duobus
609 3469 700 3513 aut
747 3458 953 3520 tribus,
1003 3455 1097 3510 sed
1150 3453 1418 3509 sexcentis
1483 3450 1804 3522 martyribus

216 3552 537 3625 aequandum
561 3563 701 3607 esse.
731 3547 941 3602 Etenim
969 3560 1073 3601 una
1099 3560 1218 3600 cum
1242 3544 1306 3599 iis
1332 3559 1451 3613 quae
1478 3557 1804 3597 commemo—

218 3654 333 3700 rata
381 3651 526 3707 sunt,
555 3649 766 3712 tempus
814 3652 1026 3709 quoque
1078 3652 1327 3707 magnum
1377 3636 1545 3705 ipsius
1590 3635 1805 3689 coronis

217 3735 490 3791 cumulum
524 3731 671 3788 addit
700 3749 713 3785 :
742 3730 942 3801 quippe
967 3730 1109 3799 quod
1150 3738 1273 3783 ante
1303 3729 1471 3797 legem
1500 3736 1556 3781 et
1580 3727 1803 3798 gratiam

220 3829 338 3883 haec
364 3839 649 3897 perpessus
673 3825 764 3892 sit,
794 3823 935 3893 quod
965 3822 1162 3876 multos
1188 3835 1426 3885 menses,
1455 3821 1596 3890 quod
1626 3819 1801 3872 omnia

220 3934 381 3988 supra
410 3916 657 3983 modum,
685 3914 826 3985 quod
852 3912 1170 3969 acerbitates
1195 3926 1382 3965 omnes
1415 3910 1572 3964 simul
1601 3910 1651 3963 in
1681 3924 1804 3963 eum

222 4009 482 4079 impetum
513 4006 734 4062 fecerint
765 4024 779 4060 :
810 4018 1132 4075 quamquam
1162 4001 1573 4071 unumquodque
1618 4016 1803 4055 eorum

222 4102 307 4156 vel
332 4099 509 4155 solum
536 4096 872 4153 intolerabile
897 4103 1051 4160 erat,
1092 4094 1313 4164 ipsaque
1336 4093 1471 4148 adeo
1496 4092 1803 4148 divitiarum

220 4193 449 4262 jactura,
475 4203 593 4259 qua:
612 4187 833 4258 reliquis
851 4185 1177 4242 tolerabilior
1198 4200 1319 4241 esse
1340 4185 1636 4240 videbatur.
1659 4184 1807 4240 Multi

225 4280 422 4352 quippe
452 4281 630 4350 plagas
656 4278 873 4349 quidem
914 4293 1070 4347 :equo
1098 4276 1278 4331 animo
1326 4276 1581 4341 tulerunt,
1607 4276 1698 4347 qui
1728 4284 1808 4331 la-

228 4388 351 4427 meu
384 4386 546 4442 opum
573 4371 835 4441 jacturam
864 4369 1088 4424 minime
1116 4369 1448 4439 pertulerunt
1472 4385 1487 4435 ;
1518 4384 1701 4424 verum
1730 4384 1812 4423 ea-

228 4478 346 4517 rum
398 4476 555 4516 causa
612 4460 793 4530 ﬂagris
844 4459 1022 4529 potius
1064 4458 1293 4524 concidi,
1330 4470 1489 4529 atque
1515 4459 1812 4515 innumeris

228 4552 623 4607 calamitatibus
670 4550 1040 4621 aflici,quam
1092 4550 1324 4619 aliquam
1375 4566 1559 4604 earum
1609 4561 1810 4620 partem

232 4642 495 4713 projicere
567 4641 909 4708 maluerunt,
964 4641 1370 4712 gravioremque
1435 4656 1553 4695 eam
1607 4641 1812 4711 plagam

229 4736 646 4796 existimarunt,
679 4750 797 4805 qua:
823 4749 887 4788 ex
926 4748 1085 4803 opum
1114 4732 1438 4788 detrimento
1459 4733 1684 4801 capitur.
1716 4734 1818 4787 Ita-

230 4843 337 4898 que
366 4827 466 4881 hoc
496 4842 706 4897 quoque
736 4825 877 4881 aliud
923 4825 1167 4896 martyrii
1193 4840 1361 4896 genus
1390 4836 1472 4880 est
1498 4866 1513 4890 ,
1547 4843 1667 4880 cum
1700 4828 1817 4897 quis

230 4934 416 4975 earum
459 4917 801 4973 amissionem
845 4916 969 4973 forti
1020 4915 1202 4972 animo
1228 4916 1446 4986 perfert.
1482 4917 1549 4972 Et
1587 4934 1817 4985 quonam

233 5012 398 5069 modo
420 5052 436 5078 ,
466 5011 671 5081 inquiet
697 5011 909 5079 aliquis,
942 5025 1059 5064 eam
1086 5009 1207 5064 forti
1236 5009 1415 5064 animo
1446 5009 1820 5079 perferemus?

234 5106 372 5159 Cum
396 5102 649 5158 didiceris
680 5114 729 5157 te
764 5117 859 5171 per
880 5102 1089 5156 unicam
1118 5116 1324 5165 vocem,
1353 5117 1455 5171 qua
1486 5103 1594 5157 Deo
1623 5103 1822 5171 gratias

236 5210 385 5267 agas,
417 5197 534 5264 plus
578 5195 706 5249 lucri
747 5193 1031 5259 facturum,
1057 5209 1213 5263 quam
1239 5194 1420 5249 damni
1449 5192 1659 5250 feceris.
1690 5195 1821 5249 Nam

236 5292 281 5345 si
313 5289 488 5342 audita
515 5303 700 5342 earum
730 5287 1016 5342 amissione
1043 5286 1261 5342 minime
1283 5288 1667 5344 conturbcmur
1690 5330 1705 5354 ,
1730 5289 1823 5345 sed

237 5378 501 5443 dicamus,
530 5378 847 5433 Benedictus
895 5379 1065 5442 Dens;
1098 5378 1253 5449 longe
1297 5380 1574 5435 uberiores
1616 5381 1827 5436 divitias

241 5469 773 5565 invqnimus.Neqne
822 5470 961 5525 enim
1015 5480 1214 5524 tantum
1264 5472 1505 5527 utilitatis
1553 5473 1752 5541 capies,
1784 5475 1827 5528 si

241 5560 373 5631 opes
420 5570 539 5617 tnas
587 5560 641 5616 in
693 5571 910 5631 egentes
954 5577 1257 5623 consumas,
1288 5572 1344 5618 et
1388 5563 1718 5627 obambules,
1769 5579 1831 5618 ac

242 5667 507 5724 pauperes
558 5651 864 5721 conquiras,
893 5651 1276 5724 facultatesque
1330 5664 1447 5709 tuas
1492 5656 1545 5710 in
1598 5670 1692 5710 cos
1740 5654 1831 5725 qui

246 5747 388 5800 fame
413 5744 659 5797 laborant
687 5759 927 5814 spargas,
955 5756 1211 5813 quantum
1258 5762 1352 5815 per
1392 5746 1492 5802 hoc
1520 5763 1682 5802 unum
1707 5763 1831 5802 ver-

247 5838 377 5896 bum
401 5839 750 5896 emolumenti
780 5839 941 5893 feres.
967 5839 1406 5913 Quandoquidem
1432 5853 1481 5897 et
1508 5842 1696 5898 Jobum
1726 5858 1830 5897 non

572 5927 846 5993 Ρηιιοι.
879 5932 997 5993 Gn.
1040 5934 1202 6005 LX].

1894 1045 2211 1115 immolavit,
2242 1050 2287 1102 si
2339 1066 2460 1105 cum
2520 1052 2683 1106 filium
2737 1056 3052 1110 morientem
3102 1056 3479 1127 conspexeris,

1896 1136 2127 1208 benigno
2157 1142 2266 1196 Deo
2297 1145 2496 1214 gratias
2526 1160 2674 1215 agas.
2706 1146 2760 1200 In
2790 1163 2896 1217 quo
2928 1148 3071 1204 enim
3100 1149 3146 1205 is
3176 1150 3268 1220 qui
3298 1149 3488 1220 hujus-

1896 1232 2041 1287 modi
2085 1234 2264 1289 animo
2312 1237 2563 1305 praeditus
2613 1249 2715 1305 est,
2746 1241 3051 1295 Abrahamo
3101 1242 3322 1298 inferior
3366 1242 3486 1297 sit?

1897 1321 1989 1378 Ille
2016 1326 2157 1379 enim
2190 1342 2295 1381 non
2328 1338 2595 1383 mortuum
2628 1330 2774 1387 humi
2804 1342 3028 1386 stratum
3061 1333 3214 1398 vidit,
3246 1333 3341 1388 sed
3370 1344 3489 1388 lano

1899 1424 2008 1469 tum
2039 1418 2411 1486 exspectavit:
2444 1421 2697 1489 quocirca
2744 1426 2789 1476 si
2838 1423 2936 1478 hac
2981 1424 3189 1480 ratione
3239 1425 3485 1494 superior

1898 1513 1999 1568 cst,
2022 1506 2164 1576 quod
2194 1507 2359 1563 filium
2383 1520 2618 1565 mactare
2641 1511 2882 1581 parabat,
2898 1523 3057 1584 atque
3082 1522 3296 1569 extenta
3324 1528 3485 1568 manu

1898 1599 2132 1669 gladium
2161 1603 2457 1672 arripuerat
2481 1646 2494 1666 ,
2523 1604 2576 1658 in
2608 1604 2710 1660 hoc
2733 1621 2946 1660 rursum
2976 1606 3193 1662 inferior
3212 1617 3314 1674 est,
3342 1609 3485 1679 quod

1901 1689 1986 1743 hic
2014 1705 2145 1758 puer
2185 1702 2427 1747 mortuus
2459 1694 2653 1763 jaceat.
2678 1697 2975 1763 Quinetiam
3019 1697 3215 1767 alioqui
3243 1699 3486 1767 praeclari

1901 1783 2149 1839 facinoris
2188 1799 2315 1854 spes
2341 1788 2759 1843 consolationem
2792 1789 2890 1858 ipsi
2914 1789 3204 1845 alferebat:
3236 1799 3394 1861 atque
3426 1792 3486 1845 il-

1900 1876 1990 1932 lud
2022 1880 2170 1946 item,
2213 1881 2354 1951 quod
2383 1891 2659 1937 strenuum
2691 1883 2989 1952 lntjusmodi
3022 1884 3227 1939 facinus
3255 1887 3487 1956 propria:

1902 1968 2067 2039 ipsius
2110 1970 2433 2027 fortitudinis
2462 1990 2656 2029 munus
2699 1985 2810 2029 erat
2834 1993 2849 2041 ;
2877 1991 2940 2031 ac
2970 1986 3228 2046 praaterea
3256 1992 3359 2032 vox
3384 1994 3446 2033 ea
3470 2020 3484 2042 .

1903 2076 2021 2133 qua:
2046 2064 2250 2118 caelitus
2280 2065 2608 2131 mittebatur,
2642 2068 2709 2121 ali
2755 2082 2820 2121 eo
2870 2069 3071 2134 audita,
3104 2071 3488 2141 promptiorem

1903 2166 2022 2206 eum
2054 2153 2331 2210 reddebat.
2363 2156 2461 2213 llic
2486 2171 2664 2212 autem
2694 2158 2823 2213 nihil
2852 2159 3116 2231 ejusmodi
3146 2172 3247 2219 est.
3277 2163 3356 2218 Ex
3385 2180 3489 2235 quo

1905 2246 2237 2319 intelligitur,
2266 2248 2607 2305 adamantina
2636 2252 2866 2323 quadam
2895 2254 3071 2309 anima
3100 2270 3239 2326 opus
3262 2270 3401 2322 esse,
3434 2266 3489 2314 ut

1903 2341 2166 2411 quispiam
2190 2342 2408 2397 unicum
2438 2342 2626 2410 lilium,
2654 2346 2741 2415 qui
2775 2345 2827 2399 in
2858 2346 3058 2403 divitiis
3087 2348 3345 2405 educatus
3375 2351 3488 2407 lue:

1905 2440 2008 2499 rat,
2035 2432 2322 2504 laetamque
2346 2434 2415 2490 de
2440 2450 2500 2491 se
2525 2450 2673 2507 spem
2699 2438 2977 2504 alferebat,
3006 2440 3059 2494 in
3084 2442 3287 2496 tumulo
3309 2443 3486 2511 jacen-
3528 2424 3530 2426 V

1907 2534 2014 2581 tem
2043 2535 2099 2580 et
2123 2534 2400 2582 extentum
2424 2529 2760 2597 conspiciens
2783 2570 2799 2596 ,
2827 2545 3009 2585 casum
3040 2530 3182 2586 hunc
3212 2531 3404 2588 leniter
3427 2549 3494 2588 ac

1907 2616 2112 2686 placide
2140 2616 2295 2674 ferat.
2327 2618 2427 2685 Qui
2468 2618 2571 2674 hoc
2613 2620 2793 2674 animo
2818 2630 2926 2690 est,
2956 2622 3003 2676 si
3045 2622 3247 2680 sedatis
3286 2636 3491 2680 natura:

1905 2707 2152 2763 fluctibus
2190 2708 2320 2764 illud
2349 2708 2469 2765 Jobi
2497 2711 2654 2765 siccis
2681 2712 2850 2766 oculis
2893 2712 3075 2769 dicere
3098 2723 3278 2785 queat,
3308 2714 3492 2770 Domi.

1905 2817 2000 2854 nus
2038 2802 2215 2867 dedit,
2248 2802 2500 2857 Dominus
2552 2802 2759 2858 abstulit
2788 2802 2807 2873 (
2833 2802 2933 2858 Job
2964 2805 3016 2860 Ι.
3060 2805 3125 2861 21
3165 2808 3223 2875 );
3272 2808 3343 2863 ob
3389 2807 3493 2864 hoc

1904 2890 2182 2946 dumtaxat
2211 2893 2430 2948 verbum
2462 2910 2565 2948 una
2604 2910 2727 2951 cum
2773 2894 3079 2951 Abrahamo
3118 2898 3490 2965 collocabitur,

1905 3000 2008 3039 una
2035 3000 2155 3040 cum
2181 2985 2282 3041 Job
2312 2986 2479 3041 victor
2500 2987 2896 3057 prmdicabitur.
2929 2988 3081 3056 Quod
3123 2989 3190 3054 si,
3219 3003 3493 3060 compres-

1902 3078 1982 3133 sis
2006 3078 2287 3133 mulierum
2333 3079 2650 3150 singultibus
2677 3080 2963 3151 cborisque
2994 3081 3289 3152 lugentium
3321 3082 3494 3139 disso-

1904 3168 2051 3236 lutis,
2094 3184 2284 3224 omnes
2332 3169 2399 3224 ad
2453 3170 2804 3226 celebrandas
2854 3172 2947 3227 Dei
3003 3171 3190 3229 laudes
3221 3172 3490 3239 excitarit,

1905 3262 2184 3318 innumera
2212 3264 2265 3318 in
2292 3264 2426 3319 cmlo
2451 3306 2465 3329 ,
2496 3265 2774 3320 innumera
2804 3266 2858 3320 in
2897 3276 3035 3321 terra
3063 3269 3280 3338 prmmia
3309 3285 3495 3326 consea

1904 3362 2114 3425 quetur,
2141 3356 2446 3411 hominibus
2490 3372 2613 3412 eum
2667 3358 3076 3427 admirantibus,
3107 3361 3308 3432 angelis
3344 3363 3494 3433 plau-

1905 3449 2174 3514 dentibus,
2206 3450 2316 3504 Deo
2341 3460 2658 3506 coronante.

1976 3541 2028 3596 6.
2063 3541 2130 3596 Et
2158 3543 2247 3612 qui
2279 3542 2393 3619 ﬁeri
2422 3551 2617 3613 queat,
2661 3543 2804 3599 dicet
2832 3545 3053 3616 aliquis,
3100 3554 3160 3601 ut
3194 3548 3283 3617 qui
3325 3548 3486 3606 homo

1905 3642 1988 3687 est
2007 3675 2022 3695 ,
2055 3647 2160 3687 non
2190 3632 2409 3703 lugeat?
2439 3633 2702 3689 Nimirum
2731 3635 2775 3690 si
2797 3637 3019 3706 cogites,
3056 3652 3153 3691 nec
3177 3639 3493 3707 patriarcha:

1908 3742 2004 3781 nec
2032 3726 2188 3792 Jobo,
2221 3741 2342 3781 cum
2377 3726 2539 3781 homo
2578 3737 2802 3798 uterque
2842 3735 3020 3793 esset,
3067 3730 3355 3799 quidquam
3389 3732 3494 3787 tale

1906 3819 2167 3873 accidisse
2190 3859 2204 3879 ,
2240 3817 2397 3887 idque
2422 3833 2546 3872 cum
2574 3827 2799 3889 uterque
2827 3828 2954 3874 ante
2984 3819 3153 3889 legem
3185 3829 3239 3875 et
3266 3824 3492 3890 gratiam

1906 3926 1968 3964 ac
1986 3920 2185 3964 tantam
2205 3909 2379 3980 legum
2402 3909 2793 3979 philoSOphiam
2817 3910 3107 3964 exstitisset
3133 3931 3144 3967 :
3169 3912 3211 3967 si
3235 3924 3494 3981 praetcrea

1908 4002 2036 4056 illud
2065 4001 2396 4067 consideres,
2428 4016 2572 4063 eum,
2604 4000 2692 4071 qui
2719 4000 2880 4055 vitam
2908 4016 3029 4056 cum
3058 4012 3231 4057 morte
3256 4019 3497 4060 commu-

1910 4096 2059 4160 tavit,
2087 4094 2153 4149 ad
2185 4093 2463 4149 meliorem
2484 4092 2759 4163 regionem
2784 4093 3062 4164 migrasse,
3088 4102 3244 4165 atque
3265 4096 3330 4151 ad
3354 4113 3495 4167 prac-

1908 4187 2220 4241 Stantiorem
2246 4192 2445 4239 sortem
2476 4185 2815 4249 transiliisse,
2846 4194 3003 4256 teque
3030 4200 3135 4241 non
3168 4186 3333 4243 filium
3365 4190 3500 4244 ami-

1909 4279 2081 4343 sisse,
2113 4277 2208 4333 sed
2251 4278 2305 4331 iu
2336 4286 2449 4331 tuto
2486 4277 2594 4346 jam
2628 4277 2750 4332 loco
2777 4276 3094 4333 collocasse.
3135 4280 3497 4347 Quamobrem

1914 4388 1980 4427 ne
2004 4372 2203 4427 dixeris
2223 4413 2239 4438 ,
2271 4370 2388 4426 Jam
2417 4380 2569 4441 pater
2600 4387 2707 4428 non
2731 4386 2915 4427 vocor.
2944 4369 3051 4428 Cur
3080 4374 3221 4429 enim
3259 4391 3363 4431 non
3386 4376 3498 4446 jam

1915 4466 2123 4521 voceris
2143 4506 2157 4530 ,
2187 4479 2308 4519 cum
2350 4463 2492 4517 filius
2523 4474 2642 4517 tuus
2668 4472 2940 4533 superstes
2979 4464 3091 4519 sit?
3120 4482 3245 4520 num
3273 4482 3495 4537 puerum

1914 4556 2179 4612 amisisti?
2208 4572 2332 4610 num
2383 4554 2549 4610 lilium
2583 4554 2894 4625 perdidisti?
2923 4557 3037 4613 lmo
3067 4559 3243 4629 potius
3272 4561 3496 4632 adeptus

1916 4664 1995 4714 es,
2027 4648 2297 4717 tutiusque
2329 4645 2592 4717 possides.
2626 4647 2750 4703 Ideo
2777 4661 2885 4703 non
2908 4647 3016 4719 jam
3048 4648 3132 4704 hic
3154 4650 3327 4707 solum
3354 4660 3507 4722 pater

1917 4740 2145 4807 vocaris,
2169 4740 2263 4795 sed
2286 4738 2443 4795 etiam
2466 4739 2519 4792 in
2542 4740 2692 4793 caelo.
2719 4737 3096 4808 Quamobrem,
3127 4750 3331 4798 tantum
3353 4746 3508 4801 abest

1920 4845 1976 4890 ut
2007 4833 2169 4905 patris
2212 4846 2409 4888 nomen
2453 4831 2728 4896 amiseris,
2762 4840 2822 4886 ut
2864 4832 3134 4904 copiosius
3172 4837 3333 4891 etiam
3374 4837 3505 4894 illud

1921 4927 2014 4981 tibi
2043 4925 2333 4981 accesserit
2364 4943 2376 4979 :
2410 4939 2585 4994 neque
2622 4924 2763 4977 enim
2804 4924 2913 4994 jam
2955 4927 3232 4993 mortalis,
3279 4929 3372 4985 sed
3401 4931 3504 4985 im-

1923 5015 2164 5071 mortalis
2196 5014 2290 5070 lilii
2318 5022 2468 5085 pater
2495 5014 2796 5078 vocaberis,
2827 5006 3139 5086 strenuiqne
3168 5018 3353 5074 militis
3375 5061 3391 5087 ,
3423 5031 3510 5075 at-

1922 5124 2026 5179 que
2055 5109 2197 5161 intus
2228 5115 2489 5175 perpetuo
2527 5105 2738 5160 stantis.
2783 5104 2968 5176 Neque
3010 5107 3155 5162 enim
3195 5118 3313 5177 est,
3364 5113 3509 5181 quod

1925 5216 2046 5256 cum
2076 5198 2275 5254 idcirco
2298 5196 2393 5252 tibi
2422 5195 2647 5267 periisse
2689 5205 2843 5267 putes
2862 5239 2877 5263 ,
2906 5198 3029 5268 quia
3058 5216 3163 5255 non
3192 5201 3362 5258 adest.
3413 5206 3509 5261 Et-

1927 5293 2068 5347 enim
2101 5291 2146 5347 si
2179 5305 2402 5361 peregre
2432 5290 2701 5360 profectus
2734 5290 2942 5357 fuisset,
2963 5307 3067 5347 non
3101 5306 3382 5366 propterea
3402 5316 3507 5353 una

1929 5400 2049 5441 cum
2092 5397 2320 5454 corpore
2366 5381 2777 5452 propinquitatis
2816 5400 3029 5454 quoque
3069 5401 3263 5443 nomen
3294 5389 3514 5446 absces-
3583 5407 3589 5413 ”

1929 5478 2107 5532 sisset.
2138 5460 2397 5543 Quocirca
2426 5490 2496 5530 ne
2522 5474 2748 5544 jacentis
2778 5477 2980 5531 vultum
3000 5479 3247 5547 attende;
3276 5481 3354 5537 sic
3374 5483 3517 5539 enim

1931 5566 2305 5639 aegritudinem
2331 5566 2649 5631 exsuscitas,
2684 5583 2867 5621 verum
2899 5567 2964 5621 da
2995 5584 3237 5639 operam,
3277 5580 3335 5626 ut
3364 5588 3520 5627 men-

1936 5670 2040 5715 tem
2072 5659 2138 5715 ab
2164 5674 2249 5725 eo,
2281 5658 2371 5729 qui
2405 5659 2567 5728 jacet,
2596 5659 2663 5714 ad
2693 5659 2884 5714 caelum
2914 5660 3201 5718 subducas.
3230 5663 3346 5720 Non
3375 5670 3519 5719 enim

1936 5751 2163 5807 cadaver
2205 5750 2341 5817 hoc,
2372 5749 2513 5821 quod
2560 5750 2705 5804 bnmi
2732 5751 2904 5820 jacet,
2940 5750 3080 5806 filius
3110 5761 3232 5807 tuus
3274 5761 3393 5819 est,
3425 5758 3523 5810 sed

1940 5844 2060 5906 illc,
2092 5842 2181 5910 qui
2221 5842 2483 5903 avolavit.
2532 5850 2688 5908 atque
2732 5841 2784 5895 in
2818 5842 3133 5897 immensam
3179 5842 3515 5900 altitudinem

3111 5943 3188 6007 25
