  <div class='ocr_page' id='page_1' title='image "/cluster/home/n/w/nwhite01/storage/ocr_20150623/61:no.10/coo.31924054869619/397.png"; bbox 0 0 3998 6426; ppageno 0'>
   <div class='ocr_carea' id='block_1_1' title="bbox 550 411 646 468">
    <p class='ocr_par' dir='ltr' id='par_1_1' title="bbox 550 411 646 468">
     <span class='ocr_line' id='line_1_1' title="bbox 550 411 646 468; baseline 0 -1"><span class='ocrx_word' id='word_1_1' title='bbox 550 411 646 468; x_wconf 64' lang='grc'><strong>391</strong></span> 
     </span>
    </p>
   </div>
   <div class='ocr_carea' id='block_1_2' title="bbox 550 518 2144 592">
    <p class='ocr_par' dir='ltr' id='par_1_2' title="bbox 550 518 2144 592">
     <span class='ocr_line' id='line_1_2' title="bbox 550 518 2144 592; baseline -0.008 -12"><span class='ocrx_word' id='word_1_2' title='bbox 550 527 811 585; x_wconf 77' lang='lat' dir='ltr'><strong>ascendit.</strong></span> <span class='ocrx_word' id='word_1_3' title='bbox 841 524 976 580; x_wconf 85' lang='lat' dir='ltr'><strong>Cum</strong></span> <span class='ocrx_word' id='word_1_4' title='bbox 1000 523 1174 592; x_wconf 99' lang='lat' dir='ltr'><strong>itaque</strong></span> <span class='ocrx_word' id='word_1_5' title='bbox 1204 520 1493 589; x_wconf 88' lang='lat' dir='ltr'><strong>depressos</strong></span> <span class='ocrx_word' id='word_1_6' title='bbox 1521 518 1708 572; x_wconf 88' lang='lat' dir='ltr'><strong>oculos</strong></span> <span class='ocrx_word' id='word_1_7' title='bbox 1737 529 1898 587; x_wconf 89' lang='lat' dir='ltr'><strong>atque</strong></span> <span class='ocrx_word' id='word_1_8' title='bbox 1926 526 2144 572; x_wconf 89' lang='lat' dir='ltr'><strong>contra-</strong></span> 
     </span>
    </p>
   </div>
   <div class='ocr_carea' id='block_1_3' title="bbox 549 607 2138 683">
    <p class='ocr_par' dir='ltr' id='par_1_3' title="bbox 549 607 2138 683">
     <span class='ocr_line' id='line_1_3' title="bbox 549 607 2138 683; baseline -0.008 -9"><span class='ocrx_word' id='word_1_9' title='bbox 549 632 698 674; x_wconf 91' lang='lat' dir='ltr'><strong>ctum</strong></span> <span class='ocrx_word' id='word_1_10' title='bbox 728 633 790 671; x_wconf 93' lang='lat' dir='ltr'><strong>os</strong></span> <span class='ocrx_word' id='word_1_11' title='bbox 818 627 872 671; x_wconf 90' lang='lat' dir='ltr'><strong>et</strong></span> <span class='ocrx_word' id='word_1_12' title='bbox 895 628 1092 683; x_wconf 90' lang='lat' dir='ltr'><strong>corpus</strong></span> <span class='ocrx_word' id='word_1_13' title='bbox 1121 619 1266 666; x_wconf 92' lang='lat' dir='ltr'><strong>motu</strong></span> <span class='ocrx_word' id='word_1_14' title='bbox 1290 625 1481 665; x_wconf 90' lang='lat' dir='ltr'><strong>carens</strong></span> <span class='ocrx_word' id='word_1_15' title='bbox 1511 609 1728 675; x_wconf 82' lang='lat' dir='ltr'><strong>videris,</strong></span> <span class='ocrx_word' id='word_1_16' title='bbox 1761 624 1892 663; x_wconf 86' lang='lat' dir='ltr'><strong>cave</strong></span> <span class='ocrx_word' id='word_1_17' title='bbox 1924 608 2024 660; x_wconf 84' lang='lat' dir='ltr'><strong>hoc</strong></span> <span class='ocrx_word' id='word_1_18' title='bbox 2047 607 2138 661; x_wconf 86' lang='lat' dir='ltr'><strong>tibi</strong></span> 
     </span>
    </p>
   </div>
   <div class='ocr_carea' id='block_1_4' title="bbox 554 703 2136 773">
    <p class='ocr_par' dir='ltr' id='par_1_4' title="bbox 554 703 2136 773">
     <span class='ocr_line' id='line_1_4' title="bbox 554 703 2136 773; baseline -0.006 -7"><span class='ocrx_word' id='word_1_19' title='bbox 554 713 605 766; x_wconf 91' lang='lat' dir='ltr'><strong>in</strong></span> <span class='ocrx_word' id='word_1_20' title='bbox 653 720 885 764; x_wconf 85' lang='lat' dir='ltr'><strong>mentem</strong></span> <span class='ocrx_word' id='word_1_21' title='bbox 914 707 1089 762; x_wconf 82' lang='lat' dir='ltr'><strong>veniat</strong></span> <span class='ocrx_word' id='word_1_22' title='bbox 1110 748 1124 773; x_wconf 92' lang='lat'><strong>,</strong></span> <span class='ocrx_word' id='word_1_23' title='bbox 1158 705 1299 773; x_wconf 90' lang='lat' dir='ltr'><strong>quod</strong></span> <span class='ocrx_word' id='word_1_24' title='bbox 1328 719 1389 758; x_wconf 93' lang='lat' dir='ltr'><strong>os</strong></span> <span class='ocrx_word' id='word_1_25' title='bbox 1421 704 1562 758; x_wconf 90' lang='lat' dir='ltr'><strong>istud</strong></span> <span class='ocrx_word' id='word_1_26' title='bbox 1595 719 1700 757; x_wconf 91' lang='lat' dir='ltr'><strong>non</strong></span> <span class='ocrx_word' id='word_1_27' title='bbox 1737 703 1847 772; x_wconf 87' lang='lat' dir='ltr'><strong>jam</strong></span> <span class='ocrx_word' id='word_1_28' title='bbox 1881 703 2136 771; x_wconf 73' lang='lat' dir='ltr'><strong>loquitur,</strong></span> 
     </span>
    </p>
   </div>
   <div class='ocr_carea' id='block_1_5' title="bbox 552 794 2142 867">
    <p class='ocr_par' dir='ltr' id='par_1_5' title="bbox 552 794 2142 867">
     <span class='ocr_line' id='line_1_5' title="bbox 552 794 2142 867; baseline -0.004 -13"><span class='ocrx_word' id='word_1_29' title='bbox 552 802 694 855; x_wconf 74' lang='lat' dir='ltr'><strong>oculi</strong></span> <span class='ocrx_word' id='word_1_30' title='bbox 721 800 806 854; x_wconf 77' lang='lat' dir='ltr'><strong>isti</strong></span> <span class='ocrx_word' id='word_1_31' title='bbox 838 813 942 852; x_wconf 92' lang='lat' dir='ltr'><strong>non</strong></span> <span class='ocrx_word' id='word_1_32' title='bbox 965 797 1075 867; x_wconf 87' lang='lat' dir='ltr'><strong>jam</strong></span> <span class='ocrx_word' id='word_1_33' title='bbox 1106 805 1356 860; x_wconf 88' lang='lat' dir='ltr'><strong>cernunt,</strong></span> <span class='ocrx_word' id='word_1_34' title='bbox 1387 795 1550 865; x_wconf 90' lang='lat' dir='ltr'><strong>pedes</strong></span> <span class='ocrx_word' id='word_1_35' title='bbox 1575 795 1659 849; x_wconf 91' lang='lat' dir='ltr'><strong>isti</strong></span> <span class='ocrx_word' id='word_1_36' title='bbox 1687 811 1791 848; x_wconf 92' lang='lat' dir='ltr'><strong>non</strong></span> <span class='ocrx_word' id='word_1_37' title='bbox 1816 794 1925 864; x_wconf 86' lang='lat' dir='ltr'><strong>jam</strong></span> <span class='ocrx_word' id='word_1_38' title='bbox 1955 795 2142 848; x_wconf 86' lang='lat' dir='ltr'><strong>ambu-</strong></span> 
     </span>
    </p>
   </div>
   <div class='ocr_carea' id='block_1_6' title="bbox 550 886 2141 958">
    <p class='ocr_par' dir='ltr' id='par_1_6' title="bbox 550 886 2141 958">
     <span class='ocr_line' id='line_1_6' title="bbox 550 886 2141 958; baseline -0.005 -12"><span class='ocrx_word' id='word_1_39' title='bbox 550 893 680 956; x_wconf 82' lang='lat' dir='ltr'><strong>lant,</strong></span> <span class='ocrx_word' id='word_1_40' title='bbox 716 891 808 946; x_wconf 84' lang='lat' dir='ltr'><strong>sed</strong></span> <span class='ocrx_word' id='word_1_41' title='bbox 835 890 1014 943; x_wconf 92' lang='lat' dir='ltr'><strong>omnia</strong></span> <span class='ocrx_word' id='word_1_42' title='bbox 1045 889 1098 942; x_wconf 91' lang='lat' dir='ltr'><strong>in</strong></span> <span class='ocrx_word' id='word_1_43' title='bbox 1126 887 1526 958; x_wconf 77' lang='lat' dir='ltr'><strong>corruptionem</strong></span> <span class='ocrx_word' id='word_1_44' title='bbox 1555 886 1803 942; x_wconf 90' lang='lat' dir='ltr'><strong>abierunt</strong></span> <span class='ocrx_word' id='word_1_45' title='bbox 1832 904 1844 940; x_wconf 94' lang='lat'>:</span> <span class='ocrx_word' id='word_1_46' title='bbox 1879 900 2028 946; x_wconf 87' lang='lat' dir='ltr'><strong>cave.</strong></span> <span class='ocrx_word' id='word_1_47' title='bbox 2061 886 2141 939; x_wconf 90' lang='lat' dir='ltr'><strong>in-</strong></span> 
     </span>
    </p>
   </div>
   <div class='ocr_carea' id='block_1_7' title="bbox 546 979 2139 1054">
    <p class='ocr_par' dir='ltr' id='par_1_7' title="bbox 546 979 2139 1054">
     <span class='ocr_line' id='line_1_7' title="bbox 546 979 2139 1054; baseline -0.003 -17"><span class='ocrx_word' id='word_1_48' title='bbox 546 999 705 1054; x_wconf 92' lang='lat' dir='ltr'><strong>quam</strong></span> <span class='ocrx_word' id='word_1_49' title='bbox 728 1024 746 1051; x_wconf 96' lang='lat'><strong>,</strong></span> <span class='ocrx_word' id='word_1_50' title='bbox 784 982 885 1038; x_wconf 87' lang='lat' dir='ltr'><strong>ista</strong></span> <span class='ocrx_word' id='word_1_51' title='bbox 915 981 1096 1046; x_wconf 85' lang='lat' dir='ltr'><strong>dicas;</strong></span> <span class='ocrx_word' id='word_1_52' title='bbox 1130 996 1312 1035; x_wconf 85' lang='lat' dir='ltr'><strong>verum</strong></span> <span class='ocrx_word' id='word_1_53' title='bbox 1348 979 1431 1033; x_wconf 85' lang='lat' dir='ltr'><strong>his</strong></span> <span class='ocrx_word' id='word_1_54' title='bbox 1466 979 1735 1033; x_wconf 89' lang='lat' dir='ltr'><strong>contraria</strong></span> <span class='ocrx_word' id='word_1_55' title='bbox 1756 1021 1770 1045; x_wconf 93' lang='lat'><strong>,</strong></span> <span class='ocrx_word' id='word_1_56' title='bbox 1803 993 1996 1047; x_wconf 89' lang='lat' dir='ltr'><strong>nempe</strong></span> <span class='ocrx_word' id='word_1_57' title='bbox 2022 1019 2036 1042; x_wconf 92' lang='lat'><strong>,</strong></span> <span class='ocrx_word' id='word_1_58' title='bbox 2067 979 2139 1032; x_wconf 82' lang='lat' dir='ltr'><strong>Os</strong></span> 
     </span>
    </p>
   </div>
   <div class='ocr_carea' id='block_1_8' title="bbox 548 1070 2140 1144">
    <p class='ocr_par' dir='ltr' id='par_1_8' title="bbox 548 1070 2140 1144">
     <span class='ocr_line' id='line_1_8' title="bbox 548 1070 2140 1144; baseline -0.006 -12"><span class='ocrx_word' id='word_1_59' title='bbox 548 1075 688 1132; x_wconf 79' lang='lat' dir='ltr'><strong>istud</strong></span> <span class='ocrx_word' id='word_1_60' title='bbox 717 1075 909 1129; x_wconf 85' lang='lat' dir='ltr'><strong>melius</strong></span> <span class='ocrx_word' id='word_1_61' title='bbox 939 1073 1208 1144; x_wconf 87' lang='lat' dir='ltr'><strong>loquetur,</strong></span> <span class='ocrx_word' id='word_1_62' title='bbox 1240 1071 1380 1126; x_wconf 90' lang='lat' dir='ltr'><strong>oculi</strong></span> <span class='ocrx_word' id='word_1_63' title='bbox 1412 1071 1498 1125; x_wconf 89' lang='lat' dir='ltr'><strong>isti</strong></span> <span class='ocrx_word' id='word_1_64' title='bbox 1545 1070 1766 1124; x_wconf 88' lang='lat' dir='ltr'><strong>meliora</strong></span> <span class='ocrx_word' id='word_1_65' title='bbox 1794 1078 2014 1124; x_wconf 86' lang='lat' dir='ltr'><strong>cernent</strong></span> <span class='ocrx_word' id='word_1_66' title='bbox 2037 1111 2051 1135; x_wconf 97' lang='lat'><strong>,</strong></span> <span class='ocrx_word' id='word_1_67' title='bbox 2085 1077 2140 1124; x_wconf 92' lang='lat' dir='ltr'><strong>et</strong></span> 
     </span>
    </p>
   </div>
   <div class='ocr_carea' id='block_1_9' title="bbox 549 1161 2140 1238">
    <p class='ocr_par' dir='ltr' id='par_1_9' title="bbox 549 1161 2140 1238">
     <span class='ocr_line' id='line_1_9' title="bbox 549 1161 2140 1238; baseline -0.003 -20"><span class='ocrx_word' id='word_1_68' title='bbox 549 1166 712 1238; x_wconf 78' lang='lat' dir='ltr'><strong>pedes</strong></span> <span class='ocrx_word' id='word_1_69' title='bbox 743 1167 795 1220; x_wconf 93' lang='lat' dir='ltr'><strong>in</strong></span> <span class='ocrx_word' id='word_1_70' title='bbox 826 1165 1052 1220; x_wconf 88' lang='lat' dir='ltr'><strong>nubibus</strong></span> <span class='ocrx_word' id='word_1_71' title='bbox 1083 1163 1342 1219; x_wconf 86' lang='lat' dir='ltr'><strong>sublimes</strong></span> <span class='ocrx_word' id='word_1_72' title='bbox 1375 1162 1650 1221; x_wconf 83' lang='lat' dir='ltr'><strong>tollentur,</strong></span> <span class='ocrx_word' id='word_1_73' title='bbox 1683 1176 1746 1216; x_wconf 89' lang='lat' dir='ltr'><strong>ac</strong></span> <span class='ocrx_word' id='word_1_74' title='bbox 1767 1161 1996 1230; x_wconf 88' lang='lat' dir='ltr'><strong>denique</strong></span> <span class='ocrx_word' id='word_1_75' title='bbox 2022 1175 2140 1213; x_wconf 83' lang='lat' dir='ltr'><strong>cor-</strong></span> 
     </span>
    </p>
   </div>
   <div class='ocr_carea' id='block_1_10' title="bbox 545 1251 2135 1325">
    <p class='ocr_par' dir='ltr' id='par_1_10' title="bbox 545 1251 2135 1325">
     <span class='ocr_line' id='line_1_10' title="bbox 545 1251 2135 1325; baseline -0.003 -15"><span class='ocrx_word' id='word_1_76' title='bbox 545 1271 646 1324; x_wconf 89' lang='lat' dir='ltr'><strong>pus</strong></span> <span class='ocrx_word' id='word_1_77' title='bbox 688 1255 866 1322; x_wconf 84' lang='lat' dir='ltr'><strong>istud,</strong></span> <span class='ocrx_word' id='word_1_78' title='bbox 899 1254 1041 1325; x_wconf 91' lang='lat' dir='ltr'><strong>quod</strong></span> <span class='ocrx_word' id='word_1_79' title='bbox 1082 1269 1224 1309; x_wconf 91' lang='lat' dir='ltr'><strong>nunc</strong></span> <span class='ocrx_word' id='word_1_80' title='bbox 1268 1252 1649 1322; x_wconf 83' lang='lat' dir='ltr'><strong>corrumpitur,</strong></span> <span class='ocrx_word' id='word_1_81' title='bbox 1684 1251 2135 1305; x_wconf 86' lang='lat' dir='ltr'><strong>immortalitatem</strong></span> 
     </span>
    </p>
   </div>
   <div class='ocr_carea' id='block_1_11' title="bbox 545 1342 2135 1416">
    <p class='ocr_par' dir='ltr' id='par_1_11' title="bbox 545 1342 2135 1416">
     <span class='ocr_line' id='line_1_11' title="bbox 545 1342 2135 1416; baseline -0.003 -15"><span class='ocrx_word' id='word_1_82' title='bbox 545 1347 750 1414; x_wconf 90' lang='lat' dir='ltr'><strong>induet,</strong></span> <span class='ocrx_word' id='word_1_83' title='bbox 783 1347 1237 1416; x_wconf 84' lang='lat' dir='ltr'><strong>illustriorcmque</strong></span> <span class='ocrx_word' id='word_1_84' title='bbox 1266 1343 1432 1398; x_wconf 83' lang='lat' dir='ltr'><strong>lilium</strong></span> <span class='ocrx_word' id='word_1_85' title='bbox 1463 1359 1642 1398; x_wconf 88' lang='lat' dir='ltr'><strong>meum</strong></span> <span class='ocrx_word' id='word_1_86' title='bbox 1675 1343 1948 1413; x_wconf 79' lang='lat' dir='ltr'><strong>recipiam.</strong></span> <span class='ocrx_word' id='word_1_87' title='bbox 1981 1342 2135 1409; x_wconf 89' lang='lat' dir='ltr'><strong>Quod</strong></span> 
     </span>
    </p>
   </div>
   <div class='ocr_carea' id='block_1_12' title="bbox 543 1433 2134 1508">
    <p class='ocr_par' dir='ltr' id='par_1_12' title="bbox 543 1433 2134 1508">
     <span class='ocr_line' id='line_1_12' title="bbox 543 1433 2134 1508; baseline -0.006 -12"><span class='ocrx_word' id='word_1_88' title='bbox 543 1443 587 1497; x_wconf 82' lang='lat' dir='ltr'><strong>si</strong></span> <span class='ocrx_word' id='word_1_89' title='bbox 631 1456 921 1496; x_wconf 69' lang='lat' dir='ltr'><strong>mceror-em</strong></span> <span class='ocrx_word' id='word_1_90' title='bbox 962 1439 1052 1494; x_wconf 88' lang='lat' dir='ltr'><strong>tibi</strong></span> <span class='ocrx_word' id='word_1_91' title='bbox 1096 1455 1156 1492; x_wconf 91' lang='lat' dir='ltr'><strong>ea</strong></span> <span class='ocrx_word' id='word_1_92' title='bbox 1178 1479 1194 1503; x_wconf 90' lang='lat'><strong>,</strong></span> <span class='ocrx_word' id='word_1_93' title='bbox 1228 1454 1347 1508; x_wconf 68' lang='lat' dir='ltr'><strong>qua:</strong></span> <span class='ocrx_word' id='word_1_94' title='bbox 1377 1437 1556 1492; x_wconf 89' lang='lat' dir='ltr'><strong>cernis</strong></span> <span class='ocrx_word' id='word_1_95' title='bbox 1578 1478 1591 1500; x_wconf 94' lang='lat'><strong>,</strong></span> <span class='ocrx_word' id='word_1_96' title='bbox 1625 1434 1885 1501; x_wconf 80' lang='lat' dir='ltr'><strong>afferunt,</strong></span> <span class='ocrx_word' id='word_1_97' title='bbox 1919 1433 2134 1490; x_wconf 90' lang='lat' dir='ltr'><strong>interim</strong></span> 
     </span>
    </p>
   </div>
   <div class='ocr_carea' id='block_1_13' title="bbox 544 1527 2134 1604">
    <p class='ocr_par' dir='ltr' id='par_1_13' title="bbox 544 1527 2134 1604">
     <span class='ocr_line' id='line_1_13' title="bbox 544 1527 2134 1604; baseline -0.004 -15"><span class='ocrx_word' id='word_1_98' title='bbox 544 1544 717 1589; x_wconf 84' lang='lat' dir='ltr'><strong>tecum</strong></span> <span class='ocrx_word' id='word_1_99' title='bbox 768 1535 882 1604; x_wconf 49' lang='lat' dir='ltr'><strong>ipse</strong></span> <span class='ocrx_word' id='word_1_100' title='bbox 916 1533 1028 1588; x_wconf 58' lang='lat' dir='ltr'><strong>have</strong></span> <span class='ocrx_word' id='word_1_101' title='bbox 1068 1533 1328 1601; x_wconf 73' lang='lat' dir='ltr'><strong>loquere:</strong></span> <span class='ocrx_word' id='word_1_102' title='bbox 1366 1530 1753 1585; x_wconf 78' lang='lat' dir='ltr'><strong>Vestimentum</strong></span> <span class='ocrx_word' id='word_1_103' title='bbox 1785 1527 1889 1582; x_wconf 92' lang='lat' dir='ltr'><strong>hoc</strong></span> <span class='ocrx_word' id='word_1_104' title='bbox 1929 1538 2048 1592; x_wconf 87' lang='lat' dir='ltr'><strong>est;</strong></span> <span class='ocrx_word' id='word_1_105' title='bbox 2083 1527 2134 1582; x_wconf 90' lang='lat' dir='ltr'><strong>id</strong></span> 
     </span>
    </p>
   </div>
   <div class='ocr_carea' id='block_1_14' title="bbox 542 1621 2137 1694">
    <p class='ocr_par' dir='ltr' id='par_1_14' title="bbox 542 1621 2137 1694">
     <span class='ocr_line' id='line_1_14' title="bbox 542 1621 2137 1694; baseline -0.004 -13"><span class='ocrx_word' id='word_1_106' title='bbox 542 1628 709 1688; x_wconf 74' lang='lat' dir='ltr'><strong>exuit,</strong></span> <span class='ocrx_word' id='word_1_107' title='bbox 744 1637 800 1679; x_wconf 93' lang='lat' dir='ltr'><strong>nt</strong></span> <span class='ocrx_word' id='word_1_108' title='bbox 831 1627 1003 1694; x_wconf 86' lang='lat' dir='ltr'><strong>ipsum</strong></span> <span class='ocrx_word' id='word_1_109' title='bbox 1033 1625 1341 1694; x_wconf 78' lang='lat' dir='ltr'><strong>pr.rcl:n-ius</strong></span> <span class='ocrx_word' id='word_1_110' title='bbox 1367 1623 1589 1691; x_wconf 81' lang='lat' dir='ltr'><strong>recipiat</strong></span> <span class='ocrx_word' id='word_1_111' title='bbox 1618 1641 1629 1676; x_wconf 92' lang='lat'><strong>:</strong></span> <span class='ocrx_word' id='word_1_112' title='bbox 1660 1621 1850 1675; x_wconf 88' lang='lat' dir='ltr'><strong>domus</strong></span> <span class='ocrx_word' id='word_1_113' title='bbox 1878 1622 1991 1674; x_wconf 69' lang='lat' dir='ltr'><strong>hare</strong></span> <span class='ocrx_word' id='word_1_114' title='bbox 2015 1629 2097 1674; x_wconf 90' lang='lat' dir='ltr'><strong>est</strong></span> <span class='ocrx_word' id='word_1_115' title='bbox 2122 1633 2137 1683; x_wconf 90' lang='lat'><strong>;</strong></span> 
     </span>
    </p>
   </div>
   <div class='ocr_carea' id='block_1_15' title="bbox 542 1708 2136 1778">
    <p class='ocr_par' dir='ltr' id='par_1_15' title="bbox 542 1708 2136 1778">
     <span class='ocr_line' id='line_1_15' title="bbox 542 1708 2136 1778; baseline -0.004 -8"><span class='ocrx_word' id='word_1_116' title='bbox 542 1734 604 1770; x_wconf 80' lang='lat' dir='ltr'><strong>ea</strong></span> <span class='ocrx_word' id='word_1_117' title='bbox 647 1731 834 1770; x_wconf 87' lang='lat' dir='ltr'><strong>eversa</strong></span> <span class='ocrx_word' id='word_1_118' title='bbox 883 1727 994 1778; x_wconf 85' lang='lat' dir='ltr'><strong>est,</strong></span> <span class='ocrx_word' id='word_1_119' title='bbox 1046 1724 1105 1768; x_wconf 91' lang='lat' dir='ltr'><strong>ut</strong></span> <span class='ocrx_word' id='word_1_120' title='bbox 1149 1713 1470 1768; x_wconf 74' lang='lat' dir='ltr'><strong>luculentior</strong></span> <span class='ocrx_word' id='word_1_121' title='bbox 1517 1712 1627 1766; x_wconf 85' lang='lat' dir='ltr'><strong>ﬁat.</strong></span> <span class='ocrx_word' id='word_1_122' title='bbox 1673 1708 2136 1776; x_wconf 84' lang='lat' dir='ltr'><strong>Quemadmodum</strong></span> 
     </span>
    </p>
   </div>
   <div class='ocr_carea' id='block_1_16' title="bbox 541 1803 2134 1876">
    <p class='ocr_par' dir='ltr' id='par_1_16' title="bbox 541 1803 2134 1876">
     <span class='ocr_line' id='line_1_16' title="bbox 541 1803 2134 1876; baseline -0.004 -12"><span class='ocrx_word' id='word_1_123' title='bbox 541 1808 686 1864; x_wconf 83' lang='lat' dir='ltr'><strong>enim</strong></span> <span class='ocrx_word' id='word_1_124' title='bbox 716 1823 836 1874; x_wconf 91' lang='lat' dir='ltr'><strong>nos,</strong></span> <span class='ocrx_word' id='word_1_125' title='bbox 869 1822 988 1862; x_wconf 91' lang='lat' dir='ltr'><strong>cum</strong></span> <span class='ocrx_word' id='word_1_126' title='bbox 1018 1806 1237 1861; x_wconf 90' lang='lat' dir='ltr'><strong>domum</strong></span> <span class='ocrx_word' id='word_1_127' title='bbox 1272 1803 1545 1876; x_wconf 88' lang='lat' dir='ltr'><strong>purgaturi</strong></span> <span class='ocrx_word' id='word_1_128' title='bbox 1577 1818 1785 1870; x_wconf 89' lang='lat' dir='ltr'><strong>sumus,</strong></span> <span class='ocrx_word' id='word_1_129' title='bbox 1817 1817 1911 1857; x_wconf 89' lang='lat' dir='ltr'><strong>eos</strong></span> <span class='ocrx_word' id='word_1_130' title='bbox 1937 1803 2024 1870; x_wconf 88' lang='lat' dir='ltr'><strong>qui</strong></span> <span class='ocrx_word' id='word_1_131' title='bbox 2049 1803 2134 1857; x_wconf 83' lang='lat' dir='ltr'><strong>in-</strong></span> 
     </span>
    </p>
   </div>
   <div class='ocr_carea' id='block_1_17' title="bbox 541 1890 2134 1965">
    <p class='ocr_par' dir='ltr' id='par_1_17' title="bbox 541 1890 2134 1965">
     <span class='ocr_line' id='line_1_17' title="bbox 541 1890 2134 1965; baseline -0.005 -9"><span class='ocrx_word' id='word_1_132' title='bbox 541 1912 626 1957; x_wconf 89' lang='lat' dir='ltr'><strong>tus</strong></span> <span class='ocrx_word' id='word_1_133' title='bbox 657 1901 927 1960; x_wconf 88' lang='lat' dir='ltr'><strong>habitant.</strong></span> <span class='ocrx_word' id='word_1_134' title='bbox 961 1917 1067 1956; x_wconf 92' lang='lat' dir='ltr'><strong>non</strong></span> <span class='ocrx_word' id='word_1_135' title='bbox 1099 1900 1325 1955; x_wconf 90' lang='lat' dir='ltr'><strong>sinimus</strong></span> <span class='ocrx_word' id='word_1_136' title='bbox 1352 1912 1574 1952; x_wconf 88' lang='lat' dir='ltr'><strong>manere</strong></span> <span class='ocrx_word' id='word_1_137' title='bbox 1593 1938 1606 1962; x_wconf 90' lang='lat'><strong>,</strong></span> <span class='ocrx_word' id='word_1_138' title='bbox 1635 1897 1730 1951; x_wconf 89' lang='lat' dir='ltr'><strong>sed</strong></span> <span class='ocrx_word' id='word_1_139' title='bbox 1768 1911 1834 1950; x_wconf 90' lang='lat' dir='ltr'><strong>ne</strong></span> <span class='ocrx_word' id='word_1_140' title='bbox 1861 1893 1984 1965; x_wconf 87' lang='lat' dir='ltr'><strong>quid</strong></span> <span class='ocrx_word' id='word_1_141' title='bbox 2013 1890 2134 1964; x_wconf 82' lang='lat' dir='ltr'><strong>pul-</strong></span> 
     </span>
    </p>
   </div>
   <div class='ocr_carea' id='block_1_18' title="bbox 541 1985 2134 2053">
    <p class='ocr_par' dir='ltr' id='par_1_18' title="bbox 541 1985 2134 2053">
     <span class='ocr_line' id='line_1_18' title="bbox 541 1985 2134 2053; baseline -0.004 -5"><span class='ocrx_word' id='word_1_142' title='bbox 541 1993 683 2049; x_wconf 82' lang='lat' dir='ltr'><strong>veris</strong></span> <span class='ocrx_word' id='word_1_143' title='bbox 706 1993 1027 2049; x_wconf 84' lang='lat' dir='ltr'><strong>contrahant</strong></span> <span class='ocrx_word' id='word_1_144' title='bbox 1053 2007 1116 2046; x_wconf 91' lang='lat' dir='ltr'><strong>ac</strong></span> <span class='ocrx_word' id='word_1_145' title='bbox 1138 1991 1365 2046; x_wconf 89' lang='lat' dir='ltr'><strong>tumultu</strong></span> <span class='ocrx_word' id='word_1_146' title='bbox 1387 1987 1746 2053; x_wconf 75' lang='lat' dir='ltr'><strong>oﬂendantur,</strong></span> <span class='ocrx_word' id='word_1_147' title='bbox 1781 1986 1923 2042; x_wconf 86' lang='lat' dir='ltr'><strong>foras</strong></span> <span class='ocrx_word' id='word_1_148' title='bbox 1949 1985 2134 2041; x_wconf 80' lang='lat' dir='ltr'><strong>ainan-</strong></span> 
     </span>
    </p>
   </div>
   <div class='ocr_carea' id='block_1_19' title="bbox 539 2081 2130 2155">
    <p class='ocr_par' dir='ltr' id='par_1_19' title="bbox 539 2081 2130 2155">
     <span class='ocr_line' id='line_1_19' title="bbox 539 2081 2130 2155; baseline -0.004 -15"><span class='ocrx_word' id='word_1_149' title='bbox 539 2087 733 2140; x_wconf 88' lang='lat' dir='ltr'><strong>damus</strong></span> <span class='ocrx_word' id='word_1_150' title='bbox 762 2100 823 2139; x_wconf 90' lang='lat' dir='ltr'><strong>ac</strong></span> <span class='ocrx_word' id='word_1_151' title='bbox 863 2085 1134 2155; x_wconf 87' lang='lat' dir='ltr'><strong>paulisper</strong></span> <span class='ocrx_word' id='word_1_152' title='bbox 1172 2081 1426 2138; x_wconf 87' lang='lat' dir='ltr'><strong>secedere</strong></span> <span class='ocrx_word' id='word_1_153' title='bbox 1447 2081 1730 2151; x_wconf 76' lang='lat' dir='ltr'><strong>iubemus;</strong></span> <span class='ocrx_word' id='word_1_154' title='bbox 1787 2089 2130 2150; x_wconf 84' lang='lat' dir='ltr'><strong>posteaquam</strong></span> 
     </span>
    </p>
   </div>
   <div class='ocr_carea' id='block_1_20' title="bbox 537 2170 2132 2241">
    <p class='ocr_par' dir='ltr' id='par_1_20' title="bbox 537 2170 2132 2241">
     <span class='ocr_line' id='line_1_20' title="bbox 537 2170 2132 2241; baseline -0.003 -9"><span class='ocrx_word' id='word_1_155' title='bbox 537 2188 718 2232; x_wconf 89' lang='lat' dir='ltr'><strong>autem</strong></span> <span class='ocrx_word' id='word_1_156' title='bbox 749 2176 966 2231; x_wconf 92' lang='lat' dir='ltr'><strong>domum</strong></span> <span class='ocrx_word' id='word_1_157' title='bbox 997 2185 1162 2230; x_wconf 89' lang='lat' dir='ltr'><strong>tutam</strong></span> <span class='ocrx_word' id='word_1_158' title='bbox 1195 2173 1554 2240; x_wconf 88' lang='lat' dir='ltr'><strong>reddidimus,</strong></span> <span class='ocrx_word' id='word_1_159' title='bbox 1587 2181 1696 2226; x_wconf 87' lang='lat' dir='ltr'><strong>tum</strong></span> <span class='ocrx_word' id='word_1_160' title='bbox 1725 2170 1957 2241; x_wconf 90' lang='lat' dir='ltr'><strong>denique</strong></span> <span class='ocrx_word' id='word_1_161' title='bbox 1989 2171 2132 2241; x_wconf 83' lang='lat' dir='ltr'><strong>ipsos</strong></span> 
     </span>
    </p>
   </div>
   <div class='ocr_carea' id='block_1_21' title="bbox 540 2263 2132 2334">
    <p class='ocr_par' dir='ltr' id='par_1_21' title="bbox 540 2263 2132 2334">
     <span class='ocr_line' id='line_1_21' title="bbox 540 2263 2132 2334; baseline -0.003 -10"><span class='ocrx_word' id='word_1_162' title='bbox 540 2271 706 2325; x_wconf 87' lang='lat' dir='ltr'><strong>libere</strong></span> <span class='ocrx_word' id='word_1_163' title='bbox 733 2270 958 2324; x_wconf 89' lang='lat' dir='ltr'><strong>introire</strong></span> <span class='ocrx_word' id='word_1_164' title='bbox 993 2268 1224 2322; x_wconf 87' lang='lat' dir='ltr'><strong>sinimus</strong></span> <span class='ocrx_word' id='word_1_165' title='bbox 1254 2284 1268 2320; x_wconf 89' lang='lat'>:</span> <span class='ocrx_word' id='word_1_166' title='bbox 1301 2265 1492 2321; x_wconf 87' lang='lat' dir='ltr'><strong>eodem</strong></span> <span class='ocrx_word' id='word_1_167' title='bbox 1529 2263 1689 2319; x_wconf 90' lang='lat' dir='ltr'><strong>modo</strong></span> <span class='ocrx_word' id='word_1_168' title='bbox 1731 2263 1874 2319; x_wconf 85' lang='lat' dir='ltr'><strong>Deus</strong></span> <span class='ocrx_word' id='word_1_169' title='bbox 1917 2279 2132 2334; x_wconf 90' lang='lat' dir='ltr'><strong>quoque</strong></span> 
     </span>
    </p>
   </div>
   <div class='ocr_carea' id='block_1_22' title="bbox 535 2355 2128 2428">
    <p class='ocr_par' dir='ltr' id='par_1_22' title="bbox 535 2355 2128 2428">
     <span class='ocr_line' id='line_1_22' title="bbox 535 2355 2128 2428; baseline -0.003 -14"><span class='ocrx_word' id='word_1_170' title='bbox 535 2361 692 2427; x_wconf 85' lang='lat' dir='ltr'><strong>facit;</strong></span> <span class='ocrx_word' id='word_1_171' title='bbox 721 2375 912 2416; x_wconf 80' lang='lat' dir='ltr'><strong>everso</strong></span> <span class='ocrx_word' id='word_1_172' title='bbox 950 2359 1094 2414; x_wconf 89' lang='lat' dir='ltr'><strong>enim</strong></span> <span class='ocrx_word' id='word_1_173' title='bbox 1140 2358 1280 2428; x_wconf 92' lang='lat' dir='ltr'><strong>putri</strong></span> <span class='ocrx_word' id='word_1_174' title='bbox 1314 2357 1482 2427; x_wconf 87' lang='lat' dir='ltr'><strong>ipsius</strong></span> <span class='ocrx_word' id='word_1_175' title='bbox 1510 2355 1878 2422; x_wconf 88' lang='lat' dir='ltr'><strong>tabernaculo,</strong></span> <span class='ocrx_word' id='word_1_176' title='bbox 1913 2355 2128 2410; x_wconf 89' lang='lat' dir='ltr'><strong>interim</strong></span> 
     </span>
    </p>
   </div>
   <div class='ocr_carea' id='block_1_23' title="bbox 535 2445 2130 2521">
    <p class='ocr_par' dir='ltr' id='par_1_23' title="bbox 535 2445 2130 2521">
     <span class='ocr_line' id='line_1_23' title="bbox 535 2445 2130 2521; baseline -0.003 -15"><span class='ocrx_word' id='word_1_177' title='bbox 535 2466 658 2507; x_wconf 89' lang='lat' dir='ltr'><strong>eum</strong></span> <span class='ocrx_word' id='word_1_178' title='bbox 692 2453 744 2505; x_wconf 92' lang='lat' dir='ltr'><strong>in</strong></span> <span class='ocrx_word' id='word_1_179' title='bbox 777 2462 1054 2521; x_wconf 86' lang='lat' dir='ltr'><strong>paternam</strong></span> <span class='ocrx_word' id='word_1_180' title='bbox 1084 2448 1302 2504; x_wconf 92' lang='lat' dir='ltr'><strong>domum</strong></span> <span class='ocrx_word' id='word_1_181' title='bbox 1331 2458 1491 2518; x_wconf 89' lang='lat' dir='ltr'><strong>atque</strong></span> <span class='ocrx_word' id='word_1_182' title='bbox 1520 2446 1587 2502; x_wconf 88' lang='lat' dir='ltr'><strong>ad</strong></span> <span class='ocrx_word' id='word_1_183' title='bbox 1626 2461 1685 2502; x_wconf 91' lang='lat' dir='ltr'><strong>se</strong></span> <span class='ocrx_word' id='word_1_184' title='bbox 1725 2445 2044 2515; x_wconf 82' lang='lat' dir='ltr'><strong>introducit,</strong></span> <span class='ocrx_word' id='word_1_185' title='bbox 2074 2455 2130 2502; x_wconf 93' lang='lat' dir='ltr'><strong>ut</strong></span> 
     </span>
    </p>
   </div>
   <div class='ocr_carea' id='block_1_24' title="bbox 536 2539 2124 2616">
    <p class='ocr_par' dir='ltr' id='par_1_24' title="bbox 536 2539 2124 2616">
     <span class='ocr_line' id='line_1_24' title="bbox 536 2539 2124 2616; baseline -0.004 -16"><span class='ocrx_word' id='word_1_186' title='bbox 536 2555 884 2616; x_wconf 88' lang='lat' dir='ltr'><strong>posteaquam</strong></span> <span class='ocrx_word' id='word_1_187' title='bbox 915 2543 1044 2599; x_wconf 91' lang='lat' dir='ltr'><strong>illud</strong></span> <span class='ocrx_word' id='word_1_188' title='bbox 1067 2543 1311 2610; x_wconf 90' lang='lat' dir='ltr'><strong>diruerit,</strong></span> <span class='ocrx_word' id='word_1_189' title='bbox 1341 2551 1501 2612; x_wconf 85' lang='lat' dir='ltr'><strong>atque</strong></span> <span class='ocrx_word' id='word_1_190' title='bbox 1525 2539 1858 2607; x_wconf 88' lang='lat' dir='ltr'><strong>iustaurarit,</strong></span> <span class='ocrx_word' id='word_1_191' title='bbox 1891 2548 2001 2594; x_wconf 91' lang='lat' dir='ltr'><strong>tum</strong></span> <span class='ocrx_word' id='word_1_192' title='bbox 2033 2539 2124 2594; x_wconf 84' lang='lat' dir='ltr'><strong>de-</strong></span> 
     </span>
    </p>
   </div>
   <div class='ocr_carea' id='block_1_25' title="bbox 534 2633 2122 2712">
    <p class='ocr_par' dir='ltr' id='par_1_25' title="bbox 534 2633 2122 2712">
     <span class='ocr_line' id='line_1_25' title="bbox 534 2633 2122 2712; baseline -0.006 -16"><span class='ocrx_word' id='word_1_193' title='bbox 534 2657 681 2696; x_wconf 90' lang='lat' dir='ltr'><strong>nmm</strong></span> <span class='ocrx_word' id='word_1_194' title='bbox 711 2639 1044 2712; x_wconf 87' lang='lat' dir='ltr'><strong>splendidius</strong></span> <span class='ocrx_word' id='word_1_195' title='bbox 1071 2637 1122 2694; x_wconf 88' lang='lat' dir='ltr'><strong>id</strong></span> <span class='ocrx_word' id='word_1_196' title='bbox 1167 2638 1217 2693; x_wconf 90' lang='lat' dir='ltr'><strong>ei</strong></span> <span class='ocrx_word' id='word_1_197' title='bbox 1253 2636 1460 2693; x_wconf 85' lang='lat' dir='ltr'><strong>reddat.</strong></span> <span class='ocrx_word' id='word_1_198' title='bbox 1495 2633 1756 2701; x_wconf 86' lang='lat' dir='ltr'><strong>Quocirca</strong></span> <span class='ocrx_word' id='word_1_199' title='bbox 1786 2649 1854 2690; x_wconf 91' lang='lat' dir='ltr'><strong>ne</strong></span> <span class='ocrx_word' id='word_1_200' title='bbox 1884 2633 2084 2689; x_wconf 80' lang='lat' dir='ltr'><strong>dixeris</strong></span> <span class='ocrx_word' id='word_1_201' title='bbox 2107 2676 2122 2699; x_wconf 88' lang='lat'><strong>,</strong></span> 
     </span>
    </p>
   </div>
   <div class='ocr_carea' id='block_1_26' title="bbox 1287 398 3100 463">
    <p class='ocr_par' dir='ltr' id='par_1_26' title="bbox 1287 398 3100 463">
     <span class='ocr_line' id='line_1_26' title="bbox 1287 398 3100 463; baseline 0.001 -2"><span class='ocrx_word' id='word_1_202' title='bbox 1287 406 1342 461; x_wconf 91' lang='lat' dir='ltr'><strong>S.</strong></span> <span class='ocrx_word' id='word_1_203' title='bbox 1383 403 1660 460; x_wconf 82' lang='lat' dir='ltr'><strong>JO.\NNIS</strong></span> <span class='ocrx_word' id='word_1_204' title='bbox 1697 399 2168 458; x_wconf 78' lang='lat' dir='ltr'><strong>CllRYSOSTOMI</strong></span> <span class='ocrx_word' id='word_1_205' title='bbox 2208 398 2522 460; x_wconf 79' lang='lat' dir='ltr'><strong>ARCIIIEP.</strong></span> <span class='ocrx_word' id='word_1_206' title='bbox 2561 403 3100 463; x_wconf 69' lang='lat' dir='ltr'><strong>CUNSTANTINOP.</strong></span> 
     </span>
    </p>
   </div>
   <div class='ocr_carea' id='block_1_27' title="bbox 3733 413 3838 469">
    <p class='ocr_par' dir='ltr' id='par_1_27' title="bbox 3733 413 3838 469">
     <span class='ocr_line' id='line_1_27' title="bbox 3733 413 3838 469; baseline 0.01 -1"><span class='ocrx_word' id='word_1_207' title='bbox 3733 413 3838 469; x_wconf 67' lang='lat'><strong>5‘32</strong></span> 
     </span>
    </p>
   </div>
   <div class='ocr_carea' id='block_1_28' title="bbox 2257 516 3838 597">
    <p class='ocr_par' dir='ltr' id='par_1_28' title="bbox 2257 516 3838 597">
     <span class='ocr_line' id='line_1_28' title="bbox 2257 516 3838 597; baseline 0.008 -26"><span class='ocrx_word' id='word_1_208' title='bbox 2257 516 2456 582; x_wconf 89' lang='lat' dir='ltr'><strong>Periit,</strong></span> <span class='ocrx_word' id='word_1_209' title='bbox 2504 534 2602 573; x_wconf 89' lang='lat' dir='ltr'><strong>nec</strong></span> <span class='ocrx_word' id='word_1_210' title='bbox 2641 521 2752 588; x_wconf 88' lang='lat' dir='ltr'><strong>jam</strong></span> <span class='ocrx_word' id='word_1_211' title='bbox 2794 530 2910 584; x_wconf 78' lang='lat' dir='ltr'><strong>est;</strong></span> <span class='ocrx_word' id='word_1_212' title='bbox 2942 537 3127 577; x_wconf 91' lang='lat' dir='ltr'><strong>eorum</strong></span> <span class='ocrx_word' id='word_1_213' title='bbox 3157 522 3333 591; x_wconf 88' lang='lat' dir='ltr'><strong>enim,</strong></span> <span class='ocrx_word' id='word_1_214' title='bbox 3370 525 3458 594; x_wconf 85' lang='lat' dir='ltr'><strong>qui</strong></span> <span class='ocrx_word' id='word_1_215' title='bbox 3491 525 3594 582; x_wconf 83' lang='lat' dir='ltr'><strong>llde</strong></span> <span class='ocrx_word' id='word_1_216' title='bbox 3622 541 3838 597; x_wconf 86' lang='lat' dir='ltr'><strong>carent,</strong></span> 
     </span>
    </p>
   </div>
   <div class='ocr_carea' id='block_1_29' title="bbox 2253 608 3840 684">
    <p class='ocr_par' dir='ltr' id='par_1_29' title="bbox 2253 608 3840 684">
     <span class='ocr_line' id='line_1_29' title="bbox 2253 608 3840 684; baseline 0.007 -21"><span class='ocrx_word' id='word_1_217' title='bbox 2253 608 2369 663; x_wconf 64' lang='lat' dir='ltr'><strong>haec</strong></span> <span class='ocrx_word' id='word_1_218' title='bbox 2405 611 2567 666; x_wconf 85' lang='lat' dir='ltr'><strong>verba</strong></span> <span class='ocrx_word' id='word_1_219' title='bbox 2597 620 2752 676; x_wconf 89' lang='lat' dir='ltr'><strong>sunt;</strong></span> <span class='ocrx_word' id='word_1_220' title='bbox 2782 627 2969 667; x_wconf 91' lang='lat' dir='ltr'><strong>verum</strong></span> <span class='ocrx_word' id='word_1_221' title='bbox 3001 612 3104 669; x_wconf 87' lang='lat' dir='ltr'><strong>hoc</strong></span> <span class='ocrx_word' id='word_1_222' title='bbox 3133 615 3341 684; x_wconf 88' lang='lat' dir='ltr'><strong>potius,</strong></span> <span class='ocrx_word' id='word_1_223' title='bbox 3388 616 3630 684; x_wconf 90' lang='lat' dir='ltr'><strong>Dormit,</strong></span> <span class='ocrx_word' id='word_1_224' title='bbox 3661 634 3727 674; x_wconf 88' lang='lat' dir='ltr'><strong>ac</strong></span> <span class='ocrx_word' id='word_1_225' title='bbox 3754 636 3840 674; x_wconf 86' lang='lat' dir='ltr'><strong>re-</strong></span> 
     </span>
    </p>
   </div>
   <div class='ocr_carea' id='block_1_30' title="bbox 2250 705 3839 779">
    <p class='ocr_par' dir='ltr' id='par_1_30' title="bbox 2250 705 3839 779">
     <span class='ocr_line' id='line_1_30' title="bbox 2250 705 3839 779; baseline 0.008 -24"><span class='ocrx_word' id='word_1_226' title='bbox 2250 712 2467 772; x_wconf 81' lang='lat' dir='ltr'><strong>surget;</strong></span> <span class='ocrx_word' id='word_1_227' title='bbox 2501 718 2722 774; x_wconf 81' lang='lat' dir='ltr'><strong>peregre</strong></span> <span class='ocrx_word' id='word_1_228' title='bbox 2753 705 2918 769; x_wconf 88' lang='lat' dir='ltr'><strong>abiit,</strong></span> <span class='ocrx_word' id='word_1_229' title='bbox 2950 715 3110 776; x_wconf 90' lang='lat' dir='ltr'><strong>atque</strong></span> <span class='ocrx_word' id='word_1_230' title='bbox 3136 722 3256 762; x_wconf 91' lang='lat' dir='ltr'><strong>cum</strong></span> <span class='ocrx_word' id='word_1_231' title='bbox 3284 708 3428 779; x_wconf 79' lang='lat' dir='ltr'><strong>Rege</strong></span> <span class='ocrx_word' id='word_1_232' title='bbox 3454 721 3712 766; x_wconf 85' lang='lat' dir='ltr'><strong>venturus</strong></span> <span class='ocrx_word' id='word_1_233' title='bbox 3739 725 3839 768; x_wconf 64' lang='lat' dir='ltr'><strong>esu</strong></span> 
     </span>
    </p>
   </div>
   <div class='ocr_carea' id='block_1_31' title="bbox 2248 781 3840 870">
    <p class='ocr_par' dir='ltr' id='par_1_31' title="bbox 2248 781 3840 870">
     <span class='ocr_line' id='line_1_31' title="bbox 2248 781 3840 870; baseline 0.008 -25"><span class='ocrx_word' id='word_1_234' title='bbox 2248 794 2377 862; x_wconf 84' lang='lat' dir='ltr'><strong>Quis</strong></span> <span class='ocrx_word' id='word_1_235' title='bbox 2405 781 2504 848; x_wconf 82' lang='lat' dir='ltr'><strong>hoc</strong></span> <span class='ocrx_word' id='word_1_236' title='bbox 2531 810 2780 851; x_wconf 91' lang='lat' dir='ltr'><strong>sermone</strong></span> <span class='ocrx_word' id='word_1_237' title='bbox 2803 797 3008 851; x_wconf 90' lang='lat' dir='ltr'><strong>utitur?</strong></span> <span class='ocrx_word' id='word_1_238' title='bbox 3038 796 3086 852; x_wconf 90' lang='lat' dir='ltr'><strong>ls</strong></span> <span class='ocrx_word' id='word_1_239' title='bbox 3118 814 3311 868; x_wconf 90' lang='lat' dir='ltr'><strong>nempe</strong></span> <span class='ocrx_word' id='word_1_240' title='bbox 3329 840 3344 863; x_wconf 92' lang='lat'><strong>,</strong></span> <span class='ocrx_word' id='word_1_241' title='bbox 3372 801 3460 870; x_wconf 92' lang='lat' dir='ltr'><strong>qui</strong></span> <span class='ocrx_word' id='word_1_242' title='bbox 3490 801 3762 856; x_wconf 81' lang='lat' dir='ltr'><strong>Christum</strong></span> <span class='ocrx_word' id='word_1_243' title='bbox 3793 803 3840 857; x_wconf 91' lang='lat' dir='ltr'><strong>in</strong></span> 
     </span>
    </p>
   </div>
   <div class='ocr_carea' id='block_1_32' title="bbox 2249 884 3841 962">
    <p class='ocr_par' dir='ltr' id='par_1_32' title="bbox 2249 884 3841 962">
     <span class='ocr_line' id='line_1_32' title="bbox 2249 884 3841 962; baseline 0.006 -24"><span class='ocrx_word' id='word_1_244' title='bbox 2249 900 2307 938; x_wconf 88' lang='lat' dir='ltr'><strong>se</strong></span> <span class='ocrx_word' id='word_1_245' title='bbox 2339 884 2646 956; x_wconf 88' lang='lat' dir='ltr'><strong>loquentem</strong></span> <span class='ocrx_word' id='word_1_246' title='bbox 2680 885 2862 941; x_wconf 90' lang='lat' dir='ltr'><strong>habet.</strong></span> <span class='ocrx_word' id='word_1_247' title='bbox 2893 887 2955 942; x_wconf 89' lang='lat' dir='ltr'><strong>Si</strong></span> <span class='ocrx_word' id='word_1_248' title='bbox 2985 889 3115 941; x_wconf 85' lang='lat' dir='ltr'><strong>enim</strong></span> <span class='ocrx_word' id='word_1_249' title='bbox 3142 889 3422 957; x_wconf 81' lang='lat' dir='ltr'><strong>credimus,</strong></span> <span class='ocrx_word' id='word_1_250' title='bbox 3465 891 3674 962; x_wconf 78' lang='lat' dir='ltr'><strong>inquit,</strong></span> <span class='ocrx_word' id='word_1_251' title='bbox 3707 897 3841 962; x_wconf 75' lang='lat' dir='ltr'><strong>quod</strong></span> 
     </span>
    </p>
   </div>
   <div class='ocr_carea' id='block_1_33' title="bbox 2244 973 3840 1047">
    <p class='ocr_par' dir='ltr' id='par_1_33' title="bbox 2244 973 3840 1047">
     <span class='ocr_line' id='line_1_33' title="bbox 2244 973 3840 1047; baseline 0.009 -21"><span class='ocrx_word' id='word_1_252' title='bbox 2244 973 2400 1028; x_wconf 83' lang='lat' dir='ltr'><strong>Jesus</strong></span> <span class='ocrx_word' id='word_1_253' title='bbox 2429 986 2658 1029; x_wconf 88' lang='lat' dir='ltr'><strong>mortuus</strong></span> <span class='ocrx_word' id='word_1_254' title='bbox 2682 987 2754 1031; x_wconf 88' lang='lat' dir='ltr'><strong>est</strong></span> <span class='ocrx_word' id='word_1_255' title='bbox 2782 988 2829 1031; x_wconf 87' lang='lat' dir='ltr'><strong>et</strong></span> <span class='ocrx_word' id='word_1_256' title='bbox 2855 981 3135 1033; x_wconf 74' lang='lat' dir='ltr'><strong>resurrexit</strong></span> <span class='ocrx_word' id='word_1_257' title='bbox 3163 997 3223 1033; x_wconf 87' lang='lat' dir='ltr'><strong>ac</strong></span> <span class='ocrx_word' id='word_1_258' title='bbox 3251 983 3399 1047; x_wconf 81' lang='lat' dir='ltr'><strong>vivit;</strong></span> <span class='ocrx_word' id='word_1_259' title='bbox 3423 983 3493 1035; x_wconf 89' lang='lat' dir='ltr'><strong>ita</strong></span> <span class='ocrx_word' id='word_1_260' title='bbox 3519 984 3673 1037; x_wconf 83' lang='lat' dir='ltr'><strong>etiam</strong></span> <span class='ocrx_word' id='word_1_261' title='bbox 3705 983 3840 1040; x_wconf 84' lang='lat' dir='ltr'><strong>Deus</strong></span> 
     </span>
    </p>
   </div>
   <div class='ocr_carea' id='block_1_34' title="bbox 2247 1070 3835 1146">
    <p class='ocr_par' dir='ltr' id='par_1_34' title="bbox 2247 1070 3835 1146">
     <span class='ocr_line' id='line_1_34' title="bbox 2247 1070 3835 1146; baseline 0.007 -24"><span class='ocrx_word' id='word_1_262' title='bbox 2247 1087 2360 1135; x_wconf 88' lang='lat' dir='ltr'><strong>eos,</strong></span> <span class='ocrx_word' id='word_1_263' title='bbox 2390 1070 2476 1140; x_wconf 85' lang='lat' dir='ltr'><strong>qui</strong></span> <span class='ocrx_word' id='word_1_264' title='bbox 2505 1070 2883 1125; x_wconf 71' lang='lat' dir='ltr'><strong>obdormiat-unt</strong></span> <span class='ocrx_word' id='word_1_265' title='bbox 2907 1113 2920 1136; x_wconf 88' lang='lat'><strong>,</strong></span> <span class='ocrx_word' id='word_1_266' title='bbox 2955 1089 3041 1140; x_wconf 89' lang='lat' dir='ltr'><strong>per</strong></span> <span class='ocrx_word' id='word_1_267' title='bbox 3064 1073 3240 1128; x_wconf 80' lang='lat' dir='ltr'><strong>Jesum</strong></span> <span class='ocrx_word' id='word_1_268' title='bbox 3271 1074 3486 1128; x_wconf 82' lang='lat' dir='ltr'><strong>adducet</strong></span> <span class='ocrx_word' id='word_1_269' title='bbox 3525 1091 3643 1129; x_wconf 83' lang='lat' dir='ltr'><strong>cum</strong></span> <span class='ocrx_word' id='word_1_270' title='bbox 3675 1093 3736 1129; x_wconf 86' lang='lat' dir='ltr'><strong>eo</strong></span> <span class='ocrx_word' id='word_1_271' title='bbox 3765 1078 3835 1146; x_wconf 79' lang='lat' dir='ltr'><strong>(i.</strong></span> 
     </span>
    </p>
   </div>
   <div class='ocr_carea' id='block_1_35' title="bbox 2247 1161 3836 1236">
    <p class='ocr_par' dir='ltr' id='par_1_35' title="bbox 2247 1161 3836 1236">
     <span class='ocr_line' id='line_1_35' title="bbox 2247 1161 3836 1236; baseline 0.004 -22"><span class='ocrx_word' id='word_1_272' title='bbox 2247 1161 2425 1215; x_wconf 77' lang='lat' dir='ltr'><strong>Thess.</strong></span> <span class='ocrx_word' id='word_1_273' title='bbox 2455 1162 2508 1216; x_wconf 69' lang='grc'><strong>4.</strong></span> <span class='ocrx_word' id='word_1_274' title='bbox 2535 1163 2646 1233; x_wconf 80' lang='grc'><strong>14).</strong></span> <span class='ocrx_word' id='word_1_275' title='bbox 2676 1161 2854 1230; x_wconf 54' lang='grc' dir='ltr'><strong>ρυεω</strong></span> <span class='ocrx_word' id='word_1_276' title='bbox 2881 1163 2926 1217; x_wconf 87' lang='lat' dir='ltr'><strong>si</strong></span> <span class='ocrx_word' id='word_1_277' title='bbox 2956 1163 3124 1218; x_wconf 78' lang='lat' dir='ltr'><strong>filium</strong></span> <span class='ocrx_word' id='word_1_278' title='bbox 3153 1165 3373 1235; x_wconf 60' lang='lat' dir='ltr'><strong>quaeris,</strong></span> <span class='ocrx_word' id='word_1_279' title='bbox 3403 1165 3513 1220; x_wconf 89' lang='lat' dir='ltr'><strong>illic</strong></span> <span class='ocrx_word' id='word_1_280' title='bbox 3531 1181 3656 1221; x_wconf 89' lang='lat' dir='ltr'><strong>eum</strong></span> <span class='ocrx_word' id='word_1_281' title='bbox 3687 1183 3836 1236; x_wconf 85' lang='lat' dir='ltr'><strong>qna:-</strong></span> 
     </span>
    </p>
   </div>
   <div class='ocr_carea' id='block_1_36' title="bbox 2245 1254 3838 1325">
    <p class='ocr_par' dir='ltr' id='par_1_36' title="bbox 2245 1254 3838 1325">
     <span class='ocr_line' id='line_1_36' title="bbox 2245 1254 3838 1325; baseline 0.004 -18"><span class='ocrx_word' id='word_1_282' title='bbox 2245 1270 2303 1308; x_wconf 89' lang='lat' dir='ltr'><strong>rc</strong></span> <span class='ocrx_word' id='word_1_283' title='bbox 2323 1296 2335 1313; x_wconf 89' lang='lat'><strong>,</strong></span> <span class='ocrx_word' id='word_1_284' title='bbox 2371 1255 2460 1308; x_wconf 87' lang='lat' dir='ltr'><strong>ubi</strong></span> <span class='ocrx_word' id='word_1_285' title='bbox 2493 1254 2600 1308; x_wconf 76' lang='lat' dir='ltr'><strong>Rex</strong></span> <span class='ocrx_word' id='word_1_286' title='bbox 2631 1263 2734 1322; x_wconf 91' lang='lat' dir='ltr'><strong>est,</strong></span> <span class='ocrx_word' id='word_1_287' title='bbox 2763 1255 2850 1310; x_wconf 87' lang='lat' dir='ltr'><strong>ubi</strong></span> <span class='ocrx_word' id='word_1_288' title='bbox 2877 1256 3190 1325; x_wconf 84' lang='lat' dir='ltr'><strong>angelorum</strong></span> <span class='ocrx_word' id='word_1_289' title='bbox 3219 1259 3507 1323; x_wconf 74' lang='lat' dir='ltr'><strong>exercitus,</strong></span> <span class='ocrx_word' id='word_1_290' title='bbox 3538 1275 3643 1312; x_wconf 89' lang='lat' dir='ltr'><strong>non</strong></span> <span class='ocrx_word' id='word_1_291' title='bbox 3673 1258 3727 1312; x_wconf 91' lang='lat' dir='ltr'><strong>in</strong></span> <span class='ocrx_word' id='word_1_292' title='bbox 3755 1274 3838 1314; x_wconf 79' lang='lat' dir='ltr'><strong>se-</strong></span> 
     </span>
    </p>
   </div>
   <div class='ocr_carea' id='block_1_37' title="bbox 2244 1347 3833 1420">
    <p class='ocr_par' dir='ltr' id='par_1_37' title="bbox 2244 1347 3833 1420">
     <span class='ocr_line' id='line_1_37' title="bbox 2244 1347 3833 1420; baseline 0.003 -20"><span class='ocrx_word' id='word_1_293' title='bbox 2244 1347 2448 1416; x_wconf 88' lang='lat' dir='ltr'><strong>pulcro,</strong></span> <span class='ocrx_word' id='word_1_294' title='bbox 2479 1362 2584 1401; x_wconf 91' lang='lat' dir='ltr'><strong>non</strong></span> <span class='ocrx_word' id='word_1_295' title='bbox 2625 1347 2676 1401; x_wconf 94' lang='lat' dir='ltr'><strong>in</strong></span> <span class='ocrx_word' id='word_1_296' title='bbox 2722 1357 2862 1403; x_wconf 88' lang='lat' dir='ltr'><strong>terra</strong></span> <span class='ocrx_word' id='word_1_297' title='bbox 2887 1388 2902 1415; x_wconf 97' lang='lat'><strong>,</strong></span> <span class='ocrx_word' id='word_1_298' title='bbox 2946 1363 3014 1403; x_wconf 88' lang='lat' dir='ltr'><strong>ne</strong></span> <span class='ocrx_word' id='word_1_299' title='bbox 3041 1348 3273 1418; x_wconf 91' lang='lat' dir='ltr'><strong>alioqui,</strong></span> <span class='ocrx_word' id='word_1_300' title='bbox 3304 1363 3370 1404; x_wconf 89' lang='lat' dir='ltr'><strong>eo</strong></span> <span class='ocrx_word' id='word_1_301' title='bbox 3410 1365 3578 1420; x_wconf 89' lang='lat' dir='ltr'><strong>usque</strong></span> <span class='ocrx_word' id='word_1_302' title='bbox 3604 1350 3744 1405; x_wconf 90' lang='lat' dir='ltr'><strong>adeo</strong></span> <span class='ocrx_word' id='word_1_303' title='bbox 3777 1352 3833 1406; x_wconf 89' lang='lat' dir='ltr'><strong>in</strong></span> 
     </span>
    </p>
   </div>
   <div class='ocr_carea' id='block_1_38' title="bbox 2244 1439 3835 1511">
    <p class='ocr_par' dir='ltr' id='par_1_38' title="bbox 2244 1439 3835 1511">
     <span class='ocr_line' id='line_1_38' title="bbox 2244 1439 3835 1511; baseline 0.005 -19"><span class='ocrx_word' id='word_1_304' title='bbox 2244 1439 2410 1494; x_wconf 85' lang='lat' dir='ltr'><strong>altum</strong></span> <span class='ocrx_word' id='word_1_305' title='bbox 2451 1449 2632 1494; x_wconf 89' lang='lat' dir='ltr'><strong>erecto</strong></span> <span class='ocrx_word' id='word_1_306' title='bbox 2656 1481 2672 1506; x_wconf 91' lang='lat'><strong>,</strong></span> <span class='ocrx_word' id='word_1_307' title='bbox 2719 1441 2834 1509; x_wconf 89' lang='lat' dir='ltr'><strong>ipse</strong></span> <span class='ocrx_word' id='word_1_308' title='bbox 2865 1441 3010 1495; x_wconf 91' lang='lat' dir='ltr'><strong>humi</strong></span> <span class='ocrx_word' id='word_1_309' title='bbox 3060 1443 3372 1511; x_wconf 80' lang='lat' dir='ltr'><strong>provolutus</strong></span> <span class='ocrx_word' id='word_1_310' title='bbox 3411 1458 3651 1498; x_wconf 80' lang='lat' dir='ltr'><strong>maneas.</strong></span> <span class='ocrx_word' id='word_1_311' title='bbox 3681 1443 3740 1500; x_wconf 84' lang='lat' dir='ltr'><strong>Si</strong></span> <span class='ocrx_word' id='word_1_312' title='bbox 3770 1444 3835 1500; x_wconf 78' lang='lat' dir='ltr'><strong>at!</strong></span> 
     </span>
    </p>
   </div>
   <div class='ocr_carea' id='block_1_39' title="bbox 2243 1529 3836 1605">
    <p class='ocr_par' dir='ltr' id='par_1_39' title="bbox 2243 1529 3836 1605">
     <span class='ocr_line' id='line_1_39' title="bbox 2243 1529 3836 1605; baseline 0.003 -19"><span class='ocrx_word' id='word_1_313' title='bbox 2243 1529 2387 1587; x_wconf 88' lang='lat' dir='ltr'><strong>hunc</strong></span> <span class='ocrx_word' id='word_1_314' title='bbox 2434 1532 2649 1586; x_wconf 91' lang='lat' dir='ltr'><strong>modum</strong></span> <span class='ocrx_word' id='word_1_315' title='bbox 2688 1531 3150 1602; x_wconf 84' lang='lat' dir='ltr'><strong>philosophenmr,</strong></span> <span class='ocrx_word' id='word_1_316' title='bbox 3183 1549 3400 1590; x_wconf 86' lang='lat' dir='ltr'><strong>onmem</strong></span> <span class='ocrx_word' id='word_1_317' title='bbox 3445 1535 3708 1605; x_wconf 88' lang='lat' dir='ltr'><strong>ejusmodi</strong></span> <span class='ocrx_word' id='word_1_318' title='bbox 3736 1537 3836 1591; x_wconf 88' lang='lat' dir='ltr'><strong>do-</strong></span> 
     </span>
    </p>
   </div>
   <div class='ocr_carea' id='block_1_40' title="bbox 2243 1623 3836 1695">
    <p class='ocr_par' dir='ltr' id='par_1_40' title="bbox 2243 1623 3836 1695">
     <span class='ocr_line' id='line_1_40' title="bbox 2243 1623 3836 1695; baseline 0.004 -17"><span class='ocrx_word' id='word_1_319' title='bbox 2243 1623 2410 1678; x_wconf 88' lang='lat' dir='ltr'><strong>lorem</strong></span> <span class='ocrx_word' id='word_1_320' title='bbox 2445 1625 2590 1679; x_wconf 90' lang='lat' dir='ltr'><strong>nullo</strong></span> <span class='ocrx_word' id='word_1_321' title='bbox 2622 1625 2837 1695; x_wconf 89' lang='lat' dir='ltr'><strong>negotio</strong></span> <span class='ocrx_word' id='word_1_322' title='bbox 2871 1626 3257 1695; x_wconf 83' lang='lat' dir='ltr'><strong>pmpellemus.</strong></span> <span class='ocrx_word' id='word_1_323' title='bbox 3294 1627 3434 1682; x_wconf 89' lang='lat' dir='ltr'><strong>Deus</strong></span> <span class='ocrx_word' id='word_1_324' title='bbox 3459 1638 3640 1683; x_wconf 90' lang='lat' dir='ltr'><strong>autem</strong></span> <span class='ocrx_word' id='word_1_325' title='bbox 3673 1631 3836 1684; x_wconf 85' lang='lat' dir='ltr'><strong>mise-</strong></span> 
     </span>
    </p>
   </div>
   <div class='ocr_carea' id='block_1_41' title="bbox 2243 1717 3836 1776">
    <p class='ocr_par' dir='ltr' id='par_1_41' title="bbox 2243 1717 3836 1776">
     <span class='ocr_line' id='line_1_41' title="bbox 2243 1717 3836 1776; baseline 0.003 -4"><span class='ocrx_word' id='word_1_326' title='bbox 2243 1717 2509 1772; x_wconf 87' lang='lat' dir='ltr'><strong>rationum</strong></span> <span class='ocrx_word' id='word_1_327' title='bbox 2548 1729 2602 1771; x_wconf 88' lang='lat' dir='ltr'><strong>et</strong></span> <span class='ocrx_word' id='word_1_328' title='bbox 2649 1719 2809 1772; x_wconf 85' lang='lat' dir='ltr'><strong>Pater</strong></span> <span class='ocrx_word' id='word_1_329' title='bbox 2838 1719 3000 1772; x_wconf 93' lang='lat' dir='ltr'><strong>totius</strong></span> <span class='ocrx_word' id='word_1_330' title='bbox 3042 1720 3427 1774; x_wconf 89' lang='lat' dir='ltr'><strong>consolationis</strong></span> <span class='ocrx_word' id='word_1_331' title='bbox 3456 1718 3696 1775; x_wconf 89' lang='lat' dir='ltr'><strong>omnium</strong></span> <span class='ocrx_word' id='word_1_332' title='bbox 3737 1738 3836 1776; x_wconf 83' lang='lat' dir='ltr'><strong>no-</strong></span> 
     </span>
    </p>
   </div>
   <div class='ocr_carea' id='block_1_42' title="bbox 2242 1809 3837 1883">
    <p class='ocr_par' dir='ltr' id='par_1_42' title="bbox 2242 1809 3837 1883">
     <span class='ocr_line' id='line_1_42' title="bbox 2242 1809 3837 1883; baseline 0.003 -19"><span class='ocrx_word' id='word_1_333' title='bbox 2242 1819 2411 1865; x_wconf 89' lang='lat' dir='ltr'><strong>strum</strong></span> <span class='ocrx_word' id='word_1_334' title='bbox 2451 1809 2615 1865; x_wconf 90' lang='lat' dir='ltr'><strong>corda</strong></span> <span class='ocrx_word' id='word_1_335' title='bbox 2645 1811 2977 1876; x_wconf 88' lang='lat' dir='ltr'><strong>consoletur,</strong></span> <span class='ocrx_word' id='word_1_336' title='bbox 3025 1820 3080 1866; x_wconf 92' lang='lat' dir='ltr'><strong>et</strong></span> <span class='ocrx_word' id='word_1_337' title='bbox 3121 1825 3310 1866; x_wconf 91' lang='lat' dir='ltr'><strong>eorum</strong></span> <span class='ocrx_word' id='word_1_338' title='bbox 3359 1813 3448 1882; x_wconf 92' lang='lat' dir='ltr'><strong>qui</strong></span> <span class='ocrx_word' id='word_1_339' title='bbox 3490 1812 3542 1866; x_wconf 91' lang='lat' dir='ltr'><strong>in</strong></span> <span class='ocrx_word' id='word_1_340' title='bbox 3569 1813 3837 1883; x_wconf 88' lang='lat' dir='ltr'><strong>ejusmodi</strong></span> 
     </span>
    </p>
   </div>
   <div class='ocr_carea' id='block_1_43' title="bbox 2238 1902 3838 1976">
    <p class='ocr_par' dir='ltr' id='par_1_43' title="bbox 2238 1902 3838 1976">
     <span class='ocr_line' id='line_1_43' title="bbox 2238 1902 3838 1976; baseline 0.003 -18"><span class='ocrx_word' id='word_1_341' title='bbox 2238 1902 2518 1958; x_wconf 89' lang='lat' dir='ltr'><strong>doloribus</strong></span> <span class='ocrx_word' id='word_1_342' title='bbox 2553 1911 2858 1970; x_wconf 83' lang='lat' dir='ltr'><strong>versantur,</strong></span> <span class='ocrx_word' id='word_1_343' title='bbox 2889 1911 2944 1957; x_wconf 90' lang='lat' dir='ltr'><strong>et</strong></span> <span class='ocrx_word' id='word_1_344' title='bbox 2967 1917 3156 1958; x_wconf 89' lang='lat' dir='ltr'><strong>eorum</strong></span> <span class='ocrx_word' id='word_1_345' title='bbox 3181 1904 3275 1976; x_wconf 92' lang='lat' dir='ltr'><strong>qui</strong></span> <span class='ocrx_word' id='word_1_346' title='bbox 3320 1904 3427 1958; x_wconf 91' lang='lat' dir='ltr'><strong>alio</strong></span> <span class='ocrx_word' id='word_1_347' title='bbox 3461 1906 3714 1960; x_wconf 67' lang='lat' dir='ltr'><strong>maeroris</strong></span> <span class='ocrx_word' id='word_1_348' title='bbox 3738 1922 3838 1976; x_wconf 85' lang='lat' dir='ltr'><strong>ge-</strong></span> 
     </span>
    </p>
   </div>
   <div class='ocr_carea' id='block_1_44' title="bbox 2240 1992 3835 2064">
    <p class='ocr_par' dir='ltr' id='par_1_44' title="bbox 2240 1992 3835 2064">
     <span class='ocr_line' id='line_1_44' title="bbox 2240 1992 3835 2064; baseline 0.003 -17"><span class='ocrx_word' id='word_1_349' title='bbox 2240 2009 2369 2049; x_wconf 89' lang='lat' dir='ltr'><strong>nere</strong></span> <span class='ocrx_word' id='word_1_350' title='bbox 2398 2002 2664 2062; x_wconf 88' lang='lat' dir='ltr'><strong>tenentur,</strong></span> <span class='ocrx_word' id='word_1_351' title='bbox 2693 1992 2965 2064; x_wconf 84' lang='lat' dir='ltr'><strong>donetque</strong></span> <span class='ocrx_word' id='word_1_352' title='bbox 2988 2003 3044 2048; x_wconf 93' lang='lat' dir='ltr'><strong>ut</strong></span> <span class='ocrx_word' id='word_1_353' title='bbox 3070 1995 3218 2049; x_wconf 91' lang='lat' dir='ltr'><strong>omni</strong></span> <span class='ocrx_word' id='word_1_354' title='bbox 3242 1995 3496 2050; x_wconf 72' lang='lat' dir='ltr'><strong>maestitia</strong></span> <span class='ocrx_word' id='word_1_355' title='bbox 3522 1996 3835 2063; x_wconf 85' lang='lat' dir='ltr'><strong>liberemur,</strong></span> 
     </span>
    </p>
   </div>
   <div class='ocr_carea' id='block_1_45' title="bbox 2238 2086 3838 2157">
    <p class='ocr_par' dir='ltr' id='par_1_45' title="bbox 2238 2086 3838 2157">
     <span class='ocr_line' id='line_1_45' title="bbox 2238 2086 3838 2157; baseline 0.004 -19"><span class='ocrx_word' id='word_1_356' title='bbox 2238 2100 2302 2141; x_wconf 90' lang='lat' dir='ltr'><strong>ac</strong></span> <span class='ocrx_word' id='word_1_357' title='bbox 2330 2087 2612 2156; x_wconf 89' lang='lat' dir='ltr'><strong>spirituale</strong></span> <span class='ocrx_word' id='word_1_358' title='bbox 2639 2086 2887 2157; x_wconf 86' lang='lat' dir='ltr'><strong>gaudium</strong></span> <span class='ocrx_word' id='word_1_359' title='bbox 2921 2087 3278 2156; x_wconf 87' lang='lat' dir='ltr'><strong>percipiamus</strong></span> <span class='ocrx_word' id='word_1_360' title='bbox 3302 2129 3317 2154; x_wconf 93' lang='lat'><strong>,</strong></span> <span class='ocrx_word' id='word_1_361' title='bbox 3367 2087 3652 2157; x_wconf 76' lang='lat' dir='ltr'><strong>futuraque</strong></span> <span class='ocrx_word' id='word_1_362' title='bbox 3697 2089 3838 2146; x_wconf 84' lang='lat' dir='ltr'><strong>bona</strong></span> 
     </span>
    </p>
   </div>
   <div class='ocr_carea' id='block_1_46' title="bbox 2237 2176 3836 2250">
    <p class='ocr_par' dir='ltr' id='par_1_46' title="bbox 2237 2176 3836 2250">
     <span class='ocr_line' id='line_1_46' title="bbox 2237 2176 3836 2250; baseline 0.001 -17"><span class='ocrx_word' id='word_1_363' title='bbox 2237 2193 2629 2248; x_wconf 88' lang='lat' dir='ltr'><strong>consequamur</strong></span> <span class='ocrx_word' id='word_1_364' title='bbox 2663 2195 2676 2232; x_wconf 92' lang='lat'>:</span> <span class='ocrx_word' id='word_1_365' title='bbox 2707 2193 2827 2248; x_wconf 73' lang='lat' dir='ltr'><strong>qua:</strong></span> <span class='ocrx_word' id='word_1_366' title='bbox 2878 2176 3035 2232; x_wconf 91' lang='lat' dir='ltr'><strong>detur</strong></span> <span class='ocrx_word' id='word_1_367' title='bbox 3077 2178 3334 2232; x_wconf 87' lang='lat' dir='ltr'><strong>omnibus</strong></span> <span class='ocrx_word' id='word_1_368' title='bbox 3383 2178 3537 2234; x_wconf 91' lang='lat' dir='ltr'><strong>nobis</strong></span> <span class='ocrx_word' id='word_1_369' title='bbox 3579 2182 3836 2250; x_wconf 83' lang='lat' dir='ltr'><strong>assequi,</strong></span> 
     </span>
    </p>
   </div>
   <div class='ocr_carea' id='block_1_47' title="bbox 2235 2268 3835 2340">
    <p class='ocr_par' dir='ltr' id='par_1_47' title="bbox 2235 2268 3835 2340">
     <span class='ocr_line' id='line_1_47' title="bbox 2235 2268 3835 2340; baseline 0.004 -18"><span class='ocrx_word' id='word_1_370' title='bbox 2235 2270 2406 2340; x_wconf 88' lang='lat' dir='ltr'><strong>gratia</strong></span> <span class='ocrx_word' id='word_1_371' title='bbox 2433 2279 2486 2324; x_wconf 92' lang='lat' dir='ltr'><strong>et</strong></span> <span class='ocrx_word' id='word_1_372' title='bbox 2513 2269 2841 2339; x_wconf 77' lang='lat' dir='ltr'><strong>benignitate</strong></span> <span class='ocrx_word' id='word_1_373' title='bbox 2867 2268 3077 2323; x_wconf 89' lang='lat' dir='ltr'><strong>Domini</strong></span> <span class='ocrx_word' id='word_1_374' title='bbox 3107 2270 3277 2324; x_wconf 89' lang='lat' dir='ltr'><strong>nostri</strong></span> <span class='ocrx_word' id='word_1_375' title='bbox 3308 2269 3434 2325; x_wconf 86' lang='lat' dir='ltr'><strong>Jesu</strong></span> <span class='ocrx_word' id='word_1_376' title='bbox 3455 2269 3682 2339; x_wconf 88' lang='lat' dir='ltr'><strong>Christi,</strong></span> <span class='ocrx_word' id='word_1_377' title='bbox 3711 2288 3835 2328; x_wconf 86' lang='lat' dir='ltr'><strong>cum</strong></span> 
     </span>
    </p>
   </div>
   <div class='ocr_carea' id='block_1_48' title="bbox 2235 2359 3835 2434">
    <p class='ocr_par' dir='ltr' id='par_1_48' title="bbox 2235 2359 3835 2434">
     <span class='ocr_line' id='line_1_48' title="bbox 2235 2359 3835 2434; baseline 0.006 -21"><span class='ocrx_word' id='word_1_378' title='bbox 2235 2375 2343 2431; x_wconf 90' lang='lat' dir='ltr'><strong>quo</strong></span> <span class='ocrx_word' id='word_1_379' title='bbox 2386 2361 2528 2415; x_wconf 85' lang='lat' dir='ltr'><strong>Patri</strong></span> <span class='ocrx_word' id='word_1_380' title='bbox 2558 2360 2824 2430; x_wconf 89' lang='lat' dir='ltr'><strong>simulque</strong></span> <span class='ocrx_word' id='word_1_381' title='bbox 2851 2369 3039 2414; x_wconf 90' lang='lat' dir='ltr'><strong>sancto</strong></span> <span class='ocrx_word' id='word_1_382' title='bbox 3072 2359 3293 2430; x_wconf 90' lang='lat' dir='ltr'><strong>Spiritui</strong></span> <span class='ocrx_word' id='word_1_383' title='bbox 3323 2362 3490 2432; x_wconf 80' lang='lat' dir='ltr'><strong>gloria</strong></span> <span class='ocrx_word' id='word_1_384' title='bbox 3509 2403 3524 2428; x_wconf 91' lang='lat'><strong>,</strong></span> <span class='ocrx_word' id='word_1_385' title='bbox 3560 2374 3835 2434; x_wconf 88' lang='lat' dir='ltr'><strong>potestas,</strong></span> 
     </span>
    </p>
   </div>
   <div class='ocr_carea' id='block_1_49' title="bbox 2238 2452 3833 2522">
    <p class='ocr_par' dir='ltr' id='par_1_49' title="bbox 2238 2452 3833 2522">
     <span class='ocr_line' id='line_1_49' title="bbox 2238 2452 3833 2522; baseline 0.004 -15"><span class='ocrx_word' id='word_1_386' title='bbox 2238 2452 2443 2521; x_wconf 91' lang='lat' dir='ltr'><strong>honor,</strong></span> <span class='ocrx_word' id='word_1_387' title='bbox 2494 2468 2636 2508; x_wconf 92' lang='lat' dir='ltr'><strong>nunc</strong></span> <span class='ocrx_word' id='word_1_388' title='bbox 2673 2461 2728 2508; x_wconf 88' lang='lat' dir='ltr'><strong>et</strong></span> <span class='ocrx_word' id='word_1_389' title='bbox 2763 2467 3000 2522; x_wconf 90' lang='lat' dir='ltr'><strong>semper,</strong></span> <span class='ocrx_word' id='word_1_390' title='bbox 3044 2460 3100 2507; x_wconf 89' lang='lat' dir='ltr'><strong>et</strong></span> <span class='ocrx_word' id='word_1_391' title='bbox 3145 2452 3200 2507; x_wconf 89' lang='lat' dir='ltr'><strong>in</strong></span> <span class='ocrx_word' id='word_1_392' title='bbox 3242 2453 3438 2509; x_wconf 68' lang='lat' dir='ltr'><strong>smcula</strong></span> <span class='ocrx_word' id='word_1_393' title='bbox 3484 2456 3833 2514; x_wconf 69' lang='lat' dir='ltr'><strong>saeculorum.</strong></span> 
     </span>
    </p>
   </div>
   <div class='ocr_carea' id='block_1_50' title="bbox 2236 2546 2428 2600">
    <p class='ocr_par' dir='ltr' id='par_1_50' title="bbox 2236 2546 2428 2600">
     <span class='ocr_line' id='line_1_50' title="bbox 2236 2546 2428 2600; baseline -0.016 0"><span class='ocrx_word' id='word_1_394' title='bbox 2236 2546 2428 2600; x_wconf 81' lang='lat' dir='ltr'><strong>Amen.</strong></span> 
     </span>
    </p>
   </div>
   <div class='ocr_carea' id='block_1_51' title="bbox 541 2781 3827 2808">
    <p class='ocr_par' dir='ltr' id='par_1_51' title="bbox 541 2781 3827 2808">
     <span class='ocr_line' id='line_1_51' title="bbox 541 2781 3827 2808; baseline -0.003 0"><span class='ocrx_word' id='word_1_395' title='bbox 541 2781 3827 2808; x_wconf 58' lang='lat' dir='ltr'>ww</span> 
     </span>
    </p>
   </div>
   <div class='ocr_carea' id='block_1_52' title="bbox 1952 2861 2428 2926">
    <p class='ocr_par' dir='ltr' id='par_1_52' title="bbox 1952 2861 2428 2926">
     <span class='ocr_line' id='line_1_52' title="bbox 1952 2861 2428 2926; baseline -0.002 -2"><span class='ocrx_word' id='word_1_396' title='bbox 1952 2861 2303 2926; x_wconf 82' lang='lat' dir='ltr'><strong>HOMILIA</strong></span> <span class='ocrx_word' id='word_1_397' title='bbox 2346 2863 2428 2925; x_wconf 84' lang='lat' dir='ltr'><strong>ll.</strong></span> 
     </span>
    </p>
   </div>
   <div class='ocr_carea' id='block_1_53' title="bbox 533 3017 2119 3084">
    <p class='ocr_par' dir='ltr' id='par_1_53' title="bbox 533 3017 2119 3084">
     <span class='ocr_line' id='line_1_53' title="bbox 533 3017 2119 3084; baseline -0.011 -5"><span class='ocrx_word' id='word_1_398' title='bbox 533 3023 661 3078; x_wconf 74' lang='lat' dir='ltr'><strong>CAP.</strong></span> <span class='ocrx_word' id='word_1_399' title='bbox 697 3023 748 3076; x_wconf 81' lang='grc'><strong>1.</strong></span> <span class='ocrx_word' id='word_1_400' title='bbox 781 3037 830 3075; x_wconf 90' lang='lat' dir='ltr'><strong>v.</strong></span> <span class='ocrx_word' id='word_1_401' title='bbox 859 3021 892 3075; x_wconf 86' lang='lat'><strong><em>6</em></strong></span> <span class='ocrx_word' id='word_1_402' title='bbox 943 3021 1064 3075; x_wconf 76' lang='lat' dir='ltr'><strong>Sive</strong></span> <span class='ocrx_word' id='word_1_403' title='bbox 1084 3029 1251 3072; x_wconf 82' lang='lat' dir='ltr'><strong>autent</strong></span> <span class='ocrx_word' id='word_1_404' title='bbox 1282 3017 1603 3077; x_wconf 73' lang='lat' dir='ltr'><strong>lt&#39;ibulumttr,</strong></span> <span class='ocrx_word' id='word_1_405' title='bbox 1639 3029 1731 3084; x_wconf 84' lang='lat' dir='ltr'><strong>pro</strong></span> <span class='ocrx_word' id='word_1_406' title='bbox 1753 3021 1913 3066; x_wconf 85' lang='lat' dir='ltr'><strong>vestra</strong></span> <span class='ocrx_word' id='word_1_407' title='bbox 1941 3025 2119 3066; x_wconf 83' lang='lat' dir='ltr'><strong>conso-</strong></span> 
     </span>
    </p>
   </div>
   <div class='ocr_carea' id='block_1_54' title="bbox 602 3103 2122 3180">
    <p class='ocr_par' dir='ltr' id='par_1_54' title="bbox 602 3103 2122 3180">
     <span class='ocr_line' id='line_1_54' title="bbox 602 3103 2122 3180; baseline -0.011 -10"><span class='ocrx_word' id='word_1_408' title='bbox 602 3115 791 3170; x_wconf 87' lang='lat' dir='ltr'><strong>latione</strong></span> <span class='ocrx_word' id='word_1_409' title='bbox 819 3122 864 3165; x_wconf 81' lang='lat' dir='ltr'><strong>et</strong></span> <span class='ocrx_word' id='word_1_410' title='bbox 890 3112 1052 3166; x_wconf 85' lang='lat' dir='ltr'><strong>salute</strong></span> <span class='ocrx_word' id='word_1_411' title='bbox 1073 3153 1085 3175; x_wconf 91' lang='lat'><strong>,</strong></span> <span class='ocrx_word' id='word_1_412' title='bbox 1119 3125 1234 3180; x_wconf 70' lang='lat' dir='ltr'><strong>qua:</strong></span> <span class='ocrx_word' id='word_1_413' title='bbox 1261 3117 1502 3178; x_wconf 84' lang='lat' dir='ltr'><strong>aperatur</strong></span> <span class='ocrx_word' id='word_1_414' title='bbox 1536 3106 1588 3158; x_wconf 88' lang='lat' dir='ltr'><strong>in</strong></span> <span class='ocrx_word' id='word_1_415' title='bbox 1627 3103 1894 3158; x_wconf 79' lang='lat' dir='ltr'><strong>tolerantia</strong></span> <span class='ocrx_word' id='word_1_416' title='bbox 1918 3119 2122 3156; x_wconf 88' lang='lat' dir='ltr'><strong>earum-</strong></span> 
     </span>
    </p>
   </div>
   <div class='ocr_carea' id='block_1_55' title="bbox 603 3195 2126 3272">
    <p class='ocr_par' dir='ltr' id='par_1_55' title="bbox 603 3195 2126 3272">
     <span class='ocr_line' id='line_1_55' title="bbox 603 3195 2126 3272; baseline -0.009 -15"><span class='ocrx_word' id='word_1_417' title='bbox 603 3206 717 3258; x_wconf 88' lang='lat' dir='ltr'><strong>dem</strong></span> <span class='ocrx_word' id='word_1_418' title='bbox 738 3203 1050 3272; x_wconf 77' lang='lat' dir='ltr'><strong>passionum,</strong></span> <span class='ocrx_word' id='word_1_419' title='bbox 1073 3215 1200 3270; x_wconf 89' lang='lat' dir='ltr'><strong>quas</strong></span> <span class='ocrx_word' id='word_1_420' title='bbox 1222 3209 1268 3253; x_wconf 87' lang='lat' dir='ltr'><strong>et</strong></span> <span class='ocrx_word' id='word_1_421' title='bbox 1290 3214 1380 3251; x_wconf 89' lang='lat' dir='ltr'><strong>nos</strong></span> <span class='ocrx_word' id='word_1_422' title='bbox 1400 3197 1622 3269; x_wconf 78' lang='lat' dir='ltr'><strong>patimur</strong></span> <span class='ocrx_word' id='word_1_423' title='bbox 1640 3211 1657 3250; x_wconf 91' lang='lat'><strong><em>:</em></strong></span> <span class='ocrx_word' id='word_1_424' title='bbox 1675 3195 1728 3248; x_wconf 89' lang='lat'><strong>7.</strong></span> <span class='ocrx_word' id='word_1_425' title='bbox 1755 3203 1802 3248; x_wconf 85' lang='lat' dir='ltr'><strong>et</strong></span> <span class='ocrx_word' id='word_1_426' title='bbox 1821 3208 1936 3264; x_wconf 87' lang='lat' dir='ltr'><strong>spes</strong></span> <span class='ocrx_word' id='word_1_427' title='bbox 1954 3203 2126 3246; x_wconf 86' lang='lat' dir='ltr'><strong>nostra</strong></span> 
     </span>
    </p>
   </div>
   <div class='ocr_carea' id='block_1_56' title="bbox 602 3291 1149 3364">
    <p class='ocr_par' dir='ltr' id='par_1_56' title="bbox 602 3291 1149 3364">
     <span class='ocr_line' id='line_1_56' title="bbox 602 3291 1149 3364; baseline -0.005 -17"><span class='ocrx_word' id='word_1_428' title='bbox 602 3297 751 3364; x_wconf 79' lang='lat' dir='ltr'><strong>ﬁrma</strong></span> <span class='ocrx_word' id='word_1_429' title='bbox 779 3302 850 3348; x_wconf 78' lang='lat' dir='ltr'><strong>est</strong></span> <span class='ocrx_word' id='word_1_430' title='bbox 877 3309 968 3364; x_wconf 87' lang='lat' dir='ltr'><strong>pro</strong></span> <span class='ocrx_word' id='word_1_431' title='bbox 993 3291 1149 3346; x_wconf 81' lang='lat' dir='ltr'><strong>vobis.</strong></span> 
     </span>
    </p>
   </div>
   <div class='ocr_carea' id='block_1_57' title="bbox 605 3375 2124 3455">
    <p class='ocr_par' dir='ltr' id='par_1_57' title="bbox 605 3375 2124 3455">
     <span class='ocr_line' id='line_1_57' title="bbox 605 3375 2124 3455; baseline -0.007 -14"><span class='ocrx_word' id='word_1_432' title='bbox 605 3390 656 3441; x_wconf 82' lang='lat'><strong>1.</strong></span> <span class='ocrx_word' id='word_1_433' title='bbox 690 3387 982 3455; x_wconf 84' lang='lat' dir='ltr'><strong>Postquam</strong></span> <span class='ocrx_word' id='word_1_434' title='bbox 1013 3397 1175 3438; x_wconf 88' lang='lat' dir='ltr'><strong>uuam</strong></span> <span class='ocrx_word' id='word_1_435' title='bbox 1205 3397 1267 3436; x_wconf 91' lang='lat' dir='ltr'><strong>ac</strong></span> <span class='ocrx_word' id='word_1_436' title='bbox 1293 3379 1590 3452; x_wconf 89' lang='lat' dir='ltr'><strong>principem</strong></span> <span class='ocrx_word' id='word_1_437' title='bbox 1617 3377 2014 3434; x_wconf 81' lang='lat' dir='ltr'><strong>exhortationis</strong></span> <span class='ocrx_word' id='word_1_438' title='bbox 2039 3375 2124 3430; x_wconf 80' lang='lat' dir='ltr'><strong>al-</strong></span> 
     </span>
    </p>
   </div>
   <div class='ocr_carea' id='block_1_58' title="bbox 531 3469 2126 3551">
    <p class='ocr_par' dir='ltr' id='par_1_58' title="bbox 531 3469 2126 3551">
     <span class='ocr_line' id='line_1_58' title="bbox 531 3469 2126 3551; baseline -0.004 -21"><span class='ocrx_word' id='word_1_439' title='bbox 531 3495 636 3551; x_wconf 82' lang='lat' dir='ltr'><strong>quc</strong></span> <span class='ocrx_word' id='word_1_440' title='bbox 653 3475 1037 3534; x_wconf 89' lang='lat' dir='ltr'><strong>consolationis</strong></span> <span class='ocrx_word' id='word_1_441' title='bbox 1052 3489 1270 3530; x_wconf 88' lang='lat' dir='ltr'><strong>causam</strong></span> <span class='ocrx_word' id='word_1_442' title='bbox 1289 3471 1527 3544; x_wconf 88' lang='lat' dir='ltr'><strong>protulit,</strong></span> <span class='ocrx_word' id='word_1_443' title='bbox 1547 3484 1739 3539; x_wconf 90' lang='lat' dir='ltr'><strong>nempe</strong></span> <span class='ocrx_word' id='word_1_444' title='bbox 1754 3469 1894 3540; x_wconf 91' lang='lat' dir='ltr'><strong>quod</strong></span> <span class='ocrx_word' id='word_1_445' title='bbox 1911 3469 2126 3524; x_wconf 88' lang='lat' dir='ltr'><strong>Christo</strong></span> 
     </span>
    </p>
   </div>
   <div class='ocr_carea' id='block_1_59' title="bbox 531 3561 2124 3635">
    <p class='ocr_par' dir='ltr' id='par_1_59' title="bbox 531 3561 2124 3635">
     <span class='ocr_line' id='line_1_59' title="bbox 531 3561 2124 3635; baseline -0.008 -7"><span class='ocrx_word' id='word_1_446' title='bbox 531 3571 1019 3633; x_wconf 89' lang='lat' dir='ltr'><strong>communicemus,</strong></span> <span class='ocrx_word' id='word_1_447' title='bbox 1066 3565 1356 3621; x_wconf 87' lang='lat' dir='ltr'><strong>secundam</strong></span> <span class='ocrx_word' id='word_1_448' title='bbox 1389 3577 1604 3635; x_wconf 83' lang='lat' dir='ltr'><strong>quoque</strong></span> <span class='ocrx_word' id='word_1_449' title='bbox 1647 3564 1782 3616; x_wconf 90' lang='lat' dir='ltr'><strong>hanc</strong></span> <span class='ocrx_word' id='word_1_450' title='bbox 1815 3561 1996 3632; x_wconf 87' lang='lat' dir='ltr'><strong>ponit,</strong></span> <span class='ocrx_word' id='word_1_451' title='bbox 2038 3561 2124 3616; x_wconf 86' lang='lat' dir='ltr'><strong>ni-</strong></span> 
     </span>
    </p>
   </div>
   <div class='ocr_carea' id='block_1_60' title="bbox 532 3653 2121 3732">
    <p class='ocr_par' dir='ltr' id='par_1_60' title="bbox 532 3653 2121 3732">
     <span class='ocr_line' id='line_1_60' title="bbox 532 3653 2121 3732; baseline -0.008 -13"><span class='ocrx_word' id='word_1_452' title='bbox 532 3665 724 3719; x_wconf 90' lang='lat' dir='ltr'><strong>mirum</strong></span> <span class='ocrx_word' id='word_1_453' title='bbox 753 3659 895 3732; x_wconf 66' lang='lat' dir='ltr'><strong>quo‘d</strong></span> <span class='ocrx_word' id='word_1_454' title='bbox 939 3657 1220 3729; x_wconf 85' lang='lat' dir='ltr'><strong>discipulis</strong></span> <span class='ocrx_word' id='word_1_455' title='bbox 1250 3657 1381 3726; x_wconf 88' lang='lat' dir='ltr'><strong>ipsis</strong></span> <span class='ocrx_word' id='word_1_456' title='bbox 1414 3656 1534 3708; x_wconf 91' lang='lat' dir='ltr'><strong>hinc</strong></span> <span class='ocrx_word' id='word_1_457' title='bbox 1579 3653 1722 3707; x_wconf 86' lang='lat' dir='ltr'><strong>salus</strong></span> <span class='ocrx_word' id='word_1_458' title='bbox 1761 3661 2121 3721; x_wconf 85' lang='lat' dir='ltr'><strong>comparetur.</strong></span> 
     </span>
    </p>
   </div>
   <div class='ocr_carea' id='block_1_61' title="bbox 531 3743 2122 3824">
    <p class='ocr_par' dir='ltr' id='par_1_61' title="bbox 531 3743 2122 3824">
     <span class='ocr_line' id='line_1_61' title="bbox 531 3743 2122 3824; baseline -0.009 -14"><span class='ocrx_word' id='word_1_459' title='bbox 531 3754 610 3810; x_wconf 85' lang='lat' dir='ltr'><strong>Ne</strong></span> <span class='ocrx_word' id='word_1_460' title='bbox 636 3754 795 3824; x_wconf 89' lang='lat' dir='ltr'><strong>igitur</strong></span> <span class='ocrx_word' id='word_1_461' title='bbox 824 3751 1018 3806; x_wconf 83' lang='lat' dir='ltr'><strong>animis</strong></span> <span class='ocrx_word' id='word_1_462' title='bbox 1045 3748 1359 3808; x_wconf 85' lang='lat' dir='ltr'><strong>concidatis,</strong></span> <span class='ocrx_word' id='word_1_463' title='bbox 1391 3745 1582 3816; x_wconf 89' lang='lat' dir='ltr'><strong>inquit,</strong></span> <span class='ocrx_word' id='word_1_464' title='bbox 1612 3759 1710 3798; x_wconf 85' lang='lat' dir='ltr'><strong>nec</strong></span> <span class='ocrx_word' id='word_1_465' title='bbox 1740 3743 2122 3812; x_wconf 87' lang='lat' dir='ltr'><strong>perturbemini</strong></span> 
     </span>
    </p>
   </div>
   <div class='ocr_carea' id='block_1_62' title="bbox 530 3834 2123 3913">
    <p class='ocr_par' dir='ltr' id='par_1_62' title="bbox 530 3834 2123 3913">
     <span class='ocr_line' id='line_1_62' title="bbox 530 3834 2123 3913; baseline -0.01 -11"><span class='ocrx_word' id='word_1_466' title='bbox 530 3864 594 3904; x_wconf 89' lang='lat' dir='ltr'><strong>ac</strong></span> <span class='ocrx_word' id='word_1_467' title='bbox 625 3846 876 3901; x_wconf 84' lang='lat' dir='ltr'><strong>metuatis</strong></span> <span class='ocrx_word' id='word_1_468' title='bbox 897 3885 911 3909; x_wconf 94' lang='lat'><strong>,</strong></span> <span class='ocrx_word' id='word_1_469' title='bbox 940 3850 1224 3913; x_wconf 86' lang='lat' dir='ltr'><strong>propterea</strong></span> <span class='ocrx_word' id='word_1_470' title='bbox 1253 3838 1399 3910; x_wconf 90' lang='lat' dir='ltr'><strong>quod</strong></span> <span class='ocrx_word' id='word_1_471' title='bbox 1430 3836 1720 3908; x_wconf 86' lang='lat' dir='ltr'><strong>affligimur</strong></span> <span class='ocrx_word' id='word_1_472' title='bbox 1745 3853 1758 3889; x_wconf 89' lang='lat'><strong>:</strong></span> <span class='ocrx_word' id='word_1_473' title='bbox 1787 3834 2123 3904; x_wconf 88' lang='lat' dir='ltr'><strong>quandoqui-</strong></span> 
     </span>
    </p>
   </div>
   <div class='ocr_carea' id='block_1_63' title="bbox 533 3926 2123 4007">
    <p class='ocr_par' dir='ltr' id='par_1_63' title="bbox 533 3926 2123 4007">
     <span class='ocr_line' id='line_1_63' title="bbox 533 3926 2123 4007; baseline -0.011 -12"><span class='ocrx_word' id='word_1_474' title='bbox 533 3941 653 3996; x_wconf 85' lang='lat' dir='ltr'><strong>dem</strong></span> <span class='ocrx_word' id='word_1_475' title='bbox 686 3940 786 3993; x_wconf 88' lang='lat' dir='ltr'><strong>hoc</strong></span> <span class='ocrx_word' id='word_1_476' title='bbox 809 3933 1164 4007; x_wconf 56' lang='lat' dir='ltr'><strong>ipso’nomine</strong></span> <span class='ocrx_word' id='word_1_477' title='bbox 1188 3931 1392 4002; x_wconf 62' lang='lat' dir='ltr'><strong>aequius</strong></span> <span class='ocrx_word' id='word_1_478' title='bbox 1421 3928 1580 3983; x_wconf 85' lang='lat' dir='ltr'><strong>fuerit</strong></span> <span class='ocrx_word' id='word_1_479' title='bbox 1605 3943 1698 3980; x_wconf 82' lang='lat' dir='ltr'><strong>vos</strong></span> <span class='ocrx_word' id='word_1_480' title='bbox 1727 3926 1972 3980; x_wconf 80' lang='lat' dir='ltr'><strong>ﬁduciam</strong></span> <span class='ocrx_word' id='word_1_481' title='bbox 1995 3939 2123 3979; x_wconf 89' lang='lat' dir='ltr'><strong>con-</strong></span> 
     </span>
    </p>
   </div>
   <div class='ocr_carea' id='block_1_64' title="bbox 531 4018 2120 4103">
    <p class='ocr_par' dir='ltr' id='par_1_64' title="bbox 531 4018 2120 4103">
     <span class='ocr_line' id='line_1_64' title="bbox 531 4018 2120 4103; baseline -0.011 -15"><span class='ocrx_word' id='word_1_482' title='bbox 531 4036 730 4103; x_wconf 85' lang='lat' dir='ltr'><strong>cipere.</strong></span> <span class='ocrx_word' id='word_1_483' title='bbox 766 4031 896 4084; x_wconf 71' lang='lat' dir='ltr'><strong>Nam</strong></span> <span class='ocrx_word' id='word_1_484' title='bbox 928 4028 1026 4082; x_wconf 89' lang='lat' dir='ltr'><strong>nisi</strong></span> <span class='ocrx_word' id='word_1_485' title='bbox 1056 4025 1440 4096; x_wconf 85' lang='lat' dir='ltr'><strong>afﬂigeremur,</strong></span> <span class='ocrx_word' id='word_1_486' title='bbox 1474 4019 1588 4076; x_wconf 77' lang='lat' dir='ltr'><strong>haec</strong></span> <span class='ocrx_word' id='word_1_487' title='bbox 1619 4019 1798 4074; x_wconf 84' lang='lat' dir='ltr'><strong>omnia</strong></span> <span class='ocrx_word' id='word_1_488' title='bbox 1829 4018 1978 4073; x_wconf 86' lang='lat' dir='ltr'><strong>vobis</strong></span> <span class='ocrx_word' id='word_1_489' title='bbox 2005 4019 2120 4074; x_wconf 81' lang='lat' dir='ltr'><strong>exi-</strong></span> 
     </span>
    </p>
   </div>
   <div class='ocr_carea' id='block_1_65' title="bbox 532 4113 2124 4189">
    <p class='ocr_par' dir='ltr' id='par_1_65' title="bbox 532 4113 2124 4189">
     <span class='ocr_line' id='line_1_65' title="bbox 532 4113 2124 4189; baseline -0.009 -8"><span class='ocrx_word' id='word_1_490' title='bbox 532 4128 666 4181; x_wconf 91' lang='lat' dir='ltr'><strong>tium</strong></span> <span class='ocrx_word' id='word_1_491' title='bbox 687 4123 1010 4180; x_wconf 79' lang='lat' dir='ltr'><strong>attulissent.</strong></span> <span class='ocrx_word' id='word_1_492' title='bbox 1030 4121 1131 4189; x_wconf 89' lang='lat' dir='ltr'><strong>Qui</strong></span> <span class='ocrx_word' id='word_1_493' title='bbox 1155 4118 1367 4173; x_wconf 58' lang='lat' dir='ltr'><strong>tandem</strong></span> <span class='ocrx_word' id='word_1_494' title='bbox 1393 4115 1530 4171; x_wconf 87' lang='lat' dir='ltr'><strong>istud</strong></span> <span class='ocrx_word' id='word_1_495' title='bbox 1547 4116 1570 4157; x_wconf 74' lang='lat'><strong>9</strong></span> <span class='ocrx_word' id='word_1_496' title='bbox 1591 4114 1852 4182; x_wconf 88' lang='lat' dir='ltr'><strong>Quoniam</strong></span> <span class='ocrx_word' id='word_1_497' title='bbox 1873 4113 1916 4167; x_wconf 92' lang='lat' dir='ltr'><strong>si</strong></span> <span class='ocrx_word' id='word_1_498' title='bbox 1933 4113 2124 4167; x_wconf 86' lang='lat' dir='ltr'><strong>animis</strong></span> 
     </span>
    </p>
   </div>
   <div class='ocr_carea' id='block_1_66' title="bbox 530 4203 2125 4285">
    <p class='ocr_par' dir='ltr' id='par_1_66' title="bbox 530 4203 2125 4285">
     <span class='ocr_line' id='line_1_66' title="bbox 530 4203 2125 4285; baseline -0.011 -11"><span class='ocrx_word' id='word_1_499' title='bbox 530 4216 684 4274; x_wconf 83' lang='lat' dir='ltr'><strong>fracti</strong></span> <span class='ocrx_word' id='word_1_500' title='bbox 721 4229 788 4268; x_wconf 87' lang='lat' dir='ltr'><strong>ac</strong></span> <span class='ocrx_word' id='word_1_501' title='bbox 828 4212 1184 4285; x_wconf 77' lang='lat' dir='ltr'><strong>periculorum</strong></span> <span class='ocrx_word' id='word_1_502' title='bbox 1225 4219 1370 4265; x_wconf 90' lang='lat' dir='ltr'><strong>metu</strong></span> <span class='ocrx_word' id='word_1_503' title='bbox 1414 4205 1715 4279; x_wconf 89' lang='lat' dir='ltr'><strong>perterriti,</strong></span> <span class='ocrx_word' id='word_1_504' title='bbox 1763 4203 1883 4259; x_wconf 85' lang='lat' dir='ltr'><strong>fidei</strong></span> <span class='ocrx_word' id='word_1_505' title='bbox 1926 4203 2125 4258; x_wconf 89' lang='lat' dir='ltr'><strong>doctri-</strong></span> 
     </span>
    </p>
   </div>
   <div class='ocr_carea' id='block_1_67' title="bbox 531 4295 2123 4373">
    <p class='ocr_par' dir='ltr' id='par_1_67' title="bbox 531 4295 2123 4373">
     <span class='ocr_line' id='line_1_67' title="bbox 531 4295 2123 4373; baseline -0.011 -8"><span class='ocrx_word' id='word_1_506' title='bbox 531 4326 656 4365; x_wconf 88' lang='lat' dir='ltr'><strong>nam</strong></span> <span class='ocrx_word' id='word_1_507' title='bbox 685 4308 840 4363; x_wconf 89' lang='lat' dir='ltr'><strong>vobis</strong></span> <span class='ocrx_word' id='word_1_508' title='bbox 867 4305 1090 4360; x_wconf 89' lang='lat' dir='ltr'><strong>minimc</strong></span> <span class='ocrx_word' id='word_1_509' title='bbox 1115 4297 1634 4373; x_wconf 71' lang='lat' dir='ltr'><strong>prazdicavissemus,</strong></span> <span class='ocrx_word' id='word_1_510' title='bbox 1668 4307 1726 4350; x_wconf 91' lang='lat' dir='ltr'><strong>ut</strong></span> <span class='ocrx_word' id='word_1_511' title='bbox 1747 4310 1925 4350; x_wconf 84' lang='lat' dir='ltr'><strong>veram</strong></span> <span class='ocrx_word' id='word_1_512' title='bbox 1949 4295 2123 4350; x_wconf 91' lang='lat' dir='ltr'><strong>scien-</strong></span> 
     </span>
    </p>
   </div>
   <div class='ocr_carea' id='block_1_68' title="bbox 531 4387 2123 4468">
    <p class='ocr_par' dir='ltr' id='par_1_68' title="bbox 531 4387 2123 4468">
     <span class='ocr_line' id='line_1_68' title="bbox 531 4387 2123 4468; baseline -0.011 -11"><span class='ocrx_word' id='word_1_513' title='bbox 531 4404 660 4458; x_wconf 88' lang='lat' dir='ltr'><strong>tiam</strong></span> <span class='ocrx_word' id='word_1_514' title='bbox 689 4395 1057 4468; x_wconf 84' lang='lat' dir='ltr'><strong>intélligeretis</strong></span> <span class='ocrx_word' id='word_1_515' title='bbox 1079 4435 1096 4463; x_wconf 90' lang='lat'><strong>,</strong></span> <span class='ocrx_word' id='word_1_516' title='bbox 1126 4404 1367 4448; x_wconf 81' lang='lat' dir='ltr'><strong>extremo</strong></span> <span class='ocrx_word' id='word_1_517' title='bbox 1399 4391 1452 4444; x_wconf 91' lang='lat' dir='ltr'><strong>in</strong></span> <span class='ocrx_word' id='word_1_518' title='bbox 1479 4387 1790 4444; x_wconf 86' lang='lat' dir='ltr'><strong>discrimine</strong></span> <span class='ocrx_word' id='word_1_519' title='bbox 1817 4403 1902 4441; x_wconf 86' lang='lat' dir='ltr'><strong>res</strong></span> <span class='ocrx_word' id='word_1_520' title='bbox 1929 4395 2123 4441; x_wconf 60' lang='lat' dir='ltr'><strong>vestae</strong></span> 
     </span>
    </p>
   </div>
   <div class='ocr_carea' id='block_1_69' title="bbox 531 4480 2122 4556">
    <p class='ocr_par' dir='ltr' id='par_1_69' title="bbox 531 4480 2122 4556">
     <span class='ocr_line' id='line_1_69' title="bbox 531 4480 2122 4556; baseline -0.009 -5"><span class='ocrx_word' id='word_1_521' title='bbox 531 4498 648 4551; x_wconf 77' lang='lat' dir='ltr'><strong>sitae</strong></span> <span class='ocrx_word' id='word_1_522' title='bbox 676 4503 877 4549; x_wconf 89' lang='lat' dir='ltr'><strong>essent.</strong></span> <span class='ocrx_word' id='word_1_523' title='bbox 914 4488 1074 4545; x_wconf 78' lang='lat' dir='ltr'><strong>Vides</strong></span> <span class='ocrx_word' id='word_1_524' title='bbox 1105 4501 1293 4542; x_wconf 88' lang='lat' dir='ltr'><strong>rursus</strong></span> <span class='ocrx_word' id='word_1_525' title='bbox 1335 4493 1532 4556; x_wconf 89' lang='lat' dir='ltr'><strong>quanta</strong></span> <span class='ocrx_word' id='word_1_526' title='bbox 1564 4481 1712 4536; x_wconf 79' lang='lat' dir='ltr'><strong>Pauli</strong></span> <span class='ocrx_word' id='word_1_527' title='bbox 1743 4481 1823 4535; x_wconf 87' lang='lat' dir='ltr'><strong>vis</strong></span> <span class='ocrx_word' id='word_1_528' title='bbox 1864 4480 1936 4535; x_wconf 90' lang='lat' dir='ltr'><strong>sit</strong></span> <span class='ocrx_word' id='word_1_529' title='bbox 1961 4490 2122 4551; x_wconf 87' lang='lat' dir='ltr'><strong>atque</strong></span> 
     </span>
    </p>
   </div>
   <div class='ocr_carea' id='block_1_70' title="bbox 529 4575 2120 4650">
    <p class='ocr_par' dir='ltr' id='par_1_70' title="bbox 529 4575 2120 4650">
     <span class='ocr_line' id='line_1_70' title="bbox 529 4575 2120 4650; baseline -0.011 -7"><span class='ocrx_word' id='word_1_530' title='bbox 529 4587 848 4643; x_wconf 79' lang='lat' dir='ltr'><strong>contentio?</strong></span> <span class='ocrx_word' id='word_1_531' title='bbox 875 4582 943 4636; x_wconf 91' lang='lat' dir='ltr'><strong>ab</strong></span> <span class='ocrx_word' id='word_1_532' title='bbox 971 4581 1053 4635; x_wconf 91' lang='lat' dir='ltr'><strong>his</strong></span> <span class='ocrx_word' id='word_1_533' title='bbox 1081 4579 1208 4650; x_wconf 90' lang='lat' dir='ltr'><strong>ipsis</strong></span> <span class='ocrx_word' id='word_1_534' title='bbox 1239 4575 1422 4642; x_wconf 89' lang='lat' dir='ltr'><strong>rebus,</strong></span> <span class='ocrx_word' id='word_1_535' title='bbox 1451 4590 1570 4645; x_wconf 69' lang='lat' dir='ltr'><strong>qua:</strong></span> <span class='ocrx_word' id='word_1_536' title='bbox 1597 4583 1796 4627; x_wconf 89' lang='lat' dir='ltr'><strong>metum</strong></span> <span class='ocrx_word' id='word_1_537' title='bbox 1823 4587 1886 4626; x_wconf 87' lang='lat' dir='ltr'><strong>ac</strong></span> <span class='ocrx_word' id='word_1_538' title='bbox 1910 4583 2120 4642; x_wconf 90' lang='lat' dir='ltr'><strong>pertur-</strong></span> 
     </span>
    </p>
   </div>
   <div class='ocr_carea' id='block_1_71' title="bbox 532 4664 2121 4744">
    <p class='ocr_par' dir='ltr' id='par_1_71' title="bbox 532 4664 2121 4744">
     <span class='ocr_line' id='line_1_71' title="bbox 532 4664 2121 4744; baseline -0.012 -8"><span class='ocrx_word' id='word_1_539' title='bbox 532 4681 803 4736; x_wconf 86' lang='lat' dir='ltr'><strong>bationem</strong></span> <span class='ocrx_word' id='word_1_540' title='bbox 834 4675 960 4744; x_wconf 86' lang='lat' dir='ltr'><strong>ipsis</strong></span> <span class='ocrx_word' id='word_1_541' title='bbox 985 4670 1298 4731; x_wconf 83' lang='lat' dir='ltr'><strong>aiTerebant,</strong></span> <span class='ocrx_word' id='word_1_542' title='bbox 1323 4682 1417 4722; x_wconf 88' lang='lat' dir='ltr'><strong>eos</strong></span> <span class='ocrx_word' id='word_1_543' title='bbox 1437 4665 1765 4721; x_wconf 88' lang='lat' dir='ltr'><strong>consolatur.</strong></span> <span class='ocrx_word' id='word_1_544' title='bbox 1789 4664 1903 4730; x_wconf 89' lang='lat' dir='ltr'><strong>Quo</strong></span> <span class='ocrx_word' id='word_1_545' title='bbox 1925 4666 2121 4718; x_wconf 90' lang='lat' dir='ltr'><strong>etenim</strong></span> 
     </span>
    </p>
   </div>
   <div class='ocr_carea' id='block_1_72' title="bbox 532 4755 2122 4844">
    <p class='ocr_par' dir='ltr' id='par_1_72' title="bbox 532 4755 2122 4844">
     <span class='ocr_line' id='line_1_72' title="bbox 532 4755 2122 4844; baseline -0.012 -16"><span class='ocrx_word' id='word_1_546' title='bbox 532 4768 978 4844; x_wconf 85' lang='lat' dir='ltr'><strong>persequutiones</strong></span> <span class='ocrx_word' id='word_1_547' title='bbox 1005 4771 1202 4817; x_wconf 71' lang='lat' dir='ltr'><strong>nostrce</strong></span> <span class='ocrx_word' id='word_1_548' title='bbox 1225 4763 1392 4830; x_wconf 86' lang='lat' dir='ltr'><strong>magis</strong></span> <span class='ocrx_word' id='word_1_549' title='bbox 1419 4759 1814 4828; x_wconf 88' lang='lat' dir='ltr'><strong>ingravescunt,</strong></span> <span class='ocrx_word' id='word_1_550' title='bbox 1842 4755 2031 4825; x_wconf 88' lang='lat' dir='ltr'><strong>inquit,</strong></span> <span class='ocrx_word' id='word_1_551' title='bbox 2057 4770 2122 4810; x_wconf 91' lang='lat' dir='ltr'><strong>co</strong></span> 
     </span>
    </p>
   </div>
   <div class='ocr_carea' id='block_1_73' title="bbox 530 4846 2117 4933">
    <p class='ocr_par' dir='ltr' id='par_1_73' title="bbox 530 4846 2117 4933">
     <span class='ocr_line' id='line_1_73' title="bbox 530 4846 2117 4933; baseline -0.015 -11"><span class='ocrx_word' id='word_1_552' title='bbox 530 4865 701 4933; x_wconf 85' lang='lat' dir='ltr'><strong>magis</strong></span> <span class='ocrx_word' id='word_1_553' title='bbox 728 4861 867 4916; x_wconf 88' lang='lat' dir='ltr'><strong>bona</strong></span> <span class='ocrx_word' id='word_1_554' title='bbox 906 4865 1082 4911; x_wconf 86' lang='lat' dir='ltr'><strong>vestra</strong></span> <span class='ocrx_word' id='word_1_555' title='bbox 1119 4868 1240 4923; x_wconf 86' lang='lat' dir='ltr'><strong>spes</strong></span> <span class='ocrx_word' id='word_1_556' title='bbox 1279 4851 1668 4906; x_wconf 90' lang='lat' dir='ltr'><strong>incrementum</strong></span> <span class='ocrx_word' id='word_1_557' title='bbox 1699 4861 1893 4915; x_wconf 85' lang='lat' dir='ltr'><strong>capere</strong></span> <span class='ocrx_word' id='word_1_558' title='bbox 1923 4846 2117 4909; x_wconf 89' lang='lat' dir='ltr'><strong>debet,</strong></span> 
     </span>
    </p>
   </div>
   <div class='ocr_carea' id='block_1_74' title="bbox 529 4940 2120 5027">
    <p class='ocr_par' dir='ltr' id='par_1_74' title="bbox 529 4940 2120 5027">
     <span class='ocr_line' id='line_1_74' title="bbox 529 4940 2120 5027; baseline -0.011 -16"><span class='ocrx_word' id='word_1_559' title='bbox 529 4951 964 5027; x_wconf 85' lang='lat' dir='ltr'><strong>quandoquidem</strong></span> <span class='ocrx_word' id='word_1_560' title='bbox 1014 4958 1162 5004; x_wconf 89' lang='lat' dir='ltr'><strong>tanto</strong></span> <span class='ocrx_word' id='word_1_561' title='bbox 1210 4945 1384 5014; x_wconf 80' lang='lat' dir='ltr'><strong>major</strong></span> <span class='ocrx_word' id='word_1_562' title='bbox 1435 4943 1594 4998; x_wconf 88' lang='lat' dir='ltr'><strong>saluti</strong></span> <span class='ocrx_word' id='word_1_563' title='bbox 1660 4940 2120 5010; x_wconf 83' lang='lat' dir='ltr'><strong>consolationiqne</strong></span> 
     </span>
    </p>
   </div>
   <div class='ocr_carea' id='block_1_75' title="bbox 533 5033 2117 5107">
    <p class='ocr_par' dir='ltr' id='par_1_75' title="bbox 533 5033 2117 5107">
     <span class='ocr_line' id='line_1_75' title="bbox 533 5033 2117 5107; baseline -0.011 -2"><span class='ocrx_word' id='word_1_564' title='bbox 533 5057 726 5105; x_wconf 73' lang='lat' dir='ltr'><strong>vestra:</strong></span> <span class='ocrx_word' id='word_1_565' title='bbox 772 5045 1018 5102; x_wconf 90' lang='lat' dir='ltr'><strong>cumulus</strong></span> <span class='ocrx_word' id='word_1_566' title='bbox 1059 5039 1282 5096; x_wconf 81' lang='lat' dir='ltr'><strong>accedit.</strong></span> <span class='ocrx_word' id='word_1_567' title='bbox 1312 5037 1576 5107; x_wconf 91' lang='lat' dir='ltr'><strong>Quidnam</strong></span> <span class='ocrx_word' id='word_1_568' title='bbox 1615 5036 1756 5090; x_wconf 87' lang='lat' dir='ltr'><strong>enim</strong></span> <span class='ocrx_word' id='word_1_569' title='bbox 1809 5043 2007 5088; x_wconf 90' lang='lat' dir='ltr'><strong>tantam</strong></span> <span class='ocrx_word' id='word_1_570' title='bbox 2052 5033 2117 5087; x_wconf 87' lang='lat' dir='ltr'><strong>ad</strong></span> 
     </span>
    </p>
   </div>
   <div class='ocr_carea' id='block_1_76' title="bbox 531 5126 2118 5198">
    <p class='ocr_par' dir='ltr' id='par_1_76' title="bbox 531 5126 2118 5198">
     <span class='ocr_line' id='line_1_76' title="bbox 531 5126 2118 5198; baseline -0.01 -3"><span class='ocrx_word' id='word_1_571' title='bbox 531 5135 916 5196; x_wconf 82' lang='lat' dir='ltr'><strong>consolandum</strong></span> <span class='ocrx_word' id='word_1_572' title='bbox 939 5134 1045 5188; x_wconf 85' lang='lat' dir='ltr'><strong>vim</strong></span> <span class='ocrx_word' id='word_1_573' title='bbox 1079 5131 1326 5192; x_wconf 78' lang='lat' dir='ltr'><strong>habebat,</strong></span> <span class='ocrx_word' id='word_1_574' title='bbox 1361 5144 1518 5198; x_wconf 84' lang='lat' dir='ltr'><strong>quam</strong></span> <span class='ocrx_word' id='word_1_575' title='bbox 1550 5126 1691 5198; x_wconf 87' lang='lat' dir='ltr'><strong>quod</strong></span> <span class='ocrx_word' id='word_1_576' title='bbox 1727 5126 2118 5196; x_wconf 65' lang='lat' dir='ltr'><strong>prazdicationis</strong></span> 
     </span>
    </p>
   </div>
   <div class='ocr_carea' id='block_1_77' title="bbox 529 5218 2118 5292">
    <p class='ocr_par' dir='ltr' id='par_1_77' title="bbox 529 5218 2118 5292">
     <span class='ocr_line' id='line_1_77' title="bbox 529 5218 2118 5292; baseline -0.008 -8"><span class='ocrx_word' id='word_1_577' title='bbox 529 5228 791 5285; x_wconf 82' lang='lat' dir='ltr'><strong>beneficio</strong></span> <span class='ocrx_word' id='word_1_578' title='bbox 816 5235 895 5281; x_wconf 87' lang='lat' dir='ltr'><strong>tot</strong></span> <span class='ocrx_word' id='word_1_579' title='bbox 933 5227 1071 5280; x_wconf 85' lang='lat' dir='ltr'><strong>bona</strong></span> <span class='ocrx_word' id='word_1_580' title='bbox 1113 5238 1214 5280; x_wconf 87' lang='lat' dir='ltr'><strong>eon</strong></span> <span class='ocrx_word' id='word_1_581' title='bbox 1247 5220 1616 5292; x_wconf 79' lang='lat' dir='ltr'><strong>equebantur?</strong></span> <span class='ocrx_word' id='word_1_582' title='bbox 1645 5219 1834 5274; x_wconf 81' lang='lat' dir='ltr'><strong>Postea</strong></span> <span class='ocrx_word' id='word_1_583' title='bbox 1856 5257 1872 5284; x_wconf 93' lang='lat'><strong>,</strong></span> <span class='ocrx_word' id='word_1_584' title='bbox 1903 5233 1969 5272; x_wconf 90' lang='lat' dir='ltr'><strong>ne</strong></span> <span class='ocrx_word' id='word_1_585' title='bbox 2000 5218 2118 5271; x_wconf 90' lang='lat' dir='ltr'><strong>uni-</strong></span> 
     </span>
    </p>
   </div>
   <div class='ocr_carea' id='block_1_78' title="bbox 528 5307 2114 5382">
    <p class='ocr_par' dir='ltr' id='par_1_78' title="bbox 528 5307 2114 5382">
     <span class='ocr_line' id='line_1_78' title="bbox 528 5307 2114 5382; baseline -0.012 -3"><span class='ocrx_word' id='word_1_586' title='bbox 528 5335 740 5380; x_wconf 84' lang='lat' dir='ltr'><strong>versam</strong></span> <span class='ocrx_word' id='word_1_587' title='bbox 790 5315 1001 5372; x_wconf 89' lang='lat' dir='ltr'><strong>laudem</strong></span> <span class='ocrx_word' id='word_1_588' title='bbox 1047 5315 1196 5370; x_wconf 89' lang='lat' dir='ltr'><strong>solus</strong></span> <span class='ocrx_word' id='word_1_589' title='bbox 1243 5313 1358 5382; x_wconf 87' lang='lat' dir='ltr'><strong>ipse</strong></span> <span class='ocrx_word' id='word_1_590' title='bbox 1404 5310 1505 5365; x_wconf 91' lang='lat' dir='ltr'><strong>sibi</strong></span> <span class='ocrx_word' id='word_1_591' title='bbox 1553 5323 1805 5379; x_wconf 85' lang='lat' dir='ltr'><strong>arrogare</strong></span> <span class='ocrx_word' id='word_1_592' title='bbox 1851 5307 2114 5374; x_wconf 88' lang='lat' dir='ltr'><strong>videatur,</strong></span> 
     </span>
    </p>
   </div>
   <div class='ocr_carea' id='block_1_79' title="bbox 529 5398 2120 5481">
    <p class='ocr_par' dir='ltr' id='par_1_79' title="bbox 529 5398 2120 5481">
     <span class='ocr_line' id='line_1_79' title="bbox 529 5398 2120 5481; baseline -0.013 -13"><span class='ocrx_word' id='word_1_593' title='bbox 529 5401 652 5468; x_wconf 77' lang='lat' dir='ltr'><strong>vide</strong></span> <span class='ocrx_word' id='word_1_594' title='bbox 681 5407 948 5481; x_wconf 88' lang='lat' dir='ltr'><strong>quomodo</strong></span> <span class='ocrx_word' id='word_1_595' title='bbox 977 5421 1072 5461; x_wconf 82' lang='lat' dir='ltr'><strong>eos</strong></span> <span class='ocrx_word' id='word_1_596' title='bbox 1119 5419 1332 5474; x_wconf 91' lang='lat' dir='ltr'><strong>quoque</strong></span> <span class='ocrx_word' id='word_1_597' title='bbox 1381 5404 1433 5456; x_wconf 89' lang='lat' dir='ltr'><strong>in</strong></span> <span class='ocrx_word' id='word_1_598' title='bbox 1465 5401 1640 5455; x_wconf 87' lang='lat' dir='ltr'><strong>laudis</strong></span> <span class='ocrx_word' id='word_1_599' title='bbox 1667 5399 1994 5476; x_wconf 61' lang='lat' dir='ltr'><strong>.socictatem</strong></span> <span class='ocrx_word' id='word_1_600' title='bbox 2027 5398 2120 5450; x_wconf 86' lang='lat' dir='ltr'><strong>ad-</strong></span> 
     </span>
    </p>
   </div>
   <div class='ocr_carea' id='block_1_80' title="bbox 527 5490 2120 5569">
    <p class='ocr_par' dir='ltr' id='par_1_80' title="bbox 527 5490 2120 5569">
     <span class='ocr_line' id='line_1_80' title="bbox 527 5490 2120 5569; baseline -0.012 -8"><span class='ocrx_word' id='word_1_601' title='bbox 527 5505 742 5561; x_wconf 79' lang='lat' dir='ltr'><strong>sciscat.</strong></span> <span class='ocrx_word' id='word_1_602' title='bbox 796 5502 1080 5569; x_wconf 80' lang='lat' dir='ltr'><strong>Postquatn</strong></span> <span class='ocrx_word' id='word_1_603' title='bbox 1109 5496 1252 5551; x_wconf 88' lang='lat' dir='ltr'><strong>enim</strong></span> <span class='ocrx_word' id='word_1_604' title='bbox 1293 5495 1470 5557; x_wconf 79' lang='lat' dir='ltr'><strong>dixit,</strong></span> <span class='ocrx_word' id='word_1_605' title='bbox 1516 5491 1635 5546; x_wconf 86' lang='lat' dir='ltr'><strong>Sive</strong></span> <span class='ocrx_word' id='word_1_606' title='bbox 1676 5490 1995 5556; x_wconf 86' lang='lat' dir='ltr'><strong>tribulamur,</strong></span> <span class='ocrx_word' id='word_1_607' title='bbox 2027 5505 2120 5560; x_wconf 87' lang='lat' dir='ltr'><strong>pro</strong></span> 
     </span>
    </p>
   </div>
   <div class='ocr_carea' id='block_1_81' title="bbox 526 5583 2121 5654">
    <p class='ocr_par' dir='ltr' id='par_1_81' title="bbox 526 5583 2121 5654">
     <span class='ocr_line' id='line_1_81' title="bbox 526 5583 2121 5654; baseline -0.011 -2"><span class='ocrx_word' id='word_1_608' title='bbox 526 5609 693 5652; x_wconf 79' lang='lat' dir='ltr'><strong>uestra</strong></span> <span class='ocrx_word' id='word_1_609' title='bbox 719 5591 1062 5647; x_wconf 83' lang='lat' dir='ltr'><strong>consolatione</strong></span> <span class='ocrx_word' id='word_1_610' title='bbox 1090 5597 1135 5643; x_wconf 87' lang='lat' dir='ltr'><strong>et</strong></span> <span class='ocrx_word' id='word_1_611' title='bbox 1161 5588 1352 5654; x_wconf 86' lang='lat' dir='ltr'><strong>salute,</strong></span> <span class='ocrx_word' id='word_1_612' title='bbox 1385 5584 1691 5654; x_wconf 79' lang='lat' dir='ltr'><strong>subjuuxit,</strong></span> <span class='ocrx_word' id='word_1_613' title='bbox 1726 5583 1854 5648; x_wconf 71' lang='lat' dir='ltr'><strong>Qua:</strong></span> <span class='ocrx_word' id='word_1_614' title='bbox 1881 5591 2121 5652; x_wconf 84' lang='lat' dir='ltr'><strong>operatur</strong></span> 
     </span>
    </p>
   </div>
   <div class='ocr_carea' id='block_1_82' title="bbox 524 5674 2114 5751">
    <p class='ocr_par' dir='ltr' id='par_1_82' title="bbox 524 5674 2114 5751">
     <span class='ocr_line' id='line_1_82' title="bbox 524 5674 2114 5751; baseline -0.011 -7"><span class='ocrx_word' id='word_1_615' title='bbox 524 5691 579 5744; x_wconf 86' lang='lat' dir='ltr'><strong>in</strong></span> <span class='ocrx_word' id='word_1_616' title='bbox 605 5685 872 5746; x_wconf 78' lang='lat' dir='ltr'><strong>tolerantia</strong></span> <span class='ocrx_word' id='word_1_617' title='bbox 898 5683 1187 5738; x_wconf 83' lang='lat' dir='ltr'><strong>earumdem</strong></span> <span class='ocrx_word' id='word_1_618' title='bbox 1213 5680 1523 5751; x_wconf 85' lang='lat' dir='ltr'><strong>passionum,</strong></span> <span class='ocrx_word' id='word_1_619' title='bbox 1549 5693 1674 5745; x_wconf 82' lang='lat' dir='ltr'><strong>quas</strong></span> <span class='ocrx_word' id='word_1_620' title='bbox 1697 5685 1741 5729; x_wconf 84' lang='lat' dir='ltr'><strong>et</strong></span> <span class='ocrx_word' id='word_1_621' title='bbox 1761 5690 1855 5729; x_wconf 80' lang='lat' dir='ltr'><strong>nos</strong></span> <span class='ocrx_word' id='word_1_622' title='bbox 1875 5674 2114 5743; x_wconf 86' lang='lat' dir='ltr'><strong>patimur.</strong></span> 
     </span>
    </p>
   </div>
   <div class='ocr_carea' id='block_1_83' title="bbox 527 5765 2116 5847">
    <p class='ocr_par' dir='ltr' id='par_1_83' title="bbox 527 5765 2116 5847">
     <span class='ocr_line' id='line_1_83' title="bbox 527 5765 2116 5847; baseline -0.011 -12"><span class='ocrx_word' id='word_1_623' title='bbox 527 5781 599 5835; x_wconf 79' lang='lat' dir='ltr'><strong>Ae</strong></span> <span class='ocrx_word' id='word_1_624' title='bbox 634 5778 918 5838; x_wconf 75' lang='lat' dir='ltr'><strong>dilucidius</strong></span> <span class='ocrx_word' id='word_1_625' title='bbox 946 5777 1046 5831; x_wconf 93' lang='lat' dir='ltr'><strong>hoc</strong></span> <span class='ocrx_word' id='word_1_626' title='bbox 1065 5774 1278 5847; x_wconf 88' lang='lat' dir='ltr'><strong>quidem</strong></span> <span class='ocrx_word' id='word_1_627' title='bbox 1311 5781 1492 5843; x_wconf 86' lang='lat' dir='ltr'><strong>postea</strong></span> <span class='ocrx_word' id='word_1_628' title='bbox 1525 5768 1776 5840; x_wconf 77' lang='lat' dir='ltr'><strong>exprimit</strong></span> <span class='ocrx_word' id='word_1_629' title='bbox 1803 5767 1884 5822; x_wconf 93' lang='lat' dir='ltr'><strong>his</strong></span> <span class='ocrx_word' id='word_1_630' title='bbox 1915 5765 2116 5832; x_wconf 87' lang='lat' dir='ltr'><strong>verbis,</strong></span> 
     </span>
    </p>
   </div>
   <div class='ocr_carea' id='block_1_84' title="bbox 531 5857 2118 5938">
    <p class='ocr_par' dir='ltr' id='par_1_84' title="bbox 531 5857 2118 5938">
     <span class='ocr_line' id='line_1_84' title="bbox 531 5857 2118 5938; baseline -0.007 -16"><span class='ocrx_word' id='word_1_631' title='bbox 531 5868 672 5924; x_wconf 70' lang='lat' dir='ltr'><strong>Sient</strong></span> <span class='ocrx_word' id='word_1_632' title='bbox 700 5869 821 5924; x_wconf 76' lang='lat' dir='ltr'><strong>socii</strong></span> <span class='ocrx_word' id='word_1_633' title='bbox 853 5870 972 5926; x_wconf 73' lang='lat' dir='ltr'><strong>estis</strong></span> <span class='ocrx_word' id='word_1_634' title='bbox 1003 5866 1329 5938; x_wconf 82' lang='lat' dir='ltr'><strong>passionum,</strong></span> <span class='ocrx_word' id='word_1_635' title='bbox 1361 5865 1432 5916; x_wconf 85' lang='lat' dir='ltr'><strong>sic</strong></span> <span class='ocrx_word' id='word_1_636' title='bbox 1462 5861 1596 5916; x_wconf 83' lang='lat' dir='ltr'><strong>eritis</strong></span> <span class='ocrx_word' id='word_1_637' title='bbox 1639 5869 1684 5914; x_wconf 88' lang='lat' dir='ltr'><strong>et</strong></span> <span class='ocrx_word' id='word_1_638' title='bbox 1712 5857 2071 5913; x_wconf 83' lang='lat' dir='ltr'><strong>consolationis</strong></span> <span class='ocrx_word' id='word_1_639' title='bbox 2100 5871 2118 5911; x_wconf 87' lang='lat'><strong>.&#39;</strong></span> 
     </span>
    </p>
   </div>
   <div class='ocr_carea' id='block_1_85' title="bbox 2235 3007 3827 3083">
    <p class='ocr_par' dir='ltr' id='par_1_85' title="bbox 2235 3007 3827 3083">
     <span class='ocr_line' id='line_1_85' title="bbox 2235 3007 3827 3083; baseline 0.004 -20"><span class='ocrx_word' id='word_1_640' title='bbox 2235 3007 2450 3063; x_wconf 89' lang='lat' dir='ltr'><strong>interim</strong></span> <span class='ocrx_word' id='word_1_641' title='bbox 2483 3016 2661 3064; x_wconf 88' lang='lat' dir='ltr'><strong>autem</strong></span> <span class='ocrx_word' id='word_1_642' title='bbox 2695 3008 2796 3063; x_wconf 90' lang='lat' dir='ltr'><strong>hoc</strong></span> <span class='ocrx_word' id='word_1_643' title='bbox 2839 3009 2957 3063; x_wconf 91' lang='lat' dir='ltr'><strong>loco</strong></span> <span class='ocrx_word' id='word_1_644' title='bbox 2999 3009 3049 3063; x_wconf 90' lang='lat' dir='ltr'><strong>id</strong></span> <span class='ocrx_word' id='word_1_645' title='bbox 3082 3009 3468 3079; x_wconf 81' lang='lat' dir='ltr'><strong>subindicavit,</strong></span> <span class='ocrx_word' id='word_1_646' title='bbox 3501 3029 3628 3069; x_wconf 91' lang='lat' dir='ltr'><strong>cum</strong></span> <span class='ocrx_word' id='word_1_647' title='bbox 3663 3016 3827 3083; x_wconf 81' lang='lat' dir='ltr'><strong>dixit,</strong></span> 
     </span>
    </p>
   </div>
   <div class='ocr_carea' id='block_1_86' title="bbox 2234 3098 3830 3170">
    <p class='ocr_par' dir='ltr' id='par_1_86' title="bbox 2234 3098 3830 3170">
     <span class='ocr_line' id='line_1_86' title="bbox 2234 3098 3830 3170; baseline 0.006 -17"><span class='ocrx_word' id='word_1_648' title='bbox 2234 3098 2543 3154; x_wconf 84' lang='lat' dir='ltr'><strong>Earumdem</strong></span> <span class='ocrx_word' id='word_1_649' title='bbox 2570 3101 2896 3170; x_wconf 84' lang='lat' dir='ltr'><strong>passionum,</strong></span> <span class='ocrx_word' id='word_1_650' title='bbox 2929 3109 3092 3170; x_wconf 85' lang='lat' dir='ltr'><strong>atque</strong></span> <span class='ocrx_word' id='word_1_651' title='bbox 3132 3101 3200 3154; x_wconf 88' lang='lat' dir='ltr'><strong>ita</strong></span> <span class='ocrx_word' id='word_1_652' title='bbox 3231 3116 3535 3158; x_wconf 88' lang='lat' dir='ltr'><strong>sermonem</strong></span> <span class='ocrx_word' id='word_1_653' title='bbox 3573 3122 3698 3161; x_wconf 90' lang='lat' dir='ltr'><strong>cum</strong></span> <span class='ocrx_word' id='word_1_654' title='bbox 3728 3105 3830 3162; x_wconf 87' lang='lat' dir='ltr'><strong>illis</strong></span> 
     </span>
    </p>
   </div>
   <div class='ocr_carea' id='block_1_87' title="bbox 2232 3190 3828 3257">
    <p class='ocr_par' dir='ltr' id='par_1_87' title="bbox 2232 3190 3828 3257">
     <span class='ocr_line' id='line_1_87' title="bbox 2232 3190 3828 3257; baseline 0.004 -13"><span class='ocrx_word' id='word_1_655' title='bbox 2232 3191 2666 3245; x_wconf 90' lang='lat' dir='ltr'><strong>communicavit.</strong></span> <span class='ocrx_word' id='word_1_656' title='bbox 2699 3190 2852 3256; x_wconf 85' lang='lat' dir='ltr'><strong>Quod</strong></span> <span class='ocrx_word' id='word_1_657' title='bbox 2882 3201 3060 3245; x_wconf 90' lang='lat' dir='ltr'><strong>autem</strong></span> <span class='ocrx_word' id='word_1_658' title='bbox 3089 3193 3183 3257; x_wconf 87' lang='lat' dir='ltr'><strong>ait,</strong></span> <span class='ocrx_word' id='word_1_659' title='bbox 3221 3191 3356 3245; x_wconf 89' lang='lat' dir='ltr'><strong>hanc</strong></span> <span class='ocrx_word' id='word_1_660' title='bbox 3381 3197 3707 3251; x_wconf 87' lang='lat' dir='ltr'><strong>sententiam</strong></span> <span class='ocrx_word' id='word_1_661' title='bbox 3739 3199 3828 3252; x_wconf 84' lang='lat' dir='ltr'><strong>ha-</strong></span> 
     </span>
    </p>
   </div>
   <div class='ocr_carea' id='block_1_88' title="bbox 2233 3281 3829 3357">
    <p class='ocr_par' dir='ltr' id='par_1_88' title="bbox 2233 3281 3829 3357">
     <span class='ocr_line' id='line_1_88' title="bbox 2233 3281 3829 3357; baseline 0.003 -20"><span class='ocrx_word' id='word_1_662' title='bbox 2233 3283 2324 3337; x_wconf 87' lang='lat' dir='ltr'><strong>bet</strong></span> <span class='ocrx_word' id='word_1_663' title='bbox 2351 3298 2364 3336; x_wconf 89' lang='lat'>:</span> <span class='ocrx_word' id='word_1_664' title='bbox 2410 3281 2527 3337; x_wconf 85' lang='lat' dir='ltr'><strong>Non</strong></span> <span class='ocrx_word' id='word_1_665' title='bbox 2559 3299 2657 3336; x_wconf 91' lang='lat' dir='ltr'><strong>nos</strong></span> <span class='ocrx_word' id='word_1_666' title='bbox 2693 3284 2792 3337; x_wconf 86' lang='lat' dir='ltr'><strong>soli</strong></span> <span class='ocrx_word' id='word_1_667' title='bbox 2825 3295 3016 3337; x_wconf 76' lang='lat' dir='ltr'><strong>vestra:</strong></span> <span class='ocrx_word' id='word_1_668' title='bbox 3057 3284 3247 3338; x_wconf 89' lang='lat' dir='ltr'><strong>salutis</strong></span> <span class='ocrx_word' id='word_1_669' title='bbox 3277 3285 3548 3354; x_wconf 80' lang='lat' dir='ltr'><strong>negotium</strong></span> <span class='ocrx_word' id='word_1_670' title='bbox 3575 3289 3829 3357; x_wconf 83' lang='lat' dir='ltr'><strong>agimus,</strong></span> 
     </span>
    </p>
   </div>
   <div class='ocr_carea' id='block_1_89' title="bbox 2231 3373 3833 3446">
    <p class='ocr_par' dir='ltr' id='par_1_89' title="bbox 2231 3373 3833 3446">
     <span class='ocr_line' id='line_1_89' title="bbox 2231 3373 3833 3446; baseline 0.005 -18"><span class='ocrx_word' id='word_1_671' title='bbox 2231 3373 2326 3428; x_wconf 89' lang='lat' dir='ltr'><strong>sed</strong></span> <span class='ocrx_word' id='word_1_672' title='bbox 2349 3382 2402 3428; x_wconf 91' lang='lat' dir='ltr'><strong>et</strong></span> <span class='ocrx_word' id='word_1_673' title='bbox 2428 3388 2525 3428; x_wconf 85' lang='lat' dir='ltr'><strong>vos</strong></span> <span class='ocrx_word' id='word_1_674' title='bbox 2553 3387 2784 3444; x_wconf 91' lang='lat' dir='ltr'><strong>quoque.</strong></span> <span class='ocrx_word' id='word_1_675' title='bbox 2812 3373 3084 3443; x_wconf 88' lang='lat' dir='ltr'><strong>Siquidem</strong></span> <span class='ocrx_word' id='word_1_676' title='bbox 3109 3385 3165 3430; x_wconf 92' lang='lat' dir='ltr'><strong>et</strong></span> <span class='ocrx_word' id='word_1_677' title='bbox 3188 3391 3308 3444; x_wconf 92' lang='lat' dir='ltr'><strong>nos,</strong></span> <span class='ocrx_word' id='word_1_678' title='bbox 3337 3377 3466 3432; x_wconf 92' lang='lat' dir='ltr'><strong>dum</strong></span> <span class='ocrx_word' id='word_1_679' title='bbox 3493 3380 3833 3446; x_wconf 80' lang='lat' dir='ltr'><strong>pr:edicatio-</strong></span> 
     </span>
    </p>
   </div>
   <div class='ocr_carea' id='block_1_90' title="bbox 2231 3462 3830 3538">
    <p class='ocr_par' dir='ltr' id='par_1_90' title="bbox 2231 3462 3830 3538">
     <span class='ocr_line' id='line_1_90' title="bbox 2231 3462 3830 3538; baseline 0.004 -20"><span class='ocrx_word' id='word_1_680' title='bbox 2231 3465 2314 3518; x_wconf 87' lang='lat' dir='ltr'><strong>nis</strong></span> <span class='ocrx_word' id='word_1_681' title='bbox 2334 3478 2528 3518; x_wconf 90' lang='lat' dir='ltr'><strong>munus</strong></span> <span class='ocrx_word' id='word_1_682' title='bbox 2557 3463 2789 3529; x_wconf 90' lang='lat' dir='ltr'><strong>obimus,</strong></span> <span class='ocrx_word' id='word_1_683' title='bbox 2827 3462 3146 3534; x_wconf 82' lang='lat' dir='ltr'><strong>affligimur;</strong></span> <span class='ocrx_word' id='word_1_684' title='bbox 3179 3477 3231 3520; x_wconf 92' lang='lat' dir='ltr'><strong>ct</strong></span> <span class='ocrx_word' id='word_1_685' title='bbox 3257 3482 3373 3534; x_wconf 89' lang='lat' dir='ltr'><strong>vos,</strong></span> <span class='ocrx_word' id='word_1_686' title='bbox 3407 3469 3491 3538; x_wconf 93' lang='lat' dir='ltr'><strong>qui</strong></span> <span class='ocrx_word' id='word_1_687' title='bbox 3517 3483 3830 3525; x_wconf 87' lang='lat' dir='ltr'><strong>sermonem</strong></span> 
     </span>
    </p>
   </div>
   <div class='ocr_carea' id='block_1_91' title="bbox 2231 3557 3834 3628">
    <p class='ocr_par' dir='ltr' id='par_1_91' title="bbox 2231 3557 3834 3628">
     <span class='ocr_line' id='line_1_91' title="bbox 2231 3557 3834 3628; baseline 0.002 -14"><span class='ocrx_word' id='word_1_688' title='bbox 2231 3558 2497 3628; x_wconf 77' lang='lat' dir='ltr'><strong>excipitis,</strong></span> <span class='ocrx_word' id='word_1_689' title='bbox 2528 3557 2582 3612; x_wconf 92' lang='lat' dir='ltr'><strong>in</strong></span> <span class='ocrx_word' id='word_1_690' title='bbox 2611 3557 2800 3613; x_wconf 90' lang='lat' dir='ltr'><strong>iisdem</strong></span> <span class='ocrx_word' id='word_1_691' title='bbox 2828 3557 3224 3613; x_wconf 89' lang='lat' dir='ltr'><strong>calamitatibus</strong></span> <span class='ocrx_word' id='word_1_692' title='bbox 3253 3562 3535 3616; x_wconf 81' lang='lat' dir='ltr'><strong>versamini</strong></span> <span class='ocrx_word' id='word_1_693' title='bbox 3561 3580 3576 3616; x_wconf 70' lang='grc' dir='ltr'><strong>ι</strong></span> <span class='ocrx_word' id='word_1_694' title='bbox 3613 3578 3718 3618; x_wconf 89' lang='lat' dir='ltr'><strong>nos</strong></span> <span class='ocrx_word' id='word_1_695' title='bbox 3747 3564 3834 3618; x_wconf 85' lang='lat' dir='ltr'><strong>vi-</strong></span> 
     </span>
    </p>
   </div>
   <div class='ocr_carea' id='block_1_92' title="bbox 2229 3652 3835 3722">
    <p class='ocr_par' dir='ltr' id='par_1_92' title="bbox 2229 3652 3835 3722">
     <span class='ocr_line' id='line_1_92' title="bbox 2229 3652 3835 3722; baseline 0.002 -15"><span class='ocrx_word' id='word_1_696' title='bbox 2229 3652 2447 3715; x_wconf 89' lang='lat' dir='ltr'><strong>delicet,</strong></span> <span class='ocrx_word' id='word_1_697' title='bbox 2475 3661 2533 3705; x_wconf 90' lang='lat' dir='ltr'><strong>ut</strong></span> <span class='ocrx_word' id='word_1_698' title='bbox 2554 3667 2673 3722; x_wconf 76' lang='lat' dir='ltr'><strong>quae</strong></span> <span class='ocrx_word' id='word_1_699' title='bbox 2695 3652 3000 3719; x_wconf 81' lang='lat' dir='ltr'><strong>accepimus</strong></span> <span class='ocrx_word' id='word_1_700' title='bbox 3022 3652 3173 3705; x_wconf 85' lang='lat' dir='ltr'><strong>vobis</strong></span> <span class='ocrx_word' id='word_1_701' title='bbox 3197 3653 3594 3722; x_wconf 76' lang='lat' dir='ltr'><strong>impertiamus;</strong></span> <span class='ocrx_word' id='word_1_702' title='bbox 3623 3670 3745 3722; x_wconf 87' lang='lat' dir='ltr'><strong>vos,</strong></span> <span class='ocrx_word' id='word_1_703' title='bbox 3777 3669 3835 3711; x_wconf 89' lang='lat' dir='ltr'><strong>ut</strong></span> 
     </span>
    </p>
   </div>
   <div class='ocr_carea' id='block_1_93' title="bbox 2229 3742 3833 3816">
    <p class='ocr_par' dir='ltr' id='par_1_93' title="bbox 2229 3742 3833 3816">
     <span class='ocr_line' id='line_1_93' title="bbox 2229 3742 3833 3816; baseline 0.003 -19"><span class='ocrx_word' id='word_1_704' title='bbox 2229 3743 2372 3814; x_wconf 90' lang='lat' dir='ltr'><strong>quod</strong></span> <span class='ocrx_word' id='word_1_705' title='bbox 2404 3743 2561 3798; x_wconf 82' lang='lat' dir='ltr'><strong>datur</strong></span> <span class='ocrx_word' id='word_1_706' title='bbox 2603 3743 2876 3812; x_wconf 90' lang='lat' dir='ltr'><strong>accipiatis</strong></span> <span class='ocrx_word' id='word_1_707' title='bbox 2917 3758 3015 3796; x_wconf 85' lang='lat' dir='ltr'><strong>nec</strong></span> <span class='ocrx_word' id='word_1_708' title='bbox 3045 3742 3323 3798; x_wconf 89' lang='lat' dir='ltr'><strong>amittatis.</strong></span> <span class='ocrx_word' id='word_1_709' title='bbox 3369 3743 3632 3811; x_wconf 87' lang='lat' dir='ltr'><strong>Quidnam</strong></span> <span class='ocrx_word' id='word_1_710' title='bbox 3666 3747 3833 3816; x_wconf 80' lang='lat' dir='ltr'><strong>igitur</strong></span> 
     </span>
    </p>
   </div>
   <div class='ocr_carea' id='block_1_94' title="bbox 2230 3834 3826 3908">
    <p class='ocr_par' dir='ltr' id='par_1_94' title="bbox 2230 3834 3826 3908">
     <span class='ocr_line' id='line_1_94' title="bbox 2230 3834 3826 3908; baseline 0.003 -18"><span class='ocrx_word' id='word_1_711' title='bbox 2230 3845 2347 3901; x_wconf 90' lang='lat' dir='ltr'><strong>est,</strong></span> <span class='ocrx_word' id='word_1_712' title='bbox 2398 3835 2538 3906; x_wconf 85' lang='lat' dir='ltr'><strong>quod</strong></span> <span class='ocrx_word' id='word_1_713' title='bbox 2585 3851 2710 3889; x_wconf 89' lang='lat' dir='ltr'><strong>cum</strong></span> <span class='ocrx_word' id='word_1_714' title='bbox 2762 3835 2860 3888; x_wconf 89' lang='lat' dir='ltr'><strong>hac</strong></span> <span class='ocrx_word' id='word_1_715' title='bbox 2908 3834 3210 3891; x_wconf 88' lang='lat' dir='ltr'><strong>humilitate</strong></span> <span class='ocrx_word' id='word_1_716' title='bbox 3257 3838 3556 3904; x_wconf 88' lang='lat' dir='ltr'><strong>comparari</strong></span> <span class='ocrx_word' id='word_1_717' title='bbox 3617 3841 3826 3908; x_wconf 90' lang='lat' dir='ltr'><strong>possit;</strong></span> 
     </span>
    </p>
   </div>
   <div class='ocr_carea' id='block_1_95' title="bbox 2229 3927 3828 3998">
    <p class='ocr_par' dir='ltr' id='par_1_95' title="bbox 2229 3927 3828 3998">
     <span class='ocr_line' id='line_1_95' title="bbox 2229 3927 3828 3998; baseline 0.003 -18"><span class='ocrx_word' id='word_1_718' title='bbox 2229 3930 2426 3998; x_wconf 90' lang='lat' dir='ltr'><strong>quippe</strong></span> <span class='ocrx_word' id='word_1_719' title='bbox 2453 3943 2573 3983; x_wconf 89' lang='lat' dir='ltr'><strong>cum</strong></span> <span class='ocrx_word' id='word_1_720' title='bbox 2624 3943 2717 3982; x_wconf 91' lang='lat' dir='ltr'><strong>eos</strong></span> <span class='ocrx_word' id='word_1_721' title='bbox 2742 3969 2756 3992; x_wconf 95' lang='lat'><strong>,</strong></span> <span class='ocrx_word' id='word_1_722' title='bbox 2805 3927 2894 3996; x_wconf 92' lang='lat' dir='ltr'><strong>qui</strong></span> <span class='ocrx_word' id='word_1_723' title='bbox 2945 3937 3091 3981; x_wconf 90' lang='lat' dir='ltr'><strong>lauto</strong></span> <span class='ocrx_word' id='word_1_724' title='bbox 3131 3929 3410 3983; x_wconf 88' lang='lat' dir='ltr'><strong>intervallo</strong></span> <span class='ocrx_word' id='word_1_725' title='bbox 3450 3929 3516 3982; x_wconf 89' lang='lat' dir='ltr'><strong>ab</strong></span> <span class='ocrx_word' id='word_1_726' title='bbox 3554 3945 3622 3984; x_wconf 88' lang='lat' dir='ltr'><strong>eo</strong></span> <span class='ocrx_word' id='word_1_727' title='bbox 3652 3930 3828 3986; x_wconf 80' lang='lat' dir='ltr'><strong>dissiti</strong></span> 
     </span>
    </p>
   </div>
   <div class='ocr_carea' id='block_1_96' title="bbox 2229 4018 3828 4092">
    <p class='ocr_par' dir='ltr' id='par_1_96' title="bbox 2229 4018 3828 4092">
     <span class='ocr_line' id='line_1_96' title="bbox 2229 4018 3828 4092; baseline 0.001 -17"><span class='ocrx_word' id='word_1_728' title='bbox 2229 4029 2414 4081; x_wconf 87' lang='lat' dir='ltr'><strong>erant,</strong></span> <span class='ocrx_word' id='word_1_729' title='bbox 2462 4020 2513 4074; x_wconf 89' lang='lat' dir='ltr'><strong>in</strong></span> <span class='ocrx_word' id='word_1_730' title='bbox 2546 4018 2789 4074; x_wconf 87' lang='lat' dir='ltr'><strong>eamdem</strong></span> <span class='ocrx_word' id='word_1_731' title='bbox 2835 4019 3103 4087; x_wconf 79' lang='lat' dir='ltr'><strong>patientia:</strong></span> <span class='ocrx_word' id='word_1_732' title='bbox 3147 4019 3358 4073; x_wconf 81' lang='lat' dir='ltr'><strong>laudent</strong></span> <span class='ocrx_word' id='word_1_733' title='bbox 3402 4020 3828 4092; x_wconf 81' lang='lat' dir='ltr'><strong>dignitatemque</strong></span> 
     </span>
    </p>
   </div>
   <div class='ocr_carea' id='block_1_97' title="bbox 2228 4109 3828 4180">
    <p class='ocr_par' dir='ltr' id='par_1_97' title="bbox 2228 4109 3828 4180">
     <span class='ocr_line' id='line_1_97' title="bbox 2228 4109 3828 4180; baseline 0.002 -15"><span class='ocrx_word' id='word_1_734' title='bbox 2228 4111 2530 4165; x_wconf 76' lang='lat' dir='ltr'><strong>subvehat&quot;</strong></span> <span class='ocrx_word' id='word_1_735' title='bbox 2564 4110 2732 4180; x_wconf 87' lang='lat' dir='ltr'><strong>inquit</strong></span> <span class='ocrx_word' id='word_1_736' title='bbox 2776 4109 2917 4164; x_wconf 86' lang='lat' dir='ltr'><strong>enim</strong></span> <span class='ocrx_word' id='word_1_737' title='bbox 2945 4151 2959 4175; x_wconf 92' lang='lat'><strong>,</strong></span> <span class='ocrx_word' id='word_1_738' title='bbox 3012 4110 3138 4176; x_wconf 77' lang='lat' dir='ltr'><strong>Qua:</strong></span> <span class='ocrx_word' id='word_1_739' title='bbox 3175 4121 3414 4180; x_wconf 85' lang='lat' dir='ltr'><strong>operatur</strong></span> <span class='ocrx_word' id='word_1_740' title='bbox 3456 4113 3507 4164; x_wconf 88' lang='lat' dir='ltr'><strong>in</strong></span> <span class='ocrx_word' id='word_1_741' title='bbox 3555 4113 3828 4168; x_wconf 77' lang='lat' dir='ltr'><strong>tolerantia</strong></span> 
     </span>
    </p>
   </div>
   <div class='ocr_carea' id='block_1_98' title="bbox 2229 4199 3827 4270">
    <p class='ocr_par' dir='ltr' id='par_1_98' title="bbox 2229 4199 3827 4270">
     <span class='ocr_line' id='line_1_98' title="bbox 2229 4199 3827 4270; baseline 0.003 -15"><span class='ocrx_word' id='word_1_742' title='bbox 2229 4203 2516 4255; x_wconf 84' lang='lat' dir='ltr'><strong>earumdem</strong></span> <span class='ocrx_word' id='word_1_743' title='bbox 2536 4202 2848 4270; x_wconf 85' lang='lat' dir='ltr'><strong>passionum.</strong></span> <span class='ocrx_word' id='word_1_744' title='bbox 2869 4199 3052 4269; x_wconf 84' lang='lat' dir='ltr'><strong>Neque</strong></span> <span class='ocrx_word' id='word_1_745' title='bbox 3073 4201 3214 4256; x_wconf 89' lang='lat' dir='ltr'><strong>enim</strong></span> <span class='ocrx_word' id='word_1_746' title='bbox 3241 4217 3335 4269; x_wconf 91' lang='lat' dir='ltr'><strong>per</strong></span> <span class='ocrx_word' id='word_1_747' title='bbox 3359 4201 3518 4256; x_wconf 82' lang='lat' dir='ltr'><strong>fidem</strong></span> <span class='ocrx_word' id='word_1_748' title='bbox 3542 4201 3827 4259; x_wconf 78' lang='lat' dir='ltr'><strong>dumtaxat</strong></span> 
     </span>
    </p>
   </div>
   <div class='ocr_carea' id='block_1_99' title="bbox 2227 4293 3822 4368">
    <p class='ocr_par' dir='ltr' id='par_1_99' title="bbox 2227 4293 3822 4368">
     <span class='ocr_line' id='line_1_99' title="bbox 2227 4293 3822 4368; baseline 0.003 -20"><span class='ocrx_word' id='word_1_749' title='bbox 2227 4295 2373 4349; x_wconf 88' lang='lat' dir='ltr'><strong>salus</strong></span> <span class='ocrx_word' id='word_1_750' title='bbox 2403 4293 2553 4346; x_wconf 76' lang='lat' dir='ltr'><strong>Vobis</strong></span> <span class='ocrx_word' id='word_1_751' title='bbox 2578 4303 2937 4362; x_wconf 85' lang='lat' dir='ltr'><strong>comparatur,</strong></span> <span class='ocrx_word' id='word_1_752' title='bbox 2972 4309 3154 4347; x_wconf 88' lang='lat' dir='ltr'><strong>verum</strong></span> <span class='ocrx_word' id='word_1_753' title='bbox 3204 4309 3297 4362; x_wconf 89' lang='lat' dir='ltr'><strong>per</strong></span> <span class='ocrx_word' id='word_1_754' title='bbox 3339 4295 3389 4347; x_wconf 89' lang='lat' dir='ltr'><strong>id</strong></span> <span class='ocrx_word' id='word_1_755' title='bbox 3431 4296 3590 4349; x_wconf 87' lang='lat' dir='ltr'><strong>etiam</strong></span> <span class='ocrx_word' id='word_1_756' title='bbox 3617 4338 3633 4362; x_wconf 95' lang='lat'><strong>,</strong></span> <span class='ocrx_word' id='word_1_757' title='bbox 3681 4299 3822 4368; x_wconf 84' lang='lat' dir='ltr'><strong>quod</strong></span> 
     </span>
    </p>
   </div>
   <div class='ocr_carea' id='block_1_100' title="bbox 2229 4385 3385 4454">
    <p class='ocr_par' dir='ltr' id='par_1_100' title="bbox 2229 4385 3385 4454">
     <span class='ocr_line' id='line_1_100' title="bbox 2229 4385 3385 4454; baseline 0 -13"><span class='ocrx_word' id='word_1_758' title='bbox 2229 4386 2444 4441; x_wconf 88' lang='lat' dir='ltr'><strong>easdem</strong></span> <span class='ocrx_word' id='word_1_759' title='bbox 2479 4400 2611 4454; x_wconf 86' lang='lat' dir='ltr'><strong>quas</strong></span> <span class='ocrx_word' id='word_1_760' title='bbox 2636 4399 2735 4438; x_wconf 90' lang='lat' dir='ltr'><strong>nos</strong></span> <span class='ocrx_word' id='word_1_761' title='bbox 2764 4385 3098 4440; x_wconf 88' lang='lat' dir='ltr'><strong>calamitates</strong></span> <span class='ocrx_word' id='word_1_762' title='bbox 3129 4386 3385 4441; x_wconf 71' lang='lat' dir='ltr'><strong>sollertis.</strong></span> 
     </span>
    </p>
   </div>
   <div class='ocr_carea' id='block_1_101' title="bbox 2297 4477 3823 4550">
    <p class='ocr_par' dir='ltr' id='par_1_101' title="bbox 2297 4477 3823 4550">
     <span class='ocr_line' id='line_1_101' title="bbox 2297 4477 3823 4550; baseline 0.001 -18"><span class='ocrx_word' id='word_1_763' title='bbox 2297 4477 2330 4532; x_wconf 77' lang='lat' dir='ltr'><strong><em>J</em></strong></span> <span class='ocrx_word' id='word_1_764' title='bbox 2339 4480 2436 4533; x_wconf 82' lang='lat' dir='ltr'><strong>usti</strong></span> <span class='ocrx_word' id='word_1_765' title='bbox 2452 4479 2609 4532; x_wconf 82' lang='lat' dir='ltr'><strong>virtus</strong></span> <span class='ocrx_word' id='word_1_766' title='bbox 2631 4479 2683 4531; x_wconf 90' lang='lat' dir='ltr'><strong>in</strong></span> <span class='ocrx_word' id='word_1_767' title='bbox 2703 4479 2944 4533; x_wconf 76' lang='lat' dir='ltr'><strong>teruumis</strong></span> <span class='ocrx_word' id='word_1_768' title='bbox 2960 4480 3090 4533; x_wconf 85' lang='lat' dir='ltr'><strong>lucet</strong></span> <span class='ocrx_word' id='word_1_769' title='bbox 3105 4489 3148 4531; x_wconf 87' lang='lat' dir='ltr'><strong>ct</strong></span> <span class='ocrx_word' id='word_1_770' title='bbox 3161 4479 3823 4550; x_wconf 61' lang='lat' dir='ltr'><strong>angelum—Quemadmo-</strong></span> 
     </span>
    </p>
   </div>
   <div class='ocr_carea' id='block_1_102' title="bbox 2227 4567 3822 4643">
    <p class='ocr_par' dir='ltr' id='par_1_102' title="bbox 2227 4567 3822 4643">
     <span class='ocr_line' id='line_1_102' title="bbox 2227 4567 3822 4643; baseline 0.002 -19"><span class='ocrx_word' id='word_1_771' title='bbox 2227 4569 2352 4625; x_wconf 90' lang='lat' dir='ltr'><strong>dum</strong></span> <span class='ocrx_word' id='word_1_772' title='bbox 2371 4570 2619 4640; x_wconf 80' lang='lat' dir='ltr'><strong>egregius</strong></span> <span class='ocrx_word' id='word_1_773' title='bbox 2636 4567 2836 4624; x_wconf 88' lang='lat' dir='ltr'><strong>athleta</strong></span> <span class='ocrx_word' id='word_1_774' title='bbox 2856 4569 2926 4623; x_wconf 89' lang='lat' dir='ltr'><strong>ob</strong></span> <span class='ocrx_word' id='word_1_775' title='bbox 2948 4569 3288 4638; x_wconf 89' lang='lat' dir='ltr'><strong>splendorem</strong></span> <span class='ocrx_word' id='word_1_776' title='bbox 3311 4581 3364 4626; x_wconf 92' lang='lat' dir='ltr'><strong>et</strong></span> <span class='ocrx_word' id='word_1_777' title='bbox 3387 4572 3607 4640; x_wconf 78' lang='lat' dir='ltr'><strong>probam</strong></span> <span class='ocrx_word' id='word_1_778' title='bbox 3631 4589 3822 4643; x_wconf 85' lang='lat' dir='ltr'><strong>corpo-</strong></span> 
     </span>
    </p>
   </div>
   <div class='ocr_carea' id='block_1_103' title="bbox 2231 4661 3818 4732">
    <p class='ocr_par' dir='ltr' id='par_1_103' title="bbox 2231 4661 3818 4732">
     <span class='ocr_line' id='line_1_103' title="bbox 2231 4661 3818 4732; baseline 0.001 -16"><span class='ocrx_word' id='word_1_779' title='bbox 2231 4663 2305 4717; x_wconf 91' lang='lat' dir='ltr'><strong>ris</strong></span> <span class='ocrx_word' id='word_1_780' title='bbox 2327 4661 2716 4728; x_wconf 85' lang='lat' dir='ltr'><strong>habitudinem,</strong></span> <span class='ocrx_word' id='word_1_781' title='bbox 2747 4662 2908 4716; x_wconf 89' lang='lat' dir='ltr'><strong>etiam</strong></span> <span class='ocrx_word' id='word_1_782' title='bbox 2932 4677 3054 4716; x_wconf 88' lang='lat' dir='ltr'><strong>cum</strong></span> <span class='ocrx_word' id='word_1_783' title='bbox 3076 4672 3244 4716; x_wconf 90' lang='lat' dir='ltr'><strong>artem</strong></span> <span class='ocrx_word' id='word_1_784' title='bbox 3273 4663 3324 4716; x_wconf 91' lang='lat' dir='ltr'><strong>in</strong></span> <span class='ocrx_word' id='word_1_785' title='bbox 3352 4663 3532 4732; x_wconf 87' lang='lat' dir='ltr'><strong>seipse</strong></span> <span class='ocrx_word' id='word_1_786' title='bbox 3556 4667 3818 4729; x_wconf 88' lang='lat' dir='ltr'><strong>continet,</strong></span> 
     </span>
    </p>
   </div>
   <div class='ocr_carea' id='block_1_104' title="bbox 2229 4752 3820 4826">
    <p class='ocr_par' dir='ltr' id='par_1_104' title="bbox 2229 4752 3820 4826">
     <span class='ocr_line' id='line_1_104' title="bbox 2229 4752 3820 4826; baseline 0.001 -18"><span class='ocrx_word' id='word_1_787' title='bbox 2229 4753 2478 4809; x_wconf 87' lang='lat' dir='ltr'><strong>homines</strong></span> <span class='ocrx_word' id='word_1_788' title='bbox 2508 4754 2558 4806; x_wconf 91' lang='lat' dir='ltr'><strong>in</strong></span> <span class='ocrx_word' id='word_1_789' title='bbox 2590 4753 2998 4809; x_wconf 84' lang='lat' dir='ltr'><strong>admirationem</strong></span> <span class='ocrx_word' id='word_1_790' title='bbox 3031 4752 3226 4819; x_wconf 79' lang='lat' dir='ltr'><strong>trahit;</strong></span> <span class='ocrx_word' id='word_1_791' title='bbox 3254 4765 3309 4808; x_wconf 91' lang='lat' dir='ltr'><strong>at</strong></span> <span class='ocrx_word' id='word_1_792' title='bbox 3337 4770 3458 4809; x_wconf 91' lang='lat' dir='ltr'><strong>cum</strong></span> <span class='ocrx_word' id='word_1_793' title='bbox 3488 4768 3751 4826; x_wconf 87' lang='lat' dir='ltr'><strong>operatur</strong></span> <span class='ocrx_word' id='word_1_794' title='bbox 3771 4768 3820 4811; x_wconf 87' lang='lat' dir='ltr'><strong>ct</strong></span> 
     </span>
    </p>
   </div>
   <div class='ocr_carea' id='block_1_105' title="bbox 2229 4845 3820 4920">
    <p class='ocr_par' dir='ltr' id='par_1_105' title="bbox 2229 4845 3820 4920">
     <span class='ocr_line' id='line_1_105' title="bbox 2229 4845 3820 4920; baseline 0.003 -23"><span class='ocrx_word' id='word_1_795' title='bbox 2229 4845 2409 4914; x_wconf 75' lang='lat' dir='ltr'><strong>plagas</strong></span> <span class='ocrx_word' id='word_1_796' title='bbox 2447 4845 2650 4914; x_wconf 81' lang='lat' dir='ltr'><strong>perfert</strong></span> <span class='ocrx_word' id='word_1_797' title='bbox 2676 4856 2836 4915; x_wconf 89' lang='lat' dir='ltr'><strong>atque</strong></span> <span class='ocrx_word' id='word_1_798' title='bbox 2861 4845 3225 4900; x_wconf 88' lang='lat' dir='ltr'><strong>adversarium</strong></span> <span class='ocrx_word' id='word_1_799' title='bbox 3259 4845 3414 4911; x_wconf 89' lang='lat' dir='ltr'><strong>ferit,</strong></span> <span class='ocrx_word' id='word_1_800' title='bbox 3449 4856 3559 4901; x_wconf 90' lang='lat' dir='ltr'><strong>tum</strong></span> <span class='ocrx_word' id='word_1_801' title='bbox 3587 4848 3820 4920; x_wconf 77' lang='lat' dir='ltr'><strong>denique</strong></span> 
     </span>
    </p>
   </div>
   <div class='ocr_carea' id='block_1_106' title="bbox 2228 4936 3820 5010">
    <p class='ocr_par' dir='ltr' id='par_1_106' title="bbox 2228 4936 3820 5010">
     <span class='ocr_line' id='line_1_106' title="bbox 2228 4936 3820 5010; baseline 0.003 -23"><span class='ocrx_word' id='word_1_802' title='bbox 2228 4936 2561 5005; x_wconf 84' lang='lat' dir='ltr'><strong>potissimum</strong></span> <span class='ocrx_word' id='word_1_803' title='bbox 2583 4936 2778 5001; x_wconf 85' lang='lat' dir='ltr'><strong>elucet,</strong></span> <span class='ocrx_word' id='word_1_804' title='bbox 2811 4940 3062 5007; x_wconf 84' lang='lat' dir='ltr'><strong>quoniam</strong></span> <span class='ocrx_word' id='word_1_805' title='bbox 3095 4947 3202 4991; x_wconf 92' lang='lat' dir='ltr'><strong>tum</strong></span> <span class='ocrx_word' id='word_1_806' title='bbox 3228 4938 3458 5009; x_wconf 88' lang='lat' dir='ltr'><strong>denique</strong></span> <span class='ocrx_word' id='word_1_807' title='bbox 3484 4939 3623 4993; x_wconf 87' lang='lat' dir='ltr'><strong>bona</strong></span> <span class='ocrx_word' id='word_1_808' title='bbox 3658 4941 3820 5010; x_wconf 86' lang='lat' dir='ltr'><strong>ipsius</strong></span> 
     </span>
    </p>
   </div>
   <div class='ocr_carea' id='block_1_107' title="bbox 2227 5026 3821 5098">
    <p class='ocr_par' dir='ltr' id='par_1_107' title="bbox 2227 5026 3821 5098">
     <span class='ocr_line' id='line_1_107' title="bbox 2227 5026 3821 5098; baseline 0.004 -18"><span class='ocrx_word' id='word_1_809' title='bbox 2227 5026 2484 5081; x_wconf 89' lang='lat' dir='ltr'><strong>habitudo</strong></span> <span class='ocrx_word' id='word_1_810' title='bbox 2515 5027 2619 5081; x_wconf 87' lang='lat' dir='ltr'><strong>vim</strong></span> <span class='ocrx_word' id='word_1_811' title='bbox 2651 5042 2799 5081; x_wconf 91' lang='lat' dir='ltr'><strong>suam</strong></span> <span class='ocrx_word' id='word_1_812' title='bbox 2831 5029 3068 5092; x_wconf 84' lang='lat' dir='ltr'><strong>exserit,</strong></span> <span class='ocrx_word' id='word_1_813' title='bbox 3110 5030 3349 5098; x_wconf 89' lang='lat' dir='ltr'><strong>artisque</strong></span> <span class='ocrx_word' id='word_1_814' title='bbox 3386 5033 3692 5098; x_wconf 74' lang='lat' dir='ltr'><strong>przestantia</strong></span> <span class='ocrx_word' id='word_1_815' title='bbox 3726 5032 3821 5086; x_wconf 84' lang='lat' dir='ltr'><strong>de—</strong></span> 
     </span>
    </p>
   </div>
   <div class='ocr_carea' id='block_1_108' title="bbox 2227 5119 3821 5178">
    <p class='ocr_par' dir='ltr' id='par_1_108' title="bbox 2227 5119 3821 5178">
     <span class='ocr_line' id='line_1_108' title="bbox 2227 5119 3821 5178; baseline 0.003 -5"><span class='ocrx_word' id='word_1_816' title='bbox 2227 5119 2462 5173; x_wconf 86' lang='lat' dir='ltr'><strong>claratur</strong></span> <span class='ocrx_word' id='word_1_817' title='bbox 2489 5137 2501 5172; x_wconf 90' lang='lat'>:</span> <span class='ocrx_word' id='word_1_818' title='bbox 2533 5119 2722 5174; x_wconf 88' lang='lat' dir='ltr'><strong>eodem</strong></span> <span class='ocrx_word' id='word_1_819' title='bbox 2755 5119 2916 5173; x_wconf 87' lang='lat' dir='ltr'><strong>modo</strong></span> <span class='ocrx_word' id='word_1_820' title='bbox 2959 5121 3104 5174; x_wconf 88' lang='lat' dir='ltr'><strong>salus</strong></span> <span class='ocrx_word' id='word_1_821' title='bbox 3143 5131 3325 5175; x_wconf 90' lang='lat' dir='ltr'><strong>nostra</strong></span> <span class='ocrx_word' id='word_1_822' title='bbox 3359 5130 3467 5175; x_wconf 83' lang='lat' dir='ltr'><strong>tum</strong></span> <span class='ocrx_word' id='word_1_823' title='bbox 3498 5122 3821 5178; x_wconf 88' lang='lat' dir='ltr'><strong>luculentius</strong></span> 
     </span>
    </p>
   </div>
   <div class='ocr_carea' id='block_1_109' title="bbox 2226 5211 3816 5284">
    <p class='ocr_par' dir='ltr' id='par_1_109' title="bbox 2226 5211 3816 5284">
     <span class='ocr_line' id='line_1_109' title="bbox 2226 5211 3816 5284; baseline 0.003 -21"><span class='ocrx_word' id='word_1_824' title='bbox 2226 5214 2419 5280; x_wconf 82' lang='lat' dir='ltr'><strong>agitur,</strong></span> <span class='ocrx_word' id='word_1_825' title='bbox 2447 5211 2547 5266; x_wconf 93' lang='lat' dir='ltr'><strong>hoc</strong></span> <span class='ocrx_word' id='word_1_826' title='bbox 2567 5221 2667 5275; x_wconf 88' lang='lat' dir='ltr'><strong>est,</strong></span> <span class='ocrx_word' id='word_1_827' title='bbox 2689 5211 3010 5279; x_wconf 89' lang='lat' dir='ltr'><strong>ostenditur,</strong></span> <span class='ocrx_word' id='word_1_828' title='bbox 3028 5222 3273 5284; x_wconf 89' lang='lat' dir='ltr'><strong>augetur,</strong></span> <span class='ocrx_word' id='word_1_829' title='bbox 3297 5213 3676 5284; x_wconf 84' lang='lat' dir='ltr'><strong>amplificatur,</strong></span> <span class='ocrx_word' id='word_1_830' title='bbox 3698 5231 3816 5270; x_wconf 83' lang='lat' dir='ltr'><strong>cum</strong></span> 
     </span>
    </p>
   </div>
   <div class='ocr_carea' id='block_1_110' title="bbox 2232 5291 3819 5374">
    <p class='ocr_par' dir='ltr' id='par_1_110' title="bbox 2232 5291 3819 5374">
     <span class='ocr_line' id='line_1_110' title="bbox 2232 5291 3819 5374; baseline 0.003 -17"><span class='ocrx_word' id='word_1_831' title='bbox 2232 5304 2426 5358; x_wconf 87' lang='lat' dir='ltr'><strong>tolerat</strong></span> <span class='ocrx_word' id='word_1_832' title='bbox 2453 5313 2508 5358; x_wconf 88' lang='lat' dir='ltr'><strong>et</strong></span> <span class='ocrx_word' id='word_1_833' title='bbox 2548 5305 2768 5374; x_wconf 85' lang='lat' dir='ltr'><strong>patitur,</strong></span> <span class='ocrx_word' id='word_1_834' title='bbox 2797 5319 2860 5359; x_wconf 85' lang='lat' dir='ltr'><strong>ac</strong></span> <span class='ocrx_word' id='word_1_835' title='bbox 2896 5291 3087 5359; x_wconf 84' lang='lat' dir='ltr'><strong>cuncta</strong></span> <span class='ocrx_word' id='word_1_836' title='bbox 3117 5304 3238 5360; x_wconf 81' lang='lat' dir='ltr'><strong>forti</strong></span> <span class='ocrx_word' id='word_1_837' title='bbox 3278 5317 3331 5360; x_wconf 89' lang='lat' dir='ltr'><strong>et</strong></span> <span class='ocrx_word' id='word_1_838' title='bbox 3376 5321 3598 5362; x_wconf 91' lang='lat' dir='ltr'><strong>strenuo</strong></span> <span class='ocrx_word' id='word_1_839' title='bbox 3640 5310 3819 5362; x_wconf 84' lang='lat' dir='ltr'><strong>animo</strong></span> 
     </span>
    </p>
   </div>
   <div class='ocr_carea' id='block_1_111' title="bbox 2229 5396 3820 5469">
    <p class='ocr_par' dir='ltr' id='par_1_111' title="bbox 2229 5396 3820 5469">
     <span class='ocr_line' id='line_1_111' title="bbox 2229 5396 3820 5469; baseline 0.003 -19"><span class='ocrx_word' id='word_1_840' title='bbox 2229 5398 2392 5450; x_wconf 88' lang='lat' dir='ltr'><strong>subit.</strong></span> <span class='ocrx_word' id='word_1_841' title='bbox 2424 5396 2501 5450; x_wconf 80' lang='lat' dir='ltr'><strong>Ex</strong></span> <span class='ocrx_word' id='word_1_842' title='bbox 2529 5413 2632 5466; x_wconf 89' lang='lat' dir='ltr'><strong>quo</strong></span> <span class='ocrx_word' id='word_1_843' title='bbox 2657 5397 2946 5465; x_wconf 80' lang='lat' dir='ltr'><strong>Colligitur,</strong></span> <span class='ocrx_word' id='word_1_844' title='bbox 2977 5398 3163 5452; x_wconf 88' lang='lat' dir='ltr'><strong>salutis</strong></span> <span class='ocrx_word' id='word_1_845' title='bbox 3195 5399 3464 5469; x_wconf 85' lang='lat' dir='ltr'><strong>negotium</strong></span> <span class='ocrx_word' id='word_1_846' title='bbox 3497 5415 3602 5452; x_wconf 90' lang='lat' dir='ltr'><strong>non</strong></span> <span class='ocrx_word' id='word_1_847' title='bbox 3632 5401 3684 5454; x_wconf 92' lang='lat' dir='ltr'><strong>in</strong></span> <span class='ocrx_word' id='word_1_848' title='bbox 3717 5399 3820 5454; x_wconf 87' lang='lat' dir='ltr'><strong>hoc</strong></span> 
     </span>
    </p>
   </div>
   <div class='ocr_carea' id='block_1_112' title="bbox 2226 5487 3818 5556">
    <p class='ocr_par' dir='ltr' id='par_1_112' title="bbox 2226 5487 3818 5556">
     <span class='ocr_line' id='line_1_112' title="bbox 2226 5487 3818 5556; baseline 0.002 -17"><span class='ocrx_word' id='word_1_849' title='bbox 2226 5487 2522 5540; x_wconf 84' lang='lat' dir='ltr'><strong>consistere</strong></span> <span class='ocrx_word' id='word_1_850' title='bbox 2542 5527 2556 5551; x_wconf 90' lang='lat'><strong>,</strong></span> <span class='ocrx_word' id='word_1_851' title='bbox 2607 5496 2664 5540; x_wconf 92' lang='lat' dir='ltr'><strong>ut</strong></span> <span class='ocrx_word' id='word_1_852' title='bbox 2692 5487 2955 5556; x_wconf 89' lang='lat' dir='ltr'><strong>quispiam</strong></span> <span class='ocrx_word' id='word_1_853' title='bbox 2985 5487 3148 5541; x_wconf 88' lang='lat' dir='ltr'><strong>alium</strong></span> <span class='ocrx_word' id='word_1_854' title='bbox 3179 5489 3322 5542; x_wconf 84' lang='lat' dir='ltr'><strong>malo</strong></span> <span class='ocrx_word' id='word_1_855' title='bbox 3351 5487 3580 5556; x_wconf 85' lang='lat' dir='ltr'><strong>alliciat,</strong></span> <span class='ocrx_word' id='word_1_856' title='bbox 3627 5490 3719 5544; x_wconf 89' lang='lat' dir='ltr'><strong>sed</strong></span> <span class='ocrx_word' id='word_1_857' title='bbox 3765 5500 3818 5542; x_wconf 82' lang='lat' dir='ltr'><strong>ut</strong></span> 
     </span>
    </p>
   </div>
   <div class='ocr_carea' id='block_1_113' title="bbox 2225 5577 3815 5650">
    <p class='ocr_par' dir='ltr' id='par_1_113' title="bbox 2225 5577 3815 5650">
     <span class='ocr_line' id='line_1_113' title="bbox 2225 5577 3815 5650; baseline 0.001 -19"><span class='ocrx_word' id='word_1_858' title='bbox 2225 5579 2339 5647; x_wconf 86' lang='lat' dir='ltr'><strong>ipse</strong></span> <span class='ocrx_word' id='word_1_859' title='bbox 2369 5577 2651 5633; x_wconf 72' lang='lat' dir='ltr'><strong>:thltlllll&#39;.</strong></span> <span class='ocrx_word' id='word_1_860' title='bbox 2681 5577 2791 5633; x_wconf 85' lang='lat' dir='ltr'><strong>Nec</strong></span> <span class='ocrx_word' id='word_1_861' title='bbox 2815 5579 2970 5645; x_wconf 84' lang='lat' dir='ltr'><strong>dixit,</strong></span> <span class='ocrx_word' id='word_1_862' title='bbox 2998 5584 3293 5650; x_wconf 68' lang='grc' dir='ltr'><strong>δνεργοὺσης,</strong></span> <span class='ocrx_word' id='word_1_863' title='bbox 3323 5579 3424 5634; x_wconf 80' lang='lat' dir='ltr'><strong>llOC</strong></span> <span class='ocrx_word' id='word_1_864' title='bbox 3449 5588 3558 5645; x_wconf 76' lang='grc' dir='ltr'>εει,</span> <span class='ocrx_word' id='word_1_865' title='bbox 3589 5595 3709 5648; x_wconf 76' lang='lat' dir='ltr'><strong>qua:</strong></span> <span class='ocrx_word' id='word_1_866' title='bbox 3734 5577 3815 5633; x_wconf 65' lang='lat' dir='ltr'><strong>Cf-</strong></span> 
     </span>
    </p>
   </div>
   <div class='ocr_carea' id='block_1_114' title="bbox 2225 5670 3818 5742">
    <p class='ocr_par' dir='ltr' id='par_1_114' title="bbox 2225 5670 3818 5742">
     <span class='ocr_line' id='line_1_114' title="bbox 2225 5670 3818 5742; baseline 0 -18"><span class='ocrx_word' id='word_1_867' title='bbox 2225 5671 2354 5728; x_wconf 81' lang='lat' dir='ltr'><strong>iicit.</strong></span> <span class='ocrx_word' id='word_1_868' title='bbox 2385 5670 2500 5736; x_wconf 90' lang='lat' dir='ltr'><strong>sed,</strong></span> <span class='ocrx_word' id='word_1_869' title='bbox 2532 5675 2874 5741; x_wconf 68' lang='grc' dir='ltr'><strong>ἐνεργουμένης,</strong></span> <span class='ocrx_word' id='word_1_870' title='bbox 2910 5671 2958 5724; x_wconf 92' lang='lat' dir='ltr'><strong>id</strong></span> <span class='ocrx_word' id='word_1_871' title='bbox 2983 5682 3086 5736; x_wconf 89' lang='lat' dir='ltr'><strong>est,</strong></span> <span class='ocrx_word' id='word_1_872' title='bbox 3111 5687 3228 5742; x_wconf 73' lang='lat' dir='ltr'><strong>qua:</strong></span> <span class='ocrx_word' id='word_1_873' title='bbox 3251 5671 3519 5726; x_wconf 80' lang='lat' dir='ltr'><strong>efficitur:</strong></span> <span class='ocrx_word' id='word_1_874' title='bbox 3551 5682 3607 5726; x_wconf 93' lang='lat' dir='ltr'><strong>ut</strong></span> <span class='ocrx_word' id='word_1_875' title='bbox 3631 5671 3818 5726; x_wconf 83' lang='lat' dir='ltr'><strong>videli-</strong></span> 
     </span>
    </p>
   </div>
   <div class='ocr_carea' id='block_1_115' title="bbox 2223 5760 3818 5833">
    <p class='ocr_par' dir='ltr' id='par_1_115' title="bbox 2223 5760 3818 5833">
     <span class='ocr_line' id='line_1_115' title="bbox 2223 5760 3818 5833; baseline -0.002 -16"><span class='ocrx_word' id='word_1_876' title='bbox 2223 5773 2307 5817; x_wconf 88' lang='lat' dir='ltr'><strong>cet</strong></span> <span class='ocrx_word' id='word_1_877' title='bbox 2348 5760 2476 5816; x_wconf 80' lang='lat' dir='ltr'><strong>illud</strong></span> <span class='ocrx_word' id='word_1_878' title='bbox 2515 5761 2800 5826; x_wconf 89' lang='lat' dir='ltr'><strong>ostendat,</strong></span> <span class='ocrx_word' id='word_1_879' title='bbox 2832 5764 2975 5832; x_wconf 86' lang='lat' dir='ltr'><strong>quod</strong></span> <span class='ocrx_word' id='word_1_880' title='bbox 3019 5763 3086 5816; x_wconf 91' lang='lat' dir='ltr'><strong>ad</strong></span> <span class='ocrx_word' id='word_1_881' title='bbox 3115 5778 3300 5818; x_wconf 88' lang='lat' dir='ltr'><strong>eorum</strong></span> <span class='ocrx_word' id='word_1_882' title='bbox 3343 5762 3818 5833; x_wconf 83' lang='lat' dir='ltr'><strong>promptitudinem</strong></span> 
     </span>
    </p>
   </div>
   <div class='ocr_carea' id='block_1_116' title="bbox 2228 5853 3816 5928">
    <p class='ocr_par' dir='ltr' id='par_1_116' title="bbox 2228 5853 3816 5928">
     <span class='ocr_line' id='line_1_116' title="bbox 2228 5853 3816 5928; baseline -0.001 -19"><span class='ocrx_word' id='word_1_883' title='bbox 2228 5865 2386 5926; x_wconf 89' lang='lat' dir='ltr'><strong>atque</strong></span> <span class='ocrx_word' id='word_1_884' title='bbox 2414 5853 2574 5911; x_wconf 88' lang='lat' dir='ltr'><strong>animi</strong></span> <span class='ocrx_word' id='word_1_885' title='bbox 2605 5853 2936 5911; x_wconf 84' lang='lat' dir='ltr'><strong>alacritatem</strong></span> <span class='ocrx_word' id='word_1_886' title='bbox 2965 5854 3146 5910; x_wconf 88' lang='lat' dir='ltr'><strong>divina</strong></span> <span class='ocrx_word' id='word_1_887' title='bbox 3187 5871 3402 5928; x_wconf 87' lang='lat' dir='ltr'><strong>quoque</strong></span> <span class='ocrx_word' id='word_1_888' title='bbox 3425 5857 3594 5928; x_wconf 74' lang='lat' dir='ltr'><strong>gratia</strong></span> <span class='ocrx_word' id='word_1_889' title='bbox 3622 5853 3816 5925; x_wconf 82' lang='lat' dir='ltr'><strong>adjun-</strong></span> 
     </span>
    </p>
   </div>
  </div>
