3998 6416
316 371 414 427 391

316 484 406 556 μοι
441 483 658 556 μείζονα
691 483 934 553 ὄψονται,
982 486 1076 540 καὶ
1115 488 1166 539 οἱ
1195 487 1354 550 πόδες
1388 489 1480 541 ἐπὶ
1515 486 1754 556 νεφελῶν
1787 487 1888 556 ἀρ-

310 576 589 646 θήσονται,
613 576 786 628 καὶτὸ
813 576 1258 648 διαφθειρόμενον
1294 579 1453 632 τοῦτο
1490 579 1652 649 σῶμα
1686 577 1890 631 ἀθανα-

309 668 431 724 σίαν
460 667 764 733 ὲνδύσεται,
799 670 892 722 καὶ
920 671 1300 742 λαμπρότερον
1337 671 1428 726 τὸν
1467 673 1582 725 υἰὸν
1615 669 1892 741 ἀπολήψοο

307 775 427 830 μαι.
456 759 517 812 Εἰ
539 759 595 811 δὲ
617 759 778 812 λυπεῖ
801 777 859 813 σε
889 761 956 815 τὰ
985 761 1260 832 ὁρώμενα,
1287 763 1425 825 τέως
1447 764 1568 817 εἰπὲ
1599 763 1736 834 πρὸς
1764 764 1891 816 ὲαυ-

303 851 415 904 τόν·
453 850 690 920 Ίμάτιον
723 850 879 905 τοῦτό
912 853 1049 918 ἐστι,
1088 855 1183 907 καὶ
1214 853 1546 918 ἀπεδύσατο,
1578 854 1720 908 ὥστε
1756 855 1890 908 αὐτὸ

305 937 758 1010 πολυτελέστερον
781 941 1100 996 ἀπολαϐεῖν*
1126 941 1272 996 οἰκία
1297 941 1436 1014 αὕτη
1473 945 1612 1005 ἐστὶ,
1645 945 1739 998 καὶ
1764 944 1894 998 καθ-

302 1027 499 1100 ῃρέθη,
530 1029 672 1083 ὥστε
700 1032 955 1099 γενέσθαι
983 1034 1152 1104 αὑτὴν
1195 1034 1577 1106 φαιδροτέραν.
1621 1035 1889 1106 Καθάπερ

301 1119 416 1192 γάρ
447 1123 631 1192 ἡμεῖς,
663 1123 884 1177 ἐπειδὰν
927 1125 1212 1196 μέλλωμεν
1246 1125 1532 1198 καθαιρεῖν
1559 1127 1756 1191 οἰκίας,
1790 1129 1890 1182 οὑκ

300 1214 542 1285 ἀφίεμεν
567 1215 694 1278 τοὺς
732 1215 880 1270 ἔνδον
907 1218 1190 1284 οἰκοῦντας
1222 1219 1424 1290 μένειν,
1454 1220 1570 1274 ἀλλ’
1597 1220 1737 1275 ὥστε
1779 1223 1888 1275 άπ-

301 1303 612 1376 αλλαγῆναι
653 1307 755 1378 τῆς
787 1309 987 1373 κόνεως
1028 1313 1122 1364 καὶ
1155 1312 1252 1364 τοῦ
1284 1311 1536 1383 θορύϐου,
1579 1311 1762 1386 [ἀλλὰ]
1797 1331 1888 1366 κε-

300 1398 598 1464 λεύσαντες
650 1402 788 1472 πρὸς
841 1403 1019 1474 βραχὺ
1063 1405 1417 1476 μεταστῆναι,
1457 1407 1678 1460 ἐπειδὰν
1718 1425 1889 1462 κατα-

301 1493 662 1563 σκευάσωμεν
692 1495 932 1563 ἀσφαλὲς
961 1495 1023 1548 τὸ
1045 1496 1337 1567 δωμάτιον,
1367 1497 1489 1551 τότε
1521 1499 1720 1562 αὑτοὺς
1753 1499 1890 1569 μετὰ

299 1585 486 1649 ἁδείας
521 1586 839 1656 εἰσάγομεν
891 1587 1036 1641 οὑτω
1082 1588 1177 1642 καὶ
1211 1591 1239 1642 ὁ
1267 1589 1401 1652 Θεὸς
1447 1593 1612 1654 ποιεῖ,
1644 1590 1889 1646 καθελὼν

298 1674 468 1728 αὐτοῦ
491 1675 590 1746 τὴν
615 1675 821 1744 σαθρὰν
849 1680 1076 1748 σκηνὴν,
1107 1678 1244 1741 τέως
1272 1681 1352 1742 είς
1373 1679 1472 1750 τὴν
1492 1681 1765 1753 πατρικὴν
1787 1682 1888 1735 αὑ-

297 1764 392 1818 τὸν
422 1764 614 1818 ἐλαϐεν
641 1767 818 1820 οἰκίαν
849 1767 946 1820 καὶ⁹
972 1767 1108 1839 πρὸς
1133 1768 1345 1834 ἑαυτὸν,
1374 1768 1440 1822 ἵν’
1470 1770 1599 1823 ὅταν
1633 1771 1890 1841 καθαιρε-

297 1856 367 1927 θῇ
403 1855 542 1926 αὕτη
589 1857 685 1910 καὶ
724 1858 1078 1929 οἰκοδομηθῇ,
1127 1859 1523 1931 λαμπροτέραν
1565 1861 1735 1930 αὑτὴν
1764 1862 1886 1914 τότε

294 1951 456 2021 αύτῷ
499 1950 703 2021 ἀποδῷ.
741 1937 1060 2022 Μὴιτοίνυν
1115 1952 1297 2025 εἴπῃς,
1349 1953 1434 2006 ὅτι
1480 1952 1752 2006 Ἀπόλωλε
1793 1956 1888 2007 καὶ

295 2043 482 2096 οὐκέτι
531 2042 706 2096 ἔσται’
745 2045 841 2096 καὶ
881 2043 988 2116 γὰρ
1034 2044 1282 2098 ἀπίστων
1312 2045 1380 2097 τὰ
1416 2045 1638 2115 ῥήματα
1690 2045 1884 2098 ταῦτα⁸

294 2131 454 2207 [427]
490 2135 604 2188 ἀλλ’
638 2136 782 2202 εἰπὲ,
814 2135 1084 2190 Καθεύδει
1121 2137 1217 2190 καὶ
1249 2136 1637 2207 ἀναστήσεται,
1677 2137 1850 2208 ἀπεδή
1871 2167 1882 2176 -

294 2245 444 2300 μησε
467 2231 560 2282 καὶ
583 2229 704 2300 ἥξει
734 2230 872 2300 μετά
895 2229 990 2283 τοῦ
1027 2229 1322 2291 Βασιλέως.
1351 2229 1446 2293 Τίς
1475 2229 1648 2282 ταῦτά
1682 2230 1879 2299 φησίν;

304 2323 370 2374 Ὀ
408 2321 499 2375 τὸν
521 2322 755 2390 Χριστὸν
789 2321 930 2392 έχων
953 2323 1010 2375 ὲν
1037 2321 1216 2392 ἑαυτῷ
1239 2320 1524 2376 λαλοῦντα.
1554 2324 1621 2376 Εἰ
1647 2322 1755 2392 γὰρ
1789 2338 1880 2374 πι-

1446 374 1506 426 IN
1552 368 1766 426 EPIST.
1791 370 1832 424 Il
1871 369 1959 423 AD
1995 369 2153 425 COR.
2192 368 2426 425 HOMIL.
2473 370 2534 444 ΙΙ.

3475 377 3579 429 ὖίίἰ

1993 487 2309 554 στεύομεν,
2331 486 2518 555 φησιν,
2545 485 2634 538 ὅτι
2672 485 2912 552 Ἰησοῦς
2945 486 3208 541 ἀπέθανε
3237 487 3333 542 καὶ
3351 489 3577 557 ἀνέστη

1993 574 2091 628 καὶ
2112 575 2342 642 ἔζησεν,
2391 576 2579 640 οὕτως
2609 578 2641 629 ό
2675 576 2818 642 Θεὸς
2863 577 2963 630 καὶ
3009 577 3152 644 τοὺς
3186 579 3580 648 κοιμηθέντας

1993 667 2091 722 διὰ
2122 667 2228 722 τοῦ
2269 667 2474 735 Ἰησοῦ
2527 668 2657 732 ἄξει
2697 668 2820 722 σὺν
2846 668 3028 733 αὐτῷ.
3085 671 3148 723 El
3181 670 3359 725 τοίνυν
3395 671 3579 743 ζητεῖς

1992 759 2086 812 τὸν
2113 757 2250 822 υἱὸν,
2285 759 2404 811 ἐκεῖ
2445 756 2600 827 ζήτει
2629 758 2758 812 ἔνθα
2793 761 2821 812 ὁ
2867 760 3152 824 Βασιλεὺς,
3182 761 3309 816 ἔνθα
3363 762 3424 816 τὸ
3470 762 3580 814 τῶν

1994 849 2243 918 ἀγγέλων
2270 849 2650 921 στρατόπεδον
2681 850 2756 921 μὴ
2781 853 2839 904 ἐν
2872 850 2946 920 τῷ
2969 851 3125 920 τάφῳ
3149 852 3286 922 μηδὲ
3313 853 3370 905 ἐν
3392 855 3458 924 τῇ
3483 856 3580 924 γῇ,

1995 941 2084 995 ἵνα
2116 941 2211 1012 μὴ,
2250 941 2463 994 ἐκείνου
2513 942 2766 996 τοσοῦτον
2816 943 3145 1012 ὑψωθέντος,
3195 944 3358 1008 αὑτὸς
3408 945 3579 1018 μένῃς

1994 1032 2087 1084 ἐπὶ
2120 1032 2220 1102 τῆς
2252 1033 2356 1102 γῆς
2387 1033 2705 1104 συρόμενος.
2745 1035 2843 1088 Ἂν
2880 1036 3060 1088 τοίνυν
3098 1035 3242 1090 οὕτω
3273 1039 3581 1107 (ριλοσοψῶε⁵

1998 1142 2117 1195 μεν,
2143 1127 2325 1179 πᾶσαν
2352 1125 2610 1197 τοιαύτην
2637 1125 2828 1196 ὀδύνην
2851 1127 3088 1192 εὐκόλως
3115 1129 3575 1202 διακρουσόμεθα.

2005 1218 2063 1272 '0
2087 1218 2145 1272 δὲ
2173 1218 2306 1282 Θεὸς
2345 1217 2454 1272 τῶν
2491 1220 2796 1292 οἰκτιρμῶν
2839 1220 2934 1274 καὶ
2972 1220 3162 1292 Πατὴρ
3192 1222 3372 1292 πάσης
3399 1240 3580 1293 παρα-

1993 1310 2258 1382 κλήσεως,
2309 1311 2680 1381 παρακαλέσει
2721 1312 2821 1376 τὰς
2857 1312 3087 1382 καρδίας
3133 1314 3352 1367 πάντων
3397 1316 3575 1386 ἡμῶν,

1993 1403 2088 1455 καὶ
2128 1403 2240 1456 τῶν
2286 1402 2355 1455 τὰ
2397 1401 2624 1456 τοιαῦτα
2657 1403 3010 1473 ὀδυνωμένων
3038 1417 3088 1468 ιι,
3134 1405 3229 1457 καὶ
3276 1405 3382 1458 τῶν
3413 1407 3578 1478 ἑτέρᾳ

1991 1493 2138 1566 λύπῃ
2169 1494 2575 1564 κατεχομένων.
2612 1496 2706 1548 καὶ
2756 1493 2993 1564 ἀθυμίας
3045 1495 3426 1565 ἀπαλλαγῆναι
3464 1497 3575 1567 δῴη

1995 1587 2200 1658 πάσης,
2237 1588 2332 1640 καὶ
2366 1587 2745 1658 πνευματικὴν
2780 1585 3180 1658 καρπώσασθαι
3235 1588 3437 1658 χαρὰν,
3479 1587 3578 1642 καί

1994 1679 2104 1734 τῶν
2183 1679 2486 1752 μελλόντων
2554 1679 2780 1748 ἀγαθῶν
2846 1681 3164 1749 ἐπιτυχεῖνο
3226 1672 3302 1732 ὧν
3367 1680 3578 1748 γένοιτο

1994 1769 2206 1833 πάντας
2257 1771 2405 1841 ἡμᾶς
2459 1772 2757 1840 ἐπιτυχεῖν,
2813 1770 2998 1840 χάριτι
3046 1769 3141 1822 καὶ
3195 1769 3578 1842 φιλανθρωπία

1991 1859 2088 1914 τοῦ
2147 1860 2355 1931 Κυρίου
2422 1861 2583 1931 ἡμῶν
2648 1861 2827 1933 Ἰησοῦ
2887 1862 3151 1933 Χριστοῦ,
3209 1863 3331 1933 μεθ’
3387 1858 3447 1918 οὗ
3501 1865 3579 1934 τῷ

1991 1954 2166 2024 Πατρὶ
2221 1955 2337 2024 ἅμα
2487 1954 2626 2023 ἁγίῳ
2658 1954 2936 2024 Πνεύματι
2975 1955 3124 2022 δόξα,
3157 1955 3379 2026 κράτος,
3417 1956 3572 2027 τιμὴ,

1988 2045 2085 2098 νῦν
2135 2047 2230 2098 καὶ
2285 2045 2395 2112 ἀεὶ,
2447 2048 2543 2099 καὶ
2591 2047 2672 2110 εἰς
2729 2048 2859 2110 τοὺς
2915 2047 3120 2111 αἰῶνας
3179 2046 3289 2102 τῶν
3341 2046 3570 2102 αἰώνων.

2005 2137 2198 2206 Ἀμὴν.

2057 2330 2080 2354 ³
2112 2327 2197 2377 Ms.
2209 2365 2221 2388 ,
2256 2329 2584 2392 ὀδυρωμένων.

2337 2521 2634 2530 Μ

1811 2695 2052 2750 ΟΜΙΛΙΛ
2115 2695 2186 2750 B'.

293 2869 437 2924 Εἴτε
463 2866 532 2920 δὲ
554 2868 891 2934 θλιϐόμεθα,
914 2866 1068 2936 ὑπὲρ
1099 2865 1212 2935 τῆς
1249 2864 1417 2936 ὑμῶν
1437 2863 1882 2936 παρακλήσεως

370 2939 468 2993 καὶ
507 2931 826 3004 σωτηρίας,
865 2936 978 3005 τῆς
1008 2931 1446 3005 ἐνεργουμένης
1492 2931 1560 2988 ἐν
1603 2931 1885 3005 ὑπομονῇ

368 3007 488 3061 τῶν
521 3001 716 3060 αὐτῶν
761 3001 1268 3075 παθημάτων,’ὦν
1303 3001 1405 3061 καί
1424 3001 1429 3002 ⁷
1454 3005 1624 3074 ἡμεῖς
1654 3001 1885 3073 πάσχο-

366 3095 497 3149 per
527 3078 623 3130 καὶ
659 3078 696 3144 ἢ
727 3076 902 3143 ἐλπὶς
931 3076 1100 3146 ἡμῶν
1117 3076 1336 3140 ,ϐεϐαία
1369 3076 1522 3144 ὑπὲρ
1553 3075 1738 3145 ὑμῶν.

371 3241 441 3288 α’.
469 3231 651 3286 Εἰπὼν
685 3231 814 3302 μίαν
845 3231 940 3285 καὶ
970 3229 1194 3303 πρώτην
1212 3229 1613 3302 παρακλήσεως
1643 3228 1736 3282 καὶ
1766 3244 1884 3281 πα-

291 3324 572 3398 ραμυθίας
601 3323 854 3394 ἀφορμὴν
873 3321 1034 3393 (αὕτη
1064 3321 1121 3374 δὲ
1149 3318 1218 3394 ἦν
1237 3322 1298 3374 τὸ
1328 3320 1406 3392 τῷ
1438 3320 1662 3393 Χριστῷ
1692 3337 1884 3372 κοινω-

291 3415 451 3487 νεῖν),
481 3414 662 3485 τίθησι
704 3413 798 3466 καὶ
824 3413 1082 3484 δευτέραν
1111 3411 1315 3483 ταύτην
1343 3413 1411 3482 ἦν
1432 3429 1616 3482 φησιν.
1640 3412 1794 3464 Ἔστι
1827 3410 1885 3463 δὲ

289 3507 460 3577 αῦτη,
492 3507 554 3560 τὸ
597 3505 775 3560 αὐτῶν
805 3505 914 3560 τῶν
938 3503 1393 3576 μαθητευομένων
1432 3502 1682 3557 ἐντεῦθεν
1717 3520 1886 3555 κατα-

295 3597 666 3660 σκευάζεσθαι
702 3597 801 3667 τὴν
826 3594 1120 3666 σωτηρίαν.
1163 3595 1256 3664 Μὴ
1289 3592 1469 3646 τοίνυν
1514 3592 1880 3660 καταπέσητε,

294 3691 486 3762 φησὶν,
533 3689 720 3758 ἐπειδὴ
754 3685 1070 3757 θλιϐόμεθα,
1111 3685 1244 3757 μηδὲ
1275 3683 1612 3756 θορυϐηθῆτε
1655 3685 1749 3736 καὶ
1777 3683 1885 3736 δεί-

294 3800 449 3854 σητεο
475 3781 570 3836 καὶ
601 3779 710 3851 γὰρ
743 3779 809 3832 δι’
838 3778 971 3831 αὐτὸ
1003 3776 1162 3830 τοῦτο
1202 3777 1401 3847 μᾶλλον
1439 3775 1504 3830 ἂν
1552 3775 1636 3846 εἴη
1680 3774 1884 3827 δίκαιον

293 3875 442 3944 ὑμᾶς
467 3873 707 3942 θαρρεῖν.
735 3870 795 3922 Εἰ
819 3867 927 3940 γὰρ
954 3868 1027 3938 μὴ
1051 3866 1396 3936 ἐθλιϐόμεθα,
1417 3866 1624 3928 πάντας
1651 3864 1716 3917 ἂν
1741 3865 1884 3933 ὑμᾶς

293 3966 470 4021 ταῦτα
495 3963 767 4018 ἀπώλεσε.
795 3961 922 4022 Πῶς
950 3961 1046 4012 καὶ⁵
1067 3961 1190 4012 τίνα
1213 3958 1415 4029 τρόπον
1438 3973 1452 4021 ;
1487 3957 1609 4009 Ὅτι
1636 3957 1683 4007 εἰ
1718 3954 1886 4025 μαλα-

291 4059 580 4119 κισθέντες
632 4055 726 4108 κοιλ⁸
775 4054 844 4106 τὰ
885 4053 1032 4106 δεινὰ
1080 4053 1378 4114 δείσαντες,
1423 4050 1498 4120 μὴ
1531 4047 1883 4119 ἐκηρύξαμεν

295 4153 430 4221 ὑμῖν
461 4151 551 4202 τὸν
582 4147 760 4215 λόγον,
797 4145 939 4197 ὥστε
986 4143 1179 4214 μαθεῖν
1220 4142 1320 4213 τὴν
1353 4140 1530 4211 ἁληθῆ
1561 4138 1783 4208 γνῶσιν,
1826 4141 1882 4191 ὲν

294 4241 549 4311 ἐσχάτοις
588 4235 656 4309 ἦν
704 4239 774 4291 τά
824 4235 1084 4305 ὑμέτερα.
1127 4230 1282 4298 Εἶδες
1329 4232 1492 4286 πάλιν
1535 4229 1747 4284 Παύλου
1781 4229 1882 4300 τὴν

296 4335 421 4406 βίαν
451 4336 544 4387 καὶ
575 4333 674 4403 τὴν
703 4329 1035 4401 φιλονεικίαν
1060 4345 1074 4388 ;
1107 4329 1198 4397 ἀφ’
1227 4319 1302 4380 ὧν
1328 4323 1748 4396 ὲθορυϐοῦντοι,
1777 4319 1884 4375 ἀπὸ

293 4430 502 4482 τούτων
524 4425 722 4487 αὐτοὺς
753 4421 1179 4492 παραμυθεῖται.
1213 4419 1361 4487 Ὄσῳ
1386 4418 1496 4485 γάρ
1521 4415 1586 4468 ἂν
1615 4412 1882 4480 ὲπιτείνη-

296 4538 386 4573 ται
420 4520 488 4572 τά
522 4516 630 4570 τῶν
664 4514 924 4585 διωγμῶν
957 4514 1064 4567 τῶν
1095 4511 1398 4581 ἡμετέρων,
1444 4507 1598 4577 φησὶ,
1644 4503 1884 4570 τοσούτῳ

300 4612 504 4686 μᾶλλον
542 4609 838 4664 ἐπιδιδόναι
879 4607 960 4660 δεῖ
985 4606 1053 4658 τὰ
1085 4603 1185 4673 τῆς
1212 4601 1457 4672 χρηστῆς
1487 4597 1701 4661 ἐλπίδος
1732 4597 1879 4665 ὑμῖν·

297 4699 486 4770 ἐπειδὴ
514 4699 608 4752 καὶ
636 4694 875 4765 τοσούτῳ
909 4693 1108 4766 μᾶλλον
1139 4689 1361 4755 αὒξεται
1390 4687 1460 4741 τά
1483 4688 1583 4757 τῆς
1611 4687 1886 4756 σωτηρίας

295 4793 397 4864 τῆς
419 4791 712 4862 ὑμετέρας,
737 4789 832 4841 καὶ
859 4786 930 4840 τά
957 4789 1055 4857 τῆς
1089 4782 1509 4856 παρακλήσεως.
1536 4780 1600 4834 Τί
1633 4779 1743 4850 γὰρ
1773 4778 1886 4831 ἴσον

299 4884 381 4948 εἰς
413 4882 811 4953 παρακλήσεως
837 4879 994 4947 λόγον
1019 4876 1112 4930 τοῦ
1146 4874 1419 4929 τοσούτων
1448 4874 1724 4944 ἐπιτυχεῖν
1751 4872 1886 4939 ἀγα-

299 4972 410 5026 θῶν
439 4973 526 5027 διά
553 4971 648 5026 τοῦ
681 4970 1067 5042 κηρύγματος;
1103 4965 1233 5020 Εἶτα
1266 4967 1354 5020 ἵνα
1383 4965 1459 5036 μὴ
1489 4964 1615 5035 δόξῃ
1649 4965 1727 5028 εἰς
1760 4965 1885 5016 έαυυ

297 5067 390 5122 τὸν
415 5066 572 5136 μόνον
612 5065 673 5117 τὸ
697 5061 972 5134 ἐγκώμιον
1005 5060 1312 5132 περιιστᾷν,
1345 5059 1447 5128 ὅρα
1474 5057 1592 5118 πῶς
1618 5055 1714 5108 καὶ
1744 5052 1887 5107 ὲκεί-

298 5175 426 5221 νους
481 5158 625 5211 ποιεῖ
675 5153 784 5207 τῶν
837 5153 1074 5206 ἐπαίνων
1127 5150 1333 5202 τούτων
1371 5145 1524 5220 [428]
1573 5142 1885 5206 κοινωνούς.

300 5249 485 5305 Εἰπὼν
531 5251 662 5319 γὰρ,
710 5247 848 5302 Εἴτε
896 5244 968 5298 δὲ
1014 5243 1350 5312 θλιϐόμεθα,
1392 5239 1544 5307 ὑπὲρ
1581 5236 1690 5305 τῆς
1719 5237 1888 5306 ὑμῶν

301 5337 742 5408 παρακλήσεως
775 5336 873 5389 καὶ
904 5333 1222 5400 σωτηρίας,
1255 5329 1532 5401 ἐπήγαγε,
1569 5325 1692 5394 Τῆς
1720 5326 1875 5392 ἐνερ-

302 5431 598 5507 τουμένης
618 5431 687 5483 ἐν
711 5424 988 5496 ὑπομονῇ
1016 5423 1137 5478 τῶν
1159 5421 1356 5477 αὐτῶν
1381 5418 1764 5507 παθημάτων,
1797 5411 1884 5507 ὧν

305 5503 399 5577 καὶ
426 5520 595 5590 ἡμεῖς
630 5515 968 5586 πάσχομεν.
1011 5515 1352 5584 Σαφέστερον
1385 5510 1484 5582 μὲν
1514 5503 1608 5562 οῦν
1637 5505 1771 5560 αὑτὸ
1805 5505 1886 5558 τί·

305 5614 459 5685 θησιν
498 5610 724 5680 ὕστερον
769 5607 944 5675 λέγων
979 5603 1173 5666 οὕτως·
1201 5604 1281 5656 ὅτι
1322 5601 1555 5668 Ὥσπερ
1611 5593 1887 5650 κοινωνοί

368 5799 396 5830 ⁸
421 5795 506 5846 his.
534 5801 587 5846 el
619 5808 772 5855 marg.
791 5791 962 5850 Savil.,
990 5785 1310 5851 ἐθορυϐοῦντο.
1341 5784 1469 5834 Editi
1491 5779 1766 5845 ἐφοϐοῦντο.

1990 2865 2133 2914 ἐστε
2178 2857 2296 2912 τῶν
2330 2856 2714 2925 παθημάτων,
2779 2857 2932 2910 οὕτω
2985 2857 3080 2911 καὶ
3128 2856 3230 2926 τῆς
3269 2864 3581 2930 παρακλή-

1987 2968 2162 3016 σεως·
2194 2950 2428 3005 ἐνταῦθα
2447 2951 2504 3004 δὲ
2531 2951 2670 3013 τέως
2699 2950 2830 3004 αὐτὸ
2853 2950 3072 3022 ᾐνίξατο
3101 2951 3296 3016 εἰπὼν,
3331 2951 3454 3006 Τῶν
3473 2957 3580 3008 αὐ·-

1986 3042 2108 3096 τῶν
2126 3039 2510 3110 παθημάτων,
2548 3041 2644 3093 καὶ
2676 3039 2944 3104 κοινώσας
2971 3040 3063 3093 τὸν
3093 3040 3272 3109 λόγον.
3304 3044 3368 3094 Ὃ
3401 3043 3458 3096 δὲ
3494 3045 3580 3097 λέ-

1988 3152 2096 3203 γει,
2130 3135 2288 3188 τοῦτό
2313 3136 2483 3187 ἐστιν·
2541 3133 2652 3203 Οὐχ
2677 3133 2836 3204 ἡμῶν
2872 3134 3031 3204 ἔργον
3062 3135 3096 3206 ἡ
3127 3134 3371 3206 ὑμετέρα
3400 3154 3578 3209 σωτη-

1990 3229 2084 3300 ρία
2109 3229 2289 3301 μόνον.
2315 3227 2450 3282 ἀλλὰ
2481 3226 2576 3282 καὶ
2608 3227 2762 3297 ὑμῶν
2791 3227 2991 3281 αὑτῶν.
3017 3229 3127 3280 Καὶ
3156 3227 3265 3299 γὰρ
3290 3229 3384 3282 καὶ
3417 3230 3580 3300 ἡμεῖς

1987 3321 2352 3392 κηρύττοντες
2387 3319 2704 3388 θλιϐόμεθα,
2748 3317 2843 3371 καὶ
2875 3318 3035 3387 ὑμεῖς
3063 3317 3340 3389 δεχόμενοι
3371 3319 3463 3372 τὸν
3490 3320 3580 3373 λό-

1987 3432 2104 3484 γον,
2148 3416 2218 3469 τά
2267 3413 2405 3468 αὑτά
2454 3412 2714 3482 πάσχετε⁸
2765 3412 2928 3480 ἡμεῖς
2976 3411 3094 3478 μὲν,
3125 3409 3213 3462 ἵνα
3258 3409 3580 3480 μεταδῶμεν

1988 3509 2133 3578 άπερ
2166 3506 2454 3576 ἐλάϐομεν·
2493 3505 2654 3573 ὑμεῖς
2697 3501 2777 3566 δὲ,
2813 3501 2900 3553 ἵνα
2936 3499 2996 3552 τὺ
3025 3499 3300 3570 διδόμενον
3327 3501 3573 3573 δέξησθε,

1989 3601 2083 3654 καὶ
2113 3599 2188 3670 μὴ
2217 3598 2550 3668 ἀποϐάλητε.
2581 3597 2623 3648 Τ
2631 3596 2646 3648 ί
2679 3596 2857 3649 τοίνυν
2885 3593 3000 3647 ἴσον
3024 3593 3126 3664 τῆς
3153 3595 3580 3666 ταπεινοφροσύ-

1989 3709 2087 3761 νης
2125 3689 2332 3760 ταύτης
2356 3689 2554 3756 γένοιτ’
2587 3687 2674 3752 ἂν,
2703 3686 2832 3739 ὅταν
2855 3686 2949 3738 καὶ
2979 3685 3105 3747 τοὺς
3129 3684 3380 3738 τοσοῦτον
3406 3685 3574 3739 αὑτοῦ

1987 3783 2335 3844 ἀποδέοντας,
2361 3783 2440 3842 εἰς
2465 3779 2526 3833 τὸ
2549 3778 2679 3832 αὐτὸ
2701 3777 2919 3848 ἀξίωμα
2939 3780 3037 3846 τῆς
3062 3777 3340 3847 ὑπομονῆς
3366 3777 3576 3849 ἀνάγῃς

1989 3875 2110 3943 Τῆς
2138 3871 2576 3944 ἐνεργουμένης
2620 3870 2750 3940 γὰρ,
2795 3869 2982 3938 φησὶν,
3017 3869 3087 3920 ἐν
3134 3867 3416 3936 ὑπομονῇ
3462 3869 3576 3922 τῶν

1985 3965 2185 4020 αὐτῶν
2206 3963 2589 4032 παθημάτων.
2613 3962 2687 4013 00
2723 3961 2833 4031 γὰρ
2862 3957 2953 4012 διὰ
2977 3958 3070 4011 τοῦ
3101 3959 3390 4014 πιστεῦσαι
3420 3963 3580 4030 μόνον

1988 4061 2022 4130 ὴ
2075 4057 2320 4128 σωτηρία
2350 4055 2505 4125 ὑμῶν
2535 4055 2766 4122 γίνεται,
2802 4053 2939 4106 ἀλλά
2969 4053 3064 4105 καὶ
3091 4053 3178 4107 διὰ
3211 4051 3306 4106 τοῦ
3346 4054 3578 4126 πάσχειν

1986 4152 2058 4205 τὰ
2091 4149 2232 4204 αὑτά
2261 4151 2394 4220 ἡμῖν
2427 4148 2521 4200 καὶ
2551 4146 2864 4218 ὑπομένειν.

2056 4309 2326 4378 Καθάπερ
2353 4305 2463 4378 γὰρ
2495 4306 2946 4378 παγκρατιαστὴς
2971 4304 3286 4376 θαυμαστὸς
3312 4305 3414 4377 μὲν
3438 4306 3576 4366 ἔστι,

1992 4400 2086 4454 καὶ
2112 4397 2442 4468 φαινόμενος
2476 4397 2570 4450 καὶ
2603 4396 2843 4449 εὑεκτῶν
2876 4397 2969 4450 καὶ
2997 4395 3096 4466 τὴν
3125 4395 3317 4465 τέχνην
3351 4395 3489 4466 ἔχων
3522 4398 3578 4449 ὲν

1985 4490 2194 4560 ἑαυτῷ,
2225 4491 2354 4543 ὅταν
2384 4489 2440 4543 δὲ
2477 4491 2676 4559 ἐνεργῇ
2709 4488 2805 4540 καὶ
2831 4488 2972 4557 φέρῃ
3002 4486 3213 4557 πληγὰς
3245 4488 3341 4539 καὶ
3368 4487 3578 4558 πλήττῃ

1985 4584 2078 4636 τὸν
2102 4581 2417 4646 ἀντίπαλον,
2446 4581 2569 4633 τότε
2609 4579 2844 4650 μάλιστα
2887 4578 3225 4648 ἀπολάμπει,
3261 4579 3447 4648 ἐπειδὴ
3485 4581 3580 4633 καὶ

1985 4675 2107 4726 τότε
2141 4672 2378 4743 μάλιστα
2411 4673 2715 4742 ἐνεργεῖται
2761 4669 2924 4722 αὑτοῦ
3027 4667 3229 4734 εὐεξία,
3262 4668 3356 4721 καὶ
3381 4667 3581 4722 διαδεί-

1990 4786 2180 4822 κνυται
2205 4767 2306 4836 τῆς
2339 4766 2534 4836 τέχνης
2569 4766 2603 4835 ὴ
2635 4764 2853 4833 δοκιμή’
2881 4762 3026 4816 οὕτω
3053 4763 3118 4832 δὴ
3145 4762 3238 4816 καὶ
3264 4763 3298 4833 ὴ
3335 4762 3579 4832 σωτηρία

1988 4859 2142 4930 ὑμῶν
2170 4859 2294 4912 τότε
2329 4858 2635 4928 ἐνεργεῖται
2667 4855 2948 4924 μειζόνως,
2981 4853 3249 4916 τουτέστι,
3281 4853 3576 4917 δείκνυται,

1987 4950 2234 5017 αὒξεται,
2264 4949 2616 5012 ἐπιτείνεται,
2643 4947 2772 5000 ὅταν
2796 4945 3075 5017 ὑπομονὴν
3098 4944 3216 5017 ἔχῃ.
3242 4945 3370 4998 ὅταν
3394 4945 3580 5019 πάσχῃ

1988 5045 2083 5097 καὶ
2104 5042 2366 5112 γενναίως
2394 5039 2610 5094 ἅπαντα
2636 5039 2797 5109 φέρῃ.
2829 5039 2974 5108 ’Δρα
2996 5037 3248 5107 ἐνέργεια
3278 5037 3576 5108 σωτηρίας,

1989 5138 2049 5191 00
2079 5136 2138 5188 1:0
2167 5135 2340 5188 ποιεῖν
2364 5132 2572 5196 κακῶς,
2598 5131 2734 5184 ἀλλὰ
2758 5130 2818 5182 τὸ
2848 5130 3077 5200 πάσχειν
3099 5127 3306 5192 κακῶς.
3341 5129 3452 5184 Καὶ
3480 5129 3583 5182 οὑκ

1990 5228 2132 5292 εἷπε,
2159 5226 2272 5296 Τῆς
2290 5224 2642 5298 ἐνεργούσης,
2660 5221 2816 5286 ἀλλὰ,
2842 5221 2957 5290 Τῆς
2983 5221 3444 5290 ἐνεργουμένης,
3472 5221 3581 5275 δει-

1991 5321 2123 5384 κνὺς
2169 5320 2250 5372 ὅτι
2300 5317 2438 5388 μετὰ
2483 5317 2584 5388 τῆς
2633 5313 2814 5370 αὑτῶν
2857 5313 3166 5385 προθυμίας
3204 5313 3298 5365 καὶ
3341 5315 3374 5383 ἡ
3417 5313 3581 5384 χάρις

1987 5407 2157 5462 πολλά
2186 5409 2468 5478 εἰσέφερεν
2514 5403 2816 5476 ὲνεργοῦσα
2855 5403 2912 5456 ἐν
2955 5401 3158 5465 αὑτοῖς.
3189 5401 3302 5456 Καὶ
3329 5404 3368 5473 ἠ
3400 5402 3580 5466 ἐλπὶς

1988 5498 2157 5569 ἡμῶν
2174 5499 2394 5563 ,ϐεϐαία
2425 5495 2578 5565 ὑπὲρ
2602 5493 2790 5566 ὑμῶν.
2825 5493 3137 5560 Τουτέστιν,
3157 5494 3241 5548 δτι
3263 5493 3382 5548 Κᾶν
3407 5491 3582 5564 μωρία

1990 5591 2239 5660 πάσχητε
2277 5589 2450 5653 δεινὰ,
2493 5587 2808 5659 θαρροῦμεν
2854 5586 2936 5639 ὅτι
2969 5586 3030 5639 00
3073 5584 3576 5657 περιτραπήσεσθε,

1989 5683 2113 5737 οὔτε
2149 5683 2240 5736 ἐπὶ
2263 5684 2374 5746 τοῖς
2409 5681 2697 5752 ὑμετέροις
2726 5681 3007 5750 διωγμοῖς.
3039 5679 3305 5734 Τοσοῦτον
3336 5678 3446 5749 γάρ
3471 5680 3581 5734 άπ-
3652 5749 3657 5757 Ι

1994 5781 2188 5852 έχομεν
2218 5775 2545 5832 ὑποπτεύειν
2577 5775 2741 5846 ὑμᾶς,
2771 5775 2856 5844 ἐφ’
2880 5768 2961 5838 οἷς
2987 5772 3140 5827 αὑτοὶ
3174 5771 3472 5841 πάσχομεν,
3503 5771 3580 5836 ώς
