3998 6414
273 362 374 419 393

267 493 383 545 cla,
414 481 611 537 multas
632 480 888 536 utilitates
913 478 1200 546 afferebat,
1232 476 1359 533 dum
1389 478 1443 534 in
1472 479 1576 535 illis
1599 494 1857 550 operare-

268 585 374 629 tur.
405 572 474 628 Et
490 590 606 643 spes
623 583 797 628 nostra
817 574 966 642 ﬁrma
985 580 1060 625 est
1081 588 1173 640 pro
1200 571 1355 624 vobis.
1379 570 1493 625 Hoc
1515 580 1617 637 est,
1646 571 1854 626 etiamsi

266 667 579 720 innumeras
608 679 786 720 rerum
829 662 1152 719 acerbitates
1181 662 1556 733 perpetiatnini
1576 703 1593 729 ,
1624 661 1853 716 conﬁdi-

264 773 387 813 mus
417 766 595 812 tamen
623 756 769 822 fore,
803 766 861 811 ut
887 771 956 812 ne
982 755 1053 811 ob
1079 766 1287 811 vestras
1314 755 1528 826 quidem
1558 769 1853 825 persequu-

261 852 439 905 tiones
482 850 798 906 concidatis.
846 850 1073 905 Tantum
1115 849 1260 904 enim
1306 848 1493 915 abest,
1544 855 1602 903 ut
1649 848 1852 904 sinistri

259 946 546 1015 quicquam
581 945 648 1001 de
672 944 826 1001 vobis
864 944 935 999 ob
969 958 1032 1000 ea
1068 959 1188 1014 quae
1226 943 1459 1014 patimur
1485 942 1848 1012 suspicemur,

261 1046 318 1091 ut
344 1053 469 1092 cum
500 1038 599 1108 ipsi
632 1037 1045 1108 periclitamini,
1091 1044 1205 1091 tum
1235 1050 1448 1107 quoque
1486 1034 1630 1090 bono
1670 1036 1850 1091 animo

258 1131 447 1184 simus.
481 1129 643 1185 Vides
666 1137 924 1200 quantum
950 1129 1026 1184 illi
1054 1143 1119 1184 ex
1146 1128 1326 1198 priore
1351 1126 1575 1198 epistola
1601 1126 1848 1197 profece-

257 1222 405 1276 rint?
436 1223 646 1277 Etenim
683 1223 853 1278 multo
880 1222 1085 1292 majora
1116 1221 1247 1292 ipsis
1275 1236 1375 1291 pro
1414 1221 1723 1277 testimonio
1753 1221 1849 1277 tri-

254 1312 372 1369 buit
389 1356 406 1381 ,
433 1329 592 1386 quam
618 1315 1027 1382 Macedonibus,
1053 1328 1193 1385 quos
1213 1322 1390 1369 tamen
1426 1315 1623 1384 alioqui
1646 1315 1844 1384 passim

254 1423 352 1477 per
383 1417 549 1463 totam
571 1408 854 1477 epistolam
875 1407 1122 1463 laudibus
1145 1407 1303 1463 tollit.
1332 1406 1465 1461 Nam
1491 1406 1701 1461 illorum
1723 1406 1845 1476 qui-

252 1499 375 1553 dem
404 1514 561 1553 causa
589 1500 642 1553 in
671 1508 817 1554 metu
845 1507 988 1566 erat,
1019 1507 1180 1569 atque
1222 1496 1402 1553 aiebat
1432 1516 1445 1552 :
1481 1496 1719 1552 Misimus
1748 1514 1839 1551 vo-

251 1592 328 1645 bis
358 1589 676 1644 Timotheum
703 1589 773 1643 ad
796 1589 1172 1658 conﬁrmandos
1194 1603 1281 1643 vos
1305 1597 1353 1643 et
1379 1588 1721 1643 exhortandus
1749 1605 1840 1658 pro

248 1683 355 1751 ﬁde
392 1693 582 1747 vestra,
615 1692 669 1737 ut
697 1699 842 1737 nemo
872 1692 1134 1737 moveatur
1170 1683 1225 1735 in
1257 1681 1663 1736 tribulationibus
1691 1682 1839 1746 istis;

246 1776 347 1846 ipsi
372 1778 508 1829 enim
533 1776 674 1830 scitis
697 1776 835 1845 quod
864 1776 918 1829 in
945 1776 1040 1830 hoc
1070 1775 1225 1845 positi
1249 1791 1423 1829 sumus
1457 1774 1534 1845 (1.
1566 1773 1744 1830 Thess.
1782 1776 1834 1830 5.

243 1867 297 1921 2.
325 1868 381 1937 ὅ)
408 1888 420 1919 :
449 1882 514 1921 ac
534 1882 721 1923 rursus
745 1884 758 1921 :
789 1865 1073 1937 Propterea
1102 1875 1150 1921 et
1178 1882 1269 1937 ego
1293 1867 1513 1936 amplius
1547 1882 1649 1921 non
1678 1867 1835 1921 susti-

242 1977 402 2023 nens,
447 1960 562 2013 misi
597 1960 665 2013 ad
702 1960 1105 2031 cognoscendam
1132 1958 1286 2027 ﬁdem
1326 1970 1575 2024 vestram,
1605 1974 1668 2013 ne
1704 1962 1836 2028 forte

239 2053 502 2107 tentaverit
542 2068 627 2107 vos
660 2054 704 2107 is
735 2054 824 2125 qui
862 2063 1054 2119 tentat,
1094 2062 1142 2106 et
1168 2053 1335 2107 inanis
1362 2053 1453 2121 ﬁat
1487 2053 1631 2106 labor
1664 2063 1834 2107 noster

238 2143 405 2213 (Ibid.
435 2160 482 2198 v.
507 2145 587 2215 5).
617 2144 692 2199 De
718 2144 800 2199 his
824 2153 1002 2199 autem
1039 2146 1112 2198 nil
1142 2145 1247 2199 tale
1274 2144 1529 2214 loquitur,
1553 2145 1647 2200 scd
1675 2145 1829 2215 plane

235 2247 424 2289 contra
449 2250 463 2287 :
499 2236 631 2305 Spes
656 2246 830 2291 nostra
857 2237 1006 2305 ﬁrma
1034 2244 1112 2290 est
1139 2252 1232 2304 pro
1264 2236 1422 2290 vobis.
1451 2236 1571 2291 Sive
1595 2237 1831 2291 consola-

234 2345 371 2389 mur,
408 2345 501 2397 pro
542 2339 706 2383 vestra
747 2330 1094 2383 consolatione
1134 2339 1180 2383 et
1222 2329 1420 2394 salute;
1460 2330 1669 2384 scientes
1692 2326 1826 2400 quod

230 2421 363 2472 sicut
393 2420 510 2474 estis
538 2421 666 2474 socii
692 2422 1006 2490 passionum,
1030 2422 1104 2474 ita
1121 2422 1263 2476 eritis
1286 2421 1665 2477 consolationis.
1690 2422 1826 2478 Nam

228 2511 373 2580 quod
406 2527 593 2567 eorum
628 2528 789 2567 causa
823 2513 1049 2582 apostoli
1093 2522 1488 2583 premerentur,
1521 2512 1606 2568 Itis
1647 2514 1824 2569 verbis

229 2602 516 2666 indicavit,
551 2603 671 2658 Sive
713 2605 1038 2670 tribulamnr,
1073 2621 1165 2674 pro
1202 2613 1365 2659 vestra
1392 2605 1736 2660 consolatione
1775 2615 1823 2659 et

226 2695 413 2747 salute.
448 2694 571 2748 Vult
596 2695 722 2749 item
743 2694 1054 2759 ostendere,
1083 2695 1224 2765 quod
1254 2710 1444 2750 eorum
1471 2697 1632 2751 etiam
1658 2711 1819 2752 causa

223 2786 596 2841 consolatione
622 2786 985 2843 afﬁcerentur.
1010 2789 1184 2858 Atque
1206 2788 1307 2843 hoc
1329 2788 1544 2858 quidem
1572 2790 1819 2858 superius

222 2892 441 2947 quoque
470 2876 643 2944 dixit,
687 2878 901 2933 tametsi
946 2878 1223 2934 indeﬁnite
1253 2895 1266 2930 :
1298 2877 1599 2934 Benedictus
1635 2880 1815 2946 enim,

223 2966 420 3035 inquit,
448 2964 590 3021 Deus
617 2969 703 3037 qui
731 2969 1025 3023 consolatur
1046 2984 1137 3023 nos
1157 2970 1207 3022 in
1230 2968 1369 3023 omni
1387 2969 1728 3036 tribulatione,
1761 2981 1817 3025 ut

219 3061 476 3131 possimus
510 3072 557 3115 et
593 3062 694 3133 ipsi
729 3063 986 3117 consolari
1025 3078 1140 3128 eos,
1188 3062 1277 3132 qui
1303 3063 1357 3116 in
1398 3065 1537 3117 onmi
1578 3080 1815 3135 pressura

214 3160 357 3205 sunt.
384 3152 474 3205 Ait
495 3167 680 3206 rursus
704 3153 843 3207 idem
872 3152 974 3208 hoc
993 3168 1206 3223 quoque
1234 3152 1354 3209 loco
1374 3154 1630 3223 apertius,
1654 3164 1814 3225 atque

212 3244 283 3298 ad
311 3259 499 3300 eorum
520 3246 728 3301 animos
749 3246 1017 3303 curandos
1043 3248 1311 3303 eflicacius
1337 3265 1351 3315 ξ
1383 3248 1504 3303 Sive
1523 3248 1665 3303 enim
1691 3264 1813 3302 con-

212 3337 696 3408 solamur.-inquit,
729 3354 822 3409 pro
842 3348 1006 3394 vestra
1033 3339 1398 3393 consolatione.
1426 3339 1664 3407 Quorum
1691 3355 1811 3396 vcr-

212 3428 409 3482 borum
444 3428 529 3483 hic
556 3443 749 3484 sensus
781 3440 865 3485 est
888 3448 902 3486 :
929 3428 1242 3485 Consolatio
1272 3439 1483 3500 nostra,
1513 3431 1810 3487 consolatio

211 3528 394 3575 vestra
420 3520 653 3586 exsistit,
686 3520 898 3576 etiamsi
922 3536 1017 3577 vos
1040 3522 1262 3577 minime
1289 3537 1541 3577 sermone
1564 3522 1811 3578 console-

209 3628 354 3668 mur.
406 3611 537 3667 Nam
579 3613 625 3667 si
661 3613 875 3683 paulum
915 3613 1017 3683 ipsi
1057 3613 1419 3684 reSpiremus,
1466 3614 1519 3668 id
1559 3614 1711 3669 vobis
1740 3613 1805 3669 ad

207 3703 636 3759 consolationem
666 3706 798 3761 satis
825 3713 945 3770 est;
974 3719 1039 3759 ac
1065 3706 1110 3760 si
1141 3719 1240 3760 nos
1268 3705 1461 3760 solatio
1483 3705 1801 3774 afﬁciamur,

209 3794 262 3848 in
296 3795 721 3851 consolationem
748 3805 981 3852 vestram
1012 3796 1114 3851 hoc
1152 3796 1315 3852 cedit.
1343 3795 1802 3862 Quemadmodum

206 3888 358 3943 enim
405 3887 739 3943 calamitates
777 3898 990 3943 nostras
1040 3897 1246 3947 vestras
1293 3902 1414 3943 esse
1457 3887 1693 3942 ducitis:
1725 3888 1803 3943 sic

205 3982 372 4035 etiam
408 3991 646 4036 nostram
674 3981 1095 4037 consolationem
1125 3989 1357 4037 vestram
1393 3995 1516 4037 esse
1544 3981 1798 4037 censetis.

203 4071 393 4143 Neque
434 4072 573 4128 enim
600 4083 781 4141 certe,
810 4089 933 4130 cum
964 4074 1016 4128 in
1047 4073 1287 4130 adversis
1312 4072 1475 4129 rebus
1508 4072 1636 4128 socii
1668 4072 1799 4128 mihi

203 4165 326 4219 silis
346 4205 363 4231 ,
396 4166 448 4219 in
476 4164 611 4221 laetis
639 4165 765 4220 item
795 4180 858 4221 ac
881 4164 1134 4221 secundis
1163 4166 1295 4222 socii
1317 4181 1423 4221 non
1448 4165 1618 4222 eritis.
1652 4165 1800 4233 Quo-

204 4260 349 4311 circa
379 4273 499 4311 cum
527 4258 578 4311 in
600 4256 848 4312 omnibus
879 4257 1040 4312 rebus
1070 4257 1245 4313 socios
1274 4273 1368 4312 vos
1399 4257 1645 4322 habeam,
1669 4265 1723 4312 et
1744 4258 1796 4311 in

204 4350 551 4407 tribulatione
580 4360 634 4406 et
661 4351 711 4406 in
733 4352 1124 4420 consolatione,
1156 4369 1260 4407 non
1291 4362 1375 4408 est
1402 4352 1545 4422 quod
1574 4368 1662 4407 me
1694 4353 1791 4406 Int-

199 4443 356 4512 jusee
390 4444 652 4498 tarditatis
681 4459 744 4498 ac
773 4459 939 4499 morae
970 4444 1187 4500 nomine
1211 4445 1512 4501 accusetis:
1544 4460 1667 4499 nam
1701 4458 1797 4514 pro

202 4533 361 4589 vobis
408 4534 714 4605 afﬂigimur,
760 4543 816 4590 et
854 4545 1071 4607 propter
1096 4552 1194 4591 vos
1232 4536 1599 4592 consolatione
1632 4537 1798 4592 allici-

202 4641 346 4679 mur.
380 4624 456 4680 Ne
485 4627 605 4696 quis
632 4628 772 4680 enim
796 4642 958 4697 grave
982 4642 1047 4682 ac
1076 4628 1362 4682 molestum
1392 4627 1443 4681 id
1465 4641 1585 4682 esse
1605 4626 1793 4683 existi-

200 4726 396 4782 maret,
430 4717 574 4786 quod
603 4717 833 4784 dixerat,
862 4719 1087 4789 Propter
1114 4735 1211 4775 vos
1238 4721 1352 4775 lnec
1381 4720 1632 4791 patimur,
1664 4720 1793 4776 illud

198 4813 366 4865 etiam
405 4810 581 4875 addit,
610 4811 679 4866 Et
711 4821 930 4883 propter
960 4827 1055 4868 vos
1095 4812 1466 4868 consolatione
1492 4813 1789 4879 al'licimur;

197 4917 264 4957 ac
296 4919 363 4959 ne
393 4919 490 4958 nos
509 4904 723 4975 quidem
753 4905 852 4960 soli
894 4905 1281 4976 periclitamur,
1309 4921 1428 4961 cum
1454 4907 1553 4977 ipsi
1581 4921 1793 4977 quoque

198 4994 253 5050 in
284 4995 597 5051 earumdem
627 4995 988 5051 calamitatum
1016 5005 1223 5067 partem
1255 4997 1503 5052 veniatis.

269 5086 308 5141 ἢ
355 5088 539 5159 itaque
558 5097 671 5143 tum
691 5102 757 5144 ex
787 5104 853 5144 eo
878 5088 1018 5159 quod
1043 5089 1406 5158 periculorum
1442 5090 1619 5144 socios
1647 5089 1791 5159 ipsos

197 5180 511 5249 assumpsit,
539 5190 650 5235 tum
674 5196 740 5236 ex
764 5197 830 5236 eo
860 5180 1005 5251 quod
1029 5180 1417 5237 consolationis
1443 5196 1552 5235 sua:
1572 5195 1789 5235 causam

198 5268 332 5340 ipsis
368 5270 659 5338 adscribit,
690 5273 990 5328 orationem
1034 5272 1184 5327 lenit.
1216 5273 1295 5327 Ac
1327 5282 1607 5342 propterea
1632 5314 1645 5337 ,
1678 5274 1789 5328 sive

198 5362 410 5418 insidiis
429 5372 771 5435 appetamur,
803 5364 957 5421 ﬁrmo
978 5367 1163 5421 animo
1188 5374 1395 5432 estote;
1425 5382 1546 5421 nam
1578 5374 1636 5419 ut
1658 5366 1790 5420 ﬁdes

197 5466 376 5511 vestra
405 5457 525 5526 plus
550 5458 760 5513 roboris
782 5458 1034 5530 colligat,
1068 5459 1173 5514 hoc
1200 5460 1468 5529 patimur;
1498 5458 1613 5512 sive
1643 5458 1788 5513 sola.

199 5550 331 5603 tium
376 5550 707 5620 accipimus,
763 5548 865 5606 hoc
913 5567 1129 5622 quoque
1183 5554 1399 5608 nomine
1445 5551 1785 5623 gloriamini:

200 5655 322 5694 nam
358 5650 581 5711 propter
608 5657 706 5697 vos
736 5656 802 5697 eo
832 5641 1086 5708 fruimur,
1119 5652 1176 5697 ut
1198 5643 1323 5699 hinc
1346 5643 1508 5699 etiam
1536 5644 1786 5699 consola-

198 5722 361 5787 tionis
408 5732 654 5788 nonnihil
704 5732 772 5789 ad
805 5749 900 5791 vos
931 5734 1149 5799 redeat,
1189 5735 1315 5789 dum
1358 5735 1559 5789 lzrtitim
1590 5745 1787 5792 nostra:

195 5825 484 5898 mrticipes
507 5829 659 5887 estis.
686 5831 857 5899 Atque
885 5840 940 5885 ut
970 5828 1247 5898 intelligas
1274 5830 1413 5902 quod
1441 5830 1504 5885 de
1530 5829 1630 5886 hoc
1659 5845 1787 5886 con-

1373 364 1438 419 IN
1467 360 1679 417 EPIST.
1722 361 1761 415 ll
1832 360 1921 417 ΑῘ)
1958 363 2113 422 (1011.
2151 368 2387 430 1101111..
2425 371 2491 429 11.

3460 390 3564 447 391

1966 481 2250 577 solationis
2278 488 2440 544 modo
2472 505 2611 546 nunc
2642 491 2890 564 loquatur
2910 537 2926 565 ,
2957 513 3117 568 quem
3149 508 3202 573 ip
3231 518 3263 559 e
3293 505 3559 577 percipie-

1963 572 2092 642 bat,
2136 591 2243 632 non
2276 577 2402 635 hinc
2450 590 2654 659 tantum
2700 586 2842 655 quod
2890 572 3264 651 consolatione
3295 572 3375 653 tab
3424 572 3557 669 ipsis

1960 665 2303 738 afﬁceretur,
2338 687 2528 729 verum
2559 676 2719 732 etiam
2763 680 2884 750 quia
2935 698 3032 739 eos
3057 685 3126 741 ab
3167 665 3460 746 allliclione
3489 694 3555 748 li-

1960 756 2118 813 beros
2146 774 2266 816 esse
2290 762 2631 836 intelligeret,
2656 769 2780 825 audi
2802 787 2919 841 quae
2941 773 3195 848 deinceps
3214 794 3547 852 sequuntur.

1959 865 2053 919 per
2082 866 2201 923 quae
2231 853 2332 910 hoc
2366 869 2553 927 aperte
2579 860 2908 933 declaravit,
2938 882 3060 924 cum
3105 870 3273 940 dixit,
3317 874 3550 934 Scientes

1955 941 2093 1009 quod
2118 943 2247 998 sicut
2283 947 2411 1001 socii
2436 951 2555 1005 estis
2597 954 2894 1021 passionum
2914 997 2931 1025 ,
2956 961 3031 1013 ita
3059 961 3200 1019 eritis
3226 973 3274 1018 et
3304 970 3545 1024 consola-

1956 1034 2127 1089 tionis.
2148 1036 2301 1093 Sicut
2319 1040 2485 1109 enim,
2510 1059 2631 1099 cum
2659 1060 2760 1102 nos
2781 1053 3256 1121 persequutionem
3284 1059 3539 1129 patimur,

1953 1140 2049 1181 vos
2079 1129 2304 1197 perinde
2332 1131 2528 1190 doletis
2557 1152 2620 1193 ac
2650 1139 2693 1193 si
2728 1139 2829 1210 ipsi
2858 1156 2979 1198 eam
3004 1144 3295 1204 subirctis:
3327 1151 3406 1207 sic
3430 1168 3541 1211 non

1952 1216 2257 1308 dubitamus
2278 1262 2291 1287 ,
2325 1224 2486 1294 quin,
2529 1242 2651 1284 cum
2698 1231 2949 1289 solatium
2995 1237 3321 1308 accipimus,
3351 1257 3447 1299 vos
3475 1260 3546 1301 eo

1952 1306 2053 1405 frui
2083 1313 2423 1371 existimetis.
2452 1317 2592 1385 Quid
2625 1319 2730 1377 ltoc
2757 1324 2943 1382 animo
2969 1306 3229 1386 humi—lius
3256 1330 3384 1405 ﬁngi
3416 1350 3543 1405 pos-

1950 1399 2057 1455 sit?
2080 1404 2277 1497 quippe
2320 1408 2409 1477 qui
2456 1410 2710 1478 periculis
2740 1421 2890 1471 tanto
2936 1433 3031 1472 eos
3060 1399 3539 1497 intervallo'supe-

1949 1506 2075 1590 rans
2094 1535 2108 1558 ,
2141 1496 2318 1554 socios
2348 1508 2528 1556 tamen
2555 1517 2651 1560 eos
2673 1516 2865 1576 vocat,
2897 1510 2988 1579 qui
3016 1523 3084 1567 tte
3113 1514 3389 1572 minimam
3420 1496 3540 1590 qni-

1946 1582 2069 1638 dem
2086 1601 2270 1642 eorum
2290 1602 2495 1660 partem
2511 1596 2886 1669 sustinebant;
2907 1601 2963 1659 in
2977 1607 3347 1665 consolatione
3358 1582 3536 1670 autem

1946 1676 2249 1735 universam
2280 1682 2409 1751 ipsis
2434 1700 2651 1744 causam
2672 1730 2687 1755 ,
2726 1707 2833 1746 non
2862 1694 2977 1750 suis
3002 1697 3281 1756 laboribus
3322 1704 3532 1763 adseri-

1943 1767 2058 1863 bit.
2078 1771 2279 1829 Deinde
2304 1780 2556 1846 quoniam
2594 1780 2663 1839 de
2687 1783 3070 1845 afﬂictionibus
3108 1798 3406 1863 generatim
3449 1799 3531 1855 lo-

1942 1861 2235 1932 quebatur,
2279 1867 2392 1937 jam
2437 1870 2615 1928 locum
2657 1890 2870 1947 quoque
2918 1861 3133 1949 narrat,
3182 1885 3234 1940 in
3277 1903 3383 1958 quo
3414 1889 3531 1947 haec

1941 1966 2229 2050 perpessus
2270 1958 2361 2014 sit.
2390 1959 2444 2015 8.
2497 1961 2621 2018 Non
2665 1967 2799 2021 enim
2843 1970 3077 2028 volumus
3122 1991 3211 2032 vos
3254 1979 3524 2050 ignorare,

1937 2045 2120 2135 fratres
2143 2086 2157 2110 ,
2197 2047 2262 2101 de
2304 2050 2628 2110 tribulatione
2670 2068 2845 2114 nostra
2871 2078 2985 2132 quae
3031 2065 3172 2135 facta
3199 2045 3443 2129 est'nobis
3474 2045 3527 2131 in

1935 2134 2077 2234 asia.
2110 2136 2263 2234 Haec,
2296 2141 2501 2214 inquit,
2532 2146 2733 2205 ideirco
2762 2134 3121 2224 dicimus,ne
3150 2174 3213 2215 ea
3234 2203 3249 2228 ,
3274 2178 3393 2234 qua:
3427 2182 3525 2221 no-

1936 2225 2017 2281 bis
2062 2228 2406 2301 acciderunt,
2459 2236 2739 2308 ignoretis.
2787 2243 3065 2316 Siquidem
3096 2225 3521 2314 rerum-nostra-

1932 2330 2052 2422 rum
2089 2329 2285 2377 statum
2314 2326 2467 2382 vobis
2516 2332 2854 2400 exploratum
2900 2353 3022 2396 esse
3049 2345 3328 2414 cupimus,
3362 2360 3522 2422 atque

1931 2406 1983 2461 id
2013 2424 2225 2501 summo
2251 2416 2431 2472 studio
2460 2434 2713 2480 curamus
2738 2444 2751 2478 :
2779 2429 2922 2497 quod
2970 2406 3187 2501 quidem
3226 2406 3517 2498 maaimuni

1929 2507 2012 2553 est
2035 2499 2344 2573 dilectionis
2368 2523 2766 2580 argumentum.
2802 2517 2913 2575 lloc
2939 2499 3118 2578 autem
3152 2526 3205 2582 in
3236 2533 3519 2599 superiore

1927 2604 2139 2684 quoque
2165 2596 2393 2665 epistola
2424 2601 2506 2657 his
2532 2606 2709 2662 verbis
2742 2610 2889 2678 prius
2916 2614 3247 2684 signiﬁcarat
3270 2638 3283 2675 :
3307 2596 3517 2681 ‘0stium

1925 2683 2052 2773 mihi
2076 2697 2310 2753 apertum
2330 2701 2402 2745 est
2428 2710 2668 2765 magnum
2691 2710 2737 2754 et
2760 2683 2986 2770 evidens,
3006 2718 3050 2762 et
3071 2711 3350 2769 adversarii
3378 2720 3515 2773 ntul-

1926 2772 1966 2866 ti
1990 2771 2188 2845 Ephesi
2218 2777 2308 2851 (1.
2350 2781 2468 2841 Cor.
2503 2787 2591 2843 16.
2620 2787 2708 2861 9).
2739 2790 2866 2849 Haec
2897 2795 3055 2866 igitur
3098 2800 3150 2855 in
3197 2771 3510 2866 memoriam

1922 2862 2053 2969 ipsis
2084 2868 2331 2969 redigens
2350 2914 2365 2939 ,
2412 2884 2574 2949 atque
2619 2896 2900 2951 exponens
2918 2862 3059 2957 iquac
3089 2892 3366 2964 subierat,
3398 2862 3511 2969 ait,

1921 2954 2057 3058 liolo
2090 2960 2242 3017 vobis
2275 2964 2511 3034 ignotam
2542 2985 2663 3027 esse
2694 2954 3039 3035 afflictionem
3072 2998 3190 3038 eam
3222 2954 3511 3058 quaz'tnilti

1922 3046 1973 3104 in
1999 3052 2124 3153 asia
2146 3057 2386 3153 contigit.
2411 3060 2563 3128 Quod
2588 3066 2750 3122 etiam
2777 3069 2975 3139 ipsum,
2998 3089 3121 3131 cum
3147 3079 3213 3134 ad
3239 3046 3511 3153 lipbesios

1918 3143 2214 3213 scriberet,
2263 3148 2494 3207 dicebat.
2541 3154 2673 3212 Nam
2704 3174 2826 3216 cum
2872 3162 3164 3236 Tyclticum
3192 3172 3259 3229 ad
3284 3143 3382 3232 eos
3412 3180 3512 3234 mi-

1916 3236 2109 3303 sisset,
2139 3238 2277 3297 lianc
2306 3244 2404 3314 ipsi
2443 3246 2792 3317 profectionis
2818 3270 3033 3316 causam
3064 3260 3231 3321 fuisse
3260 3282 3504 3327 commc—

1916 3340 2091 3431 morat
2116 3349 2127 3384 :
2164 3334 2391 3406 ideoque
2418 3340 2668 3399 dicebat:
2705 3344 2773 3402 Ut
2800 3361 2969 3405 autent
3007 3357 3177 3410 sciatis
3203 3369 3251 3413 et
3282 3378 3365 3417 vos
3393 3383 3508 3433 qua:

1914 3435 2051 3527 circa
2077 3439 2155 3478 me
2174 3438 2321 3492 sunt,
2345 3431 2468 3499 quid
2488 3435 2706 3503 faciam,
2733 3441 2903 3494 omnia
2926 3444 3064 3498 vobis
3086 3457 3206 3501 nota
3226 3453 3376 3520 faciet
3404 3431 3508 3527 Ty-

1913 3511 2106 3579 chicus,
2136 3519 2429 3575 carissimus
2455 3527 2618 3593 frater
2640 3538 2688 3581 et
2709 3531 2877 3592 ﬁdelis
2901 3535 3132 3593 minister
3156 3541 3207 3595 in
3243 3511 3471 3602 Domini;
3489 3595 3500 3604 .

1911 3619 2058 3706 quem
2105 3609 2221 3663 misi
2262 3613 2330 3664 ad
2373 3629 2458 3669 vos
2486 3618 2539 3671 in
2590 3620 2685 3675 hoc
2712 3623 2901 3693 ipsum,
2947 3640 3000 3682 ut
3030 3638 3345 3701 cognoscatis
3388 3657 3502 3710 qua:

1911 3710 2060 3799 circa
2072 3716 2163 3799 nos
2205 3714 2343 3769 sunt,
2372 3718 2419 3760 et
2448 3713 2741 3769 consoletur
2768 3718 2925 3773 corda
2972 3733 3135 3778 vestra
3166 3726 3187 3799 (
3209 3726 3400 3799 Ephes.
3442 3734 3499 3791 6.

1908 3785 1998 3888 Et.
2028 3787 2245 3888 22pm
2275 3796 2395 3851 aliis
2444 3815 2658 3872 quoque
2710 3809 2954 3878 epistolis
2996 3814 3099 3871 hoc
3130 3785 3305 3888 ipsum
3351 3785 3499 3883 facii:

1906 3875 2092 3949 Neque
2131 3882 2183 3979 id
2229 3899 2685 3956 supervacaneum
2716 3875 2831 3965 est,
2879 3902 2975 3958 sed
3031 3875 3288 3979 perquam

1907 3974 2311 4076 necessarium:
2364 3982 2558 4049 partim
2613 3986 2683 4042 ob
2728 3974 3335 4061 ingentemicaritatem
3392 4023 3501 4076 qua

1906 4061 2199 4135 discipulos
2226 4074 2654 4143 prosequebatur
2674 4121 2690 4146 ,
2723 4083 2915 4151 partim
2947 4086 3017 4141 ob
3043 4091 3287 4149 assiduas
3325 4061 3499 4153 ten-ta:

1908 4153 2119 4223 tiones,
2150 4158 2202 4253 in
2255 4162 2451 4231 quibus
2504 4181 2792 4240 permagna
2834 4177 3133 4235 conSolatio
3182 4194 3315 4253 erat,
3347 4204 3503 4244 eom-

1906 4254 2114 4341 pertum
2148 4248 2346 4305 habere
2371 4269 2601 4323 quonam
2623 4268 2763 4316 statu
2787 4272 3011 4336 utraque
3040 4284 3104 4324 ex
3134 4248 3401 4341 parte'rcs
3429 4295 3492 4337 se

1906 4334 2166 4395 baberent
2190 4360 2201 4395 :
2237 4358 2342 4412 quo
2367 4346 2640 4416 nimirum,
2674 4352 2717 4407 si
2751 4334 2937 4411 tristes
2953 4368 3007 4414 et
3034 4334 3246 4419 acerba:
3269 4334 3490 4439 essent,

1903 4428 1971 4484 ad
2000 4446 2091 4485 eas
2133 4433 2480 4503 perferendas
2525 4455 2583 4497 se
2625 4458 3032 4519 compararent,
3070 4459 3313 4527 atquein
3344 4428 3497 4518 solli:

1903 4522 2141 4581 citudine
2166 4530 2543 4601 cautioresque
2570 4547 2784 4605 essent;
2825 4542 2908 4597 sin
2939 4554 3120 4601 autem
3143 4522 3287 4608 laetae
3314 4569 3377 4610 ac
3404 4556 3497 4627 ju-

1902 4615 2113 4683 cundm,
2143 4619 2302 4675 simul
2326 4622 2643 4693 gauderent.
2674 4627 2941 4688 Caeterum
2966 4634 3066 4692 hoc
3097 4638 3214 4696 loco
3240 4654 3293 4699 et
3322 4615 3490 4706 terna-

1901 4706 2103 4808 ti-onutn
2137 4709 2495 4770 invectionem
2516 4756 2532 4783 ,
2563 4727 2617 4773 et
2645 4735 2751 4790 quo
2778 4732 2933 4793 pacto
2975 4725 3059 4782 his
3085 4729 3342 4792 liberatus
3382 4741 3489 4808 sit,

1902 4800 2059 4854 simul
2086 4805 2325 4872 exponit.
2358 4806 2611 4875 Quoniam
2640 4829 2799 4883 supra
2838 4818 3044 4873 modum
3072 4826 3270 4893 gravati
3317 4800 3496 4890 sumus

1900 4908 2058 4962 supra
2088 4896 2320 4995 virtutem
2336 4915 2358 4961 ;
2378 4916 2494 4995 ‘non
2535 4917 2692 4960 secus
2721 4906 2973 4966 videlicet
3000 4928 3063 4969 ac
3090 4918 3242 4974 navis
3280 4921 3492 4995 aliqua,

1899 4999 2023 5080 qum
2050 4988 2199 5057 gravi
2248 4990 2479 5059 quodam
2512 5010 2678 5050 onere
2720 4998 3072 5072 demergitur.
3120 5008 3296 5080 Atque
3327 4988 3496 5072 unam

1898 5076 2114 5147 quidem
2146 5090 2199 5135 et
2222 5083 2465 5139 eamdem
2496 5101 2608 5142 rem
2640 5087 2725 5143 bis
2755 5093 2933 5147 verbis
2979 5076 3284 5168 intelligere
3326 5104 3497 5162 vide-'

1902 5180 2019 5238 tur,
2047 5187 2170 5228 cum
2198 5174 2367 5243 dixit,
2403 5175 2583 5249 Supra
2607 5182 2813 5237 modum
2832 5223 2847 5251 ,
2880 5193 2935 5239 et
2954 5225 2970 5252 ,
3003 5186 3180 5258 Supra
3218 5193 3491 5265 virtutem;

1903 5278 2009 5317 non
2043 5274 2219 5321 tamen
2254 5284 2357 5323 una
2381 5279 2465 5325 est
2487 5313 2503 5339 ,
2534 5271 2631 5327 sed
2661 5272 2803 5330 dua).
2834 5275 3046 5333 Etenim
3077 5296 3145 5336 ne
3172 5284 3292 5353 quis
3322 5286 3489 5353 dicat,

1897 5357 2039 5424 Quid
2065 5361 2208 5415 enim
2229 5403 2245 5430 ,
2275 5362 2321 5418 si
2344 5380 2505 5435 supra
2532 5366 2749 5423 modum
2778 5369 2993 5440 quidem
3017 5383 3133 5429 erat
3162 5378 3487 5449 periculum,

1897 5455 2049 5511 vobis
2079 5465 2255 5511 autem
2284 5472 2392 5517 non
2420 5474 2672 5529 magnum
2697 5461 2854 5517 erat?
2881 5463 3085 5523 idcirco
3114 5470 3387 5539 subdidit,
3422 5472 3489 5529 Et

1899 5562 2149 5627 magnum
2173 5558 2292 5605 erat
2312 5559 2367 5605 et
2388 5550 2531 5606 vires
2558 5563 2773 5608 nostras
2797 5556 3111 5625 superabat,
3134 5567 3297 5630 atque
3318 5577 3488 5632 usque

1897 5639 2034 5697 adeo
2078 5642 2397 5711 superabat,
2432 5650 2491 5698 ut
2520 5644 2683 5700 etiam
2731 5645 2914 5703 vivere
2963 5662 3062 5703 nos
3093 5648 3353 5705 taederet:
3388 5652 3487 5709 hoc

1897 5743 1980 5789 est
1999 5774 2013 5799 ,
2042 5735 2239 5790 nullam
2278 5750 2429 5805 spem
2457 5746 2511 5791 et
2540 5738 2993 5807 exspectationem
3040 5739 3361 5796 haberemus
3389 5758 3490 5799 nos

1903 5828 2134 5902 amplius
2163 5829 2419 5886 victuros.
2465 5830 2519 5887 ld
2573 5831 2714 5903 quod
2751 5832 2913 5889 David
2960 5834 3248 5891 inferorum
3280 5846 3483 5911 portas,
