3998 6446
492 389 598 445 595

499 514 565 556 ac
594 511 781 574 partus
813 501 1029 556 dolores
1052 541 1065 558 .
1097 508 1148 552 et
1180 496 1368 551 mortis
1403 495 1652 550 umbram
1684 492 1952 564 appellat,
1985 491 2088 548 hoc

502 594 756 648 nimirum
783 592 871 647 hic
899 607 1112 661 quoque
1139 588 1338 644 Paulus
1369 586 1535 651 dicit,
1568 583 1847 656 Ejusmodi
1873 583 2085 655 pericu-

501 687 606 741 lum
652 686 946 752 subiimus,
989 681 1133 754 quod
1183 680 1407 734 omnino
1452 687 1683 734 mortem
1734 676 1952 732 τίσει-νει
1980 715 1993 729 .
2027 675 2082 732 9.

500 778 608 834 Sed
636 779 737 848 ipsi
762 780 816 831 in
843 775 985 831 nobis
1012 775 1136 846 ipsis
1162 788 1462 845 responsum
1496 771 1671 824 mortis
1702 769 2001 835 habuimus,
2031 776 2087 821 ut

499 887 596 925 non
626 869 786 923 simus
834 866 1045 935 ﬁdentes
1072 866 1124 919 in
1176 863 1318 919 nobis
1338 903 1355 929 ,
1380 862 1469 918 sed
1499 863 1554 916 in
1582 859 1691 915 Deo
1737 860 1822 930 qui
1873 859 2086 913 suscitat

498 971 739 1014 utortuos.
766 958 903 1027 Quid
930 967 1045 1022 est,
1080 957 1398 1027 Responsum
1420 953 1597 1009 mortis
1620 951 1932 1005 habuimus?
1951 949 2086 1006 Sen-

496 1050 754 1114 tentiam,
781 1047 1042 1118 judicium
1062 1088 1079 1113 ,
1111 1045 1588 1116 eaSpeclatiouem.
1619 1042 1803 1097 Talem
1831 1041 1972 1096 enim
1995 1055 2085 1096 res

496 1143 624 1213 ipsa:
667 1156 854 1195 vocem
897 1140 1214 1203 mittebant,
1258 1138 1364 1192 tale
1410 1149 1730 1206 restionsum
1782 1133 1982 1189 dabam
2021 1147 2083 1188 ea

494 1250 610 1303 qua:
641 1240 967 1297 evenerant,
1003 1245 1201 1300 nempe
1224 1229 1366 1300 quod
1397 1228 1702 1284 certissime
1731 1227 1975 1281 morituri
1997 1239 2088 1281 es-

494 1340 695 1381 semus.
729 1325 926 1381 Verum
964 1323 1016 1378 id
1048 1337 1217 1394 usque
1245 1322 1311 1376 ad
1357 1337 1472 1377 rem
1501 1321 1673 1391 ipsam
1701 1319 1923 1374 minime
1954 1332 2083 1388 pro-

494 1419 683 1481 cessit,
742 1417 837 1473 sed
890 1418 1027 1471 intra
1080 1414 1441 1485 suspicionem
1506 1421 1748 1468 nostram
1814 1409 2076 1466 substitit.

492 1512 823 1579 Quamquam
854 1508 995 1563 enim
1028 1522 1207 1561 rerum
1234 1512 1423 1559 natura
1455 1504 1557 1559 hoc
1602 1501 2080 1573 pronuntiaverat,

493 1610 672 1657 tamen
718 1601 812 1655 Dei
859 1601 1091 1669 potentia
1132 1599 1454 1653 sententiam
1505 1597 1557 1650 in
1605 1609 1740 1665 Optts
1782 1593 1934 1650 exire
1974 1608 2080 1647 non

493 1706 651 1764 passa
677 1699 781 1758 est,
811 1690 906 1746 scd
936 1690 990 1745 in
1015 1691 1132 1746 sola
1160 1698 1345 1744 nostra
1369 1689 1694 1759 cogitatione
1720 1695 1882 1758 atque
1908 1687 1959 1741 in
1983 1701 2081 1740 ex-

493 1786 825 1855 spectatione
856 1784 958 1841 hoc
987 1784 1305 1854 contingere
1352 1784 1599 1854 permisit
1634 1800 1648 1836 :
1698 1781 1929 1852 ideoque
1971 1782 2081 1845 ait,

494 1876 561 1932 In
602 1877 747 1933 nobis
778 1877 905 1947 ipsis
946 1892 1245 1947 responsum
1273 1877 1449 1929 mortis
1475 1874 1778 1940 habuimus,
1811 1889 1918 1927 non
1942 1874 1996 1927 in
2025 1887 2086 1927 re

494 1973 630 2040 ipsa.
660 1970 771 2024 Cur
794 1978 973 2023 autem
1001 1979 1206 2022 tantum
1236 1967 1532 2037 periculmn
1562 1966 1717 2020 nobis
1747 1964 1923 2021 creari
1953 1979 2082 2034 per-

493 2061 730 2127 miserit,
760 2068 818 2113 ut
847 2061 969 2114 vita:
995 2074 1118 2129 spes
1148 2058 1324 2113 onmis
1353 2058 1508 2113 nobis
1535 2066 1721 2126 erepta
1750 2057 1934 2112 esset?
1961 2053 2045 2113 Ne
2063 2096 2080 2121 ,

494 2154 699 2223 inquit,
732 2153 948 2222 ﬁdentes
973 2152 1130 2206 simus
1156 2152 1209 2205 in
1237 2152 1379 2205 nobis
1398 2192 1410 2214 ,
1442 2150 1532 2205 sed
1557 2151 1609 2204 in
1640 2149 1770 2204 Deo.

562 2245 617 2299 5.
643 2243 738 2299 His
772 2254 951 2300 autem
977 2244 1157 2299 verbis
1192 2243 1388 2298 Paulus
1412 2285 1428 2310 ,
1458 2258 1565 2298 non
1598 2243 1740 2315 quod
1771 2243 1883 2314 ipse
1914 2243 1987 2298 ita
2008 2242 2087 2298 af-

492 2337 663 2393 fectus
688 2345 865 2400 esset,
900 2336 1041 2392 absit
1063 2336 1165 2391 hoc
1189 2378 1204 2401 ,
1243 2336 1340 2391 sed
1374 2346 1431 2391 ut
1459 2337 1594 2391 alios
1634 2352 1727 2406 per
1750 2351 1836 2401 ea,
1866 2350 1985 2406 qure
2015 2335 2084 2391 de

490 2429 672 2498 seipso
699 2427 934 2495 dicebat,
961 2428 1286 2493 institueret,
1319 2428 1582 2499 simulque
1612 2428 1773 2484 etiam
1805 2428 2083 2484 modestia:

489 2519 671 2575 studio
689 2518 905 2585 ductus,
929 2519 1181 2574 utebatur
1209 2538 1222 2573 :
1249 2520 1683 2591 quandoquidem
1715 2521 1765 2575 in
1795 2535 2082 2591 progressu

489 2628 703 2684 quoque
727 2613 823 2678 ait,
876 2611 1042 2667 Datus
1077 2622 1152 2667 est
1194 2613 1319 2666 mihi
1365 2613 1602 2667 stimulus
1628 2614 1797 2667 carnis
1849 2613 1926 2685 (2.
1959 2612 2078 2669 Cor.

489 2702 580 2760 12.
628 2706 711 2777 7),
758 2704 863 2760 hoc
906 2712 1011 2771 est,
1062 2704 1409 2772 tcutationes,
1437 2712 1497 2760 ut
1530 2719 1600 2760 ne
1628 2705 1882 2761 extollar.
1919 2705 2083 2778 Atqui

489 2795 632 2852 Deus
661 2812 767 2850 non
800 2795 923 2851 ideo
963 2810 1023 2851 se
1053 2794 1366 2866 permisisse
1391 2796 1485 2863 ait,
1515 2795 1610 2852 sed
1632 2796 1854 2853 alteram
1877 2797 1946 2854 ob
1964 2812 2085 2854 cau-

483 2905 626 2944 sam.
672 2888 843 2958 Quam
894 2889 1164 2945 tandem?
1215 2888 1475 2944 Nimirum
1523 2899 1583 2945 ut
1630 2891 1798 2961 ipsius
1841 2892 2082 2964 potentia

488 2982 659 3052 magis
685 2982 924 3037 eluceret
952 3000 966 3035 :
991 2980 1191 3052 Suﬂicit
1218 2982 1362 3037 enim
1386 2981 1492 3046 tibi,
1524 2982 1716 3053 inquit,
1746 2984 1915 3054 gratia
1934 2998 2081 3049 mea;

490 3088 609 3127 nam
638 3072 796 3126 virtus
839 3088 949 3126 mea
992 3071 1045 3125 in
1075 3073 1373 3141 infirmitate
1411 3072 1676 3144 per/icitur
1711 3073 1872 3146 (Ibid.
1906 3089 1955 3128 tt.
1999 3076 2079 3145 7).

489 3163 688 3219 Verum
713 3202 730 3230 ,
760 3171 820 3217 ttt
860 3178 889 3216 a
922 3177 1008 3218 me
1050 3162 1252 3218 dictum
1293 3173 1708 3234 est,'nusqu:tm
1736 3180 1915 3220 mores
1952 3180 2080 3220 suos

485 3256 842 3319 obliviscitur,
875 3257 1110 3328 seipsum
1142 3257 1283 3311 inter
1310 3271 1441 3325 eos,
1479 3259 1571 3328 qtti
1597 3258 1761 3329 longe
1795 3258 2079 3315 inferiores

485 3359 641 3408 erant
677 3364 742 3406 ac
781 3348 947 3404 multa
987 3349 1269 3419 disciplina
1301 3358 1357 3406 et
1388 3349 1727 3405 correctione
1750 3364 1887 3421 opus
1916 3350 2082 3407 habe-

485 3447 635 3511 bant,
687 3457 1002 3499 acccnsens.
1053 3443 1186 3498 Nam
1245 3442 1465 3515 alioqui,
1515 3457 1638 3499 cum
1685 3442 1754 3499 ad
1799 3443 2078 3500 meliorem

486 3546 721 3593 mentem
745 3534 1077 3592 revocandos
1104 3536 1265 3590 etiam
1289 3536 1540 3608 vulgares
1561 3535 1829 3605 homines,
1861 3552 1965 3591 una
1987 3547 2080 3593 aut

483 3633 649 3686 altera
715 3629 940 3686 tentatio
993 3637 1176 3685 coorta
1230 3629 1466 3686 sul‘iiciat
1506 3646 1522 3696 ;
1570 3645 1803 3700 quonam
1862 3630 2076 3687 tandem

483 3723 646 3778 modo
669 3722 735 3789 is,
762 3721 852 3791 qui
878 3735 1041 3791 supra
1082 3722 1340 3777 mortales
1369 3736 1559 3777 omnes
1585 3720 1942 3778 humilitatem
1983 3739 2078 3793 per

483 3829 700 3868 omnem
739 3814 864 3868 vita:
909 3827 1125 3868 cursum
1155 3813 1417 3880 coluerat,
1451 3813 1711 3883 pluraque
1736 3829 1897 3885 quam
1928 3814 2079 3883 quis-

485 3922 644 3977 quam
673 3906 808 3960 alius
836 3919 1119 3976 perpessus
1157 3905 1349 3968 fuerat,
1385 3914 1507 3975 post
1533 3914 1612 3959 tot
1644 3921 1814 3960 annos
1840 3920 1905 3961 ac
1928 3906 2076 3961 ctelis

482 3999 697 4071 dignam
725 3996 1138 4069 philosophiam,
1155 3995 1256 4052 hac
1276 3996 1642 4053 admonitione
1665 4012 1799 4068 opus
1815 3997 2077 4054 haberet?

490 4090 565 4146 Ex
595 4105 702 4162 quo
729 4090 1071 4161 perspicuum
1101 4089 1232 4145 illud
1275 4100 1396 4160 est,
1427 4105 1551 4145 cum
1588 4091 1691 4147 hoc
1730 4090 1849 4149 loco
1879 4077 2073 4163 partim

486 4183 762 4240 modestia:
788 4185 989 4250 studio,
1018 4183 1209 4255 partim
1233 4193 1419 4250 uteos,
1450 4185 1538 4256 qui
1568 4184 1634 4241 de
1655 4185 1849 4256 seipsis
1870 4187 2075 4254 magni—

485 4277 584 4332 tice
610 4275 912 4332 sentiebant
939 4285 1099 4347 atque
1137 4285 1451 4345 arroganter
1479 4291 1538 4330 se
1559 4276 1856 4347 jactabaut,
1887 4277 2071 4346 depri-

484 4377 658 4424 meret
679 4383 743 4423 ac
770 4377 1070 4433 coerceret,
1105 4367 1188 4422 his
1226 4367 1406 4422 verbis
1446 4383 1601 4421 usum
1628 4368 1793 4425 fuisse
1813 4409 1828 4434 ,
1873 4368 1941 4424 Ut
1971 4388 2070 4424 non

480 4463 638 4516 simus
670 4460 881 4529 ﬁdentes
908 4460 962 4514 in
992 4459 1153 4524 nobis,
1184 4459 1274 4515 sed
1298 4460 1353 4514 in
1381 4458 1506 4513 Deo.
1541 4461 1617 4515 Ac
1642 4460 1762 4514 vide
1800 4461 2072 4531 quomodo

485 4555 586 4608 hac
624 4567 837 4622 quoque
865 4552 1074 4608 ratione
1113 4552 1323 4605 animos
1363 4566 1551 4606 eorum
1588 4551 1829 4606 deliniat.
1872 4552 2072 4608 Tenta-

480 4650 658 4702 tiones
685 4648 827 4701 enim
853 4686 868 4711 ,
901 4645 1110 4715 inquit,
1143 4652 1319 4698 vestra
1346 4658 1505 4699 causa
1539 4643 1694 4698 nobis
1723 4644 1906 4700 inferri
1944 4661 2071 4716 per-

480 4739 663 4794 missa:
686 4747 843 4803 sunt;
873 4746 1020 4792 tanto
1047 4738 1098 4790 in
1123 4737 1297 4806 pretio
1322 4752 1418 4791 vos
1449 4738 1589 4792 Deus
1616 4736 1777 4792 habet
1806 4758 1819 4791 ε
1849 4738 1915 4797 Si
1936 4742 2070 4797 enim

477 4830 817 4895 tribulamur,
848 4828 1042 4901 inquit,
1072 4843 1165 4898 pro
1193 4837 1358 4881 vestra
1395 4830 1743 4884 consolatione
1771 4840 1818 4884 et
1855 4831 2023 4887 salute
2048 4849 2069 4888 :

477 4931 536 4976 at
583 4920 866 4976 immodica
923 4919 1286 4974 calamitatum
1343 4921 1654 4990 magnitudo
1696 4932 1926 4994 propter
1967 4939 2068 4981 nos

476 5014 699 5085 contigit
721 5053 737 5081 ,
783 5029 850 5069 ne
898 5012 1179 5085 magniﬁce
1210 5014 1505 5069 sentiamus
1538 5031 1552 5069 :
1584 5014 1722 5069 Nunt
1756 5034 1913 5089 supra
1938 5020 2068 5074 vires

474 5106 735 5179 aggravati
765 5122 958 5173 sumus,
987 5115 1044 5159 ut
1073 5122 1135 5182 ne
1162 5106 1375 5175 ﬁdentes
1404 5107 1562 5161 simus
1588 5108 1642 5161 in
1666 5110 1957 5180 nobisipsis,
1977 5111 2067 5168 sed

471 5200 526 5254 in
556 5197 663 5253 Deo
698 5198 787 5268 qui
813 5200 1023 5252 suscitat
1062 5207 1306 5253 mortuos.
1336 5198 1545 5254 Rursus
1571 5199 1872 5256 doctrinam
1892 5201 1961 5257 de
1982 5218 2067 5259 re-

473 5292 825 5358 surrectione,
856 5290 923 5347 de
948 5306 1053 5361 qua
1081 5300 1159 5346 tot
1187 5291 1242 5345 in
1266 5291 1433 5362 priori
1468 5291 1695 5362 epistola
1732 5295 1893 5349 verba
1922 5294 2065 5351 iece-

473 5394 577 5448 rat,
619 5382 673 5436 in
713 5382 1028 5438 memoriam
1070 5381 1199 5451 ip’sis
1237 5390 1486 5447 revocat,
1530 5390 1693 5454 atque
1722 5398 1753 5438 a
1781 5384 2065 5455 praesenti-

471 5475 574 5530 bus
592 5473 754 5530 rebus
797 5473 847 5529 ei
892 5472 1053 5528 ﬁdem
1079 5472 1310 5529 adstruit
1336 5490 1351 5526 :
1383 5472 1527 5528 unde
1551 5475 1714 5529 etiam
1757 5473 2058 5544 subjunxit,

468 5567 558 5624 10.
592 5565 692 5632 Qui
712 5567 776 5621 de
802 5566 957 5621 tantis
1001 5564 1246 5620 mortibus
1268 5582 1360 5620 nos
1385 5566 1595 5636 eripuit.
1626 5564 1742 5622 Non
1778 5565 1945 5634 dixit,
1975 5565 2059 5622 Ex

467 5670 546 5717 tot
570 5660 825 5731 periculis
856 5677 869 5714 :
900 5673 1009 5731 quo
1034 5659 1194 5715 simul
1218 5667 1273 5715 et
1294 5657 1684 5715 intolerandam
1702 5659 2055 5713 tentationum

466 5752 812 5809 acerbitatem
851 5751 1122 5817 ostendat,
1151 5759 1208 5807 et
1232 5750 1382 5806 illum
1412 5763 1572 5820 quem
1603 5749 1712 5805 dixi
1744 5764 2050 5808 sermonem

466 5841 767 5902 conﬁrmet.
815 5845 1074 5915 Quoniam
1110 5844 1286 5900 futura
1318 5857 1406 5899 res
1437 5853 1551 5898 crat
1581 5842 1907 5901 resurrectio
1926 5884 1942 5913 ,
1972 5844 2052 5901 id-

1207 385 1265 441 S.
1303 382 1584 440 JOANNIS
1620 378 2090 438 CHRYSOSTOMI
2129 379 2444 436 ARCHIEP.
2483 380 3015 444 CONSTANTINOP.

3686 391 3787 449 396

2194 493 2339 549 circo
2364 492 2505 551 hanc
2533 496 2770 566 quotidie
2796 499 2911 556 lteri
2938 501 3192 558 ostendit.
3217 502 3353 559 Nam
3376 518 3500 560 cum
3526 504 3672 562 Deus
3693 508 3790 561 lto.

2195 585 2421 651 minem,
2451 585 2519 643 de
2546 604 2653 658 quo
2680 605 2807 660 spes
2831 593 3014 647 omnis
3034 593 3147 664 jam
3173 594 3382 666 abjeeta
3409 605 3548 664 erat,
3588 599 3790 669 quique

2192 676 2258 731 ad
2287 678 2430 747 ipsas
2452 694 2621 749 usque
2652 684 2839 737 mortis
2883 694 3070 755 portas
3092 697 3429 754 accesserat,
3457 688 3513 743 in
3553 690 3789 747 sublimo

2194 779 2431 834 revocat,
2474 770 2607 825 nihil
2653 772 2799 828 aliud
2840 789 3001 843 quam
3053 778 3466 835 resurrectionis
3511 781 3787 850 specimen

2194 862 2428 931 praebet,
2460 863 2527 919 ab
2556 864 2685 934 ipsis
2716 867 2904 921 mortis
2934 866 3177 925 faucibus
3197 886 3320 926 eum
3360 872 3665 939 retrahens,
3694 874 3788 944 qui

2193 954 2246 1008 in
2294 970 2387 1010 eas
2432 956 2711 1013 inciderat.
2763 958 2883 1026 Quo
2922 962 3084 1016 etiam
3124 961 3203 1031 lit,
3257 972 3317 1019 ut
3363 963 3431 1020 dc
3456 964 3662 1029 multis,
3691 967 3787 1037 qui

2190 1060 2313 1101 cum
2343 1046 2412 1100 ab
2435 1050 2684 1104 omnibus
2706 1050 2972 1121 deplorati
2993 1051 3215 1121 iuerint,
3237 1069 3303 1109 ac
3321 1054 3519 1111 deinde
3537 1071 3608 1111 ex
3633 1057 3786 1128 gravi

2190 1138 2381 1193 morbo
2400 1146 2492 1194 aut
2512 1139 2864 1198 intolerandis
2882 1144 3197 1213 quihusdam
3217 1147 3602 1203 tentationibus
3617 1162 3788 1205 emer-

2191 1230 2383 1297 serint,
2415 1230 2547 1287 illud
2588 1235 2832 1303 usurpari
2875 1235 3048 1291 soleat
3077 1254 3092 1292 :
3124 1237 3454 1294 Morinorum
3504 1256 3784 1297 resurrec-

2190 1322 2389 1376 tionem
2437 1323 2490 1377 in
2522 1322 2625 1378 hoc
2669 1324 2890 1382 homine
2928 1326 3182 1383 vidimus.
3214 1328 3281 1382 In
3322 1347 3471 1399 quem
3516 1349 3785 1403 speramus

2188 1416 2428 1485 quoniam
2456 1425 2507 1472 et
2532 1417 2703 1472 adhuc
2724 1419 2935 1490 eripiet,
2976 1423 3065 1477 ii.
3088 1423 3451 1494 adjuvantibus
3470 1425 3625 1479 etiam
3647 1425 3783 1482 vobis

2187 1506 2241 1560 in
2280 1509 2508 1563 oratione
2554 1526 2648 1579 pro
2677 1510 2820 1566 nobis
2848 1526 2868 1565 :
2895 1520 2951 1565 ut
2978 1528 3043 1567 ea:
3071 1514 3349 1568 multorum
3381 1519 3612 1585 personis
3646 1518 3779 1586 ejus,

2187 1615 2301 1668 quae
2326 1601 2380 1654 in
2410 1600 2555 1655 nobis
2574 1610 2681 1668 est,
2711 1602 3004 1658 donationis
3035 1620 3127 1673 per
3153 1606 3336 1659 multos
3355 1607 3538 1676 gratia:
3556 1618 3780 1678 agantur

2189 1707 2281 1758 pro
2311 1691 2473 1746 nobis.
2518 1690 2781 1760 Quoniam
2812 1690 2868 1749 id
2895 1694 3036 1763 quod
3082 1694 3312 1761 dixerat,
3349 1695 3418 1751 Ut
3443 1713 3507 1751 ne
3527 1698 3689 1752 simus
3718 1699 3781 1767 ﬁ-

2188 1780 2362 1836 dentes
2402 1782 2457 1835 iu
2494 1782 2786 1852 nobisipsis,
2826 1799 3113 1841 commune
3157 1787 3361 1842 crimen
3413 1796 3471 1842 et
3507 1788 3781 1843 accusatio

2187 1888 2308 1929 esse
2338 1874 2641 1944 videbatur,
2669 1893 2793 1948 qua:
2821 1880 3110 1936 nonnullos
3149 1894 3339 1936 eorum
3367 1882 3778 1953 perstringeret,

2187 1966 2395 2037 mitigat
2418 1983 2608 2024 rursus
2632 1969 2684 2023 id
2710 1970 2852 2040 quod
2881 1972 3036 2034 dixit,
3062 1988 3256 2042 preces
3281 1974 3521 2043 ipsorum
3550 1978 3782 2047 ingentis

2190 2058 2424 2125 pnesidii
2453 2059 2573 2114 loco
2604 2060 2919 2130 implorans,
2950 2063 3186 2134 illudque
3215 2063 3378 2120 simul
3406 2066 3674 2132 indicans,
3702 2070 3779 2122 vi-

2189 2158 2297 2204 tam
2336 2160 2576 2206 nostram
2619 2152 2671 2207 in
2703 2162 2958 2223 perpetua
3002 2170 3130 2210 cura
3169 2165 3224 2211 et
3263 2156 3626 2214 sollicitudine
3658 2174 3782 2215 esse

2186 2252 2459 2313 oportere.
2491 2244 2623 2301 Nam
2652 2246 2776 2300 dum
2804 2247 2899 2313 ait,
2935 2246 3217 2319 Speramus
3260 2258 3430 2304 autem
3454 2251 3698 2320 quoniam
3734 2260 3780 2305 et

2189 2338 2359 2393 adhuc
2385 2339 2585 2406 eripiet,
2618 2340 2909 2395 multarum
2940 2341 3291 2396 tentationnm
3317 2357 3506 2413 agmen
3537 2359 3781 2414 praenuno

2187 2430 2304 2496 tiat,
2332 2445 2430 2486 nec
2463 2441 2639 2487 tamen
2666 2446 2891 2502 usquam
2921 2430 3328 2488 derelictionem
3349 2474 3366 2498 ,
3394 2434 3489 2488 sed
3518 2434 3778 2489 auxilium

2185 2538 2248 2577 ac
2274 2523 2567 2593 suppetias.
2599 2523 2802 2579 Deinde
2820 2564 2836 2586 ,
2865 2538 2933 2579 ne
2961 2522 3082 2580 ideo
3107 2524 3305 2580 animis
3328 2535 3778 2595 consternantur,

2184 2614 2326 2686 quod
2344 2614 2566 2669 audiant
2588 2614 2725 2681 fore.
2748 2624 2806 2670 ut
2827 2615 2880 2670 in
2904 2616 3181 2687 perpetuis
3203 2616 3452 2686 periculis
3470 2627 3775 2683 versentur,

2183 2708 2334 2778 prius
2369 2707 2622 2778 quidnam
2648 2707 2886 2778 pericula
2916 2706 3163 2763 utilitatis
3188 2707 3417 2763 ail'erant
3436 2707 3782 2763 demonstra-

2185 2799 2279 2864 vit,
2310 2814 2525 2871 nempe,
2559 2798 2639 2853 Ne
2684 2800 2840 2854 simus
2861 2798 3075 2868 ﬁdentes
3111 2798 3168 2853 in
3203 2797 3493 2867 nobisipsis,
3535 2798 3643 2855 hoc
3671 2812 3775 2867 εει,

2184 2901 2242 2946 ut
2273 2893 2416 2947 Deus
2447 2906 2547 2945 nos
2592 2891 2643 2946 in
2672 2899 2929 2962 perpetua
2955 2889 3259 2946 humilitate
3281 2892 3589 2958 contineat;
3632 2902 3688 2948 et
3720 2902 3781 2948 ut

2183 2983 2330 3037 salus
2384 2997 2571 3039 eorum
2625 2993 2980 3053 pronuretur,
3036 2993 3199 3053 atque
3249 2983 3354 3039 alia
3404 2985 3568 3040 etiam
3622 2987 3773 3056 plura

2181 3077 2478 3142 exsistant,
2537 3074 2683 3132 velut
2744 3073 2960 3131 Christo
3013 3076 3448 3142 communicare;
3500 3076 3776 3135 Abundans

2180 3169 2324 3224 enim
2343 3210 2359 3236 ,
2390 3167 2584 3238 inquit,
2630 3168 2892 3238 passiones
2924 3160 3115 3222 Christi
3142 3169 3196 3222 in
3224 3169 3368 3222 nobis
3390 3184 3411 3234 ,°
3435 3177 3492 3224 et
3517 3185 3618 3239 pro
3644 3171 3776 3227 tide-

2183 3261 2320 3317 libus
2349 3261 2487 3331 pati;
2522 3260 2642 3315 Siue
2666 3260 2811 3316 enim
2850 3260 3178 3328 tribulamur,
3226 3261 3432 3332 inquit,
3466 3278 3559 3332 pro
3603 3274 3773 3318 uestra

2180 3353 2525 3408 consolatione
2547 3368 2608 3407 ae
2631 3350 2795 3408 salute
2810 3369 2832 3419 ;
2849 3363 2959 3409 tum
2978 3354 3140 3410 etiam
3157 3355 3298 3426 quod
3324 3354 3440 3411 hare
3462 3356 3574 3427 ipsa
3601 3358 3776 3428 magis

2179 3445 2419 3510 eluceat;
2467 3444 2546 3499 sic
2589 3443 2734 3500 enim
2784 3443 2880 3511 ait,
2933 3444 3064 3513 Quas
3115 3454 3358 3519 operatur
3402 3447 3459 3500 in
3500 3447 3777 3504 tota-antis

2180 3536 2468 3592 earumdem
2494 3537 2827 3606 passionum;
2854 3536 2983 3592 illttd
3015 3537 3165 3602 item,
3187 3536 3329 3608 quod
3359 3537 3482 3591 hinc
3508 3535 3675 3592 fortes
3702 3553 3774 3593 ac

2180 3630 2470 3684 tolerantes
2506 3627 2844 3695 etilciantur;
2891 3641 2957 3683 ac
3002 3637 3286 3698 praeterea,
3338 3629 3479 3699 quod
3525 3644 3776 3685 resurre—

2178 3720 2411 3775 ctionem
2462 3730 2588 3774 ante
2637 3720 2826 3775 oculos
2868 3734 2997 3775 suos
3024 3719 3369 3791 eﬂ'ulgentetu
3393 3732 3653 3787 cernant;
3687 3721 3778 3777 Ea:

2179 3814 2333 3868 tantis
2360 3812 2528 3877 enim,
2585 3812 2789 3882 inquit,
2836 3812 3084 3867 mortibus
3128 3829 3220 3867 nos
3263 3814 3483 3883 eripuit;
3531 3814 3599 3869 ad
3654 3815 3777 3871 iure

2176 3905 2319 3978 quod
2355 3921 2417 3962 ea
2462 3906 2671 3961 ratione
2721 3905 2935 3961 solliciti
2978 3904 3291 3969 reddantur,
3337 3914 3502 3976 atque
3552 3905 3604 3960 in
3645 3923 3773 3962 eum

2175 4013 2392 4069 semper
2443 3998 2733 4069 respiciant
2766 4014 2781 4052 :
2814 3996 3097 4067 Speramus
3149 3997 3318 4061 enim,
3378 3997 3585 4067 inquit,
3632 4000 3775 4069 quod

2175 4091 2395 4160 eripiet;
2435 4104 2498 4145 ac
2547 4090 2817 4159 denique,
2883 4088 3030 4161 quod
3100 4089 3348 4160 precibus
3410 4088 3557 4144 aftixi
3622 4091 3771 4156 sint;

2176 4181 2548 4254 Adjuvantibus
2573 4180 2742 4246 enim,
2772 4181 2964 4251 inquit,
2987 4181 3125 4236 vobis
3148 4181 3203 4235 in
3231 4182 3461 4236 oratione
3480 4199 3575 4250 pro
3601 4184 3771 4240 nobis.

2174 4274 2528 4343 Posteaquam
2571 4272 2730 4341 igitur
2766 4270 3119 4327 amictionum
3164 4272 3448 4328 utilitatem
3490 4273 3769 4338 ostendit,

2174 4382 2239 4421 ac
2265 4365 2458 4421 deinde
2484 4364 2900 4420 sollicitudinem
2931 4365 3063 4435 ipsis
3089 4364 3299 4435 injecit,
3345 4380 3537 4420 rursus
3573 4381 3769 4420 eorum

2173 4459 2383 4512 animos
2430 4457 2573 4510 acuit
2614 4464 2774 4525 atque
2809 4454 2873 4509 ad
2906 4456 3154 4511 virtutem
3185 4458 3543 4526 promptiores
3573 4458 3766 4526 εΠὶεὶι,

2174 4564 2423 4619 magntnu
2457 4548 2696 4618 ipsorum
2734 4548 2984 4618 precibus
3010 4548 3375 4603 testimonium
3405 4550 3688 4617 tribuens,
3721 4553 3767 4604 si

2171 4642 2386 4713 quidem
2433 4640 2504 4695 ob
2538 4656 2630 4695 eas
2662 4639 2885 4695 Paulum
2917 4640 3047 4712 ipsis
3073 4640 3323 4696 donarint
3349 4658 3363 4697 :
3395 4641 3772 4713 Adjuvantibus

2170 4736 2338 4801 enim,
2369 4734 2560 4804 inquit,
2590 4733 2727 4787 robis
2752 4734 2804 4787 in
2830 4734 3074 4787 oratione.
3107 4732 3244 4802 Quid
3272 4744 3452 4789 autem
3482 4744 3589 4802 est,
3623 4736 3691 4791 Ut
3714 4739 3769 4791 in

2170 4827 2342 4881 multis
2381 4826 2609 4896 personis
2653 4828 2786 4896 ejus,
2811 4841 2925 4894 qua:
2947 4826 3001 4880 in
3044 4827 3187 4881 nobis
3214 4836 3317 4894 est,
3351 4827 3646 4883 donationis
3676 4847 3769 4901 per

2169 4920 2356 4974 multos
2391 4919 2571 4989 gratim
2604 4927 2825 4989 agantur
2865 4935 2958 4987 pro
3004 4919 3193 4973 nobis?
3223 4919 3298 4973 Ex
3344 4921 3609 4975 mortibus
3656 4922 3769 4977 iiiis

2170 5028 2268 5068 nos
2296 5012 2520 5083 eripuit,
2566 5012 2948 5080 adjuvantibus
2987 5013 3149 5067 etiam
3194 5013 3346 5069 vobis
3391 5015 3443 5068 in
3485 5015 3763 5081 oratione,

2169 5105 2344 5174 inquit
2374 5119 2388 5156 :
2423 5103 2526 5158 hoc
2554 5112 2659 5171 est,
2690 5104 2846 5159 vobis
2875 5103 3127 5159 omnibus
3159 5114 3341 5159 nostra
3369 5120 3532 5161 causa
3559 5107 3767 5179 depre-

2167 5200 2437 5255 cantibus.
2468 5197 2794 5253 Beneiicium
2817 5197 2962 5253 enim
2990 5197 3045 5252 in
3073 5212 3172 5252 nos
3199 5199 3457 5254 collatum
3479 5241 3495 5264 ,
3523 5198 3630 5257 hoc
3651 5210 3761 5269 est,

2166 5291 2395 5346 salutem
2440 5300 2701 5356 nostram,
2742 5289 2894 5345 vobis
2934 5291 3185 5346 omnibus
3226 5291 3406 5362 largiri
3450 5293 3668 5351 voluit:
3701 5303 3764 5350 ut

2166 5384 2349 5438 multa:
2398 5396 2645 5453 persona
2695 5381 2898 5452 gratias
2945 5382 3044 5451 ipsi
3086 5389 3268 5451 agant,
3317 5384 3757 5455 quandoquidem

2164 5475 2347 5530 multm
2371 5490 2585 5546 quoque
2605 5476 2833 5545 gratiam
2858 5484 3203 5545 acceperunt.

2232 5568 2285 5623 4.
2316 5568 2441 5622 ila-c
2464 5582 2622 5638 porro
2648 5581 2715 5623 eo
2744 5567 2977 5634 diccbat,
3000 5568 3193 5638 partim
3218 5576 3278 5623 ut
3297 5567 3444 5640 ipsos
3467 5567 3536 5625 ad
3564 5583 3757 5639 preces

2160 5659 2386 5714 aliorum
2414 5674 2627 5729 quoque
2667 5673 2826 5714 causa
2883 5658 3181 5714 fundendas
3219 5660 3500 5725 excitaret,
3552 5661 3753 5732 partim

2160 5752 2287 5806 item
2318 5759 2373 5805 ut
2394 5765 2493 5820 pro
2520 5748 2586 5804 iis
2615 5750 2777 5804 etiam
2823 5751 3255 5818 calamitatibus,
3285 5752 3479 5823 quibus
3508 5752 3598 5807 alii
3626 5751 3751 5804 sili—

2156 5855 2439 5915 cercntur,
2471 5847 2655 5918 gratiis
2686 5845 2799 5903 Deo
2819 5860 3035 5917 semper
3059 5843 3280 5915 agendis
3326 5845 3471 5917 ipsos
3507 5841 3750 5902 assuefa-
