3998 6408
189 330 294 389 δ95

185 462 429 503 κτοντα.
470 443 624 499 Ἀλλ’
646 441 825 514 ⁵αὐτοὶ
863 441 934 496 ἐν
961 439 1194 506 ἑαυτοῖς
1231 439 1299 493 τὸ
1334 439 1636 507 ἀπόκριμα
1666 434 1772 489 τοῦ

187 542 448 597 θανάτου
480 539 851 609 ἐσχήκαμεν,
878 538 979 592 ἵνα
1003 535 1090 606 μὴ
1123 533 1477 598 πεποιθότες
1497 527 1658 604 ὦμεν
1683 527 1775 598 ἐφ’

187 637 450 704 ἑαυτοῖς,
483 637 622 692 ἀλλ’
651 635 750 689 ἐπὶ
782 633 861 698 τῷ
891 630 1013 699 Θεῷ
1063 629 1144 697 τῷ
1187 630 1475 701 ἐγείροντι
1509 626 1652 693 τοὺς
1677 643 1778 680 νε-

189 734 395 802 κρούς.
457 733 525 785 Τί
577 733 716 794 ἐστι,
770 730 837 785 Τὸ
871 729 1172 797 ἀπόκριμα
1204 725 1314 780 τοῦ
1348 722 1608 780 θανάτου
1620 739 1639 788 ;
1669 721 1780 793 Τὴν

195 829 401 900 ψῆφον,
448 828 549 900 τὴν
593 826 798 895 κρίσιν,
838 823 936 896 τὴν
977 822 1326 895 προσδοκίαν.
1366 818 1639 889 Τοιαύτην
1671 817 1781 889 γὰρ

187 924 344 996 ἠφίει
378 923 449 977 τά
477 922 781 994 πράγματα
809 920 1016 989 φωνὴν,
1045 916 1301 981 τοιαύτην
1343 915 1634 985 ἀπόκρισιν
1674 912 1781 966 ἐδί-

193 1018 284 1091 δου
347 1007 427 1072 τά.
470 1017 777 1089 συμϐάντα,
829 1016 914 1070 ὅτι
959 1011 1382 1082 ἀποθανούμεθα
1424 1010 1661 1073 πάντως.
1704 1007 1780 1061 Ού

200 1116 309 1190 μὴν
355 1117 520 1189 μέχρι
561 1116 662 1185 τῆς
691 1114 887 1182 πείρας
918 1111 1081 1183 ἐξέϐη
1112 1111 1293 1174 τοῦτο,
1320 1107 1457 1181 ἀλλὰ
1485 1107 1648 1179 μέχρι
1681 1105 1783 1176 τῆς

190 1213 452 1276 ὑπονοίας
497 1210 627 1282 ἔστη
660 1212 761 1281 τῆς
789 1209 1086 1282 ἡμετέρας.
1124 1206 1190 1261 Ἦ
1223 1206 1325 1277 μὲν
1363 1205 1477 1277 γάρ
1501 1204 1613 1258 τῶν
1640 1220 1784 1274 πρα-

188 1310 422 1381 γμάτων
445 1307 609 1378 φύσις
640 1306 800 1361 τοῦτο
821 1306 1156 1377 ἀπεφήνατο·
1190 1303 1224 1373 ή
1243 1303 1301 1355 δέ
1332 1299 1427 1354 τοῦ
1461 1297 1600 1353 Θεοῦ
1623 1298 1784 1352 δύνα-

193 1423 284 1478 μις
311 1406 417 1459 οὐκ
437 1404 619 1475 ἀφῆκε
641 1401 743 1474 τὴν
772 1400 1048 1468 ἀπόφασιν
1079 1400 1160 1463 εἰς
1181 1396 1343 1469 ἔργον
1372 1395 1637 1463 ἐξελθεῖν,
1667 1394 1784 1447 ἀλλ’

189 1502 246 1555 ἐν
278 1503 350 1572 τῇ
386 1498 597 1570 διανοίᾳ
633 1497 769 1571 μόνῃ
794 1499 859 1566 τῇ
887 1495 1137 1567 ἡμετέρᾳ
1175 1492 1269 1546 καὶ
1303 1494 1361 1545 ἐν
1384 1494 1453 1562 τῇ
1481 1489 1784 1561 προσδοκίᾳ

189 1598 350 1652 τοῦτο
385 1596 663 1666 συμϐῆναι
694 1591 1076 1663 συνεχώρησε·
1127 1588 1206 1642 διό
1254 1585 1406 1660 [451]
1443 1601 1630 1658 φησιν·
1682 1585 1787 1640 Ἐν

188 1692 431 1760 ἑαυτοῖς
450 1693 516 1745 τὸ
543 1691 845 1759 ἀπόκριμα
867 1687 975 1742 τοῦ
1002 1684 1266 1742 θανάτου
1292 1681 1660 1751 ἐσχήκαμεν,
1686 1681 1788 1736 οὒκ

188 1792 248 1845 ἐν
274 1792 346 1861 τῇ
383 1788 571 1859 πείρᾳ.
605 1785 718 1840 Καὶ
741 1783 1118 1849 τίνοςςένεκεν
1147 1779 1501 1852 συνεχώρησε
1530 1778 1787 1834 τοσοῦτον

187 1882 459 1947 κίνδυνον,
493 1879 570 1943 ὼς
596 1877 896 1932 ἀπελπίσαι
942 1875 1093 1946 ἡμᾶς
1136 1872 1232 1927 καὶ
1274 1870 1590 1941 ἀπογνῶναι
1617 1888 1632 1937 ;
1660 1872 1789 1926 Ἵνα

185 1978 268 2048 μὴ
299 1975 654 2042 πεποιθότες
685 1969 846 2044 ὦμεν
880 1972 973 2043 ἐφ’
997 1969 1257 2036 ἑαυτοῖς,
1300 1968 1492 2039 φησὶν,
1516 1968 1657 2022 ἀλλ’
1686 1968 1786 2023 ἐπὶ

186 2074 267 2143 τῷ
294 2072 448 2138 Θεῷ.

255 2291 308 2355 γ’
316 2282 527 2338 ,Ταῦτα
542 2282 599 2336 δὲ
617 2281 801 2350 ἔλεγεν
816 2283 845 2334 ὁ
862 2280 1096 2347 Παῦλος,
1120 2278 1223 2333 οὐκ
1249 2277 1440 2348 ἐπειδὴ
1454 2275 1617 2340 αὐτὸς
1644 2274 1789 2330 οὕτω

184 2381 447 2446 διέκειτο,
471 2379 677 2447 ἄπαγε,
701 2377 840 2432 ἀλλὰ
861 2379 988 2442 τοὺς
1016 2375 1211 2440 ἄλλους
1238 2376 1296 2429 ἐν
1319 2376 1434 2440 τοῖς
1462 2374 1592 2446 περὶ
1617 2371 1788 2428 αὐτοῦ

186 2475 509 2548 λεγομένοις
537 2473 842 2547 ῥυθμίζων,
867 2474 989 2545 ἅμα
1023 2473 1081 2526 δέ
1116 2472 1213 2527 καὶ
1243 2468 1563 2544 μετριάζειν
1590 2471 1791 2522 ἐσπου-

184 2572 391 2639 δακώς·
427 2573 549 2627 ἐπεὶ
589 2572 682 2627 καὶ
703 2569 907 2640 προϊών
941 2585 1126 2640 φησιν·
1167 2568 1381 2637 Ἐδόθη
1406 2584 1510 2638 μοι
1538 2566 1787 2634 σκόλοψ

185 2669 265 2739 τῇ
310 2669 520 2738 σαρκὶ,
550 2670 679 2733 τοὺς
718 2669 1062 2741 πειρασμοὺς
1095 2666 1293 2736 λέγων,
1346 2666 1449 2720 ἵνα
1479 2663 1567 2735 μὴ
1611 2667 1817 2731 ὑπερ-·

185 2770 466 2837 αἰρωμαι.
514 2765 709 2820 Καίτοι
741 2766 771 2818 ὁ
807 2763 942 2827 Θεὸς
989 2763 1052 2815 οὐ
1089 2762 1180 2816 διά
1210 2760 1368 2816 τοῦτό
1401 2777 1569 2832 φησιν
1592 2760 1791 2825 αὐτοὺς

187 2861 704 2933 συγκεχωρηκέναι,
745 2858 887 2914 ἀλλά
930 2857 997 2912 δι’
1032 2858 1231 2930 ἐτέραν
1278 2857 1483 2912 αἰτίαν.
1514 2856 1684 2912 Ποίαν
1725 2854 1793 2928 δὴ

185 2958 434 3030 ταύτηνς
465 2958 585 3012 Ἵνα
613 2957 648 3028 ὴ
685 2955 915 3028 δύναμις
959 2954 1128 3008 αὐτοῦ
1169 2952 1454 3027 διαλάμψῃ
1500 2951 1789 3024 μειζόνως·

200 3055 411 3125 Ἀρκεῖ
428 3055 537 3125 γάρ
565 3068 686 3118 σοι,
713 3051 906 3124 φησὶν,
938 3052 978 3120 ή
1014 3049 1188 3120 χάρις
1224 3063 1367 3121 μου·
1402 3050 1442 3119 ἠ
1472 3048 1582 3120 γὰρ
1611 3048 1794 3103 δύνα⁹

182 3154 293 3225 μιίς
311 3169 436 3221 μου
456 3151 527 3204 ἐν
552 3149 842 3217 ἀσθενείᾳ
862 3146 1220 3202 τελειοῦται.
1260 3144 1428 3210 Ἀλλ’,
1453 3145 1595 3214 ὅπερ
1626 3143 1790 3215 ἔφην,

185 3246 439 3320 οὐδαμοῦ
490 3245 914 3300 ἐπιλανθάνεται
967 3241 1063 3298 τοῦ
1111 3241 1318 3298 οἰκείου
1357 3241 1545 3313 ἤθους,
1582 3241 1640 3295 ἐν
1681 3243 1794 3305 τοῖς

188 3344 408 3416 σφόδρα
442 3340 896 3412 καταδεεστέρως
919 3338 1117 3393 ἐαυτὸν
1140 3338 1413 3409 ἀριθμῶν,
1447 3337 1627 3391 καίτοι
1666 3336 1796 3390 πολ-

186 3442 291 3514 λῆς
330 3440 610 3511 δεομένοις
645 3436 1033 3509 παιδαγωγίας
1065 3436 1159 3490 καὶ
1189 3434 1552 3508 διορθώσεως.
1589 3436 1655 3489 Εἰ
1686 3435 1796 3507 γὰρ

187 3540 289 3592 καὶ
317 3538 448 3601 τοὺς
471 3536 737 3609 τυχόντας
767 3530 850 3600 εἷς
874 3534 971 3588 καὶ
990 3532 1246 3605 δεύτερος
1273 3532 1583 3604 πειρασμὸς
1613 3532 1802 3595 ἱκανὸς

188 3634 445 3691 ἐπελθὼν
483 3632 843 3706 σωφρονίσαι·
881 3630 1001 3695 πῶς
1035 3631 1245 3693 ἐκεῖνος
1271 3630 1300 3682 ὁ
1328 3629 1550 3683 πάντων
1583 3626 1799 3701 ἀνθρώ-

190 3749 316 3786 πων
361 3729 603 3802 μάλιστα
639 3725 1149 3799 ταπεινοφροσύνην
1179 3726 1431 3796 ἀσκήσας
1473 3725 1563 3779 διὰ
1597 3724 1799 3789 παντὸς

189 3827 292 3881 τοῦ
329 3827 473 3898 βίου,
508 3813 881 3880 καὶ³²τοσαῧτα
911 3822 1103 3878 παθὼν
1131 3823 1207 3887 ὡς
1244 3820 1435 3894 μηδεὶς
1470 3819 1797 3893 ἀνθρώπων,

194 3923 344 3992 μετὰ
366 3921 605 3976 τοσαῦτα
627 3922 724 3991 ἐτη
757 3923 853 3974 κα)⁵
875 3919 1199 3991 φιλοσοφίαν
1222 3915 1332 3971 τῶν
1352 3914 1598 3985 οὐρανῶν
1620 3914 1799 3981 ἀξίαν,

193 4019 412 4091 ταύτης
445 4021 616 4073 ἐδεῖτο
658 4019 759 4089 τῆς
798 4016 1128 4082 νουθεσίας;
1167 4013 1332 4068 Ὅθεν
1374 4013 1533 4085 δῆλον
1577 4012 1660 4065 ὅτι
1706 4012 1803 4066 καὶ

200 4118 521 4190 μετριάζων
559 4115 818 4180 ἐνταῦθα,
850 4116 948 4168 καὶ
974 4114 1104 4178 τοὺς
1137 4113 1224 4181 ἐφ’
1249 4112 1464 4174 ἑαυτοῖς
1492 4110 1636 4181 μέγα
1665 4127 1802 4182 φρο-

196 4215 434 4278 νοῦντας
488 4213 582 4268 καὶ
640 4211 1144 4284 άλαζονευομένους
1198 4207 1578 4263 καταστέλλων
1628 4208 1799 4276 λέγει·

201 4314 345 4368 Ἵνα
383 4312 471 4383 μὴ
510 4310 865 4375 πεποιθότες
900 4304 1062 4378 ὦμεν
1104 4307 1198 4377 ἐφ’
1227 4305 1489 4373 ἑαυτοῖς,
1536 4306 1674 4361 ἀλλ’
1703 4304 1803 4360 ἐπί

200 4410 287 4476 τῷ
309 4407 455 4474 Θεῷ.
487 4408 600 4463 Καὶ
620 4408 725 4478 δρα
754 4406 873 4471 πῶς
907 4405 1107 4468 αὐτοὺς
1144 4405 1241 4457 καὶ
1278 4403 1454 4475 ταύτῃ
1487 4403 1801 4474 θεραπεύει.

204 4509 272 4561 υἱ
338 4506 438 4577 μὲν
480 4505 592 4575 γάρ
653 4490 973 4574 πειρασμοὶ,
1031 4500 1191 4571 φησὶ,
1233 4499 1301 4554 δι’
1347 4502 1492 4570 ὑμᾶς
1541 4501 1672 4571 ἡμῖν
1705 4501 1806 4552 ἐπ-

205 4604 499 4677 ενεχθῆναι
524 4600 1007 4672 συνεχωρήθησαν·
1037 4597 1301 4652 τοσούτου
1334 4598 1565 4667 τιμᾶται
1600 4597 1746 4668 ὑμᾶς
1779 4599 1808 4650 ὁ

203 4703 362 4766 Θεὸς·
390 4701 531 4755 Ειτε
567 4699 678 4770 τὰρ
707 4699 1047 4768 θλιϐόμεθα,
1082 4697 1271 4768 φησὶν,
1301 4694 1456 4763 ὑπὲρ
1488 4693 1600 4765 τῆς
1643 4692 1810 4764 ὑμῶν

204 4798 655 4870 παρακλήσεως
708 4796 807 4850 καὶ
858 4794 1179 4862 σωτηρίας·
1240 4794 1275 4863 ἡ
1308 4792 1367 4846 δὲ
1412 4791 1690 4865 ὑπερϐολὴ
1739 4790 1808 4844 δι’

206 4899 383 4970 ἡμᾶς,
419 4896 505 4949 ἵνα
538 4894 615 4968 μὴ
643 4892 787 4965 μέγα
814 4892 1127 4964 φρονῶμεν·
1151 4890 1294 4945 Καθ’
1319 4889 1669 4959 ὑπερϐολὴν
1698 4889 1809 4961 γὰρ

204 4993 590 5063 ἐϐαρήθημεν
626 4990 723 5045 καὶ
755 4989 910 5057 ὑπὲρ
945 4987 1231 5059 δύναμιν,
1260 4988 1361 5041 ἵνα
1403 4986 1492 5057 μὴ
1525 4987 1809 5041 πεποιθό-

208 5109 315 5157 τες
353 5085 513 5159 ὦμεν
549 5088 642 5158 ἐφ’
684 5085 943 5152 ἑαυτοῖς,
963 5086 1103 5140 ἀλλ’
1135 5083 1236 5137 ἐπὶ
1279 5081 1360 5149 τῷ
1387 5081 1510 5148 Θεῷ
1548 5083 1628 5148 τῷ
1654 5083 1809 5153 ἐγεί-

202 5204 382 5260 ροντι
420 5189 564 5253 τοὺς
588 5185 862 5253 νεκρούς.
911 5182 1085 5236 Πάλιν
1126 5180 1221 5235 τοῦ
1280 5181 1410 5252 περὶ
1455 5180 1809 5244 ἀναστάσεως

212 5288 627 5359 ἀναμιμνήσκει
660 5283 846 5353 λόγου,
884 5280 1036 5351 ὑπὲρ·
1075 5272 1137 5333 οὗ
1177 5279 1419 5333 τοσαῦτα
1458 5273 1614 5331 εἶπεν
1652 5280 1711 5331 ἐν
1739 5278 1809 5349 τῇ

213 5385 463 5458 προτέρᾳ
495 5381 806 5451 Ἐπιστολῇ,
832 5379 926 5434 καὶ
945 5379 1053 5433 ἀπὸ
1073 5377 1186 5432 τῶν
1214 5377 1500 5450 παρόντων
1520 5375 1691 5448 αὐτὴν
1715 5374 1805 5445 βε-

283 5633 310 5661 ⁸
334 5630 446 5688 Ms.,
463 5626 814 5686 ἀνεστηκότων.

284 5693 310 5734 ιι
335 5695 389 5765 Ιιι
431 5680 581 5747 édilts
627 5680 811 5740 Graecis
841 5685 964 5736 Novi
1003 5682 1310 5736 Teslamenli
1340 5682 1524 5745 legitur
1552 5681 1606 5731 ἐκ
1625 5680 1814 5729 πολλῶν

225 5770 522 5821 προτωπων.

1229 322 1293 378 IN
1337 320 1560 380 EPIST.
1604 319 1648 374 ll
1686 318 1778 374 AD
1807 317 1970 374 COR.
2006 316 2244 374 HOMIL.
2291 312 2367 368 11.

3346 321 3453 375 596

1885 431 2074 487 ὄαιῶν·
2103 430 2184 487 διδ
2213 434 2308 488 καὶ
2340 433 2639 505 ἐπήγαγεν·
2679 433 2775 498 Ὃς
2800 433 2869 486 ἐκ
2890 432 3257 500 τηλικούτων
3286 435 3465 490 θανά-

1884 545 2002 582 των
2032 528 2326 597 ἐρρύσατο
2351 528 2527 598 ἡμᾶς.
2564 528 2680 582 Ούκ
2705 525 2880 590 εἶπεν,
2921 529 3017 582 Ἐκ
3044 528 3313 583 τοσούτων
3346 546 3467 583 κιν-

1885 622 2079 689 δύνων,
2114 620 2252 694 ὁμοῦ
2296 624 2398 695 μὲν
2447 624 2663 689 δεικνὺς
2688 622 2749 677 τὸ
2794 623 3076 695 ἀφόρητον
3116 625 3223 680 τῶν
3268 643 3468 698 πειρα-

1889 718 2061 790 σμῶν,
2093 720 2229 790 ὁμοῦ
2260 720 2316 774 δὲ
2343 722 2572 786 ἐκεῖνον,
2605 721 2774 792 ὅνπερ
2796 719 2956 791 ἔφην,
2983 719 3351 792 πιστούμενος
3374 720 3468 775 τὸν

1886 814 2065 884 λόγον.
2107 816 2324 889 Ἐπειδὴ
2362 817 2470 889 γὰρ
2507 816 2699 887 μέλλον
2722 817 2957 889 πρᾶγμα
2985 818 3019 886 ἡ
3051 816 3348 882 ἀνάστασις
3374 812 3467 889 ἦν,

1848 945 1856 952 -
1887 912 2164 967 δείκνυσιν
2195 913 2277 966 ὅτι
2311 912 2470 967 τοῦτο
2501 913 2625 967 καθ’
2662 913 2899 986 ἑκάστην
2942 912 3150 982 γίνεται
3191 912 3291 986 τὴν
3328 914 3471 985 ήμέ-

1891 1025 2012 1080 ραν.
2045 1009 2215 1065 Ὅταν
2244 1009 2355 1082 γάρ
2388 1008 2677 1082 ἄνθρωπον
2719 1009 3165 1078 ἀπογνωσθέντα,
3203 1011 3300 1064 καὶ
3331 1011 3469 1082 πρὸς

1889 1107 2059 1171 αὑτάς
2105 1106 2331 1161 ἐλθόντα
2360 1106 2455 1160 τοῦ
2486 1106 2613 1178 ᾅδου
2652 1109 2752 1172 τάς
2787 1104 2965 1172 πύλας
2997 1107 3290 1182 ἀνελκύσῃ,
3318 1108 3472 1163 οὐδὲν

1887 1200 2077 1273 ἕτερον
2103 1202 2136 1273 ἢ
2163 1201 2463 1256 ἀνάστασιν
2495 1202 2885 1267 ἐπιδείκνυται,
2913 1203 3009 1256 ἀπ’
3034 1198 3201 1257 αὐτοῦ
3230 1202 3325 1258 τοῦ
3353 1203 3475 1258 στό-

1893 1316 2060 1369 ματος
2093 1298 2354 1352 ἀνασπῶν
2390 1297 2486 1352 τοῦ
2517 1298 2747 1357 θανάτου
2775 1299 2867 1353 τὸν
2890 1299 3219 1370 ἐμπεσόντα.
3264 1300 3356 1354 Διὸ
3377 1301 3475 1355 καὶ

1888 1396 2005 1457 τοῖς
2028 1392 2241 1459 πολλοῖς
2267 1393 2361 1447 ἐπὶ
2383 1392 2493 1448 τῶν
2514 1394 3001 1462 ἀπογνωσθέντων,
3017 1390 3136 1450 εἶτα
3156 1396 3476 1464 ἀνενεγκόν-

1890 1506 1999 1544 των
2038 1502 2065 1530 α
2096 1490 2156 1555 ἐξ
2185 1491 2501 1562 ἀρρωστίας
2525 1491 2793 1562 χαλεπῆς,
2825 1478 2857 1562 ἢ
2894 1491 2960 1545 ἐκ
2994 1492 3316 1564 πειρασμῶν
3336 1495 3475 1563 ἀφο-

1896 1585 2100 1657 ρήτων,
2128 1585 2251 1650 ἔθος
2281 1590 2443 1640 τοῦτο
2465 1587 2666 1656 λέγειν·
2701 1587 3030 1643 Ἀνὰστασιν
3054 1588 3263 1661 νεκρῶν
3296 1591 3475 1662 ἑωρά-

1894 1698 2071 1752 καμεν
2105 1683 2199 1735 ἐπὶ
2223 1682 2395 1737 τοῦδε.
2435 1683 2800 1754 Ἠλπίκαμεν
2829 1683 2897 1738 δὲ
2925 1684 3018 1739 ὄτι
3051 1685 3148 1738 καί
3179 1685 3268 1739 ἔτι
3289 1688 3478 1753 ῥύσε-

1892 1796 2009 1845 ται,
2040 1782 2631 1851 συνυπουργούντων
2656 1782 2754 1836 καί
2788 1780 2957 1851 ὑμῶν
2979 1781 3054 1852 τῇ
3089 1782 3239 1856 [432]
3272 1782 3480 1851 δεήσει

1893 1875 2045 1944 ὑπὲρ
2070 1874 2261 1945 ήμῶν·
2286 1876 2388 1931 ἵνα
2413 1878 2482 1931 ἐν
2507 1876 2718 1944 πολλῷ
2744 1878 3044 1946 προσώπῳ
3069 1880 3097 1920 b
3122 1881 3191 1933 τὸ
3212 1882 3300 1947 εὶς
3321 1880 3484 1952 ἡμᾶς

1893 1971 2161 2042 χάρισμα
2199 1971 2300 2027 διὰ
2345 1971 2595 2027 πολλῶν
2631 1974 3042 2045 εὐχαριστηθῇ
3085 1976 3240 2046 ὺπέρ
3287 1976 3480 2047 ἡμῶν.

1908 2069 2126 2140 Ἐπειδὴ
2163 2068 2245 2135 τὸ,
2288 2070 2425 2125 Ἵνα
2444 2069 2532 2139 μὴ
2557 2072 2908 2138 πεποιθότες
2926 2067 3086 2141 ὦμεν
3109 2073 3200 2143 ἐφ’
3222 2074 3481 2142 ἑαυτοῖς,

1895 2165 2075 2219 κοινὸν
2110 2166 2284 2219 ἐδόκει
2309 2162 2449 2219 εἶναι
2477 2165 2733 2239 ἔγκλημα
2761 2168 2857 2221 καὶ
2885 2169 3192 2241 κατηγορία
3225 2172 3317 2229 καὶ
3342 2170 3486 2224 ἐκεί-

1896 2278 2002 2314 νων
2030 2261 2205 2324 ἐνίους
2231 2261 2601 2333 αἰνιττομένη,
2632 2261 3037 2334 παραμυθεῖται
3071 2264 3233 2318 πάλιν
3254 2264 3314 2319 τὺ
3334 2267 3485 2338 εἰρη-

1899 2357 2082 2428 μένον,
2116 2357 2218 2422 τὰς
2265 2357 2433 2429 εὐχὰς
2461 2358 2560 2422 τὰς
2588 2359 2814 2412 ἐκείνων
2854 2359 2977 2413 ἀντὶ
3012 2363 3353 2432 προστασίας
3389 2379 3487 2432 με·

1895 2454 2072 2526 γάλης
2105 2454 2287 2509 καλῶν
2315 2455 2411 2510 καὶ
2436 2456 2653 2522 δεικνὺς
2685 2457 2822 2528 ἅμα,
2854 2458 2938 2511 ὅτι
2970 2458 3259 2524 διαπαντὸς
3282 2459 3487 2529 ἐναγώ⁴

1895 2569 2008 2606 νιον
2030 2546 2168 2605 εἶναι
2192 2551 2299 2623 χρὴ
2322 2552 2415 2606 τὸν
2447 2551 2562 2623 βίον
2590 2551 2682 2607 τὸν
2707 2553 3000 2624 ἡμέτερον.
3035 2554 3128 2626 Τῷ
3148 2555 3260 2627 γάρ
3285 2556 3483 2624 είπεῖν,

1908 2647 2272 2718 Ἠλπίκαμεν
2292 2647 2361 2701 δὲ
2387 2647 2478 2702 ὅτι
2499 2642 2602 2702 καὶ
2621 2648 2895 2717 ῥύσεται,
2923 2649 3133 2705 πολλῶν
3160 2668 3488 2725 προαναφω-

1895 2747 1979 2798 νεῐ
2015 2746 2341 2815 πειρασμῶν
2380 2743 2633 2814 νιφάδας,
2662 2744 2725 2799 οὐ
2765 2743 2872 2817 μὴν
2898 2745 3288 2818 ἐγκατάλειψιν
3329 2748 3490 2804 οὐδα-

1901 2840 2026 2914 μοῦ,
2054 2839 2192 2894 ἀλλὰ
2218 2839 2475 2911 βοήθειαν
2503 2838 2668 2896 πάλιν
2707 2841 2802 2894 καὶ
2837 2841 3177 2915 συμμαχίαν.
3210 2839 3367 2911 Εῐτα,
3399 2844 3488 2899 ἵνα

1902 2937 1999 3009 μὴ,
2024 2936 2317 3002 ἀκούοντες
2372 2937 2456 2990 ὅτι
2497 2935 2766 3009 διηνεκῶς
2822 2937 3078 3008 μέλλουσι
3134 2940 3489 3007 κινδυνεύειν,

1899 3034 2309 3100 καταπέσωσιν,
2342 3032 2514 3098 ἔδειξε
2541 3033 2812 3107 πρότερον
2851 3033 2960 3089 τῶν
2992 3035 3255 3092 κινδύνων
3280 3037 3342 3093 τὸ
3363 3039 3492 3109 δφεα

1898 3131 2011 3195 λος,
2043 3126 2156 3185 οἷον
2176 3129 2260 3196 τὸ,
2286 3129 2423 3184 Ἵνα
2440 3128 2528 3200 μὴ
2556 3129 2909 3198 πεποιθότες
2934 3126 3092 3203 ὦμεν
3120 3133 3215 3203 ἐφ’
3233 3134 3488 3202 ἑαυτοῖς·

1902 3227 2201 3294 τουτέστιν,
2232 3224 2351 3280 Ἵνα
2396 3227 2455 3280 ἐν
2490 3224 2733 3298 διηνεκεῖ
2774 3227 3241 3302 ταπεινοφροσύνῃ
3288 3230 3495 3302 κατέχῃ

1901 3326 2071 3396 ἡμᾶς·
2101 3323 2196 3378 καὶ
2220 3323 2309 3378 ἵνα
2332 3324 2365 3395 ἡ
2401 3324 2648 3395 σωτηρία
2669 3322 2851 3378 αὐτῶν
2874 3325 3186 3395 ἐνεργῆται,
3214 3327 3309 3379 καὶ
3332 3327 3499 3396 ἐτερα

1903 3419 2037 3489 γοῦν
2069 3420 2313 3476 πλείονα·
2349 3420 2410 3473 τὸ
2440 3418 2521 3490 τῷ
2558 3418 2783 3492 Χριστῷ
2813 3422 3113 3474 κοινωνεῖν·
3138 3423 3497 3489 Περισσεύει

1904 3517 2035 3589 γὰρ,
2067 3518 2221 3588 φησὶ,
2256 3515 2330 3570 τὰ
2359 3514 2683 3584 παθήματα
2716 3515 2825 3569 τοῦ
2857 3515 3119 3584 Χριστοῦ
3147 3518 3217 3571 ἐν
3245 3519 3411 3588 ἡμῖν·
3436 3518 3500 3571 τὸ

1907 3613 2049 3685 ὑπὲρ
2079 3613 2186 3668 τῶν
2223 3612 2432 3666 πιστῶν
2475 3612 2705 3683 πάσχειν
2728 3627 2745 3643 ·
2776 3612 2918 3666 Εἴτε
2951 3610 3081 3686 γὰρ,
3113 3613 3275 3685 φησὶ,
3301 3615 3498 3669 θλιϐό-

1901 3714 2074 3782 μεθα,
2112 3708 2267 3778 ὑπὲρ
2302 3707 2413 3777 τῆς
2460 3705 2631 3776 ὑμῶν
2678 3707 3121 3776 παρακλήσεως
3173 3708 3271 3763 καὶ
3301 3726 3495 3777 σωτη-

1898 3809 2059 3876 ρίας·
2089 3807 2151 3859 τὸ
2170 3804 2267 3859 καὶ
2292 3803 2462 3875 αὐτὴν
2483 3802 2688 3875 ταύτην
2709 3802 3038 3874 διαλάμπειν
3062 3805 3350 3875 μειζόνως·
3382 3804 3500 3874 Τῆς

1906 3903 2344 3977 ἐνεργουμένης
2371 3902 2502 3973 γὰρ,
2537 3902 2724 3974 φησὶν,
2751 3902 2819 3957 ἐν
2841 3902 3123 3974 ὑπομονῇ
3156 3902 3275 3957 τῶν
3301 3901 3503 3959 αὐτῶν

1909 3999 2293 4071 παθημάτων·
2326 3999 2387 4053 τὸ
2416 3998 2784 4071 καρτερικοὺς
2811 3997 3083 4068 γίνεσθαι·
3122 4000 3217 4054 καὶ
3247 3998 3328 4054 ἔτι
3363 4002 3502 4073 πρὸς

1910 4102 2142 4168 τούτοις,
2181 4101 2243 4156 τὸ
2282 4101 2381 4175 τὴν
2414 4098 2717 4155 ἀνάστασιν
2751 4100 2886 4172 ὁρᾷν
2926 4100 3034 4172 πρὸ
3063 4100 3174 4156 τῶν
3204 4102 3503 4175 ὀφθαλμῶν

1910 4209 2347 4282 διαλάμπουσαν·
2385 4209 2491 4263 Ἐκ
2530 4209 2903 4277 τηλικούτων
2951 4208 3060 4280 γὰρ
3095 4210 3369 4265 θανάτων
3403 4213 3501 4282 ἐρ-

1910 4315 2141 4382 ῥύσατο
2184 4309 2366 4380 ἡμᾶς·
2395 4311 2457 4364 τὸ
2485 4309 2817 4378 ἐναγωνίους
2850 4303 2992 4363 εἶναι
3036 4308 3132 4362 καὶ
3169 4310 3308 4382 πρὸς
3338 4310 3503 4365 αὐτὸν

1911 4415 2174 4488 διηνεκῶς
2195 4415 2346 4486 ὀρᾷν·
2388 4413 2761 4482 Ἠλπίκαμεν
2780 4411 2910 4483 γὰρ,
2931 4412 3117 4484 φησὶν,
3147 4412 3239 4468 ὅτι
3270 4415 3367 4468 καί
3394 4416 3501 4483 ῥύ-

1913 4532 2107 4571 σεται·
2142 4514 2204 4568 τὸ
2235 4513 2424 4584 εὐχαῖς
2454 4510 2864 4583 προσηλῶσθαι·
2906 4514 3505 4584 Συνυπουργούντων

1913 4612 2042 4686 γάρ,
2075 4611 2230 4684 φησὶ,
2259 4609 2360 4664 καὶ
2387 4608 2557 4678 ὑμῶν
2587 4607 2661 4679 τῇ
2692 4606 2899 4677 δεήσει
2919 4608 3074 4677 ὑπὲρ
3096 4607 3283 4680 ἡμῶν.
3313 4609 3505 4683 Δείξας

1914 4709 2094 4762 τοίνυν
2145 4708 2205 4762 τὸ
2263 4706 2455 4777 κέρδος
2506 4703 2627 4759 τῶν
2673 4703 2933 4775 θλίψεων,
2991 4701 3110 4759 εἶτα
3176 4706 3507 4777 ἐναγωνίους

1916 4811 2168 4883 ποιήσας,
2201 4809 2413 4880 ἀλείφει
2465 4806 2631 4862 πάλιν
2678 4808 2860 4861 αὐτῶν
2906 4805 2983 4863 τὰΔ
3028 4810 3378 4885 φρονήματα,
3412 4811 3507 4865 κα)⁸

1916 4911 2365 4986 προθυμοτέρους
2391 4912 2471 4975 εἰς
2497 4909 2698 4983 ἀρετήν
2721 4912 2886 4977 ποιεῖ,
2917 4910 3130 4981 μεγάλα
3153 4911 3336 4965 αὐτῶν
3366 4929 3508 4984 μαρ-

1915 5017 2096 5090 τυρῶν
2120 5018 2238 5081 ταῖς
2269 5017 2479 5086 εὐχαῖς,
2511 5015 2566 5068 εί
2586 5031 2650 5084 γε
2670 5013 2896 5078 ταύταις
2921 5014 3135 5069 Παῦλον
3158 5016 3503 5088 ἐχαρίσαντο·

1917 5120 2512 5190 Συνυπουργούντων
2549 5121 2663 5189 γὰρ
2683 5117 2851 5188 ὐμῶν
2876 5118 3030 5187 ὑπὲρ
3060 5117 3230 5189 ἡμῶν
3263 5119 3347 5190 τῇ
3372 5121 3509 5189 δεή-

1918 5242 2034 5291 σει,
2063 5223 2215 5295 φησί.
2248 5223 2313 5276 Τί
2343 5222 2401 5276 δέ
2429 5223 2598 5290 ἐστιν,
2626 5224 2760 5277 Ἵνα
2780 5222 2851 5276 ἐν
2878 5216 3089 5290 πολλῷ
3112 5222 3411 5290 προσώπῳ
3439 5224 3507 5277 τὸ

1917 5323 2004 5388 είς
2028 5318 2187 5392 ἡμᾶς
2216 5319 2482 5389 χάρισμα
2506 5319 2604 5374 διὰ
2632 5318 2884 5374 πολλῶν
2914 5318 3326 5389 εὐχαριστηθῇ
3354 5317 3510 5389 ὑπὲρ

1919 5415 2129 5488 ἡμῶνζ
2162 5415 2467 5489 Ἐρῤύσατο
2511 5418 2660 5488 ἡμᾶς
2704 5417 2927 5471 ἐκτῶν
2975 5416 3233 5472 θανάτων.
3257 5416 3506 5483 ἐκείνων,

1923 5523 2445 5599 συνυπουργούντων
2473 5522 2568 5577 καὶ⁵
2613 5523 2769 5595 ὑμῶν
2811 5525 2877 5594 τῇ
2915 5523 3120 5594 δεήσει,
3155 5522 3319 5595 φησί·
3352 5537 3511 5578 τουτ-

1923 5629 2090 5695 έστιν,
2119 5628 2443 5700 Εύχομένων
2472 5628 2693 5682 πάντων
2728 5628 2883 5701 ὑμῶν
2910 5629 3049 5701 ὑπὲρ
3084 5627 3260 5700 ήμῶν.
3290 5627 3364 5680 Τδ
3399 5626 3509 5697 γὰρ

1922 5735 2003 5798 εἰς
2033 5733 2180 5804 ἡμᾶς
2209 5732 2476 5804 χάρισμα,
2512 5731 2780 5788 τουτέστι.
2802 5730 2903 5803 τὴν
2935 5730 3208 5807 σωτηρίαν
3236 5729 3333 5801 τὴν
3368 5728 3509 5796 ἡμε-
