3998 6424
658 322 765 380 597

1333 323 1388 376 S.
1423 321 1708 379 JOANNIS
1743 320 2230 384 CHRYSOSTOMI
2267 323 2590 382 ARCHIEP.
2633 323 3184 385 CONSTANTINOP.
3763 347 3844 405 393

655 434 819 505 τέραν
844 426 1107 506 ἐϐουλήθη
1138 435 1304 489 πᾶσιν
1337 435 1465 504 ὑμῖν
1489 436 1842 506 χαρίσασθαι,
1860 439 1949 492 ἴνα
1975 439 2044 492 τὰ
2065 437 2235 491 πολλά
2349 437 2554 508 μένης;
2606 436 2743 491 ἀλλά
2790 437 2890 503 τάς
2945 440 3213 512 μυριάδας
3273 444 3537 513 παράγει;
3591 448 3676 501 Ἐκ
3730 469 3846 523 περι.

656 526 926 592 πρόσωπα
967 523 1118 595 αὐτῷ
1155 525 1548 599 εὐχαριστήσῃ,
1593 527 1783 598 ἐπειδὴ
1821 529 1916 583 καὶ
1961 529 2030 584 τὰ
2063 531 2233 585 πολλά
2342 527 2525 592 ουσίας
2579 529 2675 582 καὶ
2735 529 2893 582 τοῦτο
2943 531 3132 594 τιθείς.
3181 533 3254 586 Τὸ
3293 533 3390 604 μὲν
3425 535 3528 606 γὰρ
3557 532 3619 607 ἦν
3648 539 3842 614 δῆλον,ή

651 617 752 691 τὴν
784 619 950 690 χάριν
972 616 1157 671 ἔλαϐε.

716 794 780 848 δέ.
797 791 984 846 Ταῦτα
995 792 1052 846 δέ
1075 791 1281 862 ἔλεγεν,
1291 792 1428 864 ὁμοῦ
1441 797 1540 865 μὲν
1552 793 1646 846 καὶ
1661 795 1740 857 είς
1753 795 1850 859 τὰς
1871 796 2010 868 ὐπέρ
2027 797 2229 868 ἐτέρων

646 883 812 955 εὐχὰς
837 883 1037 949 αὐτοὺς
1065 884 1371 955 διεγείρων,
1406 885 1544 956 ὁμοῦ
1565 887 1622 940 δὲ
1647 888 1841 954 ἐθίζων
1871 889 1964 943 καὶ
1985 889 2127 961 ὑπὲρ
2153 883 2228 944 ὧν

642 975 709 1029 ἂν
742 974 921 1046 ἕτεροι
955 974 1227 1041 πάθωσιν,
1260 976 1604 1048 εὐχαριστεῖν
1631 979 1720 1032 ἀεὶ
1751 979 1828 1051 τῷ
1851 979 1993 1052 Θεῷ,
2014 981 2225 1046 δεικνὺς

641 1067 724 1120 ὅτι
761 1065 999 1138 μάλιστα
1023 1067 1181 1120 τοῦτο
1211 1067 1459 1140 βούλεται
1488 1071 1584 1124 καὶ
1618 1071 1800 1136 αὐτός.
1835 1074 1898 1126 Ol
1929 1073 2038 1144 γὰρ
2068 1075 2226 1146 μελε-

639 1161 907 1231 τήσαντες
946 1158 1088 1231 ὐπέρ
1123 1160 1327 1231 ἐτέρων
1364 1159 1540 1215 ταῦτα
1581 1164 1776 1229 ποιεῖν,
1811 1163 1993 1236 πολλῷ
2025 1165 2224 1237 μᾶλλον

639 1251 782 1324 ὑπὲρ
814 1250 1024 1307 ἐαυτῶν
1050 1250 1408 1317 ἐπιδείξονται
1441 1252 1616 1308 ταῦτα
1653 1255 1960 1327 ἀμφότερα.
1993 1255 2138 1328 Πρὸς
2166 1256 2222 1310 δὲ

634 1342 871 1408 τούτοις,
906 1343 1004 1398 καὶ
1044 1344 1554 1416 ταπεινοφροσύνην
1589 1347 1791 1412 αὐτοὺς
1835 1346 2097 1413 διδάσκει,
2127 1349 2222 1401 καὶ

635 1436 719 1499 εἰς
746 1434 969 1505 ἀγάπην
997 1434 1120 1504 ἄγει
1144 1435 1507 1508 θερμοτέραν.
1538 1437 1600 1491 Εἰ
1630 1439 1738 1511 γὰρ
1777 1439 1941 1503 αὐτὸς
1971 1440 2000 1492 6
2037 1440 2222 1494 τοσοῦ·

633 1540 727 1579 τον
753 1525 933 1579 αὐτῶν
963 1526 1293 1598 ὑψηλότερος
1317 1526 1416 1594 ῶν,
1444 1529 1510 1581 ἐκ
1536 1527 1644 1582 τῶν
1672 1530 1848 1601 εὐχῶν
1875 1530 2100 1584 ἐκείνων
2132 1547 2220 1584 σε-

636 1615 845 1670 σῶσθαί
880 1633 1034 1688 φησι,
1065 1617 1158 1671 καὶ
1183 1617 1428 1690 χάρισμα
1453 1619 1632 1673 αὐτῶν
1668 1622 1788 1685 ταῖς
1822 1620 2040 1693 δεήσεσι
2074 1622 2218 1674 δεδό-

637 1711 764 1762 σθαι
793 1706 945 1780 [455]
981 1707 1131 1778 αὐτῷ
1157 1709 1308 1780 παρὰ
1337 1709 1429 1764 τοῦ
1461 1709 1619 1777 Θεοῦ,
1649 1712 1902 1784 ἐννόησον
1926 1712 2043 1778 πῶς
2073 1714 2216 1767 ἐκεί-

633 1819 760 1864 νους
807 1800 914 1854 ἔδει
966 1800 1273 1855 διακεῖσθαι
1329 1802 1427 1856 καὶ
1488 1804 1821 1876 μετριάζειν.
1884 1805 1956 1858 Σὺ
2004 1805 2062 1859 δέ
2125 1824 2215 1877 μοι

633 1891 858 1945 κάκεῖνο
916 1891 1129 1955 σκόπει,
1171 1891 1252 1944 ὅτι
1287 1891 1391 1946 κᾶν
1428 1893 1537 1946 ἀπὸ
1579 1894 1878 1966 οἰκτιρμῶν
1915 1897 1945 1949 6
1988 1895 2122 1960 Θεός
2160 1914 2214 1950 τι

632 1984 783 2055 ποιῇ,
826 1983 1039 2054 μεγάλα
1097 1983 1334 2038 ἐνταῦθα
1393 1985 1489 2038 καὶ
1534 1987 1568 2056 ἡ
1631 1987 1765 2060 εὐχὴ
1821 1989 2210 2059 συμϐάλλεται.

643 2073 972 2147 ’Δρχόμενολς
1008 2074 1108 2147 μέν
1136 2075 1268 2147 γάρ,
1299 2077 1414 2140 τοῖς
1439 2076 1745 2149 οίκτιρμοῖς
1777 2080 1943 2133 αὐτοῦ
1978 2081 2075 2153 τὴν
2110 2099 2214 2136 σω-

627 2163 827 2238 τηρίαν
871 2165 1176 2235 ἐλογίσατο·
1219 2165 1285 2219 '0
1324 2165 1472 2234 Θεὸς
1511 2167 1642 2240 γὰρ,
1667 2171 1822 2241 φησὶ,
1846 2170 1966 2224 τῶν
2001 2174 2213 2239 οἰκτιρ-

624 2256 777 2328 μῶν,
812 2257 996 2324 αὐτὸς
1034 2257 1196 2328 ἡμᾶς
1233 2259 1552 2328 ἐρῤὐσατο·
1583 2262 1820 2316 ἐνταῦθα
1865 2264 1920 2316 δὲ
1960 2265 2053 2316 καὶ
2089 2268 2212 2328 ταῖς

628 2352 819 2422 ἐύχαῖς
845 2367 863 2383 ·
895 2352 1019 2406 ἐπεὶ
1055 2352 1309 2406 κάκεῖνον
1358 2353 1452 2407 τὸν
1489 2355 1558 2409 τά
1598 2357 1768 2428 μύρια
1801 2357 2087 2427 ὀφείλοντα
2119 2361 2212 2412 τά-

625 2443 814 2511 λαντα,
848 2445 988 2516 μετά
1023 2445 1086 2499 τὸ
1128 2449 1460 2517 προσπεσεῖν
1492 2447 1718 2519 ἠλέησε,
1757 2450 1938 2503 καίτοι
1968 2467 2033 2520 γε
2062 2453 2210 2523 είρη·

624 2554 737 2602 ται,
786 2538 869 2592 ὅτι
912 2539 1400 2610 Σπλαγχνισθεὶς
1432 2539 1748 2595 ἀπέλυσεν
1769 2543 1984 2595 αὐτόν·
2016 2543 2110 2596 καὶ
2143 2545 2207 2614 τῇ

624 2628 905 2701 Χαναναία
932 2641 959 2672 α
991 2629 1049 2683 δὲ
1079 2630 1218 2702 μετά
1247 2630 1346 2702 τὴν
1377 2631 1576 2703 πολλὴν
1624 2633 1950 2703 προσεδρίαν
1990 2636 2209 2705 ἐκείνην

624 2719 718 2773 καὶ
746 2720 1041 2792 καρτερίαν
1064 2722 1188 2775 τότε
1218 2723 1512 2794 ἐχαρίσατο
1537 2723 1636 2793 τῆς
1664 2723 1936 2796 θυγατρὸς
1978 2724 2076 2797 τὴν
2103 2742 2209 2779 σωο

621 2809 838 2880 τηρίαν,
872 2810 1052 2864 καίτοι
1081 2828 1145 2880 γε
1169 2813 1277 2866 ἀπὸ
1305 2813 1458 2866 ἐλέου
1485 2813 1656 2885 αὐτὴν
1677 2814 1904 2870 ἔσωσεν.
1941 2815 2074 2868 Ἀπὸ
2094 2814 2210 2868 τού-

622 2919 717 2954 του
743 2903 922 2957 τοίνυν
951 2905 1316 2976 μανθάνομεν,
1351 2907 1435 2959 ὅτι
1462 2907 1562 2961 κᾶν
1591 2906 1858 2962 ἐλεεῖσθαι
1896 2908 2206 2980 μέλλωμεν,

621 2994 808 3059 ἀξίους
845 2993 938 3048 τοῦ
979 2995 1131 3048 ἐλέου
1179 2997 1445 3068 πρότερον
1491 3000 1757 3072 παρέχειν
1790 3002 1939 3073 ἡμᾶς
1981 3002 2208 3066 ἑαυτοὺς

623 3087 752 3157 χρή.
787 3086 906 3140 Κᾶν
932 3086 1042 3158 γάρ
1075 3087 1224 3152 ἔλεος
1250 3084 1307 3161 ᾖ,
1335 3092 1462 3154 τοὺς
1489 3090 1674 3157 ἀξίους
1710 3093 1980 3166 ἐπιζητεῖ·
2008 3095 2068 3148 οὐ
2097 3095 2207 3167 γάρ

624 3176 812 3240 ἁπλῶς
839 3177 1049 3231 ἔπεισιν
1079 3177 1277 3244 ἆπασι,
1304 3181 1399 3234 καὶ
1426 3183 1540 3246 τοῖς
1561 3183 1905 3256 ἀναισθήτως
1928 3186 2207 3258 διακειμέο

623 3285 756 3332 νοις·
803 3269 1072 3338 Ἐλεήσω
1130 3270 1258 3343 γὰρ,
1301 3274 1489 3343 φησὶν,
1545 3274 1619 3328 ὃν
1664 3276 1742 3330 ἂν
1779 3276 1950 3343 ἐλεῶ,
1999 3278 2097 3332 καὶ
2131 3280 2208 3333 ol-

622 3365 936 3433 κτειρήσω,
977 3363 1050 3418 ὃν
1086 3364 1164 3419 ἂν
1191 3367 1478 3435 οἰκτείρω.
1511 3368 1654 3438 Ὅρα
1683 3367 1815 3438 γοῦν
1849 3373 1944 3425 καὶ
1970 3372 2206 3424 ἐνταῦθα

620 3456 674 3508 τί
721 3470 874 3527 φησι·
911 3459 1504 3528 Συνυπουργιούντων
1530 3459 1630 3514 καί
1673 3459 1841 3530 ὑμῶν
1869 3459 1944 3531 τῇ
1974 3459 2200 3527 δεήσει.

586 3564 588 3567 '
620 3549 731 3602 Kal
755 3547 876 3602 οὔτε
895 3549 954 3602 τὸ
977 3551 1086 3603 πᾶν
1109 3549 1292 3614 αὐτοῖς
1315 3549 1536 3614 ἔδωκεν,
1561 3552 1648 3605 ῖνα
1679 3552 1753 3624 μὴ
1776 3553 1974 3619 αὐτοὺς
1998 3555 2198 3626 ἐπάρῃ,

620 3637 744 3692 οὔτε
777 3639 954 3710 πάντη
985 3639 1348 3710 ἠλλοτρίωσεν
1382 3641 1581 3706 αὐτοὺς
1615 3643 1708 3696 τοῦ
1749 3644 2200 3716 κατορθώματος,

619 3732 707 3784 ἵνα
732 3731 1012 3803 προτρέψῃ
1039 3731 1134 3784 καὶ
1163 3730 1601 3804 προθυμοτέρους
1629 3735 1930 3808 ἐργάσηται
1958 3738 2051 3790 καὶ
2080 3755 2204 3790 συν-

619 3814 803 3894 αγάγῃ
859 3822 997 3894 πρὸς
1041 3822 1309 3893 ἀλλήλους
1352 3823 1571 3888 αὐτούς.
1604 3825 1694 3878 Διὸ
1740 3826 1836 3880 καὶ
1881 3827 2086 3896 ἔλεγεν,
2117 3831 2200 3884 ὅτι

629 3915 790 3982 Ὑμῖν
808 3913 1134 3984 ἐχαρίσατό
1164 3931 1286 3983 μου
1316 3915 1431 3984 τὴν
1461 3917 1782 3984 σωτηρίαν.
1816 3919 1928 3972 Kal
1960 3919 2070 3990 γάρ
2105 3923 2199 3976 καὶ

617 4005 821 4075 πλῆθος
852 4005 1181 4060 δυσωπεῖται
1222 4006 1485 4072 πολλάκις
1537 4010 1567 4061 ό
1619 4009 1753 4072 Θεὸς
1803 4011 2063 4080 όμονοοῦν
2103 4013 2198 4067 καὶ

617 4094 944 4166 συμφωνοῦν
993 4097 1074 4160 είς
1105 4097 1297 4169 εὐχήν·
1337 4098 1416 4152 διὸ
1457 4100 1552 4153 καὶ
1601 4100 1739 4171 πρὸς
1768 4101 1861 4155 τὸν
1904 4105 2196 4178 προφήτην

615 4189 820 4257 ἐλεγεντ
857 4188 1005 4259 Ἐγὼ
1035 4189 1104 4242 δὲ
1135 4191 1209 4244 οὑ
1236 4191 1520 4261 φείσομαι
1547 4191 1658 4261 τῆς
1686 4195 1920 4262 πόλεως
1949 4198 2192 4267 ταύτης,

614 4282 685 4334 ἑν
722 4279 760 4348 ᾖ
788 4282 1135 4335 κατοικοῦσι
1161 4284 1415 4350 πλείους
1444 4283 1482 4352 ἣ
1516 4283 1748 4339 δώδεκα
1769 4288 2057 4356 μιφιάδες
2086 4290 2192 4344 ἀν-

615 4371 895 4439 ορώπων;
923 4368 1055 4425 Εἶτα
1087 4374 1175 4425 ἵνα
1215 4373 1290 4444 μὴ
1325 4376 1577 4448 νομίσῃς,
1603 4377 1684 4430 ὅτι
1724 4379 1927 4449 πλῆθος
1961 4382 2194 4436 αἰδεῖται

615 4461 798 4532 μόνον,
829 4461 1013 4533 φησίν·
1062 4463 1204 4517 Ἐὰν
1234 4459 1273 4533 ᾗ
1309 4467 1342 4517 ό
1372 4465 1618 4533 ἀριθμὸς
1659 4467 1766 4519 τοῦ
1812 4469 2063 4538 Ἰσραὴλ
2111 4472 2191 4538 ὡς

611 4553 651 4619 ἡ
680 4551 872 4620 ἄμμος
903 4551 1014 4619 τῆς
1044 4551 1385 4620 θαλάσσης,
1419 4555 1487 4607 τὸ
1515 4557 1886 4626 κατάλειμμα
1916 4562 2191 4631 σωθήσε-

610 4657 724 4696 ται.
763 4642 887 4704 Πῶς
919 4638 1012 4696 οὖν
1035 4643 1324 4709 Νινευῖτας
1346 4645 1585 4711 ἐσωσενς
1615 4647 1822 4701 ’Ὀτιού
1856 4649 2056 4720 πλῆθος
2096 4655 2191 4725 μόο

611 4749 701 4784 νον
743 4727 832 4801 ἦν,
867 4732 1004 4786 ἀλλά
1051 4732 1253 4804 πλῆθος
1299 4735 1435 4804 μετά
1475 4736 1705 4807 ἀρετῆς·
1743 4743 2036 4814 μετενόησε
2081 4746 2186 4820 γὰρ

610 4823 839 4886 ἕκαστος
865 4824 972 4877 ἀπὸ
997 4825 1098 4894 τῆς
1117 4825 1237 4878 ὁδοῦ
1265 4826 1428 4878 αὐτοῦ
1450 4829 1546 4898 τῆς
1570 4832 1831 4902 πονηρᾶς.
1862 4834 1973 4888 Καὶ
2000 4835 2188 4902 σώζων

608 4916 666 4969 δέ
693 4916 889 4979 αὐτοὺς
922 4915 1126 4985 ἔλεγεν,
1157 4919 1238 4970 ὅτι
1278 4921 1398 4972 Οὐκ
1433 4922 1710 4990 ἔγνωσαν
1748 4924 1958 4989 δεξιὰν
1990 4928 2027 4997 ἢ
2058 4931 2186 4999 ἀρι-

607 5008 850 5077 στεράν.
892 5008 1052 5062 Ὅθεν
1081 5009 1260 5080 δῆλον,
1290 5010 1370 5063 ὅτι
1404 5015 1498 5065 καὶ
1546 5015 1614 5066 τὰ
1659 5016 1903 5088 πρότερα
1950 5017 2010 5084 ἐξ
2054 5023 2186 5090 ἀφε-

608 5098 756 5162 λείας
797 5100 996 5169 μᾶλλον
1035 5102 1277 5168 ἐπταιον,
1310 5105 1342 5174 ἦ
1380 5106 1666 5177 πονηρίας·
1696 5109 1791 5162 καὶ
1819 5109 2001 5180 δῆλον,
2027 5114 2086 5179 ἐξ
2109 5108 2185 5167 ὧν

613 5187 1020 5257 μετεϐάλλοντο,
1045 5191 1240 5261 ὀλίγων
1267 5196 1528 5265 ῥημάτων
1555 5199 1909 5260 ἀκούσαντες.
1943 5202 2005 5254 Εἰ
2032 5202 2088 5255 δέ
2127 5205 2185 5256 τὸ

511 5293 516 5297 '
604 5278 811 5332 δώδεκα
845 5283 1108 5351 μυριάδας
1138 5278 1279 5336 εἶναι
1328 5285 1487 5353 μόνον
1531 5286 1750 5358 ἴσχυσεν
1794 5290 1874 5352 είς
1911 5290 1971 5342 τὸ
2011 5290 2184 5345 σῶσαι

604 5371 822 5436 αὐτοὺς,
854 5372 906 5424 τί
936 5374 1029 5425 καὶ
1062 5374 1168 5444 πρὸ
1190 5375 1380 5428 τούτου
1407 5379 1603 5444 αὐτοὺς
1638 5381 1876 5453 σωθῆναι
1903 5383 2178 5452 ἐκώλυσε;

605 5461 714 5514 Kal
745 5461 889 5526 τίνος
918 5463 1104 5516 ἕνεκεν
1134 5465 1236 5518 οὐκ
1274 5460 1394 5519 εἷπε
1427 5469 1562 5539 πρὸς
1597 5471 1782 5535 αὐτὸν,
1827 5471 1972 5540 Ἐγὼ
2008 5475 2065 5527 δὲ
2118 5477 2180 5528 οὐ

571 5553 862 5642 ⁹φείσομαι
891 5555 986 5624 τῆς
1026 5556 1232 5620 πόλεως
1270 5558 1474 5630 ταύτης
1516 5561 1617 5631 τῆς
1661 5563 1803 5618 οὕτω
1853 5569 2182 5636 μεταϐαλλο-

665 5795 686 5822 ⁸
718 5793 829 5855 315.,
853 5797 935 5852 τήν
963 5798 1244 5845 Χαναναίαν.

2343 618 2640 690 μεταϐολή·
2687 620 2717 672 6
2745 619 2804 672 δὲ
2837 620 3070 693 ἀριθμὸς
3114 621 3209 677 καὶ
3254 624 3288 695 ή
3335 625 3572 695 ἀφέλεια,
3603 631 3750 702 ἄδηλα
3789 636 3844 705 τῷ

2339 710 2615 780 προφήτῃ.
2650 708 2924 765 Πάντοθεν
2951 711 3128 766 τοίνυν
3155 713 3351 780 αὐτοὺς
3381 720 3730 790 καταμαλάξαι
3753 725 3843 794 βού-

2337 801 2524 854 λεται·
2579 801 2754 873 ισχύει
2813 801 2923 875 γάρ
2991 804 3087 858 καὶ
3145 806 3379 878 πλῆθος,
3435 810 3560 866 ὅταν
3609 814 3694 867 καὶ
3746 817 3842 887 ἀρε·

2337 894 2404 966 τὴ

2410 1005 2558 1082 [454]
2603 1007 2776 1062 Τοῦτο
2815 1009 2949 1079 γοῦν
3004 1013 3100 1066 καὶ
3134 1012 3368 1085 ἀλλαχοῦ
3410 1014 3557 1086 δηλοῖ
3594 1016 3844 1091 λέγουσαή

2334 1100 2545 1170 Γραφή·
2571 1103 2891 1172 Προσευχὴ
2919 1102 2988 1157 δὲ
3013 1099 3092 1174 ἦν
3113 1105 3368 1174 ἐκτενὴς
3385 1107 3505 1164 ὑπὸ
3531 1107 3637 1178 τῆς
3660 1111 3846 1180 Ἐκκλη-

2332 1192 2477 1258 σίας
2525 1192 2679 1261 πρὸς
2715 1193 2822 1249 τὸν
2866 1195 3015 1250 Θεὸν
3043 1197 3324 1267 γινομένη
3372 1198 3521 1268 ὑπὲρ
3551 1202 3720 1257 αὑτοῦ
3740 1219 3752 1234 ·
3776 1205 3846 1257 καὶ

2331 1282 2584 1337 τοσοῦτον
2617 1283 2861 1356 ἴσχυσεν,
2885 1285 2982 1352 ὡς,
3014 1288 3418 1360 κεκλεισμένων
3442 1290 3546 1344 τῶν
3573 1289 3751 1362 θυρῶν,
3775 1295 3844 1345 καὶ

2330 1373 2576 1429 ἁλύσεων
2596 1376 2980 1448 ἐπικειμένων,
3001 1379 3096 1432 καὶ
3113 1379 3369 1446 φυλάκων
3383 1381 3704 1454 ἑκατέρωθεν
3716 1400 3845 1453 παρα·

2332 1466 2722 1536 καθευδόντων,
2758 1467 3050 1538 ἐξαγαγεῖν
3080 1471 3171 1526 τὸν
3201 1473 3522 1528 Ἀπόστολον
3543 1475 3631 1528 καὶ
3653 1475 3845 1530 ἀπαλλά-

2329 1560 2418 1627 ξαι
2471 1560 2690 1614 πάντων
2741 1560 2986 1618 ἐκείνων.
3025 1563 3167 1617 Ἀλλ’
3207 1564 3419 1638 ὥσπερ,
3466 1568 3656 1637 ἀρετῆς
3697 1565 3841 1637 οὔσης,

2331 1652 2474 1721 μέγα
2501 1653 2744 1705 δύναται·
2775 1652 2940 1718 οῦτω,
2974 1656 3174 1720 κακίας
3200 1656 3390 1728 οὔσης,
3413 1659 3560 1711 οὐδὲν
3591 1659 3769 1730 ὀνίνησι
3797 1659 3842 1711 τὺ

2328 1743 2552 1814 πλῆθος.
2587 1745 2696 1796 Kal
2725 1745 2834 1816 γὰρ
2875 1747 2922 1799 οἱ
2964 1747 3316 1818 Ἰσραηλῖται,
3351 1749 3478 1820 περί
3510 1743 3581 1804 ὧν
3606 1767 3763 1819 φησιν,
3782 1751 3843 1803 ὅτι

2324 1835 2353 1888 6
2385 1835 2617 1906 ἀριθμὸς
2641 1837 2820 1890 αὐτῶν
2843 1834 2912 1908 ἦν
2939 1837 3012 1902 ὡς
3040 1839 3074 1910 ή
3106 1839 3288 1910 ἅμμος
3317 1841 3420 1911 τῆς
3449 1841 3720 1912 θαλάσσης,
3739 1842 3842 1895 πάν-

2326 1940 2416 1988 τες
2444 1923 2742 1978 ἀπώλοντο·
2769 1926 2863 1980 καὶ
2908 1929 2957 1980 οἱ
2990 1927 3083 1980 ἐπὶ
3120 1927 3245 1982 Νῶε
3272 1929 3331 1982 δέ
3359 1930 3540 1984 πολλοὶ
3564 1931 3650 1985 καὶ
3671 1931 3842 2001 ἄπειροι

2323 2008 2486 2084 ἦσαν,
2534 2013 2632 2066 καὶ
2692 2013 2846 2070 οὐδὲν
2897 2015 3095 2080 αὐτοὺς
3132 2016 3288 2072 τοῦτο
3322 2018 3498 2092 ὤνησε
3524 2036 3537 2050 ·
3579 2019 3690 2074 καθ’
3719 2017 3843 2073 ἑαυτὸ

2325 2104 2433 2175 γάρ
2460 2104 2611 2158 οὐδὲν
2633 2104 2856 2159 δύναται
2885 2107 3110 2178 πλῆθος,
3137 2109 3253 2164 ἀλλ’
3283 2112 3345 2165 ἐν
3380 2111 3682 2185 προσθήκης
3702 2112 3838 2184 μέρει.

2323 2195 2722 2267 Σπουδάζωμεν
2747 2193 2841 2252 οῦν
2867 2198 3108 2253 συνιέναι
3138 2202 3197 2255 ἐν
3230 2203 3355 2267 ταῖς
3384 2203 3609 2275 δεήσεσι,
3635 2205 3714 2256 καὶ
3734 2202 3840 2272 ὑπὲρ

2321 2286 2568 2358 ἀλλήλων
2599 2289 2911 2360 εὐχώμεθα,
2947 2290 3198 2364 καθάπερ
3247 2293 3395 2366 ὑπὲρ
3439 2293 3545 2347 τῶν
3583 2291 3838 2348 ἀποστόλων

2321 2381 2541 2434 ἐκεῖνοι.
2575 2382 2686 2434 Kal
2712 2381 2820 2452 γὰρ
2841 2382 3062 2454 ἐντολὴν
3086 2384 3297 2456 πληροῦ
3305 2403 3432 2457 μεν,
3461 2386 3552 2440 καὶ
3577 2386 3650 2449 είς
3667 2385 3838 2453 ἀγάπην

2321 2472 2675 2544 ἀλειφόμεθα·
2719 2473 2850 2529 ὅταν
2896 2475 2954 2528 δὲ
2996 2475 3220 2548 ἀγάπην
3252 2477 3416 2544 ετπω,
3453 2477 3620 2532 πάντα
3649 2475 3769 2544 λέγω
3787 2473 3838 2527 τὰ

2317 2563 2521 2632 ἀγαθά·
2553 2564 2648 2618 καὶ
2677 2564 3021 2636 εὐχαριστεῖν
3061 2569 3486 2640 σπουδαιότερον
3517 2567 3836 2640 μανθάνωμεν.

2319 2655 2384 2708 OE
2422 2653 2530 2726 γάρ
2562 2654 2704 2726 ὑπὲρ
2736 2654 2845 2708 τῶν
2879 2655 3178 2728 ἀλλοτρίων
3213 2658 3671 2730 εὐχαριστοῦντες,
3699 2655 3838 2726 πολλῷ

2321 2747 2522 2818 μᾶλλον
2551 2747 2688 2819 ὑπὲρ
2710 2747 2820 2801 τῶν
2853 2747 3021 2803 ίδίων.
3044 2748 3216 2804 Τοῦτο
3241 2752 3344 2804 καὶ
3376 2754 3404 2805 6
3434 2751 3588 2804 Δαυῒδ
3609 2751 3754 2804 ἐποίει
3773 2747 3837 2800 λέ-

2317 2857 2449 2910 γων·
2508 2841 2900 2910 May-adﬁrma
2953 2841 3064 2894 τὸν
3119 2842 3352 2908 Κύριον
3407 2843 3525 2898 σὺν
3578 2841 3711 2912 ἐμοὶ,
3765 2837 3838 2893 καὶ

2317 2928 2657 3000 ὐψώσωμεν
2706 2929 2771 2984 τὸ
2825 2930 3014 2999 ὄνομα
3059 2931 3247 2986 αὐτοῦ
3286 2932 3399 2986 ἐπὶ
3437 2933 3501 2987 τὸ
3531 2932 3690 2987 αὐτό·
3721 2928 3839 2982 τοῦτο

2317 3023 2413 3076 καὶ
2451 3022 2480 3075 6
2519 3019 2842 3084 Ἀπόστολος
2873 3019 3151 3091 πανταχοῦ
3183 3020 3369 3092 ζητεῖ·
3415 3023 3567 3077 τοῦτο
3611 3021 3694 3074 καὶ
3717 3018 3839 3090 misi;

2317 3111 2704 3186 ἐργαζώμεθα,
2739 3112 2834 3165 καὶ
2879 3113 2958 3176 είς
3001 3112 3212 3177 πάντας
3249 3115 3356 3169 τοῦ
3385 3115 3516 3169 Θεοῦ
3544 3115 3633 3184 τήν
3659 3112 3837 3180 εὐεργεο

2318 3201 2440 3254 σίαν
2480 3199 2824 3271 ἐκφέρωμεν,
2857 3199 2944 3254 ἵνα
2972 3203 3265 3265 κοινωνοὺς
3301 3203 3550 3274 λάϐωμεν
3585 3202 3672 3272 τῆς
3705 3199 3833 3264 εὐφη-

2319 3291 2466 3361 μίας.
2510 3291 2574 3344 Εί
2623 3289 2734 3362 γὰρ
2772 3290 2925 3362 παρά
2961 3291 3268 3363 ἀνθρώπων
3301 3313 3356 3348 τι
3383 3295 3627 3356 παθόντες
3653 3285 3834 3358 ἀγαθὸν,

2314 3383 2444 3437 ὅταν
2484 3382 2941 3454 ἀνακηρύξωμεν,
2989 3383 3437 3458 προθυμοτέρους
3476 3385 3652 3446 αὐτοὺς
3687 3375 3837 3432 ποιοῦο

2317 3490 2437 3548 μεν·
2470 3473 2656 3545 πολλῷ
2697 3475 2898 3546 μᾶλλον
2929 3474 3024 3529 τοῦ
3051 3475 3186 3530 Θεοῦ
3214 3477 3320 3543 τάς
3356 3476 3650 3551 εὐεργεσίας
3671 3475 3838 3538 ἀναγο-

2315 3566 2588 3638 ρεύοντες,
2630 3568 2710 3630 είς
2751 3566 2973 3620 πλείονα
3007 3567 3167 3621 αὐτὸν
3201 3569 3608 3642 ἐπισπασόμεθα
3635 3562 3832 3617 εὐνοιαν.

2313 3659 2424 3712 Kal
2455 3660 2504 3712 εί
2547 3657 2698 3729 παρὰ
2720 3658 3026 3730 ἀνθρώπων
3053 3660 3528 3736 εὐεργετηθέντες,
3573 3659 3656 3715 καὶ
3679 3656 3836 3715 ἄλλους

2310 3749 2658 3822 διεγείρομεν
2705 3750 2787 3813 είς
2849 3749 2951 3821 τήν
3012 3751 3306 3808 κοινωνίαν
3366 3754 3466 3824 τῆς
3520 3747 3831 3822 εὐχαριστίας

2311 3842 2493 3913 πολλῷ
2532 3842 2733 3913 μᾶλλον
2759 3841 2839 3912 τῷ
2871 3841 2990 3912 Θεῷ
3029 3842 3263 3908 πολλοὺς
3309 3846 3595 3917 προσάγειν
3618 3840 3709 3914 χρὴ
3736 3837 3833 3898 τοὺς

2310 3932 2451 4002 ὐπὲρ
2486 3931 2645 4002 ήμῶν
2679 3932 3198 4003 εὐχαριστήσοντας.
3237 3935 3304 3988 El
3338 3937 3446 4006 γάρ
3484 3933 3674 3994 Παῦλος
3709 3925 3832 3981 τοῦτο

2308 4027 2472 4088 ποιεῖ,
2507 4023 2778 4092 τοσαύτην
2807 4023 2946 4094 ἔχων
2977 4025 3076 4096 τὴν
3099 4029 3439 4098 παρρησίαν,
3469 4023 3637 4094 πολλῷ
3672 4017 3832 4093 μᾶλλον

2306 4118 2454 4188 ἡμᾶς
2478 4115 2777 4183 ἀναγκαῖον
2803 4113 2959 4167 τοῦτο
2985 4119 3180 4172 ποιεῖν.

2373 4248 2436 4296 ε’.
2467 4240 2886 4312 Παρακαλῶμεν
2900 4241 3078 4297 τοίνυν
3097 4243 3224 4309 τοὺς
3253 4246 3444 4315 ἁγίους
3468 4245 3600 4316 ὑπὲρ
3618 4240 3750 4314 ἡμῶν
3764 4236 3829 4288 εὑ·

2301 4335 2585 4403 χαριστεῖν
2603 4372 2618 4397 ,
2661 4333 2754 4386 καὶ
2783 4333 2941 4386 αὐτοὶ
2979 4334 3121 4408 ὑπὲρ
3147 4335 3400 4409 ἀλλήλων
3429 4337 3581 4392 τοῦτο
3611 4331 3824 4400 ποιῶμεν.

2301 4425 2474 4480 Τοῦτο
2497 4425 2689 4497 ἱερέων
2718 4425 2956 4496 μάλιστά
2985 4428 3102 4481 ἐστι
3129 4431 3485 4501 κατόρθωμα,
3513 4427 3683 4496 ἐπειδὴ
3707 4421 3826 4494 μέγι-

2302 4535 2427 4572 στον
2457 4517 2683 4586 ἀγαθόν.
2713 4519 3040 4589 Προσιόντες
3061 4523 3193 4594 γὰρ,
3225 4523 3493 4594 πρότερον
3519 4520 3650 4588 ὑπὲρ
3669 4516 3750 4584 τῆς
3767 4509 3825 4562 οἱ·

2300 4624 2396 4661 κου
2406 4608 2575 4678 μένης
2607 4608 2703 4662 καί
2727 4607 2837 4660 τῶν
2860 4609 3054 4662 κοινῶν
3077 4611 3512 4681 εὐχαριστοῦμεν
3541 4605 3754 4676 ἀγαθῶν.
3778 4595 3823 4650 Εἰ

2297 4699 2407 4769 γάρ
2438 4699 2532 4752 καὶ
2565 4698 2746 4753 κοιναὶ
2773 4699 2830 4753 al
2862 4700 3176 4773 εὐεργεσίαι
3204 4703 3301 4756 τοῦ
3335 4701 3491 4764 Θεοῦ,
3528 4697 3654 4752 ἀλλὰ
3679 4691 3755 4746 καὶ
3776 4685 3822 4739 σὺ

2298 4791 2352 4843 ἐν
2381 4789 2458 4859 τῷ
2481 4790 2646 4861 κοινῷ
2673 4790 2903 4861 ἐσώθης.
2932 4791 3093 4844 ’Ὡστε
3122 4793 3216 4846 καὶ
3239 4794 3383 4863 ὑπὲρ
3404 4793 3502 4862 τῆς
3532 4791 3658 4851 ιδίας
3682 4779 3823 4848 κοινὴν

2295 4882 2534 4952 ὀφείλεις
2565 4884 2727 4953 χάριν
2746 4923 2761 4947 ,
2795 4884 2891 4937 καὶ
2923 4883 3064 4955 ὑπὲρ
3093 4884 3192 4955 τῆς
3231 4885 3418 4954 κοινῆς
3453 4881 3733 4946 ἰδιάζουσαν
3761 4868 3822 4922 δέ·

2297 4993 2450 5039 καιος
2473 4975 2540 5029 ἂν
2565 4974 2685 5046 εἴης
2709 4976 2998 5047 ἀναφέρειν
3025 4977 3325 5048 εὐφημίαν.
3354 4978 3461 5030 Kal
3483 4975 3587 5045 γὰρ
3610 4972 3690 5024 τὸν
3705 4967 3824 5037 ἥλιον

2294 5067 2499 5137 ἀνῆψεν
2529 5067 2591 5121 οὐ
2633 5068 2717 5120 σοι
2753 5068 2921 5139 μόνῳ,
2956 5068 3094 5122 ἀλλά
3123 5070 3217 5123 καὶ
3248 5068 3328 5139 τῷ
3364 5067 3543 5137 κοινῷ·
3576 5063 3680 5117 ἀλλ’
3705 5060 3822 5127 ὅμως

2293 5163 2351 5214 ἐν
2382 5160 2458 5230 τῷ
2493 5160 2650 5232 μέρει
2679 5160 2739 5213 τὸ
2769 5160 2888 5214 ὅλον
2933 5160 3110 5230 ἔχεις·
3141 5161 3236 5215 καὶ
3269 5163 3374 5233 γὰρ
3401 5157 3641 5218 τοσοῦτος
3668 5150 3819 5218 γέγονε

2291 5249 2378 5303 διὰ
2404 5250 2466 5303 τὸ
2494 5251 2694 5304 κοινόν·
2725 5252 2816 5305 καὶ
2844 5253 2975 5322 ὁρᾷς
3007 5254 3070 5305 σὺ
3100 5252 3259 5322 μόνος
3289 5250 3560 5313 τοσοῦτον,
3581 5249 3689 5299 ὅσον
3710 5235 3818 5291 εἶδον

2293 5343 2495 5406 πάντες
2551 5342 2851 5414 ἄνθραποι.
2890 5346 3054 5398 Ὥστε
3081 5344 3350 5414 τοσαύτην
3381 5343 3607 5412 ὀφείλεις
3635 5337 3816 5403 εὐχαρί⁴

2293 5435 2467 5496 στίαν,
2485 5436 2616 5507 ὅσην
2640 5436 2899 5501 ἅπαντες·
2921 5439 3015 5490 xal
3029 5440 3166 5508 ὑπὲρ
3188 5436 3297 5489 τῶν
3319 5435 3510 5490 κοινῶν
3529 5419 3818 5508 εὐχαριστξίξθ

2290 5525 2357 5578 ἂν
2385 5527 2503 5597 εἴης
2527 5503 2752 5591 δίκαιος,
2787 5528 2881 5581 καὶ
2911 5529 3046 5599 ὑπὲρ
3081 5503 3179 5598 της
3207 5527 3410 5598 ἐτέρων
3436 5523 3641 5596 ἀρετῆς.
3674 5503 3815 5599 non?

2289 5618 2396 5687 γὰρ
2435 5595 2530 5671 ναι
2572 5619 2640 5673 δι’
2687 5621 2878 5684 ἄλλους
2924 5595 3209 5692 πάσχομεν
3256 5595 3607 5679 κόιλῶςριω
3649 5605 3738 5698 γᾷρ
3766 5595 3814 5698 f‘

2287 5709 2420 5761 δέκα
2469 5709 2628 5776 μόνον
2673 5712 2732 5762 ἐν
2767 5712 3019 5782 Σοδόμοις
3060 5710 3368 5782 εὑρέθησαν
3397 5708 3612 5774 δίκαιοι,
3648 5696 3733 5750 οὐκ
3763 5701 3814 5788 cf"

2288 5799 2527 5866 ἔπαθον,
2581 5801 2736 5874 [455]
2775 5805 2915 5873 ἅπερ
2966 5806 3188 5858 ἔπαθον.
3232 5803 3390 5854 Ὥστε
3444 5799 3534 5851 καὶ
3581 5789 3702 5857 ὑπὲρ
3739 5790 3813 5847 της
