3998 6416
296 371 395 428 597

293 492 442 542 ceret
473 497 490 538 :
521 479 812 539 ostendens
837 478 1112 546 videlicet,
1144 475 1196 532 id
1219 475 1543 546 ipsiquoque
1565 490 1724 546 quam
1752 488 1874 545 gra-

293 575 558 632 tissimum
604 587 746 630 esse.
792 570 926 626 Nam
968 570 1058 640 qui
1109 567 1228 623 hzec
1255 567 1480 622 aliorum
1508 581 1670 622 causa
1699 564 1875 620 facere

291 663 690 728 consueverint,
719 661 888 717 multo
914 675 1046 716 sane
1063 658 1231 730 magis
1256 666 1485 727 utraque
1509 655 1626 712 htec
1652 655 1752 724 ipsi
1781 669 1873 709 sua

291 772 452 813 causa
482 753 786 826 praestaturi
811 760 954 816 sunt.
980 750 1284 819 Quinetiam
1312 763 1408 804 eos
1432 748 1499 803 ad
1522 747 1875 802 humilitatem

289 846 488 910 erudit,
516 853 676 916 atque
703 843 770 899 ad
798 842 1180 899 ferventiorem
1225 840 1504 894 caritatem
1546 838 1712 894 ducit.
1744 837 1875 892 Nam

289 953 411 994 cum
434 937 570 1007 ipse,
602 936 694 1006 qui
724 943 804 990 tot
830 934 1070 1005 partibus
1090 930 1372 988 sublimior
1398 930 1502 984 illis
1524 937 1660 998 erat,
1687 944 1874 984 eorum

287 1030 542 1101 precibus
583 1028 813 1084 salutem
858 1041 917 1082 se
963 1032 1352 1094 consequutum
1375 1036 1496 1078 esse
1519 1062 1534 1089 ,
1568 1037 1630 1076 ac
1660 1029 1878 1092 prepter

290 1125 531 1193 ipsorum
552 1119 831 1176 orationes
852 1118 1168 1174 beneficium
1194 1115 1468 1185 accepisse
1509 1112 1651 1168 dicat
1675 1156 1688 1178 ,
1717 1113 1876 1168 velim

286 1223 468 1269 tecum
495 1222 732 1283 reputes,
760 1225 867 1281 quo
890 1224 985 1264 eos
1001 1208 1183 1264 animo
1203 1220 1470 1277 quamque
1493 1204 1736 1260 modesto
1757 1219 1878 1259 esse

285 1303 595 1375 Oportebat.
649 1302 790 1370 Quin
849 1299 978 1356 illud
1023 1314 1237 1370 quoque
1288 1295 1678 1361 animadverte,
1733 1296 1876 1366 qttud

285 1397 503 1453 etiamsi
534 1397 675 1452 Deus
713 1393 1082 1450 misericordia
1128 1399 1406 1464 permotus
1452 1389 1654 1460 aliquid
1697 1387 1874 1453 faciat,

290 1497 472 1544 tamen
500 1487 588 1542 hic
616 1500 829 1556 quoque
866 1484 1105 1556 precatio
1129 1484 1354 1538 multum
1384 1481 1680 1552 adjumenti
1703 1480 1875 1534 afTert.

289 1581 505 1637 Etenim
529 1580 580 1635 itt
607 1579 868 1650 principio
885 1578 1110 1632 salutem
1138 1591 1293 1631 suam
1323 1575 1416 1630 Dei
1444 1573 1878 1629 miserationibus

288 1683 567 1742 acceptam
595 1672 804 1737 retulit;
848 1670 986 1726 Deus
1031 1671 1173 1725 enim
1222 1669 1638 1734 miserationum,
1685 1667 1875 1737 inquit,

289 1781 384 1818 nos
412 1764 624 1834 eripuit;
648 1763 735 1818 hic
772 1769 950 1818 autem
979 1761 1223 1817 eamdem
1255 1761 1490 1830 ipsorum
1518 1773 1730 1828 quoque
1759 1773 1880 1827 pre-

286 1855 444 1908 cibus
485 1853 791 1924 adscripsit.
823 1851 956 1907 Nam
1005 1851 1165 1907 etiam
1197 1850 1367 1912 illum,
1412 1849 1503 1920 qui
1556 1850 1877 1903 talentorum

287 1945 480 2002 decem
515 1945 682 2000 millia
709 1942 960 2006 debebat,
991 1951 1268 2013 postquam
1294 1941 1359 1995 ad
1394 1941 1560 2011 ipsius
1599 1938 1760 2009 pedes
1787 1953 1879 1992 ac-

286 2039 568 2106 cessisset,
602 2039 887 2106 miseratus
924 2043 1010 2091 est
1037 2052 1050 2089 :
1078 2043 1134 2090 et
1163 2042 1343 2088 tamen
1366 2032 1563 2088 dictum
1591 2040 1694 2097 est,
1727 2029 1882 2084 Mise-

287 2129 516 2198 ricordia
563 2136 728 2184 motus
771 2127 960 2181 dimisit
989 2142 1122 2180 eum.
1163 2127 1338 2195 Atque
1385 2123 1514 2178 item
1563 2121 1881 2176 Chanauzcte

288 2230 411 2294 post
446 2221 665 2276 multam
695 2219 839 2274 illam
871 2216 1238 2271 assiduitatem
1281 2229 1343 2269 ac
1377 2214 1736 2273 tolerantiam.
1768 2221 1878 2264 tum

285 2313 525 2384 denique
569 2312 692 2365 filiae
743 2310 972 2365 salutem
1025 2308 1290 2363 concessit
1340 2305 1556 2377 (Matth.
1608 2305 1694 2359 15.
1734 2302 1878 2375 .28):

286 2404 506 2460 etiamsi
534 2403 734 2472 alioqui
776 2399 1146 2456 misericordia
1188 2399 1377 2453 ductus
1415 2397 1513 2468 ipsi
1550 2397 1772 2453 salutem
1801 2406 1884 2451 at-

288 2498 496 2555 tulerit.
523 2498 600 2552 Ex
629 2510 734 2566 quo
760 2495 1010 2550 nimirum
1041 2493 1317 2558 discimus,
1348 2492 1591 2562 quamvis
1623 2493 1764 2546 Deus
1791 2489 1884 2543 mi-

287 2589 641 2648 sericordiam
685 2604 812 2660 erga
853 2603 953 2644 nos
995 2587 1330 2644 adhibiturus
1373 2587 1476 2652 sit,
1507 2586 1660 2640 nobis
1704 2593 1882 2640 tamen

289 2683 437 2740 istud
465 2685 614 2753 prius
644 2681 946 2737 faciendum
989 2695 1130 2744 esse,
1175 2689 1232 2735 ut
1274 2677 1644 2734 misericordia
1692 2677 1883 2749 dignos

294 2776 548 2845 IIOSipSus
578 2782 912 2843 praestemus.
942 2771 1196 2841 Quamvis
1225 2771 1366 2827 enim
1395 2768 1758 2824 misericordia
1789 2769 1880 2837 sit,

289 2867 488 2934 dignos
522 2874 698 2920 tamen
730 2864 956 2935 requirit
999 2882 1012 2918 :
1061 2878 1164 2918 non
1195 2863 1335 2918 enim
1370 2870 1571 2916 temere
1609 2861 1884 2932 quibusvis

289 2956 562 3027 obtingit,
628 2955 790 3011 etiam
845 2964 1064 3025 stupore
1115 2952 1483 3010 laborantibus
1531 2969 1544 3004 :
1606 2951 1885 3005 Miserebor

290 3047 438 3101 enim
467 3087 483 3112 ,
544 3045 759 3115 inquit,
805 3046 952 3114 cujus
1010 3042 1317 3106 miserebor;
1371 3051 1421 3096 et
1487 3041 1885 3096 misericordiam

292 3135 547 3206 prtcstabo
576 3137 642 3202 ei,
669 3137 752 3190 cui
781 3135 1051 3189 miserebor
1090 3133 1283 3206 (Exod.
1312 3133 1402 3188 33.
1431 3132 1544 3202 l9).
1583 3132 1714 3188 Vide
1739 3133 1887 3202 qttip—

291 3246 366 3300 pe
404 3230 655 3300 quidnam
686 3229 774 3285 hic
800 3245 1011 3300 quoque
1039 3228 1183 3283 dicat
1215 3245 1227 3280 :
1258 3226 1628 3293 Adiuvantibus
1675 3236 1723 3280 et
1747 3226 1885 3282 vobis

291 3323 349 3376 in
376 3325 627 3377 oratione.
671 3318 804 3377 Nam
838 3336 936 3377 nec
973 3329 1139 3375 totum
1169 3321 1299 3392 ipsis
1331 3319 1546 3382 tribuit,
1592 3333 1660 3374 ne
1696 3332 1885 3373 eorum

292 3417 506 3472 animos
533 3416 751 3482 efferat;
781 3431 881 3471 nec
910 3432 1093 3470 rursus
1122 3429 1216 3470 eos
1239 3415 1386 3468 omni
1424 3430 1490 3469 ex
1518 3422 1669 3483 parte
1697 3413 1764 3467 ab
1788 3413 1885 3466 hu-

288 3511 380 3581 jus
403 3511 646 3566 beneficii
672 3510 829 3565 laude
857 3509 1144 3573 submovit,
1176 3519 1232 3563 ιιι
1252 3523 1346 3564 eos
1368 3507 1552 3562 incitet
1571 3507 1888 3562 alacriores-

294 3619 402 3673 que
430 3601 647 3667 efficiat,
681 3611 841 3673 atque
870 3602 1012 3657 inter
1034 3617 1090 3656 se
1116 3601 1403 3657 devinciat.
1436 3599 1590 3656 Unde
1615 3600 1777 3654 etiam
1805 3598 1886 3653 di-

295 3697 488 3761 cebat,
513 3695 755 3751 Salutem
797 3709 971 3751 meam
1016 3695 1168 3749 vobis
1207 3694 1446 3749 donavit.
1477 3693 1608 3747 Nam
1647 3708 1887 3762 persaepe

297 3801 513 3856 quoque
541 3785 684 3840 Deus
703 3785 854 3856 quasi
888 3786 1092 3855 pudore
1135 3794 1522 3849 commovetur,
1552 3799 1672 3838 cum
1701 3781 1852 3837 multi
1871 3812 1890 3822 η

299 3877 542 3932 tudinem
587 3876 652 3930 ad
701 3877 1062 3946 precationem
1109 3875 1429 3930 concordem
1478 3883 1640 3944 atque
1667 3874 1886 3944 conspi—

298 3977 508 4023 rantcm
530 3969 700 4022 cernit
731 3985 745 4023 :
777 3969 1004 4038 ideoque
1027 3967 1299 4038 pmphette
1321 3966 1557 4032 dicebat,
1584 3966 1694 4038 Ego
1719 3977 1888 4020 autem

300 4078 402 4113 non
432 4077 642 4130 parcam
685 4060 802 4113 Ituic
849 4060 1077 4124 civitati,
1106 4061 1158 4113 in
1196 4075 1296 4128 qua
1327 4059 1552 4112 habitant
1581 4059 1698 4129 plus
1736 4075 1888 4128 quam

300 4162 502 4205 centum
529 4151 705 4221 viginti
747 4151 908 4204 millia
937 4151 1200 4204 hominum
1222 4149 1396 4219 (Jonas
1430 4150 1484 4204 4.
1518 4150 1629 4220 ll).
1664 4149 1883 4213 Deinde,

302 4258 371 4297 ne
402 4252 554 4311 putes
578 4243 741 4296 Deum
771 4241 836 4296 ob
865 4241 1258 4296 multitudinem
1292 4241 1565 4295 dumtaxat
1591 4241 1657 4296 ad
1681 4242 1887 4296 miseri-

303 4334 539 4387 eordiam
577 4332 799 4400 inflecti,
831 4332 916 4388 his
943 4333 1117 4388 verbis
1142 4333 1310 4387 utitur
1338 4349 1350 4385 :
1381 4331 1443 4388 Si
1472 4333 1621 4404 fuerit
1649 4350 1887 4387 numerus

307 4423 470 4478 Israel
523 4432 780 4492 tamquam
833 4441 988 4484 arena
1034 4425 1190 4478 maris
1212 4465 1228 4489 ,
1287 4425 1514 4494 reliquias
1563 4425 1717 4478 saltue
1767 4426 1887 4491 ﬁent

303 4514 454 4584 (lsai.
485 4513 574 4568 10.
595 4512 710 4586 22).
739 4514 838 4582 Qui
868 4514 1064 4570 factum
1092 4527 1172 4569 est
1197 4515 1375 4585 igitur,
1411 4526 1466 4568 ut
1489 4514 1748 4570 Ninivitas
1775 4531 1887 4570 scr-

303 4606 479 4659 varit?
508 4606 711 4678 Nempe
750 4607 872 4678 quia
917 4623 1021 4662 non
1071 4608 1355 4662 multitudo
1399 4609 1570 4662 solum
1617 4619 1752 4674 erat,
1792 4609 1884 4663 sed

303 4699 591 4755 multitudo
622 4701 817 4755 virtute
845 4701 1068 4771 prazdita
1099 4719 1112 4754 :
1142 4701 1510 4771 paenitentiam
1547 4701 1689 4756 enim
1723 4717 1886 4756 unus-

302 4789 529 4858 quisque
551 4789 678 4861 egit,
711 4799 762 4845 et
795 4805 824 4844 a
852 4791 934 4846 via
957 4805 1051 4844 sua
1077 4806 1236 4860 prava
1263 4791 1503 4844 recessit.
1531 4791 1704 4860 Atque
1725 4791 1886 4845 etiam

306 4879 438 4948 ipse,
475 4881 601 4934 dum
646 4881 870 4936 salutem
917 4883 1047 4950 ipsis
1090 4881 1329 4945 afferret,
1362 4881 1541 4936 aiebat
1581 4899 1594 4936 :
1642 4881 1887 4935 Nesciunt

283 4971 423 5037 .quid
469 4973 533 5024 sit
586 4972 715 5024 inter
763 4973 993 5026 dextram
1036 4983 1083 5026 et
1121 4974 1381 5026 sinistram
1410 4971 1557 5037 (Jan.
1603 4973 1636 5025 ι.
1683 4971 1773 5044 c.).
1810 4973 1886 5026 Ex

301 5077 408 5130 quo
431 5062 771 5133 perspicuum
792 5071 896 5127 est,
921 5079 1014 5117 eos
1037 5065 1088 5116 in
1110 5065 1285 5131 priora
1311 5071 1528 5130 peccata
1546 5063 1887 5131 simplicitate

304 5155 481 5226 mitius
512 5170 672 5225 quam
696 5155 858 5209 animi
880 5156 1229 5225 perversitate
1270 5155 1448 5224 lapsos
1490 5155 1656 5210 fuisse
1682 5173 1696 5208 :
1727 5156 1886 5225 idque

306 5262 365 5300 ex
391 5261 456 5300 eo
481 5255 714 5313 constat,
737 5247 876 5318 quod
898 5248 1081 5316 paucis
1105 5247 1281 5302 verbis
1302 5247 1498 5303 auditis
1517 5248 1583 5303 ad
1607 5249 1885 5304 meliorem

299 5348 534 5394 mentem
562 5353 622 5394 se
651 5350 987 5410 receperunt.
1018 5340 1169 5409 Quod
1192 5341 1235 5395 si
1265 5341 1332 5396 ad
1357 5356 1450 5397 eos
1471 5342 1764 5398 servandos
1787 5344 1887 5399 hoc

301 5431 432 5483 satis
457 5431 649 5485 virium
677 5429 971 5497 habuisset,
994 5432 1135 5503 quod
1162 5441 1374 5488 centum
1403 5433 1586 5504 viginti
1609 5434 1884 5490 hominum

303 5523 463 5578 millia
511 5529 687 5589 erant,
732 5524 984 5594 quidnam
1034 5527 1184 5596 prius
1232 5541 1444 5597 quoque
1498 5526 1880 5596 prohibuisset,

301 5614 426 5682 quin
453 5614 682 5671 salutem
711 5615 1172 5685 adipiscerentur?
1200 5616 1307 5672 Cur
1334 5617 1492 5688 igitur
1519 5634 1624 5672 non
1650 5617 1784 5672 dixit
1809 5619 1880 5681 ei,

302 5705 412 5772 Ego
438 5713 616 5760 autent
657 5721 760 5760 non
794 5721 1006 5776 parcam
1047 5708 1244 5763 civitati
1290 5707 1416 5763 huic
1454 5709 1523 5762 ita
1569 5709 1880 5774 immutata),

302 5794 398 5851 sed
431 5806 506 5852 tot
537 5798 702 5854 millia
731 5797 974 5870 profert?
1001 5799 1076 5856 Ex
1105 5799 1396 5856 abundanti
1429 5801 1532 5860 hoc
1558 5801 1683 5860 facit
1716 5822 1729 5858 :
1763 5819 1881 5858 nam

1353 361 1418 419 IN
1458 362 1668 420 EPIST.
1712 361 1754 416 ll
1817 360 1910 416 Al)
1945 359 2101 416 COR.
2146 360 2375 418 llOMlL.
2417 364 2484 422 ll.

3461 378 3566 440 598

1998 476 2222 529 mutatio
2259 477 2474 546 quidem
2517 478 2796 536 manifesta
2837 490 2972 549 erat,
3016 499 3272 539 numerus
3309 496 3485 542 autem
3517 499 3572 545 et

1982 565 2296 635 simplicitas
2344 569 2539 624 civium
2570 572 2848 642 propheta:
2879 574 3058 644 ignota
3106 586 3278 630 erant.
3325 577 3571 649 Undique

1984 655 2144 724 igitur
2162 672 2347 712 eorum
2368 659 2570 715 animos
2591 661 2834 718 emollire
2856 663 3034 719 studet
3055 682 3068 717 :
3089 682 3209 720 nam
3229 677 3339 721 tttttt
3363 669 3570 725 viribus

1984 749 2147 816 pollet
2174 751 2477 817 multitudo,
2507 769 2627 807 cum
2655 755 2821 809 virtus
2849 755 3067 825 insuper
3093 758 3316 813 accedit.

2057 829 2315 895 Ot-atioitis
2343 843 2436 896 vis.
2459 874 2532 884 —
2561 844 2671 899 lloe
2709 846 2870 900 etiam
2899 847 3004 902 alio
3034 848 3152 903 loco
3187 849 3459 921 Scriptura
3489 854 3572 910 his

1983 932 2160 985 verbis
2191 932 2427 987 declarat
2456 953 2469 989 :
2497 934 2674 990 Oratio
2699 947 2868 991 autent
2895 939 3044 1006 [iebat
3073 941 3182 994 sine
3205 942 3573 999 intermissione

1983 1024 2046 1076 ab
2080 1022 2306 1078 Ecclesia
2331 1025 2400 1078 ad
2430 1025 2590 1080 Deum
2616 1045 2708 1097 pro
2733 1045 2791 1082 eo
2821 1029 2973 1098 (Act.
3004 1031 3090 1084 12.
3119 1031 3189 1102 5)
3217 1050 3230 1085 :
3264 1041 3573 1105 tantamque

1982 1116 2089 1170 vim
2123 1117 2324 1183 habuit,
2350 1128 2407 1172 ut
2433 1121 2676 1188 quamvis
2700 1123 2863 1176 etiam
2894 1121 3035 1177 fores
3064 1124 3260 1178 clausae
3286 1135 3485 1189 essent,
3517 1137 3573 1182 et

1984 1218 2186 1262 calente
2216 1211 2513 1280 apostolum
2541 1212 2884 1283 stringerent,
2917 1216 3272 1288 custodesque
3303 1218 3572 1289 utrimque

1983 1300 2049 1353 ad
2074 1301 2239 1370 ipsius
2272 1305 2408 1358 latus
2437 1304 2754 1372 dormirent,
2789 1323 2911 1362 eum
2940 1319 3114 1364 tamen
3142 1312 3386 1366 eduxerit
3412 1321 3572 1384 atque

1985 1409 2051 1448 ex
2069 1395 2316 1452 omnibus
2339 1397 2442 1452 illis
2462 1398 2862 1456 difficultatibus
2884 1401 3144 1458 liberarit.
3164 1404 3364 1460 Verum
3387 1423 3575 1479 quem-

1985 1487 2296 1555 admodum,
2327 1491 2370 1545 si
2402 1493 2570 1546 virtus
2600 1494 2759 1561 adsit,
2789 1510 3034 1566 magnam
3064 1497 3170 1552 vim
3201 1497 3361 1554 habet
3386 1501 3574 1554 multi-

1986 1580 2114 1634 tudo
2147 1599 2161 1635 :
2191 1583 2259 1635 ita
2299 1584 2343 1638 si
2389 1584 2573 1639 vitium
2622 1587 2781 1650 adsit,
2835 1589 3030 1643 nullam
3076 1591 3357 1647 utilitatem
3398 1593 3571 1648 alTet't.

1987 1670 2262 1740 Siquidem
2310 1685 2364 1729 et
2407 1676 2683 1740 lsraelitae,
2721 1694 2854 1749 quos
2891 1696 3069 1736 arenae
3099 1684 3263 1738 maris
3292 1701 3572 1740 numerum

1986 1762 2296 1832 adaequasse
2324 1767 2595 1836 Scriptura
2628 1770 2826 1838 refert,
2857 1788 3045 1828 omnes
3077 1776 3384 1843 perierunt;
3417 1789 3576 1848 atque

1986 1854 2144 1909 etiam
2175 1867 2413 1927 tempore
2436 1859 2546 1914 Noe
2569 1863 2836 1930 permulti,
2859 1864 2966 1918 imo
2989 1865 3251 1921 innumeri
3278 1877 3453 1935 erant,
3478 1886 3575 1925 nec

1989 1956 2165 2003 tamen
2195 1965 2288 2005 eos
2317 1951 2600 2023 quidquam
2636 1954 2891 2025 hocjuvit
2915 1975 2927 2010 :
2953 1959 3064 2012 sola
3101 1961 3243 2014 enim
3291 1963 3575 2017 multitudo

1986 2040 2118 2095 nihil
2151 2052 2345 2112 potest,
2371 2060 2553 2100 verum
2578 2055 2686 2101 tum
2710 2048 2923 2103 demum
2954 2065 3072 2104 cum
3103 2052 3428 2108 acceSsionis
3459 2055 3577 2110 loco

1987 2143 2091 2187 est.
2143 2133 2338 2188 Demus
2368 2135 2525 2204 igitur
2551 2152 2768 2207 operam
2788 2179 2803 2203 ,
2837 2148 2893 2192 ut
2922 2141 2974 2193 in
3008 2141 3255 2210 precibus
3284 2157 3537 2199 coeamus
3557 2187 3574 2211 ,

1986 2224 2074 2276 alii
2107 2239 2202 2292 pro
2230 2224 2347 2280 aliis
2376 2242 2660 2296 precemur
2684 2270 2699 2296 ,
2732 2230 3178 2299 quemadmodum
3210 2233 3282 2287 illi
3319 2250 3413 2304 pro
3442 2251 3575 2306 apo-

1987 2315 2156 2369 stolis.
2189 2315 2278 2371 Sic
2303 2318 2444 2371 enim
2475 2328 2529 2374 et
2555 2321 2864 2375 mandatum
2892 2323 3196 2392 eXpIemus.
3220 2333 3273 2378 et
3293 2325 3357 2379 ad
3385 2328 3578 2380 carita-

1991 2418 2096 2462 tem
2142 2408 2422 2462 incitamur
2453 2428 2467 2464 :
2498 2427 2618 2465 cum
2667 2422 2844 2467 autem
2886 2415 3166 2469 caritatem
3211 2416 3365 2483 dico,
3396 2419 3574 2472 omnia

1988 2498 2125 2553 bona
2158 2498 2259 2553 hoc
2293 2502 2554 2557 vocabulo
2589 2505 2917 2574 complector
2947 2523 2961 2560 :
2995 2516 3154 2576 atque
3182 2507 3341 2562 etiam
3374 2509 3577 2578 majore

1987 2590 2166 2645 studio
2207 2593 2408 2662 gratias
2449 2610 2610 2664 agere
2650 2595 2939 2653 discamus.
2983 2598 3114 2653 Nam
3142 2601 3229 2670 qui
3261 2616 3356 2670 pro
3386 2602 3578 2658 alienis

1985 2683 2186 2752 gratias
2226 2683 2336 2740 Deo
2372 2696 2556 2756 agunt,
2584 2687 2753 2742 multo
2783 2689 2952 2759 magis
2993 2689 3045 2744 id
3085 2706 3180 2760 pro
3203 2693 3314 2748 suis
3351 2691 3574 2748 faciunt.

1987 2774 2102 2830 Hoc
2128 2777 2294 2833 David
2323 2795 2533 2850 quoque
2564 2781 2810 2850 faciebat,
2842 2799 2962 2838 cum
2992 2784 3216 2853 diceret,
3248 2786 3580 2858 Magni/irate

1989 2866 2266 2923 Dominum
2295 2887 2512 2938 mecum,
2535 2882 2581 2926 et
2605 2875 2883 2930 exaltemus
2909 2893 3088 2931 nomen
3115 2878 3225 2949 ejus
3264 2882 3318 2934 in
3353 2880 3579 2951 idipsum

1989 2957 2160 3030 (Psal.
2187 2961 2277 3016 55.
2305 2963 2360 3034 4)
2394 2980 2408 3018 :
2437 2963 2540 3019 hoc
2564 2973 2620 3020 et
2644 2967 2918 3034 apostolus
2949 2968 3145 3039 passim
3168 2972 3444 3040 exposcit:
3475 2972 3578 3029 hoc

1989 3065 2089 3106 nos
2115 3051 2240 3107 item
2268 3053 2543 3121 faciamus,
2576 3065 2735 3128 atque
2759 3059 2900 3128 apud
2929 3075 3116 3115 omnes
3143 3061 3236 3117 Dei
3261 3063 3578 3120 beneﬁcium

1987 3142 2363 3213 prtedicemus.
2401 3154 2460 3200 ut
2499 3163 2590 3203 eos
2633 3148 2955 3204 laudationis
3002 3151 3178 3208 socios
3219 3169 3576 3219 assumamus.

1987 3233 2122 3290 Nam
2151 3236 2217 3303 si,
2249 3253 2372 3293 cum
2403 3238 2723 3296 beneficium
2750 3242 2966 3314 aliquod
2994 3245 3061 3300 ab
3091 3244 3397 3303 hominibus
3424 3263 3581 3304 acce-

1990 3332 2164 3401 pimus
2183 3341 2343 3403 atque
2364 3333 2415 3389 id
2433 3334 2783 3402 celebramus,
2800 3340 3155 3408 promptiores
3167 3356 3262 3397 eos
3279 3341 3343 3396 ad
3363 3341 3498 3398 bene
3511 3341 3580 3398 de

1990 3422 2146 3477 nobis
2172 3424 2490 3480 merendum
2521 3427 2796 3483 reddimus
2829 3446 2843 3483 :
2870 3431 3038 3484 multo
3065 3432 3253 3502 magis,
3286 3432 3378 3486 Dei
3409 3433 3576 3489 bene-

1990 3514 2110 3572 ficia
2140 3515 2516 3585 prtedicantes,
2539 3518 2606 3572 ad
2638 3519 2894 3589 majorem
2934 3521 3363 3578 benevolentiam
3402 3525 3577 3592 ipsum

1991 3605 2343 3662 attrahentus.
2373 3609 2436 3662 Et
2461 3609 2528 3674 si,
2561 3625 2680 3664 cum
2712 3610 3028 3665 beneﬁcium
3059 3611 3270 3681 aliquod
3303 3614 3369 3666 ab
3401 3613 3576 3669 homi-

1993 3697 2150 3750 nihus
2177 3700 2492 3768 consequuti
2524 3716 2707 3755 sumus
2729 3742 2745 3766 ,
2778 3701 2843 3754 ad
2875 3704 3072 3772 gratias
3099 3703 3378 3758 nobiscum
3409 3720 3575 3776 agen-

1991 3785 2088 3840 das
2119 3787 2253 3840 alios
2278 3788 2437 3842 etiam
2464 3791 2780 3857 excitamus,
2814 3792 2985 3848 multo
3015 3794 3254 3862 profecto
3286 3797 3451 3865 magis
3483 3812 3578 3850 no-

1991 3875 2074 3930 bis
2111 3877 2406 3931 curandum
2445 3889 2546 3946 est,
2577 3888 2633 3933 ttt
2662 3881 2877 3949 multos,
2919 3883 3008 3954 qui
3047 3886 3247 3953 gratias
3286 3901 3382 3954 pro
3427 3888 3579 3942 nobis

1991 3975 2170 4037 agant,
2212 3967 2281 4021 ad
2327 3969 2494 4024 Deum
2539 3969 2905 4027 adhibeamus.
2952 3974 3192 4045 Cumque
3235 3976 3450 4041 Paulus,
3484 3983 3572 4047 qui

1995 4069 2192 4114 tantam
2238 4058 2482 4116 fiduciam
2531 4062 2824 4128 obtinebat,
2859 4064 2960 4119 hoc
3008 4067 3182 4132 faciat,
3219 4077 3364 4123 tanto
3408 4073 3574 4142 magis

1993 4148 2096 4206 hoc
2147 4165 2179 4205 a
2224 4150 2381 4206 nobis
2438 4151 2551 4206 fieri
2611 4168 2833 4211 necesse
2888 4165 2990 4209 est.

2064 4241 2118 4296 5.
2148 4237 2414 4304 Quocirca
2445 4246 2662 4292 sanctos
2700 4239 2848 4292 viros
2892 4239 3056 4292 etiam
3089 4246 3254 4307 atque
3277 4237 3438 4291 etiam
3472 4238 3571 4292 ob-

1995 4345 2292 4392 secremus,
2326 4338 2383 4384 ut
2414 4344 2511 4399 pro
2551 4328 2712 4383 nobis
2743 4329 2948 4399 gratias
2980 4337 3176 4398 agant,
3207 4337 3372 4398 atque
3403 4329 3570 4384 etiam

1992 4424 2093 4493 ipsi
2127 4439 2224 4492 pro
2249 4422 2406 4477 nobis
2435 4423 2538 4476 hoc
2563 4422 2793 4476 invicem
2833 4419 3121 4475 faciamus.
3162 4419 3310 4473 Istud
3339 4434 3571 4488 praiser-

1996 4515 2089 4568 tim
2133 4515 2476 4570 sacerdotum
2516 4529 2718 4569 munus
2747 4521 2849 4578 est,
2880 4522 3064 4582 utpote
3093 4513 3294 4566 bonum
3325 4509 3573 4566 omnium

1995 4608 2536 4678 praestantissimum.
2589 4607 2924 4662 Accedentes
2970 4605 3148 4669 enim,
3205 4604 3439 4672 primum
3476 4616 3576 4670 pro

1995 4703 2254 4757 universo
2273 4701 2405 4755 orbe
2421 4699 2911 4768 communibusque
2927 4694 3231 4752 commodis
3249 4693 3449 4765 gratias
3468 4691 3579 4762 agi-

1995 4809 2136 4848 mus.
2155 4792 2288 4846 Nam
2308 4792 2408 4846 etsi
2427 4791 2741 4847 communia
2757 4791 2846 4844 Dei
2865 4789 3125 4844 beneficia
3146 4799 3292 4852 Sunt,
3315 4799 3494 4841 tamen
3518 4794 3578 4840 tu

1992 4896 2204 4952 quoque
2244 4883 2297 4937 in
2343 4883 2615 4938 communi
2644 4884 2870 4938 salutem
2895 4899 2955 4939 es
2984 4893 3367 4955 consequutus.
3399 4885 3583 4956 Itaque

1996 4982 2105 5027 tum
2121 4989 2217 5043 pro
2231 4976 2436 5044 privata
2452 4984 2537 5028 tua
2550 4990 2889 5030 communem
2901 4976 3190 5046 gratiarum
3204 4978 3466 5032 actionem
3489 4977 3579 5033 dc-

1992 5065 2108 5130 bes,
2131 5074 2238 5119 tum
2261 5081 2356 5134 pro
2371 5069 2641 5121 communi
2660 5067 2922 5137 privatam
2946 5068 3052 5123 Deo
3075 5068 3284 5124 laudem
3307 5070 3401 5124 abs
3421 5079 3471 5125 te
3493 5070 3590 5125 oio-

1993 5154 2119 5211 f‘erri
2144 5172 2354 5225 mquum
2380 5158 2558 5213 fuerit.
2582 5159 2793 5213 Etenim
2814 5159 2979 5214 solem
3004 5175 3110 5213 non
3135 5160 3230 5214 tibi
3261 5161 3350 5215 uni
3380 5177 3584 5216 accen-

1992 5251 2088 5314 dit,
2106 5251 2200 5306 sed
2218 5253 2376 5306 etiam
2393 5252 2754 5307 communiter
2773 5252 3048 5318 omnibus;
3074 5263 3125 5307 et
3145 5261 3320 5308 tamen
3351 5254 3402 5308 itt
3429 5265 3579 5325 parte

1992 5349 2164 5396 totum
2192 5341 2356 5398 habes
2384 5361 2397 5396 :
2431 5359 2552 5397 nant
2579 5343 2648 5398 ob
2668 5358 3008 5398 communem
3031 5344 3270 5398 omnium
3297 5345 3577 5400 utilitatem

1995 5441 2136 5488 tanta
2161 5435 2525 5504 magnitudine
2541 5447 2755 5491 creatus
2781 5446 2894 5502 est;
2926 5445 2977 5489 tu
2999 5445 3176 5490 tamen
3199 5437 3348 5492 solus
3373 5449 3577 5492 tantum

1991 5526 2164 5593 vides,
2196 5536 2450 5597 quantum
2490 5529 2723 5584 universi
2768 5529 3021 5585 mortales
3043 5530 3227 5585 videre
3253 5540 3470 5601 queant.
3500 5531 3578 5586 Ex

1992 5632 2098 5686 quo
2124 5616 2373 5683 efﬁcitur,
2406 5627 2464 5673 ut
2492 5628 2690 5673 tantam
2721 5620 3011 5691 gratiarum
3041 5624 3308 5676 actionem
3337 5620 3534 5675 debeas
3557 5660 3574 5688 ,

1990 5717 2242 5780 quantam
2272 5710 2542 5775 universi;
2584 5726 2647 5766 ac
2677 5719 2728 5766 te
2759 5720 2813 5766 et
2843 5725 2944 5780 pro
2967 5711 3343 5768 communibus
3369 5709 3576 5764 benefi-

1991 5800 2088 5879 ciis
2126 5800 2324 5872 gratias
2371 5816 2529 5874 agere
2575 5817 2673 5874 par
2706 5813 2809 5872 est,
2854 5812 2907 5860 et
2950 5819 3045 5873 pro
3088 5803 3314 5858 aliorum
3357 5801 3571 5859 virtute.
