3998 6422
527 361 635 417 399

527 499 706 556 Multis
763 503 908 557 enim
960 500 1121 557 etiam
1166 507 1382 570 propter
1430 499 1565 555 alios
1614 499 1892 554 beneﬁciis
1940 499 2114 554 afﬁci-

527 607 669 645 mur.
716 592 926 646 Etenim
953 592 997 645 si
1028 591 1110 645 vel
1151 590 1335 645 decem
1366 589 1464 644 soli
1492 589 1621 659 justi
1658 589 1757 644 viri
1787 591 1838 644 in
1869 590 2118 647 Sodomis

531 685 732 739 inventi
764 684 1006 747 fuissent,
1037 699 1142 736 non
1175 683 1225 736 iu
1255 697 1349 737 eas
1369 723 1386 749 ,
1417 697 1551 752 quas
1582 683 1936 752 pertulerunt,
1969 684 2117 737 cala-

531 778 744 832 mitates
771 775 1103 830 incidissent.
1137 773 1492 842 Quamobrem
1523 789 1620 845 pro
1646 775 1872 829 aliorum
1905 790 2117 844 quoque

529 869 668 936 apud
711 867 882 922 Deum
929 866 1172 921 libertate
1201 882 1265 920 ac
1294 865 1484 920 ﬁducia
1527 867 1724 935 gratias
1754 881 1972 936 agamus
2005 883 2016 917 :
2047 867 2119 919 si-

527 961 740 1029 quidem
784 959 955 1028 prisca
998 958 1084 1013 lex
1131 958 1246 1012 lurc
1291 967 1394 1024 est,
1422 967 1582 1029 atque
1607 959 1900 1028 antiquitus
1931 960 1981 1012 iu
2018 958 2119 1013 Ec-

532 1049 693 1104 clesia
721 1049 982 1104 instituta.
1012 1049 1102 1104 Sic
1133 1049 1328 1103 Paulus
1359 1063 1456 1118 pro
1483 1049 1767 1112 Romanis,
1800 1065 1896 1119 pro
1921 1047 2116 1103 Coriu-

529 1138 655 1194 thiis
677 1180 693 1204 ,
737 1154 835 1208 pro
875 1141 1124 1194 universo
1153 1139 1283 1194 orbe
1308 1139 1506 1208 gratias
1535 1141 1663 1211 agit.
1694 1139 1804 1195 Nec
1825 1155 1954 1196 vero
1988 1141 2116 1194 illud

527 1230 659 1284 mihi
685 1229 921 1284 dixeris:
953 1230 1065 1285 Hoc
1096 1231 1410 1299 prmclarum
1441 1229 1644 1284 facinus
1669 1245 1845 1285 meum
1877 1247 1980 1284 nou
2011 1241 2112 1285 est.

527 1322 782 1389 Quamvis
809 1323 952 1378 enim
986 1332 1135 1377 tuum
1164 1338 1267 1376 non
1299 1324 1402 1389 sit,
1436 1323 1514 1377 sic
1545 1339 1758 1394 quoque
1789 1333 1965 1378 tamen
1991 1340 2114 1393 gra-

551 1416 629 1470 ias
655 1429 815 1484 agere
841 1415 1024 1480 debes,
1051 1417 1190 1487 quod
1222 1417 1523 1473 membrum
1551 1429 1698 1472 tuum
1724 1419 1828 1474 tale
1853 1419 1943 1473 sit.
1970 1419 2117 1473 Alio-

525 1505 654 1573 quin
684 1505 844 1559 ctiam
877 1515 1028 1561 tuum
1061 1507 1187 1561 illud
1215 1508 1343 1561 facis
1365 1549 1380 1574 ,
1413 1524 1534 1563 cum
1567 1509 1752 1564 laudas
1781 1521 1836 1564 et
1874 1510 1924 1563 in
1963 1525 2115 1564 coro-

525 1613 717 1651 narum
772 1607 977 1668 partem
1031 1599 1148 1668 ipse
1201 1600 1360 1654 etiam
1413 1603 1603 1668 venis,
1658 1611 1817 1673 atque
1869 1602 2113 1658 eamdem

522 1690 750 1760 gratiam
785 1691 1069 1760 percipies.

598 1779 783 1835 Preces
809 1797 900 1851 pro
925 1783 1309 1838 catechumenis.
1335 1814 1404 1824 —-
1427 1783 1510 1839 Ob
1537 1799 1654 1839 eam
1685 1799 1900 1839 causam
1928 1785 2114 1840 Eccle-

523 1875 620 1928 sia:
649 1874 794 1944 leges
813 1873 879 1929 ad
903 1873 1043 1930 hunc
1067 1876 1280 1930 modum
1306 1891 1490 1945 preces
1513 1876 1624 1932 ﬁeri
1647 1877 1832 1946 jubeut
1859 1896 1871 1930 :
1898 1893 2002 1931 non
2025 1892 2117 1932 eas

524 1964 804 2020 dumtaxat
847 1983 964 2036 qua:
1006 1983 1105 2038 pro
1143 1968 1409 2032 ﬁdelibus,
1440 1969 1535 2024 sed
1563 1985 1655 2024 eas
1683 1970 1844 2025 etiam
1868 1986 1987 2040 qua:
2019 1986 2115 2040 pro

521 2059 923 2114 cateclmmenis
963 2060 1287 2116 adhibentur
1316 2079 1329 2115 :
1355 2063 1617 2131 siquidem
1670 2064 1753 2117 lex
1797 2063 1862 2116 ad
1911 2063 2116 2132 suppli-

522 2149 752 2204 candum
802 2165 896 2218 pro
939 2152 1042 2217 his,
1088 2153 1177 2222 qui
1228 2153 1462 2207 nondum
1515 2155 1705 2208 initiati
1749 2164 1894 2219 sunt,
1930 2154 2114 2209 ﬁdeles

522 2242 738 2297 excitat.
769 2241 900 2296 Nam
931 2257 1051 2297 cum
1079 2242 1338 2298 diaconus
1365 2245 1460 2309 ait,
1489 2243 1597 2299 Pro
1622 2246 1999 2300 catecltumenis
2029 2246 2112 2298 in-

521 2344 653 2389 tente
687 2352 904 2402 oremus,
947 2336 1076 2390 nihil
1121 2338 1262 2391 aliud
1312 2337 1457 2402 facit,
1503 2353 1661 2409 quam
1708 2348 1764 2393 ut
1808 2341 2112 2394 universam

522 2426 759 2480 ﬁdelium
791 2427 1186 2483 multitudinem
1228 2430 1292 2484 ad
1337 2445 1525 2498 preces
1563 2446 1658 2500 pro
1697 2431 1799 2486 illis
1840 2431 2114 2486 obeundas

520 2518 736 2572 excitet.
772 2519 930 2588 Atqui
964 2519 1124 2574 alieni
1155 2520 1332 2576 adhuc
1363 2531 1486 2576 sunt
1521 2521 1895 2577 catechumeni
1929 2540 1942 2576 :
1973 2538 2112 2576 non-

519 2611 646 2666 dum
672 2611 815 2668 enim
848 2613 1060 2682 corpori
1103 2611 1298 2669 Christi
1340 2615 1482 2670 insiti
1521 2625 1668 2682 sunt,
1703 2630 1801 2670 nec
1831 2616 2116 2686 mysterio-

519 2720 638 2758 rum
670 2704 958 2774 participes
983 2704 1180 2771 etl‘ecti,
1199 2721 1383 2761 verum
1405 2723 1434 2759 a
1459 2707 1720 2776 spirituali
1751 2722 1914 2777 grege
1937 2706 2114 2761 adhuc

519 2794 696 2849 divisi.
723 2795 876 2861 Quod
905 2795 948 2849 si
978 2809 1108 2866 ergo
1137 2811 1235 2866 pro
1262 2797 1345 2850 his
1373 2798 1635 2852 orandum
1658 2808 1762 2864 est,
1791 2797 1961 2852 multo
1983 2811 2114 2853 sane

519 2888 692 2958 magis
723 2903 821 2957 pro
847 2888 1046 2944 nostris
1075 2889 1351 2944 membris.
1383 2888 1465 2945 Ob
1496 2890 1653 2961 idque
1683 2891 1846 2946 etiam
1876 2891 1988 2955 ait,
2024 2887 2112 2944 Ιπ-

520 2989 652 3032 tente
681 2995 904 3043 oremus,
932 2995 998 3034 ne
1026 2979 1278 3036 videlicet
1305 2997 1398 3036 eos
1427 2989 1695 3052 tamquam
1723 2981 1931 3037 alienos
1959 2980 2116 3038 abdi-

517 3085 612 3124 ces
632 3085 694 3126 ac
725 3071 955 3136 rejieias.
985 3087 1049 3125 ne
1073 3081 1340 3140 tamquam
1365 3074 1678 3143 peregrinos
1700 3088 1804 3126 non
1827 3088 2110 3143 agnoscas.

520 3162 768 3217 Nondum
801 3163 944 3216 enim
987 3163 1102 3233 lege
1140 3165 1433 3231 sancitam,
1463 3174 1621 3233 atque
1654 3180 1682 3219 a
1712 3165 1928 3221 Christo
1962 3167 2112 3221 inve-

517 3265 660 3311 ctam
697 3257 1062 3326 precationcm
1105 3255 1337 3324 habent;
1385 3257 1623 3311 nondum
1663 3257 1883 3312 liberius
1921 3257 2110 3314 orandi

520 3355 840 3417 potestatem
885 3346 1025 3401 nacti
1071 3354 1220 3412 sunt,
1267 3347 1365 3402 sed
1411 3347 1660 3416 aliorum,
1702 3350 1792 3419 qui
1841 3351 2112 3421 mysteriis

519 3440 711 3494 initiati
740 3440 870 3506 sint,
893 3453 996 3510 ope
1025 3439 1284 3510 indigent.
1314 3440 1529 3496 Etenim
1557 3451 1708 3497 extra
1732 3443 1998 3498 vestibula
2026 3459 2110 3499 re-

516 3533 600 3602 gia
632 3541 795 3597 stant,
828 3533 1091 3604 longeque
1131 3549 1159 3589 a
1202 3534 1369 3589 sacris
1411 3536 1706 3591 cancellis:
1737 3551 1906 3607 caque
1946 3537 2106 3592 etiam

517 3625 586 3679 de
625 3640 807 3691 causa,
839 3641 960 3680 cum
1007 3627 1300 3682 tremenda:
1345 3641 1533 3696 preces
1575 3627 1727 3693 ﬁunt,
1771 3630 2104 3698 ablegantur.

517 3716 635 3782 Quo
666 3717 744 3779 ﬁt,
775 3727 833 3771 ut
861 3727 912 3772 te
936 3734 1149 3788 quoque
1177 3719 1422 3774 hortetur
1445 3761 1460 3783 ,
1491 3728 1549 3774 ut
1575 3736 1671 3790 pro
1699 3721 1804 3776 illis
1833 3736 1977 3785 ores,
2001 3739 2108 3790 quo

517 3809 756 3864 membra
783 3819 871 3864 tua
898 3810 1046 3876 ﬁant,
1073 3825 1171 3866 nec
1192 3810 1305 3879 jam
1327 3813 1592 3880 peregrini
1617 3821 1778 3882 atque
1798 3813 1955 3868 alieni
1979 3813 2104 3868 sint.

517 3901 651 3957 Illud
676 3903 818 3956 enim
840 3944 855 3968 ,
891 3902 1134 3970 Oremus,
1169 3919 1273 3958 non
1305 3906 1370 3959 ad
1398 3905 1707 3960 sacerdotes
1739 3915 1944 3960 tantum
1966 3948 1981 3973 ,
2012 3907 2107 3961 sed

515 3994 676 4049 etiam
697 3995 763 4048 ad
789 3995 1041 4065 populum
1065 4004 1287 4065 spectat.
1311 3995 1441 4050 Nam
1465 4011 1584 4051 cum
1608 3998 1699 4063 ait,
1724 3996 1877 4051 Recte
1897 4009 2105 4066 stemus,

517 4103 736 4152 oremus,
765 4103 954 4143 omnes
985 4088 1052 4142 ad
1082 4089 1408 4157 precandum
1443 4089 1722 4156 hortatur;
1755 4105 1818 4146 ac
1844 4100 1953 4144 tum
1986 4106 2109 4160 pre-

514 4179 779 4234 cationem
811 4180 1114 4248 auspicans,
1141 4181 1235 4242 ait,
1263 4179 1328 4234 Ut
1357 4181 1850 4235 misericordissimus
1875 4198 1934 4235 ac
1961 4184 2109 4236 mise-

515 4281 658 4323 ναίον
688 4270 821 4325 Deus
848 4273 1102 4325 orationes
1128 4289 1302 4325 eorum
1323 4275 1584 4330 easaudiat.
1614 4274 1821 4329 Etenim
1847 4290 1914 4329 ne
1935 4274 2102 4340 dicas,

515 4363 653 4432 Quid
676 4364 917 4435 estquod
939 4366 1190 4419 oremus?
1218 4365 1376 4420 alieni
1398 4376 1542 4428 sunt,
1567 4367 1802 4421 nondum
1827 4367 2105 4422 nobiscum

517 4456 788 4524 eonjuucﬁ
837 4474 849 4509 :
895 4456 1038 4512 unde
1083 4458 1248 4511 Deum
1292 4473 1612 4526 permovere
1659 4458 1916 4527 possum?
1964 4459 2106 4514 unde

516 4564 638 4602 cum
665 4548 955 4614 adducere,
986 4559 1042 4602 ut
1085 4549 1506 4604 misericordiam
1535 4565 1597 4605 ac
1626 4552 1837 4605 veniam
1867 4551 1970 4606 illis
2003 4553 2103 4606 im-

521 4640 753 4707 pertiat?
782 4655 870 4703 ne,
899 4641 1138 4707 inquam,
1164 4640 1278 4694 haec
1307 4655 1554 4709 quaerens
1579 4641 1804 4705 hmreas,
1828 4641 1947 4697 vide
1972 4659 2107 4712 quo-

518 4730 678 4786 modo
727 4729 809 4783 his
854 4729 1030 4784 verbis
1067 4729 1450 4786 dubitationem
1501 4740 1644 4785 tuam
1686 4731 1937 4788 discutiat
1982 4751 1996 4789 :
2037 4733 2106 4788 Ut

519 4823 1012 4878 misericordissimus
1041 4839 1101 4877 ac
1130 4824 1396 4878 miserator
1425 4824 1583 4880 Deus.
1613 4825 1821 4880 Audisti
1846 4867 1862 4890 ,
1899 4825 2106 4882 Miseri-

515 4915 865 4972 cordissimus
897 4918 1071 4974 Deus?
1098 4918 1360 4990 Perplexo
1376 4920 1487 4989 jam
1513 4921 1694 4976 animo
1720 4936 1841 4977 esse
1870 4921 2056 4977 desine
2085 4937 2100 4974 :

517 5009 1052 5067 misericordissimis
1081 5013 1226 5068 enim
1257 5012 1381 5080 ille,
1411 5014 1648 5068 omnium
1671 5056 1685 5079 ,
1715 5014 1816 5068 hoc
1847 5024 1967 5080 est,
1995 5025 2101 5068 tam

517 5113 855 5176 peccatorum
887 5121 1045 5176 quam
1070 5107 1388 5174 amicorum,
1412 5107 1718 5162 miseretur.
1747 5106 2008 5174 Quocirca
2035 5123 2104 5163 ne

513 5197 754 5264 dixeris,
786 5197 1028 5266 Quonam
1068 5199 1231 5254 modo
1274 5214 1461 5254 eorum
1498 5214 1658 5255 causa
1702 5199 1868 5254 Deum
1907 5199 2104 5256 adibo?

512 5289 632 5360 ipse
661 5290 803 5345 enim
828 5305 1013 5346 eorum
1043 5306 1228 5362 preces
1256 5293 1525 5348 exaudiet.
1550 5293 1803 5363 Quasnam
1824 5307 1981 5363 porro
2001 5294 2102 5348 alia

513 5381 1021 5438 catechumenorum
1039 5385 1274 5453 precatio
1302 5385 1480 5450 fuerit,
1499 5402 1657 5454 quam
1678 5395 1736 5441 ut
1766 5401 1832 5441 ne
1853 5385 2104 5441 catechu-

511 5474 657 5530 meni
699 5478 986 5530 maneant?
1025 5477 1143 5532 Mox
1189 5479 1594 5549 supplicationis
1634 5495 1846 5550 quoque
1885 5479 2103 5534 modum

509 5567 698 5623 dictat.
743 5566 997 5636 Quisnam
1027 5578 1204 5626 autem
1232 5571 1321 5626 ille
1347 5572 1470 5626 est?
1523 5571 1591 5628 Ut
1619 5571 1848 5625 cordium
1874 5571 2105 5642 ipsorum

511 5675 662 5715 aures
686 5660 902 5730 aperiat.
935 5659 1174 5717 Occlusae
1204 5663 1346 5717 enim
1375 5673 1431 5719 et
1458 5665 1722 5724 obturatze
1751 5662 1926 5716 adhuc
1954 5671 2100 5717 sunt.

516 5753 689 5806 Aures
721 5768 880 5822 porro
912 5769 1017 5808 non
1046 5761 1296 5810 externas
1327 5755 1519 5819 hasce,
1553 5755 1647 5811 sed
1677 5755 1872 5809 mentis
1899 5754 2101 5808 intelli-

513 5841 606 5913 git.
645 5841 717 5899 Ut
736 5846 948 5901 audiant
973 5861 1084 5917 qua:
1111 5847 1286 5904 oculus
1310 5865 1416 5906 usus
1442 5847 1582 5918 vidit,
1605 5863 1691 5902 nec
1722 5847 1860 5901 auris
1884 5847 2097 5914 audivit,

1355 363 1410 417 S.
1449 359 1725 416 JOANS‘IS
1750 353 2224 414 CIIRYSOSTOMI
2265 357 2578 416 AllClllEP.
2621 359 3152 419 CONSTANTINUP.
3689 377 3778 434 ιοο

2227 495 2315 533 nec
2352 478 2407 533 in
2445 496 2532 534 cor
2569 481 2788 535 hominis
2826 483 3180 537 ascenderunt.
3223 483 3404 555 Neque
3430 485 3570 542 enim
3604 503 3780 545 arcana

2224 573 2476 645 mysteria
2497 573 2798 641 audierunt,
2820 576 2914 631 sed
2938 577 3118 645 procul
3136 587 3188 632 et
3209 579 3417 634 eminus
3434 589 3592 635 stant.
3623 585 3778 654 Atque

2222 668 2384 722 etiam
2407 667 2450 721 si
2477 666 2715 733 audiant,
2737 667 2876 723 haud
2898 676 3075 725 tamen
3098 670 3224 740 quid
3246 671 3451 727 dicatur
3475 673 3777 745 intelligunt:

2222 763 2487 833 siquidem
2525 779 2587 818 ea
2631 764 2899 834 ingentem
2943 768 3286 838 sagacitatem
3318 779 3370 823 et
3399 770 3776 842 intelligentiam

2225 858 2520 927 requirunt,
2551 875 2656 912 non
2698 869 2876 915 autem
2923 871 2983 916 ut
3025 862 3310 917 dumtaxat
3353 864 3664 929 audiantur;
3693 866 3775 934 ipsi

2222 967 2350 1005 vero
2375 951 2613 1007 internas
2636 968 2792 1008 aures
2818 955 3053 1009 nondum
3079 967 3420 1025 acceperunt.
3465 957 3613 1013 Unde
3638 958 3778 1012 etiam

2225 1041 2517 1112 pr0phetia:
2563 1044 2788 1114 gratiam
2838 1046 2966 1116 ipsis
3010 1057 3162 1116 optat
3193 1066 3207 1103 :
3235 1048 3499 1118 siquidem
3541 1048 3790 1126 propheta.

2221 1134 2286 1187 ad
2319 1133 2460 1189 hunc
2489 1137 2704 1190 modum
2734 1137 3052 1210 loquebatur
3083 1155 3096 1193 :
3129 1139 3374 1194 Dominus
3411 1141 3498 1194 dat
3535 1141 3655 1194 mihi
3692 1141 3779 1194 liu-

2220 1244 2372 1298 guam
2393 1227 2666 1294 eruditam,
2699 1239 2755 1283 ut
2783 1231 2942 1284 sciam
2969 1232 3172 1302 quando
3201 1241 3428 1303 oporteat
3451 1233 3667 1304 proferre
3691 1249 3782 1286 ser-

2223 1337 2418 1374 monem
2450 1337 2469 1376 :
2491 1323 2728 1396 quoniam
2750 1323 2859 1394 ipse
2876 1325 3040 1392 aperit
3063 1341 3120 1379 os
3148 1341 3335 1389 meum,
3354 1325 3520 1395 posuit
3539 1341 3614 1378 me
3633 1341 3777 1389 mane,

2219 1415 2454 1484 apposuit
2479 1415 2604 1467 mihi
2624 1430 2800 1469 aurem
2823 1415 3105 1470 audientem
3133 1415 3288 1486 (lsai.
3313 1415 3402 1472 50.
3421 1417 3475 1471 4.
3505 1414 3579 1484 5).
3605 1415 3779 1481 Quem-

2218 1505 2505 1560 admodum
2528 1507 2669 1561 euim
2699 1508 2976 1578 prophetae
3005 1510 3110 1564 alio
3137 1509 3296 1563 modo
3323 1525 3387 1564 ac
3412 1509 3600 1580 reliqui
3627 1509 3778 1563 homi-

2221 1615 2317 1654 nes
2362 1599 2654 1656 audiebant
2679 1617 2690 1653 :
2717 1601 2796 1656 sic
2842 1601 3014 1658 ﬁdelis
3055 1617 3268 1673 quoque
3306 1603 3412 1657 alio
3452 1602 3608 1656 modo
3640 1615 3775 1671 quam

2219 1689 2609 1745 catechumeni.
2660 1693 2835 1762 Atque
2867 1691 2992 1748 hinc
3019 1693 3179 1748 etiam
3213 1693 3439 1749 docetur
3467 1691 3778 1748 catechume-

2220 1798 2344 1848 nus,
2376 1798 2435 1838 se
2461 1784 2530 1839 ab
2559 1784 2866 1840 hominibus
2891 1784 3007 1842 haec
3029 1801 3134 1841 non
3158 1785 3389 1853 discere,
3423 1801 3593 1858 neque
3617 1785 3777 1840 audire

2220 1873 2420 1941 (Nolite
2445 1875 2587 1930 enim
2611 1917 2627 1941 ,
2661 1876 2865 1947 inquit,
2893 1883 3070 1933 vocare
3095 1879 3232 1934 vobis
3262 1881 3558 1950 magistrum
3590 1880 3641 1932 in
3665 1888 3777 1932 terra

2221 1963 2431 2037 [Matt/t.
2461 1967 2550 2023 25.
2577 1967 2694 2037 8|),
2725 1969 2821 2024 sed
2856 1969 3156 2024 sublimitus
3186 1981 3348 2039 atque
3375 1985 3406 2026 e
3433 1971 3574 2025 cadis
3598 1988 3610 2024 :
3633 1969 3774 2023 Erunt

2218 2059 2361 2112 enim
2391 2075 2585 2124 omnes,
2611 2061 2781 2128 inquit
2809 2059 3107 2132 Scriptura,
3135 2062 3378 2117 docibiles
3406 2061 3503 2116 Dei
3533 2062 3674 2133 (lsai.
3699 2061 3773 2116 54.

2220 2157 2332 2226 15).
2369 2158 2542 2227 Atque
2572 2156 2770 2213 idcirco
2795 2162 2886 2222 ait,
2921 2157 2988 2212 Et
3013 2159 3222 2212 instillet
3249 2159 3374 2230 ipsis
3398 2157 3593 2212 verbum
3616 2157 3774 2210 verita-

2217 2253 2280 2304 tis
2307 2266 2325 2303 :
2356 2251 2426 2305 ita
2456 2260 2512 2305 ut
2541 2252 2750 2306 interne
2779 2252 2829 2306 in
2862 2253 3007 2321 ipsos
3034 2250 3364 2306 infundatur.
3386 2250 3616 2306 Necdum
3635 2249 3772 2314 enim,

2219 2351 2395 2410 utpar
2419 2352 2522 2406 est,
2545 2341 2784 2397 veritatis
2810 2341 3031 2396 verbum
3057 2350 3271 2396 norunt.
3308 2341 3382 2396 Ut
3406 2343 3624 2396 timorem
3651 2355 3775 2394 suum

2217 2431 2270 2485 in
2316 2432 2440 2501 ipsis
2487 2433 2715 2486 seminet.
2762 2433 2832 2486 At
2873 2431 2976 2488 hoc
3019 2433 3238 2487 minime
3277 2432 3633 2488 sufﬁcitzalia
3657 2429 3774 2485 enim

2213 2525 2527 2580 ceciderunt
2552 2539 2708 2580 secus
2738 2525 2898 2591 viam,
2928 2526 3029 2580 alia
3060 2540 3222 2596 super
3251 2534 3458 2596 petras.

2290 2618 2344 2673 6.
2375 2617 2574 2672 Verum
2606 2632 2706 2672 nos
2736 2634 2841 2672 non
2882 2618 2948 2673 ad
2991 2621 3136 2674 hunc
3176 2617 3403 2674 modum
3442 2617 3774 2690 postulamus;

2216 2709 2311 2765 sed
2343 2709 2483 2764 sicut
2511 2719 2747 2764 aratrum
2793 2710 2846 2764 in
2891 2711 3068 2782 pingui
3115 2720 3254 2766 terra
3295 2711 3486 2768 sulcos
3517 2711 3692 2781 aperit,
3714 2708 3778 2762 sic

2214 2802 2376 2859 etiam
2408 2801 2495 2858 hic
2523 2812 2583 2857 ut
2613 2803 2704 2858 ﬁat
2733 2818 3045 2873 precamur,
3084 2819 3275 2874 nempe
3303 2813 3377 2860 ut
3409 2805 3459 2858 in
3486 2805 3666 2858 mentis
3690 2802 3778 2855 imo

2217 2893 2476 2961 innovati,
2500 2895 2704 2950 semina
2733 2895 2926 2964 injecta
2947 2896 3233 2965 excipiant,
3257 2911 3321 2951 ac
3355 2895 3599 2968 quidquid
3617 2893 3773 2949 audie-

2215 2987 2325 3042 rint
2358 2996 2607 3042 accurate
2643 2991 2932 3042 retineant.
2977 2987 3131 3043 Unde
3159 2990 3324 3044 etiam
3358 2991 3468 3045 lucc
3494 2989 3640 3043 verba
3661 2985 3767 3042 sub-

2217 3080 2420 3145 nectit,
2451 3079 2518 3134 Et
2546 3080 2808 3149 conﬁrmet
2829 3080 2985 3149 fidem
3005 3097 3151 3134 suam
3177 3082 3229 3135 in
3253 3084 3443 3137 animis
3470 3098 3648 3137 eorum.
3675 3079 3766 3134 Hoc

2215 3181 2299 3227 est
2337 3180 2395 3226 ut
2434 3187 2501 3225 ne
2541 3171 2592 3226 in
2635 3172 2917 3242 superﬁcie
2946 3172 3141 3242 jaceat,
3171 3174 3265 3228 sed
3293 3175 3403 3230 alte
3433 3175 3626 3229 radices
3648 3180 3762 3242 agat.

2219 3260 2289 3318 Ut
2316 3263 2533 3332 justitiaa
2565 3265 2878 3335 evangelium
2915 3264 3039 3335 ipsis
3079 3265 3281 3319 revelet.
3331 3266 3529 3336 Duplex
3556 3266 3764 3321 velamen

2215 3369 2335 3410 esse
2380 3355 2648 3421 ostendit;
2695 3357 2920 3411 alterum
2963 3356 3086 3428 quia
3132 3358 3333 3414 mentis
3383 3361 3604 3430 ipsorum
3644 3353 3762 3410 oculi

2214 3445 2382 3500 clausi
2410 3455 2555 3511 sunt,
2584 3446 2811 3501 alterum
2853 3447 2976 3517 quia
3014 3456 3260 3516 Opertum
3315 3450 3421 3504 illis
3461 3458 3538 3505 est
3569 3458 3766 3514 cvange-

2214 3537 2363 3591 lium.
2393 3538 2470 3592 Ac
2493 3537 2717 3602 proinde
2745 3539 2990 3608 superius
3017 3539 3233 3609 quidem
3256 3539 3491 3602 dicebat,
3518 3537 3575 3594 Ut
3592 3533 3762 3605 aperiat

2214 3648 2362 3685 aures
2391 3631 2557 3684 cordis
2584 3632 2842 3702 ipsorum;
2873 3631 2959 3687 hic
2995 3644 3171 3688 autem
3189 3674 3203 3697 ,
3241 3633 3316 3688 Ut
3346 3634 3556 3705 justitia:
3584 3644 3766 3698 evange-

2213 3724 2336 3776 lium
2358 3724 2480 3793 ipsis
2509 3723 2742 3793 detegat;
2769 3723 2872 3779 hoc
2896 3733 2999 3789 est,
3025 3733 3080 3778 ut
3102 3725 3381 3795 sapientes
3400 3741 3492 3782 eos
3511 3733 3558 3780 et
3577 3723 3633 3776 ad
3654 3717 3762 3774 illud

2218 3814 2586 3882 excipiendum
2633 3815 2855 3870 idoneos
2885 3816 3102 3883 reddat,
3135 3826 3299 3886 atque
3334 3827 3388 3873 ut
3415 3817 3595 3876 doceat
3618 3828 3673 3867 ac
3695 3827 3762 3864 se-

2215 3910 2356 3963 mina
2375 3910 2558 3979 jaciat.
2588 3909 2718 3964 Nam
2743 3910 2860 3965 sive
2891 3909 3067 3965 idonei
3092 3911 3218 3972 sint,
3241 3911 3380 3965 nihil
3403 3921 3570 3965 tamen
3593 3906 3636 3961 id
3656 3903 3762 3973 ipsis

2212 4001 2558 4056 emolumenti
2587 4001 2862 4067 attulerit,
2901 4001 3003 4055 nisi
3037 4003 3175 4056 Deus
3195 4002 3462 4059 detexerit
3486 4020 3497 4054 :
3521 3999 3624 4054 sive
3647 3997 3763 4051 Deus

2212 4092 2446 4163 detegat,
2479 4095 2576 4164 ipsi
2605 4103 2783 4149 autem
2808 4095 3123 4166 repudient,
3163 4097 3216 4150 in
3248 4096 3393 4152 idem
3423 4111 3598 4152 rursus
3619 4090 3760 4147 detri«

2212 4195 2450 4240 mentum
2483 4186 2845 4256 prolabentur.
2893 4187 3002 4242 Hac
3036 4187 3104 4243 de
3145 4203 3308 4243 causa
3342 4198 3611 4257 utrumque
3647 4182 3758 4254 peti-

2213 4294 2352 4344 mus,
2384 4293 2577 4347 nempe
2603 4290 2660 4332 ut
2684 4287 2738 4333 et
2764 4280 2926 4335 corda
2953 4281 3175 4350 aperiat,
3202 4289 3257 4335 et
3285 4281 3611 4352 evangelium
3642 4284 3762 4345 pater

2213 4369 2390 4426 faciat.
2422 4369 2602 4440 Neque
2632 4371 2774 4424 enim
2798 4371 2841 4424 si
2869 4373 3074 4442 regium
3105 4371 3542 4442 paludamentum
3563 4363 3763 4437 superie-

2211 4470 2299 4516 cto
2343 4463 2463 4517 velo
2511 4471 2707 4516 tectum
2747 4461 2963 4531 jaceat,
3009 4463 3296 4532 quicquam
3339 4463 3442 4518 hoc
3480 4456 3759 4516 intuentium

2210 4553 2380 4608 oculis
2404 4553 2662 4622 profuerit
2686 4570 2698 4606 :
2723 4553 3170 4622 quemadmodum
3199 4569 3412 4609 rursum
3435 4553 3506 4607 nil
3529 4550 3759 4606 detectum

2212 4646 2343 4701 illud
2391 4661 2512 4702 esse
2550 4645 2787 4716 juvcrit,
2833 4647 2878 4701 si
2924 4646 3065 4700 oculi
3105 4647 3326 4701 minime
3358 4645 3586 4716 vigilem.
3614 4635 3758 4694 Ambo

2213 4753 2374 4808 porro
2400 4739 2498 4792 ista
2522 4739 2852 4808 contingent,
2881 4739 2927 4792 si
2957 4737 3031 4792 illi
3057 4738 3206 4808 prius
3227 4737 3511 4793 voluerint.
3530 4729 3757 4802 Quidnam

2211 4840 2387 4886 autem
2417 4840 2521 4897 est,
2548 4830 2771 4885 Iustitia:
2792 4831 3144 4903 evangelium?
3169 4831 3432 4886 Nimirum
3457 4827 3591 4901 quod
3613 4825 3759 4894 jttleS

2209 4924 2396 4979 efﬁcit.
2440 4923 2536 4979 llis
2573 4924 2716 4979 enim
2747 4923 2926 4980 verbis
2953 4924 3200 4994 baptismi
3227 4923 3544 4979 desiderium
3575 4919 3623 4972 in
3653 4911 3758 4984 ipsis

2209 5019 2333 5081 ciet,
2359 5017 2485 5072 dum
2514 5017 2640 5072 illud
2664 5016 2920 5083 ostendit,
2941 5017 3271 5086 evangelium
3301 5030 3406 5070 non
3437 5023 3628 5068 tantum
3654 5017 3757 5075 pec-

2208 5119 2329 5164 cata
2358 5109 2656 5172 remittere,
2676 5108 2770 5164 sed
2788 5107 3048 5176 justitiam
3072 5108 3232 5163 etiam
3253 5105 3466 5161 aﬂerre.
3499 5101 3562 5158 Ut
3583 5101 3655 5153 del
3673 5092 3756 5148 illi!

2208 5208 2424 5253 mentem
2445 5200 2689 5265 divinam,
2708 5208 2898 5252 castam
2917 5198 3290 5270 cogitationem,
3309 5197 3461 5250 vitam
3479 5208 3586 5248 cum
3605 5189 3756 5243 virtuti

2208 5293 2550 5362 conjunctam.
2581 5291 2814 5346 Audiam
2840 5291 2955 5346 haec
2979 5290 3185 5355 ﬁdeles,
3208 5289 3295 5360 qui
3320 5289 3440 5342 vita.
3462 5285 3663 5352 hujusce
3683 5287 3755 5328 ne-

2207 5385 2367 5455 gotiis
2389 5383 2538 5439 afﬁxi
2559 5393 2702 5438 sum.
2727 5383 2860 5438 Nam
2885 5383 2931 5438 si
2959 5382 3044 5448 iis,
3072 5381 3166 5452 qui
3186 5381 3406 5435 minime
3428 5373 3605 5432 initiati
3627 5372 3746 5424 sunt,

2212 5476 2327 5532 haec
2358 5477 2631 5547 postulare
2657 5476 2909 5545 iubemur
2928 5517 2943 5542 ,
2975 5475 3369 5530 animadvertas
3396 5469 3568 5531 velim,
3595 5457 3748 5556 qualtjs

2209 5570 2458 5640 nosipsos
2487 5583 2609 5624 esse
2632 5576 2880 5639 oporteat
2903 5567 2996 5639 qui
3024 5567 3140 5622 haec
3166 5564 3283 5620 aliis
3316 5560 3624 5632 postulamus
3651 5568 3662 5602 :
3690 5563 3743 5600 sn-

2209 5659 2426 5731 quidem
2455 5661 2508 5716 id
2529 5659 2796 5731 agendum
2822 5668 2937 5725 est,
2969 5668 3024 5714 ut
3054 5659 3160 5713 vita
3188 5663 3369 5712 nostra
3396 5645 3654 5741 evangelio
3675 5651 3741 5741 te

2209 5752 2488 5823 spondeat.
2523 5753 2642 5821 Quo
2665 5753 2826 5830 etiam
2858 5752 2935 5818 ﬁt,
2964 5759 3023 5806 ut
3049 5745 3364 5821 precationis
3387 5743 3469 5799 lex
3490 5737 3741 5834 adsimili}?

2213 5846 2279 5901 ad
2310 5848 2471 5902 vitam
2502 5854 2754 5903 transeat.
2797 5827 3086 5916 Postquam
3115 5842 3256 5898 enim
3293 5835 3456 5901 dixit,
3489 5828 3550 5886 Ut
3573 5827 3745 5893 institit?
