3998 6408
212 349 315 407 399

215 464 420 537 ἐτέρων
452 465 768 537 παρρησίας
797 465 1231 537 εὐχαριστῶμεν.
1264 465 1375 519 Καὶ
1412 464 1522 537 γὰρ
1559 464 1786 536 ἀρχαῖος

214 547 368 618 οὗτος
381 556 413 608 6
433 555 598 626 νόμος
614 556 781 620 ἐστὶν,
809 554 1015 610 ἄνωθεν
1036 557 1095 608 ὲν
1114 557 1181 624 τῇ
1210 553 1510 626 Ἐκκλησία
1529 571 1794 624 πεφυτευ-

219 645 395 717 μένος.
426 645 583 700 Οὕτω
610 648 702 699 καὶ
728 646 938 709 Παῦλος
966 647 1278 717 εὐχαριστεῖ
1303 645 1443 716 ὑπὲρ
1480 646 1790 714 Ῥωμαίων,

217 736 358 807 ὑπὲρ
383 738 709 809 Κορινθίων,
747 738 887 809 ὑπὲρ
918 739 1017 806 τῆς
1051 737 1379 807 οἰκουμένης
1409 736 1648 806 ἀπάσης.
1684 736 1795 789 Καὶ

220 828 295 899 μή
337 845 429 897 μοι
458 827 605 894 λέγε·
661 829 775 880 Οὐκ
818 827 964 880 ἔστιν
1004 827 1136 894 ἐμὸν
1181 825 1243 878 τὸ
1280 824 1635 896 κατόρθωμα.
1675 824 1794 877 Κᾶν

216 919 327 990 γὰρ
359 917 436 991 μὴ
467 919 559 972 σὸν
589 915 645 993 ᾖ,
682 920 776 973 καὶ
814 918 989 982 οὕτως
1028 918 1370 989 εὐχαριστεῖν
1408 917 1676 988 ὀφείλεις,
1712 918 1794 971 ὅτι

216 1011 280 1064 τὸ
306 1010 468 1081 μέλος
493 1028 587 1064 σου
619 1010 857 1065 τοιοῦτόν
882 1009 1051 1064 ἐστιν.
1091 1010 1304 1074 ’Ἄλλως
1329 1010 1385 1063 δὲ
1418 1012 1512 1064 καὶ
1541 1010 1633 1063 σδν
1661 1009 1796 1063 αὐτὸ

217 1104 391 1164 ποιεῖς
416 1100 504 1154 διὰ
522 1100 625 1170 τῆς
640 1100 940 1171 εὐφημίας,
954 1102 1048 1154 καὶ
1071 1098 1467 1163 κρινωνεῖςτῶν
1488 1098 1791 1169 στεφάνων,

217 1193 307 1246 καὶ
338 1192 485 1263 λήψῃ
520 1194 614 1245 καὶ
639 1192 801 1256 αὐτὸς
831 1192 893 1245 1:6
922 1193 1190 1264 χάρισμα.

283 1283 386 1337 Διά
422 1299 505 1335 τοι
546 1281 707 1335 τοῦτο
729 1283 823 1336 καὶ
853 1282 954 1346 τὰς
989 1282 1157 1353 εὐχὰς
1197 1280 1340 1335 οὕτω
1374 1279 1619 1350 γίνεσθαι
1640 1290 1660 1312 ⁸
1705 1297 1797 1334 κε-

216 1374 465 1428 λεύουσιν
493 1375 542 1427 οί
581 1374 681 1445 τῆς
728 1372 1054 1445 Ἐκκλησίας
1078 1373 1254 1443 νόμοι,
1284 1374 1344 1426 οὐ
1375 1373 1474 1436 τὰς
1504 1372 1646 1445 ὑπὲρ
1686 1371 1794 1427 τῶν

216 1464 427 1520 πιστῶν
468 1465 652 1535 μόνον,
690 1463 828 1518 ἀλλά
854 1465 949 1518 καὶ
981 1464 1082 1527 τάς
1112 1465 1254 1536 ὑπὲρ
1289 1464 1399 1518 τῶν
1446 1464 1795 1536 κατηχουμὲ-

214 1573 340 1610 νων.
381 1556 521 1619 Τούς
551 1554 661 1625 γάρ
701 1556 923 1618 πιστοὺς
956 1557 986 1608 6
1020 1555 1184 1625 νόμος
1227 1554 1487 1626 διεγείρει
1532 1554 1669 1625 πρὸς
1696 1553 1795 1625 τὴν

215 1647 323 1701 τῶν
345 1648 612 1717 ἀμυήτων
642 1647 944 1718 ἱκετηρίαν.
980 1648 1149 1701 Ὅταν
1176 1647 1285 1718 γὰρ
1310 1647 1338 1699 6
1364 1648 1613 1710 διάκονος
1636 1646 1793 1719 λέγῃ,

224 1740 405 1809 ’Υπὲρ
438 1739 556 1793 τῶν
579 1743 1044 1809 κατηχουμένων
1057 1739 1311 1805 ἐκτενῶς
1342 1738 1664 1809 δεηθῶμεν,
1703 1738 1796 1790 οὐ-

210 1833 299 1896 δὲν
326 1832 457 1905 ἄλλο
489 1832 521 1901 ἢ
557 1831 649 1884 τὸν
681 1831 854 1901 δῆμον
884 1830 1102 1884 ἅπαντα
1143 1830 1252 1884 τῶν
1281 1829 1491 1884 πιστῶν
1525 1829 1797 1899 διανίστη-

213 1936 298 1973 σιν
337 1919 420 1981 είς
447 1920 547 1981 τὰς
573 1918 711 1985 ὑπὲρ
738 1917 964 1972 ἐκείνων
990 1919 1178 1988 εὐχάς.
1213 1919 1406 1972 Καίτοι
1433 1935 1498 1988 γε
1525 1918 1796 1989 ἀλλότριοι

208 2009 349 2074 τέως
378 2009 516 2063 είσὶν
546 2011 594 2062 οἱ
627 2009 1052 2080 κατηχούμενοι.
1084 2010 1313 2064 Οὐδέπω
1342 2011 1449 2082 γὰρ
1476 2010 1571 2064 τοῦ
1605 2009 1796 2080 σώμα-

206 2103 302 2167 τός
334 2105 443 2157 εἰσι
472 2103 566 2156 τοῦ
600 2101 865 2173 Χριστοῦ,
897 2103 1112 2157 οὐδέπω
1146 2105 1461 2176 μυστηρίων
1499 2102 1797 2174 ἐκοινώνη-

208 2213 335 2261 σαν,
367 2195 484 2249 ἀλλ’
512 2195 593 2249 ἔτι
620 2194 945 2266 διῃρημένοι
973 2194 1306 2265 τυγχάνουσι
1333 2195 1435 2264 τῆς
1466 2194 1670 2265 ἀγέλης
1696 2194 1798 2265 τῆς

207 2288 613 2359 πνευματικῆς.
654 2288 719 2340 Εἰ
765 2287 823 2340 δὲ
871 2287 1013 2358 ὑπὲρ
1057 2287 1264 2341 τούτων
1315 2287 1653 2358 παρακαλεῖν
1694 2287 1795 2352 δεῖ,

207 2380 392 2452 πολλῷ
429 2380 629 2451 μᾶλλον
664 2379 804 2450 ὑπὲρ
846 2378 957 2433 τῶν
992 2377 1172 2450 μελῶν
1202 2378 1310 2432 τῶν
1347 2378 1654 2451 ἡμετέρων.
1697 2378 1799 2433 Διά

206 2472 320 2544 γὰρ
346 2472 509 2526 τοῦτο
540 2472 658 2536 καὶ,
701 2468 1017 2537 Ἐκτενῶς,
1049 2470 1206 2542 φησὶ,
1233 2470 1565 2539 δεηθεὶηλενν
1596 2470 1685 2523 ἵνα
1722 2468 1798 2541 μὴ

204 2564 283 2629 ὡς
304 2562 627 2634 ἀλλοτρίους
654 2562 990 2636 ἀποποιήσῃ,
1014 2561 1101 2615 ἵνα
1125 2563 1201 2632 μὴ
1222 2561 1298 2624 ὡς
1324 2561 1507 2626 ξένους
1534 2562 1794 2634 ἀγνοήσῃ.

205 2654 439 2709 οὐδέπω
465 2651 576 2725 γάρ
605 2651 771 2723 εὐχὴν
804 2651 989 2722 έχουσι
1015 2650 1115 2722 τὴν
1149 2651 1546 2723 νενομισμένην
1566 2651 1660 2704 καὶ
1688 2652 1800 2703 είσ-

203 2745 521 2815 ενεχθεῖσαν
586 2744 692 2797 ὑπὸ
738 2744 830 2798 τοῦ
887 2743 1127 2814 Χριστοῦ
1151 2760 1164 2774 ·
1220 2743 1432 2809 οὐδέπω
1480 2743 1799 2815 παρρησίαν

205 2837 531 2908 κέκτηνται,
571 2836 687 2890 ἀλλ’
721 2834 926 2909 ἑτέρων
957 2834 1167 2890 δέονται
1199 2835 1307 2889 τῶν
1342 2833 1801 2905 μυσταγωγηθένο

203 2949 338 2987 των.
392 2931 541 2999 Ἐξω
589 2929 700 3002 γὰρ
746 2928 857 2983 τῶν
908 2926 1206 2998 βασιλικῶν
1250 2927 1551 2998 ἑστήκασιν
1588 2925 1794 2990 αὐλῶν,

202 3024 404 3096 πόρρω
424 3024 532 3076 τῶν
559 3022 723 3094 ίερῶν
751 3020 1080 3093 περιϐόλων.
1114 3017 1216 3072 Διά
1242 3017 1403 3073 τοῦτο
1429 3018 1526 3074 καὶ
1558 3017 1801 3072 ἀπελαύ-

201 3134 418 3180 νονται,
458 3115 569 3169 τῶν
602 3113 846 3185 φρικτῶν
881 3111 1060 3184 εὐχῶν
1090 3096 1316 3164 ἐκείνων
1344 3109 1668 3180 γινομένων.
1699 3107 1801 3162 Διά

201 3209 369 3263 τοῦτο
402 3207 498 3262 καὶ
546 3208 608 3260 σὲ
659 3204 973 3277 παρακαλεῖ
1010 3201 1221 3257 δεῖσθαι
1270 3202 1411 3273 ὑπὲρ
1448 3200 1662 3266 αὐτῶν,
1713 3201 1800 3257 ἵνα

204 3300 352 3371 μέλη
392 3298 660 3373 γένωνται
703 3298 794 3364 σὰ,
831 3297 918 3350 ἵνα
953 3297 1030 3367 μὴ
1072 3295 1153 3348 ἔτι
1186 3288 1290 3349 ὧσι
1330 3293 1470 3359 ξένοι
1515 3294 1611 3347 καὶ⁸
1641 3293 1801 3365 ἠλλο-

197 3391 529 3463 τριωμένοι.
558 3391 633 3443 T6
664 3389 808 3463 γὰρ,
836 3387 1149 3458 Δεηθῶμεν
1169 3428 1184 3450 ,
1220 3388 1281 3440 οὐ
1324 3390 1439 3452 τοῖς
1469 3387 1678 3457 ἱερεῦσι
1711 3388 1800 3442 λέ-

198 3500 366 3554 γεται
401 3483 585 3555 μόνον,
613 3481 753 3536 ἀλλά
784 3482 878 3536 καὶ
905 3483 1020 3545 τοῖς
1048 3482 1130 3545 εἰς
1153 3481 1246 3535 τὸν
1269 3479 1399 3534 λαὸν
1425 3479 1795 3536 συντελοῦσιν.

202 3576 383 3628 Ὅταν
414 3573 523 3643 γὰρ
546 3573 696 3644 εῖπῃ,
712 3568 951 3641 Στῶμεν
974 3571 1199 3638 καλῶς,
1215 3570 1540 3640 δεηθῶμεν,
1566 3572 1796 3639 πάντας,

199 3668 286 3730 είς
318 3666 420 3737 τὴν
444 3665 610 3736 εὐχὴν
645 3663 970 3733 παρακαλεῖ.
1002 3657 1137 3717 Εἶτα
1166 3664 1471 3734 ἀρχόμενος
1502 3666 1603 3733 τῆς
1631 3664 1800 3734 εὐχῆς

201 3774 410 3829 φησιν’
460 3757 597 3835 Ἵνα
641 3759 675 3811 ὁ
713 3755 1111 3824 πανελεήμων
1150 3756 1249 3810 καί
1298 3755 1614 3824 οίκτίρμων
1655 3755 1799 3820 Θεὸς

199 3851 528 3918 ἐπακούσῃ
540 3836 674 3904 ’τῶν
695 3847 968 3918 δεήσεων
989 3846 1209 3904 αὐτῶν.
1236 3847 1358 3902 Ἵνα
1375 3847 1484 3918 γὰρ
1506 3849 1582 3918 μὴ
1608 3847 1794 3918 λέγῃς,

199 3945 275 3998 Τί
305 3943 634 4014 δεηθῶμεν;
683 3941 1110 4014 ὴλλοτριωμένοι
1138 3941 1303 4005 εἰσὶν,
1338 3939 1550 3994 οὐδέπω
1590 3957 1798 4013 συνημ-

207 4036 389 4110 μένον
440 4035 604 4090 πόθεν
651 4034 761 4105 ἔχω
790 4033 1113 4104 δυσωπῆσαι
1152 4033 1246 4086 τὸν
1277 4032 1441 4098 Θεόν;
1478 4031 1642 4110 πόθεν
1689 4033 1799 4102 ἔχω

205 4131 399 4182 πεῖσαι
431 4126 754 4198 μεταδοῦναι
788 4126 939 4179 ἐλέου
974 4126 1069 4179 καὶ
1098 4123 1430 4194 συγγνώμης
1461 4108 1678 4189 αὐτοῖς
1709 4124 1797 4178 ἵνα

209 4221 291 4293 μὴ
344 4220 521 4275 ταῦτα
558 4220 737 4292 ζητῶν
782 4221 1033 4292 ἀπορῇς,
1083 4220 1187 4291 ὅρα
1228 4217 1349 4277 πῶς
1397 4236 1491 4272 σου
1536 4218 1653 4272 λύει
1701 4218 1798 4291 τὴν

207 4311 451 4385 ἀπορίαν
478 4311 671 4380 λέγων·
710 4311 835 4366 Ἵνα
859 4314 891 4365 ὀ
920 4309 1322 4379 πανελεήμων
1351 4307 1451 4363 καί
1479 4310 1799 4379 οἰκτίρμων

209 4404 383 4470 Θεός.
429 4404 737 4467 Ἤκουσας,
790 4400 1192 4471 Πανελεήμων
1238 4403 1419 4467 Θεός;
1457 4402 1548 4471 Μὴ
1602 4402 1798 4474 ἀπόρει

205 4497 422 4551 λοιπόνο
445 4496 474 4548 6
501 4495 611 4566 γὰρ
643 4495 877 4563 πανελεή
887 4511 1002 4565 μων
1040 4495 1249 4557 πάντας
1286 4496 1428 4548 ἐλεεῖ
1448 4535 1464 4561 ,
1495 4495 1593 4549 καὶ
1619 4497 1799 4567 ἀμαρ-

206 4588 417 4653 τωλούς
440 4592 537 4642 καὶ
567 4588 773 4659 φίλους.
796 4587 890 4659 Μὴ
916 4586 1096 4640 τοίνυν
1119 4586 1267 4654 λέγε,
1291 4587 1417 4650 Πῶς
1446 4588 1587 4660 ὑπὲρ
1615 4588 1797 4642 αὐτῶν

210 4676 532 4749 προσέλθω;
586 4677 752 4741 αὐτὸς
793 4675 1091 4730 ὲπακούσει
1145 4675 1255 4728 τῶν
1300 4676 1538 4746 δεήσεων
1595 4678 1794 4733 αὐτῶν.

208 4769 410 4841 Δέησις
437 4769 494 4824 δὲ
520 4768 947 4840 κατηχουμένων
984 4768 1070 4831 τίς
1103 4767 1169 4822 ἂν
1201 4768 1307 4838 εἴη,
1344 4768 1459 4822 ἀλλ’
1490 4769 1523 4840 ἢ
1550 4770 1692 4825 ὥστε
1723 4771 1798 4845 μὴ

213 4864 402 4935 μεῖναι
431 4860 873 4932 κατηχουμένους
893 4879 908 4927 ;
932 4857 1067 4914 Εἶτα
1087 4861 1179 4914 καὶ
1205 4860 1536 4933 ὑπαγορεύει
1556 4864 1656 4933 τῆς
1683 4866 1796 4918 ἱκε-

209 4953 413 5025 τηρίας
460 4953 550 5008 τὸν
597 4954 817 5023 τρόπον.
860 4953 956 5016 Τίς
994 4952 1053 5005 δὲ
1111 4947 1265 5017 οὗτός
1309 4955 1488 5021 ὲστινς
1541 4956 1673 5011 Ἵνα
1713 4957 1798 5012 δι-

208 5043 430 5113 ανοίξῃ
454 5046 525 5098 τὰ
550 5039 671 5098 ὦτα
690 5043 810 5099 τῶν
836 5044 1093 5113 καρδιῶν
1123 5045 1340 5101 αὐτῶν.
1374 5046 1605 5118 Μέμυκε
1632 5049 1660 5089 b
1691 5049 1798 5123 γὰρ

213 5133 319 5200 ἔτι,
351 5134 447 5187 καί⁵
474 5132 755 5203 βέϐυσται.
787 5128 927 5187 Ὦτα
951 5134 1008 5187 δὲ
1037 5134 1098 5186 οὐ
1124 5134 1298 5188 ταῦτά
1323 5152 1458 5206 φησι
1487 5136 1556 5190 τὰ
1579 5136 1798 5202 ἔξωθεν,

213 5222 357 5278 ἀλλά
374 5224 443 5277 τὰ
462 5223 618 5297 [456]
638 5224 735 5296 τῆς
756 5225 1017 5288 διανοίας.
1039 5226 1219 5279 Ὥστε
1239 5225 1497 5284 ἀκοῦσαι
1521 5227 1560 5283 ἀ
1578 5230 1801 5298 ὀφθαλ-

208 5315 328 5389 μὸς
349 5319 464 5373 οὐκ
480 5313 623 5381 εἶδε,
645 5316 746 5372 καὶ
773 5313 882 5384 οὖς
903 5320 1014 5373 οὐκ
1038 5317 1268 5377 ἤκουσε
1313 5321 1409 5373 καί
1430 5320 1529 5374 ἐπὶ
1550 5321 1802 5391 καρδίαν

283 5463 311 5533 ξ
335 5461 450 5522 Πι,
623 5463 865 5533 τιμᾶσθαι.
891 5461 1041 5533 Edltj,
1064 5463 1191 5533 οὐτω
1211 5465 1439 5533 γίνεσθαι.
1466 5466 1586 5525 Qum
1608 5466 1672 5533 de
1697 5472 1801 5533 ωι-

218 5523 516 5591 gchqmpnis
561 5524 641 5574 hic
662 5525 915 5591 dignatur,
960 5525 1188 5575 niuribus
1206 5523 1465 5589 disquisita
1486 5523 1732 5591 _reperies
1748 5528 1797 5579 in

217 5585 517 5648 Ριζεείείίοηε
538 5585 783 5648 generali.

279 5645 309 5687 1³
331 5646 446 5707 Μελ,
700 5646 853 5709 Error
887 5650 1027 5709 ortus
1058 5659 1121 5696 ex
1155 5647 1479 5699 similitudine
1519 5651 1797 5703 litterarum

218 5713 250 5774 β
277 5716 407 5774 εει-μ,
433 5708 484 5757 in
527 5722 615 5758 ms.
641 5708 1001 5774 evjppjusdam
1047 5716 1104 5759 ut
1154 5709 1322 5759 videre
1345 5713 1501 5773 possis
1537 5714 1587 5763 in
1612 5714 1798 5765 Palea-

215 5769 422 5835 gnphia
438 5776 606 5821 nostra
628 5784 674 5833 p.
704 5769 818 5820 556.

1245 351 1313 408 IN
1352 351 1574 410 EPIST.
1608 353 1651 408 ιι
1690 354 1784 408 AD
1822 355 1982 413 (ΞΟΠ.
2050 358 2284 417 HOMIL.
2324 362 2385 419 Il.

3374 365 3476 421 ιοθ

1900 468 2219 538 ἀνθρώπου
2246 476 2358 528 οὐκ
2384 476 2587 543 ἀνέϐη.
2621 475 2756 530 Οὐδὲ
2780 476 2888 547 γάρ
2914 476 3154 548 ἥκουσαν
3175 475 3285 530 τῶν
3309 477 3478 549 ἀπορ-

1901 559 2080 633 ρήτων
2137 566 2485 636 μυστηρίων,
2543 567 2681 621 ἀλλά
2727 567 2921 640 πόρῤω
2971 584 3076 622 που
3124 568 3220 622 καὶ
3259 569 3478 640 μακρὰν

1898 654 2182 726 ἑστήκασι.
2215 656 2333 711 Κάν
2362 659 2635 712 ἀκούσωσι
2663 659 2744 722 δὲ,
2776 660 2877 713 οὐκ
2904 661 3052 713 ῐσασι
3083 659 3152 713 τά
3182 659 3472 731 λεγόμενω

1899 747 2168 806 συνέσεως
2201 749 2311 819 γάρ
2340 751 2512 803 δεῖται
2547 751 2750 822 πολλῆς
2780 753 2983 815 ἐκεῖνα,
3022 752 3124 805 οὐκ
3159 750 3479 822 ἀκροάσεως

1899 838 2090 908 μόνης·
2127 839 2408 904 τὰςένδον
2442 843 2501 895 δὲ
2533 842 2747 897 οὐδέπω
2777 842 2991 913 ἔχουσιν
3025 844 3214 907 ἀκοάς.
3261 828 3352 895 Διὸ
3384 843 3480 896 καὶ

1899 934 2239 1004 προφητικὸν
2284 935 2471 999 αὐτοῖς
2508 935 2798 1005 ἐπεύχεται
2838 935 3116 1006 χάρισμα’
3162 933 3258 987 καὶ
3301 932 3412 1001 γὰρ
3450 932 3480 984 ὁ

1905 1024 2191 1094 προφήτης
2217 1024 2390 1089 οὕτως
2416 1024 2604 1093 ἔλεγεν
2625 1028 2643 1057 δ
2681 1026 2742 1078 ’0
2771 1026 2917 1092 Θεὸς
2937 1023 3148 1078 δίδωσί
3163 1041 3264 1093 μοι
3282 1025 3482 1092 γλῶσ-

1899 1127 2022 1167 σαν
2041 1116 2336 1183 παιδείας,
2364 1118 2472 1172 τοῦ
2494 1117 2714 1186 γνῶναι
2741 1118 2923 1186 ἡνίκα
2946 1116 3035 1170 δεῖ
3053 1115 3245 1170 εἰπεῖν
3267 1117 3475 1185 λόγον·
3566 1140 3569 1143 λ

1898 1202 1989 1257 ὅτι
2019 1205 2205 1272 αὐτὸς
2228 1208 2456 1278 ἀνοίγει
2475 1227 2595 1277 μου
2620 1210 2687 1263 τὸ
2716 1211 2931 1278 στόμα,
2961 1208 3145 1262 ἔδωκέ
3171 1226 3273 1278 μοι
3308 1207 3477 1275 πρωῒ,

1898 1296 2238 1366 προσέθηκέ
2263 1317 2368 1368 μοι
2426 1301 2606 1354 ὠτίον
2649 1300 2894 1356 ἀκούειν
2912 1312 2958 1354 ι’.
3012 1301 3224 1370 Ὥσπερ
3278 1299 3386 1370 γὰρ
3428 1300 3480 1352 οἱ

1900 1390 2181 1461 προφῆται
2218 1392 2392 1456 ἄλλως
2426 1393 2625 1464 ἤκουον
2669 1393 2822 1464 παρά
2870 1394 3001 1457 τοὺς
3033 1394 3293 1458 πολλοὺς,
3335 1392 3481 1447 οὕτω

1899 1481 1994 1536 καὶ
2020 1482 2071 1535 οί
2106 1483 2291 1538 πιστοὶ
2332 1484 2482 1556 παρὰ
2519 1485 2646 1549 τοὺς
2684 1485 3146 1557 κατηχουμένους.
3197 1482 3478 1537 Ἐντεῦθεν

1903 1573 2167 1643 μανθάνει
2207 1578 2302 1630 καὶ
2339 1578 2368 1630 ὁ
2415 1579 2845 1649 κατηχούμενος,
2885 1580 2958 1652 μὴ
2994 1579 3144 1649 παρά
3176 1575 3482 1644 ἀνθρώπων

1899 1663 2075 1719 ταῦτα
2104 1667 2420 1736 μανθάνειν,
2452 1670 2586 1740 μηδὲ
2617 1669 2839 1724 ἀκούειν
2875 1671 2994 1741 (Μὴ
3024 1669 3325 1735 καλέσητε
3345 1668 3476 1738 γὰρ,

1901 1758 2060 1827 φησὶ,
2095 1758 2475 1816 διδάσκαλον
2503 1763 2600 1816 ἐπὶ
2644 1762 2756 1830 τῆς
2802 1762 2915 1833 γῆς
2931 1764 2973 1830 ),
3010 1761 3126 1816 ἀλλ’
3161 1760 3366 1816 ἀνωθεν
3416 1761 3482 1813 ὲκ

1898 1850 2009 1935 τῶν
2029 1851 2292 1924 οὐρανῶνο
2328 1855 2617 1909 Ἔσονται
2638 1856 2746 1928 γὰρ
2775 1853 2999 1922 πάντες
3020 1853 3282 1909 διδακτοὶ
3308 1853 3479 1908 Θεοῦ.

1899 1940 1993 1994 Διὸ
2023 1958 2186 2011 φησι’
2222 1944 2331 1998 Καὶ
2361 1945 2686 2014 κατηχήσῃ
2718 1945 2942 2011 αὐτοὺς
2977 1944 3086 1998 τὸν
3135 1944 3323 2012 λόγον
3370 1941 3483 2011 τῆς

1900 2032 2209 2100 ἀληθείας
2239 2035 2380 2089 ὥστε
2418 2034 2631 2091 ἔνδοθεν
2658 2037 2842 2099 αὐτοῖς
2873 2035 3206 2106 ὲνηχεῖσθαι.
3255 2036 3342 2098 Ὠς
3373 2033 3482 2106 γὰρ

1901 2123 2103 2179 ειδέναι
2149 2128 2276 2197 χρὴ,
2308 2127 2520 2182 οὐδέπω
2550 2129 2699 2181 ι’σασι
2732 2127 2825 2181 τὸν
2855 2127 3015 2195 λόγον
3046 2126 3145 2196 τῆς
3198 2125 3481 2196 ἀληθείας.

1903 2216 2030 2270 Ἵνα
2050 2220 2425 2288 κατασπείρῃ
2442 2219 2551 2274 τὸν
2572 2221 2762 2289 φόϐον
2775 2219 2963 2274 αὑτοῦ
2987 2220 3058 2273 ἐν
3076 2219 3301 2285 αὐτοῖς.
3341 2217 3484 2271 Ἀλλ’

1901 2310 2003 2363 οὐκ
2032 2312 2197 2381 ἀρκεῖ
2222 2311 2385 2366 τοῦτο
2403 2331 2417 2344 ·
2445 2313 2514 2367 τὰ
2559 2312 2658 2384 μὲν
2683 2312 2791 2385 γὰρ
2826 2312 2991 2366 ἔπεσε
3023 2312 3174 2386 παρά
3202 2311 3301 2383 τὴν
3338 2312 3480 2374 ὁδὸν,

1899 2401 1970 2456 τά
1997 2402 2055 2456 δὲ
2086 2403 2178 2456 ἐπὶ
2206 2404 2307 2473 τῆς
2328 2406 2556 2476 πέτρας.

1960 2502 2039 2561 ς’.
2057 2496 2198 2550 Ἀλλ’
2226 2498 2388 2567 ἡμεῖς
2406 2499 2506 2569 οὐχ
2533 2497 2706 2562 οὕτως
2737 2498 2890 2552 αίτοῦ
2900 2514 3020 2569 μεν·
3051 2497 3164 2550 ἀλλ’
3183 2496 3374 2567 ὥσπερ
3389 2494 3484 2550 ἐπὶ

1900 2585 2007 2656 γῆς
2048 2586 2287 2658 λιπαρᾶς
2318 2589 2527 2659 ἀνοίγει
2559 2591 2658 2653 τὰς
2688 2589 2931 2649 αὔλακας
2959 2589 3021 2642 τὸ
3051 2589 3301 2661 ἄροτρον,
3337 2589 3483 2643 οὕτω

1900 2681 1996 2734 καί⁵
2022 2679 2256 2735 ἐνταῦθα
2296 2674 2551 2751 γενέσθαι
2591 2683 2859 2751 δεόμεθα,
2908 2682 3050 2737 ὥστε
3094 2682 3392 2747 νεωθέντας
3422 2683 3481 2737 ἐν

1899 2773 1979 2843 τῷ
2014 2774 2169 2845 βάθει
2200 2775 2301 2839 τῆς
2331 2776 2570 2840 διανοίας
2600 2775 2857 2844 δέξασθαι
2891 2775 2962 2829 τὰ
3007 2774 3482 2846 καταϐαλλόμενα,

1901 2862 1997 2916 καὶ
2048 2865 2158 2916 πᾶν
2197 2863 2336 2935 ὅπερ
2367 2864 2609 2930 ἥκουσαν
2648 2865 2792 2934 μετά
2837 2864 3125 2936 ἀκριϐείας
3166 2866 3481 2935 κατασχεῖν.

1900 2955 1993 3007 Διὸ
2018 2955 2112 3008 καὶ
2124 2956 2323 3024 ἐπάγει
2333 2956 2529 3025 λέγων’
2553 2956 2977 3026 Καίβεὸαιώσῃ
2997 2956 3113 3026 τὴν
3140 2957 3350 3012 πίστιν
3378 2957 3487 3012 αὑ·-

1902 3049 2009 3103 τοῦ
2037 3049 2107 3102 ἐν
2152 3050 2283 3117 ταῖς
2317 3050 2614 3117 διανοίαις
2657 3051 2867 3107 αὑτοῦ.
2919 3052 3245 3116 Τουτέστιν,
3273 3051 3362 3105 ῖνα
3406 3052 3485 3123 μὴ

1900 3142 2231 3213 ὲξεπιπολῆς
2270 3143 2491 3215 κέηται,
2521 3144 2639 3197 ἀλλ’
2670 3144 2760 3198 ῖνα
2797 3141 2939 3198 κατά
2981 3143 3181 3214 βάθους
3218 3142 3356 3213 βάλῃ
3386 3142 3486 3213 τὴν

1904 3233 2080 3304 ῥίζαν.
2111 3236 2245 3289 Ἵνα
2271 3235 2642 3305 ἀποκαλύψῃ
2675 3233 2881 3301 αὐτοῖς
2904 3232 3352 3304 τὸέὺαγτέλιον
3373 3232 3488 3303 τῆς

1901 3323 2319 3393 δικαιοσύνης.
2354 3327 2607 3380 Δείκνυσι
2639 3325 2863 3381 διπλοῦν
2892 3326 2953 3379 τὸ
2977 3326 3265 3396 κάλυμμαο
3292 3324 3354 3379 τὸ
3385 3325 3487 3396 μὲν

1902 3415 1993 3470 διά
2024 3417 2088 3470 τὸ
2124 3417 2428 3488 μεμυκέναι
2476 3417 2660 3471 αὐτῶν
2698 3417 2828 3481 τοὺς
2872 3416 3188 3487 ὀφθαλμοὺς
3226 3416 3327 3485 τῆς
3364 3412 3485 3469 δια·

1904 3508 2075 3572 νοίας,
2105 3508 2165 3561 τὸ
2187 3509 2245 3561 δὲ
2270 3508 2360 3562 διὰ
2386 3508 2449 3563 τὸ
2477 3508 2822 3579 κεκαλύφθαι
2849 3509 3035 3572 αὐτοῖς
3057 3507 3119 3560 τὸ
3139 3505 3481 3576 εὐαγγέλιον.

1904 3598 1996 3651 Διὸ
2031 3598 2290 3669 ἀνωτέρω
2344 3599 2442 3669 μὲν
2486 3599 2693 3668 ἔλεγενο
2747 3599 2885 3653 Ἵνα
2932 3597 3207 3666 διανοίξῃ
3249 3597 3322 3651 τὰ
3364 3592 3487 3651 ὦτα

1902 3690 2022 3744 τῶν
2052 3689 2312 3758 καρδιῶν
2339 3689 2556 3744 αὐτῶν·
2590 3688 2826 3743 ἐνταῦθα
2853 3690 2932 3753 δὲ,
2966 3690 3091 3744 Ἵνα
3113 3688 3486 3760 ἀποκαλύψῃ

1902 3781 2107 3847 αὐτοῖς
2128 3781 2198 3835 τὸ
2226 3781 2581 3851 εὐαγγέλιον
2604 3779 2712 3849 τῆς
2740 3780 3154 3849 δικαιοσύνηςο
3179 3780 3483 3847 τουτέστιν,

1904 3874 1993 3932 ἵνα
2033 3874 2129 3929 καὶ
2175 3875 2373 3937 αὐτοὺς
2426 3876 2622 3943 σοφοὺς
2665 3874 2969 3944 ἐργάσηται
3004 3874 3100 3927 καὶ
3142 3873 3485 3943 ἐπιτηδείους

1904 3968 2042 4037 πρὸς
2077 3966 2367 4036 ὑποδοχὴν,
2412 3967 2506 4020 καὶ
2551 3967 2638 4020 ἵνα
2692 3965 2901 4036 διδάξῃ,
2951 3965 3048 4019 καὶ
3085 3964 3373 4038 καταϐάλῃ
3414 3966 3485 4020 τά

1906 4061 2219 4131 σπέρματα.
2254 4060 2353 4112 "Av
2377 4075 2438 4111 τε
2461 4059 2571 4129 γὰρ
2596 4058 2890 4128 ἐπιτήδειοι
2915 4051 3070 4121 ὦσιν,
3091 4055 3244 4110 οὐδὲν
3267 4055 3480 4125 ὄφελος,

1904 4150 1998 4205 τοῦ
2032 4150 2168 4204 Θεοῦ
2219 4151 2294 4222 μὴ
2326 4150 2784 4213 ὲκκαλύπτοντος⁶
2820 4150 2886 4203 ἄν
2923 4166 2982 4202 τε
3017 4147 3366 4221 ἀποκαλύψῃ,
3406 4149 3482 4220 μὴ

1903 4242 2163 4308 δέξωνται
2195 4242 2273 4307 δὲ,
2306 4243 2468 4297 πάλιν
2493 4244 2573 4306 εἰς
2596 4243 2659 4296 τὸ
2685 4242 2819 4296 αὐτὸ
2848 4243 2882 4313 ἡ
2907 4240 3080 4311 ζημία
3114 4241 3479 4311 περιίσταται.

1905 4337 2003 4389 Διά
2040 4334 2201 4388 τοῦτο
2244 4336 2534 4408 ἀμφότερα
2567 4334 2851 4405 αἰτοῦμεν,
2896 4335 2983 4386 ἵνα
3027 4333 3122 4387 καὶ
3155 4332 3339 4404 ἀνοίξῃ
3382 4331 3484 4395 τὰς

1903 4430 2151 4503 καρδίας,
2177 4429 2273 4483 καὶ
2296 4427 2626 4499 ἀποκαλύψῃ
2654 4426 2716 4480 τὸ
2742 4425 3081 4494 εὐαγγέλιον.
3112 4423 3245 4477 Οὐδὲ
3274 4423 3405 4493 γὰρ,
3434 4424 3484 4476 εί

1905 4524 2109 4593 κόσμος
2130 4521 2310 4576 κέοιτο
2337 4519 2614 4591 βασιλικὸς
2637 4516 2845 4572 ἀνωθεν
2868 4515 3306 4586 κεκαλυμμένος,
3330 4513 3483 4568 ἔσται

1902 4636 1958 4672 τι
1988 4617 2152 4670 πλέον
2188 4614 2485 4686 ὀφθαλμῶν
2527 4613 2851 4683 βλεπόντων·
2890 4608 3079 4680 ῶσπερ
3108 4603 3202 4662 οὖν
3235 4607 3357 4661 οὐδὲ
3387 4623 3485 4675 γε·-

1904 4707 2290 4781 γυμνωμένου,
2343 4705 2550 4759 τούτων
2606 4702 2682 4774 μὴ
2727 4700 3128 4773 ἐγρηγορότων.
3190 4699 3378 4753 Ταῦτα
3426 4699 3485 4753 δὲ

1906 4801 2194 4872 ἀμφότερα
2218 4798 2429 4868 γίνεται
2448 4840 2462 4863 ,
2499 4794 2566 4849 ἂν
2592 4796 2791 4848 ἐκεῖνοι
2824 4793 3056 4846 ἕλωνται
3086 4791 3373 4863 πρότερον.
3418 4791 3486 4845 Τί

1905 4895 1969 4965 δή
2027 4896 2209 4957 ἐστιν,
2256 4889 2627 4959 Εὐαγγέλιον
2684 4886 3116 4953 δικαιοσύνης;
3170 4885 3243 4939 Τὸ
3296 4884 3485 4939 ποιοῦν

1906 4984 2167 5049 δικαίους.
2193 4983 2293 5037 Διά
2315 4981 2520 5035 τούτων
2543 4977 2652 5049 γὰρ
2678 4980 2759 5042 εἰς
2793 4976 3095 5048 ἐπιθυμίαν
3135 4976 3333 5042 αὐτοὺς
3358 4976 3484 5048 ἀγει

1907 5076 2000 5132 τοῦ
2063 5075 2470 5147 βαπτίσματος,
2521 5070 2738 5133 δεικνὺς
2791 5069 2872 5122 ὃτι
2927 5068 3025 5138 οὐχ
3071 5068 3486 5140 ἁμαρτημάτων

1906 5167 2158 5240 ἀφέσεως
2195 5169 2312 5220 ἐστι
2368 5165 2529 5235 μόνον
2575 5162 2637 5216 τὸ
2693 5161 3038 5230 εὐαγγέλιον,
3081 5160 3221 5215 ἀλλά
3269 5160 3366 5214 καὶ
3405 5161 3486 5214 δι-

1908 5259 2206 5331 καιοσύνης
2233 5257 2386 5330 [457]
2429 5254 2732 5326 ποιητικόν.
2768 5254 2893 5309 Ἵνα
2925 5252 3131 5319 αὐτοῖς
3157 5251 3290 5320 δοίη
3333 5251 3488 5307 νοῦν

1907 5355 2148 5418 ἔνθεον,
2179 5349 2462 5419 σώφρονα
2490 5345 2808 5416 λογισμὸν,
2851 5344 2952 5400 καὶ
2996 5344 3280 5414 ἐνάρετον
3312 5347 3486 5398 πολι-

1907 5444 2093 5499 τείαν.
2141 5437 2518 5493 ’Ᾱκουέτωσαν
2559 5437 2610 5489 οἱ
2649 5435 2851 5500 πιστοὶ,
2888 5435 3005 5488 ὅσοι
3053 5435 3167 5498 τοῖς
3213 5433 3486 5504 βιωτικοῖς

1907 5540 2012 5593 είσι
2046 5529 2460 5605 προσηλωμένοι
2487 5528 2826 5600 πράγμασιν.
2858 5527 2921 5581 Εἰ
2943 5527 3049 5599 γάρ
3072 5528 3186 5590 τοῖς
3213 5525 3483 5596 ἀμυήτοις

1979 5776 2003 5807 ο
2033 5772 2143 5831 Με,
2168 5768 2376 5831 ἀκούειν,
2397 5774 2451 5819 el
2469 5770 2538 5821 ila
2560 5768 2748 5832 legitur
2771 5764 2821 5819 in
2848 5765 3039 5818 Bibliis.
3062 5763 3233 5824 Edim,
3266 5761 3453 5813 ἀκοῦον.
