4068 6422
606 355 710 412 401

603 470 942 545 κελευόμεθα
957 470 1132 525 ταῦτα
1147 470 1340 534 αἰτεῖν,
1363 467 1616 539 ἐννόησον
1637 469 1696 520 ἐν
1713 467 1856 521 τίσιν
1875 468 2024 539 ἡμᾶς
2047 461 2186 520 εἶναι

609 563 738 634 χρὴ,
763 564 893 626 τοὺς
918 561 1092 615 ταῦτα
1121 559 1327 630 ἑτέροις
1351 557 1656 621 αἰτοῦνταςι
1689 559 1783 612 καὶ
1812 557 1922 628 769
1950 557 2186 627 ἐφάμιλ-

604 653 699 707 λον
743 654 828 706 δεῖ
857 651 932 722 τῷ
970 651 1288 721 Εὐαγγελίῳ
1329 650 1429 720 τὴν
1474 649 1750 703 πολιτείαν
1799 649 1964 719 ἐχειν.
2001 648 2092 701 Διὸ
2123 647 2187 717 δὴ
2211 640 2252 652 ”

609 743 706 794 καὶ
729 741 830 810 τῆς
867 740 1032 810 εὐχῆς
1075 741 1104 792 6
1148 738 1312 808 νόμος
1350 739 1456 793 άπὸ
1496 739 1604 792 τῶν
1629 737 1916 808 δογμάτων
1949 738 2042 791 ἐπὶ
2088 736 2188 808 τὴν

611 832 889 885 πολιτείαν
923 831 1256 902 μεταϐαίνει.
1289 831 1477 885 Εἰπὼν
1498 830 1630 902 769,
1666 831 1800 885 Ἵνα
1817 831 2186 899 ἀποκαλύψῃ

607 921 812 986 αὐτοῖς
835 921 901 975 τὸ
925 920 1281 992 εὐαγγέλιον
1309 921 1419 991 τῆς
1445 921 1854 988 δικαιοσύνης,
1881 922 2184 992 ἐπήγαγενο

608 1011 735 1064 Ἵνα
764 1009 848 1076 δῷ
873 1010 1077 1078 αὐτοῖς
1117 1011 1267 1066 νοῦν
1293 1010 1524 1065 ἔνθεον.
1556 1009 1620 1061 Τί
1651 1007 1710 1062 δέ
1738 1011 1907 1073 ἐστιν,
1940 1008 2150 1062 ἔνθεον
2166 1023 2186 1070 ;

610 1101 726 1154 Ἵνα
767 1103 795 1155 ό
823 1101 955 1165 Θεὸς
983 1103 1107 1173 οἰκῇ
1153 1103 1212 1156 ἐν
1248 1101 1417 1173 αὐτῷ·
1465 1100 1791 1167 Ἐνοικήσω
1825 1099 1957 1171 γὰρ,
2000 1098 2186 1169 φησὶν,

610 1195 682 1247 ἐν
711 1193 917 1261 αὐτοῖς
951 1194 1053 1248 καὶ
1084 1192 1564 1264 ἐμπεριπατήσω.
1606 1194 1776 1247 Ὅταν
1808 1191 1917 1262 769
1962 1189 2190 1260 γένηται

609 1284 817 1348 δίκαιος
865 1286 894 1338 6
949 1284 1072 1349 νοῦς
1093 1325 1108 1348 ,
1157 1286 1284 1338 ὅταν
1315 1285 1650 1354 άποδύσηται
1683 1285 1750 1338 16
1777 1282 2188 1353 ἁμαρτήματα,

610 1370 760 1438 οἳκος
793 1375 1002 1443 γίνεται
1031 1375 1126 1429 τοῦ
1159 1375 1316 1430 Θεοῦ·
1354 1377 1482 1431 ὅταν
1507 1377 1565 1430 δὲ
1591 1378 1620 1430 6
1651 1375 1784 1439 Θεὸς
1809 1375 2013 1444 ἐνοικῇ,
2035 1372 2192 1426 οὐδὲν

615 1467 955 1538 ἀνθρώπινον
989 1467 1142 1522 ἔσται
1170 1468 1377 1526 λοιπόν.
1411 1469 1524 1525 Καὶ
1550 1467 1692 1524 οὕτω
1716 1469 1925 1538 γίνεται
1950 1465 2137 1529 ένθους
2162 1465 2192 1518 6

613 1560 759 1628 νοῦς,
797 1559 1014 1615 ἅπαντα
1043 1559 1414 1632 φθεγγόμενος
1460 1560 1670 1615 ἐκεῖθεν
1690 1600 1707 1626 ,
1749 1558 1939 1630 ῶσπερ
1971 1553 2064 1611 οῦν
2096 1556 2193 1610 1161

612 1653 764 1719 οἶκος
786 1654 880 1709 τοῦ
907 1653 1042 1708 Θεοῦ
1082 1654 1230 1710 ἔνδον
1257 1655 1554 1720 οἰκοῦντος.
1605 1655 1664 1709 ’0
1692 1651 2061 1725 αἰσχρολογῶν
2084 1651 2193 1723 ἄρα

615 1747 718 1800 οὐκ
745 1745 859 1818 ἔχει
886 1745 1066 1799 ένθεον
1099 1745 1248 1810 νοῦν,
1279 1745 1400 1798 οὐδὲ
1439 1747 1469 1799 6
1510 1743 1845 1816 εὐτραπελίᾳ
1873 1745 1968 1797 καὶ
1991 1741 2193 1811 γέλωτι

615 1837 845 1908 χαίρων.
883 1835 1169 1906 Σώφρονα
1197 1835 1512 1905 λογισμόν.
1543 1836 1657 1890 Καὶ
1687 1833 1741 1887 τί
1771 1833 1902 1887 ποτέ
1937 1834 2054 1886 ἐστι
2089 1829 2195 1884 σώ-

617 1944 792 1997 φρονα
818 1925 1078 1998 λογισμὸν
1109 1925 1288 1998 ἐχεινς
1323 1925 1397 1979 Τὸ
1420 1925 1520 1995 τὴν
1550 1924 1739 1994 ὑγείαν
1773 1921 2071 1995 κεκτῆσθαι
2093 1920 2193 1991 τὴν

617 2020 761 2074 κατὰ
778 2018 975 2091 ψυχήνο
1000 2017 1075 2084 ὼς
1095 2020 1124 2073 6
1145 2036 1208 2087 γε
1232 2019 1595 2090 κατεχόμενος
1615 2015 1882 2089 ἐπιθυμίᾳ
1902 2013 2192 2086 πονηρίας,

617 2111 712 2167 καὶ
744 2110 882 2181 πρὸς
917 2111 988 2164 16
1032 2110 1276 2182 παρόντα
1311 2109 1646 2181 ἐπτοημένος
1668 2149 1684 2174 ,
1723 2109 1826 2163 οὐκ
1857 2107 1923 2163 ἂν
1967 2107 2054 2178 εῐη
2091 2105 2196 2159 σώ-

617 2219 793 2275 φροον,
820 2201 1118 2266 τουτέστιν,
1158 2202 1335 2272 ὑγιής.
1361 2202 1470 2256 Καὶ
1495 2201 1686 2274 ὥσπερ
1714 2203 1744 2256 ό
1766 2199 1939 2254 νοσῶν
1967 2198 2063 2252 καὶ
2087 2196 2196 2252 τῶν

617 2295 680 2349 06
734 2294 1124 2364 προσηκόντων
1176 2293 1456 2364 ἐπιθυμεῖ,
1511 2291 1656 2346 οὕτω
1704 2277 1802 2344 καῖ
1856 2284 2032 2352 0610;.
2083 2285 2196 2342 Καὶ

616 2382 900 2450 ἐνάρετον
952 2382 1287 2437 πολιτείαν.
1346 2382 1426 2435 T6
1476 2380 1585 2452 769
1630 2380 1879 2450 δόγματα
1922 2375 2194 2439 πολιτείας

618 2475 806 2545 χρείαν
841 2474 978 2544 ἔχει.
1006 2473 1299 2531 Ἀκούσατε
1320 2474 1546 2542 τούτων,
1575 2474 1625 2526 οί
1654 2473 1790 2542 πρὸς
1813 2471 1891 2542 τῷ
1917 2471 2065 2525 τέλει
2099 2468 2194 2523 τοῦ

621 2567 739 2638 βίου
777 2566 870 2619 ἐπὶ
903 2566 962 2619 τὸ
998 2565 1284 2637 βάπτισμα
1323 2567 1515 2631 ἰόντες.
1574 2566 1768 2637 Ἡμεῖς
1812 2565 1912 2635 μὲν
1949 2563 2059 2634 γὰρ
2101 2563 2195 2615 εὐ-

620 2658 848 2729 χόμεθα,
886 2657 971 2711 ἵνα
1006 2657 1146 2728 μετὰ
1171 2657 1234 2710 τὸ
1264 2657 1549 2730 βάπτισμα
1582 2658 1675 2710 καὶ
1701 2654 1979 2709 πολιτείαν
2006 2654 2195 2724 σχῆτε⁸

620 2752 687 2803 σὺ
718 2749 777 2802 δέ
826 2749 1077 2812 σπεύδεις
1119 2749 1217 2803 καὶ
1262 2749 1440 2804 πάντα
1488 2750 1685 2814 ποιεῖς,
1731 2747 1874 2802 ὥστε
1920 2744 2196 2806 πολιτείας

619 2841 826 2912 ἔρημος
853 2839 1127 2895 ἀπελθεῖν.
1163 2840 1230 2894 Τί
1271 2840 1404 2914 769,
1453 2841 1501 2894 εἰ
1531 2842 1625 2895 καὶ
1657 2840 1864 2904 δίκαιος
1897 2838 2045 2909 γίνῃ.
2081 2836 2198 2891 ἀλλ’

620 2933 732 2988 άπὸ
762 2932 862 3003 τῆς
887 2931 1124 2996 πίστεως
1154 2933 1358 3003 μόνης;
1397 2933 1588 3002 Ἡμεῖς
1610 2932 1670 2986 δέ
1705 2934 1801 2985 καὶ
1834 2930 1933 3002 τὴν
1963 2929 2071 2999 ἀπὸ
2091 2928 2198 2982 τῶν

622 3023 1064 3095 κατορθωμάτων
1088 3023 1362 3094 εὐχόμεθα
1392 3027 1539 3094 σχεῖν
1577 3024 1913 3096 παρρησίαν.
1941 3025 2198 3077 Διαπαν-

619 3116 726 3182 τὸς
763 3115 837 3170 τὰ
861 3115 1047 3170 αὑτοῦ
1089 3115 1272 3180 νοεῖν,
1301 3115 1374 3170 τὰ
1402 3115 1590 3171 αὐτοῦ
1619 3114 1886 3184 φρονεῖν,
1914 3115 1984 3170 τὰ
2011 3112 2198 3168 αὐτοῦ

614 3206 901 3278 μελετᾶν.
933 3207 1195 3280 Σώφρονα
1222 3207 1330 3280 769
1363 3206 1623 3278 λογισμὸν
1643 3207 1740 3260 καὶ
1763 3207 2018 3278 ἐνάρετον
2044 3204 2200 3258 πολι·

619 3299 772 3352 τείαν
811 3298 873 3352 06
917 3298 1045 3370 μίαν
1081 3298 1297 3371 ἡμέραν
1341 3299 1464 3353 0666
1502 3297 1596 3352 660
1633 3298 1732 3353 καὶ
1759 3301 1911 3371 τρεῖς
1939 3297 2199 3369 αἰτοῦμεν

625 3390 808 3461 μόνον,
841 3390 976 3444 ἀλλὰ
1008 3389 1098 3445 616
1124 3391 1326 3455 παντὸς
1365 3389 1461 3444 τοῦ
1494 3391 1609 3463 βίου
1645 3391 1739 3445 καί⁵
1773 3391 1872 3462 τῆς
1906 3391 2071 3465 ζωῆς,
2105 3389 2201 3443 καὶ

622 3484 722 3552 τὴν
768 3482 1026 3536 ὑπόθεσιν
1069 3482 1175 3536 τῶν
1220 3482 1444 3550 ἀγαθῶν
1478 3483 1755 3550 ἁπάντων,
1807 3481 1871 3534 τὸ
1918 3481 1988 3535 16
2033 3479 2198 3535 66106

623 3577 860 3647 φρονεῖν.
898 3577 964 3628 Οί
993 3573 1105 3643 γὰρ
1136 3575 1358 3628 πολλοὶ
1397 3572 1472 3628 τὰ
1509 3573 1742 3629 ἑαυτῶν
1785 3573 2086 3643 ζητοῦσιν,
2128 3574 2201 3627 οὐ

621 3666 696 3720 τὰ
728 3667 924 3735 Ἰησοῦ
951 3666 1229 3734 Χριστοῦ.
1260 3666 1386 3730 Πῶς
1418 3663 1511 3719 οῦν
1545 3666 1704 3720 τοῦτο
1736 3665 1803 3720 ἂν
1832 3665 2076 3734 γένοιτο;
2122 3665 2203 3719 δεῖ

623 3759 733 3830 769
775 3757 916 3830 μετὰ
945 3757 1044 3829 τῆς
1085 3757 1261 3829 εὐχῆς.
1284 3757 1379 3812 καὶ
1410 3757 1478 3811 τὰ
1509 3758 1640 3830 παρ’
1675 3757 1885 3811 ἐαυτῶν
1919 3758 2202 3826 συνεισφέ-

627 3867 762 3921 ρειν.
798 3850 924 3904 Ἐὰν
961 3853 1020 3904 ἐν
1049 3848 1127 3921 τῷ
1155 3849 1304 3921 νόμῳ
1341 3850 1509 3905 αὐτοῦ
1535 3848 1957 3919 καταγινώμεθα
1983 3849 2203 3921 ἡμέρας

623 3942 723 3997 καὶ
776 3941 993 4005 νυκτόςο
1039 3941 1120 3995 διὸ
1163 3942 1258 3996 καὶ
1310 3941 1507 4011 ἐπάγει
1530 3942 1689 3996 τοῦτο
1736 3941 1906 3996 αἰτῶν
1937 3957 1951 3971 ·
1999 3943 2094 3995 Ἐν
2121 3940 2202 4006 τῷ

623 4034 786 4104 νόμῳ
841 4032 1031 4087 αὐτοῦ
1083 4035 1529 4102 καταγίνεσθαι.
1581 4034 1690 4086 Καὶ
1734 4033 1924 4104 ὥσπερ
1957 4034 2068 4088 ἄνω
2118 4033 2200 4094 16,

623 4125 976 4191 Διαπαντός,
1035 4121 1212 4189 εἶπεν,
1266 4123 1441 4189 οὕτως
1489 4123 1750 4190 ἐνταῦθα,
1813 4125 2054 4193 Ἡμέρας
2103 4123 2202 4178 καὶ

622 4213 868 4280 νυκτός.
893 4214 986 4267 Διὸ
1011 4213 1109 4267 καὶ
1134 4213 1460 4285 αἰσχύνομαι
1481 4214 1569 4268 616
1592 4215 1718 4278 106;
1739 4212 1886 4278 ἅπαξ
1904 4211 2000 4267 τοῦ
2027 4215 2204 4266 ἐνιαυ-

623 4303 721 4358 τοῦ
749 4304 904 4375 μόλις
931 4306 990 4358 ἐν
1018 4304 1285 4374 ἐκκλησίᾳ
1313 4307 1695 4376 φαινομένους.
1728 4303 1863 4358 Τίνα
1885 4303 1994 4375 γὰρ
2027 4305 2203 4373 σχοῖεν

621 4395 924 4464 ἀπολογίαν
945 4397 992 4448 οἰ
1015 4395 1083 4448 δι’
1108 4394 1322 4466 ἡμέρας
1343 4396 1436 4449 καὶ
1457 4395 1649 4459 νυκτὸς
1670 4395 1769 4466 οὐχ
1792 4395 1976 4458 ἁπλῶς
1993 4394 2203 4466 όμιλεῖν

625 4485 706 4557 τῷ
736 4487 907 4557 νόμῳ,
944 4486 1082 4541 6116
1112 4487 1504 4555 καταγίνεσθαι
1553 4487 1925 4558 κελευόμενοι,
1956 4486 2205 4540 τουτέστι

627 4577 1108 4648 προσαδολεσχεῖν,
1146 4577 1242 4630 καὶ
1286 4577 1424 4648 μηδέ
1471 4577 1533 4630 τὸ
1579 4577 1868 4631 πολλοστὸν
1912 4577 2078 4651 μέρος
2106 4578 2206 4647 τῆς

624 4663 776 4736 ζωῆς
807 4666 970 4721 τοῦτο
998 4665 1313 4730 ποιοῦντες,
1359 4665 1468 4719 τῶν
1508 4666 1738 4721 ἐντολῶν
1785 4667 1950 4720 αὐτοῦ
1993 4685 2207 4742 μνημο-

625 4756 826 4820 νεύειν,
855 4757 924 4811 16
949 4755 1295 4827 δικαιώματα
1324 4756 1487 4810 αὐτοῦ
1519 4758 1846 4827 φυλάσσειν;

698 4849 764 4916 ζ’.
793 4845 947 4914 Εἶδες
974 4850 1160 4921 σειρὰν
1198 4850 1451 4920 ἀρίστην,
1493 4851 1586 4904 καὶ
1614 4851 1733 4916 πῶς
1759 4852 1992 4909 ἕκαστον
2026 4853 2207 4910 αὐτῶν

628 4939 724 4994 τοῦ
765 4939 915 5014 [458]
965 4941 1194 5012 πλησίον
1237 4940 1441 5011 ἔχεται,
1491 4943 1672 5014 πάσης
1715 4945 1923 5015 χρυσῆς
1967 4945 2210 5011 ἁλύσεως

627 5033 1037 5106 ἀσφαλέστερόν
1079 5051 1140 5087 τε
1176 5035 1270 5088 καὶ
1319 5035 1762 5107 εὐπρεπέστερον
1811 5038 2206 5108 συγκείμενον;

629 5122 873 5194 Δίτήσας
894 5123 1005 5195 γὰρ
1027 5122 1152 5177 νοῦν
1173 5123 1376 5190 ἔνθεον,
1400 5125 1548 5194 λέγει
1576 5126 1693 5191 πῶς
1717 5127 1784 5180 ἂν
1805 5127 2013 5196 γένοιτο
2032 5121 2206 5193 οὗτος.

633 5215 760 5278 Πῶς
780 5215 826 5268 δ’
846 5214 915 5269 ἂν
942 5216 1154 5284 γένοιτο
1175 5233 1188 5284 ;
1227 5217 1323 5271 Ἐκ
1344 5217 1440 5271 τοῦ
1461 5219 1752 5284 διαπαντὸς
1773 5219 1934 5274 αὐτὸν
1957 5220 2206 5293 μελετᾷν.

632 5305 806 5361 Τοῦτο
836 5307 894 5360 δὲ
924 5309 1038 5373 πῶς
1073 5308 1139 5363 ἂν
1175 5310 1447 5382 συμϐαἰη;
1505 5311 1599 5366 Ἐκ
1631 5312 1727 5366 τοῦ
1755 5311 1832 5383 τῷ
1862 5312 2011 5384 νόμῳ
2041 5332 2211 5386 προσ-

634 5398 780 5470 έχειν
823 5398 1109 5470 διηνεκῶς.
1161 5401 1287 5465 Πῶς
1337 5402 1382 5455 6‘
1419 5401 1485 5456 ἂν
1527 5403 1882 5474 πεισθείησαν
1930 5405 2211 5476 ἄνθρωποι

633 5491 830 5559 τοῦτο,
873 5493 936 5546 El
965 5493 1064 5556 16;
1091 5494 1309 5559 ἐντολὰς
1351 5496 1517 5550 αὐτοῦ
1543 5499 1784 5568 τηροῖεν*
1825 5499 2026 5568 μᾶλλον
2064 5500 2120 5553 δέ
2148 5503 2212 5553 ἐκ

633 5581 730 5634 τοῦ
758 5581 838 5652 τῷ
874 5581 1025 5653 νόμῳ
1070 5585 1390 5654 προσέχειν,
1423 5585 1520 5638 καὶ
1546 5586 1608 5638 τὸ
1641 5587 1739 5649 16;
1778 5587 1998 5651 ἐντολάς
2022 5593 2213 5660 τηρεῖν

637 5674 868 5734 γίνεται·
905 5673 1095 5746 ῶσπερ
1119 5670 1212 5730 οὖν
1243 5677 1338 5731 καὶ
1363 5679 1426 5730 ἐκ
1452 5677 1546 5729 τοῦ
1573 5678 1641 5730 16
1670 5677 1838 5731 66106
1869 5682 2087 5749 φρονεῖν
2120 5683 2215 5735 καὶ

633 5755 819 5820 ’ἔνθεον
854 5764 999 5836 ἔχειν
1050 5767 1195 5836 νοῦν,
1230 5769 1291 5823 τὸ
1335 5769 1404 5823 τὰ
1449 5769 1614 5825 αὐτοῦ
1654 5770 1902 5842 μελετᾷν.
1948 5772 2214 5830 Ἐκαστον

1358 354 1417 408 S.
1453 349 1744 406 JOANMS
1778 345 2272 404 CHRYSOSTOMI
2311 347 2638 406 ARCHIEP.
2687 348 3238 408 CONSTANTINOP.

3730 357 3815 414 ιιι

2296 469 2407 540 769
2449 469 2560 523 τῶν
2603 470 2912 542 εἰρημένων
2947 467 3042 522 καὶ
3079 468 3576 538 συγκατασκευάζει
3616 469 3672 524 16
3704 473 3819 544 πλη·

2297 561 2434 626 σίον,
2470 561 2566 616 καὶ
2600 560 3179 629 συγκατασκευάζεται
3229 561 3361 632 παρ’
3401 559 3594 628 αὐτοῦ,
3633 563 3823 633 συνέχον

2299 670 2354 707 τε
2401 654 2533 708 αὐτὸ
2561 653 2658 708 καὶ
2688 653 3048 724 συνεχόμενον
3076 655 3208 722 παρ’
3248 650 3434 707 αὐτοῦ.
3481 653 3596 706 Ἔτι
3625 653 3824 708 ἐκτενέ-

2295 764 2514 816 στερον
2539 747 2691 816 ὑπὲρ
2715 745 2913 801 αὐτῶν
2945 745 3474 816 παρακαλέσωμεν.
3510 745 3712 818 Ἐπειδὴ
3735 746 3826 817 γὰρ

2295 839 2354 892 ἐν
2384 838 2465 910 τῷ
2502 837 2696 909 μακρῷ
2735 837 2880 909 λόγῳ
2910 836 3381 909 καταδαρθάνειν⁶
3411 835 3595 890 εἴωθεν
3624 837 3657 907 ἡ
3683 836 3824 907 ψυχὴ,

2296 929 2458 984 πάλιν
2497 929 2668 1000 αὐτὴν
2699 929 3026 998 διανίστησι.
3067 928 3298 998 Μεγάλα
3326 929 3435 1000 769
3469 927 3701 999 βούλεταί
3728 945 3828 981 τινα

2295 1021 2514 1092 αἰτῆσαι
2533 1021 2697 1076 πάλιν
2721 1021 2817 1074 καὶ
2838 1020 3038 1090 ὐψηλάο
3059 1020 3140 1074 διό
3162 1037 3350 1092 φησιν’
3375 1021 3502 1077 Ἔτι
3522 1019 3828 1073 ἐκτενέστε-

2287 1128 2403 1181 ρον
2451 1110 2607 1180 ὐπὲρ
2652 1109 2853 1166 αὐτῶν
2901 1109 3438 1182 παρακαλέσωμεν.
3480 1111 3544 1164 Τί
3593 1110 3649 1163 66
3698 1108 3830 1162 10616

2295 1206 2476 1270 661w;
2507 1205 2632 1258 ἰνα
2651 1202 2929 1272 ἐξέληται
2958 1202 3180 1269 αὐτοὺς
3204 1203 3322 1257 άπὸ
3345 1201 3572 1269 παντὸς
3597 1200 3832 1268 πονηροῦ

2296 1295 2397 1350 καί
2433 1295 2662 1350 ἀτόπου
2694 1295 3061 1364 πράγματος.
3102 1292 3369 1347 Ἐνταῦθα
3397 1293 3458 1347 16
3491 1293 3564 1364 μὴ
3605 1290 3832 1345 εἰσελθεῖν

2298 1390 2379 1452 εἰς
2410 1386 2714 1458 πειρασμὸν
2741 1385 2836 1439 καὶ
2865 1385 2929 1438 16
2957 1384 3140 1456 πάσης
3168 1381 3466 1454 ἐπιϐουλῆς
3492 1382 3832 1453 ἀπαλλαγῆναι

2297 1478 2558 1549 αἰτοῦμεν
2593 1476 2778 1540 αὐτοῖς
2811 1474 3142 1546 σωματικῶν
3183 1491 3242 1528 τε
3270 1470 3410 1546 ὁμοῦ
3453 1473 3546 1526 καὶ
3571 1489 3833 1542 πνευματι-

2299 1571 2413 1625 κῶν
2438 1570 2468 1612 ιι
2488 1585 2502 1600 ο
2529 1569 2610 1624 διὸ
2635 1568 2731 1622 καὶ
2757 1567 2954 1636 ἐπάγει
2982 1566 3179 1636 λέγων’
3220 1565 3352 1620 Ἀπὸ
3372 1565 3594 1631 παντὸς
3615 1565 3835 1633 ἁμαρτή-

2293 1679 2484 1732 ματος
2514 1659 2858 1716 δωόολικοῦ
2873 1699 2888 1726 ,
2931 1659 3030 1714 καὶ
3079 1658 3282 1726 πάσης
3320 1655 3716 1727 περιστάσεως
3747 1653 3835 1708 τοῦ

2314 1751 2792 1823 Ἀντικεψένουο
2827 1752 2954 1815 τοὺς
3004 1750 3348 1822 πειρασμούς
3401 1747 3578 1819 δηλῶν
3627 1747 3714 1802 καὶ
3755 1743 3836 1807 16;

2300 1844 2596 1917 ἁμαρτίας.
3646 1889 3661 1904 .

2373 1935 2778 2008 Εὐπερίστατον
2806 1931 2916 2004 769
2938 1933 2972 2003 ἡ
2996 1929 3243 2002 ἁμαρτία
3259 1969 3275 1994 ,
3296 1928 3566 1984 πάντοθεν
3588 1927 3836 1997 ἱσταμένη,

2301 2022 2634 2095 ἔμπροσθεν,
2659 2019 2905 2086 δπισθεν,
2940 2018 3037 2072 καὶ
3061 2017 3236 2081 οὕτως
3262 2019 3415 2089 ἡμᾶς
3444 2015 3834 2072 καταϐάλλουσα.

2315 2096 2532 2186 Ἐπειδὴ
2564 2114 2674 2186 769
2704 2107 2856 2167 εἶπεν
2882 2111 2918 2166 6
2957 2110 3040 2164 δεῖ
3064 2109 3322 2178 γενέσθαι
3345 2111 3476 2180 παρ’
3501 2108 3672 2179 ἡμῶν,
3700 2108 3750 2159 ἐν
3776 2103 3838 2173 τῷ

2301 2210 2452 2280 νόμῳ
2481 2206 2647 2261 αὐτοῦ
2687 2203 3105 2274 καταγίνεσθαι,
3136 2201 3246 2254 τῶν
3279 2199 3510 2254 ἐντολῶν
3541 2196 3694 2253 αὐτοῦ
3726 2212 3839 2266 μνη-

2305 2298 2585 2373 μονεύειν,
2614 2296 2685 2352 16
2727 2293 3072 2366 δικαιώματα
3117 2290 3285 2346 αὐτοῦ
3335 2291 3653 2361 φυλάττειν’
3694 2285 3839 2340 πείθει

2301 2389 2508 2454 λοιπὸν,
2541 2389 2624 2442 ὃτι
2662 2385 2785 2442 0666
2815 2385 2991 2438 16616
3016 2383 3198 2454 ἀρκεῖ,
3225 2382 3292 2436 ἂν
3324 2383 3406 2453 μὴ
3432 2381 3587 2444 αὐτὸς
3610 2381 3743 2450 παρῇ
3766 2375 3840 2428 καὶ

2304 2479 2497 2552 βοηθῇ.
2541 2477 2676 2531 Ἐὰν
2695 2475 2804 2547 γάρ
2829 2475 2916 2545 μὴ
2946 2475 3165 2542 Κύριος
3187 2471 3564 2542 οικοδομήσῃ
3586 2466 3755 2534 οἷκον,
3771 2467 3841 2528 είς

2298 2571 2497 2642 μάτην
2538 2568 2876 2624 ἐκοιίασαν
2912 2567 2967 2620 οί
3011 2562 3474 2634 οίκοδομοῦντες
3522 2561 3694 2615 αὐτόν
3712 2575 3726 2590 ο
3766 2554 3843 2606 καὶ

2307 2665 2542 2736 μάλιστα
2571 2662 2666 2715 ἐπὶ
2693 2658 2903 2714 τούτων
2922 2699 2937 2724 ,
2968 2656 3017 2710 οἳ
3047 2657 3130 2710 ἐτι
3163 2655 3487 2736 πρόκεινται
3513 2653 3589 2724 τῷ
3616 2646 3841 2716 διαϐόλῳ,

2304 2757 2400 2810 καὶ
2429 2754 2536 2808 ὐπὸ
2567 2754 2666 2820 τὴν
2695 2751 2870 2822 άρχήν
2898 2749 3005 2802 εἰσι
3035 2747 3136 2819 τὴν
3163 2746 3355 2802 αὐτοῦ.
3400 2747 3512 2800 Καὶ
3555 2745 3662 2798 ῐστε
3697 2737 3842 2793 ταῦτα

2305 2849 2356 2901 οἱ
2406 2843 2771 2917 μεμυημένοι.
2832 2837 3246 2911 Ἀναμνήσθητε
3299 2838 3438 2907 γοῦν
3484 2836 3592 2890 τῶν
3621 2832 3842 2905 ῥημάτων

2306 2936 2555 2999 ἐκείνων,
2584 2933 2652 2986 δι’
2679 2926 2756 2986 ὧν
2778 2925 3126 2994 άπετάξασθε
3148 2927 3314 2982 αὐτοῦ
3342 2931 3416 3000 τῇ
3446 2925 3721 2998 τυραννίδι,
3739 2921 3842 2991 γόνυ

2305 3025 2606 3088 κλίναντες,
2631 3022 2725 3075 1161.
2749 3021 2886 3092 πρὸς
2907 3020 3000 3074 τὸν
3016 3018 3251 3072 Βασιλέα
3273 3017 3750 3089 αὐτομολήσαντες,
3767 3008 3841 3063 καὶ

2305 3115 2373 3170 16
2405 3111 2655 3186 φρικώδη
2680 3111 2866 3164 ἐκεῖνα
2889 3106 3259 3178 φθεγξάμενοι
3289 3103 3540 3177 ῥήματα,
3560 3102 3624 3156 δι’
3650 3093 3716 3154 ὧν
3737 3112 3840 3150 1161-

2305 3205 2575 3275 δευόμεθα
2600 3203 2767 3275 μηδὲν
2784 3199 2934 3271 αὐτῷ
2955 3198 3187 3254 καθόλου
3214 3196 3525 3252 πείθεσθαι.
3559 3187 3842 3255 Ἀντικείμε-

2307 3319 2397 3356 νον
2418 3299 2476 3353 δὲ
2496 3297 2657 3351 αὐτὸν
2679 3295 2837 3350 καλεῖ
2858 3293 2951 3347 καὶ
2969 3290 3240 3355 διάϐολον,
3264 3290 3462 3362 ἐπειδὴ
3485 3288 3576 3342 καὶ
3593 3283 3711 3338 Θεὸν
3733 3277 3841 3348 πρὸς

2306 3390 2628 3462 ἀνθρώπους
2656 3385 2953 3452 διαϐάλλει,
2978 3384 3073 3438 καὶ
3093 3384 3245 3454 ἡμᾶς
3265 3379 3413 3453 πρὸς
3439 3379 3588 3443 Θεὸν,
3609 3376 3690 3430 καὶ
3710 3369 3845 3462 πάλιν

2289 3487 2340 3554 κὴ
2351 3459 2457 3553 μάς
2486 3482 2684 3544 αὐτοὺς
2709 3480 2849 3552 πρὸς
2871 3477 3135 3549 ἀλλήλους
3153 3491 3168 3506 ·
3203 3474 3336 3528 ποτέ
3374 3475 3475 3547 μὲν
3503 3471 3602 3541 γὰρ
3625 3467 3706 3520 τὸν
3741 3459 3846 3554 Ἰᾡϐ

2310 3551 2448 3648 πρὸς
2468 3575 2559 3629 τὸν
2577 3573 2732 3638 Θεὸν,
2756 3573 2950 3642 λέγων·
2979 3569 3076 3638 Μὴ
3104 3567 3331 3636 δωρεὰν
3361 3567 3591 3623 σέϐεται
3619 3558 3733 3616 ἰὼό
3753 3551 3848 3648 τίὲν

2308 3643 2562 3738 ιίύριονς
2611 3666 2705 3720 καὶ
2735 3664 2896 3720 πάλιν
2931 3661 3024 3715 τὸν
3069 3660 3203 3714 Θεὸν
3253 3659 3400 3733 πρὸς
3438 3658 3528 3713 τὸν
3582 3649 3706 3708 Ἰὼϐ·

2309 3735 2614 3827 κατῆλθεν
2651 3756 2721 3810 ἐκ
2766 3754 2873 3808 τοῦ
2920 3751 3183 3821 οὐρανοῦ
3208 3765 3222 3779 ·
3266 3750 3371 3803 καὶ
3414 3749 3547 3819 πρὸς
3587 3744 3669 3797 τὸν
3705 3735 3847 3830 ’λδέξμ

2310 3824 2472 3903 πάλιν
2515 3845 2605 3899 τὸν
2652 3843 2806 3904 Θεὸν,
2845 3843 2934 3896 ὅτε
2983 3841 3135 3909 ἐλεγε
3180 3832 3653 3909 διανοιχθήσεσθαι
3696 3824 3846 3909 αὐτῶν

2309 3941 2435 4002 τοὺς
2475 3933 2814 4006 ὀφθαλμούς·
2843 3931 2938 3984 καὶ
2969 3908 3104 4002 πρὸς
3144 3908 3382 3993 πολλοὺς
3409 3926 3522 3980 τῶν
3546 3921 3635 3976 νῦν
3668 3908 3842 4010 ἀνθβίξίς

2312 3999 2449 4093 πων,
2478 3999 2684 4095 λέγωννο
2713 4024 2788 4077 Οὐ
2829 3999 3050 4093 προνοεῖ
3075 4019 3208 4082 Θεὸς
3250 4016 3368 4070 τῶν
3403 4012 3704 4098 ὁρωμένων,
3724 3999 3849 4098 -61)?

2309 4088 2564 4190 δαίμοσιν
2585 4114 2767 4184 ἀφῆκε
2804 4088 2886 4165 16-
2902 4109 3025 4164 καθ’
3073 4109 3238 4179 ὑμᾶς·
3271 4107 3373 4159 καὶ
3405 4103 3542 4176 πρὸς
3570 4093 3774 4154 πολλοὺς

2310 4175 2420 4265 τῶύ
2484 4175 2755 4262 ἰουδάίῶν
2791 4203 2883 4257 τὸν
2931 4175 3168 4272 Χριστὸν
3227 4175 3484 4258 διέϐαλε,
3538 4189 3724 4244 πλάνον
3770 4175 3848 4233 καὶ

2310 4302 2484 4372 γόητα
2515 4296 2715 4352 καλῶν.
2759 4294 2884 4356 Πῶς
2929 4292 2988 4346 δέ
3027 4291 3278 4360 ἐνεργεῖ,
3331 4288 3464 4350 ἴσως
3508 4273 3737 4354 βούλεταί
3779 4284 3846 4372 11;

2315 4359 2467 4466 [-63.9]
2493 4388 2748 4444 ἀκοῦσαι.
2787 4387 2957 4438 Ὅταν
2995 4381 3072 4454 μὴ
3104 4359 3242 4453 εὕρῃ
3267 4379 3394 4433 νοῦν
3427 4377 3626 4438 ἐνθεον,
3649 4359 3847 4466 όταν.ξῆ

2315 4457 2568 4554 σώφρονα
2612 4478 2789 4549 ψυχὴν
2818 4515 2833 4542 ,
2872 4476 3000 4528 ὅταν
3047 4472 3124 4545 μὴ
3163 4469 3482 4542 μνημονεύῃ
3519 4465 3626 4519 τῶν
3655 4457 3846 4554 ἐντολῶν

2313 4545 2420 4629 τοῦ.
2438 4545 2596 4638 Θεοῦ,
2793 4566 3048 4638 φυλάσσῃ
3078 4564 3146 4618 τὰ
3172 4561 3522 4632 δικαιώματα
3551 4550 3726 4643 αὐτοῦ,
3751 4545 3846 4598 τότε

2313 4641 2657 4736 αἰχμάλωτον
2686 4641 2866 4714 λαϐὼν
2905 4659 3144 4713 ἄπεισιν.
3187 4655 3245 4707 '0
3276 4652 3412 4722 γοῦν
3450 4649 3619 4716 ’Δδάμ
3645 4641 3848 4736 ei}???

2319 4730 2515 4830 μόνευε
2545 4756 2644 4824 τῆς
2671 4753 2892 4822 ἐντολῆς
2921 4749 3187 4818 λεγούσης
3206 4786 3221 4810 9
3261 4745 3406 4800 Ἀπὸ
3441 4737 3664 4802 παντὸς

2315 4814 2502 4919 ξθαγῇ,
2543 4814 2913 4914 εἰνέφύλασσε
2944 4814 3008 4892 16
3042 4814 3318 4906 δικαίωμα
3350 4833 3414 4887 τὸ
3442 4832 3598 4899 λέγον
3619 4867 3636 4892 ,
3678 4817 3753 4922 ’ξι

2539 4937 2787 5006 φάγητε,
2818 4934 2952 4987 τότε
2981 4930 3214 4996 θανάτῳ
3238 4922 3654 4983 ἀποθανεῖσθε’
3683 4914 3771 5009 οὐκ
3797 4914 3849 5009 1:11

2316 4995 2519 5083 ε’ἔεαόέν
2539 4995 2706 5096 ἐτὲερ
2737 4995 2957 5077 ἔπαθεν.
3004 5021 3142 5076 Ἵνα
3179 4995 3524 5081 καταξιώσῃ
3564 5003 3769 5096 αὐτοὺς
3795 4995 3851 5049 ἐν

2317 5119 2501 5189 καιρῷ
2537 5091 2759 5180 εὐθέτῳ
2796 5113 2908 5182 τῆς
2945 5111 3054 5166 τοῦ
3089 5106 3349 5178 ,λουτροῦ
3387 5091 3848 5189 παλιγγενεσίας,

2317 5184 2430 5283 τῆςζ
2464 5209 2736 5281 ἀφέσεως
2761 5206 2881 5261 τῶν
2909 5202 3227 5274 ἁμαρτιῶν.
3263 5199 3346 5253 Τὰ
3375 5199 3475 5269 μὲν
3507 5194 3612 5266 γὰρ
3640 5184 3850 5283 1169.61114—

2317 5268 2578 5373 αἰτοῦμεν
2597 5340 2614 5366 ,
2658 5268 2728 5353 16
2754 5297 2810 5351 66
2853 5268 3114 5367 μέλλοντα
3133 5309 3146 5324 ο
3194 5292 3289 5346 καὶ
3321 5268 3851 5375 φιλοσοφοῦμεν

2319 5396 2412 5450 τοῦ
2444 5391 2671 5464 λουτροῦ
2695 5429 2710 5456 ,
2748 5389 2842 5443 καὶ
2879 5391 2938 5442 ἐν
2968 5389 3035 5458 τῇ
3071 5386 3284 5457 αἰτήσει
3320 5376 3642 5446 παιδεύομεν
3679 5367 3850 5464 αξξοῖθξ

2319 5485 2515 5538 εἰδέναι
2544 5455 2710 5536 αὐτοῦ
2740 5478 2838 5550 τὴν
2880 5455 3055 5548 ἰσχύν.
3098 5455 3380 5528 Ἐντεῦθεν
3408 5469 3513 5541 769
3543 5465 3639 5537 ήδη
3669 5462 3695 5513 6
3721 5455 3852 5520 λάτοῖ

2386 5663 2412 5692 ⁸
2436 5657 2588 5718 Εόίιί,
2610 5659 2740 5720 λόγῳ
2762 5656 3146 5720 καταδαρθάνειν.
3177 5653 3264 5710 Μη
3288 5650 3418 5720 λόγῳ
3439 5654 3848 5720 κατβπιὲτῗεξξζυ...,

2387 5723 2414 5762 ι›
2435 5701 3431 5794 11;:21153111165111;1.1111111
3451 5725 3506 5758 τε
3523 5702 3636 5767 δμοῡ
3649 5701 3722 5750 καὶ
3735 5703 3833 5743 πνω

2327 5799 2541 5835 αατικον.
