4068 6434
238 408 330 462 wt
446 388 449 389 ν
1331 392 1400 451 ιΝ
1440 388 1732 449 EPiST."
1798 389 1829 443 Λ

1939 384 2079 443 203.
2116 384 2346 443 ΙΙΟΜΙΙΑ.
2390 386 2455 445 ll.

238 519 550 592 evangelium
575 517 702 585 ipsis
726 515 943 587 detegat,
976 510 1251 583 subjunxit
1269 552 1285 575 ,
1322 506 1390 565 Ut
1415 508 1498 564 det
1522 506 1649 577 ipsis
1672 520 1816 562 men-

241 621 335 663 tem
363 609 607 665 divinam.
634 607 772 677 Quid
800 614 903 672 est,
936 602 1201 660 divinam?
1227 601 1341 656 Hoc
1370 608 1472 665 est,
1503 607 1562 653 ut
1587 598 1730 653 Deus
1764 596 1818 650 in

239 716 300 755 ea
330 700 534 755 habitet
559 716 572 753 :
599 696 903 753 Inhabitabo
927 695 1070 750 enim
1095 694 1147 746 in
1179 692 1326 763 ipsis,
1356 690 1545 760 inquit,
1577 698 1623 743 et
1650 687 1821 741 inam-

244 789 419 844 bulabo
453 788 593 859 (Leu.
616 787 706 842 26.
733 786 844 858 12}.
884 785 1017 840 Nam
1048 799 1168 838 cum
1198 796 1347 837 mens
1369 780 1572 851 justitia
1599 776 1820 849 praedita

242 890 320 937 est
342 895 405 936 ac
434 890 646 951 peccata
668 880 834 941 exuit,
862 876 954 933 Dei
978 877 1169 931 domus
1192 873 1423 929 eflicitur
1452 889 1465 925 :
1497 886 1617 926 cum
1643 878 1823 923 autem

244 973 293 1027 in
324 988 385 1028 ea
411 972 739 1027 domicilium
764 969 864 1024 sibi
893 966 1260 1027 constituerit,
1300 963 1430 1018 nihil
1473 960 1695 1032 posthac
1726 957 1824 1011 hu-

242 1079 456 1118 manum
484 1063 604 1117 erit.
636 1061 726 1117 Sic
754 1060 932 1116 divina
965 1074 1116 1114 mens
1144 1055 1403 1121 redditur,
1431 1052 1685 1108 divinitus
1708 1065 1825 1102 om-

242 1156 325 1211 nia
358 1156 698 1225 proloquens,
726 1167 789 1208 ac
818 1152 964 1207 velut
992 1149 1182 1204 domus
1214 1146 1311 1202 Dei
1341 1147 1393 1199 in
1420 1159 1483 1199 ea
1511 1139 1821 1197 habitantis.

244 1246 316 1302 Ex
344 1259 453 1314 quo
478 1245 747 1315 colligitur
773 1258 894 1299 eum
923 1248 1157 1297 mentem
1184 1238 1418 1294 divinam
1451 1250 1558 1291 non
1599 1232 1821 1297 habere,

246 1344 335 1413 Qui
370 1340 620 1408 turpibus
642 1338 989 1393 sermonibus
1019 1335 1222 1397 utitur,
1262 1340 1357 1387 aut
1386 1329 1718 1387 scnrrilitate
1761 1338 1826 1380 ac

241 1434 356 1489 risu
423 1431 740 1485 delectatur.
804 1426 1022 1482 Castam
1097 1425 1492 1495 cogitationem.
1551 1419 1827 1487 Quidnam

242 1526 420 1571 autem
450 1525 530 1570 est
557 1524 757 1571 castam
783 1514 1158 1585 cogitationem
1182 1510 1421 1566 habere?
1446 1508 1650 1578 Nempe
1670 1506 1829 1577 spiri-

244 1608 370 1662 tuali
400 1607 627 1661 sanitate
654 1605 938 1675 praeditum
965 1620 1107 1661 esse.
1140 1601 1351 1657 Etenim
1382 1601 1448 1666 is,
1473 1599 1561 1669 qui
1588 1599 1700 1651 vitii
1729 1612 1827 1651 cu-

242 1700 468 1772 piditate
493 1708 771 1768 correptus
793 1707 1022 1760 tenetur,
1056 1694 1446 1766 praesentiaque
1466 1690 1531 1744 ad
1552 1699 1824 1759 stuporem

240 1805 412 1861 usque
453 1790 696 1854 miratur,
738 1797 933 1853 castus,
976 1786 1079 1841 hoc
1118 1793 1200 1840 est
1242 1796 1421 1845 sanus,
1465 1795 1584 1835 esse
1625 1779 1819 1848 nequiL

239 1879 702 1950 Quemadmodum
729 1879 871 1934 enim
899 1878 988 1949 qui
1012 1878 1063 1931 in
1088 1875 1276 1931 morbo
1297 1881 1559 1937 versatur,
1583 1886 1645 1925 ea
1667 1871 1827 1925 etiam

237 1975 477 2045 appetit,
523 1988 641 2044 quae
680 1971 900 2027 minime
945 1968 1194 2025 convenit
1227 1985 1241 2023 :
1273 1966 1461 2022 eodem
1491 1964 1578 2018 hic
1617 1975 1829 2034 quoque

236 2066 424 2123 modo.
452 2064 619 2119 Vitam
639 2080 753 2118 cum
775 2064 957 2117 virtute
982 2061 1324 2131 conjunctam.
1355 2055 1605 2112 Doctrina
1632 2054 1829 2124 quippe

234 2161 406 2214 vitam
428 2157 589 2212 etiam
610 2155 899 2211 desiderat.
924 2153 1117 2209 Audite
1138 2152 1274 2219 haec,
1298 2152 1384 2222 qui
1407 2149 1507 2204 sub
1524 2150 1647 2203 vita:
1668 2147 1826 2200 ﬁnem

235 2251 301 2307 ad
325 2250 653 2321 baptismum
679 2247 952 2303 acceditis.
983 2245 1115 2301 Nam
1140 2259 1239 2300 nos
1261 2243 1477 2316 quidem
1502 2242 1553 2297 id
1580 2240 1829 2311 precibus

233 2358 265 2397 a
292 2342 410 2398 Deo
440 2340 831 2405 contendimus,
864 2347 921 2393 ut
948 2346 1070 2407 post
1106 2337 1428 2406 baptismum
1463 2348 1675 2406 quoque
1702 2346 1829 2401 pro-

232 2434 362 2489 bam
409 2432 571 2487 vitam
623 2430 862 2486 habeatis
894 2448 907 2485 :
938 2439 994 2485 tu
1038 2437 1225 2485 contra
1265 2427 1318 2482 in
1372 2427 1476 2481 hoc
1523 2424 1826 2489 incumbis,

229 2526 484 2595 nihilque
520 2538 630 2579 non
662 2522 811 2589 facis,
845 2531 905 2577 ut
939 2523 1056 2578 sine
1092 2520 1260 2594 proba
1294 2520 1401 2576 vita
1431 2518 1555 2573 hinc
1576 2516 1827 2573 excedas.

231 2617 377 2685 Quid
396 2616 564 2682 enim,
591 2615 636 2671 si
658 2615 833 2685 justus
853 2615 1066 2686 quidem
1088 2615 1205 2682 ﬁas,
1228 2612 1323 2670 sed
1343 2628 1371 2667 a
1394 2612 1499 2667 ﬁde
1519 2610 1830 2667 dumtaxat?

232 2713 305 2763 At
350 2723 451 2762 nos
492 2717 548 2763 ut
590 2724 620 2763 a
659 2708 912 2763 virttnum
940 2721 1151 2778 quoque
1178 2704 1488 2761 muneribus
1516 2704 1608 2759 tibi
1638 2702 1831 2756 ﬁducia

230 2809 604 2870 comparetur,
632 2814 870 2854 oramus.
902 2797 1157 2868 Perpetuo
1192 2812 1307 2867 qua:
1339 2797 1501 2867 ipsius
1539 2803 1656 2849 sunt
1692 2793 1834 2863 cogi-

230 2905 367 2960 tare,
397 2909 508 2964 qua:
531 2893 694 2962 ipsius
720 2902 834 2946 sunt
860 2906 1057 2961 sapere,
1083 2905 1195 2962 qua:
1232 2890 1393 2959 ipsius
1418 2898 1538 2942 sunt
1572 2884 1828 2939 meditari.

228 2986 453 3040 Castam
496 2984 639 3039 enim
686 2983 1063 3053 cogitationem
1110 2989 1269 3051 atque
1314 2981 1593 3034 honestam
1641 2977 1826 3044 vitam,

230 3094 345 3133 non
406 3076 472 3131 ad
528 3091 690 3130 unum
736 3076 1016 3147 dumtaxat
1066 3081 1160 3127 aut
1210 3073 1346 3127 duos
1396 3081 1487 3126 aut
1533 3078 1647 3125 tres
1688 3067 1825 3137 dies,

228 3170 331 3225 sed
397 3184 490 3239 per
537 3168 844 3222 universum
886 3166 1013 3221 vita:
1055 3163 1380 3220 curriculum
1425 3163 1693 3235 petimus,
1738 3169 1824 3227 et,

228 3262 383 3333 quod
427 3262 689 3316 honorum
730 3259 966 3315 omnium
1010 3273 1171 3313 causa
1211 3267 1311 3320 est,
1343 3271 1461 3326 qum
1502 3255 1669 3325 ipsius
1703 3263 1832 3309 sunt

230 3370 449 3424 sapere.
487 3353 723 3425 Plerique
742 3354 877 3407 cnim
905 3368 1017 3424 qua:
1037 3369 1133 3406 sua
1152 3360 1269 3407 sunt
1292 3361 1524 3422 quaerunt
1543 3391 1559 3417 ,
1592 3366 1692 3404 non
1716 3363 1831 3420 qua

229 3448 363 3503 Jesu
387 3446 574 3501 Christi
592 3444 848 3515 (Philipp.
873 3444 925 3497 2.
949 3444 1063 3515 2|).
1095 3443 1336 3512 Quonam
1365 3444 1523 3514 igitur
1544 3441 1704 3496 modo
1728 3441 1830 3496 hoc

230 3541 350 3597 ﬁeri
401 3539 608 3610 possit?
649 3538 716 3593 ad
763 3553 976 3608 precem
1021 3537 1162 3593 enim
1211 3536 1311 3590 hoc
1358 3551 1571 3606 quoque
1612 3533 1832 3589 accedat

231 3641 487 3702 oportet,
518 3639 577 3687 ut
602 3645 719 3699 qua:
748 3639 929 3683 nostra
960 3636 1085 3683 sunt
1114 3636 1453 3697 praestemus.
1495 3624 1554 3679 Si
1583 3625 1637 3677 in
1668 3622 1831 3691 ipsius

232 3727 345 3796 lege
388 3724 495 3777 dies
535 3730 801 3790 noctesque
846 3734 1145 3774 versemur:
1177 3718 1317 3771 unde
1362 3716 1525 3770 etiam
1572 3713 1830 3781 deinceps

234 3817 341 3871 hoc
366 3817 515 3885 petit,
552 3813 614 3868 In
642 3814 800 3883 ipsius
822 3812 930 3884 lege
948 3811 1029 3866 die
1048 3827 1109 3865 ac
1135 3819 1279 3864 nocte
1305 3807 1514 3862 morari.
1546 3806 1613 3860 Et
1638 3818 1828 3875 quem-

234 3907 527 3962 admodum
569 3905 814 3975 superius
854 3903 1083 3966 dixerat,
1114 3899 1367 3969 Perpetuo
1393 3914 1413 3951 :
1441 3895 1631 3951 eodem
1669 3893 1832 3948 modo

236 4001 349 4064 hic,
382 4000 478 4052 Die
503 4014 565 4051 ac
591 4007 757 4052 nocte.
801 3995 984 4067 Itaque
1020 4009 1204 4051 eorum
1247 4006 1334 4045 me
1373 3989 1552 4061 pudet,
1590 3987 1678 4057 qui
1718 3994 1831 4040 toto

239 4109 384 4148 anno
405 4092 493 4146 vix
518 4091 686 4146 semel
710 4091 762 4145 in
785 4089 1010 4145 ecclesia
1032 4085 1457 4158 conspiciuntur.
1489 4082 1659 4150 Quam
1686 4079 1829 4134 enim

239 4186 645 4244 excusationem
675 4183 909 4240 nancisci
936 4189 1165 4253 queant,
1194 4179 1283 4250 qui
1313 4192 1434 4233 cum
1464 4176 1553 4231 dic
1578 4189 1640 4228 ac
1666 4181 1830 4227 noctu

241 4284 292 4337 in
317 4282 411 4337 Dei
432 4282 571 4351 lege,
586 4295 690 4334 non
707 4279 880 4334 dicam
896 4277 1119 4341 versari,
1136 4274 1228 4331 sed
1247 4271 1467 4337 morari,
1485 4271 1588 4325 hoc
1603 4276 1831 4323 estsem-

241 4393 338 4447 per
370 4374 615 4430 meditari
654 4372 965 4443 iubeantur,
995 4378 1177 4425 tamen
1210 4383 1277 4422 ne
1308 4364 1581 4421 minimam
1614 4359 1829 4431 quidem

240 4445 367 4523 vita:
389 4476 593 4537 partem
619 4465 671 4519 in
696 4464 797 4521 hoc
819 4461 1154 4533 impendunt,
1178 4468 1237 4514 ut
1256 4458 1421 4530 ipsius
1448 4445 1695 4511 mandata
1719 4467 1832 4506 me-

241 4558 414 4613 moria
434 4563 710 4626 usurpent,
726 4565 886 4626 atque
903 4553 1069 4624 ipsius
1081 4549 1489 4622 iustiﬁcationes
1501 4541 1833 4602 custodiant?

314 4651 368 4704 7.
411 4632 646 4704 Videsne
672 4654 916 4703 catenam
941 4645 1197 4715 optimam
1214 4683 1228 4707 ,
1257 4654 1525 4713 quamque
1552 4647 1675 4707 apte
1705 4635 1828 4691 sin-

242 4743 367 4810 gula
392 4741 506 4795 haec
533 4740 673 4794 inter
700 4753 758 4794 se
785 4736 1118 4802 cohaereant,
1148 4744 1309 4805 atque
1338 4732 1526 4805 quavis
1552 4744 1714 4785 aurea
1741 4743 1835 4785 ca-

245 4843 370 4889 tena
403 4831 610 4887 ﬁrmius
634 4840 689 4887 et
724 4828 1058 4902 elegantius?
1086 4826 1379 4897 Postquam
1404 4823 1549 4880 enim
1593 4828 1829 4877 mentem

245 4925 484 4980 divinam
514 4922 803 4994 postularit
824 4963 838 4986 ,
876 4921 1097 4991 exponit
1119 4933 1353 4989 quonam
1384 4925 1539 4987 pacto
1561 4915 1682 4969 talis
1712 4928 1834 4969 esse

247 5024 428 5086 queat.
462 5012 742 5081 Quomodo
787 5011 1007 5066 autem?
1052 5009 1312 5064 Nimirum
1354 5007 1398 5061 si
1427 5005 1546 5077 quis
1573 5013 1835 5075 perpetuo

246 5123 311 5163 ea
333 5149 349 5171 ,
379 5121 499 5177 qua:
528 5106 621 5161 Dei
653 5112 831 5170 sunt;
866 5101 1172 5157 meditetur.
1222 5099 1336 5154 Hoc
1377 5108 1557 5152 autem
1603 5109 1832 5166 quanam

251 5201 457 5255 ratione
477 5198 741 5269 quiSpiam
765 5194 1022 5265 consequi
1046 5191 1255 5264 possit?
1275 5191 1331 5247 Si
1353 5189 1550 5245 divina:
1579 5186 1683 5259 legi
1706 5200 1833 5256 ope-

250 5307 364 5349 tam
404 5290 534 5346 dare
582 5302 874 5359 numquam
920 5284 1259 5341 intermittat.
1310 5281 1551 5351 Quonam
1598 5288 1753 5350 pacto
1781 5273 1835 5331 id

254 5384 565 5438 mortalibus
592 5378 900 5451 persuaderi
941 5376 1138 5448 queat?
1182 5374 1236 5431 Si
1268 5373 1516 5429 mandata
1549 5372 1715 5440 ipsius
1739 5369 1839 5423 ob-

253 5484 503 5531 servent:
534 5473 663 5545 quin
707 5472 882 5540 potius
926 5485 992 5525 ex
1018 5482 1085 5523 eo
1140 5468 1291 5537 ipso,
1323 5464 1465 5535 quod
1513 5464 1612 5532 legi
1644 5462 1839 5516 divinae

255 5568 515 5640 quispiam
544 5564 790 5629 studeat,
833 5561 885 5617 id
910 5560 1278 5630 consequitur,
1320 5571 1382 5611 ut
1420 5555 1670 5611 mandata
1722 5567 1840 5607 ser-

256 5671 377 5722 vet;
407 5655 859 5727 quemadmodum
905 5653 1111 5709 scilicet
1162 5667 1230 5707 ex
1279 5665 1379 5716 eo,
1412 5646 1553 5718 quod
1603 5647 1726 5716 quis
1777 5658 1840 5699 ea

258 5766 377 5820 qua:
404 5749 570 5818 ipsius
601 5755 727 5801 sunt
748 5746 903 5816 sapit,
928 5760 991 5799 ac
1019 5753 1252 5798 mentem
1278 5741 1516 5796 divinam
1546 5738 1733 5796 habet.
1768 5735 1837 5791 t1-

260 5842 347 5897 lud
378 5839 694 5910 adipiscitur
720 5848 776 5894 ut
802 5853 919 5908 qua:
944 5837 1111 5907 ipsids
1140 5842 1264 5888 sunt
1287 5832 1593 5889 meditetur.
1620 5830 1843 5902 Singula

3406 378 3511 433 402

1930 501 2073 559 enim
2096 517 2160 557 ex
2189 500 2272 555 his
2298 516 2417 569 qua:
2443 498 2701 564 diximus,
2730 506 2784 553 ct
2813 496 2864 553 id
2888 498 3031 569 quod
3059 498 3294 556 vicinum
3323 512 3408 559 est
3433 504 3513 558 ef.

1928 594 2142 656 liciunt,
2172 602 2227 646 et
2254 592 2321 646 ab
2350 604 2417 645 eo
2445 590 2791 654 efﬁciuntur;
2819 598 2875 645 et
2918 591 3091 659 ipsum
3119 592 3427 654 continent,
3459 607 3517 648 ct

1928 684 1995 737 ab
2035 683 2151 752 ipso
2180 682 2544 737 continentur.
2588 678 2849 734 Intensius
2875 681 3046 735 adhuc
3075 698 3170 751 pro
3210 682 3335 751 ipsis
3364 699 3507 752 roge-

1928 793 2060 830 mus.
2109 776 2371 842 Quoniam
2417 774 2630 829 animus
2681 774 2735 829 in
2788 775 2993 844 prolixa
3039 776 3285 830 oratione
3309 775 3511 830 obdor-

1930 867 2157 923 miscere
2182 866 2496 933 consuet'iz,
2528 880 2716 920 rursus
2744 881 2864 921 eum
2891 867 3108 921 excitat.
3152 866 3340 937 Magna
3367 868 3513 922 enitn

1930 972 2142 1011 rursum
2169 967 2328 1027 atque
2366 958 2582 1012 excelsa
2630 957 2901 1027 postulare
2934 957 3047 1011 vult
3090 974 3104 1011 :
3136 957 3367 1028 ideoque
3395 959 3512 1025 ait,

1932 1048 2187 1104 Intensius
2203 1050 2371 1103 adhuc
2388 1066 2480 1121 pro
2502 1050 2627 1120 ipsis
2653 1067 2904 1121 rogemus.
2924 1048 3187 1115 Quidnam
3217 1059 3394 1104 atttem
3414 1052 3515 1104 hoc

1931 1141 2045 1197 est?
2078 1139 2146 1196 Ut
2174 1141 2358 1210 eripiat
2406 1158 2488 1196 eos
2530 1142 2593 1194 ab
2632 1142 2769 1195 omni
2814 1141 2949 1194 malo
2973 1150 3021 1194 et
3047 1140 3267 1196 absurdo
3292 1142 3513 1212 negotio.

1932 1231 2045 1288 lloc
2074 1232 2194 1286 loco
2225 1232 2275 1286 id
2306 1231 2437 1301 ipsis
2465 1232 2729 1302 petimus,
2752 1241 2809 1286 ut
2854 1246 2923 1287 ne
2954 1232 3158 1286 intrent
3184 1232 3236 1285 in
3267 1232 3518 1286 tcutatio—

1932 1339 2078 1391 nem,
2104 1332 2263 1394 atque
2294 1332 2351 1378 ut
2377 1323 2443 1379 ab
2470 1325 2722 1379 omnibus
2751 1334 2856 1378 tam
2902 1323 3178 1393 corporeis
3207 1338 3365 1392 quam
3409 1322 3516 1391 spi-

1933 1417 2215 1472 ritualibus
2241 1416 2449 1471 insidiis
2495 1416 2809 1471 liberentur.
2844 1414 2925 1470 Oh
2951 1415 3003 1469 id
3033 1414 3193 1469 etiam
3219 1415 3331 1468 haec
3354 1414 3516 1468 verba

1933 1506 2224 1576 Subjunxit,
2248 1506 2323 1559 Ab
2345 1507 2483 1561 omni
2506 1516 2711 1575 peccato
2736 1506 3006 1569 diabolica,
3030 1513 3075 1558 et
3097 1505 3233 1557 omni
3262 1503 3518 1557 obsidione

1933 1598 2229 1652 adversarii.
2252 1598 2455 1665 Quibus
2478 1598 2653 1653 verbis
2676 1597 2997 1652 tentationes
3019 1610 3083 1651 ac
3106 1604 3326 1666 peccata
3353 1594 3520 1665 signis

1936 1689 2073 1743 licat.

2004 1779 2211 1834 Peccati
2240 1789 2441 1834 natura.
2472 1809 2544 1820 —
2568 1779 2781 1835 Peccati
2814 1780 2957 1835 enim
2988 1794 3050 1834 ea
3094 1787 3285 1833 natura
3315 1784 3399 1832 est
3420 1816 3437 1840 ,
3465 1786 3522 1831 ut

1932 1870 2086 1925 facile
2114 1870 2387 1924 hominem
2410 1870 2653 1925 obsideat
2683 1880 2845 1940 atque
2866 1868 3102 1939 undique
3132 1876 3256 1933 stet,
3284 1883 3315 1922 a
3346 1867 3522 1923 fronte

1934 1977 2127 2031 nempe
2172 1970 2224 2016 et
2271 1976 2303 2015 a
2350 1971 2541 2030 tergo,
2574 1962 2759 2031 sicque
2805 1976 2903 2016 nos
2950 1960 3184 2030 dejiciat.
3232 1960 3522 2030 Postquam

1934 2053 2077 2108 enim
2105 2067 2224 2123 quae
2252 2067 2279 2105 a
2309 2052 2467 2107 nobis
2506 2051 2808 2123 praestanda
2839 2051 2947 2107 sint
2975 2050 3241 2122 exposuit,
3270 2049 3373 2106 hoc
3402 2060 3520 2117 est,

1936 2146 2070 2200 utin
2103 2145 2222 2215 ejus
2259 2144 2377 2215 lege
2403 2159 2716 2211 versemur,
2771 2144 2941 2214 ipsius
2983 2143 3233 2199 mandata
3265 2144 3523 2198 memoria

1937 2248 2237 2305 teneamus,
2266 2236 2682 2307 justiﬁcationes
2707 2236 2824 2306 ejus
2851 2236 3248 2300 custodiamus,
3283 2234 3385 2290 hoc
3411 2235 3524 2304 jam

1936 2329 2225 2394 admonet,
2259 2342 2329 2382 nc
2377 2328 2479 2383 ista
2509 2326 2725 2397 quidem
2775 2325 3060 2392 sufﬁcere,
3102 2326 3206 2380 nisi
3237 2325 3378 2380 adsit
3408 2325 3524 2394 ipse

1934 2431 2095 2493 atque
2119 2435 2276 2491 opem
2302 2420 2460 2474 ferat.
2492 2419 2606 2473 Nisi
2633 2418 2777 2474 enim
2803 2417 3053 2471 Dominus
3081 2416 3406 2486 wdi/icaverit
3433 2416 3528 2469 do-

1936 2530 2094 2577 mum,
2127 2513 2181 2565 in
2209 2528 2396 2565 vanum
2423 2510 2777 2564 laboraverunt
2798 2509 2887 2580 qui
2912 2509 3167 2577 aediﬁcant
3196 2524 3307 2561 eam
3332 2507 3351 2579 (
3373 2506 3522 2563 Psal.

1937 2603 2063 2659 126.
2093 2603 2148 2673 1)
2172 2618 2186 2655 :
2210 2616 2274 2656 ac
2303 2601 2605 2671 praesertim
2654 2600 2706 2653 in
2734 2600 2821 2664 iis,
2853 2599 2945 2669 qui
2974 2597 3193 2652 diabolo
3218 2596 3397 2651 adhuc
3425 2596 3523 2650 ob-

1931 2694 2061 2765 jecti
2091 2700 2255 2761 sunt,
2287 2706 2350 2746 ac
2375 2692 2475 2747 sub
2518 2690 2687 2761 ipsius
2729 2689 2956 2759 imperio
2979 2696 3035 2743 et
3058 2686 3283 2742 ditione.
3318 2687 3395 2740 Ac
3425 2700 3524 2741 vos

1938 2785 2055 2840 haze
2081 2785 2255 2841 nostis
2281 2825 2294 2849 ,
2325 2783 2414 2854 qui
2446 2781 2615 2837 sacris
2643 2780 2835 2836 initiati
2866 2780 3015 2835 estis.
3047 2779 3227 2834 Facile
3253 2779 3395 2833 enim
3436 2778 3527 2832 illa

1937 2874 2101 2931 verba
2131 2874 2286 2929 vobis
2325 2874 2378 2927 in
2406 2872 2721 2927 memoriam
2770 2870 3032 2937 redeant,
3075 2884 3172 2940 per
3195 2884 3314 2938 quae
3360 2867 3528 2937 ipsius

1939 2965 2204 3038 tyrannidi
2234 2965 2483 3020 nuntium
2512 2962 2820 3028 remisistis,
2854 2976 2974 3016 cum
3003 2958 3143 3015 ﬂexo
3167 2974 3306 3030 genu
3330 2957 3397 3013 ad
3427 2958 3528 3012 Re-

1935 3074 2057 3131 gem
2086 3056 2464 3127 transfugistis,
2491 3070 2553 3110 ac
2575 3054 2853 3109 tremenda
2884 3054 2972 3108 illa
2998 3052 3159 3107 verba
3191 3050 3509 3121 protulistis,

1938 3153 2131 3223 quibus
2175 3160 2407 3223 tyranno
2450 3149 2600 3203 nullo
2632 3161 2852 3219 prorsus
2898 3145 3060 3200 modo
3103 3144 3326 3214 obsequi
3356 3141 3523 3198 doce.

1939 3261 2079 3300 mur.
2108 3241 2495 3298 Adversarium
2529 3253 2695 3310 porro
2727 3252 2792 3292 ac
2818 3235 3091 3291 diabolum
3135 3235 3308 3304 ipsum
3342 3232 3530 3303 appel-

1935 3337 2052 3403 lat,
2098 3335 2352 3406 quoniam
2382 3340 2437 3388 et
2466 3333 2635 3386 Deum
2679 3328 2820 3399 apud
2867 3327 3150 3389 homines,
3182 3334 3235 3380 et
3279 3323 3527 3378 homines

1938 3430 2079 3501 apud
2109 3429 2297 3493 Deum,
2330 3440 2395 3481 ac
2422 3441 2520 3480 nos
2566 3425 2712 3493 ipsos
2753 3422 2895 3476 inter
2923 3434 3022 3475 nos
3051 3418 3390 3473 criminatur.
3425 3414 3526 3470 Et-

1939 3523 2082 3577 enim
2108 3524 2221 3590 ipse
2247 3519 2376 3574 olim
2403 3517 2596 3573 Jobum
2614 3512 2755 3584 apud
2784 3514 2950 3567 Deum
2978 3511 3031 3564 in
3053 3510 3258 3564 crimen
3281 3507 3525 3572 vocabat,

1938 3629 2060 3668 cum
2089 3612 2316 3677 diceret,
2348 3608 2489 3663 Num
2515 3605 2616 3661 Job
2657 3606 2849 3675 frustra
2874 3602 2993 3658 colit
3018 3600 3184 3654 Deum
3213 3599 3355 3670 (Job.
3388 3598 3439 3651 l.
3467 3597 3522 3655 θ.

1940 3706 2030 3776 16)
2048 3705 2073 3759 ‘i
2091 3719 2155 3759 ac
2180 3718 2394 3759 rursum
2430 3702 2595 3755 Deum
2628 3697 2767 3769 apud
2794 3695 2988 3752 Jobum
3032 3693 3118 3749 his
3144 3691 3346 3755 verbis,
3378 3689 3526 3760 Ignis

1940 3798 2198 3853 descendit
2224 3797 2288 3850 de
2311 3793 2434 3849 caélo
2460 3809 2480 3848 :
2504 3801 2667 3863 atque
2708 3789 2837 3845 item
2869 3788 3037 3842 Deum
3060 3782 3199 3854 apud
3226 3781 3487 3836 Adamum
3512 3824 3525 3842 ,

1937 3905 2061 3945 cum
2092 3888 2293 3944 diceret
2309 3885 2445 3952 fore,
2473 3893 2532 3938 ut
2559 3896 2749 3938 eorum
2770 3879 2907 3935 oculi
2937 3872 3445 3946 aperirentur(6en.
3470 3871 3526 3925 5.

1942 3982 2001 4053 5)
2031 3995 2131 4037 :ac
2173 3992 2317 4033 nunc
2351 3977 2512 4031 etiam
2558 3973 2695 4044 apud
2741 3972 3024 4041 plerosque
3069 3965 3396 4029 mortalium,
3444 3962 3527 4015 di-

1942 4087 2071 4129 cens
2101 4089 2114 4126 :
2144 4072 2286 4125 Deus
2314 4068 2399 4134 iis,
2435 4083 2554 4137 quia
2581 4065 2751 4118 oculis
2782 4070 3081 4117 cernuntur
3110 4074 3214 4112 non
3247 4054 3526 4125 prOSpicit,

1944 4166 2039 4222 sed
2067 4179 2157 4221 res
2179 4172 2384 4219 vestras
2405 4158 2741 4215 daemonibus
2765 4154 3026 4226 permisit.
3054 4151 3190 4218 Quin
3217 4146 3355 4218 apud
3378 4160 3529 4200 com-

1944 4261 2129 4333 plures
2155 4269 2367 4327 quoque
2382 4252 2599 4309 Iudaeos
2615 4249 2885 4306 Christum
2911 4243 3244 4307 traducebat,
3274 4240 3531 4307 imposta-

1943 4368 2057 4409 rem
2086 4364 2148 4405 ac
2174 4346 2618 4419 pracstigiatorem
2661 4358 2780 4396 cum
2826 4339 3122 4409 appellans.
3157 4337 3399 4401 Quonam
3427 4346 3526 4383 att-

1947 4456 2051 4501 tem
2093 4443 2253 4497 modo
2295 4445 2581 4510 operetur,
2623 4434 2808 4489 audire
2851 4431 3077 4493 fortasse
3124 4425 3315 4495 aliquis
3356 4414 3525 4491 Cupit.

1944 4540 2076 4595 Cum
2108 4543 2341 4591 mentem
2370 4546 2477 4587 non
2504 4529 2762 4585 divinitus
2807 4523 3040 4578 amatam
3070 4530 3123 4576 et
3152 4535 3259 4575 non
3290 4516 3527 4571 sobriam

1945 4630 2325 4701 cogitationem
2371 4623 2612 4686 invenit,
2641 4637 2759 4692 qua:
2786 4618 2880 4673 Dei
2926 4614 3178 4671 mandata
3212 4627 3316 4666 non
3350 4623 3536 4664 recor-

1947 4722 2139 4788 detur,
2201 4732 2301 4774 ncc
2368 4715 2534 4786 ipsius
2592 4709 3000 4783 iustiﬁcationes
3043 4703 3349 4768 custodiat,
3421 4708 3533 4753 tum

1946 4817 2164 4872 domum
2238 4810 2503 4881 captivam
2569 4822 2686 4861 eam
2751 4817 2932 4859 secum
3002 4797 3239 4853 abducit.
3298 4793 3535 4849 Adamn:

1949 4908 2167 4977 quippe,
2200 4903 2245 4958 si
2275 4902 2502 4971 hujusce
2531 4895 2769 4953 mandati
2818 4892 3183 4955 meminisset,
3208 4886 3288 4941 De
3314 4884 3450 4940 omni
3471 4884 3536 4937 li-

1950 4973 2296 5069 gno—comede,
2329 4992 2372 5048 si
2398 4993 2571 5061 legem
2599 5002 2717 5043 eam
2746 4990 3017 5041 servasset
3042 4995 3161 5052 qua:
3189 4976 3399 5033 dicebat
3418 5016 3433 5041 ,
3469 4973 3533 5028 In

1950 5103 2263 5161 quacumque
2281 5084 2364 5138 die
2392 5079 2705 5137 comederitis
2732 5119 2746 5144 ,
2779 5084 2939 5130 morte
2968 5070 3251 5126 moriemini
3278 5068 3298 5138 (
3320 5066 3448 5121 Gen.
3476 5065 3533 5120 2.

1956 5158 2020 5239 i7
2042 5183 2096 5253 );
2125 5195 2231 5235 non
2260 5193 2321 5233 ea
2346 5217 2359 5240 ,
2388 5189 2508 5246 qua:
2546 5185 2738 5242 passus
2763 5177 2848 5224 est
2867 5210 2881 5234 ,
2913 5180 3100 5236 passus
3126 5162 3334 5217 fuisset.
3367 5158 3433 5215 Ut
3459 5159 3538 5211 di-

1954 5284 2134 5347 gnetur
2153 5287 2236 5325 eos
2256 5271 2310 5323 in
2332 5278 2554 5337 tempore
2573 5272 2858 5335 opportuno
2883 5261 3086 5314 lavacro
3111 5254 3530 5328 regenerationis,

1954 5344 2001 5422 et
2045 5363 2337 5419 remissione
2376 5365 2718 5431 peccatorum.
2769 5350 3026 5418 Quaedam
3065 5348 3209 5405 enim
3253 5344 3542 5416 prtescntia

1954 5460 2201 5529 petimus,
2233 5452 2476 5525 quzcdam
2507 5448 2686 5504 futura
2716 5464 2728 5500 :
2762 5459 2825 5500 ac
2856 5444 2924 5499 de
2950 5444 3167 5498 lavacro
3194 5438 3543 5510 philosopha-

1954 5566 2102 5615 mur,
2149 5556 2308 5616 atque
2347 5544 2399 5598 in
2431 5543 2545 5611 ipsa
2578 5536 2835 5609 petitione
2884 5535 3141 5590 docemus
3178 5546 3271 5588 eos
3315 5532 3421 5584 vim
3454 5529 3547 5582 ba-

1955 5641 2133 5717 ptismi
2166 5638 2433 5709 cognitam
2477 5631 2703 5687 habere.
2752 5628 2890 5683 Hinc
2933 5627 3075 5682 enim
3103 5625 3214 5694 jam
3244 5634 3426 5677 sermo
3452 5632 3548 5672 eos

1956 5708 2278 5792 assuefacit,
2325 5737 2383 5782 ut
2428 5722 2731 5793 intelligant
2778 5732 2892 5775 rem
2923 5732 3043 5773 eam
3074 5708 3541 5785 regenerationem

1959 5840 2078 5883 esse
2099 5867 2113 5893 ,
2148 5833 2348 5891 nosque
2396 5826 2453 5871 ut
2491 5829 2522 5895 a
2549 5812 2708 5869 vulva
2733 5848 2751 5879 ,
2777 5809 2855 5867 sic
2884 5808 2955 5865 ab
2982 5805 3134 5878 aquis
3164 5802 3344 5858 denuo
3368 5796 3550 5870 gigni:
