4068 6434
601 417 711 471 4θῦ

605 541 660 584 ιιι
691 545 758 584 ηε
778 528 854 583 illi
882 542 1003 582 cum
1030 519 1321 579 Nicodemo
1350 515 1568 579 dicant,
1608 509 1877 576 Quomodo
1908 514 2066 578 potest
2094 505 2186 557 lto-

601 637 686 675 mo
714 620 855 674 nasci
879 635 992 671 cum
1011 615 1076 669 sit
1101 610 1289 667 senex?
1311 617 1534 677 potestne
1554 606 1606 657 in
1632 613 1851 657 uentrem
1879 597 2056 652 matris
2081 610 2190 650 sum

604 711 846 772 introire,
878 723 938 760 ac
982 703 1126 758 nasci
1170 701 1333 754 denuo
1361 697 1553 768 (Joan.
1581 695 1634 749 3.
1665 693 1699 747 4
1721 691 1780 763 )ἳ
1808 688 2008 745 Deinde
2038 695 2187 757 post-

603 818 762 873 quam
788 809 1126 871 peccatorum
1147 792 1518 849 remissionem
1549 787 1703 848 dixit.
1738 801 1832 855 per
1867 799 1928 839 ea
1958 797 2078 852 qua:
2102 795 2191 836 se-

605 901 844 964 quuntur
880 891 1052 960 ipsam
1075 887 1358 942 conﬁrmat
1403 882 1591 938 dicens
1620 899 1632 933 :
1661 879 1974 934 Indumenta
2011 875 2186 929 incor-

605 982 878 1052 ruptionis.
907 978 1116 1034 Etenim
1145 977 1234 1048 qui
1269 976 1360 1030 ﬁlii
1407 974 1720 1045 dignitatem
1770 969 1960 1034 induit,
2005 965 2191 1038 procul

604 1073 767 1129 dubio
815 1069 1238 1140 incorruptibilis
1287 1066 1540 1123 efﬁcitur.
1572 1063 1708 1132 Quid
1739 1071 1916 1116 autem
1958 1068 2040 1114 cst
2065 1101 2081 1124 ,
2125 1057 2191 1112 In

607 1175 828 1237 tempore
853 1163 1166 1234 Opportuna?
1190 1162 1451 1216 Nimirum
1480 1173 1598 1213 cum
1625 1157 1742 1226 quis
1775 1155 1942 1224 probe
1971 1152 2194 1207 aﬁ'ectus

605 1267 718 1324 est,
749 1272 870 1312 cum
895 1256 1078 1311 animo
1103 1253 1264 1308 alacri
1291 1261 1345 1307 et
1371 1266 1494 1307 cum
1522 1251 1624 1304 lidc
1645 1248 1849 1311 accedit
1877 1268 1888 1301 :
1911 1245 2082 1300 ﬁdelis
2107 1252 2192 1298 et-

605 1347 748 1402 enim
773 1347 1006 1401 hominis
1036 1354 1398 1416 opportunum
1427 1351 1637 1411 tempus
1683 1340 1784 1392 hoc
1813 1347 1916 1392 est.
1955 1336 1997 1390 υ
2005 1347 2020 1388 ι
2047 1337 2198 1389 bene-

607 1441 744 1493 dicat
769 1440 1004 1492 introitus
1030 1448 1075 1492 et
1104 1439 1270 1492 exitus
1296 1452 1470 1490 eorum
1490 1476 1506 1500 ,
1539 1449 1737 1487 onmem
1763 1431 1919 1484 vitam
1943 1429 2194 1499 ipsorum.

609 1531 723 1585 lloc
749 1530 866 1586 loco
895 1529 1116 1599 aliquid,
1150 1527 1290 1597 quod
1321 1527 1387 1581 ad
1414 1539 1611 1596 corpus
1634 1532 1862 1593 spectet,
1894 1529 2080 1590 petere
2103 1517 2197 1588 ju-

607 1627 837 1690 bentur,
869 1634 927 1678 ut
952 1625 1040 1693 qui
1085 1622 1258 1678 adhuc
1305 1619 1600 1676 imbecilles
1629 1618 1758 1672 sint.
1803 1615 1999 1670 Domos
2025 1629 2198 1668 eorum

608 1725 656 1769 et
697 1715 1047 1769 habitationes.
1079 1714 1192 1768 Hoc
1215 1722 1334 1778 est,
1376 1712 1489 1766 sive
1525 1709 1751 1765 famulos
1781 1708 2052 1771 habeant,
2085 1707 2199 1760 sive

611 1818 891 1880 cognatos,
917 1810 1031 1864 sive
1060 1809 1194 1863 alios
1223 1806 1484 1879 quosdam
1515 1803 1870 1860 necessarios.
1904 1800 2030 1854 Haec
2055 1800 2198 1854 enim

609 1911 766 1957 erant
785 1900 995 1956 Veteris
1017 1900 1347 1956 Testamenti
1378 1897 1596 1968 praemia
1619 1915 1631 1948 :
1654 1911 1754 1949 nec
1772 1893 2060 1964 quidquam
2082 1907 2202 1961 per.

612 1992 738 2046 inde
775 2007 956 2061 grave,
989 2001 1147 2061 atque
1176 1990 1428 2046 acerbum
1459 2003 1580 2043 esse
1609 1985 1910 2047 videbatur,
1939 1993 1994 2038 ιιι
2024 1981 2200 2037 vidui-

613 2093 718 2149 tas,
747 2091 805 2136 ut
832 2081 1089 2138 sterilitas
1111 2126 1123 2147 ,
1153 2092 1210 2136 ut
1239 2089 1558 2151 prmmatura
1590 2077 1798 2143 futiera,
1823 2085 1882 2130 ut
1909 2075 2110 2138 fames,
2148 2083 2203 2127 et

613 2173 826 2230 adversi
855 2189 1035 2229 rerum
1067 2187 1368 2229 successus.
1401 2171 1480 2226 0b
1508 2184 1627 2225 eam
1657 2183 1871 2223 causam
1898 2167 1952 2220 in
1987 2165 2204 2236 petitio-

615 2267 775 2323 nibus
807 2266 875 2322 ad
915 2281 1112 2337 corpus
1159 2263 1550 2335 pertinentibus
1591 2275 1686 2316 eos
1734 2257 2008 2315 immorari
2051 2258 2199 2324 sinit,

615 2361 868 2432 paulatim
893 2361 1038 2431 ipsos
1062 2360 1115 2413 in
1140 2359 1308 2413 altum
1330 2356 1655 2412 subvehens.
1677 2354 1790 2408 lloc
1809 2353 1952 2407 enim
1976 2361 2028 2406 et
2051 2350 2207 2406 Chri-

614 2464 731 2510 stus
753 2453 884 2508 l'acit
913 2463 972 2508 et
998 2452 1221 2518 Paulus,
1244 2450 1492 2520 antiquas
1523 2446 1775 2501 videlicet
1801 2443 2204 2500 benedictiones

617 2558 844 2619 uterque
888 2547 941 2602 in
993 2543 1307 2599 memoriam
1356 2553 1617 2597 revocans
1649 2537 1930 2594 :Christus
1974 2550 2205 2605 nempe,

615 2655 736 2694 cum
763 2638 858 2705 ait,
885 2637 1033 2693 Beati
1059 2637 1202 2691 mites
1224 2677 1238 2698 ,
1265 2635 1506 2704 quoniam
1537 2632 1639 2702 ipsi
1668 2628 1997 2701 possidebunt
2021 2638 2208 2681 terram

617 2733 832 2803 (Matth.
865 2733 919 2787 5.
950 2732 1006 2803 4)
1031 2748 1046 2785 :
1077 2729 1271 2784 Paulus
1293 2739 1471 2783 autem
1492 2769 1508 2794 ,
1535 2723 1751 2780 Honora
1780 2733 1970 2793 patrem
1992 2730 2134 2774 tuum
2163 2728 2210 2773 et

617 2834 830 2878 matrem
860 2832 1020 2884 tuam,
1049 2831 1103 2876 ut
1129 2821 1199 2876 sis
1222 2822 1479 2890 longaevus
1504 2834 1659 2888 super
1684 2826 1894 2870 terram.
1927 2809 2094 2867 Filios
2121 2827 2208 2865 eo-

617 2933 768 2984 rum,
819 2925 872 2970 ut
910 2933 994 2969 eos
1032 2931 1216 2986 augeas
1251 2924 1296 2967 et
1324 2911 1589 2968 benedicas
1609 2952 1624 2976 ,
1648 2920 1799 2978 atque
1821 2909 1890 2962 ad
1921 2920 2210 2961 mensuram

619 3009 786 3061 (etatis
815 3007 1083 3073 perductos
1102 3004 1352 3074 sapientia
1379 3005 1603 3057 instruas
1626 2998 1842 3074 (Epltes.
1871 2999 1924 3056 6.
1952 2998 2005 3052 2.
2039 2995 2118 3069 5).

693 3101 747 3155 8.
783 3099 880 3154 llic
909 3113 1094 3153 rursus
1122 3097 1315 3168 partim
1337 3111 1680 3166 corporeum,
1707 3094 1898 3163 partim
1931 3081 2210 3163 spirituale

625 3191 942 3247 beneﬁcium
975 3192 1106 3261 ipsis
1141 3192 1308 3260 poscit
1337 3231 1353 3256 ,
1383 3196 1570 3258 utpote
1601 3187 1795 3257 puerili
1818 3185 1996 3240 adhuc
2029 3183 2211 3239 animo

628 3283 887 3355 praeditis.
917 3282 1070 3350 Quod
1098 3291 1275 3336 autem
1303 3281 1566 3350 sequitur,
1595 3278 1741 3333 omni
1775 3293 1837 3332 ex
1864 3285 2016 3347 parte
2048 3274 2210 3347 spiri-

625 3381 767 3435 tuale
790 3387 891 3444 est,
928 3377 997 3434 Ut
1023 3379 1196 3434 omnia
1223 3391 1337 3447 qua:
1373 3375 1497 3444 ipsis
1528 3373 1788 3444 proposita
1814 3381 1990 3434 erunt,
2023 3369 2092 3423 ad
2115 3369 2214 3422 uti-

622 3471 814 3524 litatem
841 3471 1050 3540 dirigat.
1103 3467 1219 3522 Non
1242 3467 1385 3521 enim
1427 3463 1748 3534 simpliciter
1773 3478 1894 3532 quae
1939 3461 2212 3532 proposita

551 3591 564 3599 ι
622 3573 800 3630 erunt,
831 3562 926 3618 sed
957 3578 1076 3632 qua:
1103 3562 1170 3617 ad
1201 3560 1508 3616 utilitatem.
1539 3557 1696 3626 Saepe
1725 3557 1866 3612 enim
1901 3554 2213 3625 peregrina-

624 3655 700 3708 tio
723 3655 896 3724 aliqua
936 3652 1269 3718 instituitur,
1311 3651 1404 3707 scd
1452 3650 1674 3704 minime
1721 3647 2006 3712 conducit;
2053 3655 2213 3714 atque

622 3744 767 3800 aliud
798 3744 1054 3815 quiddam
1100 3743 1304 3809 simile,
1347 3741 1489 3812 quod
1538 3755 1638 3795 nec
1681 3740 1810 3794 item
1841 3737 1969 3792 utile
1995 3744 2097 3792 est.
2134 3735 2210 3790 Ex

623 3837 817 3907 quibus
863 3837 964 3890 hoc
988 3835 1242 3900 discunt,
1279 3835 1390 3890 Deo
1436 3835 1488 3888 in
1519 3831 1769 3887 omnibus
1818 3828 1983 3884 rebus
2010 3827 2211 3899 gratias

623 3945 822 4000 agerc,
855 3939 912 3983 ut
960 3946 1078 4000 qum
1119 3928 1188 3984 ad
1234 3944 1423 3984 eorum
1471 3925 1813 3983 commodum
1845 3933 1901 3980 et
1929 3924 2211 3978 utilitatem

626 4023 776 4076 ﬁant.
826 4023 953 4078 Post
996 4022 1113 4076 haec
1139 4021 1317 4075 omnia
1357 4021 1468 4090 jam
1499 4034 1595 4074 eos
1623 4032 1845 4088 surgere
1874 4015 2047 4086 jubet.
2081 4013 2210 4068 Nam

622 4130 746 4170 cum
775 4115 917 4184 prius
943 4129 1038 4169 eos
1066 4115 1212 4168 humi
1234 4122 1534 4184 prosuatos
1559 4111 1840 4177 tenuisset,
1864 4119 2212 4179 posteaquam

624 4225 687 4264 ea
719 4208 989 4279 petierunt
1011 4223 1131 4278 quas
1173 4208 1479 4278 petierunt,
1507 4221 1570 4260 ac
1600 4203 1793 4259 ﬁducia
1836 4201 2024 4271 repleti
2055 4208 2212 4265 sunt,

621 4301 733 4370 jam
764 4315 857 4355 eos
879 4314 1058 4356 sermo
1085 4299 1264 4370 erigit,
1291 4314 1354 4354 ac
1381 4299 1640 4367 deinceps
1671 4298 1816 4367 ipsos
1843 4309 2054 4364 quoque
2077 4308 2205 4363 pre-

625 4397 893 4451 cationem
917 4395 981 4448 ad
1007 4396 1170 4448 Deum
1197 4394 1444 4465 amplecti
1468 4392 1642 4463 jubet.
1665 4391 1940 4461 Siquidem
1969 4387 2212 4458 quaedam

628 4503 727 4542 nos
793 4487 1062 4552 dicimus,
1113 4485 1360 4555 quaedam
1412 4499 1598 4539 rursus
1630 4482 1760 4551 ipsis
1791 4480 2212 4547 committimus,

626 4582 896 4651 petitionis
973 4595 1166 4650 nempe
1223 4579 1417 4648 januas
1483 4577 1616 4645 ipsis
1687 4573 1991 4644 aperientes
2044 4590 2058 4627 :
2107 4585 2210 4626 non

623 4689 780 4728 secus
808 4673 1060 4728 videlicet
1087 4686 1150 4725 ac
1181 4684 1380 4741 pueros
1405 4669 1636 4740 primum
1661 4667 1760 4737 ipsi
1783 4666 2059 4730 docemus,
2094 4671 2215 4734 post

622 4774 802 4820 autem
846 4765 992 4834 ipsos
1018 4778 1228 4833 quoque
1274 4761 1417 4831 loqui
1438 4759 1710 4830 jubemus.
1740 4756 1924 4826 Itaque
1951 4755 2055 4810 hoc
2083 4755 2214 4824 ipsis

621 4856 884 4923 dicimus,
917 4853 1167 4926 Angelum
1211 4854 1351 4925 pacis
1420 4851 1610 4923 petite,
1639 4867 1669 4904 o
1713 4848 2078 4904 catechumeni.
2117 4846 2216 4902 Est

621 4948 818 5020 quippe
844 4945 1066 5015 angelus
1087 4945 1249 4999 etiam
1277 4943 1575 4998 cruciatum
1605 4938 1864 5004 inferens,
1889 4947 1945 4991 ut
1965 4953 2087 4992 cum
2121 4937 2212 4992 ille

621 5041 732 5107 ait,
783 5040 1157 5094 lnmtissionem
1193 5055 1284 5109 per
1319 5035 1526 5108 angelos
1570 5034 1733 5088 malos
1760 5031 1932 5106 (Psal.
1968 5031 2057 5086 77.
2089 5029 2206 5102 54).

621 5132 716 5187 Est
741 5142 795 5186 et
814 5131 1033 5202 angelus
1051 5129 1455 5185 exterminator.
1481 5128 1558 5181 Ac
1586 5122 1810 5196 provide
1840 5138 1936 5179 eos
1956 5121 2207 5192 angelum

621 5223 769 5294 pacis
790 5231 971 5292 petere
992 5220 1268 5292 jubemus,
1293 5219 1549 5274 docentes
1571 5231 1686 5282 eos,
1707 5215 1757 5271 id
1776 5215 1916 5285 quod
1941 5214 2202 5268 bonorum

617 5316 856 5372 omnium
875 5314 1144 5369 vinculum
1159 5322 1264 5378 est,
1276 5312 1381 5366 hoc
1395 5319 1498 5376 est,
1533 5324 1716 5379 pacem
1735 5307 2004 5378 postulare
2024 5323 2039 5360 :
2059 5307 2128 5360 ita
2151 5313 2208 5358 ut

617 5413 689 5468 ab
711 5410 858 5466 omni
889 5423 1064 5479 pugna
1095 5447 1110 5472 ,
1137 5406 1206 5462 ab
1247 5405 1394 5460 omni
1428 5403 1590 5469 bello,
1619 5411 1674 5457 et
1703 5401 1771 5455 ab
1800 5400 1946 5456 omni
1976 5399 2203 5454 dissidio

617 5504 813 5561 absint.
845 5500 1072 5570 Paci/ica
1091 5498 1227 5552 vobis
1245 5495 1416 5552 omnia
1444 5510 1558 5565 qua:
1577 5501 1950 5564 proponuntur.
1979 5489 2206 5546 Utcum-

617 5611 722 5666 que
752 5593 894 5650 enim
917 5606 1080 5663 grave
1108 5587 1306 5660 aliquid
1333 5588 1434 5654 sit,
1467 5585 1594 5642 dum
1629 5593 1807 5640 tamen
1835 5597 2019 5655 pacem
2047 5581 2198 5652 quis-

1343 399 1400 455 S.
1429 393 1705 453 JOANNIS
1741 379 2204 444 CIIRYSUSTOMI

2311 380 2567 441 llCillEP.
2605 384 3141 447 CONSTANTINOP.
3741 385 3826 441 4οι

2299 501 2440 568 piam
2472 503 2685 571 habeat,
2704 506 2822 564 leve
2848 520 2949 564 est.
2984 511 3170 582 quue
3205 513 3362 569 etiam
3393 518 3605 574 nomine
3629 519 3841 583 Christus

2295 592 2540 664 dicebat,
2570 596 2759 654 Pacem
2787 617 2952 656 nteant
2972 603 3038 657 do
3059 605 3195 659 vobis
3220 604 3506 675 (Joan.M.
3536 613 3603 665 27
3622 612 3660 682 ).
3685 613 3841 687 Neque

2295 687 2439 740 enim
2469 689 2634 744 ullum
2658 706 2930 748 armorum
2961 709 3129 764 genus
3159 697 3373 753 diabolo
3401 716 3551 769 teque
3579 703 3769 760 ﬁrmum
3791 723 3842 763 ac

2296 779 2529 835 validum
2559 792 2661 847 est,
2689 792 2746 838 ut
2781 801 2952 855 pugna
2980 796 3034 842 et
3062 788 3306 844 simultas
3331 806 3395 846 ac
3436 793 3650 849 bellum.
3678 797 3843 870 Paciﬁ-

2297 889 2413 926 cum
2439 873 2573 928 hunc
2593 879 2725 930 diem
2747 919 2762 946 ,
2787 889 2936 948 atque
2955 898 3127 936 omnes
3149 885 3262 938 vita:
3281 895 3455 939 vestra:
3479 888 3583 943 dies
3608 895 3842 960 postulate.

2299 965 2546 1022 Vidistin‘
2567 985 2755 1025 rursus
2776 973 3045 1041 quomodo
3071 977 3376 1032 universam
3411 979 3570 1034 vitam
3603 983 3653 1036 in
3674 988 3842 1041 virtute

2303 1062 2518 1132 transigi
2549 1063 2765 1132 iubeat?
2793 1064 3108 1123 Christianos
3137 1078 3328 1124 vestros
3353 1071 3517 1139 ﬁnes;
3542 1076 3744 1144 etquod
3767 1077 3844 1133 bo-

2301 1169 2490 1208 norum
2517 1167 2677 1225 caput
2703 1166 2807 1223 est,
2830 1160 2967 1228 quod
2986 1162 3251 1216 honestum
3272 1171 3340 1216 est
3362 1173 3407 1217 et
3433 1166 3566 1234 quod
3582 1167 3714 1222 utile.
3738 1169 3842 1225 Nam

2301 1244 2443 1315 quod
2475 1245 2760 1302 honestum
2787 1264 2895 1303 non
2925 1259 3027 1316 est,
3060 1251 3109 1304 id
3140 1268 3208 1306 ne
3239 1253 3368 1307 utile
3398 1254 3608 1323 quidem
3637 1272 3746 1313 esse
3769 1274 3847 1328 po-

2303 1346 2427 1391 test.
2463 1339 2580 1392 Alia
2606 1340 2748 1394 enim
2798 1356 2978 1396 rerum
3007 1343 3216 1396 utilium
3248 1345 3388 1412 apud
3420 1361 3516 1400 nos
3546 1358 3718 1402 natura
3747 1361 3843 1413 est.

2303 1446 2462 1500 quam
2501 1433 2689 1502 vulgus
2717 1434 2986 1504 opinatur.
3027 1435 3125 1489 Vos
3153 1437 3290 1505 ipsos
3323 1435 3428 1490 Deo
3456 1439 3629 1492 virenti
3652 1457 3707 1494 ac
3721 1438 3844 1495 Citri-

2303 1532 2380 1576 sto
2405 1524 2566 1593 ipsius
2592 1527 2961 1582 commendate.
3003 1526 3251 1583 Nondum
3281 1530 3424 1583 enim
3479 1519 3576 1585 hoc
3605 1531 3701 1587 illis
3725 1548 3845 1589 com-

2305 1617 2590 1684 tnittimus,
2620 1628 2677 1674 ιιι
2715 1634 2814 1689 pro
2837 1621 2958 1676 aliis
2989 1630 3180 1688 orent,
3213 1621 3308 1677 scd
3342 1625 3591 1692 prmclare
3619 1627 3694 1694 agi
3721 1637 3846 1695 puta-

2307 1727 2447 1776 mus,
2477 1712 2520 1766 si
2551 1728 2647 1783 pro
2668 1712 2861 1783 scipsis
2881 1729 3038 1770 orare
3059 1724 3276 1784 queant.
3301 1715 3532 1773 Videsne
3554 1733 3699 1787 quam
3721 1719 3845 1788 plena

2306 1813 2357 1859 ει
2386 1804 2625 1860 numeris
2646 1806 2893 1862 omnibus
2913 1807 3155 1862 absoluta
3181 1809 3419 1877 precatio
3443 1811 3528 1877 sit,
3554 1811 3660 1865 sive
3683 1811 3848 1866 doctri-

2309 1913 2430 1951 nam
2486 1899 2601 1953 sive
2625 1899 2788 1954 vitam
2835 1900 3187 1956 consideres?
3230 1901 3363 1956 Nam
3403 1918 3524 1957 cum
3564 1905 3846 1974 evangelium

2307 1987 2558 2053 dicimus,
2591 2005 2711 2044 cum
2743 1991 3162 2062 incorruptionis
3192 1993 3565 2049 indumentum
3589 2036 3604 2060 ,
3631 2011 3738 2049 cum
3775 2011 3846 2050 re-

2308 2080 2673 2150 generationis
2700 2082 2992 2149 lavacrum,
3015 2084 3316 2140 doctrinam
3347 2087 3638 2142 universam
3665 2086 3736 2142 bis
3757 2104 3850 2144 ver-

2311 2175 2397 2231 bis
2441 2177 2874 2247 complectimur.
2926 2179 3133 2235 Rursus
3163 2196 3288 2235 cum
3339 2191 3570 2238 mentem
3594 2182 3754 2237 divino
3774 2199 3850 2237 nu—

2310 2268 2457 2323 mine
2474 2268 2706 2323 amatam
2728 2311 2741 2334 ,
2774 2285 2895 2325 cum
2914 2271 3149 2326 sobriam
3178 2272 3579 2342 cogitationem,
3604 2287 3712 2327 cum
3730 2271 3848 2327 deuio

2311 2377 2417 2432 que
2442 2370 2636 2418 caetera
2659 2405 2674 2430 ,
2703 2379 2823 2434 quae
2855 2380 2884 2417 a
2929 2363 3086 2421 nobis
3111 2375 3534 2421 commemorata
3563 2376 3696 2430 sunt,
3720 2367 3848 2421 vitam

2313 2456 2700 2526 signiﬁcamus.
2732 2457 2958 2511 Demum
2985 2472 3081 2512 eos
3108 2457 3284 2528 capita
3317 2459 3574 2514 inclinare
3615 2457 3846 2528 iubemus,

2315 2546 2420 2601 huc
2449 2546 2701 2603 videlicet
2748 2559 3064 2620 argumento
3111 2566 3302 2621 preces
3333 2551 3607 2607 exauditos
3633 2565 3740 2606 esse
3763 2558 3850 2604 sta-

2315 2647 2548 2706 tuentes,
2581 2640 2723 2710 quod
2747 2641 2886 2697 Deus
2911 2658 3004 2697 eos
3024 2642 3338 2700 benedicat.
3366 2644 3546 2714 Neque
3571 2645 3699 2699 enim
3725 2643 3850 2698 homo

2315 2740 2400 2786 est
2429 2733 2518 2804 qui
2550 2732 2850 2798 benedicit,
2879 2733 2975 2789 sed
3020 2749 3115 2804 per
3159 2735 3307 2789 illius
3341 2751 3556 2790 manum
3583 2751 3640 2790 ac
3662 2735 3848 2804 linguam

2316 2823 2429 2894 regi
2450 2824 2551 2893 ipsi
2568 2826 2742 2896 capita
2764 2841 2976 2892 eorum,
3001 2828 3091 2897 qui
3122 2825 3349 2894 adsunt,
3372 2827 3655 2883 oderimus.
3683 2827 3748 2880 Ac
3767 2835 3848 2880 tum

2318 2915 2607 2973 inclamant
2628 2933 2840 2985 omnes,
2873 2919 3052 2975 Amen.
3086 2920 3210 2975 Haec
3238 2935 3306 2975 an
3322 2930 3430 2977 tem
3453 2921 3622 2978 omnia
3644 2934 3850 2992 quorsum

2318 3007 2534 3064 tandem
2567 3025 2596 3064 a
2627 3026 2715 3066 me
2757 3010 2901 3066 dicta
2948 3012 3107 3066 sunt?
3153 3012 3225 3068 Ut
3271 3013 3505 3070 doceam
3552 3027 3642 3068 nos
3666 3012 3849 3067 aliorum

2316 3102 2598 3157 commoda
2624 3118 2872 3173 quaerere
2899 3103 3125 3170 debere,
3157 3119 3222 3160 ac
3245 3120 3323 3161 ne
3347 3114 3530 3176 putent
3556 3104 3721 3159 ﬁdeles
3743 3103 3847 3165 hate,

2317 3209 2438 3248 cum
2485 3196 2812 3261 recitantur,
2860 3195 2992 3252 nihil
3036 3196 3104 3252 ad
3135 3213 3195 3252 se
3224 3200 3521 3268 pertinere.
3548 3196 3711 3266 Neque
3735 3195 3845 3249 enim

2316 3283 2383 3339 ad
2411 3286 2642 3355 parietes
2673 3287 2931 3344 diaconus
2966 3288 3221 3358 loquitur,
3255 3306 3380 3346 cum
3426 3291 3533 3354 ait,
3568 3289 3753 3341 Oremus
3777 3299 3848 3355 pro

2317 3377 2710 3433 catechumenis.
2739 3379 2937 3436 Verum
2990 3381 3230 3435 nonnulli
3279 3383 3417 3438 adeo
3445 3392 3692 3444 amentes,
3720 3389 3851 3446 atque

2319 3469 2492 3540 ignavi
2518 3485 2582 3525 ac
2611 3471 2856 3527 dissoluti
2884 3483 3032 3537 sunt,
3063 3482 3120 3527 ut
3149 3488 3255 3528 non
3287 3475 3449 3530 modo
3481 3477 3533 3530 in
3556 3471 3851 3529 catechume-

2319 3579 2531 3628 nornm,
2567 3564 2660 3618 sed
2693 3565 2852 3619 etiam
2884 3565 3119 3620 lidelium
3154 3577 3400 3639 tempore
3430 3579 3564 3624 stent
3586 3576 3724 3635 atque
3743 3578 3848 3618 con-

2320 3653 2645 3710 fabulemur.
2695 3657 2828 3713 llinc
2871 3659 3052 3714 onmia
3093 3659 3356 3716 subversa
3387 3669 3541 3723 sunt,
3572 3659 3680 3713 hinc
3703 3654 3849 3710 omnia

2321 3749 2595 3818 perierunt
2627 3768 2640 3803 ;
2673 3751 2795 3820 quia
2824 3767 2930 3821 quo
2963 3761 3204 3821 tempore
3235 3755 3474 3809 maxime
3503 3748 3764 3808 curandum
3785 3752 3850 3799 est

2320 3852 2377 3895 nt
2405 3841 2574 3896 Deum
2613 3843 2772 3899 nobis
2803 3843 3214 3898 reconciliemus
3239 3885 3255 3909 ,
3290 3844 3392 3899 hoc
3437 3846 3548 3914 ipso
3575 3843 3637 3896 ita
3657 3834 3848 3894 discedi-

2319 3946 2440 3986 mus
2461 3973 2476 3993 ,
2505 3942 2559 3985 ιιι
2590 3932 2707 4001 ejus
2751 3931 2882 3986 iram
2915 3934 2966 3986 in
2999 3948 3094 3986 nos
3125 3935 3479 3990 concitemus.
3510 3929 3752 4000 Siquidem
3778 3939 3846 3980 eoo

2319 4038 2432 4077 ram
2467 4023 2715 4078 ﬁdelibus
2741 4039 2838 4093 pro
2863 4026 3152 4094 episcopis,
3183 4041 3282 4096 pro
3312 4025 3646 4097 presbyteris,
3671 4034 3755 4092 pro
3780 4031 3848 4071 re-

2320 4116 2509 4186 gibus,
2550 4131 2647 4186 pro
2699 4117 3150 4187 imperatoribus,
3202 4134 3302 4189 pro
3347 4130 3483 4175 terra
3527 4127 3578 4173 ct
3607 4114 3750 4177 mari.
3776 4121 3847 4178 Ρτο

2319 4209 2460 4262 aeris
2486 4210 2745 4279 temperie
2767 4251 2782 4276 ,
2812 4209 3046 4281 denique
3077 4227 3175 4281 pro
3205 4213 3457 4268 universo
3484 4222 3724 4265 terrarum
3747 4201 3848 4258 orbe

2320 4299 2605 4369 benignum
2632 4299 2913 4354 Dominum
2937 4301 3086 4355 adire
3102 4301 3377 4370 jubemur.
3405 4299 3734 4369 Quamobrem
3753 4304 3846 4347 cum

2321 4408 2439 4456 nos,
2460 4393 2546 4460 qui
2577 4401 2721 4447 tanta
2749 4391 2939 4447 ﬁducia
2964 4393 3173 4463 praediti
3202 4409 3326 4450 esse
3355 4394 3627 4456 debemus,
3655 4385 3844 4441 utetiam

2321 4501 2416 4554 pro
2459 4485 2578 4540 aliis
2607 4500 2862 4554 oremus,
2911 4502 2980 4542 ne
3021 4502 3118 4557 pro
3164 4487 3323 4542 nobis
3364 4485 3572 4556 quidem
3601 4487 3776 4535 attento
3799 4486 3846 4524 ac

2322 4577 2558 4646 vigilanti
2621 4579 2805 4633 animo
2853 4594 3173 4648 precemur,
3227 4580 3449 4647 quinam
3500 4566 3842 4632 excusationis.

2318 4671 2535 4739 quinam
2567 4673 2738 4726 venia:
2787 4671 2943 4727 nobis
2974 4673 3127 4727 locus
3164 4686 3285 4727 esse
3329 4670 3525 4743 possit?
3566 4670 3638 4722 Ac
3665 4656 3845 4735 proinde

2317 4763 2564 4830 OhSecro,
2597 4773 2654 4816 ut
2679 4763 2793 4818 hinc
2820 4765 2998 4819 omnia
3025 4764 3209 4819 animo
3235 4779 3299 4818 ac
3327 4771 3504 4819 mente
3531 4756 3844 4825 complecten-

2319 4861 2432 4915 tcs,
2469 4853 2793 4924 precationis
2849 4862 3061 4922 tempus
3101 4867 3485 4924 agnoscamus,
3533 4846 3844 4906 sublimcsque

2316 4947 2602 5003 eﬁ‘eramur
2630 4958 2792 5018 atque
2820 4963 2850 5002 a
2882 4958 3022 5003 terra
3065 4946 3384 5003 excedamus
3405 4987 3419 5010 ,
3454 4945 3713 5014 ipsumque
3751 4926 3842 4986 cali

2315 5043 2576 5097 fornicem
2617 5043 2978 5112 attingamus.
3023 5051 3080 5096 ut
3125 5041 3291 5096 Deum
3338 5023 3488 5094 nabis
3525 5030 3778 5106 propitium
3802 5029 3842 5112 et

2315 5133 2582 5204 placidum
2611 5133 2859 5198 reddere,
2888 5147 2950 5187 ac
2979 5133 3242 5201 promissa
3270 5130 3408 5185 bona
3438 5120 3676 5192 consequi
3705 5110 3840 5187 possi-

2312 5240 2471 5280 mus:
2495 5240 2615 5295 quae
2637 5224 2840 5279 utinam
2865 5224 3122 5293 consequi
3145 5223 3296 5277 nobis
3323 5222 3608 5284 contingat,
3639 5225 3721 5282 per
3740 5217 3839 5295 Si?"

2313 5317 2441 5371 tiam
2471 5330 2535 5371 ac
2563 5316 2986 5371 misericordiam
3018 5313 3230 5369 Domini
3281 5311 3448 5367 nostri
3490 5309 3607 5364 Jesu
3632 5293 3829 5358 Christi.

2312 5409 2527 5478 quicum
2547 5409 2688 5463 Patri
2711 5417 2766 5463 et
2787 5408 3006 5478 Spiritui
3032 5415 3217 5463 sancto
3237 5404 3426 5476 gloria,
3453 5395 3731 5470 imperium,
3755 5385 3833 5440 h0-

2311 5517 2446 5568 nor,
2497 5517 2638 5558 nunc
2683 5511 2738 5558 et
2785 5516 3040 5572 semper,
3089 5509 3144 5556 et
3192 5499 3244 5554 io
3285 5495 3478 5552 saecula
3535 5484 3830 5546 sazculorum-

2311 5595 2505 5650 Amen.
