4068 6438
350 381 455 436 405

1435 379 1503 434 ΙΝ
1536 378 1754 435 Ειηδτ.
1779 379 1823 434 ll
1854 378 1947 434 AD
1965 377 2127 434 COR.
2156 374 2395 432 HOMIL.
2427 376 2490 431 ll.

3514 372 3619 433 404

350 491 551 554 αὐτοὺς
582 490 852 557 συνεθίζει
878 491 1096 557 εἰδέναι,
1121 492 1203 546 ὅτι
1227 492 1586 563 ἀνα-γέννησις
1616 492 1677 547 τὸ
1699 493 1936 565 πρᾶγμά
2038 492 2147 563 γὰρ
2184 490 2439 564 φορτικὸν
2535 507 2612 555 τι,
2641 489 2868 560 εἰρήνην
2889 486 3089 558 δὲ-ἔχῃ,
3117 465 3320 554 κοῦφόν
3355 488 3490 540 ἐστι.
3523 491 3622 544 Διά

348 583 490 645 ἐστι,
516 583 613 637 καὶ
642 583 805 638 πάλιν
836 582 1178 654 γεννώμεθα,
1203 582 1394 656 ῶσπερ
1425 584 1534 637 ἀπὸ
1556 585 1656 654 τῆς
1692 586 1931 655 μήτρας,

2034 582 2195 636 τοῦτο
2222 585 2316 635 καὶ
2342 584 2370 635 ὀ
2393 581 2627 653 Χριστὸς
2660 580 2850 650 ἔλεγεν
2875 597 2890 610 ο
2912 577 3181 649 Είρήνην
3203 577 3321 646 τὴν
3354 579 3510 647 ἐμὴν
3536 576 3628 632 δί-

346 672 523 737 οὖτως
556 675 666 729 ἀπ’)
690 673 802 727 τῶν
827 674 1056 728 ὑδάτων·
1093 675 1180 728 ἴνα
1223 674 1298 746 μὴ
1324 674 1526 744 λέγωσι
1553 675 1696 729 κατά
1716 676 1808 728 τὸν
1834 676 1935 729 Νι-
2034 674 2181 744 δωμι
2236 674 2398 745 ὑμῖν.
2456 673 2625 729 Οὐδὲν
2676 672 2787 744 γάρ
2838 671 3013 735 οὕτως
3064 670 3228 725 ὅπλον
3266 671 3486 743 ἰσχυρὸν
3544 670 3626 742 τῷ

346 766 476 836 κύδη
488 783 609 836 μον,
640 765 770 832 Πῶς
804 765 1059 820 δύναταί
1087 784 1177 833 τις
1202 765 1565 836 γεννηθῆναι
1593 768 1782 837 γέρων
1808 767 1933 835 ὠν;

338 855 428 927 μὴ
445 856 696 910 δύναται
720 859 808 924 εἰς
825 856 937 926 τὴν
958 859 1195 911 κοιλίαν
1213 856 1323 926 τῆς
1340 858 1569 928 μητρὸς
1593 858 1782 913 αὑτοῦ
1806 862 1932 914 εισ-

341 938 544 1001 εζιθεῖν
568 986 583 1011 ,
627 947 725 1001 καὶ
783 947 1151 1018 γεννηθῆναι
1210 948 1478 1013 ἆνωθεν;
1522 947 1687 1015 Εἶτα,
1739 950 1929 1023 ἐπειδὴ

340 1039 540 1108 ἄφεσιν
573 1035 725 1095 εἶπεν
754 1039 1059 1111 ἁμαρτιῶν,
1090 1040 1178 1093 διὰ
1206 1039 1316 1094 τῶν
1340 1041 1467 1111 ἑξῆς
1502 1042 1673 1113 αὐτὴν
1705 1043 1930 1097 πιστοῦ-

338 1150 434 1186 ται
466 1131 657 1200 λέγων·
696 1131 804 1186 Τοῦ
827 1131 1161 1202 ἐνδύματος
1183 1130 1295 1200 τῆς
1325 1132 1684 1201 ἀφθαρσίας.
1730 1134 1789 1188 ’0
1818 1136 1928 1207 γὰρ

337 1224 573 1294 υίότητα
600 1224 941 1293 ἐνδυόμενος,
969 1222 1132 1293 δῆλον
1169 1223 1253 1276 ὅτι
1283 1223 1561 1295 ἄφθαρτος
1594 1225 1825 1286 γίνεται.
1860 1226 1926 1277 Τί

334 1314 397 1368 δέ
434 1315 606 1379 ἐστιν,
645 1313 741 1367 Ἐν
775 1311 959 1381 καιρῷ
993 1313 1249 1380 εὐθέτῳ;
1280 1314 1450 1368 Ὅταν
1481 1310 1539 1368 εὖ
1582 1315 1924 1386 διακείμενος

331 1401 397 1479 ᾗ,
441 1406 571 1458 ὅταν
611 1404 750 1475 μετά
795 1403 1109 1476 προθυμίας
1159 1406 1255 1458 καί¹
1303 1405 1541 1470 πίστεως
1576 1408 1794 1481 προσίῃο
1827 1407 1921 1461 τοῦ

331 1498 451 1567 γάρ
484 1494 676 1549 πιστοῦ
710 1496 899 1567 καιρὸς
930 1496 1149 1559 εῦθετος
1178 1491 1335 1560 οὗτός
1375 1499 1543 1550 ἐστιν.
1576 1497 1713 1553 Ἵνα
1748 1500 1919 1551 εὐλο-

330 1589 505 1660 γήσῃ
523 1591 630 1656 τὰς
653 1589 932 1657 εἰσόδους
953 1590 1152 1644 αὐτῶν
1175 1590 1271 1643 καί
1300 1590 1408 1656 τὰς
1424 1589 1699 1656 ἐξόδους,
1724 1589 1923 1643 πάντα

329 1680 446 1734 τὸν
485 1680 634 1745 ⁴βίον
672 1678 893 1734 αὐτῶν.
958 1680 1225 1735 Ἐνταῦθα
1269 1681 1327 1735 δὲ
1366 1682 1462 1735 καὶ
1502 1681 1814 1752 σωματικόν
1866 1699 1921 1734 τι

327 1772 508 1825 αἰτεῖν
546 1769 893 1836 κελεύονται,
925 1770 1002 1832 ὡς
1038 1770 1118 1823 ἔτι
1149 1770 1531 1841 ἀσθενέστεροι
1560 1771 1732 1834 ὄντες.
1770 1771 1920 1837 Τοὺς

327 1863 543 1928 οἴκους
568 1862 788 1925 αὐτῶν,
818 1861 922 1916 καί
951 1863 1060 1929 τὰς
1090 1862 1370 1929 οίκετίας.
1411 1862 1703 1917 Τουτέστιν
1721 1903 1735 1928 ,
1762 1863 1828 1917 ἀν
1858 1880 1919 1917 τε

327 1953 677 2024 θεράποντας
707 1952 924 2024 ἔχωσιν,
954 1954 1019 2008 ἀν
1051 1970 1112 2006 τε
1155 1954 1459 2021 συγγενεῖς,
1501 1953 1566 2007 ἄν
1603 1970 1663 2006 τε
1697 1954 1921 2025 ἑτέρους

324 2046 488 2108 τινας
526 2048 919 2116 προσήκοντας.
961 2045 1147 2100 Ταῦτα
1179 2046 1290 2117 γὰρ
1333 2042 1403 2118 ἦν
1440 2047 1541 2118 τῆς
1571 2047 1820 2111 Παλαιᾶς
1851 2048 1918 2102 τά

323 2138 585 2192 ἔπαθλαο
633 2138 727 2191 καὶ
779 2138 933 2192 οὐδὲν
981 2137 1124 2193 οὕτω
1174 2139 1346 2194 δεινὸν
1405 2140 1580 2194 ἐδόκει
1633 2137 1793 2205 εἶναι,
1843 2142 1920 2206 ὼς

322 2230 553 2301 χηρεία,
596 2229 671 2295 ὡς
704 2232 956 2296 ἀπαιδία,
992 2231 1066 2295 ὡς
1104 2232 1171 2285 τά
1202 2232 1372 2305 πένθη
1422 2233 1491 2287 τὰ
1527 2235 1715 2306 ἄωρα,
1751 2233 1827 2299 ὡς
1858 2234 1919 2288 τὸ

324 2325 390 2376 ἐν
419 2322 565 2393 λιμῷ
590 2322 752 2387 εἶναι,
788 2323 863 2387 ώς
891 2324 951 2376 τὸ
982 2323 1056 2397 μὴ
1088 2324 1146 2390 ἐξ
1174 2326 1362 2396 οὐρίας
1391 2326 1459 2379 τὰ
1488 2327 1793 2399 πράγματα
1822 2328 1921 2382 αὐ-

320 2417 444 2478 τοῖς
467 2414 752 2485 φέρεσθαι.
782 2417 881 2470 Διά
909 2416 972 2489 δὴ
1004 2418 1163 2471 τοῦτο
1192 2420 1287 2473 καὶ
1312 2419 1537 2483 τούτους
1566 2421 1792 2492 ἀφίησιν
1819 2422 1920 2492 ἐμ-

324 2506 662 2577 φιλοχωρεῖν
680 2510 800 2570 ταῖς
825 2508 1075 2580 αἰτήσεσι
1091 2512 1213 2574 ταῖς
1244 2512 1749 2585 σωματικωτέραις,
1773 2511 1919 2567 κατὰ

328 2599 534 2669 μικρὸν
559 2598 757 2663 αὐτοὺς
786 2600 1155 2666 ἀναῦισάζων.
1181 2602 1354 2657 Τοῦτο
1375 2606 1485 2676 γάρ
1515 2606 1610 2658 καὶ
1633 2606 1661 2658 δ
1683 2605 1919 2677 Χριστὸς

326 2693 501 2753 ποιεῖ,
533 2690 693 2745 τοῦτο
734 2692 829 2746 καὶ
854 2694 883 2745 ὁ
916 2693 1151 2759 Παῦλος,
1177 2695 1423 2751 παλαιῶν
1457 2697 1805 2768 μεμνημένος
1828 2697 1919 2750 εὐ-

326 2780 551 2851 λογιῶν·
599 2784 629 2836 ὁ
685 2782 785 2854 μὲν
843 2785 1109 2856 Χριστὸς,
1148 2787 1277 2840 ὅταν
1327 2786 1480 2860 λέγῃ·
1542 2788 1831 2857 Μακάριοι
1861 2790 1917 2843 οί

326 2874 565 2943 πραεῖς,
592 2874 680 2928 ὅτι
703 2875 874 2930 αὐτοὶ
903 2877 1439 2949 κληρονομήσουσι
1463 2877 1602 2949 γῆν·
1633 2881 1662 2933 ὁ
1682 2879 1738 2932 δὲ
1767 2878 1917 2933 Παῦ-

326 2966 454 3033 λος,
488 2965 638 3035 Τίμα
674 2966 782 3021 τὸν
818 2969 1046 3037 πατέρα
1076 2986 1192 3023 σου
1222 2969 1321 3025 καὶ
1357 2968 1473 3038 τὴν
1505 2969 1735 3043 μητέρα
1773 2987 1913 3036 σου,

326 3057 436 3112 καὶ
461 3058 578 3126 ἔσῃ
606 3061 1048 3130 μακροχρόνιος
1069 3060 1167 3115 ἐπὶ
1193 3061 1305 3131 τῆς
1332 3060 1464 3132 γῆς.
1504 3062 1579 3116 Τὰ
1603 3061 1788 3117 τέκνα
1810 3065 1917 3117 αὺ-

325 3148 455 3203 τῶν
492 3150 593 3203 ἵνα
618 3150 900 3218 αὐξήσας
924 3151 1255 3225 εὐλογήσῃ,
1287 3154 1387 3208 καὶ
1429 3155 1516 3221 εἰς
1537 3154 1760 3225 μέτρον
1782 3155 1919 3223 ἠλι-

327 3241 473 3309 κίας
509 3241 752 3311 ἀγαγὼν
786 3242 1041 3314 σοφίσῃ.

404 3337 476 3403 η’.
497 3331 665 3386 Πάλιν
695 3332 930 3388 ἐνταῦθα
955 3335 1051 3390 καὶ
1069 3338 1384 3408 σωματικὸν
1406 3338 1499 3393 καὶ
1520 3339 1914 3411 πνευματικὸν,

328 3423 434 3479 ἅτε
450 3424 780 3494 νηπιωδέστε
789 3442 879 3495 ρον
902 3425 1285 3498 διακειμένοις.
1302 3422 1434 3482 Εἶτα
1451 3429 1511 3483 τὸ
1532 3430 1658 3483 ὐστε
1668 3448 1757 3502 ρον
1784 3430 1917 3485 καθ-

326 3515 457 3570 όλου
497 3519 895 3587 πνευματικόν·
932 3518 1059 3574 Ἵνα
1119 3521 1455 3591 κατευθύνῃ
1485 3522 1691 3590 αὐτοῖς
1720 3523 1917 3578 πάντα

328 3609 409 3666 τὰ
436 3613 976 3691 προκείμεναιπρός
1006 3612 1073 3667 τὸ
1113 3614 1448 3685 συμφέρον.
1483 3616 1559 3668 Οὐ
1589 3615 1697 3685 γάρ
1728 3616 1917 3679 ἀπλῶς

329 3703 405 3757 τὰ
437 3702 809 3775 προκείμενα,τ
846 3703 984 3758 ἀλλά
1031 3705 1169 3779 πρὸς
1208 3706 1271 3759 τὸ
1301 3706 1598 3777 συμφέρον.
1648 3706 1916 3771 Πολλάκις

300 3788 444 3866 ⁵γάρ
463 3796 751 3867 πρόκειται
775 3795 1074 3867 ἀποδημία,
1102 3795 1218 3849 ἀλλ’
1239 3795 1300 3848 οὐ
1327 3797 1626 3867 συμφέρει·
1651 3796 1836 3868 ἔτερόν
1864 3815 1915 3851 τι

328 3877 598 3950 τοιοῦτον,
655 3885 770 3941 ἀλλ’
822 3888 924 3942 οὐκ
978 3886 1096 3941 ἐστι
1147 3886 1481 3941 λυσιτελοῦν.
1531 3889 1663 3943 Ἀπὸ
1711 3889 1916 3946 τούτων

331 3978 683 4034 παιδεύονται
713 3980 769 4032 ὲν
809 3980 978 4034 πᾶσιν
1014 3979 1356 4051 εὐχαριστεῖν
1385 3978 1461 4050 τῷ
1494 3978 1632 4050 Θεῷ,
1664 3979 1740 4044 ὡς
1779 3998 1916 4052 συμ-

331 4068 611 4141 φερόντως
639 4068 967 4139 γινομένοις.
1015 4068 1128 4124 Καὶ
1163 4068 1302 4139 μετὰ
1346 4067 1519 4123 ταῦτα
1546 4068 1723 4123 πάντα
1768 4069 1915 4139 ἐγείο

333 4161 524 4233 ρεσθαι
554 4161 768 4215 κελεύει
797 4161 1006 4217 λοιπόν.
1053 4162 1323 4234 Πρότερον
1359 4161 1467 4234 γὰρ
1510 4162 1709 4227 αὐτοὺς
1739 4164 1915 4235 χαμαὶ

333 4255 518 4325 ῥίψας,
548 4256 638 4308 ὅτε
668 4254 876 4327 ⁴ᾔτησαν
911 4254 1056 4327 ἅπερ
1100 4255 1309 4327 ᾔτησαν
1340 4256 1433 4309 καὶ
1477 4255 1792 4329 παρρησίας
1826 4258 1913 4310 ὲν-

330 4346 701 4419 επλήσθησαν,
745 4345 899 4419 [440]
941 4347 1225 4419 ἀνίστησιν
1273 4348 1469 4412 αὐτοὺς
1511 4350 1540 4402 ὁ
1587 4348 1763 4417 λόγος,
1818 4350 1912 4403 καὶ

331 4438 543 4494 κελεύει
570 4439 755 4493 λοιπὸν
785 4440 879 4493 καὶ
906 4440 1105 4503 αὐτοὺς
1131 4438 1350 4509 ἔχεσθαι
1379 4440 1478 4509 τῆς
1506 4439 1643 4511 πρὸς
1666 4440 1757 4493 τὸν
1779 4442 1910 4497 Θεὸν

332 4530 640 4603 ἱκετηρίας.
680 4529 759 4583 Ta
801 4530 899 4601 μὲν
928 4529 1037 4601 γὰρ
1068 4532 1229 4601 ἡμεῖς
1264 4528 1517 4599 λέγομεν,
1550 4529 1617 4584 τὰ
1641 4530 1697 4583 δὲ
1729 4533 1910 4597 αὐτοῖς

332 4624 725 4694 ἐπιτρέπομεν,
770 4622 871 4694 ἤδη
905 4621 1007 4685 τὰς
1042 4620 1212 4692 θύρας
1255 4619 1439 4684 αὐτοῖς
1473 4620 1782 4690 ἀνοίγοντες
1816 4622 1909 4676 τοῦ

328 4717 501 4769 αἰτεῖν
521 4730 535 4745 ·
570 4712 821 4783 καθάπερ
849 4712 975 4775 τοὺς
1008 4711 1203 4775 παῖδας
1235 4710 1499 4781 πρότερον
1535 4712 1635 4782 μὲν
1658 4712 1812 4765 αὐτοὶ
1833 4711 1911 4765 δι·-

329 4805 623 4877 δάσκομεν,
656 4803 847 4859 ἔπειτα
894 4803 951 4857 δὲ
993 4803 1089 4858 καὶ
1120 4801 1186 4856 δι’
1213 4802 1421 4855 ἑαυτῶν
1450 4801 1786 4872 φθέγγεσθαι
1817 4821 1911 4858 κε-

328 4896 560 4969 λεύομεν
637 4896 886 4965 λέγοντες
914 4911 927 4925 ·
1001 4894 1113 4950 Τὸν
1174 4894 1434 4964 ἄγγελον
1491 4894 1604 4964 τῆς
1666 4896 1912 4965 ειρήνης

329 4991 638 5060 αίτήσατε,
666 4993 720 5045 οί
750 4991 1207 5060 κατηχούμενοι.
1242 4990 1397 5043 Ἔστι
1424 4988 1533 5058 γὰρ
1557 4990 1786 5059 ἄγγελος
1815 4992 1911 5045 κό-

329 5083 481 5137 λασιν
513 5082 778 5154 ἐχων,”’ὼς
795 5083 924 5136 ὅταν
945 5081 1098 5154 λέγῃ·
1136 5082 1509 5149 Ἀποστολὴν
1537 5082 1611 5135 δι’
1640 5084 1912 5152 ἀγγέλων

330 5172 629 5243 πονηρῶν.
650 5174 840 5228 ΙἜστιν
868 5173 1211 5246 ὀλοθρευτής.
1250 5173 1349 5228 Διά
1380 5173 1541 5228 τοῦτο
1561 5175 1650 5229 τὸν
1679 5175 1909 5246 ἄγγελον

332 5268 427 5337 τῆς
448 5265 671 5337 εἰρήνης
699 5265 992 5337 κελεύομεν
1016 5268 1209 5330 αἰτεῖν,
1244 5265 1615 5332 παιδεύοντες,
1639 5267 1668 5320 δ
1688 5267 1910 5323 πάντων

331 5357 445 5410 ἔστι
461 5355 755 5429 σύνδεσμος
770 5356 880 5411 τῶν
896 5359 1360 5432 ἀγαθῶν,εἰρηνη,
1378 5358 1536 5412 τοῦτο
1549 5359 1753 5431 ζητεῖν,
1768 5359 1909 5415 ὥστε

334 5447 514 5518 πάσης
554 5448 906 5521 ἀπηλλάχθαι
954 5452 1156 5523 μάχης,
1196 5452 1400 5514 παντὸς
1438 5450 1699 5522 πολέμου,
1727 5451 1908 5524 πάσης

336 5538 593 5606 στάσεως.
606 5540 891 5611 Εἰρηνικά
909 5541 1055 5610 ὑμῖν
1069 5541 1267 5597 πάντα
1289 5542 1362 5598 τὰ
1382 5542 1743 5605 προκείμενα
1787 5544 1907 5594 κλει

2032 768 2275 839 διοϐόλῳ.
2304 767 2381 831 ώς
2403 767 2552 839 μάχη
2573 768 2667 821 καὶ
2692 765 2861 837 ἔχθρα
2893 765 2986 818 καὶ
3013 763 3265 835 πόλεμος.
3297 762 3625 832 Είρηνικὴν

2031 858 2150 926 τὴν
2196 857 2519 927 παροῦσαν
2556 857 2807 927 ἡμέραν,
2859 856 2959 910 καί
2994 854 3199 921 πάσας
3250 855 3360 920 τὰς
3394 852 3620 923 ἡμέρας

2030 952 2141 1018 τῆς
2172 950 2321 1019 ζὶοῆς
2358 949 2526 1020 ὑμῶν
2562 948 2915 1016 αίτήσασθε.
2958 943 3111 1011 Εἶδες
3161 946 3278 1010 πῶς
3307 945 3468 1000 πάλιν
3500 946 3619 999 ὀλό-

2030 1044 2235 1115 κληρον
2269 1042 2359 1096 τὸν
2391 1042 2505 1113 βίον
2539 1043 2597 1096 ὲν
2628 1043 2798 1112 ἁρετῇ
2849 1041 3063 1094 κελεύει
3086 1037 3256 1108 srvat;
3292 1041 3621 1110 Χριστιανὰ

2028 1134 2194 1206 ὑμῶν
2222 1134 2294 1188 τὰ
2338 1133 2515 1203 τέλη·
2545 1133 2609 1187 τδ
2640 1133 2938 1201 κεφάλαιον
2983 1132 3089 1186 τῶν
3123 1131 3368 1200 ἀγαθῶν,
3413 1131 3480 1184 τὸ
3513 1148 3620 1185 κα-

2025 1228 2141 1282 λὸν
2201 1227 2301 1279 καί
2362 1225 2429 1279 τὸ
2496 1224 2828 1294 συμφέρον.
2891 1227 2956 1278 'U
2988 1225 3097 1296 γάρ
3154 1224 3228 1295 μὴ
3276 1224 3461 1287 καλὸν,
3496 1223 3619 1277 οὐδὲ

2027 1319 2206 1389 συμφέ
2218 1336 2328 1388 ρον.
2365 1317 2534 1388 Ἀλλη
2561 1319 2670 1387 γὰρ
2699 1335 2773 1369 πα
2785 1316 2832 1387 ρ’
2862 1319 2994 1386 ἡμῖν
3021 1315 3130 1369 τῶν
3160 1315 3550 1386 συμφερόντων
3578 1317 3614 1385 ἡ

2024 1411 2189 1479 φύσις
2239 1410 2391 1481 παρὰ
2442 1409 2540 1480 τὴν
2586 1409 2701 1462 τῶν
2738 1407 2947 1462 πολλῶν
3000 1406 3289 1478 ὑπόληψιν.
3334 1406 3617 1472 Ἑαυτοὺς

2022 1499 2102 1566 τῷ
2133 1500 2300 1561 ζῶντι
2331 1498 2453 1565 Θεῷ
2497 1500 2597 1553 καὶ
2628 1498 2710 1564 τῷ
2739 1496 2972 1567 Χριστῷ
3004 1497 3191 1553 αὑτοῦ
3220 1498 3612 1568 παραθέσθαι.

2023 1594 2193 1648 υΰπω
2244 1594 2352 1666 γὰρ
2399 1594 2507 1647 τῶν
2548 1594 2689 1665 ὑπὲρ
2741 1592 2945 1664 ἐτέρων
2986 1595 3171 1656 αὐτοῖς
3223 1594 3613 1665 ἐπιτρέπομεν.

2020 1686 2136 1738 ἀλλ’
2155 1698 2181 1725 ιι
2214 1685 2498 1753 ἀγαπητὸν
2526 1686 2667 1758 ὑπὲρ
2693 1684 2877 1738 αὐτῶν
2898 1684 3160 1738 δύνασθαι
3193 1685 3425 1737 δεῖσθαι.
3462 1679 3615 1746 Εἶδες

2020 1775 2186 1847 εὐχὴν
2217 1774 2661 1845 ἀπηρτισμένην,
2699 1774 2792 1828 καὶ
2825 1773 3115 1843 δογμάτων
3158 1773 3347 1827 ἕνεκεν
3387 1773 3485 1825 καὶ
3515 1789 3614 1826 πο-

2018 1864 2256 1932 λιτείας;
2288 1866 2459 1919 Ὅταν
2478 1865 2586 1936 γάρ
2614 1864 2946 1934 Εὐαγγέλιον
2971 1865 3238 1934 εἴπωμεν,
3257 1864 3385 1917 ὅταν
3410 1861 3615 1933 ἔνδυμα

2021 1953 2354 2025 ἀφθαρσίας,
2397 1954 2525 2006 ὅταν
2552 1953 2781 2025 λουτρὸν
2805 1952 3248 2021 παλιγγενεσίας,
3274 1952 3341 2006 τὰ
3367 1951 3614 2022 δόγματα

2022 2044 2253 2115 εἴπομεν
2305 2045 2514 2098 πάντα·
2562 2046 2692 2099 ὅταν
2746 2044 2872 2098 νοῦν
2928 2044 3132 2109 ἔνθεον,
3183 2044 3309 2098 ὅταν
3358 2043 3614 2114 σώφρονα

2021 2137 2303 2207 λογισμὸν,
2353 2137 2481 2190 ὅταν
2508 2135 2579 2190 τὰ
2617 2136 2753 2191 ἀλλα
2787 2136 2932 2208 ἆπερ
2962 2137 3289 2208 εἰρήκαμεν,
3323 2134 3426 2208 τὴν
3463 2134 3615 2188 πολι-

2020 2228 2173 2281 τείαν
2222 2226 2549 2298 ῄνιξάμεθα.
2580 2221 2716 2281 Εἶτα
2753 2226 2936 2281 κλῖναι
2981 2227 3083 2290 τὰς
3120 2226 3364 2296 κεφαλὰς
3390 2223 3615 2279 κελεύοη

2023 2334 2147 2388 μεν,
2174 2319 2476 2388 τεκμήριον
2503 2315 2599 2371 τοῦ
2626 2317 2723 2382 τὰς
2746 2318 2915 2388 εὐχάς
2937 2317 3272 2387 ἀκουσθῆναι
3296 2316 3612 2386 ποιούμενοι

2018 2409 2081 2461 τὸ
2111 2409 2204 2462 τὸν
2238 2408 2369 2461 Θεὸν
2413 2409 2678 2478 εὐλογεῖν.
2729 2409 2803 2462 Οὐ
2851 2408 2960 2479 γάρ
2985 2407 3049 2477 δὴ
3083 2406 3372 2478 ἄνθρωπός
3401 2408 3551 2459 ἐστιν
3580 2405 3613 2458 δ

2019 2499 2282 2569 εὐλογῶν,
2328 2499 2465 2552 ἀλλά
2514 2499 2602 2553 διὰ
2649 2500 2749 2570 τῆς
2786 2499 2997 2552 ἐκείνου
3024 2498 3208 2569 χειρὸς
3236 2497 3331 2550 καὶ
3361 2496 3612 2567 γλώττης

2018 2589 2168 2659 αὐτῷ
2222 2588 2575 2660 προσάγομεν
2629 2585 2705 2658 τῷ
2755 2586 2977 2640 Βασιλεῖ
3027 2584 3128 2649 τὰς
3186 2584 3434 2654 κεφαλὰς
3497 2582 3611 2638 τῶν

2018 2682 2390 2752 παρεστώτων
2410 2681 2461 2736 ι).
2502 2680 2614 2734 Καὶ
2662 2679 2955 2733 ἑπιϐοιῖισιν
2994 2678 3235 2742 ἅπαντες
3267 2677 3349 2741 τὸ,
3399 2673 3607 2745 Ἀμήν.

2018 2766 2208 2822 Ταῦτα
2255 2768 2313 2821 δέ
2366 2784 2458 2839 μοι
2505 2769 2683 2822 πάντα
2733 2768 2879 2831 τίνος
2930 2766 3120 2821 ἕνεκεν
3174 2766 3426 2837 είρηται;
3485 2764 3610 2818 Ἵνα.

2016 2854 2213 2921 διδάξω
2242 2857 2324 2910 ὅτι
2360 2857 2422 2911 τὺ
2463 2857 2668 2927 ἐτέρων
2697 2857 2780 2910 δεῖ
2826 2857 3035 2928 ζητεῖν,
3072 2855 3162 2910 ῖνα
3202 2854 3277 2927 μὴ
3309 2855 3609 2926 νομίσωσιν

2016 2950 2065 3002 οἱ
2091 2949 2273 3002 πιστοὶ
2320 2949 2489 3021 μηδὲν
2526 2945 2666 3005 εἶναι
2698 2950 2835 3021 πρὸς
2880 2949 3101 3015 αὐτοὺς,
3136 2949 3267 3002 ὃταν
3312 2947 3491 3002 ταῦτα
3519 2948 3609 3002 λέι

2018 3057 2209 3112 γηται.
2252 3041 2327 3094 Οὐ
2380 3039 2493 3112 γάρ
2544 3041 2608 3111 δὴ
2656 3045 2773 3105 τοῖς
2813 3041 3015 3112 τοίχοις
3066 3044 3095 3095 ὁ
3149 3041 3399 3104 διάκονος
3431 3040 3606 3109 λέγει·

2017 3129 2328 3201 Δεηθῶμεν
2370 3130 2526 3199 ὑπὲρ
2572 3129 2691 3185 τῶν
2724 3130 3213 3202 κατηχουμένων.
3260 3130 3423 3185 Ἀλλά
3463 3145 3611 3195 τινες

2017 3220 2191 3284 οὕτως
2215 3221 2354 3273 εἰσὶν
2393 3219 2614 3290 ἀνόητοι
2640 3220 2736 3274 καὶ
2764 3219 2961 3291 βλᾶκες
2988 3220 3083 3274 καὶ
3112 3218 3506 3290 διαλελυμένοι,
3530 3218 3609 3283 ὡς

2021 3310 2097 3383 μὴ
2127 3311 2288 3381 μόνον
2317 3311 2377 3364 ὲν
2404 3310 2482 3382 τῷ
2517 3310 2692 3381 καιρῷ
2722 3310 2833 3364 τῶν
2873 3310 3320 3380 κατηχουμένων,
3351 3308 3488 3363 ἀλλά
3509 3308 3609 3362 καὶ

2018 3403 2077 3455 ὲν
2108 3401 2187 3472 τῷ
2231 3401 2412 3473 καιρῷ
2457 3401 2567 3455 τῶν
2597 3401 2808 3455 πιστῶν
2854 3401 3078 3456 ἑστάναι
3106 3401 3200 3454 καὶ
3235 3400 3607 3469 διαλέγεσθαι.

2030 3493 2310 3548 Ἐντεῦθεν
2349 3494 2528 3547 πάντα
2569 3493 2951 3564 διέστραπται,
3000 3489 3252 3544 ἐντεῦθεν
3282 3490 3462 3544 πάντα
3497 3490 3607 3543 ἀπο

2020 3585 2242 3649 όλωλεν,
2272 3585 2355 3638 ὅτι
2385 3586 2443 3637 ὲν
2475 3582 2555 3654 τῷ
2584 3582 2785 3655 καιρῷ,
2808 3584 2868 3636 ὲν
2902 3575 2946 3649 ᾧ
2974 3580 3211 3652 μάλιστα
3244 3581 3324 3634 δεῖ
3349 3581 3442 3633 τὸν
3471 3579 3606 3635 Θεὸν

2016 3674 2431 3739 καταλλάττειν,
2496 3675 2556 3728 ὲν
2612 3673 2786 3745 τούτῳ
2854 3672 3252 3744 παροξύνοντες
3276 3682 3298 3711 α
3372 3671 3604 3742 ἄπιμεν.

2016 3763 2127 3818 Καὶ
2176 3762 2289 3834 γὰρ
2332 3763 2427 3816 ἐπὶ
2476 3762 2588 3817 τῶν
2642 3762 2853 3815 πιστῶν
2904 3762 3044 3831 ὑπὲρ
3089 3760 3427 3826 ἐπισκόπων,
3461 3759 3604 3833 ὑπὲρ

2016 3855 2431 3928 πρεσϐυτέρων,
2470 3854 2613 3926 ὑπὲρ
2661 3853 2949 3926 βασιλέων,
2986 3853 3128 3923 ὑπὲρ
3172 3853 3284 3907 τῶν
3334 3851 3604 3924 κρατούν-

2014 3963 2146 4011 των,
2180 3947 2323 4018 ὐπὲρ
2351 3947 2457 4017 γῆς
2482 3948 2578 4000 καὶ
2604 3946 2903 4017 θαλάσσης,
2933 3945 3076 4017 ὑπὲρ
3103 3945 3304 4016 ἀέρων,
3336 3945 3477 4017 ὑπὲρ
3499 3945 3603 4016 τῆς

2016 4039 2345 4110 οἰκουμένης
2381 4039 2603 4110 ἀπάσης
2630 4036 2781 4111 [Mi]
2826 4037 3163 4109 κελευόμεθα
3197 4038 3483 4110 προσιέναι
3518 4037 3601 4110 τῷ

2016 4131 2389 4203 φιλανθρώπῳ
2415 4131 2556 4201 Θεῷ.
2590 4132 2762 4185 Ὅταν
2789 4125 2885 4185 οὖν
2912 4131 2962 4183 οἱ
2996 4129 3265 4201 τοσαύτην
3293 4128 3603 4198 ὀφείλοντες

2016 4224 2165 4295 ἔχειν
2194 4224 2531 4294 παρρησίαν,
2564 4222 2641 4285 ὡς
2679 4221 2821 4293 ὑπὲρ
2852 4221 3150 4293 ἀλλοτρίων
3190 4220 3420 4288 δεῖσθαι,
3463 4222 3600 4293 μηδὲ

2020 4317 2161 4386 ὑπὲρ
2205 4314 2416 4368 ἑαυτῶν
2467 4315 2732 4384 νήφοντες
2794 4309 3247 4385 προσευχώμεθα,
3289 4314 3369 4377 τίς
3400 4316 3532 4385 ἡμῖν
3560 4316 3595 4385 ἡ

2013 4407 2309 4478 ἀπολογία;
2340 4406 2470 4460 ποία
2499 4404 2834 4476 συγγνώμη;
2864 4405 2956 4459 Διὸ
2998 4406 3063 4476 δὴ
3094 4405 3399 4476 παρακαλῶ
3424 4405 3599 4460 ταῦτα

2014 4502 2194 4556 πάντα
2212 4500 2595 4570 ὲννοήσαντας,
2618 4497 2818 4551 εἰδέναι
2842 4496 3032 4568 καιρὸν
3057 4496 3248 4567 εὐχῆς,
3275 4496 3371 4550 καὶ
3399 4512 3600 4567 μεταρσ-

2015 4594 2165 4658 σίους
2211 4591 2478 4663 γίνεσθαι,
2527 4592 2623 4645 καὶ
2678 4587 3127 4645 ἀπαλλάττεσθαι
3166 4587 3268 4658 τῆς
3323 4586 3450 4658 γῆς,
3500 4587 3598 4641 καὶ

2013 4686 2195 4742 αὐτῶν
2224 4684 2493 4741 ἆπτεσθαι
2527 4683 2633 4737 τῶν
2655 4681 2862 4753 ἀψίδων
2894 4678 2988 4734 τοῦ
3020 4677 3279 4752 οὐρανοῦ,
3317 4680 3404 4732 ἵνα
3432 4678 3595 4749 δυνη-

2014 4777 2196 4849 θῶμεν
2225 4775 2317 4830 τδν
2342 4774 2476 4829 Θεὸν
2501 4773 2660 4827 ῖλεων
2682 4772 2928 4843 ποιῆσαι,
2962 4770 3055 4825 καὶ
3078 4771 3267 4843 τυχεῖν
3289 4769 3400 4825 τῶν
3432 4772 3600 4840 ὲπηγ-

2012 4868 2292 4940 γελμένων
2327 4864 2581 4935 ἀγαθῶνο
2620 4858 2697 4920 ὧν
2739 4865 2952 4934 γένοιτο
2989 4863 3198 4926 πάντας
3228 4863 3373 4933 ἡμᾶς
3402 4865 3593 4916 ὲπιτυο

2012 4961 2153 5029 χεῖν,
2206 4957 2392 5029 χάριτι
2442 4955 2539 5009 καὶ
2597 4953 2979 5025 φιλανθρωπίᾳ
3028 4953 3120 5006 τοῦ
3174 4952 3377 5022 Κυρίου
3433 4952 3596 5021 ἡμῶν

2025 5047 2200 5119 Ἰησοῦ
2248 5045 2508 5119 Χριστοῦ,
2555 5045 2676 5116 μεθ’
2724 5040 2785 5100 οὗ
2828 5044 2906 5116 τῷ
2939 5046 3116 5115 Πατρὶ
3163 5042 3280 5115 ἅμα
3328 5042 3407 5115 τῷ
3453 5042 3595 5114 ἁγίῳ

2013 5140 2292 5211 Πνεύματι
2326 5137 2475 5206 δόξα,
2512 5137 2736 5210 κράτος,
2778 5135 2937 5209 τιμὴ,
2988 5135 3086 5190 νῦν
3118 5136 3213 5190 καὶ
3241 5136 3350 5203 ἀεὶ,
3383 5135 3480 5189 καὶ
3512 5135 3593 5199 εἰς

2010 5235 2137 5295 τούς
2167 5230 2370 5294 αἰῶνας
2394 5230 2503 5284 τῶν
2524 5228 2761 5285 αἰώνων.
2805 5229 2862 5281 ’Δ
2870 5228 2999 5300 μήν.

2072 5431 2096 5503 ξ
2122 5429 2565 5503 ξξινὶῌεεθιιὸεω
2587 5428 2783 5503 gpnjicl}
2805 5428 3115 5503 ἐπιτρέπομεν
3144 5426 3303 5492 εὐχὴν,
3326 5426 3449 5479 ἀλλ’.

2070 5491 2100 5570 1:
2126 5492 2217 5575 ﬁs.
2242 5501 2295 5540 el
2318 5490 2472 5565 IIl—358.
2499 5490 2649 5541 Savil.
2666 5490 2692 5551 ,⁷
2712 5490 2811 5539 τῶν
2832 5490 3168 5553 προεστώτων.
