4068 6412
471 361 578 416 405

1163 370 1220 426 S.
1264 370 1552 427 JOANNIS
1590 367 2078 425 CllﬂYSOSTOMl
2117 369 2438 426 ARCIIIEP.
2475 367 3020 426 CONSTANTINOI‘.

3633 371 3735 424 ἀθά

1947 755 2192 810 UMIAIA
2229 755 2301 810 l".

486 913 546 964 Ἡ
584 913 693 979 γὰρ
721 909 1020 977 καύχησις
1060 909 1230 978 ἡμῶν
1261 909 1412 976 αὕτη
1441 910 1592 970 ἐστὶ,
1621 911 1688 962 τὸ
1728 910 2053 978 μαρτύριον

544 981 655 1046 τῆς
697 979 1106 1047 συνειδήσεως
1152 979 1340 1047 ἡμῶν.
1395 980 1482 1032 ὅτι
1527 981 1596 1032 ἐν
1624 981 1914 1046 ἁπλότητι
1953 979 2051 1032 καὶ

543 1050 911 1117 είλικρινείᾳ,
963 1052 1074 1102 οὐκ
1124 1049 1192 1101 ὲν
1230 1050 1414 1118 σοφίᾳ
1463 1048 1742 1118 σαρκικῇ,
1797 1050 1934 1103 ἀλλ’
1985 1050 2054 1103 ἐν

542 1119 738 1189 χάριτι
773 1118 921 1172 Θεοῦ
951 1119 1414 1189 ἀνεστράφημεν
1441 1120 1511 1173 ἐν
1538 1118 1617 1185 τῷ
1652 1121 1875 1189 κόσμῳ.

535 1281 605 1329 α’.
623 1273 884 1336 Ἐνταῦθα
899 1274 1061 1330 πάλιν
1075 1275 1169 1328 καὶ
1185 1275 1376 1346 ἑτέραν
1390 1276 1784 1346 παρακλήσεως
1799 1275 2054 1330 ὑπόθεσιν

470 1367 533 1421 οὐ
563 1366 765 1437 μικρὰν
799 1368 928 1437 ἡμῖν
961 1366 1355 1429 ἀνακαλύπτει,
1405 1366 1542 1420 ἀλλά
1579 1369 1671 1420 καὶ
1703 1366 1910 1438 σφόδρα
1958 1384 2056 1435 με-

471 1457 666 1527 γάλην,
697 1457 794 1510 καὶ
820 1456 1011 1528 ἱκανὴν
1035 1457 1345 1526 ἀνορθῶσαι
1380 1456 1622 1512 διάνοιαν
1658 1458 1762 1512 ὑπὸ
1791 1458 2054 1512 κινδύνων

473 1548 898 1620 βαπτιζομένην.
935 1549 1152 1620 Ἐπειδὴ
1176 1549 1284 1619 γὰρ
1305 1544 1479 1612 εἶπεν,
1509 1551 1591 1604 ὅτι
1630 1551 1694 1604 '0
1729 1551 1872 1618 Θεὸς
1895 1548 2054 1620 ἡμᾶς

469 1641 786 1710 ἐρρύσατο.
813 1642 909 1696 καὶ
936 1644 1050 1705 τοῖς
1067 1644 1376 1713 οίκτιρμοῖς
1402 1642 1568 1695 αὑτοῦ
1602 1642 1698 1696 καὶ
1720 1645 1839 1705 ταῖς
1864 1642 2054 1712 εὐχαῖς

469 1732 674 1786 τούτων
694 1733 754 1786 τὸ
785 1735 890 1787 πᾶν
913 1734 1176 1804 ἀνέθηκεν
1196 1753 1208 1766 ·
1240 1734 1328 1788 ἵνα
1360 1735 1434 1805 μὴ
1458 1733 1632 1806 ταύτῃ
1661 1735 1748 1788 τὸν
1775 1734 2054 1805 ἀκροατὴν

471 1821 661 1877 ὕπτιον
685 1824 992 1896 ποιήσῃ,τῷ
1005 1824 1141 1895 ἐλέῳ
1153 1823 1245 1878 τοῦ
1270 1825 1406 1878 Θεοῦ
1425 1825 1586 1896 μόνον
1603 1825 1696 1878 καὶ
1709 1827 1828 1889 ταῖς
1851 1826 1937 1878 ἑτέ
1944 1843 2054 1896 ρων

467 1917 659 1986 εὐχαῖς
695 1915 1024 1988 θαρροῦντα,
1057 1916 1332 1970 δείκνυσιν
1357 1917 1441 1970 ὃτι
1467 1917 1562 1970 καὶ
1583 1917 1736 1970 αὐτοὶ
1763 1917 1824 1970 οῦ
1858 1917 2053 1988 μικρὸν

468 2009 680 2064 οίκοθεν
726 2011 1173 2081 συνεισήνεγκαν.
1218 2013 1328 2065 Καὶ
1360 2011 1598 2082 ἐδήλωσε
1631 2011 1730 2082 μὲν
1777 2012 1908 2066 αὐτὸ
1959 2013 2053 2066 καὶ

468 2100 780 2172 ἔμπροσθεν
815 2100 1008 2168 είπὼν,
1035 2102 1118 2156 ὃτι
1147 2103 1354 2168 Καθὼς
1379 2104 1726 2171 περισσεύει
1759 2104 1832 2158 τὰ
1859 2104 2052 2174 παθή-

462 2210 623 2262 ματα
648 2194 752 2248 τοῦ
771 2196 1052 2262 Χριστοῦ,
1098 2197 1443 2263 περισσεύει
1472 2197 1572 2251 καὶ
1601 2199 1639 2266 ἡ
1670 2197 2052 2266 παράκλησις

465 2284 670 2355 ἡμῶνο
699 2287 934 2342 ἐνταῦθα
962 2289 1022 2342 δὲ
1046 2289 1140 2344 καὶ
1163 2289 1349 2362 ἔτερόν
1368 2307 1422 2345 τι
1450 2288 1600 2359 λέγει
1629 2291 1828 2345 οἰκεῖον
1857 2291 2050 2363 κατόρο

465 2377 646 2450 θωμα.
682 2381 844 2436 Ποῖον
883 2381 947 2454 δὴ
989 2382 1184 2448 τοῦτο;
1242 2385 1366 2436 Ὅτι
1417 2384 1476 2437 ἐν
1509 2383 1736 2455 καθαρῷ
1783 2385 2051 2439 συνειδότι

463 2468 759 2540 καὶοάδόλῳ
782 2470 1062 2540 πανταχοῦ
1093 2471 1193 2542 τῆς
1216 2472 1544 2543 οἰκουμένης
1572 2473 2046 2544 ἀναστρεφόμεθα,

464 2558 650 2629 φησίν.
693 2560 768 2613 Οὐ
799 2561 994 2632 μικρὸν
1035 2561 1094 2617 δέ
1119 2561 1280 2616 τοῦτο
1306 2564 1437 2634 ἡμῖν
1466 2565 1548 2627 εἰς
1576 2565 1933 2636 παραμυθίαν
1954 2566 2050 2622 καὶ

462 2650 843 2722 παράκλησιν
898 2651 1100 2722 μᾶλλον
1132 2653 1190 2707 δὲ
1221 2652 1324 2708 οὐκ
1353 2655 1433 2717 είς
1478 2654 1826 2727 παράκλησιν
1862 2656 2046 2726 μόνον,

461 2741 598 2796 ἀλλά
624 2742 718 2796 καὶ
756 2744 837 2807 είς
877 2743 1087 2814 ἕτερον,
1130 2742 1160 2798 ὃ
1191 2741 1376 2815 πολλῷ
1413 2745 1600 2816 μεῖζον
1627 2745 1725 2815 τῆς
1756 2745 2048 2818 παρακλή-

463 2832 603 2899 σεώς
628 2835 766 2902 ἐστι,
798 2836 892 2889 καὶ
918 2837 1000 2900 είς
1023 2835 1314 2907 καύχησιν.
1349 2837 1540 2892 Ταῦτα
1565 2837 1623 2892 δὲ
1653 2838 1829 2907 ἔλεγε,
1860 2841 2050 2895 κάκεί-

462 2942 588 2990 νους
621 2927 896 2982 παιδεύων
922 2929 978 2982 ἐν
1004 2932 1129 2994 ταῖς
1159 2930 1374 3000 θλίψεσι
1402 2933 1478 3004 μὴ
1502 2935 1890 3000 καταπίπτειν,
1914 2935 2050 2991 ἀλλά

463 3017 559 3069 καὶ
591 3016 1006 3088 ἐναϐρύνεσθαι,
1038 3021 1171 3074 ὅταν
1207 3020 1447 3092 καθαρὸν
1473 3022 1636 3092 ἔχωσι
1670 3025 1930 3093 συνειδὸς,
1955 3027 2050 3080 καὶ

462 3106 648 3178 ἡρέμα
662 3109 1077 3180 καθαπτόμενος
1096 3110 1205 3165 τῶν
1225 3112 1698 3183 ψευδαποστόλων.
1732 3116 1840 3169 Kal
1859 3117 2050 3190 ὥσπερ

463 3200 522 3252 ἐν
559 3204 626 3272 τῇ
677 3201 923 3272 προτέρᾳ
957 3202 1144 3274 φησὶν,
1177 3204 1260 3256 ὅτι
1305 3203 1656 3259 Ἀπέστειλέ
1684 3223 1762 3274 με
1794 3207 2050 3274 Χριστὸς

461 3289 964 3362 εὐαγγελίζεσθαι,
1007 3294 1118 3347 οὐκ
1143 3293 1213 3346 ἐν
1241 3297 1430 3363 σοφίᾳ
1460 3295 1667 3363 λόγου,
1700 3297 1800 3348 ἶνα
1837 3297 1920 3366 μὴ
1950 3314 2048 3351 κε·-

459 3381 624 3452 νωθῇ
655 3386 691 3438 ό
713 3385 978 3453 σταυρὸς
1005 3385 1111 3439 τοῦ
1145 3386 1405 3454 Χριστοῦ
1426 3402 1440 3418 ·
1466 3387 1583 3450 καὶ,
1616 3388 1750 3442 Ἵνα
1776 3389 1815 3455 ἠ
1844 3390 2049 3456 πίστις

460 3473 629 3543 ὐμῶν
655 3474 743 3543 μὴ
771 3469 816 3545 ᾖ
846 3475 916 3528 ἐν
942 3475 1130 3543 σοφίᾳ
1161 3475 1508 3542 ἀνθρώπων,
1540 3476 1678 3530 ἀλλ’
1706 3476 1778 3530 ἐν
1800 3476 2050 3548 δυνάμει

463 3565 642 3618 Θεοῦ·
691 3565 838 3618 οὕτω
885 3565 980 3618 καὶ
1031 3565 1266 3621 ἐνταῦθα
1320 3583 1506 3637 φησιν’
1553 3570 1675 3622 Οὐκ
1722 3568 1792 3622 ἐν
1837 3571 2046 3639 σοφίᾳ,

461 3655 597 3709 ἀλλ’
623 3655 694 3710 ἐν
726 3655 922 3725 χάριτι
974 3658 1251 3724 Χριστοῦ.
1295 3660 1404 3712 Kal
1433 3659 1618 3731 ἕτερον
1657 3661 1716 3714 δέ
1749 3681 1800 3716 τι
1831 3663 2050 3735 ᾐνίξατο

461 3745 654 3812 εἰπὼν,
676 3750 799 3803 Οὐκ
820 3749 891 3802 ἐν
919 3750 1127 3817 σοφίᾳ,
1157 3751 1461 3818 τουτέστιν,
1489 3753 1591 3806 οὐκ
1633 3755 1690 3807 ἐν
1715 3756 1920 3829 ἀπάτῃ.
1955 3756 2048 3810 καὶ

460 3839 639 3913 ταύτῃ
665 3839 872 3910 βάλλων
911 3840 1011 3910 τὴν
1043 3839 1150 3905 ἔξω
1179 3841 1484 3897 παίδευσιν.
1529 3843 1591 3898 Ἠ
1617 3844 1728 3917 γὰρ
1749 3847 2048 3917 καύχησις

459 3933 634 4003 ἡμῶν
665 3933 817 4002 αὕτη
847 3932 1002 4001 ἐστὶ,
1031 3935 1184 4004 φησὶ,
1227 3933 1297 3987 τὸ
1321 3918 1652 4010 μαρτύριον
1698 3937 1810 4007 τῆς
1841 3952 2044 3993 συνει-

460 4025 698 4093 δήσεως
933 4027 1235 4090 τουτέστιν,
1264 4026 1328 4078 Ἥ
1346 4026 1656 4099 συνείδησις
1687 4027 1837 4101 [442]
1868 4031 1900 4100 ἡ
1909 4030 2045 4100 μῶν,

460 4118 562 4171 οὐκ
614 4117 812 4188 ἔχουσα
851 4118 1003 4188 ἡμᾶς
1049 4116 1458 4184 καταδικάζειν,
1513 4119 1589 4183 ὡς
1645 4121 1739 4174 ἐπὶ
1792 4126 2049 4194 πονηροῖς

462 4208 788 4280 πράγμασιν
817 4209 1229 4279 ἐλαυνομένους.
1264 4209 1384 4263 Κᾶν
1412 4210 1523 4282 γὰρ
1547 4212 1717 4283 μυρία
1747 4213 2047 4286 πάσχωμεν

459 4300 630 4362 δεινὰ,
673 4301 777 4355 κᾶν
811 4300 1076 4356 πάντοθεν
1108 4301 1436 4373 βαλλώμεθα
1481 4304 1575 4356 καὶ
1622 4304 2044 4377 κινδυνεύωμεν,

461 4393 626 4463 άρκεῖ
668 4394 748 4456 εἰς
782 4393 1138 4465 παραμυθίαν
1171 4394 1326 4464 ἡμῖν,
1361 4393 1561 4464 μᾶλλον
1582 4395 1640 4448 δὲ
1679 4397 1741 4451 οὐ
1778 4397 1938 4468 μόνον
1968 4401 2048 4464 εἰς

461 4484 840 4555 παραμυθίαν,
872 4485 1010 4540 ἀλλά
1042 4487 1138 4540 καὶ
1175 4489 1256 4552 είς
1284 4487 1346 4540 τὸ
1381 4489 1804 4557 στεφανοῦσθαι,
1835 4491 1895 4545 τὸ
1924 4509 2048 4546 συν-

461 4575 623 4639 ειδὸς,
651 4576 892 4647 καθαρὸν
917 4577 988 4631 ’δν
1025 4577 1121 4632 καὶ
1154 4577 1468 4648 μαρτυροῦν
1505 4581 1657 4650 ἡμῖν,
1682 4581 1764 4634 ὅτι
1805 4581 1873 4635 δι’
1895 4584 2047 4640 οὐδὲν

461 4666 721 4736 πονηρὸν,
743 4666 882 4720 ἀλλά
900 4666 990 4719 διά
1014 4667 1076 4720 τὸ
1095 4666 1174 4737 τῷ
1195 4667 1316 4737 Θεῷ
1336 4667 1529 4721 δοκοῦν
1551 4669 1723 4724 ταῦτα
1743 4670 2047 4743 πάσχομεν,

461 4755 528 4810 δι’
553 4756 776 4827 ἀρετὴν,
807 4755 896 4809 διά
919 4755 1260 4825 φιλοσοφίαν,
1277 4757 1366 4810 διὰ
1385 4758 1486 4828 τὴν
1507 4760 1618 4812 τῶν
1642 4761 1855 4817 πολλῶν
1879 4780 2052 4834 σωτη-

462 4847 609 4917 ρίαν.
650 4848 866 4918 Ἐκείνη
916 4848 1014 4918 μὲν
1051 4843 1202 4919 οὖνὴ
1249 4847 1490 4920 προτέρα
1517 4851 1868 4925 παράκλησις
1900 4859 2052 4928 παρὰ

460 4937 554 4992 τοῦ
582 4937 718 4991 Θεοῦ
746 4935 813 5011 ἦν
832 4955 846 4968 ·
892 4937 1033 5010 αὕτη
1065 4938 1122 4992 δὲ
1156 4941 1288 5009 παρ’
1323 4939 1506 4994 αὐτῶν
1555 4942 1653 4995 καὶ
1676 4943 1778 5014 τῆς
1800 4944 1897 4999 τοῦ
1928 4946 2046 5017 βίου

462 5027 838 5101 καθαρότητος
880 5028 1255 5099 συνεισήγετο.
1293 5027 1386 5083 Διὸ
1430 5029 1527 5084 καὶ
1565 5030 1834 5103 καύχησιν
1874 5035 2048 5107 αὐτὴν

461 5120 638 5187 καλεῖ,
677 5122 759 5174 ὅτι
782 5122 882 5194 τῆς
914 5121 1125 5188 οίκείας
1149 5122 1334 5175 αὐτῶν
1363 5123 1566 5195 ἀρετῆς
1590 5125 1927 5199 κατόρθωμα
1955 5123 2044 5199 ἦν.

461 5213 560 5278 Τίς
597 5208 690 5267 οὖν
720 5215 869 5267 ἐστιν
899 5215 934 5286 ἡ
974 5214 1266 5285 καύχησις,
1311 5215 1406 5269 καὶ
1435 5215 1488 5268 τί
1525 5220 1798 5288 μαρτυρεῖ
1823 5219 1959 5290 ἡμῖν
1985 5219 2049 5274 τὸ

463 5306 701 5369 συνειδὸς
745 5305 926 5376 ἡμῶν,
971 5307 1099 5361 Ὅτι
1133 5307 1202 5360 ὲν
1229 5308 1524 5375 ἁπλότητι
1557 5309 1654 5363 καί
1699 5311 1770 5363 ἐν
1798 5316 2047 5379 εἱλικρι-

458 5398 628 5466 νείᾳ;
655 5397 966 5461 Τουτέττιν,
1011 5398 1167 5451 οὐδὲν
1199 5398 1436 5467 δολερὸν,
1469 5401 1566 5470 οὐχ
1599 5402 1915 5474 ὑπόκρισιν,
1945 5407 2048 5460 οὐκ

459 5489 765 5561 εἰρωνείαν,
789 5489 850 5542 οὐ
884 5488 1192 5553 κολακείαν,
1224 5491 1327 5543 οὐκ
1356 5491 1650 5562 ἐπιϐουλὴν
1679 5495 1773 5548 καὶ
1803 5498 2041 5571 ἀπάτην,

458 5581 563 5633 οὐκ
600 5580 727 5634 ἄλλο
760 5597 812 5632 τι
851 5578 960 5632 τῶν
1008 5580 1269 5633 τοιούτων
1296 5581 1469 5645 οὐδὲν,
1517 5583 1631 5636 ἀλλ’
1661 5586 1719 5638 ἐν
1755 5586 2043 5663 ἐλευθερίᾳ

462 5672 633 5743 πάσῃ,
672 5673 730 5724 ἐν
754 5671 1036 5744 ἁπλότητι,
1067 5673 1124 5726 ἐν
1157 5673 1402 5746 ἀληθείᾳ,
1431 5676 1489 5727 ἐν
1528 5676 1744 5749 καθαρᾷ
1779 5683 1874 5735 καὶ
1906 5684 2042 5737 ἀπο-

463 5764 610 5835 vim,»
642 5765 854 5836 γνώμῃ,
890 5766 948 5819 ἐν
991 5764 1162 5821 ἀδόλω
1197 5766 1422 5828 διανοία,
1449 5767 1604 5820 οὐδὲν
1650 5767 1866 5838 ἔχοντες
1911 5791 2041 5829 συν-

2156 910 2535 980 εσκιασμένον,
2559 911 2679 966 οὐδὲ
2711 911 2960 966 ὕπουλον.
2989 913 3109 965 Οὐκ
3139 911 3208 966 ἐν
3235 911 3421 982 σοφίᾳ
3446 912 3731 982 σαρκικῇ.

2154 1002 2469 1067 Τουτέστιν,
2505 1005 2605 1057 οὐκ
2641 1006 2700 1056 ἐν
2747 1004 3053 1075 κακουργίᾳ
3081 1003 3200 1056 οὐδὲ
3235 1003 3490 1075 πονηρίᾳ,
3523 1005 3642 1058 οὐδὲ
3674 1007 3734 1060 ἐν

2152 1093 2418 1163 δεινότητι
2440 1095 2615 1162 λόγων
2640 1095 2672 1166 ἣ
2707 1096 2766 1148 ἐν
2794 1095 3084 1166 συμπλοκῇ
3123 1097 3507 1165 σοφισμάτων’
3532 1095 3734 1165 ταύτην

2152 1184 2262 1254 γάρ
2283 1185 2430 1254 λέγει
2458 1187 2649 1254 σοφίαν
2673 1189 2962 1257 σαρκικήν.
2987 1186 3093 1240 Kal
3120 1186 3203 1254 ἐφ’
3234 1181 3278 1254 ᾧ
3305 1186 3446 1256 μέγα
3472 1187 3734 1258 ἐφρόνουν

2153 1276 2373 1338 ἐκεῖνοι,
2394 1276 2550 1329 τοῦτο
2569 1271 2722 1340 οὗτος
2741 1278 2981 1348 ἀρνεῖται
2998 1277 3093 1330 καὶ
3108 1276 3406 1344 διωθεῖται,
3427 1275 3646 1340 δεικνὺς
3667 1279 3734 1330 ἐκ

2153 1365 2353 1420 πολλοῦ
2382 1367 2477 1421 τοῦ
2502 1370 2787 1440 περιόντος
2809 1369 2908 1422 οὐκ
2933 1368 2992 1423 δν
3022 1367 3172 1433 ἀξιον
3205 1369 3528 1438 καυχήσεως
3550 1366 3731 1434 τοῦτο,

2152 1458 2248 1512 καὶ
2278 1458 2358 1511 ὅτι
2383 1459 2443 1511 οὐ
2482 1459 2642 1529 μόνον
2663 1458 2794 1513 αὐτὸ
2823 1459 2884 1512 οὐ
2909 1458 3081 1530 ζητεῖ,
3116 1457 3252 1511 ἀλλὰ
3273 1457 3369 1512 καὶ
3387 1457 3734 1528 διακρούεται

2154 1551 2250 1604 καὶ¹
2275 1551 2687 1620 ἐπαισχύνεται.
2742 1551 2905 1605 Ἀλλ’
2938 1550 3009 1603 ἐν
3036 1549 3233 1619 χάριτι
3257 1549 3406 1604 Θεοῦ
3437 1548 3731 1618 ἀνεστρά-

2151 1659 2352 1712 φημεν
2392 1643 2462 1696 ἐν
2488 1643 2569 1708 τῷ
2604 1643 2831 1711 κόσμῳ.
2875 1642 2941 1694 Τί
2967 1643 3138 1700 ἐστιν.
3183 1643 3278 1694 Ἐν
3307 1641 3503 1710 χάριτι
3534 1641 3730 1706 Θεοῦ;

2152 1733 2265 1803 Τὴν
2286 1735 2418 1804 παρ’
2441 1733 2606 1788 αὑτοῦ
2631 1733 2844 1803 σοφίαν,
2869 1733 2967 1803 τὴν
2990 1733 3120 1804 παρ’
3141 1731 3306 1786 αὐτοῦ
3327 1731 3559 1802 δύναμιν
3581 1730 3732 1784 δεδο-

2155 1827 2322 1897 μένην
2348 1829 2482 1897 ήμῖν
2521 1826 2919 1897 ἐνδεικνύμενοι
2949 1825 3037 1878 διὰ
3063 1824 3171 1877 τῶν
3211 1823 3478 1894 σημείων,
3521 1821 3609 1876 διὰ
3636 1821 3732 1876 τοῦ

2152 1915 2536 1986 περιγενέσθαι
2564 1915 2764 1984 σοφῶν,
2796 1913 3062 1985 ρητόρων,
3091 1912 3417 1981 φιλοσόφων,
3446 1910 3730 1981 βασιλέων,

2149 2009 2358 2080 δήμων,
2411 2006 2619 2061 ἰδιῶται
2652 2005 3030 2075 τυγχάνοντες,
3061 2003 3158 2056 καὶ
3187 2003 3353 2074 μηδὲν
3395 2002 3494 2072 τῆς
3527 2001 3732 2067 ἔξωθεν

2155 2100 2343 2170 σοφίας
2373 2098 2780 2169 ἐπιφερόμενοι.
2822 2097 2935 2165 Οὐχ
2963 2097 2997 2167 ὴ
3022 2093 3260 2165 τυχοῦσα
3295 2093 3351 2148 δὲ
3376 2093 3516 2162 αῦτη
3547 2094 3731 2163 παρά-

2151 2193 2346 2264 κλησίς
2373 2209 2433 2246 τε
2458 2192 2552 2246 καὶ
2583 2189 2852 2260 καύχησις
2877 2186 2975 2241 τοῦ
3012 2185 3307 2240 συνειδέναι
3327 2197 3352 2226 ει
3384 2187 3616 2249 ἐαυτοῖς,
3646 2185 3732 2238 ὅτι

2151 2286 2252 2340 οῦκ
2288 2284 2605 2356 ἀνθρωπίνῃ
2645 2281 2875 2351 δυνάμει
2897 2278 3214 2350 ἐκέχρηντο,
3238 2277 3375 2330 ἀλλὰ
3399 2277 3519 2348 θείᾳ
3546 2276 3732 2348 χάριτι

2152 2379 2330 2433 πάντα
2370 2375 2708 2446 κατώρθουν.
2769 2374 2866 2425 Ἑν
2907 2369 2986 2436 τῷ
3033 2371 3260 2439 κόσμῳ.
3306 2368 3492 2430 Οὕτως
3539 2368 3640 2420 οὐκ
3672 2368 3732 2420 ἐν

2150 2468 2403 2541 Κορίνθῳ
2445 2467 2628 2539 μόνον,
2653 2465 2789 2520 ἀλλά
2820 2463 2916 2517 καὶ
2944 2458 3223 2531 πανταχοῦ
3252 2459 3352 2528 τῆς
3383 2457 3730 2528 οἰκουμένης.

2150 2560 2602 2630 Περισσοτέρως
2649 2555 2718 2610 δὲ
2770 2554 2920 2624 πρὸς
2969 2552 3146 2623 ὑμᾶς.
3203 2551 3268 2604 Τί
3331 2549 3735 2621 περισσοτέρως

2153 2654 2290 2727 πρὸς
2321 2655 2493 2724 ὑμᾶς;
2537 2651 2642 2705 Ἐν
2675 2648 2869 2720 χάριτι
2904 2646 3052 2700 Θεοῦ
3095 2642 3578 2713 ἀνεστράφημεν.
3621 2641 3732 2695 Kal

2149 2746 2260 2818 γὰρ
2305 2747 2511 2816 σημεῖα
2558 2743 2653 2796 καὶ
2681 2740 2936 2813 θαύματα
2973 2740 3104 2809 παρ’
3139 2737 3268 2811 ὑμῖν
3311 2733 3730 2805 ἐπεδειξάμεθα,

2151 2836 2248 2892 καὶ
2267 2835 2489 2888 πλείονα
2506 2831 2793 2903 ἀκρίϐειαν
2814 2829 2908 2884 καὶ¹
2937 2827 3051 2900 βίον
3081 2825 3341 2896 ἄληπτον.
3366 2821 3478 2877 Kal
3505 2819 3615 2891 γὰρ
3637 2819 3732 2873 καὶ

2149 2927 2312 2982 τοῦτο
2333 2925 2493 2997 χάριν
2527 2923 2663 2977 Θεοῦ
2691 2921 2867 2983 καλεῖ,
2904 2920 3000 2973 καὶ
3027 2918 3097 2972 τά
3133 2918 3309 2970 οἰκεῖα
3329 2909 3732 2999 κατορθώματα

2149 3019 2290 3089 αὐτῇ
2315 3015 2686 3086 λογιζόμενος.
2725 3013 2872 3066 Ἐκεῖ
2896 3010 3004 3082 γάρ
3030 3008 3125 3063 καὶ
3149 3007 3216 3060 τὰ
3242 3005 3542 3076 σκάμματα
3564 3003 3734 3073 ὑπερ-

2150 3110 2271 3183 έϐη,
2321 3109 2596 3162 ἀδάπανον
2646 3104 2817 3168 τιθεὶς
2873 3102 2936 3156 τὸ
2982 3100 3338 3170 Εὑαγγέλιον,
3376 3097 3464 3152 διὰ
3525 3097 3588 3150 τὸ
3631 3095 3732 3167 τῆς

2147 3200 2433 3263 ἀσθενείας
2455 3197 2634 3253 αὐτῶν
2662 3195 2958 3267 φείδεσθαι.
2987 3195 3069 3248 Οὐ
3095 3194 3205 3262 γὰρ
3231 3191 3392 3245 ἄλλα
3430 3188 3732 3260 γράφομεν

2147 3293 2313 3364 ὑμῖν,
2339 3293 2477 3348 ἀλλ’
2505 3291 2545 3360 ἢ
2568 3289 2606 3344 d
2625 3287 3067 3359 ἀναγινώσκετε
3093 3285 3132 3353 ἢ
3164 3283 3261 3338 καί
3285 3281 3729 3353 ἐπιγινώσκετε.

2162 3384 2383 3456 Ἐπειδὴ
2433 3382 2544 3455 γάρ
2592 3381 2805 3453 μεγάλα
2848 3377 3149 3449 ἐφθέγξατο
3184 3376 3325 3445 ὑπὲρ
3373 3371 3584 3438 ἑαυτοῦ,
3636 3371 3731 3425 καὶ

2152 3478 2328 3544 ἔδοξεν
2373 3473 2554 3546 ἐαυτῷ
2603 3474 2924 3546 μαρτυρεῖν,
2965 3470 3104 3540 ὅπερ
3135 3466 3202 3540 ἦν
3246 3464 3519 3537 φορτικὸν,
3562 3461 3727 3517 πάλιν

2150 3573 2348 3635 αὐτοὺς
2394 3569 2634 3639 παράγει
2676 3566 2958 3637 μάρτυρας
2982 3562 3090 3616 τῶν
3129 3560 3458 3632 λεγομένων.
3493 3556 3585 3626 Μὴ
3618 3554 3730 3625 γάρ

2149 3681 2233 3727 τις
2279 3661 2548 3734 νομιζέτω
2590 3657 2935 3730 πραγμάτων
2982 3649 3123 3709 εἶναι
3166 3655 3376 3723 κόμπον
3401 3650 3429 3691 b
3471 3649 3540 3702 τά
3571 3646 3730 3715 λεγό-

2153 3772 2311 3827 μενα,
2337 3751 2496 3824 φησί’
2527 3751 2702 3806 ταῦτα
2722 3748 2831 3820 γὰρ
2858 3750 2986 3820 ὑμῖν
3015 3745 3302 3816 δηλοῦμεν,
3337 3743 3372 3797 ἃ
3400 3741 3552 3796 αὐτοὶ
3575 3740 3733 3809 ὑμεῖς

2152 3850 2266 3902 ῐστε
2289 3861 2301 3873 ·
2344 3845 2439 3899 καὶ
2474 3845 2557 3899 ὅτι
2583 3843 2644 3898 οὐ
2666 3839 2821 3915 [H3]
2848 3837 3176 3909 ψευδόμεθα,
3201 3836 3307 3906 πρὸ
3329 3833 3437 3887 τῶν
3461 3832 3636 3888 ἄλλων
3665 3829 3732 3883 ἂν

2150 3941 2282 4011 ἡμῖν
2319 3935 2723 4009 μαρτυρήσετε.
2777 3929 3270 4000 ’Δναγινώσκοντες
3318 3924 3426 3996 γὰρ
3475 3919 3731 3989 ἐπιγινώ-

2157 4046 2334 4092 σκετε,
2377 4029 2457 4082 ὅτι
2499 4025 2536 4081 ἃ
2567 4024 2784 4078 σύνιστε
2809 4024 2942 4093 ἡμῖν
2965 4022 3023 4074 ἐν
3053 4021 3166 4099 τοῖς
3198 4017 3400 4089 ἔργοις,
3435 4014 3607 4068 ταῦτα
3636 4012 3732 4066 καὶ

2149 4125 2210 4176 ἐν
2261 4123 2373 4184 τοῖς
2427 4117 2710 4190 γράμμασι
2760 4115 3035 4184 λέγομεν
3094 4111 3191 4164 καὶ
3238 4110 3340 4162 οὐκ
3392 4105 3731 4160 ἐναντιοῦται

2150 4214 2353 4286 ὐμῶνὴ
2379 4210 2656 4284 μαρτυρία
2686 4211 2806 4272 ταῖς
2854 4203 3220 4267 Ἐπιστολαῖς,
3246 4201 3382 4256 ἀλλά
3407 4200 3622 4272 συνᾴδει
3660 4199 3728 4268 τῇ

2148 4305 2453 4378 ἀναγνώσει
2515 4305 2550 4376 ἡ
2596 4303 2821 4372 γνῶσις,
2868 4299 2936 4370 ἢν
2965 4295 3330 4368 προλαϐόντες
3373 4293 3546 4364 εἴχετε
3600 4292 3731 4362 περὶ

2148 4400 2326 4471 ἡμῶν.
2378 4395 2584 4462 Καθὼς
2626 4393 2726 4449 καὶ
2778 4391 3074 4462 ἐπέγνωτε
3123 4385 3282 4458 ἡμᾶς
3333 4384 3452 4441 ἀπὸ
3483 4383 3726 4454 μέρους.

2150 4491 2283 4544 Οὐδέ
2321 4488 2428 4560 γάρ
2477 4488 2536 4555 ἐξ
2583 4485 2756 4556 ἀκοῆς
2789 4485 2926 4548 ίστε,
2966 4481 3122 4553 φησὶ,
3153 4480 3223 4534 τά
3254 4478 3377 4534 καθ’
3402 4479 3571 4549 ἡμᾶς,
3609 4475 3727 4547 ἀλλ’

2149 4585 2244 4637 ἀπ’
2276 4583 2444 4651 αὐτῆς
2473 4580 2574 4650 τῆς
2605 4577 2821 4650 πείρας.
2845 4575 2921 4629 Τὸ
2951 4573 3031 4638 δὲ,
3073 4572 3209 4628 Ἂπὸ
3237 4571 3482 4642 μέρους,
3508 4567 3729 4641 μετριά-

2151 4676 2259 4741 ζων
2287 4671 2458 4727 εἶπεν.
2508 4671 2670 4733 Ἐθος
2703 4669 2814 4740 γάρ
2843 4665 2991 4738 αὐτῷ
3032 4664 3210 4729 τοῦτο,
3247 4662 3467 4716 ἐπειδάν
3507 4660 3650 4732 μέγα
3672 4675 3726 4712 τι

2148 4767 2452 4839 φθέγξηται
2490 4763 2926 4832 κατεπειγούσης
2973 4760 3220 4827 ἀνάγκης
3267 4755 3429 4827 (οὐδὲ
3484 4753 3594 4824 γὰρ
3629 4752 3725 4806 άλ-

2145 4861 2254 4925 λως
2287 4859 2420 4914 αὐτὸ
2469 4859 2663 4927 ποιεῖ),
2717 4856 2927 4926 ταχέως
2983 4853 3290 4908 συστέλλειν
3323 4848 3488 4902 πάλιν
3531 4846 3623 4899 τὸν
3661 4847 3726 4898 ἐκ

2145 4954 2254 5008 τῶν
2298 4951 2606 5023 εἰρημένων
2642 4950 2806 5018 ὄγκον
2856 4947 3194 5019 βουλόμενος.
3238 4940 3480 5001 Ἐλπίζω
3523 4939 3593 4994 δὲ
3634 4939 3726 4994 ὅτι

2143 5047 2242 5101 καὶ
2271 5046 2384 5113 ἕως
2408 5043 2625 5110 τέλους
2648 5042 3055 5112 ἐπιγνώσεσθε

2219 5227 2284 5299 β’.
2307 5223 2461 5292 Εἶδες
2484 5226 2649 5281 πάλιν
2679 5225 2786 5279 ἀπὸ
2823 5225 2931 5278 τῶν
2959 5221 3338 5295 παρελθόντων
3357 5221 3428 5276 τά
3460 5219 3722 5292 μέλλοντα

2145 5321 2525 5392 πιστούμενον,
2568 5319 2664 5373 καὶ
2703 5317 2804 5370 οὐκ
2836 5315 2944 5370 ἀπὸ
2980 5315 3089 5368 τῶν
3121 5313 3503 5386 παρελθόντων
3535 5313 3722 5383 μόνον,

2144 5413 2282 5469 ἀλλά
2329 5415 2426 5466 καὶ
2479 5411 2586 5465 ἀπὸ
2634 5413 2733 5480 τῆς
2780 5407 2873 5462 τοῦ
2925 5405 3060 5460 Θεοῦ
3105 5405 3421 5476 δυνάμεως;
3476 5404 3553 5457 Οὐ
3613 5403 3724 5472 γὰρ

2151 5507 2334 5572 ἁπλῶς
2355 5505 2690 5576 ἀπεφήνατο,
2719 5501 2856 5554 ἀλλά
2884 5500 2945 5553 τὸ
2974 5500 3080 5553 πᾶν
3107 5500 3200 5553 ἐπ’
3228 5497 3389 5552 αὐτὸν
3416 5496 3606 5568 ἔρριψε
3631 5494 3723 5548 καὶ

2207 5660 2224 5683 ⁸
2251 5661 2382 5718 Mss,
2407 5660 2461 5706 τὸ
2485 5657 2757 5718 συνειδέναι.
2886 5715 2903 5718 _
3045 5715 3054 5718 _
3317 5713 3331 5718 _
3446 5711 3474 5718 __
3510 5713 3520 5718 _
3565 5711 3594 5718 _
3663 5710 3671 5718 ‘

2211 5723 2240 5761 δ
2264 5709 2408 5770 Ιῖοτίε
2432 5721 2610 5780 melius
2630 5717 2849 5780 ῥημάτων
2865 5715 2980 5764 εἶναι
2999 5713 3332 5778 κὸμπον,(ιιιοό
3347 5711 3520 5774 conjici
3527 5718 3541 5763 ι
3563 5709 3722 5762 Savﬂ-

2151 5795 2202 5836 ει
2227 5786 2295 5831 sic
2320 5784 2438 5845 legit
2465 5777 2716 5843 interpres
2750 5777 2969 5826 Latinus.
