4068 6422
37 5 117 465 ii
343 399 451 461 to

81 4205 160 4232 _I'D'-"-l

83 4233 160 4275 -ξιςιέοτ

103 4279 105 4282 -
117 4271 150 4288 ἠ

91 4289 160 4336 3152':

93 4333 152 4368 [μετ

51 4395 58 4398 .
93 4363 167 4410 554'.-

91 4493 102 4510 I'
121 4493 130 4504 Ι

126 4518 149 4535 ..δ

93 4549 118 4562 ἐς
138 4550 141 4559 ‘

95 4571 105 4600 Ρ
132 4566 147 4609 ἔ

87 4627 90 4630 .
113 4609 143 4630 ἰ-

93 4641 96 4646 -
111 4631 128 4654 πε

119 4695 136 4704 τ,

109 4745 132 4778 λέ

1416 381 1480 440 ΙΝ
1520 380 1731 439 EPIST.
1774 380 1815 435 ll
1879 381 1969 435 AD
1995 379 2152 436 COR.
2196 378 2428 436 liOMlL.
2471 378 2558 434 Ill.
3544 381 3644 434 ltiti

1759 591 2093 654 HOMlLIA
2137 590 2240 652 ΠΙ.

346 764 483 817 (lar.
542 756 595 813 1.
645 772 697 808 v.
742 752 827 829 l2.
862 749 1004 805 Nam
1053 746 1219 819 gloria
1257 752 1431 798 nostra
1463 739 1570 794 haec
1597 747 1689 803 est,
1720 735 1944 789 testimo-

422 853 566 905 nium
609 830 928 903 conscientiae
966 852 1187 902 nostrte,
1237 836 1374 909 quod
1431 836 1483 889 in
1534 831 1857 899 simplicitate
1900 834 1948 880 at

421 943 710 1005 sinceritate
751 938 881 1005 Dei,
914 944 959 990 et
999 950 1101 988 non
1130 933 1183 985 in
1217 928 1465 1001 sapientia
1510 924 1726 985 carnali,
1778 921 1866 974 scd
1892 922 1945 972 in

422 1035 590 1108 gratia
617 1032 712 1087 Dei
733 1026 1013 1084 conversati
1040 1040 1211 1079 sumus
1239 1023 1293 1074 in
1319 1017 1528 1073 mundo.

427 1103 478 1183 1.
510 1125 593 1180 Ex
623 1138 752 1193 pura
777 1117 1083 1174 conscientia
1111 1121 1299 1184 quanta
1320 1106 1601 1164 consolatio
1630 1103 1844 1158 oriatur.
1869 1126 1891 1138 -
1911 1129 1945 1138 -

355 1223 457 1278 llic
498 1232 715 1273 rursum
761 1210 904 1267 aliud
935 1222 1146 1280 quoque
1173 1221 1280 1260 non
1310 1217 1530 1273 parvum
1561 1192 1944 1253 consolationis

351 1318 725 1382 argumentum
778 1302 934 1359 nobis
987 1298 1199 1370 aperit,
1263 1296 1372 1350 imo
1410 1305 1667 1365 perquam
1722 1287 1942 1357 ingens,

351 1406 607 1474 quodque
659 1398 899 1453 animum
955 1395 1009 1449 in
1064 1390 1319 1463 periculis
1365 1387 1670 1442 demersum
1738 1380 1946 1449 erigere

353 1508 538 1570 queat.
566 1492 830 1565 Quoniam
858 1488 999 1546 enim
1029 1486 1267 1544 dixerat.
1291 1480 1428 1535 Deus
1449 1494 1540 1532 nos
1565 1475 1769 1542 eripuit,
1787 1482 1947 1540 atque

357 1565 407 1648 id
456 1596 629 1644 totum
676 1572 1111 1640 miserationibus
1159 1575 1255 1631 Dei
1301 1570 1656 1642 precibusque
1705 1565 1943 1635 ipsorum

355 1681 754 1752 adscripserat;
800 1691 869 1731 ne
896 1673 999 1728 hac
1027 1671 1241 1727 ratione
1289 1663 1552 1721 auditoris
1580 1660 1819 1715 animum
1847 1671 1944 1710 su-

359 1779 542 1847 pinum
585 1788 650 1828 ac
691 1767 1002 1841 languidum
1042 1763 1327 1827 redderet,
1360 1767 1544 1828 utpote
1593 1755 1687 1810 Dei
1738 1749 1948 1806 miseri-

357 1870 557 1925 cordia:
585 1866 863 1923 dumtaxat
888 1861 1225 1928 aliorumque
1256 1854 1510 1926 precibus
1559 1847 1943 1909 conﬁdentem,

362 1961 602 2020 ostendit
628 1960 772 2030 ipsos
799 1969 1013 2029 quoque
1041 1967 1145 2008 non
1176 1965 1363 2022 parum
1393 1962 1461 2001 ex
1511 1960 1570 1999 se
1602 1940 1942 2015 pra’sﬁtisse.

362 2062 541 2128 Atque
586 2054 639 2109 id
676 2051 890 2124 quidem
917 2048 1068 2121 prius
1093 2046 1254 2101 etiam
1285 2042 1368 2097 his
1394 2038 1571 2095 verbis
1615 2032 1944 2097 declaravit,

359 2125 507 2205 Sicut
552 2145 813 2201 abundant
860 2141 1122 2214 passiones
1170 2137 1358 2191 Christi
1402 2134 1455 2187 in
1485 2130 1660 2195 nobis,
1688 2126 1760 2180 sic
1795 2125 1948 2178 etiam

358 2240 584 2296 abundat
610 2234 893 2292 consolatio
915 2242 1087 2287 nostra
1120 2246 1138 2283 :
1166 2228 1254 2283 hic
1279 2234 1459 2280 autem
1487 2221 1629 2277 aliud
1655 2236 1685 2274 a
1713 2234 1770 2273 se
1801 2223 1948 2272 recte

359 2337 558 2391 factum
587 2335 999 2387 commemorat.
1047 2322 1331 2393 Quodnam
1385 2317 1522 2373 hoc?
1572 2313 1835 2381 Quoniam
1893 2308 1946 2361 in

362 2441 493 2498 pura
519 2420 846 2479 conscientia
876 2418 1203 2485 minimeque
1243 2414 1365 2467 ﬁcta
1396 2416 1576 2464 mente
1606 2405 1802 2473 ubique
1835 2409 1946 2455 ter-

363 2532 543 2573 rarum
569 2512 873 2570 conversati
904 2523 1109 2574 sumus,
1159 2506 1349 2575 inquit.
1393 2501 1509 2557 Hoc
1558 2513 1721 2570 porro
1746 2495 1812 2550 ad
1847 2510 1946 2548 no-

362 2623 529 2667 stram
555 2607 977 2664 consolationem
1029 2610 1084 2657 et
1124 2597 1554 2656 cohortationetn
1608 2607 1714 2646 non
1761 2601 1948 2658 parum

364 2701 621 2759 momenti
653 2698 846 2764 habet;
876 2711 977 2752 nec
1021 2695 1088 2749 ad
1119 2689 1544 2747 consolationem
1578 2691 1820 2746 tantum,
1854 2676 1949 2732 sed

362 2799 429 2853 ad
450 2794 596 2851 aliud
624 2794 786 2850 etiam
814 2792 1056 2860 insuper,
1073 2785 1217 2858 quod
1244 2781 1610 2839 consolatione
1635 2777 1791 2845 longe
1813 2787 1950 2842 pra:-

364 2890 595 2948 stantius
617 2897 721 2954 est,
754 2886 856 2941 hoc
878 2892 983 2950 est,
1005 2883 1071 2936 ad
1098 2879 1491 2951 gloriationem.
1521 2873 1614 2927 llis
1632 2879 1809 2925 autem
1827 2880 1950 2921 vcr-

366 2982 450 3038 bis
491 2981 679 3051 partim
725 2992 820 3034 eos
866 2975 1060 3040 docet,
1088 2980 1148 3027 ut
1194 2971 1247 3025 in
1287 2964 1669 3023 afﬂictionibus
1730 2958 1952 3015 minime

367 3074 562 3129 animis
588 3071 925 3142 frangantur,
941 3066 1040 3123 sed
1069 3064 1244 3136 potius
1269 3060 1587 3134 glorientur,
1617 3072 1738 3113 cum
1764 3068 1949 3124 puram

367 3163 751 3222 conscientiam
777 3161 1009 3217 habeant
1036 3175 1051 3213 :
1079 3157 1274 3227 partim
1304 3154 1463 3209 etiam
1498 3150 1659 3205 falsos
1677 3145 1952 3218 apostolos

370 3258 535 3315 tacite
585 3252 919 3327 perstringit.
971 3250 1040 3305 Et
1075 3243 1526 3320 quemadmodum
1583 3242 1634 3295 in
1673 3238 1952 3308 superiore

365 3348 595 3421 epistola
636 3347 732 3410 ait,
771 3344 909 3399 Misit
936 3359 1014 3397 me
1044 3340 1273 3397 Christus
1299 3346 1355 3392 ut
1384 3334 1739 3406 evangelizem,
1764 3347 1865 3384 non
1900 3329 1953 3384 in

366 3442 618 3513 sapientia
644 3437 911 3503 sermonis,
939 3453 1002 3490 ne
1040 3441 1303 3490 evacuetur
1342 3447 1468 3485 crux
1491 3426 1679 3483 Christi
1720 3425 1795 3493 tl.
1829 3420 1949 3478 Cor.

370 3536 397 3591 1
411 3532 532 3606 ,17)
553 3550 567 3599 ;
592 3540 666 3598 et,
691 3529 759 3586 Ut
778 3528 906 3600 ﬁdes
927 3537 1089 3582 vestra
1113 3542 1215 3579 non
1235 3525 1298 3578 sit
1321 3523 1372 3577 in
1393 3521 1638 3591 sapientia
1666 3517 1947 3578 hominum,

367 3630 458 3684 sed
488 3629 542 3681 in
575 3624 797 3695 potentia
830 3620 920 3676 Dei
946 3620 1023 3693 (l.
1050 3618 1170 3675 Cor.
1196 3616 1250 3671 2.
1281 3617 1335 3685 5)
1370 3633 1383 3668 :
1415 3615 1493 3668 sic
1518 3615 1678 3667 etiam
1706 3610 1806 3664 hoc
1837 3610 1955 3662 loco

370 3724 471 3788 ait,
508 3718 628 3774 Non
657 3720 709 3773 in
733 3715 1007 3788 sapientia,
1036 3712 1124 3768 sed
1152 3710 1205 3765 in
1226 3711 1391 3782 gratia
1417 3707 1623 3762 Christi.
1646 3705 1782 3772 Quin
1809 3701 1952 3756 aliud

365 3826 583 3886 quoque
610 3811 693 3866 his
725 3809 904 3864 verbis
934 3803 1310 3868 subindicavit,
1348 3801 1465 3854 Non
1488 3798 1538 3851 in
1554 3797 1827 3867 sapientia,
1853 3794 1953 3848 hoc

366 3919 452 3964 est
472 3947 487 3973 ,
517 3920 621 3960 nou
652 3904 706 3960 in
748 3901 936 3958 fraude
964 3918 978 3956 :
1010 3899 1262 3954 nimirum
1304 3895 1393 3950 hic
1421 3905 1637 3964 quoque
1669 3887 1951 3958 profanam

369 3998 728 4055 eruditionem
770 3995 1055 4064 impetens.
1107 3988 1288 4044 Gloria
1331 3986 1463 4041 enim
1516 3994 1689 4037 nostra
1720 3981 1826 4034 hac
1856 3987 1950 4043 est,

371 4090 567 4160 inquit,
598 4086 940 4143 testimonium
969 4080 1288 4138 conscientite
1312 4086 1518 4131 nostra.
1556 4074 1669 4128 lloc
1693 4079 1794 4137 est,
1826 4085 1955 4124 con-

370 4182 591 4238 scientia
638 4191 840 4242 nostra,
872 4193 991 4248 qua}
1032 4190 1132 4232 nos
1177 4171 1540 4229 condemnare
1584 4166 1785 4236 nequit,
1821 4171 1955 4218 tam-

369 4290 529 4345 quam
559 4270 648 4343 qui
672 4270 739 4327 ob
766 4266 1008 4340 improba
1036 4268 1267 4321 facinora
1316 4263 1667 4328 exagitentur.
1700 4257 1953 4326 Quamvis

370 4367 512 4422 enim
546 4361 842 4419 innumeris
867 4358 1258 4416 calamitatibus
1284 4354 1601 4414 afﬁciantur,
1621 4359 1779 4420 atque
1800 4347 1955 4402 undi-

369 4474 476 4530 que
522 4458 843 4529 impetamur
880 4463 934 4509 et
985 4449 1386 4522 periclitemur,
1450 4443 1607 4499 nobis
1657 4453 1836 4496 tamen
1884 4438 1953 4491 ad

369 4550 816 4612 consolationem,
845 4560 945 4600 nec
983 4543 1051 4597 ad
1093 4538 1516 4597 consolationem
1566 4543 1770 4589 tantum
1795 4573 1809 4593 ,
1857 4530 1955 4585 sed

370 4645 532 4699 etiam
556 4641 621 4696 ad
643 4652 897 4695 coronam
926 4633 1124 4691 sufﬁcit
1151 4628 1478 4688 conscientia
1509 4641 1630 4698 quae
1673 4639 1804 4696 pura
1848 4631 1951 4689 est,

372 4736 633 4806 nobisque
685 4733 788 4788 hoc
838 4728 1189 4792 testiﬁcatur,
1244 4737 1341 4779 nos
1394 4737 1499 4778 non
1537 4719 1757 4777 sceleris
1793 4718 1955 4773 ullius

370 4845 551 4894 causa,
585 4826 680 4882 sed
710 4826 780 4881 ob
810 4823 902 4878 Dei
931 4822 1284 4879 voluntatem.
1309 4816 1379 4871 ob
1406 4815 1657 4869 virtutem
1681 4854 1695 4877 ,
1740 4810 1810 4866 ob
1839 4810 1957 4881 phi-

370 4922 695 4992 loSOphiam,
724 4916 795 4972 ob
820 4914 1110 4971 multorum
1137 4909 1365 4965 salutem
1393 4907 1507 4961 htcc
1537 4904 1669 4975 pati.
1701 4905 1779 4958 Ac
1807 4901 1957 4973 prior

371 5013 587 5084 quidem
621 5010 707 5065 illa
748 5005 1045 5064 consolatio
1080 5018 1111 5059 a
1152 5002 1266 5058 Deo
1298 4998 1581 5064 manabat;
1626 4997 1742 5050 haec
1777 5004 1954 5049 autem

370 5106 437 5159 ab
489 5103 621 5177 ipsis
672 5111 832 5171 atque
861 5113 893 5153 a
937 5096 1057 5151 vitae
1107 5094 1339 5165 puritate
1383 5089 1757 5161 colligebatur.
1790 5085 1950 5143 Unde

370 5197 533 5251 etiam
562 5192 788 5264 gloriam
820 5190 988 5258 ipsam
1016 5194 1191 5253 vocat,
1219 5183 1469 5255 quoniam
1514 5178 1728 5250 propria
1767 5192 1954 5232 eorum

373 5289 568 5344 virtute
593 5283 1023 5355 comparabatur.
1053 5279 1308 5346 Quaenam
1330 5274 1490 5346 igitur
1518 5279 1601 5328 est
1625 5271 1740 5325 btec
1764 5269 1953 5340 gloria,

375 5391 429 5435 et
454 5377 712 5450 quidnam
736 5374 891 5429 nobis
913 5369 1240 5428 conscientia
1258 5375 1438 5422 nostra
1458 5362 1793 5427 testificatur,
1813 5360 1956 5426 Quo-

374 5473 510 5526 niam
539 5473 595 5526 in
631 5467 953 5538 simplicitate
978 5475 1026 5519 et
1064 5465 1118 5518 in
1145 5460 1475 5519 sinceritate?
1513 5458 1625 5513 lioc
1668 5465 1771 5520 est,
1821 5454 1953 5509 nihil

376 5564 413 5640 fg
423 5562 793 5627 audulentum,
808 5556 939 5613 nihil
952 5571 1045 5628 per
1059 5555 1402 5627 hypocrisitn,
1420 5566 1516 5622 per
1534 5548 1952 5613 simulationem,

374 5672 470 5727 per
499 5653 937 5716 assentationem,
975 5665 1070 5720 per
1095 5648 1336 5712 insidias,
1363 5661 1455 5716 per
1478 5642 1761 5707 fallaciam,
1782 5654 1845 5695 ac
1863 5654 1957 5709 per

373 5747 519 5802 aliud
547 5745 835 5818 quidquam
859 5740 1119 5812 ejusmodi
1148 5740 1404 5803 fecimus;
1432 5736 1525 5792 sed
1555 5733 1773 5789 inomni
1798 5732 1958 5788 liber-

375 5851 507 5911 tate,
538 5839 596 5897 in
623 5839 866 5906 veritate,
896 5837 949 5892 in
975 5849 1102 5906 pura
1149 5832 1475 5901 minimeque
1499 5828 1726 5901 maligna
1758 5826 1950 5884 volun-

701 5946 965 6007 Pu‘ttOL.
1010 5939 1129 6001 Gn.
1185 5939 1340 6000 LXI.

2053 738 2182 796 tale,
2212 731 2263 785 in
2291 740 2471 786 mente
2509 729 2577 786 ab
2615 734 2762 788 omni
2792 733 2916 791 dolo
2935 751 3125 801 vacua,
3176 739 3312 796 nihil
3347 751 3543 799 tectum
3583 756 3639 802 et

2054 824 2448 892 adumbratum,
2482 824 2614 881 nihil
2645 826 2875 882 fucatum
2916 845 2979 884 ac
3018 835 3399 889 veteratoriam
3430 836 3635 893 haben-

2052 929 2151 968 tes.
2185 913 2307 968 Non
2332 916 2385 970 in
2426 917 2675 987 sapientia
2699 920 2916 972 carnali.
2949 919 3060 976 Hoc
3086 932 3188 987 est,
3217 926 3398 979 nonin
3426 925 3637 985 vafritic

2048 1021 2097 1061 et
2130 1008 2493 1078 improbitate,
2546 1024 2647 1067 nec
2682 1011 2736 1065 in
2779 1014 3046 1070 sermonis
3087 1013 3332 1071 facundia
3386 1036 3636 1090 nexuque

2048 1099 2437 1169 sophismatum
2478 1119 2491 1154 :
2527 1100 2642 1156 haec
2695 1102 2836 1156 enim
2888 1120 2983 1173 per
3010 1107 3282 1161 carnalem
3309 1110 3632 1180 sapientiam

2049 1192 2315 1264 intelligit.
2337 1197 2510 1265 Atque
2542 1195 2615 1260 id,
2634 1195 2777 1251 unde
2799 1196 2872 1250 illi
2897 1213 3218 1268 magnopere
3242 1201 3631 1271 gloriabantur,

2049 1284 2316 1340 inﬁciatur
2342 1287 2457 1357 ipse
2486 1303 2549 1342 ac
2589 1288 2761 1358 rejicit
2790 1305 2804 1343 :
2835 1305 2900 1344 ex
2931 1289 3221 1345 abundanti
3246 1293 3497 1349 videlicet
3535 1312 3626 1350 os-

2049 1377 2299 1444 tendens,
2323 1378 2464 1435 haud
2507 1380 2727 1451 dignum
2774 1382 2911 1436 istud
2944 1397 3087 1449 esse,
3120 1384 3188 1439 de
3213 1401 3319 1453 quo
3347 1388 3629 1459 quisquam

2046 1468 2341 1536 glorietur;
2369 1471 2563 1541 quippe
2591 1487 2710 1526 cum
2757 1471 2871 1542 ipse
2901 1488 3006 1527 non
3030 1473 3190 1528 modo
3219 1474 3269 1529 id
3312 1492 3418 1531 non
3447 1480 3629 1550 requi-

2047 1568 2150 1619 rat,
2176 1573 2356 1613 verum
2385 1561 2547 1615 etiam
2575 1562 2888 1617 submoveat
2916 1579 2978 1618 ac
3008 1563 3206 1633 probro
3235 1564 3414 1621 ducat.
3446 1567 3551 1622 Scd
3577 1570 3631 1623 in

2047 1650 2213 1720 gratia
2240 1649 2339 1705 Dei
2386 1655 2667 1708 conversati
2704 1672 2876 1709 sumus
2916 1655 3206 1709 inmundo.
3255 1657 3389 1723 Quid
3418 1668 3530 1724 est,
3572 1658 3633 1714 In

2046 1744 2215 1813 gratia
2243 1743 2378 1798 Dei?
2419 1746 2528 1800 [loc
2566 1754 2667 1809 est,
2694 1746 3008 1825 sapientiam
3045 1764 3108 1802 ac
3139 1750 3428 1818 potentiam
3467 1751 3632 1822 ipsius

2048 1838 2308 1893 beneﬁcio
2336 1839 2492 1896 nobis
2520 1854 2831 1896 concessam
2856 1856 2953 1911 per
2979 1842 3231 1897 miracula
3265 1842 3632 1900 declarantes:

2048 1937 2209 1998 atque
2236 1928 2359 1984 hinc
2382 1931 2565 1998 etiam,
2597 1931 2759 2001 quod,
2782 1946 2902 1985 cum
2925 1931 3087 1987 rudes
3120 1949 3364 1988 essemus
3394 1936 3651 2006 nihilth

2048 2031 2286 2077 externa:
2299 2021 2558 2078 doctrinae
2573 2024 2847 2079 nobiscum
2860 2025 3197 2087 afferremus.
3224 2028 3408 2083 doctos
3430 2041 3632 2098 tamen,

2048 2125 2311 2181 Oratores,
2343 2114 2722 2185 philosophos,
2767 2132 2921 2187 reges
2949 2133 3010 2173 ac
3060 2120 3289 2189 populos
3329 2122 3634 2178 vicerimus.

2051 2205 2220 2259 Porro
2260 2223 2365 2260 non
2408 2208 2643 2277 vulgaris
2668 2218 2752 2264 est
2798 2213 2913 2265 base
2935 2212 3234 2266 consolatio
3265 2228 3326 2266 ac
3364 2216 3635 2284 gloriatio,

2051 2310 2245 2365 nempe
2267 2297 2407 2367 quod
2451 2298 2553 2368 ipsi
2590 2298 2691 2354 sibi
2735 2302 2935 2356 conscii
2966 2312 3183 2367 essent,
3211 2320 3269 2357 se
3311 2320 3415 2357 nou
3447 2305 3638 2358 huma-

2051 2406 2172 2443 nam
2224 2394 2514 2460 potentiam
2543 2391 2833 2459 adhibere,
2869 2393 2965 2447 sed
3013 2394 3189 2448 divina
3245 2396 3410 2465 gratia
3459 2399 3637 2451 onntia

2049 2478 2336 2535 condicere.
2363 2479 2432 2535 In
2461 2483 2674 2537 mundo.
2723 2481 2799 2536 ita
2829 2499 2935 2537 non
2981 2484 3223 2539 Corinthi
3275 2495 3478 2540 tantum
3502 2530 3518 2553 ,
3542 2488 3639 2542 scd

2052 2572 2250 2640 passim
2277 2587 2490 2643 quoque
2521 2582 2633 2627 toto
2661 2582 2927 2628 terrarum
2950 2574 3102 2628 orbe.
3154 2576 3512 2632 Abundantius
3536 2597 3633 2631 au-

2052 2675 2150 2718 tem
2172 2666 2312 2734 apud
2340 2680 2445 2719 vos.
2470 2665 2606 2732 Quid
2634 2666 2994 2723 abundantius
3020 2667 3085 2722 ad
3115 2670 3245 2723 vos?
3263 2668 3327 2723 In
3355 2672 3521 2741 gratia
3544 2671 3642 2727 Dei

2051 2759 2334 2813 conversati
2356 2775 2553 2813 sumus.
2582 2757 2720 2814 Nam
2748 2771 2801 2814 et
2827 2760 2978 2831 signa
3008 2771 3062 2815 et
3092 2763 3347 2819 miracula
3370 2765 3511 2834 apud
3542 2783 3640 2822 vos

2050 2850 2336 2914 edidimus,
2367 2859 2420 2905 et
2445 2851 2779 2923 diligentiam
2810 2852 3066 2922 majorem
3093 2853 3432 2910 adhibuimus
3449 2858 3645 2911 vitam-

2051 2958 2157 3014 que
2187 2943 2254 2997 ab
2273 2944 2418 2998 omni
2448 2942 2868 3013 reprehensione
2896 2944 3148 2999 alienam.
3192 2945 3322 3000 Nam
3374 2946 3476 3001 hoc
3502 2964 3641 3018 quo-

2052 3055 2156 3110 que
2184 3039 2409 3107 gratiam
2440 3038 2534 3093 Dei
2554 3050 2729 3103 vocat,
2762 3038 3011 3092 nimirum
3057 3054 3118 3093 ea
3147 3039 3329 3106 etiam,
3372 3057 3490 3110 qua:
3519 3058 3643 3099 cum

2053 3131 2251 3186 virtute
2275 3130 2463 3201 gessit,
2501 3130 2599 3201 ipsi
2628 3129 2961 3185 adscribcns.
2997 3129 3112 3184 Illic
3156 3132 3297 3185 enim
3330 3132 3463 3186 ultra
3491 3145 3643 3204 septa

2057 3222 2306 3292 prosiliit,
2335 3221 2463 3276 dum
2495 3222 2613 3275 sine
2638 3231 2853 3291 sumptu
2892 3222 3229 3291 evangelium
3278 3234 3541 3295 poneret,
3586 3237 3646 3280 ut

2004 3352 2009 3357 ι
2054 3328 2240 3368 eorum
2290 3311 2643 3367 imbecillitati
2691 3311 3022 3367 consuleret.
3070 3313 3154 3367 15.
3200 3311 3322 3366 Non
3365 3315 3498 3368 enim
3538 3316 3646 3370 alia

2051 3403 2319 3459 scribimus
2343 3403 2482 3457 vobis
2505 3444 2521 3470 ,
2567 3418 2721 3472 quam
2744 3417 2858 3471 qtae
2883 3401 3050 3473 legitis
3084 3410 3130 3455 et
3170 3405 3468 3473 agnoscitis.
3500 3404 3646 3470 Quo-

2055 3496 2199 3551 niam
2227 3494 2504 3565 magniﬁca
2528 3494 2597 3549 de
2620 3509 2678 3548 se
2709 3494 3063 3564 proloquutus
3092 3494 3265 3548 fuerat
3291 3496 3501 3566 sibique
3533 3497 3636 3567 ipsi

2057 3587 2422 3644 testimonium
2456 3585 2684 3651 dixerat,
2718 3585 2772 3640 id
2802 3585 2942 3655 quod
2971 3586 3333 3654 importunum
3361 3596 3495 3651 erat,
3519 3604 3642 3642 rur-

2054 3693 2175 3733 sum
2201 3692 2390 3733 eorum
2416 3692 2538 3747 quae
2581 3677 2713 3731 dicit
2758 3677 2903 3746 ipsos
2935 3688 3101 3733 teSIes
3129 3678 3392 3747 producit.
3421 3678 3498 3734 Ne
3523 3681 3644 3751 quis

2054 3770 2220 3835 enim,
2252 3769 2442 3840 inquit,
2470 3768 2743 3824 existimet
2766 3783 2850 3833 ea,
2883 3784 3002 3839 quae
3028 3784 3058 3822 a
3088 3785 3174 3824 me
3199 3769 3482 3835 dicuntur,
3512 3787 3646 3826 ver-

2055 3862 2245 3917 borum
2286 3862 2565 3917 dumtaxat
2614 3875 2861 3930 pompam
2903 3874 3023 3915 esse
3070 3878 3084 3914 :
3130 3861 3245 3916 haec
3272 3862 3439 3930 enim
3491 3863 3644 3920 vobis

2054 3966 2561 4018 commemoramus,
2612 3965 2729 4021 qua:
2773 3951 2926 4006 vobis
2970 3951 3100 4020 ipsis
3148 3928 3425 4021 explorata
3476 3966 3640 4020 sunt;

2055 4047 2307 4117 quodque
2347 4059 2445 4100 nos
2477 4044 2700 4099 minime
2745 4045 3088 4109 mentiamur,
3127 4059 3238 4114 pra:
3286 4046 3498 4101 caeteris
3544 4047 3644 4116 ipsi
3701 4075 3704 4077 λ

2057 4147 2221 4194 testes
2250 4152 2371 4193 esse
2394 4138 2623 4208 queatis.
2660 4136 2924 4205 Legentes
2949 4136 3092 4191 enim
3124 4138 3437 4206 agnoscitis,
3466 4140 3635 4207 quod,

2054 4248 2177 4303 qua:
2207 4246 2305 4286 nos
2325 4247 2387 4285 re
2413 4231 2526 4300 ipsa
2557 4229 2872 4300 prtestitisse
2907 4238 3241 4298 compertum
3290 4230 3500 4284 habetis
3523 4272 3535 4294 ,
3579 4247 3642 4285 ea

2057 4339 2153 4394 per
2192 4323 2379 4378 literas
2426 4336 2644 4392 quoque
2691 4320 3088 4390 prtcdicamus:
3132 4335 3231 4376 nec
3276 4322 3644 4376 testimonium

2055 4425 2295 4471 vestrum
2326 4415 2495 4470 literis
2527 4415 2727 4469 nostris
2751 4422 3034 4484 repugnat,
3064 4414 3159 4468 sed
3187 4429 3372 4469 earum
3404 4415 3640 4483 ipsarum

2056 4508 2273 4564 lectioni
2317 4517 2578 4563 consonat
2609 4506 2724 4561 haec
2753 4507 2989 4577 cognitio
3008 4547 3024 4572 ,
3052 4522 3212 4577 quam
3240 4516 3366 4562 ante
3391 4506 3459 4563 de
3486 4508 3643 4563 nobis

2057 4601 2357 4657 habebatis.
2385 4601 2477 4655 14.
2502 4600 2652 4655 Sicut
2668 4610 2715 4653 et
2732 4602 3032 4671 cognovistis
3055 4615 3147 4653 nos
3170 4615 3233 4653 ea:
3261 4609 3426 4669 parte.
3450 4599 3636 4670 Neque

2056 4694 2200 4748 enim
2230 4709 2300 4750 ex
2349 4693 2577 4747 aliorum
2627 4706 2881 4747 sermone
2908 4704 2997 4745 res
3028 4700 3242 4745 nostras
3271 4690 3600 4760 cognovistis
3621 4733 3638 4758 ,

2057 4784 2151 4840 sed
2179 4800 2246 4839 ex
2273 4784 2387 4855 ipsa
2415 4781 2765 4853 experientia.
2809 4779 2944 4836 illud
2970 4790 3147 4836 autem
3172 4821 3189 4846 ,
3219 4779 3300 4834 Ea:
3323 4790 3501 4851 parte,
3529 4796 3644 4837 mo-

2056 4878 2244 4935 destize
2285 4892 2447 4932 causa
2475 4876 2628 4931 dixit.
2673 4875 2784 4930 Hoc
2814 4875 2957 4930 enim
3006 4874 3107 4944 ipsi
3137 4874 3189 4927 in
3221 4888 3372 4928 more
3411 4873 3642 4942 positum

2057 4982 2160 5037 est,
2187 4986 2309 5025 cum
2341 4969 2661 5024 necessitate
2688 4966 2953 5039 adductus
2978 4966 2998 5038 (
3026 4980 3198 5034 neque
3217 4965 3363 5020 enim
3384 4965 3516 5019 alias
3541 4963 3645 5019 hoc

2057 5061 2208 5133 facit)
2230 5061 2408 5132 magni
2454 5059 2522 5116 de
2561 5075 2622 5115 se
2645 5058 2916 5130 quidpiam
2946 5055 3340 5128 pronuntiarit,
3369 5064 3427 5109 ut
3454 5070 3642 5110 eorum

2057 5171 2178 5226 qua:
2220 5154 2356 5207 dixit
2404 5162 2669 5207 tumorem
2720 5150 2903 5205 statim
2952 5146 3227 5204 retundat.
3273 5146 3437 5219 Spero
3472 5156 3644 5200 autem

2056 5247 2191 5310 quod
2219 5249 2372 5300 etiam
2391 5260 2551 5315 usque
2577 5244 2631 5297 in
2654 5242 2805 5312 ﬁnem
2830 5241 3160 5311 cognoscetis.

2173 5382 2187 5395 .
2215 5335 2380 5391 Vides
2418 5349 2631 5389 rursum
2658 5348 2765 5404 quo
2794 5342 2952 5404 pacto
2981 5346 3011 5385 a
3041 5330 3329 5399 praeteritis
3357 5328 3517 5384 ﬁdem
3548 5327 3637 5384 fu-

2057 5432 2191 5483 turis
2217 5428 2460 5482 adstruat
2482 5469 2497 5493 ,
2529 5439 2629 5480 nec
2650 5440 2681 5479 a
2713 5423 2994 5495 pmteritis
3031 5433 3236 5476 tantum
3257 5463 3272 5487 ,
3304 5421 3399 5476 sed
3424 5421 3583 5476 etiam
3610 5436 3641 5473 a

2061 5520 2155 5575 Dei
2202 5516 2484 5589 potentia?
2531 5515 2716 5586 Neque
2742 5515 2886 5571 enim
2918 5514 3163 5568 absolute
3197 5512 3475 5566 afﬁrmaﬁt
3498 5552 3514 5577 ,
3545 5509 3642 5565 sed

2061 5610 2165 5666 hoc
2194 5619 2363 5665 totum
2393 5607 2461 5663 ad
2490 5607 2665 5678 ipsum
2691 5621 2970 5676 spemque,
2997 5619 3157 5675 quam
3186 5605 3237 5657 in
3266 5604 3384 5672 ipso
3410 5602 3638 5673 positam

2062 5705 2244 5770 habet,
2294 5702 2568 5773 relegavit.
2617 5699 2766 5766 Quod
2805 5700 2970 5770 gloria
2997 5708 3160 5751 vestra
3184 5711 3390 5760 sumus,
3416 5695 3549 5748 sicut
3587 5703 3639 5746 et

2061 5816 2148 5855 vos
2177 5807 2353 5854 nostra
2376 5798 2429 5850 in
2454 5796 2536 5850 die
2561 5793 2769 5850 Domini
2809 5792 2970 5845 nostri
2992 5789 3119 5847 Jesu
3142 5786 3348 5843 Christi.
3382 5784 3496 5840 Hoc
3524 5785 3643 5840 loco

3220 5893 3299 5954 26
