4068 6462
421 408 520 464 40'!

423 523 682 580 invidiam
712 565 726 589 ,
755 536 912 594 quam
942 533 1003 576 ea
1033 533 1151 588 qua:
1195 515 1444 586 superius
1473 512 1683 568 dixerat
1703 511 1802 580 ipsi
1829 507 2010 563 conci-

425 629 541 672 tare
568 623 872 688 potuerant,
897 610 1143 675 succidit,
1173 607 1301 662 dum
1330 606 1396 661 ad
1424 619 1611 661 eorum
1639 617 1761 672 qua:
1782 610 1928 655 recte
1956 607 2010 652 et

426 725 548 765 cum
575 710 771 762 virtute
796 710 1036 775 gesserat
1063 699 1394 754 consortium
1421 713 1485 752 ac
1514 695 1825 750 societatem
1852 692 1999 761 ipsos

431 799 703 855 adsciscit.
739 795 852 850 Non
881 793 1023 849 enim
1076 792 1216 846 intra
1266 805 1366 844 nos
1393 787 1753 843 constiterunt
1775 824 1791 850 ,
1822 782 1917 838 sed
1950 781 2016 836 ad

433 907 528 946 vos
555 903 771 960 quoque
821 886 1096 940 dimanant
1117 923 1134 950 ,
1166 898 1228 937 ac
1256 881 1490 936 vicissim
1522 895 1552 933 a
1583 877 1736 933 vobis
1781 875 1848 930 ad
1896 890 2015 929 nos.

437 983 702 1052 Quoniam
752 979 896 1034 enim
945 976 1183 1048 seipsum
1210 973 1474 1029 extulerat
1498 1013 1515 1040 ,
1541 985 1603 1025 ac
1628 968 2019 1041 praeteritorum

432 1082 802 1144 argumentum
828 1068 1164 1132 exhibuerat,
1179 1075 1233 1122 et
1252 1064 1321 1121 de
1343 1064 1535 1118 futuris
1551 1059 1934 1132 Spoponderat,
1953 1073 2023 1112 ne

436 1165 708 1220 auditores
736 1178 861 1218 eum
897 1171 1168 1230 tamquam
1189 1171 1386 1227 magna
1430 1156 1498 1211 de
1541 1170 1599 1210 se
1645 1151 2022 1223 pratd’icantem

440 1262 790 1323 incesserent,
814 1265 974 1325 atque
995 1255 1047 1307 in
1067 1252 1341 1315 invidiam,
1365 1259 1424 1304 ut
1441 1248 1573 1312 dixi,
1596 1246 2021 1318 prolaberentur,

440 1353 810 1419 gloriationem
837 1364 960 1403 cum
983 1347 1112 1418 ipsis
1135 1343 1523 1408 communicat,
1551 1351 1709 1408 atque
1735 1339 1874 1393 hanc
1900 1338 2021 1392 lau—

444 1445 567 1497 dum
609 1456 864 1497 coronam
914 1439 978 1494 ad
1031 1439 1175 1509 ipsos
1205 1436 1473 1507 pertinere
1504 1433 1598 1488 ait.
1645 1431 1778 1487 Nam
1821 1430 1866 1485 si
1895 1430 2030 1484 tales

444 1549 798 1605 appareamus
822 1574 838 1598 ,
881 1531 1086 1602 inquit,
1121 1537 1306 1586 nostra
1351 1530 1468 1584 laus
1494 1534 1673 1582 vestra
1702 1525 1871 1595 gloria
1901 1532 1984 1578 est
2013 1539 2027 1573 :

446 1624 897 1696 quemadmodum
945 1623 1151 1676 scilicet
1177 1635 1277 1674 nos
1303 1632 1551 1689 quoque,
1593 1616 1720 1670 dum
1752 1629 1847 1670 vos
1876 1612 2033 1668 laude

451 1732 610 1789 atque
641 1717 805 1788 gloria
836 1715 1061 1779 ﬂoretis,
1095 1711 1427 1769 exsultamus
1447 1751 1462 1773 .
1489 1709 1748 1780 gestimus
1776 1716 1831 1762 et
1873 1720 2033 1761 coro-

454 1828 664 1866 namur.
697 1812 867 1880 Atque
896 1807 984 1862 hic
1025 1821 1241 1877 quoque
1285 1819 1474 1859 rursus
1512 1818 1606 1873 per
1631 1817 1693 1857 ea
1715 1816 1834 1872 quae
1868 1799 2034 1866 dixit,

453 1908 723 1975 ingentem
777 1901 1092 1976 humilitatis
1141 1913 1253 1954 sua:
1301 1895 1746 1968 signiﬁcationem
1813 1893 2034 1964 przebet.

454 1998 573 2052 Non
619 1996 762 2052 enim
793 2003 848 2049 ut
878 1992 1130 2065 Magister
1177 1990 1246 2046 ad
1284 1989 1576 2059 discipulos
1602 2030 1616 2054 ,
1652 1985 1746 2042 sed
1774 1995 1830 2041 ut
1875 1984 2040 2040 disci-

451 2090 610 2160 palus
659 2085 949 2156 discipulos
1004 2084 1323 2154 alloquens,
1381 2081 1454 2135 ita
1507 2094 1817 2135 sermonem
1892 2093 2034 2134 exae-

455 2192 603 2253 quat.
655 2182 734 2235 Ac
794 2179 916 2234 vide
967 2193 1073 2248 quo
1135 2186 1292 2248 pacto
1337 2190 1432 2231 eos
1493 2173 1753 2229 sublimes
1793 2171 2042 2236 efﬁciat,

453 2291 517 2328 ac
563 2271 899 2345 phil050pliia
950 2270 1188 2340 impleat,
1237 2268 1364 2323 dum
1411 2268 1557 2337 ipsos
1591 2263 1658 2320 ad
1707 2265 1855 2319 illum
1902 2265 2046 2319 diem

459 2363 794 2420 transmittit.
841 2361 919 2416 Ne
965 2361 1110 2416 enim
1159 2359 1288 2414 mihi
1329 2357 1620 2428 przesentia
1661 2371 2049 2412 commemore-

460 2462 550 2523 tis,
602 2457 802 2527 inquit,
846 2454 948 2509 hoc
991 2463 1074 2508 est
1115 2452 1334 2523 probra,
1378 2450 1657 2516 convicia,
1713 2459 2044 2511 scommata,

459 2567 577 2621 qua:
601 2549 752 2604 vobis
781 2563 809 2601 a
845 2546 1115 2617 plerisque
1143 2543 1488 2610 inferuntur;
1518 2557 1694 2612 neque
1721 2541 1862 2597 enim
1892 2539 2050 2610 quid-

461 2657 618 2712 quam
684 2639 770 2694 hic
824 2639 996 2709 magni
1055 2637 1314 2692 momenti
1377 2643 1497 2701 est,
1563 2648 1666 2689 non
1730 2633 1893 2697 laeta,
1945 2647 2052 2687 non

460 2735 703 2798 molesta,
729 2748 833 2786 non
856 2737 1172 2795 scominata,
1199 2745 1304 2783 non
1337 2727 1584 2782 humana:
1612 2726 1797 2781 laudes
1824 2745 1838 2780 :
1867 2741 2052 2782 verum

464 2823 727 2880 tremendi
765 2822 908 2877 illius
941 2829 1101 2890 atque
1140 2818 1393 2874 horrendi
1421 2818 1525 2873 diei
1557 2817 1708 2873 vobis
1741 2818 1791 2871 in
1822 2827 2056 2871 mentem

467 2918 664 2982 veniat,
695 2917 746 2971 in
773 2931 880 2986 quo
909 2916 1087 2970 omnia
1130 2923 1313 2983 aperta
1343 2921 1520 2968 erunt.
1551 2911 1684 2966 Tum
1710 2911 1854 2966 enim
1877 2921 1932 2965 et
1959 2925 2057 2964 nos

468 3011 521 3064 in
551 3009 722 3072 vobis,
750 3018 803 3064 et
832 3021 928 3063 vos
955 3007 1007 3062 in
1038 3006 1193 3062 nobis
1220 3003 1601 3076 gloriabimini',
1624 3019 1745 3059 cum
1775 3013 1830 3058 et
1859 3019 1952 3058 vos
1980 3012 2059 3056 la-

469 3102 550 3155 les
579 3100 861 3169 magistros
903 3098 1150 3153 habuisse
1182 3097 1520 3167 perSpicuum
1549 3096 1672 3162 erit,
1707 3095 1798 3165 qui
1826 3109 1926 3149 nec
1958 3095 2058 3146 hu-

472 3191 616 3245 niani
644 3189 934 3260 quidquam
977 3187 1290 3252 docuerint,
1317 3201 1416 3241 nec
1445 3185 1686 3255 improbe
1713 3200 1777 3240 ac
1801 3185 2062 3255 flagitiose

473 3282 723 3345 vixerint,
748 3295 849 3336 nec
878 3280 1039 3335 ullam
1066 3279 1177 3334 vitii
1205 3292 1390 3334 ansam
1420 3277 1665 3348 cuiquam
1695 3277 2061 3348 porrexerint,

475 3392 539 3430 ac
570 3375 724 3431 nobis
750 3389 935 3429 rursus
982 3373 1115 3427 tales
1160 3370 1451 3441 discipulos
1498 3369 1684 3437 fuisse,
1717 3369 1807 3440 qui
1834 3382 1932 3423 nec
1963 3369 2062 3421 hu-

479 3468 620 3523 mani
652 3466 851 3537 aliquid
884 3465 1024 3536 passi
1055 3463 1269 3530 fuerint,
1295 3477 1396 3518 nec
1424 3460 1746 3527 vacillarint,
1777 3459 1872 3516 sed
1902 3457 2066 3514 alacri

478 3577 541 3616 ac
587 3569 833 3631 prompto
871 3559 1052 3614 animo
1097 3565 1288 3612 cuncta
1333 3554 1664 3627 exceperint,
1711 3569 1811 3610 nec
1853 3551 1956 3607 ulla
2001 3567 2067 3607 ex

482 3664 634 3726 parte
665 3654 924 3708 fallaciam
950 3651 1052 3708 sibi
1081 3651 1196 3706 fieri
1222 3650 1585 3722 permiserint.
1615 3648 1683 3704 Et
1712 3648 1828 3704 ha:c
1853 3646 2070 3718 quidem

485 3762 627 3801 nunc
657 3755 836 3800 mente
863 3744 1098 3814 prteditis
1124 3743 1401 3798 manifesta
1422 3751 1572 3808 sunt,
1597 3750 1706 3796 tum
1735 3751 1912 3796 autem
1934 3754 2067 3794 cun-

483 3841 583 3894 ctis
608 3846 784 3894 erunt.
811 3837 991 3908 Itaque
1015 3836 1224 3892 etiamsi
1247 3850 1388 3891 nunc
1407 3834 1713 3905 affligimur,
1739 3849 1844 3888 non
1869 3834 2073 3889 medio-

487 3933 592 3984 cris
625 3932 736 3985 hare
763 3943 974 4000 qucque
1001 3928 1155 4008 nobis
1175 3927 1470 3983 con-solatio
1491 3927 1728 3997 suppetit
1757 3945 1770 3980 :
1801 3941 1921 3996 qua:
1949 3925 2072 4008 qui-

486 4025 608 4079 dem
629 4040 770 4080 nunc
785 4040 813 4077 a
829 4005 1156 4078 conscientia
1171 4021 1545 4092 proﬁciscitur,
1557 4030 1667 4076 tum
1685 4031 1865 4076 autem
1878 4021 1945 4076 ab
1961 4005 2074 4092 ipsa

487 4115 932 4171 manifestatione.
958 4114 1110 4170 Nunc
1135 4115 1278 4170 enim
1306 4113 1632 4169 conscientia
1654 4113 1868 4183 quidem
1894 4122 2076 4169 nostra

488 4211 589 4264 hoc
618 4219 955 4281 perspectum
983 4207 1162 4274 habet,
1181 4222 1281 4263 nos
1312 4207 1405 4263 Dei
1435 4207 1603 4278 gratia
1629 4207 1809 4262 omnia
1840 4205 2075 4270 efﬁcere,

487 4299 938 4370 quemadmodum
966 4301 1065 4371 ipsi
1094 4313 1309 4370 quoque
1336 4299 1484 4355 scitis
1526 4313 1591 4355 ac
1631 4299 1852 4354 scietis:
1883 4307 1938 4352 at
1967 4305 2077 4352 tum

489 4411 678 4451 omnes
703 4394 863 4450 etiam
895 4393 1175 4461 mortales,
1204 4401 1311 4447 tam
1343 4402 1562 4459 nostra,
1593 4406 1755 4462 quam
1783 4401 1959 4446 vestra
1989 4404 2082 4444 co-

489 4495 781 4557 gnoscent,
816 4500 1020 4556 nosque
1049 4493 1236 4540 mutuo
1265 4483 1400 4539 alios
1425 4483 1494 4539 ab
1517 4481 1640 4538 aliis
1667 4481 1925 4538 celebrari
1955 4497 2080 4551 per-

489 4581 739 4650 Spieient.
770 4579 984 4635 Etenim
1011 4593 1083 4634 ne
1106 4578 1258 4634 solus
1286 4577 1401 4648 ipse
1428 4575 1769 4647 splendorem
1799 4591 1866 4630 ex
1890 4577 2084 4645 gloria-

490 4674 639 4729 tione
665 4671 921 4742 consequi
952 4669 1230 4732 videatur,
1259 4667 1390 4738 ipsis
1416 4680 1629 4737 quoque
1657 4666 1918 4737 gloriandi
1953 4682 2082 4721 cau-

493 4778 608 4819 sam
631 4761 854 4834 prtebet,
868 4770 1028 4832 atque
1046 4776 1076 4816 a
1095 4757 1454 4832 praesentibus
1475 4758 1736 4814 molestiis
1759 4773 1854 4814 eos
1875 4769 2082 4814 avocat.

493 4855 756 4926 Quodque
783 4853 836 4908 in
863 4851 1234 4910 consolatione
1262 4849 1498 4917 fecerat,
1526 4865 1647 4906 cum
1679 4849 1917 4917 diceret,
1952 4850 2085 4904 Pro-

496 4957 614 5018 pter
644 4963 739 5003 vos
767 4947 1136 5003 consolatione
1165 4945 1451 5013 efficimur,
1485 4945 1589 5000 hoc
1614 4946 1775 5002 etiam
1809 4946 1894 5000 hic
1921 4945 2045 5000 facit
2068 4985 2083 5008 ,

497 5058 620 5097 cuni
647 5041 740 5106 ait,
777 5041 998 5110 Propter
1026 5056 1120 5096 vos
1149 5041 1462 5111 gloriamur,
1495 5038 1946 5110 quemadmodum
1992 5055 2086 5092 vos

501 5148 715 5205 quoque
733 5142 950 5202 propter
968 5148 1066 5189 nos
1083 5151 1096 5186 :
1113 5133 1311 5203 ubique
1323 5131 1528 5187 scilicet
1541 5146 1636 5186 eos
1653 5146 1834 5186 rerum
1849 5133 2085 5186 omnium

497 5224 674 5280 socios
700 5223 979 5291 adhibens,
1011 5223 1416 5290 consolationis,
1441 5224 1770 5294 passionum,
1801 5239 1911 5278 suae
1936 5224 2090 5278 deui-

499 5335 605 5390 que
633 5318 850 5374 salutis:
870 5335 990 5373 nam
1019 5320 1156 5374 hanc
1177 5318 1402 5373 salutem
1426 5318 1681 5388 precibus
1701 5333 1916 5388 quoque
1938 5317 2086 5386 ipso-

499 5429 618 5468 rum
640 5413 874 5483 assignat
903 5429 916 5464 :
944 5411 1314 5482 Adjnvantibus
1333 5411 1497 5474 enim,
1523 5411 1716 5480 inquit,
1739 5410 1876 5462 vobis
1896 5410 1948 5461 in
1975 5425 2092 5462 ora-

500 5507 656 5573 tione,
681 5502 822 5558 Deus
843 5520 933 5557 nos
955 5503 1157 5572 eripuit.
1183 5502 1262 5556 Ad
1293 5503 1436 5558 hunc
1459 5503 1617 5573 igitur
1633 5501 1848 5556 modum
1872 5517 1933 5556 ea
1962 5517 2093 5570 quo-

501 5611 626 5667 que,
659 5595 728 5650 ob
757 5610 878 5666 qua:
904 5595 1180 5663 gloriatur,
1212 5596 1515 5650 communia
1538 5609 1659 5649 cum
1689 5594 1820 5663 ipsis
1851 5593 1992 5647 facit.
2022 5593 2093 5649 Ut

502 5690 647 5744 enim
675 5688 783 5743 illic
801 5687 897 5754 ait,
925 5687 1155 5743 Scientcs
1182 5688 1422 5758 quoniam
1445 5687 1573 5741 sicut
1598 5687 1721 5741 socii
1749 5687 1868 5741 estis
1898 5685 2092 5757 pmic-

505 5799 625 5838 num
648 5822 662 5846 ,
693 5783 766 5837 ita
793 5790 840 5836 et
867 5781 1226 5837 consolationis
1251 5796 1272 5834 :
1302 5781 1489 5836 eodem
1519 5779 1604 5834 hic
1639 5795 1853 5850 quoque
1898 5795 2056 5835 inooo
2074 5821 2090 5846 ,

509 5873 686 5929 Gloria
712 5882 875 5930 vestra
897 5889 1096 5944 sumus,
1123 5879 1180 5929 ut
1206 5881 1255 5924 et
1277 5886 1363 5928 vos
1388 5881 1577 5928 nostra.
1607 5872 1692 5928 15.
1723 5870 1787 5926 Et
1813 5875 1907 5927 hac
1929 5869 2090 5942 conﬁ-

1108 399 1164 459 S.
1207 398 1482 457 JOANNIS
1517 389 1985 452 CHRYSOSTOMI
2026 387 2341 446 ARCl-IIEP.
2385 388 2917 448 CONSTANTINOP.

3601 396 3706 456 408

2120 508 2291 560 tientia
2320 507 2542 561 volebam
2571 507 2712 576 prius
2738 509 2906 563 venire
2931 508 2998 561 ad
3025 524 3129 562 vos.
3157 507 3400 576 Quanam
3428 509 3714 565 conﬁden-

2123 599 2234 654 tia?
2254 599 2406 666 Quod
2426 601 2608 654 virtuti
2629 609 2821 656 vestra:
2839 601 3095 671 majorem
3120 602 3171 655 in
3191 602 3407 657 modum
3423 603 3717 671 conﬁdam,

2121 693 2263 765 quod
2297 703 2516 763 promer
2545 709 2640 748 vos
2667 694 2886 764 glorier,
2910 694 3052 765 quod
3078 694 3331 765 gloriatio
3362 704 3544 750 nostra
3574 696 3717 762 sitis,

2123 786 2268 858 quod
2312 801 2408 841 vos
2447 787 2602 842 unice
2631 801 2803 842 amem
2823 827 2838 853 ,
2865 786 3010 856 quod
3043 787 3243 842 nullius
3270 787 3397 842 mali
3427 787 3557 842 mihi
3584 803 3720 843 con-

2123 879 2266 934 scius
2297 879 2421 943 sim,
2452 878 2595 948 quod
2635 893 2739 933 non
2776 877 3012 932 dubitem
3054 879 3182 947 quin
3223 880 3404 935 omnia
3439 879 3581 950 apud
3622 895 3724 936 nos

2125 972 2421 1040 spiritualia
2453 971 2579 1034 sint,
2610 985 2672 1025 ac
2702 986 2797 1025 vos
2827 970 3016 1025 harum
3058 987 3239 1026 rerum
3277 980 3442 1027 testes
3468 972 3720 1027 habeam.

2141 1061 2378 1118 Volebam
2404 1063 2572 1117 venire
2601 1063 2670 1116 ad
2686 1079 2792 1128 vos,
2819 1064 2904 1117 16.
2935 1075 2982 1117 et
3009 1080 3096 1133 per
3117 1079 3202 1117 vos
3235 1066 3450 1118 transire
3469 1065 3522 1117 in
3551 1064 3726 1118 Mace-

2129 1156 2356 1209 doniam.
2385 1155 2543 1225 Atqui
2575 1156 2903 1210 contrarium
2927 1155 2976 1208 in
3001 1154 3179 1223 priore
3206 1154 3430 1224 epistola
3459 1153 3729 1225 pollicitus

2132 1248 2324 1314 fuerat,
2359 1248 2443 1302 his
2474 1248 2655 1303 verbis
2683 1257 2839 1302 utens
2873 1264 2887 1300 ε
2927 1246 3138 1300 Veniam
3169 1258 3336 1300 autent
3372 1248 3439 1300 ad
3477 1263 3586 1313 vos,
3609 1264 3729 1300 cum

2135 1340 2492 1395 Macedoniam
2516 1341 2766 1394 transiero
2792 1357 2810 1394 :
2841 1339 2897 1392 Μ
2903 1339 3198 1393 accdoniam
3225 1340 3359 1393 enim
3389 1340 3728 1410 pertransibo.

2132 1433 2232 1501 Qui
2263 1433 2321 1486 ﬁt
2349 1432 2548 1502 itaque,
2575 1441 2632 1486 ut
2661 1431 2747 1485 hic
2777 1432 3062 1500 pugnantia
3092 1430 3271 1486 dicat?
3297 1430 3412 1485 Non
3442 1432 3731 1501 pugnantia

2135 1526 2287 1591 dicit,
2331 1525 2470 1580 absit
2498 1544 2511 1580 :
2547 1524 2663 1579 hzec
2692 1526 2834 1579 enim
2860 1539 2982 1580 cum
3010 1525 3075 1580 iis
3103 1525 3319 1596 quidem
3346 1540 3467 1596 qua:
3497 1527 3735 1596 scripse-

2137 1629 2241 1687 rat,
2273 1620 2617 1690 pugnabant;
2645 1635 2766 1673 cum
2795 1619 2860 1673 iis
2889 1606 3088 1684 autem,
3123 1635 3242 1690 quae
3271 1619 3326 1675 in
3354 1619 3538 1673 animo
3567 1621 3735 1676 habe-

2139 1712 2262 1779 bat,
2292 1712 2510 1766 minime
2555 1712 2879 1782 pugnabant.
2924 1711 3046 1766 ldeo
3077 1727 3182 1765 non
3216 1711 3304 1766 hic
3332 1711 3499 1777 dixit,
3531 1711 3735 1782 Scripsi

2142 1819 2229 1859 me
2252 1819 2345 1873 per
2364 1819 2457 1857 vos
2476 1803 2528 1858 in
2547 1803 2913 1858 Macedoniam
2937 1803 3305 1871 transiturum,
3327 1803 3440 1869 sed,
3477 1803 3731 1858 Volebam.

2142 1894 2273 1949 Nam
2305 1895 2515 1950 etiamsi
2547 1910 2652 1950 non
2685 1896 2757 1950 ita
2787 1896 3132 1966 scripserim,
3168 1897 3368 1965 inquit,
3400 1906 3574 1952 tamen
3615 1907 3733 1952 stu-

2143 1986 2337 2042 debam
2361 2002 2424 2042 ac
2451 1988 2732 2057 cupiebam
2775 1989 2921 2059 prius
2961 2005 3174 2060 quoque
3203 1989 3270 2044 ad
3301 2004 3397 2045 vos
3429 1991 3689 2060 proﬁcisci
3714 2007 3735 2057 ;

2147 2085 2458 2149 tantumque
2485 2078 2657 2142 abest,
2687 2088 2748 2134 ut
2775 2079 2950 2134 serius
2977 2095 3138 2149 quam
3171 2082 3520 2149 promiseram
3545 2081 3612 2136 ad
3642 2097 3742 2137 vos

2149 2187 2233 2225 me
2259 2172 2577 2238 conferrem,
2604 2180 2663 2227 ut
2687 2171 2856 2241 ipsam
2877 2187 3096 2243 quoque
3123 2173 3564 2244 pollicitationem
3592 2183 3736 2230 ante-

2149 2275 2359 2320 vertere
2379 2280 2652 2335 cuperem.
2683 2262 2752 2320 Ut
2771 2266 3048 2320 secundam
3067 2267 3286 2337 gratiam
3310 2267 3580 2323 haberetis.
3605 2269 3745 2335 Quid

2149 2370 2254 2427 est,
2286 2359 2579 2415 Secundam
2599 2359 2626 2412 .9
2658 2358 2933 2430 Duplicem
2967 2377 2980 2414 :
3013 2359 3240 2414 alteram
3271 2375 3461 2430 nempe
3493 2376 3589 2431 per
3619 2361 3746 2416 lite-

2152 2472 2258 2521 ras,
2289 2457 2513 2510 alteram
2541 2470 2638 2524 per
2669 2452 3030 2524 praesentiam.
3061 2453 3164 2509 Per
3198 2454 3421 2523 gratiam
3454 2470 3617 2526 porro
3645 2457 3747 2511 hoc

2154 2551 2272 2605 loco
2299 2548 2539 2603 laetitiam
2566 2547 2834 2617 intelligit.
2871 2544 2936 2600 Et
2965 2562 3055 2613 per
3075 2562 3161 2600 vos
3181 2545 3394 2600 transire
3418 2548 3472 2600 in
3503 2546 3746 2601 Macedo-

2156 2640 2315 2703 niam,
2345 2649 2389 2693 et
2416 2654 2593 2692 rursus
2623 2654 2654 2690 a
2686 2636 2989 2691 Macedonia
3019 2636 3236 2690 transire
3263 2637 3331 2690 ad
3357 2654 3460 2704 vos,
3485 2648 3529 2690 et
3554 2655 3585 2690 a
3612 2639 3752 2691 vobis

2156 2731 2340 2787 deduci
2363 2733 2415 2786 in
2441 2730 2701 2786 Judwam.
2745 2731 2833 2786 17.
2863 2729 2988 2785 Cum
3012 2745 3132 2802 ergo
3160 2731 3254 2784 hoc
3277 2729 3477 2796 vellem,
3507 2731 3754 2800 numquid

2158 2824 2361 2878 levitate
2385 2839 2508 2877 usus
2534 2838 2646 2877 sum
2668 2823 2694 2877 .9

2230 2915 2282 2970 '5.
2315 2915 2409 2970 ilic
2433 2914 2542 2984 jam
2574 2923 2717 2969 recta
2747 2922 2800 2969 et
2825 2923 3011 2984 aperte
3061 2914 3417 2970 cunctationis
3474 2915 3752 2970 absentia:-

2160 3022 2264 3077 que
2290 3009 2492 3062 crimen
2519 3021 2548 3060 a
2578 3022 2636 3062 se
2664 3008 2962 3077 propulsat.
2988 3006 3138 3073 Quod
3167 3007 3310 3062 enim
3340 3008 3435 3074 ait,
3465 3008 3601 3063 hanc
3625 3024 3752 3063 scu-

2165 3099 2383 3153 tentiam
2433 3098 2639 3153 habet:
2674 3097 2926 3152 Volebam
2979 3098 3163 3153 venire
3201 3098 3268 3152 ad
3315 3113 3411 3153 vos
3441 3117 3456 3154 :
3486 3115 3582 3154 cur
3625 3116 3754 3172 ergo

2165 3205 2269 3243 non
2292 3190 2454 3244 veni?
2473 3206 2538 3243 an
2561 3189 2703 3259 quod
2730 3190 2940 3245 levitate
2962 3200 3016 3244 et
3037 3190 3393 3245 inconstantia
3418 3189 3714 3246 laborarent
3731 3192 3756 3244 ?

2167 3284 2266 3338 hoc
2295 3283 2438 3338 enim
2465 3281 2720 3352 signiﬁcat
2751 3281 2912 3346 istud,
2943 3281 3210 3354 Numquid
3236 3284 3433 3338 levitate
3458 3302 3579 3340 usus
3603 3271 3756 3339 sum?

2165 3375 2402 3430 Minime.
2435 3373 2574 3441 Quid
2601 3375 2760 3445 igitur
2785 3389 2958 3429 causa:
2985 3375 3110 3429 est?
3155 3375 3406 3443 Quoniam
3434 3393 3546 3445 quae
3567 3378 3756 3447 cogito,

2168 3485 2272 3522 non
2299 3467 2576 3522 secundum
2602 3482 2804 3519 carnem
2829 3468 3014 3536 cogito.
3046 3466 3182 3536 Quid
3209 3477 3310 3532 est,
3336 3465 3458 3521 Non
3478 3469 3754 3521 secundum

2168 3577 2372 3615 carnem
2392 3559 2596 3631 cogito?
2624 3557 2740 3613 Non
2770 3559 2972 3614 carnali
3004 3559 3182 3614 modo.
3213 3558 3278 3614 Ut
3298 3560 3362 3614 sit
3381 3559 3518 3630 apud
3537 3575 3636 3626 me,
3662 3558 3757 3615 Est

2170 3669 2263 3722 est,
2285 3655 2426 3721 Non,
2442 3673 2563 3709 non.
2581 3655 2711 3710 Atid
2729 3671 2941 3726 quoque
2953 3654 3240 3710 obscurum
3261 3654 3640 3723 est.Quidnam
3662 3657 3762 3726 igi-

2173 3760 2260 3806 tur
2287 3751 2370 3806 liis
2395 3750 2573 3806 verbis
2602 3749 2703 3804 sibi
2733 3750 2884 3804 vult?
2913 3749 3154 3805 Carnalis
3182 3750 3363 3816 homo,
3396 3750 3500 3805 hoc
3536 3761 3640 3815 est,
3672 3752 3763 3822 qui

2173 3845 2526 3917 praesentibus
2555 3845 2719 3900 rebus
2743 3845 2936 3899 afﬁxus
2961 3853 3044 3899 est
3068 3859 3130 3900 ac
3161 3852 3421 3915 perpetuo
3452 3844 3506 3900 in
3543 3845 3609 3900 iis
3637 3862 3764 3900 ver-

2175 3948 2340 4002 satur,
2369 3945 2425 3992 et
2453 3951 2483 3991 a
2511 3936 2741 4008 Spiritus
2767 3937 3084 4006 operatione
3126 3936 3334 3992 alienus
3356 3945 3459 4004 est,
3497 3938 3763 4008 quaslibet

2176 4029 2232 4084 in
2261 4043 2386 4084 oras
2410 4028 2672 4100 proﬁcisci
2699 4039 2755 4084 et
2778 4029 2958 4101 vagari
3001 4044 3096 4100 pro
3133 4029 3301 4085 lubito
3332 4040 3524 4101 potest.
3550 4034 3619 4085 At
3640 4031 3766 4102 Spi-

2179 4122 2312 4176 ritus
2352 4121 2618 4188 minister,
2649 4121 2845 4191 quique
2889 4121 2958 4176 ab
3000 4135 3065 4176 eo
3091 4121 3305 4176 afﬁatur
3327 4136 3390 4177 ac
3415 4123 3765 4178 circumduci-

2180 4223 2296 4280 tur,
2339 4230 2442 4268 uon
2489 4223 2664 4283 potest
2706 4214 2903 4284 ubique
2937 4229 3034 4284 pro
3077 4213 3300 4270 arbitrio
3324 4231 3423 4271 suo
3459 4231 3517 4270 se
3543 4231 3766 4286 gerere,

2181 4307 2376 4376 quippe
2403 4320 2561 4376 quem
2589 4305 2821 4374 Spiritus
2850 4306 3152 4373 auctoritati
3186 4307 3256 4360 ita
3290 4306 3553 4362 addixerit
3573 4350 3586 4371 ,
3616 4318 3673 4362 ut
3703 4324 3770 4364 ex

2182 4399 2348 4468 ipsius
2377 4409 2506 4451 nutu
2539 4397 2770 4468 pendeat
2798 4419 2810 4453 :
2839 4413 3021 4451 verum
3047 4397 3269 4467 perinde
3296 4399 3372 4452 illi
3397 4400 3608 4463 accidit,
3640 4409 3697 4454 ut
3727 4403 3770 4458 si

2184 4491 2380 4560 probus
2396 4490 2658 4560 quispiam
2679 4504 2885 4556 servus,
2907 4489 2995 4559 qui
3014 4489 3085 4544 ob
3101 4489 3288 4544 herilia
3308 4491 3527 4560 imperia
3543 4509 3774 4563 quoquo.

2184 4598 2396 4636 versum
2419 4581 2756 4650 distrahitur,
2786 4598 2884 4638 nec
2914 4583 2993 4636 sui
3018 4583 3154 4652 juris
3177 4593 3336 4653 atque
3355 4584 3562 4639 arbitrii
3581 4594 3683 4651 est,
3714 4603 3777 4641 ac

2186 4689 2254 4728 ne
2286 4674 2547 4727 tantillum
2571 4674 2784 4743 quidem
2806 4673 3102 4742 respirandi
3125 4673 3426 4730 facultatem
3449 4675 3628 4743 habet,
3650 4693 3773 4731 con-

2187 4769 2357 4822 servis
2387 4767 2500 4822 suis
2526 4766 2702 4836 aliqua
2734 4767 3048 4834 promittat,
3073 4782 3134 4820 ac
3155 4766 3380 4833 deinde,
3413 4769 3534 4838 quit
3557 4767 3784 4823 domino

2187 4861 2340 4914 aliter
2373 4861 2610 4929 placeat,
2646 4861 2864 4914 minime
2892 4870 3110 4930 praestet
3135 4878 3253 4931 qua:
3285 4863 3624 4931 promiserat.
3668 4862 3785 4918 lloc

2191 4955 2349 5022 igitur
2388 4955 2493 5018 ait,
2534 4953 2652 5008 Non
2693 4953 2987 5008 secundum
3029 4969 3246 5009 carnem
3285 4955 3561 5022 consulto,
3609 4973 3784 5024 neque

2190 5062 2218 5099 a
2262 5046 2494 5116 Spiritus
2527 5045 2915 5115 gubernatione
2958 5045 3094 5100 liber
3135 5058 3294 5117 atque
3330 5047 3584 5103 immunis
3623 5064 3778 5117 sum,

2191 5153 2292 5192 lltC
2331 5138 2495 5203 mihi,
2538 5152 2646 5207 quo
2690 5137 2890 5202 libeat,
2927 5137 3192 5206 proﬁcisci
3238 5139 3381 5194 licet.
3432 5139 3566 5195 Nam
3619 5141 3780 5194 Para-

2191 5231 2314 5283 cleti
2346 5229 2572 5298 imperio
2596 5238 2650 5283 et
2677 5229 2867 5284 edictis
2888 5228 3143 5297 subjicior
3160 5271 3174 5295 ,
3206 5239 3365 5299 atque
3391 5229 3459 5284 ad
3489 5231 3654 5301 ipsius
3681 5232 3782 5284 Pal-

2192 5321 2370 5375 culum
2399 5335 2528 5390 agor
2551 5336 2614 5377 ac
2638 5320 2993 5390 circumagor.
3017 5320 3152 5375 Hinc
3183 5319 3377 5375 factum
3407 5331 3492 5377 est
3522 5331 3575 5376 ut
3601 5322 3786 5377 venire

2192 5413 2528 5484 nequiverim
2575 5428 2730 5467 :non
2788 5412 2930 5468 enim
2985 5412 3206 5482 Spiritui
3265 5414 3480 5482 placuit.
3535 5411 3590 5466 id
3642 5412 3783 5483 quod

2193 5505 2354 5560 etiam
2383 5504 2436 5558 in
2460 5503 2686 5558 Actuum
2719 5503 2858 5557 libro
2887 5502 3154 5573 plerisque
3184 5504 3315 5559 locis
3357 5504 3456 5574 ipsi
3495 5518 3590 5557 usu
3639 5503 3785 5557 venit

2196 5595 2343 5668 (Act.
2403 5594 2550 5665 16):
2600 5595 2707 5649 alio
2755 5594 2898 5648 enim
2949 5609 3008 5649 se
3055 5595 3305 5651 conferre
3365 5595 3788 5650 constituentem

2196 5687 2428 5756 Spiritus
2453 5685 2558 5740 alio
2582 5685 2846 5755 proficisci
2871 5685 3110 5755 jubebat.
3136 5687 3494 5755 Quamobrem
3518 5703 3626 5742 non
3646 5701 3782 5741 meae

2198 5780 2428 5836 ievitatis
2457 5789 2511 5833 et
2549 5778 2921 5833 inconstantia:
2949 5788 3054 5845 est,
3083 5779 3275 5849 inquit,
3305 5780 3448 5849 quod
3481 5795 3587 5833 non
3619 5792 3780 5832 vene-

2198 5875 2336 5942 rim,
2366 5867 2462 5929 sed
2503 5870 2647 5943 quod
2687 5869 2947 5942 Spiritui,
2988 5871 3072 5928 cui
3103 5871 3374 5942 subjectus
3421 5885 3571 5941 sum,
3601 5884 3788 5943 parcn-
