4068 6458
301 346 403 402 407

299 462 395 532 τὴν
427 462 508 523 εἰς
537 462 699 516 αὐτὸν
735 461 945 518 ἐλπίδα.
989 463 1111 518 Ὅτι
1145 465 1426 532 καύχημα
1459 463 1628 533 ὑμῶν
1668 465 1876 533 ἐσμεν,

297 551 566 620 καθάπερ
607 553 704 606 καὶ
741 555 910 624 ὑμεῖς
940 555 1132 625 ήμῶν,
1175 557 1245 609 ἐν
1282 555 1356 624 τῇ
1403 555 1596 625 ἡμέρᾳ
1628 554 1737 609 τοῦ
1765 559 1882 610 Κυ-

289 645 427 710 ρίου
456 645 627 714 ἡμῶν
685 647 889 714 Ἰησοῦ
920 645 1200 714 Χριστοῦ.
1249 647 1516 700 Ἐνταῦθα
1547 646 1639 700 τὸν
1680 647 1744 700 ἐκ
1770 647 1882 698 τῶν

297 738 600 808 εἰρημένων
633 738 999 808 ὑποτέμνεται
1031 739 1244 806 φθόνον,
1275 740 1540 810 μεριστάς
1567 740 1765 802 αὐτοὺς
1787 740 1880 790 καὶ

296 831 587 893 κοινωνοὺς
621 831 855 901 ποιήσας
883 831 985 902 τῆς
1011 832 1168 903 δόξης
1196 832 1306 886 τῶν
1326 831 1490 886 αὑτοῦ
1519 830 1880 902 κατορθωμά-

295 938 424 979 των.
458 922 532 976 Οὐ
581 921 690 992 γάρ
739 923 933 996 μέχρις
975 924 1133 994 ήμῶν
1177 924 1430 994 ἕστηκεν,
1479 923 1616 978 ἀλλά
1659 923 1753 976 καὶ
1800 924 1882 985 είς

297 1017 439 1086 ὑμᾶς
468 1015 751 1080 διαϐαίνει,
779 1018 875 1070 καὶ
899 1018 1060 1072 πάλιν
1093 1017 1186 1087 ἀφ’
1216 1017 1369 1088 ὑμῶν
1394 1019 1474 1080 είς
1499 1017 1665 1087 ἡμᾶς.
1701 1016 1883 1070 Ἐπει-

295 1107 358 1178 δὴ
391 1107 499 1178 γὰρ
543 1107 748 1179 ἐπῆρεν
785 1109 1001 1172 ἐαυτὸν,
1042 1110 1139 1162 καὶ
1185 1109 1294 1162 τῶν
1327 1108 1705 1180 παρελθόντων
1735 1123 1879 1177 παρ-

297 1201 453 1271 έσχεν
475 1201 770 1268 ἀπόδειξιν,
803 1201 987 1255 καὶτὰ
1018 1201 1283 1270 μέλλοντα
1310 1201 1678 1270 ἐνεγγυήσατο
1697 1218 1712 1232 ·
1740 1199 1880 1252 ὥστε

299 1295 377 1364 μὴ
417 1285 723 1365 ἐπισκῆψαι
771 1299 896 1360 τοὺς
933 1297 1228 1360 ἀκούοντας
1264 1298 1341 1361 ὡς
1388 1295 1878 1368 μεγαληγοροῦντι,

298 1383 434 1454 μηδὲ
469 1386 550 1448 είς
581 1385 900 1454 βασκανίαν,
931 1389 1068 1458 ὅπερ
1098 1387 1257 1457 ἐφην,
1305 1386 1672 1456 ἐξενεχθῆναι,
1713 1386 1884 1437 κοινοῖ

292 1472 353 1525 τὸ
374 1473 658 1545 καύχημα,
709 1475 804 1529 καὶ
857 1476 1036 1530 αὐτῶν
1084 1474 1222 1529 εἶναι
1252 1492 1386 1546 φησι
1427 1475 1521 1529 τὸν
1558 1475 1668 1528 τῶν
1702 1475 1879 1542 ἐγκω-

297 1565 438 1633 μίων
470 1565 735 1635 στέφανον
775 1567 986 1622 τοῦτον.
1036 1568 1135 1621 Ἂν
1163 1567 1274 1638 γὰρ
1319 1566 1555 1621 τοιοῦτοι
1596 1565 1877 1635 φανῶμεν,

295 1651 481 1721 φησὶν,
509 1654 537 1705 ό
575 1653 795 1720 ἔπαινος
827 1656 984 1727 ήμῶν
1009 1655 1164 1727 ὑμῶν
1191 1660 1224 1727 ή
1253 1656 1411 1721 δόξω
1443 1656 1634 1727 ὥσπερ
1665 1651 1759 1710 οὖν
1786 1653 1880 1708 καὶ

294 1741 450 1813 ὑμῶν
481 1743 914 1816 εὐδοκιμούντων
949 1749 1111 1816 ἡμεῖς
1139 1746 1492 1817 ἀγαλλόμεθα
1517 1747 1612 1800 καὶ
1642 1745 1880 1814 σκιρτῶ-

296 1850 399 1902 μεν
424 1833 519 1887 καὶ
552 1836 983 1908 στεφανούμεθα.
1014 1839 1184 1892 Πάλιν
1218 1837 1500 1893 κάνταῦθα
1527 1838 1663 1892 πολύ
1691 1838 1754 1891 τὸ
1777 1838 1881 1908 τῆς

291 1928 800 2000 ταπεινοφροσύνης
830 1929 996 1983 αὐτοῦ
1021 1931 1089 1984 δι’
1112 1924 1188 1984 ὧν
1221 1931 1445 2002 εἴρηκεν
1479 1931 1876 1984 ἐπιδείκνυται.
1901 1971 1907 1979 .

292 2016 374 2068 Οὐ
401 2017 511 2089 γάρ
540 2018 616 2082 ὡς
661 2019 981 2085 διδάσκαλος
1027 2023 1318 2094 μαθηταῖς,
1361 2025 1476 2078 ἀλλ’
1512 2023 1588 2087 ὡς
1631 2022 1880 2094 μαθητὴς

297 2109 568 2180 μαθηταῖς
596 2112 880 2184 ὁμοτίμοις
904 2114 1306 2186 διαλεγόμενος,
1329 2115 1502 2180 οὑτως
1523 2115 1762 2182 ἐξισάζει
1791 2114 1882 2168 τὸν

293 2199 474 2269 λόγον.
507 2204 616 2256 Καὶ
643 2203 742 2258 θέα
777 2203 895 2270 πῶς
922 2207 1119 2271 αὐτοὺς
1150 2206 1386 2280 ὑψηλοὺς
1413 2211 1580 2274 ποιεῖ,
1611 2208 1706 2261 καὶ
1732 2206 1882 2276 φιλο-

295 2291 494 2361 σοφίας
542 2292 762 2365 πληροῖ,
793 2295 1186 2367 παραπέμπων
1215 2298 1400 2371 ἐκείνῃ
1435 2300 1503 2370 τῇ
1553 2297 1753 2369 ἡμέρᾳ.
1787 2296 1880 2367 Μὴ

294 2383 406 2452 γάρ
432 2400 522 2452 μοι
547 2385 616 2439 τὰ
643 2386 890 2457 παρόντα
917 2386 1132 2459 εἴπητε,
1156 2389 1312 2460 φησὶ,
1343 2390 1613 2455 τουτέστι,
1645 2391 1715 2444 τὰ
1741 2389 1883 2442 όνεί-

296 2475 386 2545 δη,
415 2477 515 2540 τάς
539 2476 827 2550 λοιδορίας,
858 2479 928 2533 τά
961 2479 1276 2552 σκώμματα
1307 2482 1376 2536 τά
1405 2483 1558 2554 παρὰ
1603 2483 1712 2536 τῶν
1751 2481 1883 2535 πολ-

300 2567 442 2622 λῶν·
467 2568 623 2623 οὐδὲν
654 2569 762 2640 γὰρ
803 2570 946 2642 μέγα
991 2571 1063 2625 τά
1100 2571 1353 2640 ἐνταῦθα,
1399 2572 1524 2628 οὐτε
1566 2573 1636 2627 τὰ
1670 2572 1885 2644 χρηστά

299 2659 422 2714 οὔτε
450 2661 518 2716 τὰ
538 2660 779 2734 λυπηρὰ,
811 2665 872 2718 οὐ
895 2663 966 2718 τὰ
989 2665 1323 2737 σκώμματα,
1353 2666 1414 2719 οὑ
1441 2666 1510 2720 τὰ
1531 2664 1783 2736 ἐγκώμια
1811 2664 1881 2716 τά

300 2750 452 2822 παρά
496 2751 605 2805 τῶν
649 2753 986 2824 ἀνθρώπωνο
1035 2754 1152 2808 ἀλλ’
1199 2755 1587 2828 ἀναμνήσθητέ
1649 2772 1739 2825 μοι
1781 2756 1881 2824 τῆς

299 2843 516 2915 ἡμέρας
561 2846 774 2917 ἐκείνης
823 2846 925 2916 τῆς
959 2846 1196 2918 φοϐερᾶς
1232 2849 1325 2900 καὶ
1377 2847 1701 2919 φρικώδους,
1741 2848 1800 2899 ἐν

300 2937 476 2991 πάντα
535 2937 1068 3010 ἀνακεκαλυμμένα.
1122 2940 1254 2993 Τότε
1303 2941 1414 3011 γάρ
1457 2941 1551 2994 καὶ
1602 2942 1765 3011 ἡμεῖς
1822 2941 1882 2991 ἐν

301 3026 430 3098 ὑμῖν
465 3027 561 3080 καὶ
595 3029 754 3098 ὑμεῖς
785 3030 844 3083 ἐν
873 3031 1006 3100 ἡμῖν
1034 3030 1570 3103 καλλωπισθήσεσθε,
1619 3032 1748 3084 ὅταν
1789 3030 1881 3083 καὶ⁹

301 3119 459 3189 ὑμεῖς
487 3118 750 3191 φαίνησθε
793 3123 1070 3188 τοιούτους
1112 3124 1327 3195 ἔχοντες
1357 3125 1735 3191 διδασκάλους,
1776 3141 1882 3195 μη-

298 3209 388 3263 δὲν
415 3210 757 3282 ἀνθρώπινον
785 3211 1162 3277 διδάσκοντας,
1208 3214 1345 3285 μηδέ
1382 3215 1617 3286 πονηρίᾳ
1657 3217 1882 3284 συνεζη-

299 3299 485 3365 κότας,
530 3301 666 3372 μηδὲ
691 3300 862 3374 λαϐήν
890 3320 1017 3358 τινα
1046 3303 1368 3368 δεδωκότας,
1400 3305 1496 3359 καὶ
1521 3308 1681 3377 ἡμεῖς
1711 3305 1886 3358 τοιού-

299 3405 426 3456 τους
453 3392 668 3462 ἔχοντες
693 3392 962 3465 μαθητὰς,
989 3395 1156 3466 μηδὲν
1179 3395 1522 3468 ἀνθρώπινον
1553 3400 1880 3468 πάσχοντας,

302 3489 440 3561 μηδέ
490 3490 905 3562 σαλευομένους,
959 3492 1095 3546 ἀλλά
1151 3494 1290 3564 μετὰ
1349 3495 1658 3567 προθυμίας
1707 3497 1884 3550 πάντα

304 3583 763 3654 ὑποδεχομένους,
813 3585 908 3638 καὶ
967 3584 1281 3655 μηδαμόθεν
1323 3587 1879 3659 παραλογιζομένους.

302 3675 415 3730 Καὶ
447 3675 543 3729 νῦν
574 3675 674 3746 μὲν
702 3675 809 3748 γὰρ
843 3675 1018 3730 ταῦτα
1045 3677 1182 3746 δῆλα
1208 3680 1320 3742 τοίς
1345 3679 1470 3732 νοῦν
1496 3678 1683 3748 έχουσι
1715 3695 1728 3709 °
1761 3681 1884 3734 τότε

303 3767 361 3820 δὲ
394 3765 578 3820 πᾶσιν.
614 3768 778 3820 Ὥστε
819 3770 868 3820 εί
909 3770 1005 3822 καὶ
1031 3768 1326 3840 θλιϐόμεθα
1371 3770 1520 3842 [444]
1553 3769 1668 3834 νῦν,
1703 3773 1764 3825 οὐ
1799 3790 1887 3841 μι-

306 3859 448 3928 κρὰν
488 3861 582 3912 καὶ
611 3859 816 3928 ταύτην
855 3857 1054 3930 ἔχομεν
1085 3861 1439 3931 παραμυθίαν
1460 3879 1472 3892 ·
1501 3861 1595 3916 νῦν
1642 3862 1743 3932 μὲν
1787 3863 1885 3931 τὴν

304 3950 415 4004 ἀπὸ
439 3951 532 4005 τοῦ
567 3951 888 4020 συνειδότος,
926 3952 1048 4004 τότε
1083 3951 1140 4005 δέ
1170 3953 1264 4006 καὶ
1287 3953 1385 4025 τὴν
1413 3955 1523 4008 ἀπὸ
1551 3955 1652 4026 τῆς
1675 3955 1884 4026 ἐκλάμο

302 4040 450 4108 ψεως
483 4041 673 4111 αὐτῆς.
705 4040 820 4095 Νῦν
861 4043 958 4112 μέν
993 4041 1102 4112 γὰρ
1145 4043 1207 4096 τὺ
1243 4043 1481 4108 συνειδὸς
1518 4045 1675 4116 ήμῶν
1722 4042 1884 4113 οἶδεν,

305 4132 388 4185 ὅτι
416 4132 602 4203 χάριτι
636 4133 772 4186 Θεοῦ
804 4135 981 4188 πάντα
1013 4135 1297 4207 ποιοῦμεν,
1348 4137 1424 4200 ὡς
1457 4138 1553 4191 καὶ
1584 4139 1742 4209 ὑμεῖς
1771 4139 1886 4192 ἴστε

307 4223 404 4278 καὶ
426 4224 640 4278 είσεσθε
663 4242 677 4256 ο
713 4226 837 4279 τότε
876 4225 933 4279 δέ
964 4227 1058 4280 καὶ
1086 4230 1286 4290 πάντες
1314 4229 1647 4299 μαθήσονται
1678 4230 1888 4302 ἄνθρω-

306 4331 400 4369 tuo;
429 4317 524 4372 καὶ
547 4322 617 4370 τά
642 4317 888 4390 ἡμέτερα
922 4321 1016 4373 καὶ
1037 4323 1105 4374 τά
1129 4320 1303 4390 ὑμῶν,
1337 4322 1431 4373 καί
1463 4321 1681 4392 ὄψονται
1702 4323 1768 4376 δι’
1789 4324 1886 4377 ἀλ-

310 4409 484 4482 λήλων
516 4413 662 4482 ἡμᾶς
693 4412 1108 4484 δοξαζομένους.
1155 4415 1274 4468 Ἵνα
1307 4415 1416 4486 γὰρ
1452 4418 1526 4487 μὴ
1566 4417 1694 4488 δόξῃ
1729 4418 1887 4488 μόνος

311 4503 471 4566 αὐτὸς
500 4499 639 4556 εἶναι
660 4504 908 4574 λαμπρὸς
936 4503 1045 4557 ἀπὸ
1073 4508 1173 4575 τῆς
1199 4507 1543 4575 καυχήσεως,
1581 4509 1674 4560 καὶ
1703 4509 1889 4572 αὐτοῖς

303 4595 520 4650 δίδωσιν
565 4596 743 4650 αἰτίαν
798 4595 892 4649 τοῦ
947 4597 1315 4665 καυχήματος,
1367 4598 1460 4650 καὶ
1514 4599 1718 4668 ἀπάγει
1779 4601 1888 4654 τῶν

310 4682 591 4753 παρόντων
624 4683 904 4753 λυπηρῶν.
934 4684 1046 4738 Καὶ
1064 4684 1200 4754 ὅπερ
1229 4685 1324 4737 ἐπὶ
1359 4685 1458 4755 τῆς
1481 4688 1886 4758 παρακλήσεως

233 4805 242 4816 ι
305 4773 564 4845 ἐποίησεν
583 4773 957 4839 εἰπὼν,ὅτιΔι’
989 4773 1132 4845 ὑμᾶς
1167 4792 1412 4844 παρακα,
1446 4775 1706 4846 λούμεθα,
1728 4779 1887 4832 τοῦτο

309 4867 403 4920 καὶ
429 4866 668 4922 ἐνταῦθα
704 4870 868 4934 ποιεῖ,
905 4868 981 4919 Δι’
1015 4866 1159 4938 ὑμᾶς
1187 4866 1520 4938 καυχώμεθα
1548 4867 1742 4938 λέγων,
1774 4869 1885 4924 ῶσ-

304 4976 416 5032 περ
449 4961 544 5014 καὶ
566 4959 722 5030 ὑμεῖς
749 4960 816 5014 δι’
847 4962 1016 5032 ήμᾶς,
1055 4959 1333 5031 πανταχοῦ
1373 4963 1660 5025 κοινωνοὺς
1688 4963 1887 5026 αὐτοὺς

307 5051 480 5106 ποιῶν
507 5053 784 5117 ἁπάντων,
811 5053 909 5122 τῆς
931 5051 1350 5122 παρακλήσεως,
1386 5051 1497 5105 τῶν
1525 5052 1884 5124 παθημάτων,

305 5143 410 5212 τῆς
453 5144 728 5215 σωτηρίας
770 5144 870 5214 τῆς
920 5143 1084 5198 αὑτοῦ
1120 5159 1133 5174 ο
1191 5144 1285 5197 καὶ
1327 5143 1437 5214 γάρ
1473 5143 1572 5214 τήν
1612 5146 1886 5216 σωτηρίαν

309 5235 515 5304 ταύτην
557 5238 676 5298 ταῖς
717 5235 902 5306 εὐχαῖς
954 5234 1134 5288 αὐτῶν
1184 5233 1495 5302 λογίζεται·
1535 5238 1885 5304 Συνυπουρ-

310 5329 580 5398 γούντων
609 5328 719 5399 γὰρ
763 5328 925 5397 ὑμῶν
977 5326 1053 5396 τῇ
1103 5325 1327 5393 δεήσει,
1361 5327 1545 5398 φησὶν,
1590 5328 1886 5397 ἐρρύσατο

311 5418 470 5488 ἡμᾶς
498 5423 531 5474 ό
560 5418 722 5484 Θεός.
759 5419 914 5472 Οὕτω
935 5418 1001 5490 δὴ
1039 5419 1133 5471 καὶ
1161 5417 1231 5470 τὰ
1267 5420 1597 5489 καυχήματα
1623 5419 1774 5474 κοινά
1804 5421 1886 5472 τί·

311 5509 489 5580 θησιν.
520 5511 730 5580 Ὠσπερ
771 5509 881 5580 γὰρ
919 5512 1036 5563 ἐκεῖ
1068 5525 1252 5580 φησιν·
1290 5509 1530 5578 Είδότες
1560 5510 1649 5564 ὅτι
1681 5511 1884 5581 ὥσπερ

311 5600 590 5654 κοινωνοί
613 5601 754 5654 ἐστε
774 5598 892 5653 τῶν
913 5600 1293 5670 παθημάτων,
1325 5602 1477 5656 οὕτω
1514 5603 1612 5656 καί
1642 5603 1752 5672 τῆς
1777 5621 1886 5658 πα-

305 5691 670 5761 ρακλήσεως
704 5708 717 5721 ·
759 5690 900 5745 οὑτω
942 5693 1034 5745 καὶ
1083 5692 1350 5759 ἐνταῦθα,
1390 5695 1679 5763 Καύχημα
1721 5697 1886 5765 ὑμῶν

314 5781 522 5852 ἐσμεν,
571 5783 834 5854 καθάπερ
873 5782 970 5838 καὶ
1003 5784 1171 5852 ὑμεῖς
1205 5785 1393 5854 ἡμῶν.
1435 5787 1544 5841 Καὶ
1596 5788 1780 5857 ταύτῃ
1810 5788 1886 5859 τῇ

1355 349 1422 404 IN
1465 345 1689 404 EPIST.
1733 348 1772 402 ll
1799 347 1890 401 AD
1931 349 2087 407 (ΞΟΠ.
2131 348 2367 405 ιιοιηι.
2395 347 2480 404 Ill.

3473 345 3578 400 408

1993 465 2341 531 πεποιθήσει
2383 463 2724 530 ἐϐουλόμην
2759 462 3049 530 πρότερον
3103 459 3252 527 πρὸς
3289 455 3444 526 ὑμᾶς
3473 456 3576 509 ἐλο

1989 555 2134 611 θεῖν.
2172 557 2308 628 Ποία
2339 556 2693 623 πεποιθήσει;
2720 554 2812 625 Τῷ
2835 553 3041 624 σφόδρα
3067 550 3294 623 θαρρεῖν
3321 551 3470 618 ὑμῖν,
3499 547 3580 616 τῷ

1987 651 2304 721 καυχᾶσθαι
2345 652 2431 720 ἐφ’
2461 651 2612 720 ὑμῖν,
2660 647 2739 719 τῷ
2788 645 3050 716 καύχημα
3096 643 3255 714 ὑμῶν
3296 639 3459 703 εἶναι,
3499 640 3580 710 τῷ

1989 741 2192 812 σφόδρα
2232 743 2378 812 ὑμᾶς
2427 741 2668 810 ἀγαπᾷν,
2715 739 2794 810 τῷ
2844 739 3008 809 μηδὲν
3052 734 3230 806 ἐαυτῷ
3279 733 3578 788 συνειδέναι

1988 834 2259 904 πονηρὸν,
2329 833 2405 904 τῷ
2461 832 2779 885 πεποιθέναι
2846 831 2929 883 ὅτι
2993 827 3173 882 πάντα
3231 825 3578 897 πνευματικά

1986 925 2118 996 παρ’
2147 926 2298 996 ἡμῖν,
2335 925 2430 977 καὶ
2463 924 2608 995 ὑμᾶς
2631 922 2840 974 τούτων
2869 920 3154 990 μάρτυρας
3176 917 3340 987 ἔχειν.
3378 915 3577 968 Ἐϐου-

1985 1019 2184 1086 λόμην
2219 1015 2422 1069 ἐλθεῖν
2453 1013 2602 1083 πρὸς
2633 1012 2814 1082 ὑμᾶς,
2862 1009 2964 1064 καὶ
2998 1011 3074 1063 δι’
3115 1005 3282 1078 ὑμῶν
3311 1004 3576 1060 διελθεῖν

1985 1111 2073 1175 εὶς
2111 1107 2509 1162 Μακεδονίαν.
2556 1105 2666 1158 Καὶ
2703 1105 2810 1175 μὴν
2851 1100 3161 1156 τούναντίον
3205 1096 3577 1168 ἐπηγγείλατο

1985 1202 2045 1253 ἐν
2083 1202 2150 1271 τῇ
2190 1199 2454 1270 προτέρα,
2497 1197 2638 1251 οὑτω
2679 1196 2887 1264 λέγων’
2938 1193 3289 1260 Ἐλεύσομαι
3325 1189 3394 1241 δὲ
3423 1187 3574 1255 πρὸς

1985 1290 2161 1359 ὑμᾶς,
2192 1290 2338 1347 ὅταν
2368 1288 2750 1343 Μακεδονίαν
2778 1285 2992 1338 διέλθω
3011 1301 3024 1313 ·
3055 1280 3434 1336 Μακεδονίαν
3463 1278 3574 1346 γὰρ

1985 1382 2306 1452 διέρχομαι.
2339 1381 2463 1444 Πῶς
2489 1377 2582 1434 οὖν
2611 1377 2850 1433 ἐνταῦθα
2879 1375 3141 1430 τάναντία
3165 1371 3368 1443 φησίν;
3401 1370 3476 1423 Οὑ
3503 1369 3572 1421 τὰ

1985 1477 2204 1530 ἐναντία
2229 1478 2414 1548 φησὶν,
2445 1475 2625 1543 ἄπαγε
2644 1490 2658 1503 ο
2691 1472 2863 1526 ταῦτα
2896 1470 3008 1541 γὰρ
3039 1468 3257 1522 ἐναντία
3297 1466 3396 1536 μὲν
3423 1465 3572 1518 ἐστιν

1984 1563 2066 1633 οἷς
2105 1567 2341 1638 ἔγραψεν
2366 1608 2380 1632 ,
2427 1567 2528 1620 οὐκ
2571 1565 2789 1621 ἐναντία
2823 1564 2881 1616 δέ
2915 1557 2998 1626 οἷς
3044 1559 3314 1614 ἐϐούλετο.
3350 1557 3443 1610 Διὸ
3477 1559 3572 1609 καὶ

1984 1659 2221 1713 ἐνταῦθα
2251 1660 2351 1712 οὐκ
2385 1653 2560 1719 εἶπεν,
2602 1658 2686 1711 ὅτι
2719 1654 2979 1726 Ἔγραψα
3016 1653 3084 1705 δι’
3111 1649 3268 1720 ὑμῶν
3312 1647 3572 1706 ἀπελθεῖν

1985 1753 2064 1816 είς
2100 1751 2456 1819 Μακεδονίαν,
2501 1750 2639 1814 ἀλλ’,
2681 1747 3066 1814 Ἐϐουλόμην.
3100 1744 3163 1796 Εἰ
3199 1741 3311 1811 γὰρ
3341 1739 3436 1792 καὶ⁵
3473 1739 3572 1808 οὐχ

1984 1843 2157 1906 οὕτως
2206 1843 2442 1914 ἔγραψα,
2495 1841 2683 1913 φησὶν,
2737 1838 2851 1891 ἀλλ’
2899 1838 3049 1908 ὅμως
3108 1831 3442 1896 ἐσπούδαζον
3479 1831 3573 1882 καὶ

1985 1932 2291 2004 ἐϐουλόμην
2319 1934 2413 1987 καὶ
2446 1933 2552 2004 πρὸ
2595 1930 2690 1984 τοῦ
2731 1929 2908 1983 ἐλθεῖν
2939 1927 3078 2000 πρὸς
3109 1925 3280 1996 ὑμᾶς’
3315 1921 3572 1974 τοσοῦτον

1986 2026 2225 2096 ἀπέσχον
2256 2024 2352 2078 τοῦ
2386 2022 2716 2095 βουληθῆναι
2739 2019 3041 2092 ὑστερῆσαι
3065 2018 3166 2087 τῆς
3195 2014 3569 2083 ὑποσχέσεως,

1985 2120 2067 2173 ὅτι
2099 2119 2194 2173 καὶ
2232 2117 2439 2187 φθάσαι
2471 2115 2644 2188 αὐτὴν
2681 2113 2946 2184 ἠθέλησα.
2980 2112 3114 2164 Ἵνα
3145 2107 3434 2174 δευτέραν
3469 2103 3574 2172 χά-

1979 2227 2082 2279 ριν
2118 2211 2316 2279 ἕχητε.
2347 2209 2414 2262 Τί
2451 2211 2588 2272 ἐστι,
2642 2204 2971 2274 Δευτέραν;
3015 2203 3134 2255 ’Ὶνα
3183 2199 3379 2268 διπλῆν
3410 2200 3571 2268 χάριν

1985 2299 2170 2371 ἔχητε,
2198 2300 2292 2354 καὶ
2319 2300 2420 2372 τὴν
2449 2299 2539 2354 διὰ
2557 2298 2669 2353 τῶν
2698 2296 3071 2369 γραμμάτων,
3105 2292 3201 2346 καὶ⁸
3237 2291 3337 2362 τὴν
3357 2289 3442 2342 διὰ
3470 2288 3572 2356 τῆς

1987 2391 2310 2464 παρουσίας.
2345 2392 2521 2463 Χάριν
2547 2391 2604 2445 δὲ
2641 2388 2878 2443 ἐνταῦθα
2918 2386 3016 2458 τὴν
3046 2385 3220 2456 χαρὰν
3249 2381 3414 2449 λέγει.
3461 2377 3573 2431 Καὶ

1984 2485 2060 2540 δι’
2081 2484 2248 2556 ὑμῶν
2271 2485 2533 2540 διελθεῖν
2558 2487 2648 2550 είς
2679 2479 3079 2540 Μακεδονίαν,
3105 2477 3204 2530 καὶ
3234 2473 3422 2527 πάλιν
3450 2470 3570 2526 ἀπὸ

1983 2576 2360 2642 Μακεδονίας
2385 2575 2586 2630 ἐλθεῖν
2610 2574 2760 2642 πρὸς
2782 2570 2958 2641 ὑμᾶς,
2989 2568 3087 2621 καὶ
3113 2569 3212 2636 ὑφ’
3239 2564 3408 2634 ὑμῶν
3429 2577 3573 2632 προ-

1985 2668 2328 2740 πεμφθῆναι
2361 2671 2447 2734 εὶς
2478 2668 2594 2734 τὴν
2637 2663 2951 2720 Ἰουδαίαν.
2994 2659 3175 2714 Τοῦτο
3203 2653 3319 2711 οὖν
3343 2655 3572 2720 ,ϐουλό-

1980 2779 2183 2832 μενος,
2207 2759 2300 2832 μή
2321 2778 2375 2813 τι
2398 2760 2512 2828 ἄρα
2550 2757 2626 2827 τῇ
2660 2755 2918 2826 ἐλαφρίᾳ
2956 2751 3357 2823 ἑχρησάμην;

2056 2952 2126 3014 γ’.
2145 2942 2408 2999 Ἐνταῦθα
2423 2942 2606 2996 λοιπὸν
2623 2941 2907 3007 ἐξεύθείας
2921 2938 3212 2994 ἀποδύεται
3235 2937 3296 2990 τὸ
3319 2934 3573 3004 ἔγκλημα

1983 3040 2046 3092 τὸ
2064 3039 2130 3092 ἐκ
2149 3039 2248 3108 τῆς
2273 3037 2586 3108 μελλήσεως
2613 3037 2826 3106 καὶτῆς
2852 3035 3141 3098 ἀπουσίας.
3176 3035 3242 3085 Ὃ
3265 3031 3374 3103 γὰρ
3400 3031 3569 3099 λέγει,

1985 3131 2225 3186 τοιοῦτόν
2254 3133 2402 3184 ἐστιν
2427 3149 2441 3161 ο
2484 3127 2818 3198 Ἐϐουλόμην
2854 3127 3030 3180 ἐλθεῖν
3056 3126 3190 3196 πρὸς
3222 3128 3365 3197 ὑμᾶς
3386 3141 3400 3154 ·
3427 3123 3574 3185 τινος

1986 3221 2079 3278 οὖν
2112 3223 2298 3276 ἕνεκεν
2323 3223 2422 3276 οὐκ
2448 3217 2610 3293 ἦλθον
2645 3239 2658 3285 ;
2711 3216 2819 3290 ἆρα
2872 3220 2948 3283 ὡς
2981 3218 3183 3288 κοῦφος
3219 3217 3315 3270 καὶ
3360 3215 3574 3285 εὐρίπι-

1989 3334 2134 3382 στος;
2165 3316 2322 3369 τοῦτο
2356 3314 2466 3386 γάρ
2497 3315 2634 3376 ἐστι,
2667 3313 2760 3378 Μή
2781 3331 2834 3365 τι
2865 3312 2979 3379 ἄρα
3011 3310 3086 3378 τῇ
3116 3309 3374 3378 ἐλαφρίᾳ
3402 3309 3574 3376 ἐχρη-

1988 3408 2193 3477 σάμην
2214 3424 2233 3472 ;
2260 3405 2526 3477 Οὐδαμῶς
2546 3418 2560 3432 ⁶
2594 3404 2730 3457 ἀλλὰ
2753 3405 2840 3456 διὰ
2861 3402 2946 3468 τί;
2973 3405 3099 3454 Ὅτι
3124 3401 3162 3454 ἃ
3176 3400 3570 3466 βουλεύομαι,

1988 3504 2060 3556 οὐ
2110 3499 2260 3553 κατά
2300 3497 2496 3567 σάρκα
2540 3498 2934 3563 βουλεύομαι.
2975 3493 3041 3544 Τί
3085 3495 3252 3553 ἐστιν,
3300 3493 3382 3544 Οὐ
3421 3489 3574 3542 κατὰ

1989 3593 2225 3661 σάρκας
2277 3588 2426 3662 [445]
2483 3589 2556 3641 Οὐ
2617 3585 2896 3656 σαρκικῶς
2943 3583 3282 3652 βουλεύομαι.
3347 3581 3481 3634 Ἵνα
3531 3574 3571 3649 ᾖ

1989 3681 2126 3752 παρ⁴
2150 3682 2277 3750 ἐμοὶ
2320 3681 2383 3734 τὸ
2411 3680 2522 3734 Ναὶ
2556 3677 2680 3743 ναὶ,
2716 3676 2812 3729 καὶ
2841 3676 2906 3728 τὸ
2938 3674 3019 3727 0θῦ
3048 3675 3140 3729 οὔ.
3183 3673 3322 3726 Ἀλλ’
3350 3672 3431 3723 ἔτι
3479 3673 3573 3722 καὶ

1990 3774 2147 3827 τοῦτο
2191 3771 2421 3840 ἀσαφές.
2464 3769 2529 3823 Τί
2565 3765 2657 3821 οὑν
2699 3770 2847 3820 ἐστιν
2882 3768 2910 3820 ὃ
2958 3782 3160 3836 φησιν;
3207 3765 3266 3817 '0
3311 3761 3572 3834 σαρκικδς

1991 3865 2296 3934 ἄνθρωπος,
2336 3860 2637 3922 τουτέστιν,
2665 3861 2693 3912 ό
2733 3861 2844 3920 τοῖς
2877 3857 3112 3927 παροῦσι
3143 3853 3572 3925 προσηλωμένος

1990 3958 2085 4010 καὶ
2109 3959 2167 4008 ἐν
2187 3954 2400 4016 τούτοις
2429 3951 2719 4014 διαπαντὸς
2753 3950 2848 4015 ῶν,
2879 3951 2972 4002 καὶ
3000 3949 3100 4019 τῆς
3132 3946 3227 4000 τοῦ
3251 3946 3391 3999 Πνεύ
3403 3962 3572 4014 ματος

1991 4049 2273 4121 ἐνεργείας
2304 4047 2460 4110 ἐκτὸς
2502 4045 2810 4115 τυγχάνων,
2850 4042 3129 4112 πανταχοῦ
3153 4041 3373 4096 ἀπιέναι
3415 4038 3573 4092 am-

1991 4163 2103 4210 ται,
2145 4143 2240 4196 καὶ
2286 4140 2591 4195 πλανᾶσθαι
2633 4141 2768 4192 ὅπου
2816 4137 3095 4208 βούλεται·
3130 4136 3158 4187 ὁ
3201 4135 3257 4188 δὲ
3292 4133 3575 4203 ὑπηρέτης

1991 4231 2087 4285 τοῦ
2121 4229 2460 4300 Πνεύματος,
2490 4228 2585 4280 καὶ
2614 4227 2705 4278 ὑπ’
2742 4226 2950 4279 ἐκείνου
2996 4226 3260 4296 ἀγόμενος
3289 4225 3383 4277 καὶ
3412 4239 3572 4292 περι-

1993 4323 2279 4392 αγόμενος,
2309 4320 2369 4372 οὐ
2393 4320 2616 4373 δύναται
2637 4320 2827 4389 κύριος
2850 4313 2988 4370 εἶναι
3008 4317 3110 4386 τῆς
3127 4315 3321 4369 ἐαυτοῦ
3345 4314 3572 4385 γνώμης

1992 4410 2290 4482 πανταχοῦ,
2337 4412 2435 4481 τῆς
2475 4411 2686 4463 ἐκεῖθεν
2729 4409 2976 4472 ἐξουσίας
3017 4407 3326 4478 ἐξαρτήσας
3363 4407 3531 4475 αὑτήν
3555 4422 3569 4434 ·

1991 4505 2127 4560 ἀλλά
2187 4503 2426 4557 τοιοῦτον
2461 4503 2742 4572 ὑπομένει,
2789 4497 2898 4554 οἷον
2933 4501 3000 4554 ἂν
3046 4502 3095 4553 εί
3137 4499 3323 4561 δοῦλος
3363 4498 3572 4551 εὐδοκι-

1995 4599 2134 4668 μῶν,
2157 4598 2252 4652 καὶ
2277 4593 2554 4666 πανταχοῦ
2596 4594 3015 4665 περιελκόμενος
3049 4592 3155 4646 ὑπὸ
3182 4591 3290 4644 τῶν
3319 4591 3574 4643 δεσποτι-

1991 4691 2104 4743 κῶν
2131 4689 2550 4760 ἐπιταγμάτων,
2595 4688 2689 4740 καὶ
2730 4688 2832 4740 οὐκ
2879 4686 3019 4756 ἔχων
3061 4685 3307 4750 ἐξουσίαν
3354 4683 3572 4747 ἑαυτοῦ,

1990 4783 2113 4836 οὐδὲ
2155 4781 2493 4837 ἀναπνεῦσαι
2532 4779 2830 4849 δυνάμενος
2856 4779 2977 4830 οὐδέ
3023 4778 3239 4849 μικρὸν,
3293 4775 3573 4844 ἐπαγγέλο

1990 4873 2289 4928 λοιτόςτινα
2312 4874 2425 4935 τοῖς
2454 4870 2778 4934 συνδούλοις,
2801 4867 2920 4924 εἶτα
2946 4870 3025 4940 τῷ
3053 4869 3290 4941 δεσπότῃ
3317 4867 3576 4922 τάναντία

1989 4966 2271 5029 δοκοῦντα,
2307 4965 2382 5036 μὴ
2415 4963 2568 5017 ἀνύοι
2599 4963 2668 5015 τὰ
2696 4962 3111 5031 ἀπηγγελμένα.
3147 4960 3317 5014 Τοῦτο
3347 4956 3440 5013 οῦν
3473 4975 3574 5028 φη-

1993 5076 2096 5120 σιν,
2117 5059 2200 5110 ὅτι
2236 5058 2318 5110 Οὐ
2341 5055 2492 5108 κατὰ
2515 5054 2715 5121 σάρκα
2731 5054 3132 5121 βουλεύομαι,
3166 5051 3260 5105 καὶ
3312 5051 3411 5104 οὐκ
3456 5050 3574 5121 είμὶ

1990 5150 2089 5216 τῆς
2116 5146 2208 5200 τοῦ
2241 5146 2379 5199 Πνεύ
2388 5162 2557 5215 ματος
2578 5145 2734 5207 ἐκτὸς
2755 5143 3154 5213 κυϐερνήσεως,
3177 5142 3299 5195 οὐδέ
3327 5141 3571 5205 ἐξουσίαν

1990 5242 2100 5311 ἔχω
2124 5239 2358 5310 βαδίζειν
2387 5239 2520 5291 ὅπου
2548 5237 2827 5307 βούλομαι.
2863 5238 2974 5290 Καὶ
3021 5236 3131 5306 γὰρ
3167 5236 3464 5304 ὑπόκειμαι
3485 5235 3572 5287 δε-

1992 5331 2217 5402 σποτεία
2234 5334 2299 5402 τῇ
2328 5330 2423 5382 τοῦ
2450 5331 2811 5400 Παρακλήτου
2832 5330 2925 5383 καὶ
2945 5329 3303 5399 ἐπιτάγμασι,
3327 5329 3422 5380 καὶ
3449 5329 3570 5389 ταῖς

1989 5423 2199 5476 ἐκείνου
2237 5423 2440 5493 ψήφοις
2474 5421 2680 5492 ἄγομαι
2729 5423 2824 5475 καὶ
2869 5421 3228 5493 περιάγομαι.
3284 5421 3382 5476 Διά
3415 5419 3570 5474 τοῦτο

1988 5516 2089 5568 οὐκ
2111 5514 2386 5586 ἠδυνήθην
2425 5513 2602 5568 ἐλθεῖν
2627 5529 2641 5544 ·
2677 5514 2737 5567 οὐ
2778 5515 2888 5585 γάρ
2932 5514 3111 5578 ἔδοξεν
3148 5513 3227 5584 τῷ
3263 5514 3564 5580 Πνεῦματι.

1996 5609 2060 5661 Ὃ
2081 5607 2176 5660 καὶ
2204 5607 2262 5659 ἐν
2285 5608 2405 5667 ταῖς
2431 5604 2672 5676 Πράξεσι
2704 5605 2972 5676 πολλαχοῦ
3018 5606 3240 5675 γέγονεν
3269 5622 3286 5636 ο
3333 5604 3568 5673 ἀλλαχοῦ

1989 5703 2100 5772 γὰρ
2128 5697 2512 5772 προῃρημένον
2549 5696 2745 5764 ἐλθεῖν,
2789 5698 2851 5751 τὺ
2890 5697 3115 5767 Πνεῦμα
3156 5695 3390 5765 ἀλλαχοῦ
3419 5695 3568 5764 βαδίο

1997 5797 2111 5859 ζειν
2131 5791 2399 5845 ἐκέλευεν.
2426 5789 2589 5842 Ὥστε
2615 5789 2674 5843 οὐ
2700 5791 2797 5860 τῆς
2829 5791 2967 5861 ἐμῆς
2987 5789 3266 5858 ἐλαφρίας,
3297 5786 3562 5843 τουτέστι.
