4068 6428
442 295 543 352 ιον
1152 301 1208 355 S.
1249 300 1535 357 JOANNIS
1572 299 2057 358 CHRYSOSTOMI
2098 305 2397 362 ARCIHEP
2460 304 3006 363 CONSTANTINOP.
3605 308 3707 363 ιιο

439 411 791 483 κουφότητος,
832 415 894 469 τὸ
929 418 1004 489 μὴ
1037 417 1234 481 ἐλθεῖν,
1274 419 1412 474 ἀλλά
1437 420 1500 472 τὸ
1542 418 1645 473 τοῦ
1672 419 2009 491 Πνεύματος,

2124 424 2278 478 οὐδὲν
2314 425 2412 497 γάρ
2451 427 2509 479 ὲν
2556 426 2740 487 αὐτοῖς
2792 424 3154 497 ἀνθρώπινον.
3192 427 3301 481 Καὶ
3346 425 3534 497 ἐπειδὴ
3581 421 3706 478 εἶπε

436 503 798 576 ὑποκείμενον
831 507 1025 579 ἐκείνῳ
1060 507 1365 566 πείθεσθαι.
1390 506 1542 575 Εἶδες
1575 511 1738 565 πάλιν
1770 512 1935 565 αὐτοῦ
1955 510 2018 565 τὸ
2123 518 2298 587 λόγον,
2334 520 2527 589 ἐπάγει
2561 520 2744 575 λοιπὸν
2774 520 2987 584 δεικνὺς
3017 521 3166 571 ποῖον
3193 518 3349 588 λόγον
3370 520 3526 589 φησί.

435 592 666 667 σύνηθες
703 596 998 669 θεώρημα;
1041 600 1158 669 Ἀφ’
1177 595 1254 656 ὧν
1278 602 1528 673 ἐνόμιζον
1560 604 1722 658 αὐτὸν
1744 603 2015 658 δεικνύναι

437 686 718 757 σαρκικῶς
771 688 1180 761 βουλευόμενον,
1228 694 1293 746 ἐκ
1336 692 1431 746 τοῦ
1473 694 1551 765 μὴ
1600 694 1887 767 πληρῶσαι
1915 693 2017 768 τὴν

428 778 747 848 ὑπόσχεσιν,
771 782 836 833 ἐκ
862 782 1057 837 ⁷τούτου
1086 783 1330 839 δείκνυσι
1365 785 1602 855 μάλιστα
1628 785 2013 857 πνευματικῶς

435 869 881 943 βεϐουλευμένον,
931 874 1028 930 καὶ
1083 878 1396 935 τούναντίον
1436 882 1718 953 σαρκικῶς
1760 881 2013 952 βουλειε-

436 962 581 1023 σθαι.
623 965 688 1017 Τί
714 960 828 1030 οὖν,
861 968 1062 1039 φησίν;
1092 970 1156 1023 οὐ
1192 972 1330 1041 μετὰ
1373 972 1467 1027 τοῦ
1496 972 1811 1045 Πνεύματος
1839 975 2015 1046 ἐπηγ-

431 1053 685 1123 γείλατο;
724 1059 989 1130 Οὐδαμῶς
1014 1077 1029 1092 ν
1065 1063 1160 1116 καὶ
1203 1063 1313 1136 γὰρ
1354 1065 1448 1120 καὶ
1487 1066 1588 1136 ήδη
1628 1062 1802 1131 εἶπον,
1829 1068 1908 1121 ὃτι
1949 1068 2011 1121 ού

434 1147 614 1202 πάντα
644 1148 867 1222 προῄδει
898 1152 1108 1218 Παῦλος
1134 1155 1205 1209 τὰ
1227 1156 1492 1225 μέλλοντα
1522 1158 1614 1210 καὶ
1639 1158 2010 1229 συμφέροντα.

431 1238 532 1293 Διά
559 1239 622 1312 δὴ
653 1240 810 1296 τοῦτο
855 1243 914 1297 ιν
946 1247 1047 1315 μὲν
1087 1248 1155 1317 τῇ
1192 1249 1438 1319 προτέρᾳ
1465 1249 1649 1318 φησὶν,
1682 1251 1804 1303 Ἵνα
1844 1250 2014 1318 ὑμεῖς

427 1345 503 1396 με
535 1329 928 1400 προπέμψητε
964 1328 1037 1389 οὗ
1071 1334 1180 1389 ἐὰν
1212 1338 1570 1406 πορεύωμαι,
1593 1338 1847 1403 δεδοικὼς
1880 1341 2013 1395 αὐτὸ

430 1419 615 1484 τοῦτο,
639 1421 714 1493 μὴ
758 1426 849 1487 εἰς
870 1425 970 1496 τὴν
1012 1425 1272 1480 Ἰουδαίαν
1302 1425 1490 1492 εἰπὼν,
1523 1430 1841 1502 ἀναγκασθῇ
1890 1432 2012 1485 ἐτέ-

432 1512 568 1582 ρωθι
610 1514 865 1569 ἀπελθεῖν
889 1533 903 1546 ·
951 1518 1187 1573 ἐνταῦθα
1234 1520 1290 1574 δέ
1332 1521 1522 1593 ἐπειδὴ
1560 1523 1817 1594 ἀπέτυχε,
1864 1524 2010 1592 λέγει

429 1604 582 1668 αὐτὸ,
604 1605 718 1659 Καὶ
753 1609 857 1677 ὑφ’
892 1608 1060 1679 ὑμῶν
1087 1609 1548 1681 προπεμφθῆναι
1590 1616 1679 1681 είς
1710 1616 1827 1683 τὴν
1865 1616 2004 1670 Ἰου-

426 1691 626 1748 δαίαν.
666 1696 732 1749 '0
781 1697 883 1767 μὲν
925 1698 1034 1771 γὰρ
1072 1695 1141 1771 ἦν
1189 1702 1432 1774 ἀγάπης,
1468 1704 1668 1775 τίθησι,
1726 1707 1788 1759 τὸ
1835 1706 2012 1760 ἐλθεῖν

428 1784 566 1852 πρὸς
593 1786 793 1852 αύτούς
821 1805 835 1819 ·
861 1789 890 1843 δ
909 1791 965 1844 δὲ
989 1792 1142 1846 οὐδὲν
1165 1794 1302 1865 πρὸς
1329 1796 1526 1861 αὐτοὺς
1548 1793 1636 1870 ἦν,
1668 1797 1730 1851 τὸ
1750 1798 2011 1853 ἀπελθεῖν

428 1878 510 1940 εἰς
552 1877 653 1950 τὴν
698 1879 988 1945 Ἰουδαίαν.
1020 1883 1204 1939 οὐκέτι
1257 1886 1351 1940 καὶ
1380 1888 1539 1942 τοῦτο
1568 1889 1895 1961 προστίθησι
1926 1891 2009 1944 δι-

428 1969 774 2041 ωρισμένως.
820 1973 1038 2046 Ἐπειδὴ
1064 1974 1121 2027 δὲ
1155 1976 1500 2049 ἐλήλεγκται,
1533 1979 1767 2034 ἐνταῦθα
1791 1981 2009 2054 θαρρῶν

427 2058 576 2129 λέγει
604 2062 815 2130 λοιπὸν,
842 2065 925 2119 ὅτι
953 2068 1058 2133 Εἰς
1087 2066 1203 2136 δὴν
1255 2069 1575 2125 Ἰουδαίαν.
1621 2071 1734 2125 Καὶ
1757 2072 1916 2126 τοῦτο
1950 2072 2010 2126 δὲ

429 2155 816 2226 συμφερόντως
841 2157 1070 2227 ἐγίνετο.
1103 2161 1189 2214 ἵνα
1213 2161 1288 2232 μή
1318 2179 1402 2226 τις
1429 2163 1609 2217 αὐτῶν
1633 2163 1857 2234 μείζονα
1879 2165 2010 2237 περὶ

426 2244 590 2299 αὐτὸν
614 2247 714 2317 τῆς
741 2248 899 2313 ἀξίας
945 2250 1199 2305 ὑπόνοιαν
1247 2252 1366 2326 ἔχῃ.
1419 2254 1479 2309 Εἰ
1519 2254 1629 2325 γὰρ
1678 2256 2008 2311 καὶτούτων

425 2335 593 2389 ὄντων
620 2337 768 2392 θύειν
813 2342 997 2406 αὐτοῖς
1032 2343 1318 2398 ἐϐούλοντο
1352 2345 1609 2417 ταύρους,
1660 2346 1765 2401 ποῦ
1799 2350 1901 2402 οὐκ
1941 2348 2009 2403 ἂν

425 2427 721 2492 ἐξώκειλαν
748 2432 1023 2499 ἀσεϐείας,
1052 2436 1117 2509 ,εἰ
1148 2436 1223 2506 μὴ
1266 2438 1439 2492 πολλά
1473 2437 1745 2508 δείγματα
1770 2439 1870 2509 τῆς
1909 2441 2007 2494 άν-

426 2518 708 2591 θρωπίνης
732 2523 1016 2590 ἀσθενείας
1051 2508 1410 2599 παρείχοντος
1446 2530 1557 2583 Καὶ
1590 2529 1644 2583 τί
1680 2508 2003 2602 θαυμάζεις,

425 2613 474 2664 εἰ
502 2610 571 2665 τά
599 2613 862 2684 μέλλοντα
895 2616 1075 2671 πάντα
1105 2618 1207 2671 οὐκ
1246 2620 1385 2690 ᾔδει,
1429 2621 1564 2674 ὅπου
1593 2622 1687 2675 καί⁵
1712 2624 1772 2676 ἐν
1816 2624 2008 2694 εὐχαῖς

423 2703 697 2776 πολλαχοῦ
719 2706 781 2759 τὸ
814 2708 1097 2780 συμφέρον
1126 2711 1343 2781 ἀγνοεῖς
1394 2711 1465 2766 T6
1497 2713 1625 2784 γάρ,
1659 2714 1717 2768 τί
1755 2731 2008 2784 προσευ-

422 2794 683 2864 ξόμεθα,
747 2797 902 2869 φησὶ,
951 2801 1099 2855 καθύ
1138 2801 1249 2869 δεῖ,
1308 2805 1421 2858 οὐκ
1463 2805 1730 2876 οίδαμεν.
1804 2808 1912 2860 Καὶ
1942 2808 2005 2862 ού

421 2883 571 2954 λέγει
599 2885 759 2940 τοῦτο
783 2887 965 2958 μόνον,
997 2888 1087 2944 ἴνα
1110 2889 1240 2964 δόξῃ
1257 2903 1283 2932 ι
1316 2892 1656 2965 μετριάζειν,
1692 2893 1842 2968 [446]
1869 2896 2005 2951 ἀλλά

420 2980 519 3031 καὶ
547 2977 812 3045 δείκνυσι,
858 2981 963 3035 ποῦ
996 2983 1059 3037 τὸ
1111 2986 1390 3057 συμφέρον
1417 2987 1477 3041 ὲν
1522 2988 1711 3058 εύχαῖς
1744 2990 2003 3059 ἠγνόησε.

422 3071 535 3126 Ποῦ
567 3074 748 3128 τοίνυν
787 3076 1094 3147 ὴγνὸησεν;
1140 3078 1335 3134 Ἦνίκα
1384 3081 1684 3153 παρεκάλει
1736 3083 1844 3137 τῶν
1888 3101 2008 3138 πει-

424 3164 651 3235 ρασμῶν
691 3167 1098 3240 ἀπαλλαγῆναι,
1139 3170 1333 3238 λέγων·
1385 3173 1595 3241 Ἐδόθη
1628 3192 1728 3244 μοι
1758 3177 2008 3244 σκόλοψ

420 3253 498 3325 τῇ
521 3258 697 3325 σαρκί
721 3257 977 3329 ἅγγελος
1000 3260 1221 3328 Σατᾶν,
1247 3263 1346 3317 ἵνα
1356 3280 1434 3332 με
1461 3264 1774 3334 κολαφίζῃ.
1824 3267 2005 3337 ’Υπὲρ

416 3348 636 3403 τούτου
681 3348 808 3419 τρίς
850 3351 960 3404 τὸν
1001 3353 1221 3421 Κύριον
1267 3354 1672 3422 παρεκάλεσα,
1730 3356 1830 3410 καί
1874 3353 2007 3411 εἶπέ

414 3456 540 3508 μοι.
585 3439 773 3503 Ἀρκεῖ
794 3457 895 3495 σοι
930 3443 969 3511 ἡ
1004 3442 1180 3512 χάρις
1206 3461 1357 3513 μουο
1385 3442 1424 3511 ἡ
1463 3445 1572 3515 γὰρ
1605 3445 1859 3516 δύναμίς
1882 3465 2004 3515 μου

419 3529 491 3584 ἐν
533 3530 820 3598 ἀσθενείᾳ
867 3532 1218 3587 τελειοῦται.
1267 3528 1420 3597 Εἶδες
1476 3534 1594 3598 πῶς
1629 3536 1730 3589 οὐκ
1763 3535 1904 3601 ἔγνω
1937 3535 2006 3589 τὰ

425 3620 772 3690 συμφέροντα
830 3622 1089 3692 αίτῆσαι;
1121 3624 1213 3676 Διὸ
1241 3624 1363 3677 οὐδὲ
1388 3623 1571 3688 ἔλαϐε,
1607 3626 1702 3679 καὶ
1746 3626 2006 3692 πολλάκις

421 3712 672 3783 αἰτήσας.
719 3712 942 3780 Πιστὸς
986 3713 1055 3767 δὲ
1088 3718 1121 3769 ό
1169 3715 1333 3782 Θεὸς,
1362 3716 1453 3771 ὅτι
1491 3721 1523 3771 ό
1551 3720 1736 3787 λόγος
1769 3718 1939 3789 ἡμῶν
1972 3722 2005 3772 ό

419 3805 573 3873 πρὸς
601 3803 757 3875 ὑμᾶς
791 3808 904 3862 οὐκ
946 3807 1185 3877 ἐγένετο
1214 3810 1325 3862 Nai
1356 3811 1455 3864 καί
1488 3811 1590 3865 Οὔ.
1628 3810 1825 3876 Καλῶς
1859 3814 2008 3868 ἀντί-

422 3894 572 3948 θεσιν
600 3895 1020 3951 ἀνακύπτουσαν
1057 3898 1337 3954 καταλύει.
1370 3900 1432 3953 Εἰ
1461 3899 1571 3971 γὰρ
1609 3900 2002 3973 ὑποσχόμενος,

419 3988 577 4059 φησί,
625 3989 1022 4060 παραγίνεσθαι
1070 3991 1362 4063 ύπερὲθου,
1419 3993 1513 4046 καὶ
1551 3992 1652 4048 οὐκ
1697 3993 1814 4047 ἔστι
1855 3995 2005 4065 παρά

421 4080 508 4133 σοὶ
544 4079 654 4134 Ναὶ
679 4081 787 4146 ναὶ,
818 4081 915 4135 καὶ
950 4079 1027 4136 OG
1059 4082 1144 4147 οὒ,
1198 4081 1334 4137 ἀλλά
1365 4082 1460 4137 νῦν
1496 4083 1535 4138 ἀ
1562 4084 1740 4153 λέγεις
1769 4087 2003 4158 ἀνατρέ-

422 4190 546 4238 πεις
601 4176 742 4245 μετά
780 4174 975 4241 ταῦτα,
1023 4175 1213 4248 ὥσπερ
1261 4178 1356 4233 ἐπὶ
1411 4178 1512 4250 τῆς
1551 4183 1652 4251 σῆς
1709 4181 2004 4252 ἐπιδημίας

421 4265 716 4338 ἐποίησας·
757 4267 882 4321 οὐαί
909 4269 1064 4339 ήμῖν,
1101 4268 1311 4340 μήποτε
1340 4269 1434 4323 καὶ
1473 4270 1533 4323 ἐν
1581 4269 1661 4342 τῷ
1686 4271 2003 4345 κηρύγματι

419 4358 585 4414 τοῦτο
632 4359 876 4430 γέγονεν.
935 4360 1032 4415 Ἴν’
1077 4356 1171 4415 οὗν
1217 4361 1294 4433 μὴ
1338 4362 1512 4417 ταῦτα
1561 4364 1806 4429 ἐννοῶσι,
1867 4367 2003 4438 μηδὲ

422 4452 784 4524 θορυϐὦνται,
826 4454 990 4526 φησί’
1023 4455 1246 4522 Πιστὸς
1269 4454 1338 4510 δὲ
1369 4459 1403 4511 ό
1432 4457 1598 4524 Θεὸς.
1625 4456 1717 4512 ὅτι
1748 4462 1784 4514 ό
1820 4462 2003 4531 λόγος

419 4545 592 4616 ἡμῶν
635 4549 670 4603 ὁ
697 4547 849 4617 πρὸς
876 4547 1034 4618 ὑμᾶς
1072 4549 1185 4603 οὐκ
1210 4547 1449 4620 ἐγένετο
1475 4550 1590 4605 Ναί
1625 4551 1727 4604 καί
1762 4553 1865 4607 Οὔ.
1913 4554 2003 4607 Ἐν

418 4636 532 4709 γὰρ
556 4636 636 4707 τῷ
661 4636 1000 4709 κηρύγματι,
1030 4638 1188 4709 φησί,
1215 4637 1376 4692 τοῦτο
1403 4639 1766 4710 οὑκ-ἐγένετο,
1800 4643 1915 4703 ἀλλ’
1942 4647 2003 4698 ἐν

419 4717 542 4795 ταῖς
588 4729 730 4794 ὁδοῖς
775 4729 871 4784 καὶ
916 4732 1038 4793 ταῖς
1085 4730 1418 4802 ἀποδημίαις
1471 4733 1653 4804 μόνον.
1710 4737 1800 4789 Ἐν
1831 4738 1890 4791 δὲ
1924 4738 2002 4810 τῷ

419 4818 739 4892 κηρύγματι
778 4820 929 4892 μένει
969 4820 1163 4891 βέϐαια
1203 4824 1300 4877 καὶ
1327 4824 1561 4897 ἀκίνητα
1590 4825 1734 4898 ἀπερ
1769 4830 2000 4901 εἰρήκα-

423 4930 542 4983 μεν.
576 4914 750 4983 Λόγον
793 4914 906 4987 γὰρ
958 4915 1192 4971 ἐνταῦθα
1234 4917 1296 4971 τὸ
1343 4920 1606 4990 κήρυγμα
1654 4921 1830 4978 καλεῖ.
1869 4919 2003 4977 Εἶτα

418 5006 695 5074 ἀπόδειξιν
726 5009 1119 5084 ἀναντίρρητον
1145 5012 1375 5085 παρέχει
1398 5012 1611 5078 τούτου,
1644 5015 1724 5078 είς
1757 5017 1849 5071 τὸν
1868 5017 2003 5071 Θεὸν

419 5100 483 5155 τὸ
512 5102 622 5156 πᾶν
652 5102 869 5173 ἀνάγων
930 5105 996 5157 Ὃ
1044 5105 1103 5158 δὲ
1135 5104 1304 5173 λέγει,
1337 5104 1493 5159 τοῦτό
1544 5107 1720 5161 ἐστιν’
1766 5109 1833 5162 Ἡ
1867 5110 2000 5162 ὑπό-

420 5204 605 5259 σχεσις
629 5190 727 5259 τῆς
758 5191 1058 5263 παρουσίας
1079 5194 1185 5265 ἐμὴ
1210 5190 1299 5265 ἦν,
1332 5196 1423 5248 καὶ
1454 5195 1566 5265 ἐγὼ
1584 5195 1795 5252 οἴκοθεν
1824 5199 2000 5268 ἐπηγ-

419 5281 691 5354 γειλάμην
730 5284 906 5338 ἐκεῖνο
926 5301 940 5315 ⁸
987 5286 1048 5338 τὸ
1082 5287 1140 5340 δέ
1170 5287 1432 5358 κήρυγμα
1464 5291 1564 5342 οὐκ
1590 5290 1723 5360 ἐμὸν
1753 5290 1877 5345 οὐδὲ
1901 5291 1971 5347 ἀν

421 5372 716 5446 θρώπινον,
761 5376 897 5430 ἀλλά
922 5377 1017 5430 τοῦ
1044 5378 1181 5432 Θεοῦ
1201 5398 1214 5410 ·
1246 5380 1315 5434 τὰ
1346 5380 1403 5434 δὲ
1428 5380 1524 5436 τοῦ
1549 5381 1686 5436 Θεοῦ
1718 5382 1999 5454 ἀμήχανον

418 5464 808 5537 διαψεύσασθαι
827 5485 841 5498 ·
876 5470 956 5523 διδ
978 5469 1070 5523 καὶ
1094 5470 1216 5542 ἔφη’
1240 5472 1466 5539 Πιστὸς
1491 5472 1562 5528 δὲ
1583 5477 1617 5529 ὁ
1646 5475 1790 5541 Θεός
1804 5491 1820 5507 ο
1843 5492 2000 5530 τουτο

308 5576 333 5599 κ
422 5558 592 5622 ἐστιν,
627 5559 851 5631 ἀληθής.
902 5561 994 5630 Μὴ
1024 5562 1201 5616 τοίνυν
1248 5565 1584 5619 ὑποπτεύετε
1630 5567 1701 5620 τὰ
1748 5567 1995 5621 ἐκεῖνον’

489 5710 517 5738 ⁸
544 5708 628 5778 δίο
652 5710 954 5778 r!egem_1_u_r_n_,
979 5715 1036 5759 ut
1058 5712 1272 5778 _conjicit
1298 5708 1483 5778 $9311.,
1508 5716 1561 5763 et
1601 5715 1667 5764 Ita
1688 5715 1813 5778 legit
1840 5710 1997 5764 inter-

426 5779 545 5828 pres
578 5770 798 5821 Latium.
820 5770 949 5823 Εόὶιί
976 5772 1128 5831 male,
1152 5774 1229 5820 ἵνα
1253 5775 1316 5833 pi
1344 5775 1454 5839 δόξῃ

2192 734 2254 784 δ’.
2284 734 2440 796 Ποῖος
2463 729 2556 786 οὖν
2591 731 2748 801 λόγος
2774 731 2923 797 thr};
2959 737 3137 800 ἐστιν,
3180 736 3233 786 '0
3280 734 3391 802 γὰρ
3419 730 3526 787 τοῦ
3552 728 3707 787 Θεοῦ

2130 826 2287 891 Υἱὸς,
2337 825 2524 895 φησὶν,
2577 828 2611 880 ὁ
2654 824 2725 878 ἐν
2754 824 2896 892 ὑμῖν
2929 826 3005 883 δι’
3027 825 3196 895 ἡμῶν
3238 826 3579 896 κηρυχθείς,
3628 822 3705 877 δι’

2120 917 2267 986 ἐμοῦ
2305 918 2403 971 καὶ
2455 915 2795 972 Σιλουανοῦ
2835 917 2933 971 καὶ
2980 917 3280 987 Τιμοθέου,
3319 920 3430 972 οὐκ
3466 917 3707 987 ἐγένετο

2120 1008 2231 1062 Ναί
2278 1008 2379 1063 καὶ
2431 1007 2533 1063 Οὔ.
2588 1007 2688 1062 Διά
2733 1007 2841 1077 γὰρ
2870 1006 3030 1061 τοῦτο
3057 1008 3152 1061 καὶ
3177 1010 3268 1061 τδν
3302 1008 3461 1081 χορὸν
3489 1008 3706 1075 εἰσάγει

2119 1100 2229 1153 τῶν
2278 1099 2618 1154 διδασκάλων
2671 1101 2751 1164 εἰς
2784 1100 2981 1171 μέσον,
3034 1099 3348 1167 ἀξιόπιστον
3407 1098 3708 1154 κάντεῦθεν

2120 1192 2219 1263 τήν
2242 1192 2550 1264 μαρτυρίαν
2584 1191 2774 1255 ποιῶν,
2796 1192 2857 1246 ού
2887 1192 2975 1247 διά
3000 1192 3109 1247 τῶν
3139 1193 3491 1248 ἀκουσάντων
3519 1193 3704 1264 μόνον,

2120 1284 2257 1339 ἀλλά
2283 1286 2378 1340 καὶ
2398 1283 2491 1338 διὰ
2515 1284 2626 1338 τῶν
2653 1284 2999 1351 διδαξάντων.
3034 1285 3229 1339 Καίτοι
3262 1282 3498 1355 μαθηταὶ
3528 1279 3700 1355 ἦσαν*

2119 1373 2255 1429 ἀλλά
2282 1374 2611 1446 μετριάζων,
2633 1375 2689 1429 ἐν
2710 1374 2863 1441 τάξει
2881 1373 3219 1428 διδασκάλων
3236 1373 3433 1437 αὐτοὺς
3456 1373 3704 1446 ἀριθμεῖ.

2119 1466 2185 1519 Τί
2223 1465 2283 1519 δέ
2328 1466 2497 1531 ἐστιν,
2542 1467 2664 1519 Οὐκ
2711 1466 2949 1536 ἐγένετο
2990 1466 3104 1521 Na!
3151 1464 3251 1519 καί
3282 1467 3404 1530 Ob;
3452 1466 3567 1520 θύκ
3602 1467 3705 1520 av.

2121 1554 2347 1628 ἐτρεψα,
2382 1555 2567 1627 φησιν,
2611 1554 2647 1610 ἀ
2678 1557 2943 1628 πρότερον
2976 1552 3128 1610 εἷπον
3152 1557 3211 1610 ἐν
3238 1556 3318 1627 τῷ
3348 1556 3666 1628 κηρύγματι
3685 1572 3702 1589 ο

2119 1648 2181 1700 οὐ
2235 1646 2332 1700 νῦν
2386 1648 2485 1717 μὲν
2535 1646 2715 1709 τοῦτο,
2763 1646 2859 1700 νῦν
2902 1647 2962 1702 δὲ
3011 1648 3199 1702 ἐκεῖνο
3215 1647 3494 1719 διελέχθην
3538 1648 3702 1719 ὑμῖν

2118 1738 2277 1793 τοῦτο
2336 1739 2449 1809 γὰρ
2501 1739 2687 1793 οὐκέτι
2739 1740 3011 1804 πίστεως,
3073 1741 3210 1794 ἀλλά
3276 1740 3707 1812 πεπλανημένης

2116 1830 2353 1895 διανοίας
2376 1830 2543 1886 ἐστίν.
2605 1831 2790 1886 Ἀλλὰ
2817 1831 2929 1886 Ναί
2974 1832 3045 1886 ἐν
3072 1831 3232 1898 αὐτῷ
3262 1832 3487 1902 γέγονε.
3532 1832 3706 1885 Τουτ-

2118 1923 2287 1990 ἐστιν,
2343 1924 2791 1996 ἀπαρασάλευτος
2843 1925 2937 1978 καὶ
2993 1924 3208 1996 βέϐαιος
3256 1924 3287 1978 6
3321 1924 3477 1994 λόγος
3526 1925 3700 1995 μένει.

2119 2015 2299 2072 Ὅσαι
2322 2017 2429 2088 γὰρ
2448 2018 2795 2089 ἐπαγγελίαι
2818 2016 2988 2082 Θεοῦ,
3014 2018 3085 2071 ἐν
3103 2014 3263 2082 αὺτῷ
3276 2016 3343 2070 τὸ
3361 2016 3492 2080 Nai,
3514 2016 3611 2073 καί
3630 2018 3707 2070 ἐν

2116 2107 2279 2175 αὑτῷ
2306 2108 2373 2162 τὸ
2416 2110 2621 2179 Ἀμὴν,
2654 2109 2735 2176 τῷ
2764 2109 2886 2175 Θεῷ
2915 2109 3064 2174 πρός
3095 2107 3287 2173 δόξαν
3314 2107 3389 2161 δι’
3419 2107 3605 2178 ἡμῶν.
3633 2109 3705 2162 Τί

2117 2200 2286 2266 ἐστιν,
2315 2200 2493 2255 ’Ὅσαι
2527 2201 2875 2271 ἐπαγγελίαι
2924 2198 3110 2261 Θεοῦ;
3146 2197 3325 2252 Πολλά
3352 2198 3413 2252 τὸ
3435 2199 3707 2269 κήρυγμα

2119 2292 2451 2363 ὑπισχνεῖτο,
2484 2294 2577 2347 καὶ
2605 2292 2758 2345 αὐτοὶ
2794 2291 2865 2344 τά
2899 2290 3072 2345 πολλά
3098 2289 3271 2344 ταῦτα
3300 2290 3709 2362 ἐπηγγέλλοντο

2116 2384 2213 2437 καὶ
2245 2384 2563 2455 ἐκήρυττον.
2590 2382 2705 2437 Καὶ
2732 2383 2843 2454 γάρ
2874 2382 3001 2454 περὶ
3046 2381 3399 2445 ἀναστάσεως
3425 2381 3703 2451 διελέχθη-

2119 2490 2239 2537 σαν,
2269 2476 2364 2529 καὶ
2401 2474 2530 2545 περὶ
2559 2473 2899 2546 ἀναλήψεως,
2930 2474 3024 2527 καὶ
3066 2473 3197 2545 περὶ
3237 2470 3572 2547 ἀφθαρσίας,
3600 2471 3700 2527 καὶ

2116 2573 2246 2641 περί⁵
2294 2571 2402 2625 τῶν
2455 2571 2708 2643 μεγάλων
2755 2569 3007 2624 ἐπάθλων
3061 2568 3158 2622 καὶ
3215 2568 3325 2622 τῶν
3375 2568 3703 2640 ἀπορρήτων

2115 2662 2337 2733 ἀγαθῶν
2364 2663 2609 2718 ἐκείνων.
2641 2660 2860 2725 Ταύτας
2893 2657 2986 2715 οὖν
3020 2660 3121 2724 τάς
3156 2659 3492 2728 ἐπαγγελίας
3516 2658 3705 2727 μένειν

2115 2758 2409 2827 ἀκινήτους
2449 2755 2606 2827 φησί,
2644 2756 2738 2809 καὶ
2769 2756 2869 2809 οὐκ
2905 2754 3121 2824 ἐγένετο
3146 2752 3255 2807 Ναὶ
3284 2752 3379 2806 καὶ
3410 2753 3486 2806 Οὒ
3516 2754 3573 2805 ἐν
3601 2751 3704 2805 ab.

2114 2850 2256 2912 ταῖς.
2276 2848 2588 2912 Τουτέστιν,
2634 2844 2710 2900 Οὐ
2759 2845 2893 2900 ποτὲ
2938 2845 3036 2916 μὲν
3072 2843 3246 2915 ἀληθῆ
3307 2841 3381 2897 τὰ
3408 2840 3697 2914 εἰρημένα,

2118 2938 2269 3013 [447]
2311 2940 2442 2995 ποτὲ
2480 2937 2538 2993 δὲ
2566 2939 2760 3009 ψευδῆ,
2810 2938 3063 3009 καθάπερ
3114 2934 3438 3008 ήέπιδημία
3483 2936 3519 3006 ἠ
3566 2934 3696 3006 ἐμὴ,

2114 3031 2231 3086 ἀλλ’
2277 3031 2364 3086 ἀεὶ
2395 3030 2592 3102 ἀληθῆ.
2628 3031 2740 3083 Καὶ
2789 3028 3005 3100 πρῶτον
3046 3026 3147 3099 μὲν
3175 3026 3316 3099 ὺπέρ
3339 3022 3449 3080 τῶν
3478 3025 3577 3097 τῆς
3608 3026 3700 3079 πίο

2117 3135 2286 3183 στεως
2315 3119 2599 3189 δογμάτων
2628 3119 2723 3172 καὶ
2760 3117 2855 3171 τοῦ
2886 3118 3016 3190 περὶ
3043 3116 3281 3189 Χριστοῦ
3313 3115 3472 3185 λόγου
3498 3115 3701 3184 ἀγωνί-

2115 3211 2265 3276 ζεται
2304 3212 2501 3281 λέγων’
2565 3212 2618 3265 Ὀ
2666 3212 2849 3281 λόγος
2897 3228 3016 3280 μου
3050 3211 3144 3264 καὶ
3192 3210 3255 3263 τὸ
3291 3209 3559 3282 κήρυγμά
3595 3226 3699 3279 μου

2115 3307 2227 3359 οὐκ
2256 3304 2494 3376 ἐγένετο
2510 3305 2619 3359 Ναί
2656 3303 2757 3358 καί
2781 3305 2863 3358 Οὔ
2884 3322 2897 3335 ο
2930 3303 3123 3357 ἔπειτα
3153 3302 3293 3373 ὑπὲρ
3321 3302 3430 3354 τῶν
3469 3301 3699 3371 ὑποσχέ⁵

2117 3412 2275 3448 σεων·
2295 3396 2472 3449 Ὅσαι
2496 3394 2606 3463 γὰρ
2627 3393 2973 3464 ἐπαγγελίαι
3002 3390 3171 3456 Θεοῦ,
3199 3391 3269 3444 ἐν
3292 3387 3453 3455 αὐτῷ
3468 3389 3533 3443 τὸ
3557 3390 3675 3443 Ναί
3678 3428 3695 3443 .

2115 3487 2256 3541 Είδὲ
2288 3486 2324 3541 ἀ
2365 3486 2633 3557 ὑπέσχετο
2672 3484 2865 3555 βέϐαια
2908 3485 3003 3538 καὶ
3050 3482 3211 3536 δώσει
3239 3482 3476 3544 ’άντως,
3512 3478 3697 3549 πολλῷ

2118 3579 2318 3651 μᾶλλον
2351 3578 2513 3643 αὐτὸς
2552 3578 2647 3632 καὶ
2678 3581 2706 3631 6
2747 3577 2875 3649 περὶ
2921 3575 3087 3633 αὐτοῦ
3125 3577 3283 3645 λόγος
3311 3574 3428 3627 ἐστὶ
3455 3572 3692 3645 βίϐαιος.

2115 3672 2211 3726 καὶ
2248 3673 2349 3725 οὐκ
2386 3670 2535 3725 ἔστιν
2569 3671 2765 3737 εἰπεῖν,
2793 3671 2877 3724 ὃτι
2906 3669 3001 3723 νῦν
3055 3668 3157 3740 μὲν
3187 3669 3323 3731 ἔστι,
3355 3665 3451 3720 νῦν
3489 3666 3547 3720 δέ
3594 3666 3699 3720 οὐκ

2115 3764 2284 3826 ἔστιν,
2316 3762 2433 3818 ἀλλ’
2467 3762 2553 3817 ἀεί
2579 3765 2713 3826 ἐστι,
2745 3762 2839 3816 καὶ
2866 3763 2896 3815 6
2925 3761 3088 3825 αὐτός
3119 3762 3255 3815 ἐστι.

2185 3938 2251 3992 Τί
2286 3938 2345 3992 δέ
2387 3938 2555 3997 ἐστιν,
2593 3934 2698 3989 Ἐν
2728 3931 2890 3998 αὐτῷ
2910 3931 2976 3986 τὸ
3034 3931 3147 3986 Ναὶ
3172 3970 3189 3995 ,
3218 3930 3321 3986 καί
3353 3930 3419 3984 τὸ
3467 3929 3696 3999 Ἀμήνς

2114 4032 2189 4085 Τὸ
2236 4031 2456 4094 πάντως
2504 4028 2765 4100 ἐσόμενον
2797 4025 2967 4096 δηλοῖ.
3004 4026 3071 4078 Δί
3119 4022 3229 4094 γὰρ
3271 4020 3598 4091 ἐπαγγελίαι
3633 4022 3697 4077 ἐν

2113 4123 2301 4196 αὐτῷ,
2353 4122 2455 4176 οὐκ
2493 4122 2553 4175 ἐν
2604 4117 2920 4190 ἀνθρώπῳ,
2967 4116 3031 4171 τὸ
3074 4114 3330 4185 γενέσθαι
3374 4113 3558 4183 ἔχουσι
3597 4111 3696 4166 καὶ

2115 4213 2498 4287 πληρωθῆναι.
2540 4210 2633 4281 Μὴ
2676 4209 2860 4263 τοίνυν
2911 4208 3128 4279 δείσῃς·
3160 4205 3221 4260 οὐ
3256 4205 3365 4277 γάρ
3406 4201 3697 4275 ἄνθρωπός

2113 4308 2285 4369 ἐστιν,
2308 4304 2395 4358 ἶνα
2415 4301 2790 4375 ὑποπτεύσῃς.
2815 4299 2956 4354 ἀλλὰ
2979 4298 3112 4362 Θεός
3140 4299 3312 4358 ἐστιν,
3342 4296 3372 4348 ό
3398 4296 3495 4350 καὶ
3517 4291 3695 4348 εἰπὼν

2114 4398 2211 4452 καὶ
2244 4394 2492 4467 πληρῶν.
2547 4392 2635 4459 Τῷ
2691 4390 2814 4457 Θεῷ
2858 4390 3011 4459 πρὸς
3049 4389 3238 4455 δόξαν
3270 4388 3347 4443 δι’
3393 4387 3589 4459 ἡμῶν.
3624 4388 3695 4442 Τί

2113 4490 2254 4553 ἐστι,
2279 4487 2435 4555 Πρὸς
2454 4484 2644 4550 δόξαν
2660 4483 2737 4538 δι’
2766 4481 2970 4552 ἡμῶν;
3002 4482 3118 4551 Πλη
3129 4486 3212 4552 ροί
3231 4481 3402 4542 αὐτὰς
3417 4481 3483 4535 δι’
3501 4480 3662 4552 ήμῶν
3677 4499 3693 4512 ο

2112 4580 2361 4634 τουτέστι
2380 4618 2396 4643 ,
2421 4577 2510 4631 διὰ
2541 4577 2651 4630 τῶν
2685 4577 2766 4640 είς
2804 4576 2952 4646 ἡμᾶς
3002 4574 3336 4645 εὐεργεσιῶν
3366 4573 3503 4644 πρὸς
3533 4572 3695 4638 δόξαν

2113 4671 2285 4726 αὐτοῦ
2309 4687 2321 4701 ’
2360 4669 2521 4725 τοῦτο
2558 4669 2668 4740 γάρ
2716 4670 2868 4730 ἐστι,
2909 4665 2996 4732 Τῷ
3032 4665 3156 4731 Θεῷ
3185 4665 3337 4734 πρὸς
3374 4665 3584 4729 δόξαν.
3628 4665 3695 4718 Εἰ

2110 4765 2168 4818 δὲ
2211 4763 2350 4834 πρὸς
2389 4760 2546 4827 δόξαν
2598 4760 2694 4814 τοῦ
2732 4757 2892 4823 Θεοῦ,
2933 4758 3154 4822 πάντως
3208 4758 3387 4813 ἔσται.
3426 4756 3540 4827 Τῆς
3580 4757 3694 4825 γὰρ

2112 4854 2280 4910 αὐτοῦ
2315 4853 2474 4926 δόξης
2520 4854 2581 4908 οὐ
2617 4852 3048 4924 καταφρονήσει,
3081 4851 3131 4904 εί
3159 4850 3254 4904 καί⁵
3291 4851 3389 4920 τῆς
3413 4850 3697 4920 ἡμετερας

2110 4948 2437 5020 κατεφρόνει
2472 4945 2746 5018 σωτηρίας
2765 4962 2779 4976 ·
2818 4943 3025 4999 καὶδιά
3052 4943 3115 4997 τὸ
3147 4941 3350 5014 σφόδρα
3379 4941 3696 5014 φιλάνθρω-

2113 5059 2219 5106 πος
2266 5040 2427 5095 εἶναι.
2471 5040 2583 5092 Καὶ
2612 5038 2750 5109 πρὸς
2782 5037 2940 5091 τοῦτο
2981 5034 3140 5107 ἡμῶν
3166 5037 3200 5106 ἡ
3232 5034 3479 5105 σωτηρία
3505 5034 3695 5088 συνδέ-

2109 5135 2261 5189 δεται
2294 5135 2361 5204 τῇ
2404 5130 2573 5186 αὐτοῦ
2632 5129 2758 5201 δόξῃ
2780 5131 2846 5200 τῇ
2883 5128 2976 5181 ἐπὶ
3009 5127 3245 5190 τούτοις.
3278 5127 3443 5179 Ὥστε
3472 5128 3522 5180 εἰ
3554 5133 3694 5200 πρὸς

2108 5225 2266 5292 δόξαν
2304 5224 2467 5278 αὐτοῦ
2509 5226 2648 5276 εἰσιν
2682 5223 2737 5275 αἰ
2778 5218 3138 5289 ἐπαγγελίαι,
3162 5217 3382 5280 πάντως
3407 5218 3555 5289 καὶή
3588 5234 3690 5270 σω-

2110 5318 2280 5390 τηρία
2328 5317 2490 5389 ήμῶν
2534 5314 2746 5385 ἕψεται.
2785 5314 2851 5367 Ὃ
2882 5312 2978 5366 καὶ
3013 5312 3074 5363 ἐν
3117 5313 3186 5383 τῇ
3234 5309 3372 5381 πρὸς
3408 5309 3690 5379 Ἐφεσίους

2115 5410 2359 5482 συνεχῶς
2387 5407 2746 5479 περιστρέφει
2767 5404 2975 5473 λέγων·
3011 5401 3117 5468 Εἰς
3154 5402 3544 5470 περιποίησιν
3578 5398 3691 5465 τῆς

2111 5504 2302 5572 δόξης
2329 5501 2541 5557 αὐτοῦ.
2579 5502 2691 5554 Καὶ
2722 5494 3002 5567 πανταχοῦ
3034 5494 3195 5550 τοῦτο
3226 5494 3447 5564 τίθησι,
3475 5493 3692 5557 δεικνὺς

2115 5600 2178 5653 τὸ
2217 5598 2520 5664 ἀναγκαῖον
2556 5592 2659 5663 τῆς
2686 5591 2967 5654 ἐκϐάσεως
2990 5605 3006 5621 ⁶
3046 5590 3075 5644 δ
3111 5589 3209 5644 καὶ
3238 5587 3474 5650 ἐνταῦθά
3499 5604 3687 5659 φησιν,

2111 5694 2193 5746 ὅτι
2227 5691 2285 5745 αἰ
2314 5685 2636 5757 ἐπαγγελίαι
2668 5684 2835 5738 αὑτοῦ
2853 5684 2921 5737 οὐ
2950 5681 3256 5752 ψεύδονται.
3286 5681 3363 5733 Οὐ
3401 5682 3514 5752 γάρ
3543 5681 3693 5753 ἡμᾶς

2119 5785 2284 5853 μόνον
2326 5779 2593 5845 σώζουσιν
2611 5816 2627 5841 ,
2656 5777 2793 5832 ἀλλὰ
2826 5777 2921 5831 καὶ
2944 5776 3106 5831 αὐτὸν
3124 5771 3428 5837 δοξάζουσι.
3464 5774 3561 5844 Μὴ
3578 5771 3688 5826 τοί-
