4068 6476
237 489 340 546 ιυξ)

185 621 188 628 “
233 603 360 658 dum
379 610 540 658 esset.
561 600 724 658 Vides
735 615 948 657 rursum
961 607 1270 655 consuetam
1296 600 1394 671 ipsi
1410 601 1817 673 argumentandi

233 697 494 752 rationem
511 695 535 748 ?
551 694 705 751 Unde
722 694 865 751 enim
889 692 991 765 ipsi
1007 708 1066 750 se
1086 692 1406 764 probaturos
1423 694 1816 761 existimabant,

235 804 356 842 eum
385 787 452 842 iis
476 787 721 842 consiliis
761 786 858 849 uti,
889 801 1011 856 quae
1049 800 1079 840 a
1125 800 1290 840 carne
1329 786 1817 856 proﬁciscerentur,

233 882 376 954 quod
405 883 656 937 nimirum
689 881 967 951 promissis
996 896 1105 936 non
1127 882 1400 942 stet-isset;
1434 879 1558 934 hinc
1587 881 1702 950 ipse
1740 881 1820 935 vel

234 975 467 1030 maxime
488 989 548 1029 se
575 973 836 1042 spirituali
863 972 1088 1028 consilio
1114 972 1332 1027 ductum
1375 971 1539 1026 luisse
1563 972 1819 1035 ostendit,

233 1081 298 1122 ac
339 1076 526 1122 contra
563 1065 766 1121 carnali
794 1065 954 1120 modo
979 1065 1338 1135 cogitaturum
1371 1063 1533 1119 fuisse
1557 1105 1572 1130 ,
1617 1065 1660 1118 si
1690 1079 1822 1118 con-

235 1159 457 1215 trarium
505 1157 742 1213 fecisset.
776 1157 914 1224 Quid
953 1157 1132 1228 igitur,
1165 1156 1308 1212 dicet
1348 1156 1541 1226 aliquis
1565 1197 1581 1222 ,
1614 1171 1679 1208 an
1713 1170 1819 1210 non

232 1269 296 1308 ex
341 1253 539 1322 Spiritu
585 1251 854 1322 pollicitus
900 1249 1122 1306 fuerat?
1152 1251 1368 1311 Minime
1413 1266 1544 1304 vero
1579 1268 1591 1303 :
1621 1250 1819 1305 etenim

226 1347 337 1416 jam
358 1343 558 1398 dictum
571 1351 654 1399 est
668 1357 698 1397 a
721 1357 828 1408 me,
855 1357 958 1397 non
972 1342 1150 1397 omnia
1170 1357 1231 1396 ea
1254 1342 1416 1396 Paulo
1433 1341 1641 1411 cognita
1661 1340 1822 1396 luisse

231 1453 352 1508 qua-
395 1435 571 1490 futura
605 1443 760 1490 erant
799 1444 852 1490 et
878 1434 1269 1489 conducebant.
1306 1432 1430 1488 Ideo
1458 1433 1508 1487 in
1538 1431 1818 1502 superiore

231 1529 446 1600 quidem
477 1527 702 1598 epistola
733 1526 820 1582 his
838 1526 1016 1582 verbis
1041 1526 1222 1590 utitur,
1261 1523 1329 1580 Ut
1348 1541 1434 1579 vos
1460 1541 1538 1578 me
1557 1524 1822 1579 deducatis

230 1637 546 1692 quocumque
569 1620 867 1690 proficiscar
893 1619 912 1689 (
939 1620 990 1673 Ι.
1022 1617 1142 1672 Cor.
1177 1617 1262 1672 16.
1298 1616 1366 1688 6)
1393 1634 1407 1684 ;
1441 1617 1544 1672 hoc
1573 1616 1822 1672 videlicet

232 1723 498 1779 metuens,
531 1727 598 1767 ne
626 1727 748 1766 cum
785 1711 837 1764 in
864 1710 1106 1766 Judzeam
1136 1709 1378 1774 dixisset,
1411 1709 1517 1764 alio
1544 1709 1692 1764 abire
1730 1724 1822 1763 co-

230 1813 450 1875 geretur
481 1821 494 1857 :
527 1801 616 1858 bie
643 1812 843 1869 autem,
863 1801 1116 1872 quoniam
1141 1801 1240 1856 hac
1268 1817 1362 1872 spe
1377 1801 1596 1857 delusus
1627 1801 1816 1869 fuerat,

233 1897 374 1953 istud
419 1897 512 1963 ait,
545 1896 613 1951 Et
653 1913 685 1950 a
723 1897 860 1950 vobis
898 1896 1080 1950 deduci
1120 1895 1172 1949 in
1209 1894 1470 1949 Judaram.
1502 1894 1636 1950 Nam
1675 1894 1819 1965 quod

233 1988 474 2046 caritatis
495 1997 630 2052 erat,
660 1987 712 2042 id
757 1988 928 2056 ponit,
961 1985 1064 2042 hoc
1089 1996 1192 2051 est,
1215 1985 1281 2040 ad
1309 2000 1403 2041 eos
1427 1985 1613 2041 venire
1640 2005 1653 2040 :
1681 1985 1820 2054 quod

231 2092 414 2136 autem
458 2095 646 2136 eorum
683 2079 814 2134 nihil
846 2081 1105 2134 intererat
1129 2119 1142 2145 ,
1174 2093 1368 2148 nempe
1399 2087 1455 2133 ut
1485 2078 1537 2132 in
1581 2077 1820 2133 Judaeam

229 2173 440 2237 abiret,
507 2172 610 2226 hoc
687 2185 792 2225 non
861 2171 971 2239 jam
1040 2169 1242 2224 diserte
1302 2168 1471 2224 addit.
1531 2169 1818 2240 Postquam

230 2274 408 2320 autem
462 2264 740 2320 convictus
793 2273 930 2328 est,
970 2263 1056 2318 hic
1103 2263 1213 2332 jam
1264 2261 1493 2318 ﬁdenter
1534 2262 1703 2330 dicit,
1754 2260 1821 2316 In

231 2358 490 2413 Judaeum.
533 2359 708 2429 Atque
754 2356 856 2412 hoc
899 2357 1102 2411 utiliter
1148 2356 1526 2426 contingebat,
1584 2370 1650 2410 ne
1700 2355 1822 2424 quis

233 2451 467 2521 ipsorum
531 2450 836 2519 majorem,
897 2464 1054 2519 quam
1111 2462 1209 2519 par
1265 2456 1450 2516 esset,
1511 2446 1819 2518 opinionem

233 2543 300 2598 de
353 2557 420 2599 eo
474 2542 716 2598 haberet.
779 2541 991 2596 Etenim
1047 2541 1124 2604 si,
1187 2555 1308 2595 cum
1362 2539 1478 2595 hmc
1533 2540 1694 2594 etiam
1749 2539 1820 2593 ita

232 2651 290 2691 se
317 2634 611 2701 haberent,
650 2643 828 2689 tatnen
853 2649 958 2688 non
983 2633 1297 2696 defuerunt,
1324 2633 1413 2703 qui
1462 2642 1646 2687 tauros
1691 2629 1821 2702 ipsis

234 2727 509 2784 immolare
537 2727 776 2790 vellent;
827 2741 932 2796 quo
976 2725 1188 2780 tandem
1231 2724 1517 2793 impietatis
1548 2739 1653 2778 non
1697 2738 1822 2792 pro-

233 2821 500 2889 ruissent,
553 2820 652 2875 nisi
704 2819 866 2874 multa
924 2819 1170 2874 humanae
1226 2815 1603 2872 imbecillitatis
1658 2814 1820 2870 docu-

233 2923 412 2970 menta
453 2913 842 2986 praebuissent?
883 2912 948 2966 Et
992 2927 1086 2966 cur
1115 2911 1327 2965 miraris
1363 2925 1426 2966 ea
1456 2907 1634 2963 omnia
1655 2950 1669 2973 ,
1701 2923 1822 2978 qua:

233 3007 406 3063 futura
444 3015 630 3072 erant,
662 3005 826 3060 Paulo
868 3005 1088 3058 minime
1117 3013 1239 3057 nota
1269 3001 1462 3068 fuisse,
1505 3016 1628 3056 cum
1659 3001 1818 3055 etiam

234 3100 286 3156 in
319 3099 562 3170 precibus
589 3099 904 3168 plerumque
934 3095 1074 3167 quod
1118 3094 1368 3165 expediat
1406 3093 1658 3165 ignoret?
1687 3092 1824 3159 Quid

233 3194 374 3249 enim
415 3209 651 3258 oremus,
700 3192 904 3262 inquit,
946 3189 1368 3262 quemadmodum
1416 3196 1610 3258 Oportet
1663 3186 1823 3240 nesci-

235 3303 344 3341 mus
371 3286 561 3359 (Rom.
586 3286 639 3340 8.
662 3283 732 3339 26
756 3284 794 3355 ).
827 3283 936 3338 Nec
957 3297 1086 3337 vero
1115 3282 1217 3336 hoc
1243 3295 1310 3336 eo
1333 3280 1608 3335 dumtaxat
1632 3277 1725 3344 ait,
1766 3285 1826 3331 ut

235 3379 513 3436 modestia:
537 3378 842 3448 opinionem
865 3375 1081 3446 colligat
1102 3390 1116 3440 ;
1139 3373 1233 3430 sed
1250 3373 1410 3429 etiam
1433 3370 1688 3436 ostendit,
1707 3369 1825 3424 ubi-

238 3487 381 3539 nam,
411 3470 535 3541 quid
564 3471 614 3525 in
649 3469 898 3540 precibus
929 3468 1056 3522 utile
1082 3476 1246 3532 esset,
1281 3465 1560 3536 ignorarit.
1592 3463 1823 3520 Ubinam

237 3572 411 3619 autem
438 3561 738 3634 ignoravit?
764 3560 968 3629 Nempe
993 3575 1114 3613 eum
1143 3557 1390 3628 precibus
1410 3571 1439 3610 a
1468 3555 1580 3609 Deo
1603 3563 1826 3609 conten-

237 3656 418 3722 debat,
443 3665 499 3710 ut
519 3671 550 3710 e
576 3653 957 3709 tentatiouibus
981 3652 1302 3720 eriperetur,
1328 3647 1410 3703 his
1431 3646 1610 3702 verbis
1633 3655 1820 3701 utens:

239 3750 403 3802 Datus
442 3757 511 3801 est
546 3747 671 3801 mihi
710 3745 942 3799 stimulus
971 3743 1138 3796 carnis
1167 3740 1376 3810 angelus
1405 3749 1599 3792 satana:
1623 3737 1710 3806 qui
1749 3751 1828 3789 me

240 3839 538 3908 colapltizet.
572 3836 792 3907 Propter
817 3834 951 3905 quod
981 3843 1056 3887 ter
1083 3831 1361 3886 Dominum
1387 3829 1561 3899 rogavi
1579 3842 1598 3891 ;
1621 3837 1669 3881 et
1697 3826 1827 3878 dixit

241 3932 364 3986 mihi
392 3947 411 3986 :
439 3931 632 4001 Sufﬁcit
659 3930 746 3982 tibi
775 3929 938 3999 gratia
965 3943 1107 3991 mea;
1129 3926 1285 3979 virtus
1311 3923 1441 3977 enim
1471 3937 1581 3973 mea
1605 3922 1658 3973 in
1681 3919 1829 3987 inﬁr-

241 4025 412 4078 mitate
439 4022 700 4093 perﬁcitur
731 4021 805 4091 (ἓ.
837 4019 954 4074 Cor.
1013 4017 1101 4073 12.
1128 4017 1295 4086 7.-9).
1345 4014 1504 4069 V’idcs
1532 4012 1822 4084 quomodo,

240 4114 368 4186 quid
395 4129 460 4168 ex
489 4129 586 4168 usu
607 4120 773 4175 esset,
799 4110 1070 4181 postulare
1098 4106 1423 4164 nesciverit?
1445 4106 1521 4160 Ac
1546 4114 1827 4175 propterea

244 4223 348 4263 non
377 4205 604 4274 accepit,
627 4219 748 4258 cum
773 4213 948 4258 tamen
977 4216 1119 4272 szepe
1146 4199 1490 4271 postulasset.
1518 4197 1606 4254 18.
1634 4196 1829 4270 Fidelis

243 4305 412 4351 autem
436 4295 612 4362 Deus,
646 4296 763 4365 quia
793 4311 958 4348 sermo
988 4302 1177 4359 noster,
1209 4293 1296 4361 qui
1324 4292 1421 4361 fuit
1467 4289 1536 4344 ad
1577 4305 1664 4344 vos
1683 4332 1696 4356 ,
1727 4305 1830 4343 non

244 4390 343 4460 fuit
382 4389 473 4445 Est
515 4399 561 4443 et
599 4387 744 4443 Non.
787 4387 1131 4444 Exorientem
1176 4384 1529 4454 ohjcetioncm
1573 4381 1830 4453 praeclare

243 4483 479 4538 discutit.
511 4482 703 4538 Dicere
728 4481 869 4536 enim
901 4479 1198 4551 potuissent
1229 4497 1241 4530 :
1288 4476 1342 4532 Si
1371 4491 1492 4531 cum
1526 4477 1641 4546 ipse
1684 4486 1733 4529 te
1763 4473 1830 4528 ad

243 4592 346 4633 nos
369 4585 652 4633 venturum
682 4575 952 4647 receperis
973 4616 988 4642 ,
1034 4574 1086 4629 id
1119 4581 1294 4628 tamen
1335 4571 1511 4626 facere
1540 4570 1827 4636 distulisti,

243 4679 402 4740 atque
430 4669 500 4724 ita
530 4684 636 4725 non
665 4675 750 4724 est
777 4666 914 4738 apud
943 4675 1015 4732 te,
1047 4665 1141 4720 Est
1169 4673 1287 4732 est,
1320 4663 1434 4718 Non
1468 4678 1570 4716 non
1597 4702 1612 4729 ,
1647 4678 1829 4717 verum

243 4776 365 4833 quae
407 4777 553 4816 nunc
590 4761 724 4816 dicis
744 4801 758 4828 ,
795 4769 977 4830 postea
1008 4758 1272 4814 subvertis
1294 4798 1308 4822 ,
1349 4763 1408 4811 ut
1436 4755 1488 4810 in
1517 4763 1605 4809 tua
1638 4755 1703 4810 ad
1735 4771 1833 4810 nos

243 4851 575 4923 profectione
599 4851 804 4917 fecisti;
834 4865 914 4904 vae
953 4849 1127 4915 nobis,
1154 4848 1200 4908 si
1224 4848 1324 4902 hoc
1351 4861 1561 4918 quoque
1589 4847 1643 4901 in
1665 4861 1832 4901 evan-

246 4943 369 5012 gelii
397 4942 777 5014 prazdicatione
806 4941 1084 5012 contingit.
1117 4937 1185 4996 Ut
1213 4953 1340 5010 ergo
1364 4938 1480 4993 bmc
1510 4953 1608 4993 nec
1635 4938 1836 5009 cogita-

251 5044 366 5090 rent
393 5050 495 5090 nec
516 5035 973 5106 perturbarentur,
997 5033 1090 5099 ait,
1123 5030 1319 5085 Fidelis
1351 5030 1507 5096 Deus,
1534 5031 1652 5100 quia
1673 5047 1835 5084 sermo

247 5140 416 5184 uoster
441 5129 509 5186 ad
535 5144 620 5184 vos
644 5145 746 5182 non
774 5128 870 5199 fuit
901 5126 991 5181 Est
1021 5137 1068 5181 et
1101 5125 1246 5180 Non.
1279 5123 1392 5179 Hoc
1418 5125 1559 5179 enim
1578 5164 1594 5191 ,
1627 5123 1832 5194 inquit,

246 5223 299 5276 iu
331 5221 709 5292 prmdicatione
732 5235 836 5275 non
862 5218 1142 5289 contingit.
1177 5217 1270 5272 sed
1301 5218 1353 5271 in
1379 5217 1478 5271 viis
1505 5231 1567 5270 ac
1595 5217 1835 5287 peregri-

248 5313 558 5368 nationibus
587 5313 866 5368 dumtaxat
891 5330 904 5366 :
934 5325 1056 5365 nam
1085 5311 1137 5363 in
1166 5308 1543 5378 przedieatione
1578 5306 1730 5362 ﬁrma
1751 5317 1835 5362 at-

244 5421 354 5476 que
385 5406 606 5459 immota
654 5412 874 5458 manent
917 5418 1036 5474 qua:
1081 5401 1333 5455 diximus.
1387 5399 1488 5454 Per
1532 5411 1838 5454 sermonem

246 5497 392 5550 enint
423 5497 523 5552 hoc
553 5498 672 5551 loco
699 5494 1131 5565 praedicationem
1159 5491 1442 5561 signiﬁcat.
1474 5490 1666 5546 Postea
1699 5490 1835 5544 irre-

245 5587 466 5643 futabile
485 5597 858 5658 argumentum
884 5584 1042 5655 hujus
1062 5585 1139 5641 rei
1161 5585 1338 5650 aﬁ'ert,
1358 5581 1426 5637 ad
1452 5581 1616 5637 Deum
1640 5580 1743 5637 hoc
1769 5591 1841 5637 Iov

247 5690 364 5732 tum
393 5679 651 5735 referens.
685 5675 838 5744 Quod
874 5685 1052 5730 autem
1083 5676 1178 5743 ait,
1210 5675 1352 5730 hunc
1379 5687 1595 5729 sensum
1638 5672 1836 5726 habet:

245 5771 528 5827 Adventus
553 5773 656 5828 mei
701 5769 1017 5843 pollicitatio
1054 5783 1174 5824 mea
1212 5776 1361 5833 erat,
1409 5774 1568 5838 atque
1593 5781 1692 5838 ego
1719 5779 1837 5820 mea

245 5873 443 5934 sponte
479 5864 528 5919 id
556 5863 942 5936 promiseram;
973 5868 1028 5915 at
1051 5855 1363 5931 praedicatio
1391 5875 1496 5913 non
1527 5873 1644 5914 mea
1686 5870 1835 5922 erat,

248 5973 353 6013 nec
384 5958 615 6014 humana
639 5999 654 6028 ,
699 5955 793 6013 sed
841 5957 933 6013 Dei
964 5973 977 6012 :
1010 5953 1150 6026 quod
1196 5961 1376 6008 autem
1418 5952 1510 6008 Dei
1550 5959 1670 6021 est,
1703 5952 1755 6008 in
1788 5952 1837 6008 id

1342 486 1409 540 IN
1449 487 1661 544 EPIST.
1704 489 1742 544 ll
1802 491 1896 545 AD
1931 488 2083 544 (ΞΟΠ.
2127 489 2358 546 HOMIL.
2403 492 2520 548 lli.‘

3420 501 3520 557 410

1928 603 2264 658 mendacium
2301 607 2492 662 cadere
2521 609 2702 678 nequit
2727 628 2740 662 :
2770 610 2912 666 unde
2936 612 3096 667 etiam
3129 613 3290 680 dicit,
3327 612 3524 674 Fidelis

1929 705 2094 750 autem
2133 696 2306 764 Deus;
2339 701 2440 755 hoc
2471 711 2580 768 est,
2613 718 2795 758 verax.
2832 705 3191 773 Quamobrem
3235 709 3363 763 nihil
3404 719 3519 777 est,

1927 801 2026 841 cur
2046 802 2114 861 ea
2141 830 2156 856 ,
2203 806 2324 860 qua:
2352 791 2494 847 illius
2535 795 2870 861 suut,vobis
2909 809 3155 867 suspecta
3202 799 3312 855 sint
3341 817 3354 854 :
3390 803 3519 857 nihil

1927 879 2071 933 enim
2122 881 2174 935 in
2222 882 2352 950 ipsis
2401 882 2692 940 humanum
2738 897 2840 942 est.
2890 890 2967 944 Ac
3009 899 3356 963 posteaquam
3405 909 3522 948 ser-

1929 983 2141 1023 monem
2181 969 2348 1038 dixit,
2397 971 2465 1027 de
2493 989 2601 1044 quo
2649 992 2898 1032 sermone
2938 979 3224 1050 loquatur,
3259 983 3520 1053 deinceps

1927 1062 2163 1129 exponit.

1997 1151 2050 1206 4.
2093 1152 2346 1220 Quisnam
2391 1155 2552 1226 igitur
2594 1156 2683 1212 hic
2723 1173 2901 1215 sermo
2941 1163 3195 1219 est?'i9.
3243 1163 3340 1219 Dei
3381 1166 3515 1219 enim

1927 1242 2096 1298 Filius
2116 1287 2130 1309 ,
2157 1247 2244 1316 qui
2277 1247 2329 1300 in
2357 1249 2494 1305 vobis
2522 1266 2613 1319 per
2642 1268 2734 1304 uos
2762 1253 3070 1323 praedicatus
3091 1264 3164 1309 est
3188 1295 3204 1321 ,
3237 1273 3329 1327 per
3363 1274 3443 1312 me
3471 1269 3520 1313 et

1928 1337 2193 1393 Silvanum
2223 1351 2270 1394 et
2300 1341 2637 1413 Timotheum,
2669 1363 2771 1400 non
2799 1347 2900 1418 fuit
2928 1348 3021 1403 Est
3046 1359 3092 1403 et
3115 1349 3258 1405 Non.
3289 1351 3370 1408 Ob
3396 1367 3516 1408 eam

1926 1430 2070 1484 enim
2102 1447 2316 1487 causam
2343 1435 2722 1506 magistrorum
2751 1437 2974 1494 chorum
3005 1441 3057 1494 in
3088 1442 3325 1497 medium
3350 1441 3519 1498 addu-

1927 1522 2019 1588 cit,
2045 1522 2166 1578 hine
2191 1540 2405 1597 quoque
2433 1528 2740 1584 testimonio
2765 1545 2863 1584 suo
2886 1531 3045 1586 ﬁdem
3072 1531 3376 1601 adstruens,
3410 1549 3514 1589 non

1929 1629 2024 1683 per
2045 1615 2317 1671 auditores
2341 1628 2566 1686 tantum,
2595 1620 2690 1676 sed
2717 1623 2876 1677 ctiam
2904 1639 3000 1694 per
3028 1625 3331 1695 magistros.
3358 1628 3517 1698 Atqui

1927 1707 2168 1778 discipuli
2205 1711 2276 1763 illi
2303 1721 2478 1779 erant,
2505 1713 2598 1768 sed
2627 1715 2900 1770 modestiae
2922 1717 3098 1772 studio
3132 1733 3226 1773 eos
3262 1720 3318 1780 in
3346 1721 3518 1789 magi-

1927 1807 2159 1854 strorum
2187 1802 2364 1858 album
2394 1804 2576 1860 refert.
2605 1806 2742 1874 Quid
2765 1818 2942 1862 autem
2973 1818 3055 1864 est
3078 1849 3092 1874 ,
3129 1809 3252 1864 Non
3284 1813 3380 1882 fuit
3427 1810 3519 1865 Est

1927 1900 1974 1944 et
2002 1889 2172 1946 Non?
2209 1892 2325 1948 Non
2370 1910 2430 1949 ea
2468 1895 2742 1965 subverti,
2787 1899 2992 1969 inquit,
3030 1915 3150 1970 qua:
3183 1901 3331 1970 prius
3380 1902 3520 1956 inter

1926 1983 2353 2040 concionandum
2380 1986 2490 2041 dixi
2515 2006 2527 2042 :
2558 2004 2664 2043 non
2691 1989 2851 2044 modo
2883 1991 3004 2058 hoc,
3031 1992 3191 2048 modo
3223 1994 3352 2049 illud
3379 1997 3520 2065 apud

1926 2089 2023 2130 vos
2047 2075 2318 2133 disserui:
2349 2079 2452 2135 hoc
2491 2081 2634 2137 enim
2681 2097 2786 2137 non
2839 2083 2961 2138 ﬁdei
2989 2085 3180 2154 fuerit,
3215 2087 3308 2142 sed
3355 2089 3520 2142 animi

1926 2166 2245 2224 aberrantis.
2278 2169 2385 2225 Sed
2412 2169 2506 2226 Est
2531 2175 2584 2226 iu
2612 2173 2700 2227 illo
2731 2177 2845 2243 fuit.
2882 2175 2995 2231 lloe
3023 2187 3135 2246 est,
3169 2178 3424 2235 immotus
3457 2196 3521 2235 ac

1927 2259 2114 2316 ﬁrmus
2143 2277 2323 2317 sermo
2352 2274 2554 2320 manet.
2581 2265 2672 2318 20.
2710 2266 2965 2337 Quotquot
2995 2271 3127 2324 enim
3162 2272 3520 2342 promissioues

1927 2349 2024 2404 Dei
2053 2359 2190 2418 sunt,
2216 2353 2270 2406 in
2299 2353 2390 2408 illo
2420 2352 2535 2421 Est,
2565 2366 2612 2409 et
2648 2358 2698 2409 in
2726 2358 2837 2427 ipso
2865 2359 3045 2425 Amen,
3079 2359 3188 2414 Deo
3210 2363 3278 2414 ad
3301 2364 3520 2433 gloriam

1927 2458 2017 2510 per
2044 2458 2152 2497 nos.
2186 2443 2323 2510 Quid
2358 2453 2442 2500 est
2464 2485 2480 2512 ,
2515 2446 2769 2518 Quotquot
2809 2452 3167 2520 promissiones
3198 2452 3340 2508 Dei?
3369 2456 3517 2510 Prte-

1925 2534 2126 2589 dicatio
2173 2537 2481 2608 evangelica
2536 2539 2701 2594 multa
2766 2543 3154 2611 promittebat;
3209 2554 3369 2616 atque
3419 2548 3518 2618 ipsi

1927 2627 2092 2680 multa
2124 2627 2238 2682 haec
2267 2629 2650 2698 promittebant
2690 2647 2752 2685 ac
2785 2634 3170 2702 pratdicabant.
3207 2635 3340 2691 Nam
3368 2649 3422 2692 et
3451 2639 3523 2694 de

1927 2719 2324 2775 resurrectione
2356 2721 2516 2776 verba
2567 2722 2806 2779 fecerant
2830 2767 2846 2791 ,
2877 2735 2931 2780 et
2957 2725 3024 2782 de
3065 2731 3435 2798 assumptione
3463 2741 3519 2785 et

1926 2810 1994 2866 de
2025 2812 2429 2882 incorruptione
2456 2825 2510 2869 et
2533 2814 2600 2870 de
2622 2817 2828 2887 magnis
2851 2819 3088 2888 praemiis
3113 2830 3276 2891 atque
3301 2824 3514 2877 arcanis

1926 2906 2032 2960 illis
2063 2906 2242 2962 bouis.
2275 2907 2382 2962 Has
2415 2908 2574 2980 igitur
2600 2909 3016 2979 pollicitationes
3047 2913 3228 2968 ﬁrmas
3253 2928 3316 2970 ac
3350 2916 3518 2969 stahi-

1927 2998 2023 3062 les,
2055 3013 2274 3054 manere
2301 2999 2410 3064 ait;
2457 3009 2512 3056 et
2541 3016 2648 3056 non
2690 3001 2786 3057 fuit
2815 3001 2913 3058 Est
2938 3013 2992 3058 ct
3017 3004 3132 3059 Non
3173 3005 3229 3059 in
3257 3007 3382 3061 illis.
3407 3007 3526 3062 Hoe-

1927 3101 2029 3155 est,
2060 3107 2166 3146 non
2188 3093 2508 3165 quandoque
2538 3110 2686 3163 vera,
2719 3111 2838 3166 quae
2864 3096 2995 3163 dixi,
3024 3099 3345 3170 quandoque
3388 3100 3518 3156 lalsa

1930 3183 2161 3246 luerunt,
2195 3196 2253 3239 ut
2279 3200 2430 3242 meus
2458 3185 2521 3240 ad
2558 3201 2655 3241 vos
2680 3201 2931 3244 accessus
2952 3228 2968 3256 ,
3002 3189 3097 3245 sed
3137 3206 3350 3261 semper
3368 3207 3518 3247 vera.

1929 3275 2007 3330 Ac
2034 3277 2266 3345 primum
2297 3277 2511 3347 quidem
2541 3293 2638 3348 pro
2659 3278 2780 3334 ﬁdei
2804 3279 3140 3351 dogmatibus
3167 3296 3524 3354 sermoneque

1927 3366 1997 3421 de
2025 3366 2238 3422 Christo
2281 3368 2557 3424 contendit
2587 3369 2776 3426 dicens
2809 3388 2822 3424 :
2857 3371 3042 3426 Sermo
3069 3389 3209 3428 meus
3235 3383 3291 3428 et
3324 3375 3520 3444 prtedi-

1929 3459 2070 3513 catio
2112 3474 2229 3514 mea
2269 3476 2371 3514 non
2415 3461 2510 3532 fuit
2549 3461 2641 3514 Est
2675 3471 2720 3516 et
2762 3461 2883 3517 Non
2911 3475 2931 3518 :
2957 3463 3152 3519 deinde
3201 3479 3298 3535 pro
3353 3466 3546 3535 ipsius.

1931 3549 2405 3620 pollicitationibus
2437 3562 2634 3622 pugnat
2661 3569 2676 3610 :
2705 3552 2958 3624 Quotquot
2990 3556 3142 3622 enim,
3176 3555 3366 3626 inquit,
3399 3573 3522 3626 pro~

1931 3643 2198 3697 missiones
2227 3641 2324 3696 Dei
2351 3653 2489 3711 sunt,
2520 3644 2572 3697 in
2597 3643 2688 3698 illo
2717 3641 2827 3699 Est.
2857 3644 3012 3712 Quod
3037 3647 3082 3700 si
3111 3646 3262 3700 ﬁrma
3287 3662 3349 3702 ac
3375 3658 3547 3703 certa

1932 3744 2057 3790 sunt
2083 3752 2201 3806 qua:
2232 3737 2504 3804 promisit,
2544 3753 2644 3792 nec
2669 3736 2891 3793 dubium
2930 3749 3012 3794 cst
3039 3740 3168 3811 quin
3198 3756 3260 3796 ea
3297 3741 3545 3797 daturus.

1932 3826 2022 3893 sit,
2059 3827 2224 3881 multo
2253 3829 2434 3898 utique
2464 3829 2634 3899 magis
2661 3832 2796 3899 ipse,
2826 3845 2889 3884 ac
2919 3845 3098 3885 sermo
3119 3832 3209 3902 qui
3239 3831 3308 3887 de
3332 3847 3397 3887 eo
3423 3832 3522 3886 ha-

1931 3918 2108 3984 betur,
2143 3916 2327 3972 ﬁrmus
2367 3934 2432 3974 ac
2461 3928 2639 3974 certus
2664 3928 2746 3974 est
2778 3937 2792 3983 ;
2836 3936 3010 3990 neque
3040 3921 3184 3977 istud
3212 3922 3317 3978 diei
3348 3933 3526 3994 potest

1932 4012 2072 4081 quod
2103 4026 2243 4065 nunc
2272 4011 2486 4082 quidem
2511 4013 2601 4077 sit,
2637 4029 2777 4069 nunc
2803 4025 2982 4069 autem
3015 4032 3123 4071 non
3149 4017 3238 4083 sit,
3266 4019 3361 4074 sed
3382 4033 3525 4075 sem-

1934 4119 2030 4174 per
2051 4113 2151 4169 est,
2183 4113 2343 4174 atque
2371 4104 2512 4160 idem
2545 4117 2646 4161 est.

2006 4195 2270 4250 Promissa
2318 4195 2411 4251 Dei
2442 4215 2592 4268 quam
2632 4201 2800 4268 firma.
2826 4198 3054 4269 —Quid
3086 4211 3168 4256 est
3206 4212 3384 4258 autem
3409 4245 3424 4270 ,
3458 4203 3524 4257 In

1935 4287 2025 4344 illo
2057 4288 2180 4354 Est,
2211 4301 2259 4344 et
2289 4290 2444 4345 Amen
2467 4291 2493 4343 .9
2521 4291 2614 4346 llis
2641 4291 2821 4348 verbis
2865 4292 2918 4347 id
2947 4293 3090 4364 quod
3125 4295 3345 4349 omnino
3385 4295 3530 4350 futu-

1938 4397 2055 4436 rum
2086 4391 2170 4437 est
2198 4383 2480 4452 signiﬁcat.
2514 4383 2908 4441 Promissiones
2935 4385 3080 4440 enim
3114 4387 3165 4440 in
3189 4385 3304 4456 ipso
3325 4402 3388 4443 ac
3419 4404 3523 4441 non

1938 4472 1990 4528 in
2019 4473 2255 4540 homine,
2282 4473 2382 4528 hoc
2413 4474 2643 4539 habent,
2675 4484 2734 4530 ut
2756 4476 3069 4548 contingant
3098 4486 3153 4533 et
3183 4474 3520 4548 expleantur.

1937 4566 2114 4634 Quare
2144 4564 2276 4619 nihil
2305 4574 2388 4620 est
2425 4565 2566 4636 quod
2596 4574 2840 4622 metuas:
2871 4581 2980 4622 non
3015 4567 3158 4623 enim
3199 4566 3360 4622 homo
3402 4576 3482 4622 est
3509 4607 3525 4632 ,

1941 4667 1996 4712 ut
2022 4667 2330 4728 suspectum
2358 4673 2483 4714 eum
2513 4657 2714 4720 habere
2750 4659 2923 4730 possis
2945 4700 2959 4725 ,
3003 4658 3098 4714 sed
3129 4659 3271 4714 Deus
3299 4701 3314 4727 ,
3358 4660 3447 4729 qui
3476 4668 3535 4714 et.

1939 4751 2075 4806 dixit
2095 4760 2150 4807 et
2174 4751 2377 4822 explet.
2407 4751 2514 4806 Deo
2546 4752 2614 4806 ad
2642 4753 2859 4824 gloriam
2887 4769 2976 4824 per
3005 4769 3117 4807 nos.
3145 4751 3284 4820 Quid
3314 4761 3417 4819 est,
3451 4753 3554 4806 Ad'

1941 4845 2158 4918 gloriam
2205 4862 2295 4915 per
2338 4861 2430 4899 nos
2455 4846 2478 4898 ἲ
2507 4845 2611 4900 Eas
2642 4861 2738 4916 per
2775 4861 2874 4901 nos
2907 4847 3121 4916 explet;
3150 4847 3256 4903 hoc
3287 4857 3405 4914 est,
3436 4861 3531 4917 per

1941 4938 2135 4992 collata
2166 4938 2216 4990 in
2250 4951 2349 4991 nos
2384 4936 2642 4993 beneﬁcia
2688 4937 2754 4994 ad
2798 4937 3021 5010 gloriam
3057 4940 3148 4995 Dei
3178 4957 3192 4994 :
3241 4940 3344 4996 hoc
3386 4941 3557 4997 enim:

1942 5038 2023 5084 est
2043 5070 2058 5096 ,
2091 5027 2201 5083 Deo
2224 5029 2292 5082 ad
2320 5029 2556 5100 gloriam.
2589 5027 2644 5084 Si
2672 5039 2848 5085 autem
2885 5030 2952 5087 ad
2984 5030 3079 5087 Dei
3108 5031 3334 5103 gloriam
3359 5073 3376 5101 ,
3405 5033 3533 5105 quin

1945 5123 2038 5177 ﬁat
2066 5135 2172 5176 non
2199 5129 2282 5178 est
2310 5120 2662 5176 dubitandum
2680 5162 2696 5189 ,
2732 5131 2842 5177 tum
2869 5125 2992 5193 quia
3013 5163 3027 5186 ,
3060 5124 3275 5178 etiamsi
3303 5123 3556 5180 salutem.

1946 5223 2181 5269 nostram
2203 5213 2532 5283 contemptui
2555 5212 2798 5280 haberet,
2819 5227 2924 5268 non
2944 5221 3119 5269 tamen
3135 5213 3361 5285 gloriam
3384 5230 3536 5271 suam
3579 5258 3584 5263 .

1944 5313 2349 5375 contempturus
2371 5315 2452 5360 est
2476 5322 2492 5370 ;
2517 5313 2626 5360 tum
2651 5305 2772 5376 quia
2798 5305 3121 5376 singularem
3140 5321 3263 5377 erga
3289 5305 3539 5370 homines

1946 5396 2373 5453 benevolentiam
2405 5397 2561 5468 gerit.
2609 5397 2761 5453 Adde
2811 5397 2955 5469 quod
3004 5405 3189 5452 nostra
3237 5399 3384 5454 salus
3415 5416 3537 5455 cum

1944 5489 2112 5558 gloria
2142 5502 2225 5554 ea,
2255 5503 2372 5559 qua:
2405 5487 2529 5542 hinc
2575 5487 2647 5542 ad
2685 5489 2857 5557 ipsum
2901 5487 3081 5556 redit,
3112 5488 3401 5559 conjuncta
3431 5501 3534 5545 est.

1945 5578 2063 5646 Quo
2093 5578 2184 5644 ﬁt,
2217 5588 2276 5633 ut
2303 5594 2425 5635 cum
2457 5579 2842 5648 promissiones
2872 5578 2939 5634 ad
2968 5580 3134 5650 ipsius
3159 5581 3382 5652 gloriam
3414 5596 3538 5650 per-

1949 5673 2149 5724 tineant
2172 5712 2186 5736 ,
2219 5670 2441 5726 dubium
2473 5686 2593 5726 esse
2625 5686 2732 5726 non
2762 5673 2966 5743 possit,
2994 5673 3120 5743 quin
3152 5673 3297 5728 salus
3319 5687 3534 5743 quoque

1949 5772 2130 5818 nostra
2158 5772 2535 5834 consequatur.
2563 5763 2713 5830 Quod
2737 5765 2895 5818 etiam
2925 5764 2977 5818 in
3008 5764 3243 5834 Epistola
3265 5764 3330 5818 ad
3354 5763 3538 5833 Ephe-

1949 5858 2059 5911 sios
2085 5856 2275 5911 crebro
2302 5855 2531 5910 inculcat
2559 5855 2742 5910 dicens
2776 5875 2789 5908 :
2825 5857 2889 5908 lu
2933 5855 3312 5921 acquisitionem
3354 5856 3534 5926 gloria:

1955 5951 2111 6023 ipsius
2143 5949 2356 6022 (Ep/tes.
2391 5950 2439 6004 1.
2478 5950 2584 6020 14).
2617 5951 2788 6019 Atque
2835 5949 3030 6020 ubique
3075 5948 3217 6005 istud
3263 5949 3445 6021 ponit,
3469 5961 3569 6009 ut.
