4068 6434
560 450 658 506 Mi

558 561 805 618 ostetidat
845 559 896 613 id
938 537 1240 611 necessario
1265 559 1578 606 eventurum
1607 565 1620 601 :
1652 547 1791 618 quod
1823 547 1983 602 etiam
2029 545 2130 602 hoc

562 656 682 709 loco
709 655 811 716 ait,
848 663 1037 716 nempe
1072 645 1210 716 quod
1264 644 1432 712 ipsius
1476 638 1892 712 pollicitationes
1913 637 2130 692 minime

563 747 764 799 fallant.
817 743 996 811 Neque
1038 739 1178 793 enim
1221 736 1374 790 nobis
1415 734 1690 789 dumtaxat
1732 731 1990 796 salutem,
2037 727 2132 783 sed

563 836 673 904 ipsi
692 817 898 905 quoque
923 832 1146 901 gloriam
1185 827 1432 882 alierum.
1479 825 1556 880 Ne
1599 837 1729 894 ergo
1777 822 1906 876 illud
1957 832 2131 876 tecum

561 937 797 996 reputes,
826 923 966 994 quod
995 915 1088 992 per
1117 936 1214 976 nos
1254 921 1354 975 ista
1404 921 1662 989 promissa
1706 916 1812 972 sint
1832 956 1848 982 ,
1877 930 1976 970 nec
2015 931 2136 984 pro-

565 1028 743 1086 pterea
771 1016 838 1071 de
873 1016 938 1071 iis
968 1014 1178 1070 dubites
1209 1031 1222 1066 :
1255 1027 1427 1082 neque
1453 1010 1595 1066 enim
1626 1025 1720 1079 per
1748 1023 1847 1062 nos
1867 1051 1882 1072 ,
1913 1007 2009 1062 sed
2041 1022 2138 1077 per

562 1125 684 1166 eum
727 1108 1043 1178 explentur;
1073 1115 1128 1163 et
1171 1105 1553 1177 promis-siones
1599 1117 1694 1172 per
1737 1102 1909 1172 ipsum
1959 1107 2130 1161 sunt;

566 1216 670 1254 non
697 1199 841 1254 enim
869 1204 1052 1252 nostra
1077 1237 1093 1262 ,
1139 1196 1231 1250 sed
1267 1210 1384 1266 quae
1411 1194 1501 1248 Dei
1535 1201 1678 1256 sunt,
1708 1191 1861 1245 vobis
1884 1190 2134 1244 diximus.

565 1277 658 1344 2f.
691 1283 793 1358 Qui
831 1299 996 1343 autem
1025 1287 1290 1357 conﬁrmat
1330 1301 1420 1339 nos
1446 1284 1698 1338 vobiscum
1727 1284 1778 1336 in
1809 1281 2008 1336 Christo
2034 1321 2051 1343 ,
2091 1291 2139 1334 et

499 1373 504 1379 ”
565 1384 651 1454 qui
677 1383 817 1436 unxit
855 1398 967 1445 nos,
1001 1379 1173 1443 Deus;
1197 1377 1287 1432 22.
1331 1378 1418 1447 qui
1454 1385 1499 1428 et
1527 1375 1740 1446 signavit
1768 1390 1853 1427 vos
1874 1414 1888 1438 ,
1928 1381 1974 1425 et
2003 1371 2140 1424 dedit

568 1474 750 1546 pignus
821 1471 1047 1550 Spiritus
1117 1471 1168 1522 in
1226 1467 1460 1522 cordibus
1515 1467 1721 1519 nostris.
1773 1464 2000 1517 Rursum
2045 1477 2140 1531 per

567 1563 834 1633 praeterita
867 1561 1022 1615 ﬁdem
1074 1559 1261 1613 futuris
1299 1557 1570 1612 conciliat.
1616 1555 1748 1609 Nam
1791 1555 1835 1608 si
1873 1554 1986 1622 ipse
2017 1560 2138 1617 est,

566 1657 656 1726 qui
685 1670 781 1714 nos
809 1654 860 1713 in
891 1653 1100 1708 Christo
1131 1650 1449 1713 conﬁrmat,
1480 1647 1582 1702 hoc
1604 1656 1706 1712 est,
1737 1647 1825 1716 qui
1857 1660 1952 1697 nos
1979 1658 2007 1696 a
2039 1642 2143 1697 ﬁde

568 1761 688 1818 qua:
735 1744 785 1801 in
811 1743 1081 1799 Christum
1111 1750 1188 1797 est
1222 1738 1479 1794 dimoveri
1513 1752 1619 1792 non
1646 1736 1811 1800 sinit;
1843 1743 2000 1804 atque
2030 1733 2142 1801 ipse

570 1838 728 1892 ctiam
762 1844 844 1891 est
867 1877 882 1901 ,
915 1835 1007 1904 qui
1051 1849 1148 1886 nos
1177 1833 1365 1899 unxit,
1399 1829 1763 1900 Spiritumqne
1802 1827 1854 1880 in
1893 1823 2144 1879 cordibus

573 1930 767 1983 liOsll‘iS
802 1927 948 1982 dedit
977 1945 989 1980 ;
1018 1925 1286 1997 quomodo
1327 1939 1430 1977 non
1476 1921 1647 1976 futura
1677 1933 1887 1989 quoque
1925 1918 2145 1971 daturus

572 2029 652 2077 cst
673 2019 696 2071 ?
721 2018 850 2072 Nam
879 2033 998 2073 cum
1031 2016 1288 2087 principia
1331 2024 1386 2069 et
1429 2012 1707 2068 materiam
1745 2025 1808 2064 ac
1832 2008 2065 2064 radicem
2093 2015 2146 2061 et

575 2113 793 2176 t'oiitem,
820 2110 920 2164 hoc
951 2119 1052 2172 est,
1085 2124 1263 2162 veram
1295 2107 1460 2176 ipsius
1488 2103 1845 2175 cognitionem
1887 2115 1948 2155 ac
1973 2098 2145 2169 Spiri-

577 2215 660 2256 tus
687 2202 1149 2274 participationem
1179 2199 1399 2268 largitus
1424 2197 1495 2251 sit
1527 2214 1540 2250 :
1571 2195 1658 2265 qui
1699 2194 1814 2249 ﬁeri
1844 2200 2058 2264 potest,
2091 2199 2149 2244 ut

579 2313 682 2349 non
723 2311 785 2349 ea
815 2296 974 2360 etiam
1011 2294 1267 2364 largiatur
1290 2333 1302 2355 ,
1345 2306 1465 2362 qua:
1488 2304 1552 2344 ex
1586 2289 1668 2342 his
1696 2285 1985 2342 oriuntur?
2014 2285 2145 2340 Nam

576 2403 697 2440 cum
727 2386 813 2440 illa
843 2385 1030 2440 horum
1051 2399 1208 2440 causa
1236 2383 1502 2439 donentur
1524 2421 1541 2448 ,
1575 2381 1742 2434 multo
1771 2378 1938 2448 magis
1966 2378 2030 2442 is,
2058 2377 2146 2447 qui

577 2478 642 2529 Ιιί
661 2492 691 2530 c
719 2475 886 2540 dedit,
925 2475 1011 2529 illa
1041 2489 1253 2544 quoque
1281 2472 1541 2544 praebebit
1569 2489 1582 2526 :
1611 2480 1810 2525 etcum
1843 2471 1956 2523 lucc
1976 2469 2150 2524 adhuc

539 2547 542 2552 ’
576 2566 818 2623 hostibus
838 2565 1066 2629 dederit,
1091 2566 1256 2620 multo
1283 2565 1452 2635 magis
1477 2564 1565 2618 illa
1593 2563 1780 2618 amicis
1807 2562 2046 2617 donabit.
2072 2563 2148 2615 Ac

575 2658 800 2732 proinde
845 2675 912 2713 ne
949 2658 1203 2727 Spiritum
1240 2659 1454 2729 quidem
1503 2657 1821 2725 simpliciter
1849 2657 1982 2711 dixit
2008 2697 2022 2720 .
2054 2655 2150 2710 sed

576 2752 765 2821 pignus
797 2749 1110 2815 nominavit,
1141 2759 1198 2803 ut
1229 2765 1324 2819 per
1343 2749 1446 2804 hoc
1473 2748 1541 2804 de
1568 2757 1678 2803 toto
1705 2747 1950 2803 ﬁduciam
1971 2748 2152 2802 conci-

577 2842 714 2914 pias.
744 2840 926 2911 Neque
947 2841 1088 2894 enim
1119 2842 1162 2895 si
1195 2850 1361 2895 totum
1391 2840 1611 2895 daturus
1635 2855 1740 2893 non
1767 2849 1930 2905 esset,
1961 2839 2152 2910 pignus

578 2932 839 3004 praebere,
872 2946 933 2985 ac
955 2931 1144 2985 frustra
1173 2939 1227 2985 et
1251 2940 1450 2985 temere
1478 2930 1701 2999 perdere
1728 2930 1780 2984 in
1802 2931 2035 2983 animum
2066 2930 2150 2981 in-

578 3025 836 3079 duxisset.
880 3024 956 3077 Ac
988 3023 1143 3086 vide,
1186 3037 1384 3092 quaeso,
1431 3021 1578 3078 Pauli
1630 3021 1968 3091 probitatem.
2013 3019 2149 3086 Quid

581 3115 745 3178 enim,
778 3114 968 3184 inquit,
996 3113 1174 3167 dicere
1194 3113 1402 3176 attinet,
1435 3113 1846 3178 promissionum
1873 3113 2151 3166 veritatem

582 3209 634 3266 in
664 3205 816 3259 nobis
856 3205 1077 3259 minime
1112 3204 1264 3258 sitam
1295 3203 1456 3259 esse?
1487 3207 1594 3258 imo
1619 3202 1722 3258 hoc
1751 3205 1922 3273 ipsum
1948 3245 1964 3269 ,
2010 3204 2152 3274 quod

584 3314 676 3353 vos
707 3299 841 3353 ﬁrmi
871 3306 1032 3367 atque
1063 3298 1363 3374 immobiles
1403 3297 1556 3351 statis
1580 3337 1596 3362 ,
1628 3312 1734 3351 non
1766 3297 1818 3351 in
1847 3296 2002 3352 nobis
2025 3307 2107 3352 est
2131 3338 2149 3364 ,

583 3391 675 3445 sed
705 3390 793 3446 Dei
834 3388 1147 3445 beneﬁcium
1178 3397 1260 3446 est
1289 3405 1302 3444 :
1337 3387 1438 3454 Qui
1466 3388 1608 3443 enim
1635 3389 1899 3458 conﬁrmat
1928 3405 2043 3452 vos,
2075 3389 2154 3443 in-

581 3483 718 3554 quit,
748 3482 884 3537 Deus
908 3491 998 3536 est.
1030 3480 1145 3536 Non
1186 3495 1312 3551 ergo
1346 3496 1445 3535 nos
1486 3495 1670 3536 sumus
1694 3521 1710 3546 ,
1736 3481 1827 3551 qui
1858 3495 1953 3534 vos
1994 3480 2152 3535 fulci-

584 3557 702 3637 nius
730 3593 743 3628 :
777 3588 898 3628 nam
928 3573 1025 3644 ipsi
1053 3588 1267 3643 quoque
1301 3572 1665 3629 conﬁrmantis
1685 3587 1788 3642 ope
1832 3572 2149 3643 indigemus.

580 3663 842 3731 Quocirca
879 3679 985 3717 non
1013 3675 1126 3729 est,
1155 3662 1295 3734 quod
1323 3664 1601 3734 quisquam
1636 3663 2067 3733 prtedicationem
2099 3665 2152 3718 in

583 3756 736 3818 nobis
763 3755 1047 3825 periclitari
1079 3755 1348 3810 existimet
1377 3773 1390 3808 :
1424 3756 1538 3825 ipse
1569 3764 1736 3810 totum
1769 3755 1870 3812 hoc
1900 3757 1951 3811 in
1990 3771 2049 3811 se
2072 3771 2156 3812 re-

582 3846 745 3916 cepit,
772 3846 868 3916 ipsi
900 3846 1060 3900 totius
1092 3846 1287 3916 negotii
1319 3861 1444 3900 cura
1473 3855 1575 3901 est.

655 3940 708 3994 5.
749 3939 882 4005 Quid
912 3948 1087 3994 autem
1113 3949 1215 4003 est,
1249 3939 1349 4007 Qui
1377 3939 1520 3993 unxit
1545 3948 1593 3994 et
1618 3939 1880 4010 signavit?
1906 3939 2020 3995 Hoc
2041 3948 2151 4005 est,

584 4032 672 4099 qui
700 4030 951 4099 Spiritum
982 4030 1148 4097 dedit,
1179 4045 1275 4100 per
1299 4045 1458 4101 quem
1487 4039 1772 4100 utrumque
1803 4030 1992 4085 horum
2022 4030 2154 4085 ell'e-

582 4124 676 4189 cit,
709 4121 958 4176 nimirum
990 4121 1144 4177 simul
1175 4131 1230 4176 et
1256 4121 1544 4190 prophetas
1569 4131 1619 4176 et
1650 4121 1957 4176 sacerdotes
1986 4131 2039 4174 et
2069 4137 2156 4177 re-

583 4229 676 4288 ges
705 4211 942 4268 efﬁciens
971 4231 985 4267 :
1017 4211 1281 4284 siquidem
1329 4212 1443 4267 haec
1481 4212 1756 4266 hominum
1785 4227 1981 4282 genera
2027 4212 2154 4267 olim

584 4304 935 4374 nngebantur.
978 4304 1046 4358 At
1074 4319 1172 4358 nos
1199 4317 1303 4357 non
1332 4318 1489 4356 unam
1515 4343 1530 4369 ,
1571 4301 1663 4357 sed
1697 4311 1807 4358 tres
1835 4303 1963 4356 istas
1985 4303 2156 4373 digni-

586 4408 722 4454 tates
771 4397 1141 4469 prmstantiore
1185 4395 1492 4452 conditione
1534 4395 1839 4450 obtinemus
1881 4414 1895 4450 :

583 4507 750 4562 regno
776 4490 991 4560 potituri
1029 4503 1234 4554 sumus,
1267 4495 1342 4555 et,
1373 4502 1494 4542 cum
1526 4487 1756 4540 victimae
1784 4486 1901 4540 loco
1929 4501 2155 4558 corpora

583 4592 763 4636 nostra
781 4580 1071 4645 offerimus,
1093 4579 1401 4634 sacerdotes
1423 4577 1704 4642 efﬁcimur;
1726 4575 1970 4632 Exhibete
1988 4581 2151 4648 enim,

581 4673 772 4741 inquit,
804 4672 1026 4733 membra
1076 4678 1240 4724 vestra
1288 4669 1506 4724 hostium
1547 4668 1833 4734 viventem,
1880 4670 2156 4740 placentem

583 4762 691 4818 Deo
713 4761 886 4830 (Rom.
915 4761 1001 4816 i2.
1027 4760 1083 4831 1)
1105 4777 1118 4822 ;
1151 4767 1309 4830 atque
1335 4761 1552 4830 insuper
1577 4761 1850 4834 prephetm
1873 4762 2156 4818 c0iistitui-

581 4868 721 4908 mur.
749 4852 876 4919 Quae
901 4851 1033 4905 enim
1061 4849 1238 4904 oculus
1267 4866 1368 4912 non
1397 4851 1541 4912 vidit,
1571 4866 1662 4904 nec
1687 4851 1826 4905 auris
1852 4853 2065 4918 audivit,
2097 4869 2158 4908 ea

580 4944 723 4998 nobis
753 4943 1006 5014 patefacta
1034 4952 1152 4997 sunt
1179 4941 1255 5014 (l.
1285 4940 1405 4997 Cor.
1440 4941 1496 5002 2.
1525 4941 1606 5013 9).
1639 4942 1969 5014 Quamquam
1995 4945 2154 4999 etiam

579 5038 682 5092 alia
704 5036 911 5092 ratione
940 5050 1095 5106 reges
1121 5034 1387 5090 efﬁcimur
1405 5075 1420 5098 ,
1461 5035 1507 5088 si
1536 5035 1793 5106 improbis
1816 5038 2155 5116 cogitationi-

580 5130 682 5186 bus
707 5130 972 5201 imperare
1015 5128 1363 5183 voluerimus.
1405 5125 1536 5182 Nam
1563 5129 1706 5199 quod
1733 5129 1780 5184 is
1806 5129 1897 5200 qui
1915 5129 2058 5185 atalis
2087 5131 2158 5185 sit

579 5230 789 5291 regnet,
811 5230 868 5276 et
890 5221 1100 5290 quidem
1123 5222 1312 5292 magis,
1335 5235 1494 5292 quam
1520 5205 1608 5290 qui
1629 5221 2157 5278 diadematecinctus

580 5323 684 5378 est,
713 5313 912 5382 liquido
930 5313 1036 5390 jam
1064 5312 1217 5367 vobis
1236 5313 1637 5376 demonstrabo.
1670 5314 1864 5368 Multos
1891 5315 1978 5368 ille
2002 5330 2155 5369 exer-

577 5407 714 5460 citus
741 5405 931 5469 habet;
972 5415 1027 5458 at
1077 5419 1174 5461 nos
1201 5420 1413 5476 quoque
1442 5406 1624 5475 plures
1662 5406 1771 5460 illis
1798 5407 2154 5476 cogitationes

579 5497 874 5551 habemus:
903 5511 1074 5566 neque
1104 5497 1244 5550 enim
1277 5495 1480 5549 inﬁnita
1510 5495 1910 5564 cogitationum,
1943 5512 2060 5566 qua:
2099 5499 2155 5554 in.

578 5590 736 5651 nobis
777 5597 940 5654 sunt,
981 5571 1267 5644 multitudo
1306 5588 1609 5643 enumerari
1652 5597 1841 5656 potest.
1887 5588 1998 5643 Nec
2027 5604 2154 5644 vero

581 5681 973 5735 multitudinem
1001 5679 1282 5733 dumtaxat
1307 5679 1500 5738 intueri
1532 5678 1676 5745 licet,
1706 5679 1800 5733 sed
1828 5679 1986 5732 etiam
2015 5679 2154 5733 mul-

577 5789 662 5833 tos
700 5779 752 5832 in
784 5781 884 5834 hac
915 5777 1295 5850 cogitationum
1325 5775 1478 5844 ecpia
1505 5774 1668 5828 duces
1688 5815 1701 5837 ,
1735 5771 1974 5828 tribunos
1997 5816 2012 5834 .
2045 5783 2156 5828 tnr-

579 5884 782 5926 marum
825 5869 1131 5943 praefectos,
1175 5865 1511 5937 sagittarios,
1553 5863 1958 5926 funilibularios.
2005 5866 2144 5936 Quid

1285 438 1341 495 S.
1377 435 1652 494 JOANNlS
1687 431 2158 490 CHRYSOSTOMI
2200 431 2510 486 AllClllEP.
2536 433 3063 493 CONSTANTINOP.

1943 4411 2062 4449 nam
2103 4406 2157 4451 et
2200 4409 2204 4414 ’

3705 444 3809 504 M2

2234 545 2374 600 aliud
2396 555 2498 611 est,
2520 548 2659 616 quod
2689 564 2862 620 regem
2891 552 3128 608 efﬁciat?
3154 557 3443 611 vestesne?
3474 560 3541 612 At
3568 558 3654 616 hic
3676 578 3811 632 quo-

2234 651 2339 705 que
2364 637 2567 691 meliori
2599 653 2660 693 ac
2690 643 3044 706 praestantiori
3079 656 3223 698 veste
3260 648 3491 702 amictus
3514 659 3616 714 est,
3645 668 3806 721 quam

2236 741 2334 780 nec
2365 728 2501 780 tinea
2529 739 2710 793 exest,
2743 745 2840 785 nec
2866 742 3101 788 vetustas
3125 735 3358 790 conﬁcit.
3389 738 3527 806 Quin
3555 743 3812 812 multipli-

2235 830 2353 870 cem
2379 832 2588 886 quoque
2629 835 2880 874 coronam
2908 822 3070 879 habet
3091 867 3106 891 ,
3138 842 3328 897 nempe
3355 830 3542 898 gloriae
3572 841 3626 885 et
3653 836 3814 888 mise-

2239 907 2499 962 rationum
2528 908 2620 964 Dei
2647 928 2660 963 :
2691 910 2910 965 Benedic
2939 915 3104 978 enim,
3134 916 3338 986 inquit,
3369 922 3544 973 anima
3568 939 3678 976 mea
3704 923 3815 977 Do-

2239 999 2374 1051 mino
2395 1040 2410 1064 ,
2437 1001 2523 1069 qui
2551 1012 2760 1054 coronat
2786 1014 2833 1056 te
2869 1005 2922 1058 in
2959 1007 3304 1061 misericordia
3339 1021 3385 1064 et
3411 1013 3816 1069 miserationibus

2240 1088 2408 1158 (Psal.
2441 1090 2562 1146 102.
2590 1092 2647 1146 2.
2679 1093 2732 1165 4)
2768 1111 2782 1148 :
2831 1105 2885 1150 et
2910 1097 3131 1166 gloriae;
3169 1099 3344 1154 Gloria
3378 1106 3519 1158 enim
3540 1146 3555 1172 ,
3599 1107 3810 1175 inquit,

2240 1191 2284 1234 et
2312 1181 2501 1236 honore
2527 1187 2781 1240 coronasti
2806 1203 2919 1240 eum
2951 1187 3120 1254 (Psal.
3151 1191 3204 1246 8.
3232 1191 3290 1261 6)
3315 1210 3328 1246 :
3360 1203 3414 1249 et
3445 1197 3597 1251 home
3626 1199 3818 1254 Vullm-

2243 1275 2405 1334 tatis;
2441 1273 2508 1329 Ut
2535 1287 2681 1331 scuto
2715 1279 2857 1332 enim
2880 1321 2894 1344 ,
2927 1280 3132 1350 inquit,
3179 1284 3324 1339 bonae
3364 1289 3638 1346 voluntatis
3665 1309 3814 1346 coro-

2243 1366 2374 1418 nasti
2402 1383 2493 1422 nos
2521 1367 2692 1434 (Psal.
2711 1370 2766 1424 5.
2793 1371 2881 1442 l3)
2914 1391 2928 1426 :
2951 1382 3004 1426 et
3028 1375 3351 1443 gratiarum;
3377 1378 3628 1435 Coronam
3647 1384 3813 1447 enim,

2183 1521 2191 1532 .
2244 1457 2453 1527 inquit,
2502 1461 2784 1530 gratiarum
2827 1464 3040 1534 accipies
3078 1468 3231 1536 capiti
3273 1479 3358 1522 tuo
3400 1470 3598 1540 (Prov.
3639 1477 3687 1527 1.
3721 1476 3812 1546 9).

2243 1546 2476 1604 Videsne
2512 1567 2670 1620 quam
2711 1554 2855 1608 varie
2899 1563 3102 1610 textum
3153 1569 3456 1631 quantoque
3502 1567 3722 1634 gratius,
3754 1584 3818 1623 ac

2245 1641 2517 1694 venustius
2541 1643 2612 1697 sit
2639 1643 2778 1699 istud
2799 1646 3043 1702 diadema
3066 1649 3090 1701 ἲ
3117 1649 3310 1706 Verum
3342 1649 3501 1710 altius
3529 1674 3736 1714 rursum
3763 1671 3816 1716 et

2246 1733 2544 1787 accuratius
2588 1733 2778 1789 horum
2821 1752 3004 1806 regum
3049 1749 3246 1796 statum
3291 1745 3677 1813 expendamus.
3726 1751 3821 1808 llle

2247 1817 2592 1888 stipatoribus
2621 1824 2733 1879 suis
2757 1826 3064 1882 dominatur
3091 1839 3146 1884 et
3181 1834 3388 1888 cunctis
3417 1835 3673 1906 imperat,
3703 1857 3820 1895 ou:-

2250 1925 2450 1980 nesque
2482 1913 2578 1983 ipsi
2603 1925 2861 1983 parentet
2887 1919 3254 1990 obsequuntur
3280 1942 3294 1978 :
3326 1935 3381 1980 at
3409 1942 3508 1997 ego
3534 1929 3621 1986 hic
3647 1935 3820 2002 majus

2250 2004 2693 2074 praestantiusqne
2720 2006 3001 2078 imperium
3034 2012 3124 2066 tibi
3149 2015 3394 2071 ostendo.
3419 2017 3548 2073 Nam
3581 2025 3822 2079 multitu-

2249 2089 2318 2144 do
2339 2092 2549 2160 quidem
2583 2110 2678 2164 par
2705 2107 2783 2151 est
2805 2139 2818 2160 ,
2845 2110 2936 2154 aut
2963 2101 3122 2156 etiam
3155 2107 3383 2176 amplior
3411 2126 3426 2174 ;
3457 2125 3701 2180 superest
3727 2133 3825 2172 au—

2254 2191 2360 2237 tem
2423 2195 2478 2240 ut
2518 2188 2900 2256 subjectionem
2943 2193 3111 2263 ipsam
3163 2199 3585 2258 consideremus.
3629 2210 3707 2261 Ac
3756 2226 3827 2266 ne

2253 2277 2380 2329 mihi
2415 2293 2506 2332 eos
2552 2280 2604 2333 in
2646 2282 2878 2337 medium
2919 2284 3192 2353 proferas,
3241 2290 3330 2358 qui
3384 2294 3525 2362 regia
3570 2295 3827 2368 dignitate

2252 2369 2383 2439 lapsi
2422 2381 2546 2426 sunt
2567 2414 2582 2434 .
2611 2383 2769 2445 atque
2799 2377 2866 2431 ab
2901 2379 3141 2448 ipsismet
3178 2384 3495 2441 satellitibus
3518 2390 3629 2444 suis
3657 2396 3824 2448 truci-

2253 2461 2380 2516 dati.
2404 2462 2499 2529 Ne,
2530 2465 2766 2534 inquam,
2789 2483 2883 2522 eos
2904 2470 2954 2522 in
2977 2471 3208 2526 medium
3240 2475 3612 2546 producamus,
3637 2498 3826 2539 verum

2252 2570 2345 2608 eos
2369 2557 2745 2626 conquiramns
2772 2599 2788 2626 ,
2835 2560 2924 2629 qui
2973 2564 3191 2629 pulchre
3222 2566 3272 2620 in
3305 2577 3525 2639 utraque
3556 2583 3702 2642 parte
3728 2591 3823 2631 re-

2253 2661 2412 2715 gnum
2444 2649 2904 2705 adniinistrarunt.
2938 2655 3014 2708 Ac
3045 2663 3098 2709 tu
3127 2659 3342 2726 quidem
3369 2701 3384 2723 ,
3416 2679 3547 2730 quos
3578 2666 3826 2734 libuerit,

2257 2752 2425 2805 pone;
2460 2754 2560 2808 ego
2579 2750 2757 2796 autem
2790 2745 3141 2812 patriarcliam
3172 2765 3332 2804 unum
3363 2755 3567 2809 cunctis
3591 2772 3827 2827 oppono.

2326 2829 2543 2885 Abraha:
2565 2832 2692 2900 ﬁdes
2713 2843 2762 2887 et
2786 2835 2960 2890 virtus.
2979 2862 3045 2877 -ι
3068 2838 3197 2892 Nam
3225 2856 3346 2896 cum
3379 2845 3490 2913 ipse
3518 2846 3678 2902 ﬁlium
3715 2868 3831 2906 ma-

2254 2934 2401 2978 ctare
2431 2923 2708 2994 juberetur
2737 2925 2895 2998 (Gen.
2933 2929 3045 2993 22)
3074 2971 3088 2995 ,
3119 2933 3322 3002 cogites
3371 2938 3525 2991 velim
3574 2917 3830 3010 quoniam

2257 3021 2366 3066 tum
2393 3013 2649 3070 adversus
2677 3032 2798 3070 eum
2839 3020 3192 3089 cogitationes
3220 3023 3620 3082 insurrexerint.
3657 3031 3723 3085 Et
3743 3043 3828 3085 ta-

2258 3121 2378 3158 men
2409 3121 2596 3162 omnes
2635 3108 2863 3178 subegit,
2891 3121 3051 3181 atque
3073 3127 3261 3169 omnes
3301 3132 3423 3172 eum
3463 3122 3626 3191 magis
3668 3139 3829 3194 quam

2255 3211 2436 3266 regem
2465 3198 2720 3254 satellites
2761 3202 3206 3270 pertimescebant
3242 3225 3254 3261 :
3288 3223 3352 3263 ac
3385 3211 3464 3263 vel
3497 3213 3614 3266 solo
3640 3215 3832 3272 obtutu

2255 3300 2442 3342 omnes
2467 3290 2876 3360 comprimebat,
2905 3294 2974 3348 ita
3000 3303 3057 3348 ut
3077 3311 3143 3351 ne
3165 3296 3372 3356 hiscere
3397 3301 3611 3371 quidem
3640 3321 3828 3362 earum

2256 3378 2364 3432 ulla
2390 3379 2645 3446 auderet;
2679 3397 2861 3438 verum
2904 3397 3110 3442 cunctae
3151 3399 3309 3460 caput
3356 3391 3729 3452 submitterent
3764 3415 3831 3456 ac

2258 3471 2402 3525 velut
2429 3471 2540 3540 regi
2561 3476 2837 3542 cederent,
2867 3479 3108 3546 quamvis
3131 3479 3325 3551 alioqui
3353 3485 3627 3542 acerrima.-
3645 3501 3829 3547 essent

2257 3570 2416 3632 atque
2441 3563 2701 3632 imprimis
2728 3566 2957 3622 acerbae.
2983 3568 3165 3642 Neque
3185 3574 3326 3627 enim
3349 3573 3616 3630 hastarum
3643 3573 3829 3643 cu’spi-

2258 3653 2352 3709 des
2378 3662 2484 3708 tam
2512 3654 2792 3712 horrenda:
2821 3668 2966 3728 sunt,
2987 3675 3107 3715 cum
3129 3676 3160 3716 a
3186 3663 3363 3720 multis
3387 3665 3639 3722 militibus
3663 3673 3834 3726 surri-

2256 3754 2471 3815 guntur,
2491 3761 2646 3815 quam
2673 3755 2782 3802 tum
2803 3746 3162 3808 formidabiles
3179 3765 3332 3808 erant
3347 3755 3447 3811 illa:
3460 3758 3830 3827 cogitationes.

2259 3839 2450 3891 Annon
2481 3837 2623 3892 enim
2652 3837 2820 3894 hastis
2849 3842 3082 3897 atrocior
3126 3854 3244 3899 erat
3271 3845 3361 3900 illa
3381 3886 3399 3910 ,
3444 3863 3599 3918 quam
3645 3860 3834 3908 natura

2258 3927 2451 3995 ciebat,
2481 3930 2875 3986 commiseratio
2891 3930 2914 3985 ?
2930 3934 3007 3987 Ac
3028 3935 3250 4002 proinde
3293 3938 3524 3994 animam
3546 3941 3688 3996 illam
3716 3959 3833 3996 ma-

2259 4019 2358 4088 gis,
2382 4034 2538 4089 quam
2566 4032 2832 4091 praaacuta
2855 4024 3066 4093 cuspis,
3087 4027 3401 4084 exscindere
3427 4040 3696 4100 poterant.
3721 4035 3835 4091 Nec

2259 4112 2401 4165 enim
2427 4112 2532 4166 ulla
2557 4113 2708 4168 hasta
2730 4122 2837 4168 tam
2865 4125 3018 4170 acuta
3048 4133 3294 4190 umquam
3325 4136 3444 4178 esse
3464 4135 3642 4193 queat,
3675 4142 3833 4196 quam

2258 4205 2636 4274 cogitationum
2660 4207 2864 4261 illarum
2882 4209 3074 4276 aculei,
3104 4211 3194 4280 qui
3220 4213 3288 4265 ab
3313 4214 3513 4272 intimis
3542 4218 3835 4275 visceribus

2258 4297 2583 4352 acuebantur
2603 4314 2666 4353 ac
2693 4301 3110 4370 surrigebantnr,
3141 4303 3267 4373 justi
3291 4305 3387 4360 viri
3408 4307 3638 4362 animam
3661 4319 3837 4366 trans-

2262 4389 2510 4460 ﬁgehant.
2541 4390 2671 4445 Nam
2703 4391 2789 4446 hic
2817 4402 2872 4448 et
2902 4403 3141 4465 tempore
3165 4405 3220 4451 et
3243 4398 3468 4454 consilio
3493 4410 3548 4455 et
3577 4401 3723 4471 plaga
3779 4412 3837 4457 et

2261 4481 2448 4537 dolore
2469 4496 2603 4550 opus
2633 4493 2744 4550 est;
2777 4499 2841 4540 ac
2888 4493 2996 4539 tum
3026 4502 3172 4542 mors
3210 4491 3449 4560 sequitur
3476 4508 3488 4543 :
3525 4493 3631 4548 illic
3655 4503 3832 4548 autem

2261 4578 2394 4632 nihil
2425 4578 2612 4632 horum
2645 4580 3046 4649 requirebatur;
3096 4581 3229 4636 adeo
3268 4591 3376 4636 tuin
3415 4585 3688 4650 celeriora,
3723 4596 3835 4641 tum
3899 4625 3902 4627 λ

2260 4671 2466 4724 acriora
2497 4670 2715 4726 vulnera
2741 4680 2914 4726 erant.
2955 4669 3024 4725 Et
3054 4682 3251 4738 tamen,
3283 4667 3404 4728 cum
3433 4675 3687 4730 adversus
3709 4688 3833 4732 eum

2259 4763 2608 4833 cogitationes
2653 4778 2798 4818 arma
2826 4763 3141 4828 induissent,
3174 4765 3359 4836 ingens
3393 4775 3509 4820 erat
3538 4770 3833 4836 tranquilli-

2262 4863 2364 4919 tas,
2392 4867 2686 4923 omnesque
2727 4854 3024 4923 composite
3066 4854 3313 4919 stabant,
3366 4867 3616 4912 ornantes
3662 4859 3838 4928 potius

2261 4945 2433 5014 ipsum
2481 4959 2638 5014 quam
2671 4954 2874 4999 terrore
2898 4943 3214 5000 afﬁcientes.
3249 4944 3382 5000 Eum
3429 4947 3572 5004 enim
3601 4948 3838 5018 gladium

2259 5037 2638 5093 extendentem
2667 5045 2793 5092 ante
2817 5037 3000 5091 oculos
3038 5036 3131 5091 tibi
3162 5051 3322 5106 pone,
3353 5052 3414 5092 ac
3443 5054 3577 5108 quos
3603 5041 3839 5097 volueris

2260 5144 2434 5200 reges,
2465 5132 2754 5200 Augustos,
2785 5129 3043 5195 Caesares,
3091 5128 3144 5183 in
3192 5129 3424 5184 medium
3466 5131 3664 5200 profer.
3693 5133 3840 5190 Nihil

2259 5225 2401 5280 enim
2427 5223 2603 5277 simile
2627 5223 2846 5288 dixeris,
2872 5237 2970 5278 nec
2985 5223 3216 5292 speciem
3239 5222 3396 5276 ullam
3417 5223 3678 5292 ejusmodi
3702 5234 3841 5278 tam-

2259 5333 2363 5386 que
2410 5315 2642 5385 amplam
2672 5323 2728 5369 et
2754 5314 3020 5385 insignem
3044 5328 3107 5369 ac
3133 5315 3280 5368 caelis
3309 5314 3522 5385 dignam
3549 5316 3840 5372 ostendero

2261 5409 2482 5482 poteris.
2513 5407 2646 5462 Tum
2676 5408 2818 5462 enim
2843 5407 2924 5462 vir
2944 5407 3036 5462 ille
3059 5407 3232 5474 justus
3261 5407 3327 5462 de
3356 5409 3715 5477 potentissima
3749 5417 3840 5478 ty—

2262 5501 2481 5557 rannide
2507 5498 2828 5568 triumphum
2850 5499 2989 5568 egit:
3009 5497 3137 5564 nihil
3165 5499 3305 5553 enim
3323 5507 3405 5553 est
3423 5500 3560 5568 quod
3580 5499 3837 5568 majorem

2263 5589 2596 5663 tyrannidem
2615 5588 2827 5654 habeat,
2850 5603 3008 5658 quam
3028 5598 3236 5650 natura.
3254 5591 3428 5658 Atque
3451 5599 3510 5642 ut.
3527 5601 3810 5644 sexcentos

2261 5687 2350 5755 qui
2404 5695 2591 5736 necem
2639 5679 2879 5750 tyrannis
2906 5680 3202 5744 intulerint,
3235 5679 3494 5749 proferas,
3525 5681 3724 5733 nullum
3755 5691 3840 5733 ta-

2262 5757 2382 5828 men
2432 5769 2690 5840 ejusmodi
2721 5769 2874 5840 nobis
2903 5771 3224 5837 ostenderis.
3259 5769 3466 5823 Etenim
3516 5769 3627 5837 huic
3659 5769 3834 5837 palma

2263 5862 2434 5934 angeli
2464 5839 2665 5916 qverius
2711 5839 2867 5930 quam
2925 5860 3152 5922 hominis
3192 5869 3314 5922 tunc
3344 5869 3477 5924 erat.
3525 5861 3611 5924 Sic
3638 5859 3832 5930 quippe
