4068 6426
245 359 250 366 ’
328 363 427 422 Ml

320 494 414 529 νυν
452 475 613 532 τοῦτο
664 479 946 553 ἐννοήσῃς,
979 483 1062 538 ὅτι
1111 487 1178 539 δι’
1220 488 1376 559 ἡμῶν
1425 494 1846 568 ἐπηγγέλθησαν
1874 537 1889 560 ,

318 574 413 627 καὶ
472 574 732 649 διστάσῃς
761 594 774 607 ·
804 580 866 630 οὐ
910 577 1019 650 γὰρ
1048 580 1115 633 δί’
1149 583 1308 653 ἡμῶν
1357 587 1692 660 πληροῦνται
1713 632 1728 654 ,
1759 588 1894 645 ἀλλὰ

318 671 387 723 δι’
419 671 584 724 αὐτοῦ
605 691 618 703 θ
651 674 746 727 καὶ
801 676 857 728 αἱ
897 676 1221 746 ἐπαγγελίαι
1255 681 1312 734 δὲ
1357 683 1425 737 δι’
1449 687 1615 741 αὐτοῦ
1640 705 1652 718 ⁸
1693 691 1754 742 οὐ
1787 689 1896 762 γάρ

316 771 384 824 τὰ
419 771 663 842 ἡμέτερα
687 813 701 836 ,
737 773 874 828 ἀλλὰ
905 777 974 831 τὰ
1012 779 1180 834 αὐτοῦ
1213 783 1352 854 πρὸς
1388 784 1532 855 ὑμᾶς
1565 788 1895 860 εἰρήκαμεν.

329 868 392 920 '0
423 867 493 922 δὲ
518 869 784 933 ,ϐεϐαιῶν
816 870 977 942 ἡμᾶς
1001 913 1015 939 ,
1047 877 1172 930 σὺν
1192 879 1336 948 ὑμῖν
1371 885 1460 947 εἰς
1487 886 1763 952 Χριστὸν,
1799 887 1898 940 καὶ

321 961 545 1035 χρίσας
601 967 792 1036 ἡμᾶς,
832 971 1011 1038 Θεόςο
1048 973 1147 1028 καὶ
1202 978 1736 1049 σφραγισάμενος,
1798 982 1898 1036 καί

318 1062 465 1128 δοὺς
497 1063 606 1116 τὸν
634 1064 951 1133 ἀρῤαϐῶνα
972 1070 1078 1123 τοῦ
1102 1073 1450 1142 Πνεύματος
1486 1076 1557 1130 ἐν
1584 1077 1715 1145 ταῖς
1751 1096 1897 1147 καρ-

317 1159 474 1226 δίαις
528 1161 718 1229 ἡμῶν.
763 1163 932 1216 Πάλιν
973 1165 1082 1219 ἀπὸ
1117 1167 1225 1221 τῶν
1252 1171 1632 1240 παρελθόντων
1669 1174 1737 1228 τὰ
1768 1175 1869 1245 μελ

325 1255 482 1310 λοντα
533 1253 868 1326 βεϐαιοῦται.
923 1263 986 1314 Εἰ
1036 1265 1148 1336 γὰρ
1183 1268 1345 1331 αὐτός
1400 1252 1553 1322 ἐστιῦ
1589 1273 1617 1324 6
1663 1271 1898 1341 βεϐαιῶν

325 1356 466 1426 ἡμᾶς
500 1359 580 1420 εἰς
608 1359 868 1428 Χριστὸν,
902 1361 1203 1428 τουτέστιν,
1240 1365 1271 1416 6
1303 1364 1377 1436 μὴ
1411 1365 1517 1419 ἐῶν
1545 1368 1692 1439 ἡμᾶς
1719 1386 1898 1438 παρα-

322 1452 653 1507 σαλεύεσθαι
694 1456 759 1509 ὲκ
806 1457 905 1527 τῆς
951 1457 1188 1522 πίστεως
1222 1461 1324 1530 τῆς
1361 1463 1442 1525 είς
1469 1463 1562 1516 τὸν
1619 1464 1894 1535 Χριστὸν,

319 1549 413 1602 καὶ
451 1550 613 1615 αὐτὸς
641 1553 668 1605 6
707 1554 899 1624 χρίσας
933 1557 1082 1626 ἡμᾶς
1106 1599 1121 1622 ,
1149 1558 1244 1611 καὶ
1306 1557 1429 1622 δοὺς
1463 1559 1524 1613 τὸ
1565 1561 1792 1631 Πνεῦμα
1839 1563 1897 1616 ἐν

315 1648 438 1709 ταῖς
480 1648 730 1719 καρδίαις
779 1650 936 1720 ἡμῶν
966 1671 978 1682 ·
1020 1652 1139 1716 πῶς
1177 1653 1249 1707 τὰ
1294 1654 1555 1723 μέλλοντα
1598 1658 1660 1711 οὐ
1694 1657 1894 1723 δώσεις

317 1741 381 1795 Εἰ
420 1741 529 1814 γὰρ
555 1745 655 1808 τάς
705 1747 881 1817 ἀρχὰς
906 1749 1122 1814 καὶτὰς
1150 1749 1438 1816 ὑποθέσεις
1461 1752 1629 1807 ἔδωκε
1665 1755 1760 1808 καὶ
1797 1755 1898 1826 τὴν

318 1837 475 1908 ῥίζαν
518 1841 614 1893 καὶ
641 1841 740 1914 τὴν
785 1844 990 1916 πηγὴν,
1039 1840 1154 1899 οἷον
1186 1847 1282 1918 τὴν
1340 1849 1514 1919 ἀληθῆ
1567 1852 1696 1920 περὶ
1727 1851 1893 1904 αὐτοῦ

315 1935 517 2005 γνῶσιν
537 1978 561 2002 ,
588 1940 689 2010 τὴν
715 1939 810 1994 τοῦ
854 1942 1171 2012 Πνεύματος
1217 1944 1523 2016 μετάληψιν
1550 1964 1562 1977 ·
1593 1948 1710 2011 πῶς
1738 1949 1807 2002 τὰ
1833 1951 1900 2002 ἐκ

314 2035 522 2088 τούτων
553 2037 614 2091 οὐ
639 2037 838 2105 δὼσει;
874 2041 935 2092 Et
965 2043 1073 2111 γὰρ
1101 2044 1294 2096 ἐκεῖνα
1322 2044 1410 2097 διὰ
1435 2045 1613 2099 ταῦτα
1641 2047 1894 2112 δίδονται,

319 2130 504 2200 πολλῷ
520 2133 718 2202 μᾶλλον
734 2137 762 2188 6
775 2135 945 2188 ταῦτα
960 2137 1103 2200 δοὺς,
1129 2139 1218 2192 καὶ
1242 2141 1429 2194 ἐκεῖνα
1442 2142 1689 2211 παρέξει·
1724 2146 1819 2196 καὶ
1848 2146 1898 2198 εἱ

313 2227 490 2282 ταῦτα
534 2229 754 2300 ἐχθροῖς
800 2226 953 2284 οὖσιν
987 2232 1156 2287 ἐδωκε
1183 2275 1198 2300 ,
1242 2235 1423 2307 πολλῷ
1463 2238 1663 2308 μᾶλλον
1711 2241 1898 2294 ἐκεῖνα

314 2325 493 2394 φίλοις
535 2328 850 2399 γενομένοις
895 2332 1186 2400 χαριεῖται.
1217 2332 1316 2386 Διὰ
1337 2333 1495 2388 τοῦτο
1527 2336 1649 2389 οὐδέ
1674 2335 1897 2406 Πνεῦμα

315 2418 474 2476 εἶπεν
526 2422 735 2492 ἁπλῶς,
786 2423 903 2477 ἀλλ’
943 2425 1242 2498 ἀρραϐῶνα
1291 2428 1602 2501 ὠνόμασεν,
1645 2431 1733 2485 ἵνα
1785 2432 1896 2486 ἀπὸ

313 2518 507 2573 τούτου
533 2521 628 2574 καὶ
659 2521 788 2593 περὶ
823 2523 917 2576 τοῦ
947 2523 1150 2588 παντὸς
1179 2523 1390 2598 θαρρῇς
1409 2567 1422 2580 .
1455 2528 1532 2580 Οὐ
1566 2529 1675 2600 γὰρ
1694 2569 1708 2593 ,
1739 2531 1787 2582 εἱ
1821 2529 1896 2600 μὴ

313 2615 509 2686 ἔμελλε
532 2615 594 2670 τὸ
620 2618 729 2671 πᾶν
755 2617 978 2684 διδόναι,
1011 2619 1184 2673 εἵλετο
1212 2620 1278 2675 ἂν
1292 2622 1383 2677 τὸν
1415 2622 1566 2695 [448]
1596 2624 1895 2698 ἀρραϐῶνα

317 2714 621 2784 παρασχεῖν
651 2754 667 2779 ,
690 2714 786 2769 καὶ
825 2714 1094 2769 ἀπολέσαι
1119 2717 1244 2788 εἱκῆ
1282 2719 1379 2772 καὶ
1408 2719 1608 2790 μάτην.
1649 2721 1763 2774 Καὶ
1796 2721 1898 2790 ὅρα

315 2814 737 2886 εὐγνωμοσύνην
781 2816 993 2870 Παύλου
1018 2817 1104 2871 ,Τί
1144 2817 1252 2892 γὰρ
1270 2819 1350 2871 δεῖ
1376 2819 1577 2890 λέγειν,
1609 2821 1792 2892 φησὶν,
1814 2823 1898 2876 ὅτι

313 2911 417 2964 οὐκ
444 2912 502 2964 ἐν
531 2912 664 2982 ἡμῖν
688 2913 721 2983 ἡ
765 2912 876 2966 τῶν
905 2914 1253 2982 ἐπαγγελιῶν
1293 2914 1524 2986 ἀλήθεια
1545 2933 1558 2983 ;
1579 2916 1714 2970 αὐτὸ
1737 2917 1898 2971 τοῦτο

313 3007 375 3061 τὸ
402 3007 627 3062 ἑστάναι
666 3009 1087 3081 ἀπεριτρέπτως
1117 3011 1211 3065 καὶ
1225 3012 1539 3082 πεπηγέναι
1581 3014 1729 3084 ὑμᾶς
1748 3055 1764 3080 ,
1797 3016 1900 3070 οὐκ

314 3105 376 3160 ἐν
403 3105 534 3175 ἡμῖν
556 3145 571 3171 ,
609 3104 747 3160 ἀλλὰ
774 3106 868 3159 καὶ
897 3105 1057 3160 τοῦτο
1071 3106 1168 3160 τοῦ
1196 3106 1332 3161 Θεοῦ
1357 3124 1371 3137 ο
1412 3109 1466 3162 '0
1486 3110 1600 3183 γὰρ
1633 3108 1898 3177 ,βεϐαιῶν

312 3198 492 3270 ὑμᾶς,
541 3199 698 3270 φησὶ,
741 3202 904 3268 Θεός.
938 3202 1052 3257 Οὐκ
1095 3202 1204 3276 ἄρα
1236 3205 1402 3276 ἡμεῖς
1438 3206 1604 3277 ἐσμεν
1629 3207 1678 3260 οἱ
1706 3206 1899 3278 στηρί-

315 3297 502 3362 ζοντες
552 3298 697 3370 ὑμᾶς
722 3312 738 3328 ⁸
781 3301 876 3354 καὶ
927 3299 1036 3372 γὰρ
1085 3301 1178 3355 καὶ
1224 3304 1390 3374 ἡμεῖς
1419 3303 1655 3374 δεόμεθα
1683 3302 1775 3358 τοῦ
1809 3303 1901 3374 βε-

317 3393 623 3459 ϐαιοῦντος.
655 3397 819 3450 Ὥστε
855 3396 1043 3470 μηδεὶς
1069 3400 1127 3451 ἐν
1144 3401 1276 3470 ἡμῖν
1301 3399 1570 3470 νομιζέτω
1592 3400 1901 3454 κινδυνεύε-

318 3491 445 3545 σθαι
490 3491 552 3545 τὸ
585 3492 852 3564 κήρυγμα
876 3511 890 3525 ι
929 3495 1089 3559 αὐτὸς
1130 3498 1191 3549 τὸ
1235 3498 1343 3550 πᾶν
1382 3497 1708 3567 ἀνεδέξατο,
1747 3497 1899 3568 αὐτῷ

321 3589 473 3662 μέλει
502 3589 596 3645 τοῦ
621 3591 849 3654 παντός.

389 3820 453 3868 ε’.
485 3813 550 3866 Τί
580 3814 637 3868 δέ
670 3816 806 3877 ἐστι,
840 3815 1086 3884 Χρίσας,
1129 3815 1224 3868 καὶ
1255 3816 1785 3886 σφραγισάμενος;
1831 3817 1904 3870 Τὸ

320 3913 546 3984 Πνεῦμα
573 3912 717 3977 δοὺς,
746 3913 812 3966 δι’
838 3907 900 3966 οὐ
934 3913 1108 3968 ταῦτα
1131 3913 1418 3984 ἀμφότερα
1450 3916 1731 3985 ἐποίησεν,
1763 3915 1902 3987 ὁμοῦ

320 4013 606 4084 προφήτας
661 4013 760 4066 καὶ
815 4013 982 4083 ἱερεῖς
1039 4012 1136 4065 καὶ
1176 4010 1432 4081 βασιλέας
1475 4011 1846 4082 ἐργαζόμενος
1880 4029 1894 4044 ·

237 4109 241 4116 ’
319 4108 497 4162 ταῦτα
540 4107 651 4180 γὰρ
683 4108 744 4162 τὸ
779 4107 1008 4162 παλαιὸν
1049 4109 1262 4178 ἐχρίετο
1301 4107 1370 4161 τὰ
1390 4108 1546 4178 γένη.
1579 4107 1718 4162 Ἀλλ’
1744 4111 1909 4180 ἡμεῖς

321 4207 422 4277 οὐχ
476 4205 535 4258 ἐν
559 4247 576 4272 ,
604 4205 742 4259 ἀλλὰ
771 4205 839 4260 τὰ
905 4204 1034 4277 τρία
1073 4205 1194 4276 μεθ’
1212 4205 1488 4276 ὑπεροχῆς
1512 4205 1708 4276 ἔχομεν
1739 4205 1904 4270 ἀξιὼ-

330 4320 477 4373 ματα
501 4301 598 4357 νῦν
621 4319 633 4333 ·
678 4300 775 4356 καὶ
808 4301 919 4372 γὰρ
951 4300 1229 4372 βασιλείας
1259 4301 1528 4373 μέλλομεν
1571 4301 1870 4356 ἀπολαύειν
1889 4342 1905 4367 ,

323 4399 422 4455 κα)⁸
448 4401 615 4471 ἱερεῖς
641 4397 905 4469 γινόμεθα
935 4400 1337 4471 προσφέροντες
1360 4400 1551 4453 θυσίαν
1575 4400 1644 4453 τὰ
1677 4398 1909 4472 σώματα

322 4497 500 4568 ἡμῶν.
541 4496 980 4566 Παραστήσατε
1026 4497 1134 4569 γὰρ
1179 4499 1252 4552 τὰ
1296 4498 1456 4567 μέλη
1518 4497 1685 4568 ὑμῶν
1736 4539 1752 4564 ,
1815 4503 1912 4555 θυ-

325 4595 470 4648 σίαν
495 4591 710 4661 ζῶσαν,
749 4592 1082 4662 εὐάρεστον
1111 4593 1193 4660 τῷ
1222 4592 1361 4660 Θεῷ,
1400 4594 1534 4666 φησί
1563 4611 1576 4626 ·
1620 4596 1719 4648 καὶ
1761 4596 1904 4666 μετά

324 4693 538 4748 τούτων
567 4693 662 4745 καὶ
687 4692 968 4763 προφῆται
992 4690 1401 4763 καθιστάμεθα·
1443 4692 1511 4745 Ἃ
1540 4690 1651 4760 γὰρ
1688 4692 1904 4761 ὀφθαλ-

322 4791 438 4861 μὸς
464 4793 577 4846 οὐκ
615 4785 738 4844 εἶδε
757 4831 772 4857 ,
813 4789 912 4844 καὶ
938 4784 1048 4856 οὖς
1079 4791 1191 4844 οὐκ
1221 4789 1452 4858 ἤκουσε
1471 4829 1486 4854 ,
1517 4787 1708 4842 ταῦτα
1743 4787 1913 4842 ἐκκε-

326 4886 690 4957 καλυμμένα
738 4886 889 4956 ἡμῖν
939 4887 1092 4941 ἐστι.
1147 4886 1260 4939 Καὶ
1321 4885 1498 4948 ἄλλως
1546 4884 1604 4937 δέ
1669 4884 1913 4955 βασιλεῖς

324 4984 593 5056 γινόμεθα
618 5023 632 5049 ,
662 4983 758 5037 ἐὰν
791 4981 1146 5055 βουληθῶμεν
1190 4983 1412 5053 κρατεῖν
1441 4979 1550 5035 τῶν
1573 4980 1797 5035 ἀτόπων
1825 4980 1915 5033 λο-

325 5082 569 5153 γισμῶν.
595 5082 722 5134 Ὀτι
751 5080 860 5152 γὰρ
883 5082 911 5133 6
931 5078 1175 5141 τοιοῦτος
1203 5077 1502 5148 βασιλεύει,
1533 5077 1628 5131 καὶ
1654 5077 1856 5146 μᾶλλον
1880 5076 1914 5148 ἦ

328 5177 359 5228 6
385 5178 445 5230 τδ
483 5177 724 5246 διάδημα
760 5175 1166 5246 περικείμενος,
1199 5174 1300 5244 ἤδη
1331 5171 1493 5226 τοῦτο
1521 5173 1733 5244 ποιήσω
1757 5172 1916 5242 δῆλον

335 5271 487 5342 ὐμῖψ
514 5269 692 5324 Πολλά
718 5268 832 5339 ἐχει
867 5265 1206 5339 στρατόπεδα
1235 5267 1463 5328 ἐκεῖνος,
1480 5263 1613 5318 ἀλλὰ
1639 5263 1917 5334 καὶήμεῖς

330 5367 540 5422 τούτων
612 5366 833 5430 πλείους
891 5365 1089 5439 ἔχομεν
1130 5361 1461 5434 λογισμούςο
1503 5362 1564 5414 οὐ
1608 5361 1718 5430 γὰρ
1764 5359 1916 5412 ἐστιν

333 5465 642 5536 ἀριθμῆσαι
683 5462 746 5516 τὸ
784 5463 1011 5534 ἄπειρον
1049 5461 1160 5515 τῶν
1204 5457 1429 5513 ἐννοιῶν.
1466 5457 1672 5528 πλῆθος
1721 5455 1831 5510 τῶν
1858 5456 1916 5510 ἐν

335 5561 489 5630 ἡμῖν.
536 5561 611 5614 Οὐ
660 5558 866 5630 πλῆθος
919 5559 976 5611 δέ
1021 5558 1181 5628 μόνον
1227 5556 1376 5609 ἐστιν
1428 5554 1580 5618 ἱδεῖν,
1635 5551 1774 5607 ἀλλὰ
1821 5552 1916 5607 καὶ

337 5656 568 5721 πολλοὺς
627 5659 686 5710 ἐν
737 5655 814 5726 τῷ
872 5653 1066 5725 πλήθει
1119 5652 1294 5724 τούτῳ
1354 5652 1465 5706 τῶν
1515 5649 1792 5719 λογισμῶν
1821 5653 1917 5703 καὶ

340 5756 685 5828 στρατηγοὺς
722 5754 816 5810 καὶ
851 5751 1180 5824 ταξιάρχους
1204 5751 1297 5807 καί
1323 5750 1590 5820 λοχαγοὺς
1641 5748 1734 5800 καὶ
1760 5746 1903 5814 τοξό·

339 5872 448 5922 τας
487 5855 582 5909 καὶ
624 5853 1008 5924 σφενδονήτας.
1042 5849 1107 5902 Τί
1140 5849 1328 5918 ἕτερον
1361 5850 1507 5903 ποιεῖ
1543 5847 1802 5920 βασιλέα;
1846 5849 1922 5903 τὰ..

1395 372 1463 427 IN
1504 372 1719 429 EPiST.
1755 375 1796 430 ll
1833 377 1920 430 AD
1959 377 2115 434 (ΞΟΠ.
2159 379 2393 438 ΙΙΟΜΙΒ.
2428 383 2518 439 Ill;
2606 333 2611 340 ἰ

3475 379 3580 434 ξιτ

2009 501 2251 571 ἱμάτια;
2305 505 2468 558 Ἀλλὰ
2513 505 2606 559 καὶ
2668 495 2823 568 οὗτος
2867 503 3063 576 βελτίω
3119 500 3430 573 περίκειται
3487 499 3583 552 καὶ

2006 599 2216 667 ἀμείνω
2269 601 2483 672 στολὴν,
2534 603 2600 673 ἣν
2663 602 2789 656 οὔτε
2853 601 2952 672 σὴς
2992 599 3186 665 ἐσθίει,
3228 597 3354 650 οῦτε
3388 595 3581 665 χρόνος

2004 694 2249 767 δαπανᾷ·
2285 698 2380 750 καὶ
2418 698 2680 767 στέφανον
2721 697 2835 769 ἔχει
2867 696 3109 750 ποικίλον
3136 695 3228 748 τὸν
3278 693 3377 764 τῆς
3402 691 3580 761 δόξης,

2005 790 2095 843 τὸν
2122 792 2229 846 τῶν
2258 784 2562 866 οἰκτιρμῶν
2598 794 2691 848 τοῦ
2722 794 2880 847 Θεοῦ’
2901 795 3157 862 Εὺλόγει
3183 789 3315 861 γὰρ,
3339 789 3377 855 ή
3407 788 3580 856 ψυχή

1999 906 2143 956 μου.
2179 891 2314 960 φησὶ
2338 930 2354 956 ,
2397 891 2504 945 τὸν
2551 893 2791 961 Κύριον,
2818 892 2926 945 τὸν
2950 885 3374 958 στεφανοῦν-τά
3397 900 3471 938 σε
3514 884 3584 936 ἐν

2005 983 2162 1038 ἐλέει
2216 985 2315 1038 καὶ
2355 986 2680 1056 οἱκτιρμοῖς
2705 1002 2720 1018 ο
2766 987 2860 1040 καὶ
2901 985 2994 1038 τὸν
3028 985 3127 1053 τῆς
3173 981 3332 1050 δόξης
3357 997 3370 1012 ⁶
3426 979 3582 1045 Δόξιι

2007 1082 2119 1149 γὰρ
2163 1083 2264 1135 καί
2301 1083 2441 1153 τιμῇ
2479 1082 2913 1154 ἐστεφάνωσας
2943 1081 3133 1135 αὐτόν
3154 1097 3168 1110 ·
3209 1078 3303 1131 κοιλ⁵
3334 1075 3448 1148 [τὸν
3480 1077 3584 1143 τῆς

2003 1176 2308 1249 εὐδοκίας]’
2340 1179 2436 1244 Ὠς
2453 1179 2623 1244 ὅπλῳ
2643 1177 2926 1243 εὐδοκίας
2949 1174 3377 1244 ἐστεφάνωσας
3402 1171 3579 1239 ἡμᾶς’

2005 1275 2099 1327 καὶ
2130 1275 2218 1329 τὸν
2255 1293 2363 1328 των
2391 1276 2628 1346 χαρίτων
2645 1292 2658 1304 °
2685 1275 2991 1344 Στέφανον
3018 1273 3127 1344 γὰρ
3156 1273 3414 1342 χαρίτων
3435 1269 3583 1338 δέξῃ

2006 1369 2089 1439 σῇ
2159 1371 2416 1440 κεφαλῇ.
2472 1367 2628 1436 Εἶδες
2684 1372 3043 1425 πολύπλοκον
3097 1370 3188 1421 καὶ
3231 1367 3584 1439 χαριέστερον

2005 1468 2156 1521 τουτὶ
2182 1468 2243 1520 τὸ
2259 1468 2496 1539 διάδημα
2517 1485 2530 1533 ;
2555 1468 2703 1538 Πλὴν
2727 1467 2842 1522 ἀλλ’
2860 1467 3066 1519 ἄνωθεν
3095 1466 3236 1518 αὐτὰ
3263 1464 3584 1536 ἀκριϐέστεο

2013 1580 2101 1632 ρον
2155 1563 2502 1634 ἐξετάσωμεν
2559 1564 2727 1618 πάλιν
2783 1564 2850 1616 τὰ
2876 1563 2986 1616 τῶν
3033 1561 3298 1632 βασιλέων
3352 1559 3580 1612 τούτων.

2019 1661 2259 1726 Ἐκεῖνος
2280 1667 2473 1735 κρατεῖ
2496 1664 2604 1718 τῶν
2634 1662 2948 1734 δορυφόρων
2972 1661 3070 1714 καὶ
3087 1661 3249 1713 πᾶσιν
3280 1658 3581 1720 ἐπιτάττει,

2008 1761 2104 1814 καὶ
2133 1761 2334 1825 πάντες
2369 1763 2706 1816 ὑπακούουσι
2745 1765 2840 1815 καὶ
2883 1759 3226 1814 διακονοῦσιν
3258 1756 3438 1826 αὐτῷ·
3467 1756 3582 1809 ἀλλ’

2005 1855 2117 1923 ἐγὼ
2144 1857 2392 1928 δείκνυμι
2423 1856 2647 1928 μείζονα
2674 1852 2906 1911 ἐνταῦθα
2923 1857 3019 1929 τὴν
3046 1856 3239 1928 ἀρχήν.
3264 1853 3338 1907 Τὸ
3357 1852 3455 1923 μὲν
3478 1851 3586 1922 γὰρ

2010 1952 2214 2022 πλῆθος
2263 1953 2403 2018 ἴσον,
2436 1954 2469 2025 ἢ
2504 1955 2597 2007 καὶ
2633 1954 2815 2007 πλεῖον
2836 1972 2848 1985 ·
2879 1953 3068 2006 λοιπὸν
3093 1952 3148 2004 δὲ
3169 1950 3421 2023 περὶτῆς
3447 1950 3584 2001 ὐπο-

2006 2049 2182 2118 ταγῆς
2240 2051 2518 2117 ἐξετάζειν
2555 2052 2652 2104 δεῖ.
2689 2052 2799 2104 Καὶ
2846 2051 2918 2122 μή
2951 2068 3040 2120 μοι
3067 2029 3146 2113 εἱς
3174 2048 3340 2118 μέσον
3370 2046 3586 2116 ἀγάγῃς

2007 2148 2136 2209 τοὺς
2181 2146 2517 2210 ἐκπεσόντας
2559 2146 2658 2218 τῆς
2691 2145 2994 2216 βασιλείας,
3032 2145 3127 2198 καὶ
3160 2142 3472 2212 σφαγέντας
3495 2140 3588 2192 ὐπ’

2006 2244 2184 2298 αὐτῶν
2216 2243 2325 2297 τῶν
2366 2242 2875 2314 σωματοφυλάκων.
2910 2241 3002 2313 Μὴ
3031 2240 3211 2294 τοίνυν
3239 2237 3467 2300 τούτους
3503 2235 3592 2299 εἱς

2008 2341 2172 2410 μέσον
2244 2338 2494 2409 ἄγωμεν,
2545 2337 2680 2392 ἀλλὰ
2723 2339 2851 2402 τοὺς
2903 2337 3085 2399 καλῶς
3141 2336 3201 2389 ἐν
3255 2331 3587 2404 ἀμφοτέροις

2005 2439 2104 2509 τὴν
2135 2437 2346 2491 ἐαυτῶν
2378 2436 2756 2506 διοικήσαντας
2794 2432 3074 2505 βασιλείαν
3101 2432 3450 2501 ζητήσωμεν.
3474 2426 3588 2480 Καὶ¹

2008 2536 2072 2588 σὺ
2116 2535 2215 2606 μὲν
2235 2573 2250 2598 ,
2290 2533 2382 2597 οὓς
2417 2532 2618 2604 βούλει,
2643 2531 2783 2586 τίθει
2803 2548 2817 2562 ⁶
2842 2530 2969 2600 ἐγὼ,
2991 2529 3049 2583 δέ
3079 2545 3160 2582 σοι
3186 2526 3278 2580 τὸν
3307 2522 3583 2595 πατριάρ-

2006 2651 2108 2704 χην
2137 2632 2438 2686 άντιτάττω
2468 2632 2655 2685 πᾶσιν.

2077 2796 2206 2850 Ὅτε
2239 2793 2347 2866 γὰρ
2371 2793 2462 2847 τὸν
2490 2793 2603 2848 υἱὸν
2633 2789 2920 2847 ἐκελεύετο
2949 2787 3277 2859 σφαγιάσαι,
3325 2786 3594 2855 ἐννόησον

2007 2892 2157 2966 [M9]
2187 2891 2342 2945 πόσοι
2375 2891 2496 2944 τότε
2539 2889 2930 2959 ἐπανέστησαν
2951 2885 3103 2956 αὐτῷ
3149 2883 3432 2954 λογισμοίο
3467 2880 3582 2934 ἀλλ’

2006 2993 2157 3064 ὅμως
2199 2992 2406 3053 πάντας
2437 2988 2690 3053 ὑπέταξε,
2739 2986 2835 3039 καὶ
2893 2985 3096 3044 πάντες
3152 2982 3321 3035 αὐτὸν
3352 2980 3586 3052 ἔτρεμον

2013 3088 2234 3160 μᾶλλον,
2261 3087 2295 3157 ἢ
2327 3086 2551 3157 βασιλέα
2572 3086 2621 3138 οἱ
2655 3083 2963 3155 δορυφόροι,
3001 3085 3094 3134 καὶ
3124 3079 3400 3150 βλέμματι
3439 3075 3595 3146 μόνῳ

2012 3185 2222 3249 πάντας
2255 3181 2603 3247 κατέστελλε,
2640 3179 2878 3235 καἱούδέ
2903 3178 3104 3249 γρύξαι
3139 3176 3344 3247 ἐτόλμα
3380 3173 3606 3227 τούτων

2009 3284 2206 3347 οὐδεὶς,
2237 3279 2352 3336 ἀλλ’
2382 3279 2716 3343 ὐπέκυπτον,
2760 3275 2856 3330 καὶ
2883 3276 2962 3339 ὡς
2987 3273 3198 3345 βασιλεῖ
3233 3268 3600 3343 παρεχώρουν

2014 3380 2273 3443 ἅπαντες,
2297 3375 2476 3430 καίτοι
2502 3393 2566 3445 γε
2595 3372 2844 3440 ὀξύτατοι
2870 3371 3024 3435 ὄντες
3070 3370 3164 3424 καλ⁸
3213 3363 3592 3438 σφόδραιάπό-

2011 3492 2184 3546 τομοι.
2217 3473 2351 3527 Οὐδέ
2384 3473 2492 3543 γὰρ
2515 3470 2687 3534 οὕτως
2721 3470 2858 3522 εἱσὶν
2892 3469 2948 3520 αἱ
2982 3466 3092 3519 τῶν
3122 3458 3593 3534 δοράτωνοαίχμαὶ

2011 3580 2265 3652 φοϐεραὶ,
2288 3578 2446 3650 ὀρθαὶ¹
2471 3576 2577 3630 ὐπὸ
2600 3573 2807 3627 πολλῶν
2834 3571 3196 3640 ἀνιστάμεναι
3219 3562 3588 3636 στρατιωτῶν,

2011 3685 2088 3748 ὡς
2116 3686 2321 3737 ἐκεῖνοι
2345 3682 2465 3735 τότε
2508 3693 2534 3721 ει
2575 3675 2715 3750 ἦσαν
2748 3676 2972 3747 φοϐεροὶ
3013 3675 3061 3726 οἱ
3095 3669 3367 3741 λογισμοί.
3401 3667 3476 3721 Οὐ
3504 3667 3592 3718 δο-

1986 3781 2195 3852 ράτων
2245 3774 2316 3851 ἦν
2366 3775 2725 3848 χαλεπωτέρα
2775 3775 2808 3844 ή
2859 3772 2958 3843 τῆς
2995 3768 3210 3839 φύσεως
3236 3763 3587 3836 συμπάθεια;

2015 3880 2106 3933 Διδ
2139 3879 2232 3931 καὶ
2258 3877 2464 3948 αἰχμῆς
2485 3876 2654 3944 ήκονη
2665 3871 2832 3943 μένης
2867 3869 3068 3940 μᾶλλον
3090 3867 3311 3936 τέμνειν
3330 3862 3593 3931 ἠδύναντο
3674 3942 3682 3949 ν

2015 3977 2114 4048 τὴν
2146 3977 2366 4029 ἐκείνου
2388 3974 2587 4044 ψυχήν.
2618 3972 2693 4024 Οὐ
2724 3971 2834 4042 γὰρ
2864 3967 3038 4030 οὕτως
3083 3965 3179 4029 ὀξὺ
3223 3964 3352 4034 δόρυ
3393 3959 3593 4028 γένοιτ’

2015 4077 2080 4131 ἄν
2117 4092 2270 4139 ποτε,
2293 4073 2369 4137 ὡς
2398 4071 2623 4125 ἐκείνων
2652 4067 2760 4121 τῶν
2791 4064 3068 4136 λογισμῶν
3094 4062 3159 4116 τὰ
3195 4062 3393 4132 κέντρα
3417 4059 3594 4112 κάτω-

2017 4179 2109 4232 θεν
2139 4176 2248 4230 ἀπὸ
2275 4175 2382 4229 τῶν
2412 4171 2738 4242 σπλάγχνων
2766 4167 3067 4238 όξυνόμενά
3091 4183 3149 4218 τε
3170 4164 3266 4216 καὶ
3291 4160 3450 4232 ὀρθού
3459 4176 3594 4232 μενα

2016 4274 2258 4343 διέπειρε
2287 4269 2381 4324 τοῦ
2408 4267 2617 4323 δικαίου
2645 4267 2742 4338 τὴν
2779 4265 3037 4319 διάνοιαν.
3075 4259 3339 4316 Ἐνταῦθα
3362 4258 3459 4330 μὲν
3486 4255 3603 4326 γὰρ,

2018 4374 2115 4428 καὶ
2143 4370 2338 4442 χρόνου
2377 4369 2459 4421 δεῖ
2501 4367 2594 4422 καὶ
2628 4365 2824 4436 βουλῆς
2853 4364 2950 4418 καὶ
2989 4363 3206 4432 πληγῆς
3246 4359 3340 4412 καὶ
3381 4355 3605 4424 ὀδύνης,

2019 4469 2116 4523 καὶ.
2139 4467 2263 4520 τότε
2301 4467 2330 4519 6
2369 4463 2600 4526 θάνατος
2637 4462 2852 4515 ἐπεται’
2904 4460 3021 4512 ἐκεῖ
3059 4458 3115 4510 δὲ
3153 4454 3366 4516 οὐδενὸς
3391 4451 3597 4505 τούτων

2020 4566 2144 4619 ἐδει’
2180 4563 2322 4616 οὕτω
2341 4561 2614 4631 ταχύτερα
2645 4558 2741 4612 καὶ
2769 4555 3070 4629 δριμύτερα
3097 4549 3164 4625 ἦν
3193 4551 3262 4605 τά
3285 4549 3597 4621 τραύματα.

2033 4661 2175 4716 Ἀλλ’
2219 4660 2370 4730 ὅμως
2415 4655 2683 4710 τοσούτων
2719 4654 2842 4707 τότε
2886 4650 3256 4707 όπλισθέντων
3281 4647 3402 4702 κατ’
3421 4642 3600 4699 ἀὐτοῦ

2020 4758 2321 4830 λογισμῶν,
2355 4755 2529 4826 πολλὴ
2556 4750 2624 4826 ἦν
2657 4749 2878 4822 ἡσυχία,
2917 4749 3013 4802 καὶ
3049 4748 3250 4810 πάντες
3278 4743 3602 4814 εἱστήκεσαν

2023 4857 2321 4917 εὐτάκτως,
2357 4849 2697 4923 κοσμοῦντες
2751 4847 2950 4919 μᾶλλον
2996 4845 3178 4908 αὐτὸν,
3208 4843 3242 4913 ἡ
3284 4838 3598 4911 φοϐοῦντες.

2023 4970 2167 5040 Ὅρα
2191 4966 2322 5036 γοῦν
2350 4963 2450 5036 τὴν
2476 4961 2752 5035 μάχαιραν
2781 4959 2943 5014 αὐτὸν
2969 4955 3297 5019 ἐκτείνοντα,
3330 4951 3610 5012 καῖόσους,

2023 5066 2204 5138 βούλει
2261 5063 2402 5116 τίθει
2458 5059 2700 5131 βασιλεῖς
2729 5059 2810 5121 είς
2857 5056 2919 5110 τὸ
2983 5055 3168 5126 μέσον,
3231 5049 3602 5117 Αὐγούστους,

2023 5161 2328 5231 Καίσαρας.
2386 5157 2528 5211 Ἀλλ’
2564 5155 2718 5209 οὐδὲν
2774 5153 3028 5207 τοσοῦτον
3081 5151 3248 5219 ἐρεῖς,
3294 5145 3435 5200 οὐδὲ·
3466 5145 3610 5208 ἕξεις

2026 5257 2216 5330 σχῆμα
2261 5257 2432 5320 δεῖξαι
2462 5254 2726 5317 τοιοῦτον,
2766 5249 2911 5304 οὕτω
2959 5245 3305 5320 μεγαλοφυές
3354 5242 3451 5297 καὶ
3497 5241 3608 5294 τῶν

2023 5358 2272 5432 οὐρανῶν
2319 5354 2490 5420 ἄξιον.
2535 5353 2695 5406 Κατὰ
2723 5352 2833 5422 γὰρ
2863 5347 3179 5420 τυραννίδος
3221 5341 3608 5409 δυνατωτάτης

2025 5457 2222 5527 ἔστησε
2256 5453 2518 5526 τρόπαιον
2559 5453 2588 5504 6
2615 5450 2823 5512 δίκαιος
2857 5447 2982 5499 τότε
3031 5446 3269 5505 ἐκεῖνος·
3307 5439 3463 5493 οὐδὲν
3497 5434 3607 5505 γὰρ

2025 5554 2243 5624 φύσεως
2272 5548 2742 5622 τυραννικώτερον
2768 5562 2780 5574 ο
2818 5545 2923 5598 κᾶν
2963 5541 3190 5613 μυρίους
3222 5536 3376 5630 τιθῇς
3407 5547 3605 5630 τυραν-

2025 5652 2330 5714 νοκτόνους,
2365 5646 2556 5702 οὐδένα
2593 5643 2834 5698 τοιοῦτον
2867 5638 3138 5709 ἐπιδείξῃς
3171 5637 3324 5706 ἡμῖν.
3358 5631 3470 5688 Καὶ
3495 5629 3638 5698 γᾲρξ.

2090 5855 2113 5882 ⁸
2142 5848 2400 5916 Legebamr
2418 5848 2550 5896 ποτέ.
