  <div class='ocr_page' id='page_1' title='image "/cluster/home/n/w/nwhite01/storage/ocr_20150623/61:no.10/coo.31924054869619/420.png"; bbox 0 0 4068 6434; ppageno 0'>
   <div class='ocr_carea' id='block_1_1' title="bbox 317 405 415 461">
    <p class='ocr_par' dir='ltr' id='par_1_1' title="bbox 317 405 415 461">
     <span class='ocr_line' id='line_1_1' title="bbox 317 405 415 461; baseline -0.02 0"><span class='ocrx_word' id='word_1_1' title='bbox 317 405 415 461; x_wconf 72' lang='lat' dir='ltr'><strong>H5</strong></span> 
     </span>
    </p>
   </div>
   <div class='ocr_carea' id='block_1_2' title="bbox 317 511 1878 578">
    <p class='ocr_par' dir='ltr' id='par_1_2' title="bbox 317 511 1878 578">
     <span class='ocr_line' id='line_1_2' title="bbox 317 511 1878 578; baseline -0.007 -2"><span class='ocrx_word' id='word_1_2' title='bbox 317 519 588 576; x_wconf 80' lang='lat' dir='ltr'><strong>considera</strong></span> <span class='ocrx_word' id='word_1_3' title='bbox 623 535 636 574; x_wconf 90' lang='lat'><strong>:</strong></span> <span class='ocrx_word' id='word_1_4' title='bbox 669 529 853 572; x_wconf 89' lang='lat' dir='ltr'><strong>natura</strong></span> <span class='ocrx_word' id='word_1_5' title='bbox 883 532 1002 572; x_wconf 90' lang='lat' dir='ltr'><strong>cum</strong></span> <span class='ocrx_word' id='word_1_6' title='bbox 1027 517 1188 570; x_wconf 88' lang='lat' dir='ltr'><strong>armis</strong></span> <span class='ocrx_word' id='word_1_7' title='bbox 1230 516 1362 578; x_wconf 90' lang='lat' dir='ltr'><strong>suis,</strong></span> <span class='ocrx_word' id='word_1_8' title='bbox 1399 529 1518 569; x_wconf 89' lang='lat' dir='ltr'><strong>cum</strong></span> <span class='ocrx_word' id='word_1_9' title='bbox 1563 511 1878 568; x_wconf 72' lang='lat' dir='ltr'><strong>militaribus</strong></span> 
     </span>
    </p>
   </div>
   <div class='ocr_carea' id='block_1_3' title="bbox 314 601 1878 678">
    <p class='ocr_par' dir='ltr' id='par_1_3' title="bbox 314 601 1878 678">
     <span class='ocr_line' id='line_1_3' title="bbox 314 601 1878 678; baseline -0.003 -19"><span class='ocrx_word' id='word_1_10' title='bbox 314 611 559 666; x_wconf 83' lang='lat' dir='ltr'><strong>omnibus</strong></span> <span class='ocrx_word' id='word_1_11' title='bbox 578 611 746 678; x_wconf 77' lang='lat' dir='ltr'><strong>ecpiis</strong></span> <span class='ocrx_word' id='word_1_12' title='bbox 764 609 874 663; x_wconf 88' lang='lat' dir='ltr'><strong>suis</strong></span> <span class='ocrx_word' id='word_1_13' title='bbox 903 608 1047 662; x_wconf 91' lang='lat' dir='ltr'><strong>humi</strong></span> <span class='ocrx_word' id='word_1_14' title='bbox 1071 607 1274 677; x_wconf 87' lang='lat' dir='ltr'><strong>jacebat</strong></span> <span class='ocrx_word' id='word_1_15' title='bbox 1299 624 1312 672; x_wconf 87' lang='lat'><strong>;</strong></span> <span class='ocrx_word' id='word_1_16' title='bbox 1344 606 1454 674; x_wconf 92' lang='lat' dir='ltr'><strong>ipse</strong></span> <span class='ocrx_word' id='word_1_17' title='bbox 1482 613 1660 660; x_wconf 88' lang='lat' dir='ltr'><strong>autem</strong></span> <span class='ocrx_word' id='word_1_18' title='bbox 1703 601 1878 658; x_wconf 85' lang='lat' dir='ltr'><strong>stabat</strong></span> 
     </span>
    </p>
   </div>
   <div class='ocr_carea' id='block_1_4' title="bbox 313 697 1880 767">
    <p class='ocr_par' dir='ltr' id='par_1_4' title="bbox 313 697 1880 767">
     <span class='ocr_line' id='line_1_4' title="bbox 313 697 1880 767; baseline -0.006 -12"><span class='ocrx_word' id='word_1_19' title='bbox 313 709 521 756; x_wconf 81' lang='lat' dir='ltr'><strong>extenta</strong></span> <span class='ocrx_word' id='word_1_20' title='bbox 555 715 735 767; x_wconf 89' lang='lat' dir='ltr'><strong>manu,</strong></span> <span class='ocrx_word' id='word_1_21' title='bbox 759 715 863 754; x_wconf 85' lang='lat' dir='ltr'><strong>non</strong></span> <span class='ocrx_word' id='word_1_22' title='bbox 893 713 1163 763; x_wconf 82' lang='lat' dir='ltr'><strong>coronam,</strong></span> <span class='ocrx_word' id='word_1_23' title='bbox 1199 697 1291 752; x_wconf 89' lang='lat' dir='ltr'><strong>sed</strong></span> <span class='ocrx_word' id='word_1_24' title='bbox 1322 697 1554 767; x_wconf 76' lang='lat' dir='ltr'><strong>gladium</strong></span> <span class='ocrx_word' id='word_1_25' title='bbox 1578 697 1763 765; x_wconf 88' lang='lat' dir='ltr'><strong>quavis</strong></span> <span class='ocrx_word' id='word_1_26' title='bbox 1789 708 1880 747; x_wconf 84' lang='lat' dir='ltr'><strong>co-</strong></span> 
     </span>
    </p>
   </div>
   <div class='ocr_carea' id='block_1_5' title="bbox 316 788 1883 859">
    <p class='ocr_par' dir='ltr' id='par_1_5' title="bbox 316 788 1883 859">
     <span class='ocr_line' id='line_1_5' title="bbox 316 788 1883 859; baseline -0.004 -13"><span class='ocrx_word' id='word_1_27' title='bbox 316 808 442 847; x_wconf 88' lang='lat' dir='ltr'><strong>rona</strong></span> <span class='ocrx_word' id='word_1_28' title='bbox 473 793 811 846; x_wconf 90' lang='lat' dir='ltr'><strong>illustriorem</strong></span> <span class='ocrx_word' id='word_1_29' title='bbox 853 800 1066 846; x_wconf 88' lang='lat' dir='ltr'><strong>tenente</strong></span> <span class='ocrx_word' id='word_1_30' title='bbox 1099 808 1109 841; x_wconf 93' lang='lat'><strong>:</strong></span> <span class='ocrx_word' id='word_1_31' title='bbox 1141 799 1297 859; x_wconf 89' lang='lat' dir='ltr'><strong>atque</strong></span> <span class='ocrx_word' id='word_1_32' title='bbox 1337 788 1645 858; x_wconf 77' lang='lat' dir='ltr'><strong>angelorum</strong></span> <span class='ocrx_word' id='word_1_33' title='bbox 1691 799 1883 856; x_wconf 91' lang='lat' dir='ltr'><strong>agmen</strong></span> 
     </span>
    </p>
   </div>
   <div class='ocr_carea' id='block_1_6' title="bbox 315 881 1882 952">
    <p class='ocr_par' dir='ltr' id='par_1_6' title="bbox 315 881 1882 952">
     <span class='ocr_line' id='line_1_6' title="bbox 315 881 1882 952; baseline -0.004 -16"><span class='ocrx_word' id='word_1_34' title='bbox 315 882 685 952; x_wconf 86' lang='lat' dir='ltr'><strong>applaudebat,</strong></span> <span class='ocrx_word' id='word_1_35' title='bbox 714 898 776 937; x_wconf 94' lang='lat' dir='ltr'><strong>ac</strong></span> <span class='ocrx_word' id='word_1_36' title='bbox 807 883 946 936; x_wconf 90' lang='lat' dir='ltr'><strong>Deus</strong></span> <span class='ocrx_word' id='word_1_37' title='bbox 974 897 1005 937; x_wconf 91' lang='lat' dir='ltr'><strong>e</strong></span> <span class='ocrx_word' id='word_1_38' title='bbox 1032 881 1175 936; x_wconf 73' lang='lat' dir='ltr'><strong>cadis</strong></span> <span class='ocrx_word' id='word_1_39' title='bbox 1204 881 1454 935; x_wconf 90' lang='lat' dir='ltr'><strong>victorem</strong></span> <span class='ocrx_word' id='word_1_40' title='bbox 1481 894 1600 934; x_wconf 86' lang='lat' dir='ltr'><strong>eum</strong></span> <span class='ocrx_word' id='word_1_41' title='bbox 1639 891 1882 947; x_wconf 82' lang='lat' dir='ltr'><strong>pronun-</strong></span> 
     </span>
    </p>
   </div>
   <div class='ocr_carea' id='block_1_7' title="bbox 316 967 1884 1042">
    <p class='ocr_par' dir='ltr' id='par_1_7' title="bbox 316 967 1884 1042">
     <span class='ocr_line' id='line_1_7' title="bbox 316 967 1884 1042; baseline -0.004 -16"><span class='ocrx_word' id='word_1_42' title='bbox 316 973 498 1027; x_wconf 85' lang='lat' dir='ltr'><strong>tiabat.</strong></span> <span class='ocrx_word' id='word_1_43' title='bbox 517 973 776 1042; x_wconf 92' lang='lat' dir='ltr'><strong>Quoniam</strong></span> <span class='ocrx_word' id='word_1_44' title='bbox 791 974 930 1027; x_wconf 91' lang='lat' dir='ltr'><strong>enim</strong></span> <span class='ocrx_word' id='word_1_45' title='bbox 949 974 999 1026; x_wconf 92' lang='lat' dir='ltr'><strong>in</strong></span> <span class='ocrx_word' id='word_1_46' title='bbox 1022 973 1166 1026; x_wconf 65' lang='lat' dir='ltr'><strong>caelis</strong></span> <span class='ocrx_word' id='word_1_47' title='bbox 1181 971 1512 1026; x_wconf 76' lang='lat' dir='ltr'><strong>conversatio</strong></span> <span class='ocrx_word' id='word_1_48' title='bbox 1528 977 1662 1033; x_wconf 83' lang='lat' dir='ltr'><strong>erat,</strong></span> <span class='ocrx_word' id='word_1_49' title='bbox 1687 967 1884 1021; x_wconf 90' lang='lat' dir='ltr'><strong>ideirco</strong></span> 
     </span>
    </p>
   </div>
   <div class='ocr_carea' id='block_1_8' title="bbox 316 1056 1882 1134">
    <p class='ocr_par' dir='ltr' id='par_1_8' title="bbox 316 1056 1882 1134">
     <span class='ocr_line' id='line_1_8' title="bbox 316 1056 1882 1134; baseline -0.003 -18"><span class='ocrx_word' id='word_1_50' title='bbox 316 1063 515 1118; x_wconf 77' lang='lat' dir='ltr'><strong>caelesti</strong></span> <span class='ocrx_word' id='word_1_51' title='bbox 541 1079 752 1134; x_wconf 91' lang='lat' dir='ltr'><strong>quoque</strong></span> <span class='ocrx_word' id='word_1_52' title='bbox 780 1064 1044 1133; x_wconf 72' lang='lat' dir='ltr'><strong>praeconio</strong></span> <span class='ocrx_word' id='word_1_53' title='bbox 1067 1061 1455 1118; x_wconf 85' lang='lat' dir='ltr'><strong>celebrabatur.</strong></span> <span class='ocrx_word' id='word_1_54' title='bbox 1485 1059 1748 1129; x_wconf 83' lang='lat' dir='ltr'><strong>Quidnam</strong></span> <span class='ocrx_word' id='word_1_55' title='bbox 1781 1056 1882 1112; x_wconf 87' lang='lat' dir='ltr'><strong>hoc</strong></span> 
     </span>
    </p>
   </div>
   <div class='ocr_carea' id='block_1_9' title="bbox 317 1146 1883 1222">
    <p class='ocr_par' dir='ltr' id='par_1_9' title="bbox 317 1146 1883 1222">
     <span class='ocr_line' id='line_1_9' title="bbox 317 1146 1883 1222; baseline -0.003 -16"><span class='ocrx_word' id='word_1_56' title='bbox 317 1151 684 1220; x_wconf 85' lang='lat' dir='ltr'><strong>splendidius?</strong></span> <span class='ocrx_word' id='word_1_57' title='bbox 713 1155 818 1207; x_wconf 90' lang='lat' dir='ltr'><strong>imo</strong></span> <span class='ocrx_word' id='word_1_58' title='bbox 842 1152 1092 1222; x_wconf 86' lang='lat' dir='ltr'><strong>quidnam</strong></span> <span class='ocrx_word' id='word_1_59' title='bbox 1120 1166 1242 1207; x_wconf 88' lang='lat' dir='ltr'><strong>cum</strong></span> <span class='ocrx_word' id='word_1_60' title='bbox 1296 1151 1398 1206; x_wconf 91' lang='lat' dir='ltr'><strong>hoc</strong></span> <span class='ocrx_word' id='word_1_61' title='bbox 1426 1159 1626 1220; x_wconf 81' lang='lat' dir='ltr'><strong>trepaeo</strong></span> <span class='ocrx_word' id='word_1_62' title='bbox 1652 1146 1883 1202; x_wconf 89' lang='lat' dir='ltr'><strong>conferri</strong></span> 
     </span>
    </p>
   </div>
   <div class='ocr_carea' id='block_1_10' title="bbox 319 1238 1882 1312">
    <p class='ocr_par' dir='ltr' id='par_1_10' title="bbox 319 1238 1882 1312">
     <span class='ocr_line' id='line_1_10' title="bbox 319 1238 1882 1312; baseline -0.001 -18"><span class='ocrx_word' id='word_1_63' title='bbox 319 1247 513 1312; x_wconf 80' lang='lat' dir='ltr'><strong>queat?</strong></span> <span class='ocrx_word' id='word_1_64' title='bbox 536 1243 666 1298; x_wconf 89' lang='lat' dir='ltr'><strong>Nam</strong></span> <span class='ocrx_word' id='word_1_65' title='bbox 697 1244 763 1307; x_wconf 85' lang='lat' dir='ltr'><strong>si,</strong></span> <span class='ocrx_word' id='word_1_66' title='bbox 791 1259 912 1298; x_wconf 90' lang='lat' dir='ltr'><strong>cum</strong></span> <span class='ocrx_word' id='word_1_67' title='bbox 936 1244 1133 1299; x_wconf 83' lang='lat' dir='ltr'><strong>athleta</strong></span> <span class='ocrx_word' id='word_1_68' title='bbox 1157 1241 1390 1306; x_wconf 83' lang='lat' dir='ltr'><strong>vicisset,</strong></span> <span class='ocrx_word' id='word_1_69' title='bbox 1429 1256 1535 1296; x_wconf 91' lang='lat' dir='ltr'><strong>non</strong></span> <span class='ocrx_word' id='word_1_70' title='bbox 1569 1253 1743 1310; x_wconf 73' lang='lat' dir='ltr'><strong>prmco</strong></span> <span class='ocrx_word' id='word_1_71' title='bbox 1767 1238 1882 1308; x_wconf 89' lang='lat' dir='ltr'><strong>qui-</strong></span> 
     </span>
    </p>
   </div>
   <div class='ocr_carea' id='block_1_11' title="bbox 321 1333 1885 1404">
    <p class='ocr_par' dir='ltr' id='par_1_11' title="bbox 321 1333 1885 1404">
     <span class='ocr_line' id='line_1_11' title="bbox 321 1333 1885 1404; baseline -0.003 -15"><span class='ocrx_word' id='word_1_72' title='bbox 321 1335 438 1389; x_wconf 87' lang='lat' dir='ltr'><strong>dam</strong></span> <span class='ocrx_word' id='word_1_73' title='bbox 464 1350 530 1390; x_wconf 86' lang='lat' dir='ltr'><strong>ex</strong></span> <span class='ocrx_word' id='word_1_74' title='bbox 555 1335 790 1390; x_wconf 86' lang='lat' dir='ltr'><strong>inferiori</strong></span> <span class='ocrx_word' id='word_1_75' title='bbox 813 1336 952 1400; x_wconf 88' lang='lat' dir='ltr'><strong>loco,</strong></span> <span class='ocrx_word' id='word_1_76' title='bbox 982 1335 1075 1390; x_wconf 90' lang='lat' dir='ltr'><strong>sed</strong></span> <span class='ocrx_word' id='word_1_77' title='bbox 1101 1351 1195 1390; x_wconf 88' lang='lat' dir='ltr'><strong>rex</strong></span> <span class='ocrx_word' id='word_1_78' title='bbox 1223 1336 1338 1404; x_wconf 90' lang='lat' dir='ltr'><strong>ipse</strong></span> <span class='ocrx_word' id='word_1_79' title='bbox 1357 1349 1388 1388; x_wconf 93' lang='lat' dir='ltr'><strong>e</strong></span> <span class='ocrx_word' id='word_1_80' title='bbox 1408 1333 1682 1403; x_wconf 87' lang='lat' dir='ltr'><strong>superiore</strong></span> <span class='ocrx_word' id='word_1_81' title='bbox 1706 1345 1885 1386; x_wconf 88' lang='lat' dir='ltr'><strong>assur-</strong></span> 
     </span>
    </p>
   </div>
   <div class='ocr_carea' id='block_1_12' title="bbox 317 1423 1883 1496">
    <p class='ocr_par' dir='ltr' id='par_1_12' title="bbox 317 1423 1883 1496">
     <span class='ocr_line' id='line_1_12' title="bbox 317 1423 1883 1496; baseline -0.003 -17"><span class='ocrx_word' id='word_1_82' title='bbox 317 1439 447 1495; x_wconf 85' lang='lat' dir='ltr'><strong>gens</strong></span> <span class='ocrx_word' id='word_1_83' title='bbox 477 1425 691 1480; x_wconf 87' lang='lat' dir='ltr'><strong>victoris</strong></span> <span class='ocrx_word' id='word_1_84' title='bbox 716 1425 896 1481; x_wconf 89' lang='lat' dir='ltr'><strong>laudcs</strong></span> <span class='ocrx_word' id='word_1_85' title='bbox 926 1425 1272 1496; x_wconf 65' lang='lat' dir='ltr'><strong>praedicaret;</strong></span> <span class='ocrx_word' id='word_1_86' title='bbox 1292 1439 1469 1478; x_wconf 92' lang='lat' dir='ltr'><strong>annon</strong></span> <span class='ocrx_word' id='word_1_87' title='bbox 1493 1423 1593 1478; x_wconf 91' lang='lat' dir='ltr'><strong>hoc</strong></span> <span class='ocrx_word' id='word_1_88' title='bbox 1614 1423 1702 1478; x_wconf 90' lang='lat' dir='ltr'><strong>ille</strong></span> <span class='ocrx_word' id='word_1_89' title='bbox 1726 1437 1883 1478; x_wconf 90' lang='lat' dir='ltr'><strong>coro-</strong></span> 
     </span>
    </p>
   </div>
   <div class='ocr_carea' id='block_1_13' title="bbox 320 1507 1885 1583">
    <p class='ocr_par' dir='ltr' id='par_1_13' title="bbox 320 1507 1885 1583">
     <span class='ocr_line' id='line_1_13' title="bbox 320 1507 1885 1583; baseline -0.001 -15"><span class='ocrx_word' id='word_1_90' title='bbox 320 1517 402 1568; x_wconf 90' lang='lat' dir='ltr'><strong>nis</strong></span> <span class='ocrx_word' id='word_1_91' title='bbox 429 1507 554 1583; x_wconf 85' lang='lat' dir='ltr'><strong>ipsis</strong></span> <span class='ocrx_word' id='word_1_92' title='bbox 577 1515 1009 1570; x_wconf 84' lang='lat' dir='ltr'><strong>honoriﬁcentius</strong></span> <span class='ocrx_word' id='word_1_93' title='bbox 1030 1514 1130 1570; x_wconf 86' lang='lat' dir='ltr'><strong>sibi</strong></span> <span class='ocrx_word' id='word_1_94' title='bbox 1145 1528 1264 1568; x_wconf 89' lang='lat' dir='ltr'><strong>esse</strong></span> <span class='ocrx_word' id='word_1_95' title='bbox 1283 1514 1518 1576; x_wconf 84' lang='lat' dir='ltr'><strong>duceret,</strong></span> <span class='ocrx_word' id='word_1_96' title='bbox 1542 1515 1885 1580; x_wconf 86' lang='lat' dir='ltr'><strong>omniumque</strong></span> 
     </span>
    </p>
   </div>
   <div class='ocr_carea' id='block_1_14' title="bbox 319 1603 1886 1674">
    <p class='ocr_par' dir='ltr' id='par_1_14' title="bbox 319 1603 1886 1674">
     <span class='ocr_line' id='line_1_14' title="bbox 319 1603 1886 1674; baseline -0.001 -16"><span class='ocrx_word' id='word_1_97' title='bbox 319 1616 673 1674; x_wconf 80' lang='lat' dir='ltr'><strong>spectatorum</strong></span> <span class='ocrx_word' id='word_1_98' title='bbox 705 1606 889 1660; x_wconf 91' lang='lat' dir='ltr'><strong>oculos</strong></span> <span class='ocrx_word' id='word_1_99' title='bbox 938 1605 1003 1659; x_wconf 89' lang='lat' dir='ltr'><strong>ad</strong></span> <span class='ocrx_word' id='word_1_100' title='bbox 1049 1620 1109 1660; x_wconf 91' lang='lat' dir='ltr'><strong>se</strong></span> <span class='ocrx_word' id='word_1_101' title='bbox 1159 1604 1540 1661; x_wconf 75' lang='lat' dir='ltr'><strong>converteret?</strong></span> <span class='ocrx_word' id='word_1_102' title='bbox 1567 1603 1698 1659; x_wconf 87' lang='lat' dir='ltr'><strong>Cum</strong></span> <span class='ocrx_word' id='word_1_103' title='bbox 1730 1603 1886 1673; x_wconf 90' lang='lat' dir='ltr'><strong>igitur</strong></span> 
     </span>
    </p>
   </div>
   <div class='ocr_carea' id='block_1_15' title="bbox 320 1694 1886 1768">
    <p class='ocr_par' dir='ltr' id='par_1_15' title="bbox 320 1694 1886 1768">
     <span class='ocr_line' id='line_1_15' title="bbox 320 1694 1886 1768; baseline -0.001 -18"><span class='ocrx_word' id='word_1_104' title='bbox 320 1713 422 1750; x_wconf 91' lang='lat' dir='ltr'><strong>non</strong></span> <span class='ocrx_word' id='word_1_105' title='bbox 452 1698 688 1752; x_wconf 85' lang='lat' dir='ltr'><strong>mortalis</strong></span> <span class='ocrx_word' id='word_1_106' title='bbox 719 1698 974 1768; x_wconf 88' lang='lat' dir='ltr'><strong>quispiam</strong></span> <span class='ocrx_word' id='word_1_107' title='bbox 999 1713 1112 1762; x_wconf 87' lang='lat' dir='ltr'><strong>rex,</strong></span> <span class='ocrx_word' id='word_1_108' title='bbox 1137 1697 1229 1751; x_wconf 87' lang='lat' dir='ltr'><strong>sed</strong></span> <span class='ocrx_word' id='word_1_109' title='bbox 1257 1697 1392 1751; x_wconf 91' lang='lat' dir='ltr'><strong>Deus</strong></span> <span class='ocrx_word' id='word_1_110' title='bbox 1415 1697 1548 1765; x_wconf 86' lang='lat' dir='ltr'><strong>ipse,</strong></span> <span class='ocrx_word' id='word_1_111' title='bbox 1571 1711 1674 1749; x_wconf 91' lang='lat' dir='ltr'><strong>non</strong></span> <span class='ocrx_word' id='word_1_112' title='bbox 1705 1696 1754 1748; x_wconf 94' lang='lat' dir='ltr'><strong>in</strong></span> <span class='ocrx_word' id='word_1_113' title='bbox 1785 1694 1886 1748; x_wconf 90' lang='lat' dir='ltr'><strong>hoc</strong></span> 
     </span>
    </p>
   </div>
   <div class='ocr_carea' id='block_1_16' title="bbox 321 1785 1885 1857">
    <p class='ocr_par' dir='ltr' id='par_1_16' title="bbox 321 1785 1885 1857">
     <span class='ocr_line' id='line_1_16' title="bbox 321 1785 1885 1857; baseline 0 -19"><span class='ocrx_word' id='word_1_114' title='bbox 321 1789 548 1852; x_wconf 85' lang='lat' dir='ltr'><strong>theatro,</strong></span> <span class='ocrx_word' id='word_1_115' title='bbox 574 1788 664 1842; x_wconf 89' lang='lat' dir='ltr'><strong>sed</strong></span> <span class='ocrx_word' id='word_1_116' title='bbox 694 1797 804 1842; x_wconf 90' lang='lat' dir='ltr'><strong>toto</strong></span> <span class='ocrx_word' id='word_1_117' title='bbox 833 1788 964 1843; x_wconf 89' lang='lat' dir='ltr'><strong>orbe</strong></span> <span class='ocrx_word' id='word_1_118' title='bbox 995 1789 1340 1857; x_wconf 83' lang='lat' dir='ltr'><strong>inspectante,</strong></span> <span class='ocrx_word' id='word_1_119' title='bbox 1378 1795 1536 1854; x_wconf 85' lang='lat' dir='ltr'><strong>atque</strong></span> <span class='ocrx_word' id='word_1_120' title='bbox 1581 1785 1885 1855; x_wconf 83' lang='lat' dir='ltr'><strong>angelorum</strong></span> 
     </span>
    </p>
   </div>
   <div class='ocr_carea' id='block_1_17' title="bbox 319 1879 1884 1952">
    <p class='ocr_par' dir='ltr' id='par_1_17' title="bbox 319 1879 1884 1952">
     <span class='ocr_line' id='line_1_17' title="bbox 319 1879 1884 1952; baseline -0.001 -20"><span class='ocrx_word' id='word_1_121' title='bbox 319 1891 373 1933; x_wconf 83' lang='lat' dir='ltr'><strong>et</strong></span> <span class='ocrx_word' id='word_1_122' title='bbox 401 1881 833 1951; x_wconf 84' lang='lat' dir='ltr'><strong>archangelorum</strong></span> <span class='ocrx_word' id='word_1_123' title='bbox 856 1897 1035 1952; x_wconf 83' lang='lat' dir='ltr'><strong>grege,</strong></span> <span class='ocrx_word' id='word_1_124' title='bbox 1067 1882 1173 1935; x_wconf 90' lang='lat' dir='ltr'><strong>alta</strong></span> <span class='ocrx_word' id='word_1_125' title='bbox 1201 1895 1329 1934; x_wconf 88' lang='lat' dir='ltr'><strong>voce</strong></span> <span class='ocrx_word' id='word_1_126' title='bbox 1359 1880 1424 1934; x_wconf 91' lang='lat' dir='ltr'><strong>de</strong></span> <span class='ocrx_word' id='word_1_127' title='bbox 1461 1880 1590 1934; x_wconf 66' lang='lat' dir='ltr'><strong>caelo</strong></span> <span class='ocrx_word' id='word_1_128' title='bbox 1615 1879 1848 1933; x_wconf 90' lang='lat' dir='ltr'><strong>clamans</strong></span> <span class='ocrx_word' id='word_1_129' title='bbox 1867 1915 1884 1943; x_wconf 94' lang='lat'><strong>,</strong></span> 
     </span>
    </p>
   </div>
   <div class='ocr_carea' id='block_1_18' title="bbox 319 1969 1884 2043">
    <p class='ocr_par' dir='ltr' id='par_1_18' title="bbox 319 1969 1884 2043">
     <span class='ocr_line' id='line_1_18' title="bbox 319 1969 1884 2043; baseline -0.001 -21"><span class='ocrx_word' id='word_1_130' title='bbox 319 1973 570 2026; x_wconf 86' lang='lat' dir='ltr'><strong>victorem</strong></span> <span class='ocrx_word' id='word_1_131' title='bbox 602 1974 768 2042; x_wconf 90' lang='lat' dir='ltr'><strong>ipsum</strong></span> <span class='ocrx_word' id='word_1_132' title='bbox 801 1974 1140 2043; x_wconf 85' lang='lat' dir='ltr'><strong>pronuntiet,</strong></span> <span class='ocrx_word' id='word_1_133' title='bbox 1186 1973 1420 2037; x_wconf 88' lang='lat' dir='ltr'><strong>ubinam,</strong></span> <span class='ocrx_word' id='word_1_134' title='bbox 1449 1985 1649 2041; x_wconf 73' lang='lat' dir='ltr'><strong>quaeso,</strong></span> <span class='ocrx_word' id='word_1_135' title='bbox 1684 1969 1884 2040; x_wconf 86' lang='lat' dir='ltr'><strong>justum</strong></span> 
     </span>
    </p>
   </div>
   <div class='ocr_carea' id='block_1_19' title="bbox 319 2064 1888 2135">
    <p class='ocr_par' dir='ltr' id='par_1_19' title="bbox 319 2064 1888 2135">
     <span class='ocr_line' id='line_1_19' title="bbox 319 2064 1888 2135; baseline -0.001 -18"><span class='ocrx_word' id='word_1_136' title='bbox 319 2065 466 2117; x_wconf 89' lang='lat' dir='ltr'><strong>illum</strong></span> <span class='ocrx_word' id='word_1_137' title='bbox 496 2064 913 2119; x_wconf 88' lang='lat' dir='ltr'><strong>collocabimus?</strong></span> <span class='ocrx_word' id='word_1_138' title='bbox 949 2065 1109 2130; x_wconf 89' lang='lat' dir='ltr'><strong>Quin,</strong></span> <span class='ocrx_word' id='word_1_139' title='bbox 1136 2066 1178 2119; x_wconf 90' lang='lat' dir='ltr'><strong>si</strong></span> <span class='ocrx_word' id='word_1_140' title='bbox 1208 2065 1417 2135; x_wconf 90' lang='lat' dir='ltr'><strong>placet,</strong></span> <span class='ocrx_word' id='word_1_141' title='bbox 1448 2077 1635 2118; x_wconf 90' lang='lat' dir='ltr'><strong>vocem</strong></span> <span class='ocrx_word' id='word_1_142' title='bbox 1673 2075 1888 2133; x_wconf 87' lang='lat' dir='ltr'><strong>quoque</strong></span> 
     </span>
    </p>
   </div>
   <div class='ocr_carea' id='block_1_20' title="bbox 320 2154 1884 2226">
    <p class='ocr_par' dir='ltr' id='par_1_20' title="bbox 320 2154 1884 2226">
     <span class='ocr_line' id='line_1_20' title="bbox 320 2154 1884 2226; baseline -0.002 -18"><span class='ocrx_word' id='word_1_143' title='bbox 320 2155 484 2224; x_wconf 85' lang='lat' dir='ltr'><strong>ipsam</strong></span> <span class='ocrx_word' id='word_1_144' title='bbox 504 2157 796 2210; x_wconf 86' lang='lat' dir='ltr'><strong>audiamus.</strong></span> <span class='ocrx_word' id='word_1_145' title='bbox 818 2157 1070 2224; x_wconf 74' lang='lat' dir='ltr'><strong>Quantam</strong></span> <span class='ocrx_word' id='word_1_146' title='bbox 1087 2169 1213 2226; x_wconf 86' lang='lat' dir='ltr'><strong>ergo</strong></span> <span class='ocrx_word' id='word_1_147' title='bbox 1229 2154 1345 2211; x_wconf 83' lang='lat' dir='ltr'><strong>ba:c</strong></span> <span class='ocrx_word' id='word_1_148' title='bbox 1361 2170 1460 2209; x_wconf 91' lang='lat' dir='ltr'><strong>vox</strong></span> <span class='ocrx_word' id='word_1_149' title='bbox 1478 2155 1594 2210; x_wconf 85' lang='lat' dir='ltr'><strong>est?</strong></span> <span class='ocrx_word' id='word_1_150' title='bbox 1611 2154 1884 2218; x_wconf 87' lang='lat' dir='ltr'><strong>Abraham,</strong></span> 
     </span>
    </p>
   </div>
   <div class='ocr_carea' id='block_1_21' title="bbox 319 2243 1888 2312">
    <p class='ocr_par' dir='ltr' id='par_1_21' title="bbox 319 2243 1888 2312">
     <span class='ocr_line' id='line_1_21' title="bbox 319 2243 1888 2312; baseline -0.003 -13"><span class='ocrx_word' id='word_1_151' title='bbox 319 2247 592 2310; x_wconf 77' lang='lat' dir='ltr'><strong>Abraham,</strong></span> <span class='ocrx_word' id='word_1_152' title='bbox 621 2265 718 2300; x_wconf 88' lang='lat' dir='ltr'><strong>non</strong></span> <span class='ocrx_word' id='word_1_153' title='bbox 748 2247 987 2301; x_wconf 72' lang='lat' dir='ltr'><strong>extendas</strong></span> <span class='ocrx_word' id='word_1_154' title='bbox 1017 2263 1219 2300; x_wconf 87' lang='lat' dir='ltr'><strong>manum</strong></span> <span class='ocrx_word' id='word_1_155' title='bbox 1262 2255 1400 2299; x_wconf 88' lang='lat' dir='ltr'><strong>tuam</strong></span> <span class='ocrx_word' id='word_1_156' title='bbox 1449 2247 1499 2299; x_wconf 87' lang='lat' dir='ltr'><strong>in</strong></span> <span class='ocrx_word' id='word_1_157' title='bbox 1555 2243 1746 2312; x_wconf 77' lang='lat' dir='ltr'><strong>Isaac,</strong></span> <span class='ocrx_word' id='word_1_158' title='bbox 1797 2258 1888 2296; x_wconf 83' lang='lat' dir='ltr'><strong>nec</strong></span> 
     </span>
    </p>
   </div>
   <div class='ocr_carea' id='block_1_22' title="bbox 319 2338 1890 2409">
    <p class='ocr_par' dir='ltr' id='par_1_22' title="bbox 319 2338 1890 2409">
     <span class='ocr_line' id='line_1_22' title="bbox 319 2338 1890 2409; baseline -0.001 -17"><span class='ocrx_word' id='word_1_159' title='bbox 319 2340 478 2409; x_wconf 80' lang='lat' dir='ltr'><strong>facias</strong></span> <span class='ocrx_word' id='word_1_160' title='bbox 505 2340 583 2392; x_wconf 84' lang='lat' dir='ltr'><strong>illi</strong></span> <span class='ocrx_word' id='word_1_161' title='bbox 602 2340 892 2408; x_wconf 82' lang='lat' dir='ltr'><strong>quidquam.</strong></span> <span class='ocrx_word' id='word_1_162' title='bbox 923 2338 1073 2392; x_wconf 87' lang='lat' dir='ltr'><strong>Nunc</strong></span> <span class='ocrx_word' id='word_1_163' title='bbox 1090 2341 1223 2393; x_wconf 87' lang='lat' dir='ltr'><strong>enim</strong></span> <span class='ocrx_word' id='word_1_164' title='bbox 1249 2338 1458 2409; x_wconf 81' lang='lat' dir='ltr'><strong>cognovi</strong></span> <span class='ocrx_word' id='word_1_165' title='bbox 1480 2338 1614 2408; x_wconf 85' lang='lat' dir='ltr'><strong>quod</strong></span> <span class='ocrx_word' id='word_1_166' title='bbox 1635 2348 1688 2392; x_wconf 84' lang='lat' dir='ltr'><strong>tu</strong></span> <span class='ocrx_word' id='word_1_167' title='bbox 1713 2339 1890 2392; x_wconf 88' lang='lat' dir='ltr'><strong>timeas</strong></span> 
     </span>
    </p>
   </div>
   <div class='ocr_carea' id='block_1_23' title="bbox 326 2430 1889 2504">
    <p class='ocr_par' dir='ltr' id='par_1_23' title="bbox 326 2430 1889 2504">
     <span class='ocr_line' id='line_1_23' title="bbox 326 2430 1889 2504; baseline 0 -20"><span class='ocrx_word' id='word_1_168' title='bbox 326 2431 614 2498; x_wconf 87' lang='lat' dir='ltr'><strong>Dominum,</strong></span> <span class='ocrx_word' id='word_1_169' title='bbox 642 2433 878 2504; x_wconf 84' lang='lat' dir='ltr'><strong>quoniam</strong></span> <span class='ocrx_word' id='word_1_170' title='bbox 898 2448 999 2486; x_wconf 87' lang='lat' dir='ltr'><strong>non</strong></span> <span class='ocrx_word' id='word_1_171' title='bbox 1045 2431 1312 2502; x_wconf 69' lang='lat' dir='ltr'><strong>pepercisti</strong></span> <span class='ocrx_word' id='word_1_172' title='bbox 1338 2431 1590 2501; x_wconf 85' lang='lat' dir='ltr'><strong>unigenito</strong></span> <span class='ocrx_word' id='word_1_173' title='bbox 1643 2430 1750 2499; x_wconf 77' lang='lat' dir='ltr'><strong>ﬁlio</strong></span> <span class='ocrx_word' id='word_1_174' title='bbox 1801 2439 1889 2484; x_wconf 89' lang='lat' dir='ltr'><strong>tuo</strong></span> 
     </span>
    </p>
   </div>
   <div class='ocr_carea' id='block_1_24' title="bbox 322 2518 1889 2594">
    <p class='ocr_par' dir='ltr' id='par_1_24' title="bbox 322 2518 1889 2594">
     <span class='ocr_line' id='line_1_24' title="bbox 322 2518 1889 2594; baseline -0.002 -19"><span class='ocrx_word' id='word_1_175' title='bbox 322 2532 524 2592; x_wconf 78' lang='lat' dir='ltr'><strong>propter</strong></span> <span class='ocrx_word' id='word_1_176' title='bbox 548 2539 625 2577; x_wconf 80' lang='lat' dir='ltr'><strong>me</strong></span> <span class='ocrx_word' id='word_1_177' title='bbox 649 2521 812 2594; x_wconf 81' lang='lat' dir='ltr'><strong>(Gen.</strong></span> <span class='ocrx_word' id='word_1_178' title='bbox 835 2521 923 2576; x_wconf 72' lang='lat'><strong>&#39;22.</strong></span> <span class='ocrx_word' id='word_1_179' title='bbox 954 2521 1021 2577; x_wconf 74' lang='grc'><strong>12</strong></span> <span class='ocrx_word' id='word_1_180' title='bbox 1040 2523 1080 2594; x_wconf 92' lang='grc'><strong>).</strong></span> <span class='ocrx_word' id='word_1_181' title='bbox 1112 2522 1248 2590; x_wconf 84' lang='lat' dir='ltr'><strong>Quid</strong></span> <span class='ocrx_word' id='word_1_182' title='bbox 1287 2534 1465 2577; x_wconf 90' lang='lat' dir='ltr'><strong>autem</strong></span> <span class='ocrx_word' id='word_1_183' title='bbox 1490 2519 1629 2575; x_wconf 78' lang='lat' dir='ltr'><strong>hoc?</strong></span> <span class='ocrx_word' id='word_1_184' title='bbox 1658 2521 1772 2574; x_wconf 90' lang='lat' dir='ltr'><strong>isne</strong></span> <span class='ocrx_word' id='word_1_185' title='bbox 1799 2518 1889 2589; x_wconf 89' lang='lat' dir='ltr'><strong>qui</strong></span> 
     </span>
    </p>
   </div>
   <div class='ocr_carea' id='block_1_25' title="bbox 321 2611 1887 2682">
    <p class='ocr_par' dir='ltr' id='par_1_25' title="bbox 321 2611 1887 2682">
     <span class='ocr_line' id='line_1_25' title="bbox 321 2611 1887 2682; baseline -0.004 -14"><span class='ocrx_word' id='word_1_186' title='bbox 321 2617 497 2668; x_wconf 83' lang='lat' dir='ltr'><strong>omnia</strong></span> <span class='ocrx_word' id='word_1_187' title='bbox 525 2615 668 2668; x_wconf 91' lang='lat' dir='ltr'><strong>novit</strong></span> <span class='ocrx_word' id='word_1_188' title='bbox 694 2623 975 2682; x_wconf 83' lang='lat' dir='ltr'><strong>antequam</strong></span> <span class='ocrx_word' id='word_1_189' title='bbox 1006 2614 1265 2681; x_wconf 86' lang='lat' dir='ltr'><strong>oriantur,</strong></span> <span class='ocrx_word' id='word_1_190' title='bbox 1294 2628 1435 2667; x_wconf 90' lang='lat' dir='ltr'><strong>nunc</strong></span> <span class='ocrx_word' id='word_1_191' title='bbox 1458 2611 1669 2666; x_wconf 91' lang='lat' dir='ltr'><strong>demum</strong></span> <span class='ocrx_word' id='word_1_192' title='bbox 1691 2624 1887 2680; x_wconf 81' lang='lat' dir='ltr'><strong>cogno—</strong></span> 
     </span>
    </p>
   </div>
   <div class='ocr_carea' id='block_1_26' title="bbox 323 2702 1891 2776">
    <p class='ocr_par' dir='ltr' id='par_1_26' title="bbox 323 2702 1891 2776">
     <span class='ocr_line' id='line_1_26' title="bbox 323 2702 1891 2776; baseline -0.004 -16"><span class='ocrx_word' id='word_1_193' title='bbox 323 2708 430 2760; x_wconf 86' lang='lat' dir='ltr'><strong>vit?</strong></span> <span class='ocrx_word' id='word_1_194' title='bbox 453 2708 610 2776; x_wconf 91' lang='lat' dir='ltr'><strong>Atqui</strong></span> <span class='ocrx_word' id='word_1_195' title='bbox 633 2707 933 2761; x_wconf 89' lang='lat' dir='ltr'><strong>hominibus</strong></span> <span class='ocrx_word' id='word_1_196' title='bbox 950 2721 1160 2776; x_wconf 87' lang='lat' dir='ltr'><strong>quoque</strong></span> <span class='ocrx_word' id='word_1_197' title='bbox 1182 2713 1452 2774; x_wconf 86' lang='lat' dir='ltr'><strong>perspecta</strong></span> <span class='ocrx_word' id='word_1_198' title='bbox 1465 2703 1573 2774; x_wconf 89' lang='lat' dir='ltr'><strong>jam</strong></span> <span class='ocrx_word' id='word_1_199' title='bbox 1591 2713 1702 2759; x_wconf 88' lang='lat' dir='ltr'><strong>erat</strong></span> <span class='ocrx_word' id='word_1_200' title='bbox 1717 2702 1891 2776; x_wconf 89' lang='lat' dir='ltr'><strong>ipsius</strong></span> 
     </span>
    </p>
   </div>
   <div class='ocr_carea' id='block_1_27' title="bbox 324 2799 1888 2872">
    <p class='ocr_par' dir='ltr' id='par_1_27' title="bbox 324 2799 1888 2872">
     <span class='ocr_line' id='line_1_27' title="bbox 324 2799 1888 2872; baseline -0.005 -16"><span class='ocrx_word' id='word_1_201' title='bbox 324 2803 490 2872; x_wconf 91' lang='lat' dir='ltr'><strong>pietas</strong></span> <span class='ocrx_word' id='word_1_202' title='bbox 521 2820 533 2856; x_wconf 92' lang='lat'>:</span> <span class='ocrx_word' id='word_1_203' title='bbox 568 2812 642 2857; x_wconf 92' lang='lat' dir='ltr'><strong>tot</strong></span> <span class='ocrx_word' id='word_1_204' title='bbox 674 2818 785 2856; x_wconf 71' lang='lat' dir='ltr'><strong>suae</strong></span> <span class='ocrx_word' id='word_1_205' title='bbox 811 2817 934 2872; x_wconf 87' lang='lat' dir='ltr'><strong>erga</strong></span> <span class='ocrx_word' id='word_1_206' title='bbox 967 2802 1129 2856; x_wconf 90' lang='lat' dir='ltr'><strong>Deum</strong></span> <span class='ocrx_word' id='word_1_207' title='bbox 1160 2799 1546 2855; x_wconf 68' lang='lat' dir='ltr'><strong>benevolentiae</strong></span> <span class='ocrx_word' id='word_1_208' title='bbox 1577 2805 1888 2867; x_wconf 88' lang='lat' dir='ltr'><strong>argumenta</strong></span> 
     </span>
    </p>
   </div>
   <div class='ocr_carea' id='block_1_28' title="bbox 321 2887 1892 2961">
    <p class='ocr_par' dir='ltr' id='par_1_28' title="bbox 321 2887 1892 2961">
     <span class='ocr_line' id='line_1_28' title="bbox 321 2887 1892 2961; baseline -0.004 -13"><span class='ocrx_word' id='word_1_209' title='bbox 321 2894 570 2959; x_wconf 84' lang='lat' dir='ltr'><strong>dederat;</strong></span> <span class='ocrx_word' id='word_1_210' title='bbox 600 2910 718 2948; x_wconf 90' lang='lat' dir='ltr'><strong>cum</strong></span> <span class='ocrx_word' id='word_1_211' title='bbox 742 2895 880 2948; x_wconf 90' lang='lat' dir='ltr'><strong>Dens</strong></span> <span class='ocrx_word' id='word_1_212' title='bbox 897 2893 963 2949; x_wconf 89' lang='lat' dir='ltr'><strong>ad</strong></span> <span class='ocrx_word' id='word_1_213' title='bbox 989 2908 1108 2947; x_wconf 89' lang='lat' dir='ltr'><strong>eum</strong></span> <span class='ocrx_word' id='word_1_214' title='bbox 1126 2891 1367 2956; x_wconf 83' lang='lat' dir='ltr'><strong>dixisset,</strong></span> <span class='ocrx_word' id='word_1_215' title='bbox 1396 2889 1647 2961; x_wconf 84' lang='lat' dir='ltr'><strong>Egredere</strong></span> <span class='ocrx_word' id='word_1_216' title='bbox 1669 2887 1733 2943; x_wconf 85' lang='lat' dir='ltr'><strong>de</strong></span> <span class='ocrx_word' id='word_1_217' title='bbox 1758 2897 1892 2942; x_wconf 88' lang='lat' dir='ltr'><strong>terra</strong></span> 
     </span>
    </p>
   </div>
   <div class='ocr_carea' id='block_1_29' title="bbox 324 2979 1889 3057">
    <p class='ocr_par' dir='ltr' id='par_1_29' title="bbox 324 2979 1889 3057">
     <span class='ocr_line' id='line_1_29' title="bbox 324 2979 1889 3057; baseline -0.001 -21"><span class='ocrx_word' id='word_1_218' title='bbox 324 2994 429 3050; x_wconf 86' lang='lat' dir='ltr'><strong>tua,</strong></span> <span class='ocrx_word' id='word_1_219' title='bbox 463 2994 507 3036; x_wconf 89' lang='lat' dir='ltr'><strong>et</strong></span> <span class='ocrx_word' id='word_1_220' title='bbox 527 2986 590 3038; x_wconf 85' lang='lat' dir='ltr'><strong>de</strong></span> <span class='ocrx_word' id='word_1_221' title='bbox 612 2985 907 3054; x_wconf 86' lang='lat' dir='ltr'><strong>cognatione</strong></span> <span class='ocrx_word' id='word_1_222' title='bbox 931 2995 1020 3037; x_wconf 88' lang='lat' dir='ltr'><strong>tua</strong></span> <span class='ocrx_word' id='word_1_223' title='bbox 1041 2984 1062 3057; x_wconf 90' lang='lat'><strong>(</strong></span> <span class='ocrx_word' id='word_1_224' title='bbox 1080 2983 1204 3037; x_wconf 82' lang='lat' dir='ltr'><strong>Gen.</strong></span> <span class='ocrx_word' id='word_1_225' title='bbox 1238 2982 1324 3037; x_wconf 75' lang='grc'><strong>12.</strong></span> <span class='ocrx_word' id='word_1_226' title='bbox 1350 2983 1374 3036; x_wconf 80' lang='grc'><strong>1</strong></span> <span class='ocrx_word' id='word_1_227' title='bbox 1398 2983 1416 3052; x_wconf 97' lang='grc'>)</span> <span class='ocrx_word' id='word_1_228' title='bbox 1446 2999 1459 3035; x_wconf 92' lang='lat'>:</span> <span class='ocrx_word' id='word_1_229' title='bbox 1481 2997 1601 3036; x_wconf 90' lang='lat' dir='ltr'><strong>cum</strong></span> <span class='ocrx_word' id='word_1_230' title='bbox 1623 2979 1691 3036; x_wconf 87' lang='lat' dir='ltr'><strong>ob</strong></span> <span class='ocrx_word' id='word_1_231' title='bbox 1717 2979 1889 3049; x_wconf 88' lang='lat' dir='ltr'><strong>ipsum</strong></span> 
     </span>
    </p>
   </div>
   <div class='ocr_carea' id='block_1_30' title="bbox 324 3069 1893 3144">
    <p class='ocr_par' dir='ltr' id='par_1_30' title="bbox 324 3069 1893 3144">
     <span class='ocr_line' id='line_1_30' title="bbox 324 3069 1893 3144; baseline -0.002 -17"><span class='ocrx_word' id='word_1_232' title='bbox 324 3083 481 3144; x_wconf 88' lang='lat' dir='ltr'><strong>atque</strong></span> <span class='ocrx_word' id='word_1_233' title='bbox 509 3075 723 3128; x_wconf 78' lang='lat' dir='ltr'><strong>honoris</strong></span> <span class='ocrx_word' id='word_1_234' title='bbox 755 3075 918 3144; x_wconf 91' lang='lat' dir='ltr'><strong>ipsius</strong></span> <span class='ocrx_word' id='word_1_235' title='bbox 942 3087 1100 3127; x_wconf 89' lang='lat' dir='ltr'><strong>causa</strong></span> <span class='ocrx_word' id='word_1_236' title='bbox 1123 3072 1300 3142; x_wconf 91' lang='lat' dir='ltr'><strong>nepoti</strong></span> <span class='ocrx_word' id='word_1_237' title='bbox 1326 3086 1423 3126; x_wconf 91' lang='lat' dir='ltr'><strong>suo</strong></span> <span class='ocrx_word' id='word_1_238' title='bbox 1444 3072 1674 3142; x_wconf 88' lang='lat' dir='ltr'><strong>primatu</strong></span> <span class='ocrx_word' id='word_1_239' title='bbox 1701 3069 1893 3124; x_wconf 86' lang='lat' dir='ltr'><strong>cessis-</strong></span> 
     </span>
    </p>
   </div>
   <div class='ocr_carea' id='block_1_31' title="bbox 324 3161 1888 3233">
    <p class='ocr_par' dir='ltr' id='par_1_31' title="bbox 324 3161 1888 3233">
     <span class='ocr_line' id='line_1_31' title="bbox 324 3161 1888 3233; baseline -0.004 -15"><span class='ocrx_word' id='word_1_240' title='bbox 324 3175 404 3218; x_wconf 90' lang='lat' dir='ltr'><strong>set</strong></span> <span class='ocrx_word' id='word_1_241' title='bbox 437 3182 449 3219; x_wconf 93' lang='lat'>:</span> <span class='ocrx_word' id='word_1_242' title='bbox 479 3179 598 3218; x_wconf 90' lang='lat' dir='ltr'><strong>cum</strong></span> <span class='ocrx_word' id='word_1_243' title='bbox 630 3180 749 3219; x_wconf 89' lang='lat' dir='ltr'><strong>cum</strong></span> <span class='ocrx_word' id='word_1_244' title='bbox 780 3179 812 3219; x_wconf 89' lang='lat' dir='ltr'><strong>e</strong></span> <span class='ocrx_word' id='word_1_245' title='bbox 840 3174 915 3218; x_wconf 92' lang='lat' dir='ltr'><strong>tot</strong></span> <span class='ocrx_word' id='word_1_246' title='bbox 951 3163 1217 3233; x_wconf 89' lang='lat' dir='ltr'><strong>tantisque</strong></span> <span class='ocrx_word' id='word_1_247' title='bbox 1246 3162 1496 3232; x_wconf 89' lang='lat' dir='ltr'><strong>periculis</strong></span> <span class='ocrx_word' id='word_1_248' title='bbox 1525 3161 1844 3216; x_wconf 78' lang='lat' dir='ltr'><strong>extraxisset</strong></span> <span class='ocrx_word' id='word_1_249' title='bbox 1873 3177 1888 3212; x_wconf 91' lang='lat'><strong>:</strong></span> 
     </span>
    </p>
   </div>
   <div class='ocr_carea' id='block_1_32' title="bbox 323 3251 1893 3328">
    <p class='ocr_par' dir='ltr' id='par_1_32' title="bbox 323 3251 1893 3328">
     <span class='ocr_line' id='line_1_32' title="bbox 323 3251 1893 3328; baseline -0.003 -18"><span class='ocrx_word' id='word_1_250' title='bbox 323 3271 442 3310; x_wconf 90' lang='lat' dir='ltr'><strong>cum</strong></span> <span class='ocrx_word' id='word_1_251' title='bbox 465 3256 515 3310; x_wconf 88' lang='lat' dir='ltr'><strong>in</strong></span> <span class='ocrx_word' id='word_1_252' title='bbox 545 3255 830 3328; x_wconf 66' lang='lat' dir='ltr'><strong>Aigyptum</strong></span> <span class='ocrx_word' id='word_1_253' title='bbox 861 3256 1025 3328; x_wconf 92' lang='lat' dir='ltr'><strong>ipsius</strong></span> <span class='ocrx_word' id='word_1_254' title='bbox 1037 3255 1188 3326; x_wconf 89' lang='lat' dir='ltr'><strong>jussu</strong></span> <span class='ocrx_word' id='word_1_255' title='bbox 1212 3254 1478 3324; x_wconf 89' lang='lat' dir='ltr'><strong>profectus</strong></span> <span class='ocrx_word' id='word_1_256' title='bbox 1502 3251 1706 3319; x_wconf 83' lang='lat' dir='ltr'><strong>fuisset,</strong></span> <span class='ocrx_word' id='word_1_257' title='bbox 1732 3259 1893 3321; x_wconf 86' lang='lat' dir='ltr'><strong>atque</strong></span> 
     </span>
    </p>
   </div>
   <div class='ocr_carea' id='block_1_33' title="bbox 326 3341 1889 3417">
    <p class='ocr_par' dir='ltr' id='par_1_33' title="bbox 326 3341 1889 3417">
     <span class='ocr_line' id='line_1_33' title="bbox 326 3341 1889 3417; baseline -0.003 -17"><span class='ocrx_word' id='word_1_258' title='bbox 326 3363 488 3402; x_wconf 86' lang='lat' dir='ltr'><strong>uxore</strong></span> <span class='ocrx_word' id='word_1_259' title='bbox 514 3348 614 3402; x_wconf 90' lang='lat' dir='ltr'><strong>sibi</strong></span> <span class='ocrx_word' id='word_1_260' title='bbox 643 3349 888 3417; x_wconf 90' lang='lat' dir='ltr'><strong>adempta</strong></span> <span class='ocrx_word' id='word_1_261' title='bbox 917 3362 1021 3401; x_wconf 92' lang='lat' dir='ltr'><strong>non</strong></span> <span class='ocrx_word' id='word_1_262' title='bbox 1069 3345 1485 3416; x_wconf 87' lang='lat' dir='ltr'><strong>indignationem</strong></span> <span class='ocrx_word' id='word_1_263' title='bbox 1516 3341 1889 3413; x_wconf 88' lang='lat' dir='ltr'><strong>concepisset,</strong></span> 
     </span>
    </p>
   </div>
   <div class='ocr_carea' id='block_1_34' title="bbox 323 3435 1890 3510">
    <p class='ocr_par' dir='ltr' id='par_1_34' title="bbox 323 3435 1890 3510">
     <span class='ocr_line' id='line_1_34' title="bbox 323 3435 1890 3510; baseline -0.003 -18"><span class='ocrx_word' id='word_1_264' title='bbox 323 3439 529 3510; x_wconf 87' lang='lat' dir='ltr'><strong>aliaque</strong></span> <span class='ocrx_word' id='word_1_265' title='bbox 556 3439 716 3492; x_wconf 89' lang='lat' dir='ltr'><strong>multa</strong></span> <span class='ocrx_word' id='word_1_266' title='bbox 744 3440 973 3493; x_wconf 85' lang='lat' dir='ltr'><strong>fecisset.</strong></span> <span class='ocrx_word' id='word_1_267' title='bbox 1007 3437 1209 3506; x_wconf 90' lang='lat' dir='ltr'><strong>Quibus</strong></span> <span class='ocrx_word' id='word_1_268' title='bbox 1236 3453 1300 3492; x_wconf 87' lang='lat' dir='ltr'><strong>ex</strong></span> <span class='ocrx_word' id='word_1_269' title='bbox 1327 3437 1486 3492; x_wconf 90' lang='lat' dir='ltr'><strong>rebus</strong></span> <span class='ocrx_word' id='word_1_270' title='bbox 1513 3435 1674 3490; x_wconf 91' lang='lat' dir='ltr'><strong>homo</strong></span> <span class='ocrx_word' id='word_1_271' title='bbox 1707 3435 1890 3502; x_wconf 91' lang='lat' dir='ltr'><strong>etiam,</strong></span> 
     </span>
    </p>
   </div>
   <div class='ocr_carea' id='block_1_35' title="bbox 325 3528 1893 3600">
    <p class='ocr_par' dir='ltr' id='par_1_35' title="bbox 325 3528 1893 3600">
     <span class='ocr_line' id='line_1_35' title="bbox 325 3528 1893 3600; baseline -0.003 -16"><span class='ocrx_word' id='word_1_272' title='bbox 325 3542 382 3584; x_wconf 93' lang='lat' dir='ltr'><strong>ut</strong></span> <span class='ocrx_word' id='word_1_273' title='bbox 413 3532 521 3600; x_wconf 92' lang='lat' dir='ltr'><strong>jam</strong></span> <span class='ocrx_word' id='word_1_274' title='bbox 569 3531 697 3598; x_wconf 93' lang='lat' dir='ltr'><strong>dixi,</strong></span> <span class='ocrx_word' id='word_1_275' title='bbox 730 3531 981 3600; x_wconf 90' lang='lat' dir='ltr'><strong>pietatem</strong></span> <span class='ocrx_word' id='word_1_276' title='bbox 1008 3530 1171 3600; x_wconf 92' lang='lat' dir='ltr'><strong>ipsius</strong></span> <span class='ocrx_word' id='word_1_277' title='bbox 1197 3537 1523 3598; x_wconf 89' lang='lat' dir='ltr'><strong>compertam</strong></span> <span class='ocrx_word' id='word_1_278' title='bbox 1574 3528 1769 3583; x_wconf 90' lang='lat' dir='ltr'><strong>habere</strong></span> <span class='ocrx_word' id='word_1_279' title='bbox 1798 3542 1893 3598; x_wconf 88' lang='lat' dir='ltr'><strong>po-</strong></span> 
     </span>
    </p>
   </div>
   <div class='ocr_carea' id='block_1_36' title="bbox 326 3619 1893 3693">
    <p class='ocr_par' dir='ltr' id='par_1_36' title="bbox 326 3619 1893 3693">
     <span class='ocr_line' id='line_1_36' title="bbox 326 3619 1893 3693; baseline -0.004 -15"><span class='ocrx_word' id='word_1_280' title='bbox 326 3626 541 3690; x_wconf 89' lang='lat' dir='ltr'><strong>tuisset,</strong></span> <span class='ocrx_word' id='word_1_281' title='bbox 572 3623 764 3678; x_wconf 92' lang='lat' dir='ltr'><strong>nedum</strong></span> <span class='ocrx_word' id='word_1_282' title='bbox 792 3623 932 3678; x_wconf 90' lang='lat' dir='ltr'><strong>Deus</strong></span> <span class='ocrx_word' id='word_1_283' title='bbox 954 3664 971 3690; x_wconf 98' lang='lat'><strong>,</strong></span> <span class='ocrx_word' id='word_1_284' title='bbox 1004 3623 1092 3693; x_wconf 92' lang='lat' dir='ltr'><strong>qui</strong></span> <span class='ocrx_word' id='word_1_285' title='bbox 1113 3637 1219 3677; x_wconf 92' lang='lat' dir='ltr'><strong>non</strong></span> <span class='ocrx_word' id='word_1_286' title='bbox 1241 3628 1519 3689; x_wconf 74' lang='lat' dir='ltr'><strong>ex5pectat</strong></span> <span class='ocrx_word' id='word_1_287' title='bbox 1547 3629 1602 3673; x_wconf 94' lang='lat' dir='ltr'><strong>ut</strong></span> <span class='ocrx_word' id='word_1_288' title='bbox 1627 3636 1722 3690; x_wconf 86' lang='lat' dir='ltr'><strong>per</strong></span> <span class='ocrx_word' id='word_1_289' title='bbox 1751 3619 1893 3688; x_wconf 68' lang='lat' dir='ltr'><strong>ipsas</strong></span> 
     </span>
    </p>
   </div>
   <div class='ocr_carea' id='block_1_37' title="bbox 324 3709 1889 3781">
    <p class='ocr_par' dir='ltr' id='par_1_37' title="bbox 324 3709 1889 3781">
     <span class='ocr_line' id='line_1_37' title="bbox 324 3709 1889 3781; baseline -0.003 -12"><span class='ocrx_word' id='word_1_290' title='bbox 324 3730 412 3770; x_wconf 90' lang='lat' dir='ltr'><strong>res</strong></span> <span class='ocrx_word' id='word_1_291' title='bbox 441 3715 599 3769; x_wconf 86' lang='lat' dir='ltr'><strong>finem</strong></span> <span class='ocrx_word' id='word_1_292' title='bbox 621 3724 824 3770; x_wconf 89' lang='lat' dir='ltr'><strong>noscat.</strong></span> <span class='ocrx_word' id='word_1_293' title='bbox 862 3713 1101 3781; x_wconf 92' lang='lat' dir='ltr'><strong>Quonam</strong></span> <span class='ocrx_word' id='word_1_294' title='bbox 1126 3721 1303 3768; x_wconf 89' lang='lat' dir='ltr'><strong>autem</strong></span> <span class='ocrx_word' id='word_1_295' title='bbox 1329 3711 1489 3765; x_wconf 92' lang='lat' dir='ltr'><strong>modo</strong></span> <span class='ocrx_word' id='word_1_296' title='bbox 1516 3710 1664 3765; x_wconf 89' lang='lat' dir='ltr'><strong>illum</strong></span> <span class='ocrx_word' id='word_1_297' title='bbox 1687 3709 1889 3780; x_wconf 87' lang='lat' dir='ltr'><strong>justum</strong></span> 
     </span>
    </p>
   </div>
   <div class='ocr_carea' id='block_1_38' title="bbox 326 3800 1888 3878">
    <p class='ocr_par' dir='ltr' id='par_1_38' title="bbox 326 3800 1888 3878">
     <span class='ocr_line' id='line_1_38' title="bbox 326 3800 1888 3878; baseline -0.004 -16"><span class='ocrx_word' id='word_1_298' title='bbox 326 3808 752 3878; x_wconf 90' lang='lat' dir='ltr'><strong>pronuntiasset,</strong></span> <span class='ocrx_word' id='word_1_299' title='bbox 780 3806 824 3859; x_wconf 90' lang='lat' dir='ltr'><strong>si</strong></span> <span class='ocrx_word' id='word_1_300' title='bbox 853 3807 1023 3874; x_wconf 91' lang='lat' dir='ltr'><strong>ipsum</strong></span> <span class='ocrx_word' id='word_1_301' title='bbox 1064 3801 1400 3875; x_wconf 74' lang='lat' dir='ltr'><strong>ignorasset?</strong></span> <span class='ocrx_word' id='word_1_302' title='bbox 1450 3800 1672 3856; x_wconf 80' lang='lat' dir='ltr'><strong>Credidit</strong></span> <span class='ocrx_word' id='word_1_303' title='bbox 1709 3802 1888 3870; x_wconf 89' lang='lat' dir='ltr'><strong>enim,</strong></span> 
     </span>
    </p>
   </div>
   <div class='ocr_carea' id='block_1_39' title="bbox 325 3892 1890 4044">
    <p class='ocr_par' dir='ltr' id='par_1_39' title="bbox 325 3892 1890 4044">
     <span class='ocr_line' id='line_1_39' title="bbox 325 3892 1890 4044; baseline -0.005 -90"><span class='ocrx_word' id='word_1_304' title='bbox 325 3899 863 4044; x_wconf 49' lang='lat' dir='ltr'><strong>inﬂuit,‘Abg-t;ltam,</strong></span> <span class='ocrx_word' id='word_1_305' title='bbox 905 3905 950 3951; x_wconf 86' lang='lat' dir='ltr'><strong>et</strong></span> <span class='ocrx_word' id='word_1_306' title='bbox 1002 3903 1289 3966; x_wconf 87' lang='lat' dir='ltr'><strong>reputatum</strong></span> <span class='ocrx_word' id='word_1_307' title='bbox 1334 3902 1406 3946; x_wconf 86' lang='lat' dir='ltr'><strong>est</strong></span> <span class='ocrx_word' id='word_1_308' title='bbox 1429 3892 1528 3963; x_wconf 85' lang='lat' dir='ltr'><strong>ipsi</strong></span> <span class='ocrx_word' id='word_1_309' title='bbox 1555 3892 1623 3946; x_wconf 87' lang='lat' dir='ltr'><strong>ad</strong></span> <span class='ocrx_word' id='word_1_310' title='bbox 1637 3893 1890 3963; x_wconf 79' lang='lat' dir='ltr'><strong>justitiam</strong></span> 
     </span>
     <span class='ocr_line' id='line_1_40' title="bbox 416 3988 729 4024; baseline -0.006 0"><span class='ocrx_word' id='word_1_311' title='bbox 416 3988 514 4024; x_wconf 90' lang='lat' dir='ltr'><strong>om.</strong></span> <span class='ocrx_word' id='word_1_312' title='bbox 577 4008 590 4022; x_wconf 99' lang='lat'><strong>.</strong></span> <span class='ocrx_word' id='word_1_313' title='bbox 715 4008 729 4022; x_wconf 91' lang='lat'><strong>.</strong></span> 
     </span>
    </p>
   </div>
   <div class='ocr_carea' id='block_1_40' title="bbox 416 3988 729 4024">
    <p class='ocr_par' dir='ltr' id='par_1_40' title="bbox 416 3988 729 4024">
     <span class='ocr_line' id='line_1_41' title="bbox 416 3988 729 4024; baseline -0.006 0"><span class='ocrx_word' id='word_1_314' title='bbox 416 3988 514 4024; x_wconf 90' lang='lat' dir='ltr'><strong>om.</strong></span> <span class='ocrx_word' id='word_1_315' title='bbox 539 3988 590 4024; x_wconf 67' lang='grc'><strong>4.</strong></span> <span class='ocrx_word' id='word_1_316' title='bbox 639 3988 672 4024; x_wconf 77' lang='grc' dir='ltr'><strong>ὓ</strong></span> <span class='ocrx_word' id='word_1_317' title='bbox 694 3988 729 4024; x_wconf 80' lang='lat' dir='ltr'><strong>l.</strong></span> 
     </span>
    </p>
   </div>
   <div class='ocr_carea' id='block_1_41' title="bbox 395 4057 1889 4131">
    <p class='ocr_par' dir='ltr' id='par_1_41' title="bbox 395 4057 1889 4131">
     <span class='ocr_line' id='line_1_42' title="bbox 395 4057 1889 4131; baseline -0.003 -15"><span class='ocrx_word' id='word_1_318' title='bbox 395 4064 447 4117; x_wconf 90' lang='lat'><strong>6.</strong></span> <span class='ocrx_word' id='word_1_319' title='bbox 480 4062 614 4131; x_wconf 90' lang='lat' dir='ltr'><strong>Quid</strong></span> <span class='ocrx_word' id='word_1_320' title='bbox 644 4062 801 4131; x_wconf 88' lang='lat' dir='ltr'><strong>igitur</strong></span> <span class='ocrx_word' id='word_1_321' title='bbox 824 4070 907 4115; x_wconf 89' lang='lat' dir='ltr'><strong>est</strong></span> <span class='ocrx_word' id='word_1_322' title='bbox 942 4059 1104 4124; x_wconf 88' lang='lat' dir='ltr'><strong>istud,</strong></span> <span class='ocrx_word' id='word_1_323' title='bbox 1126 4057 1278 4112; x_wconf 85' lang='lat' dir='ltr'><strong>Nunc</strong></span> <span class='ocrx_word' id='word_1_324' title='bbox 1306 4059 1549 4129; x_wconf 73' lang='lat' dir='ltr'><strong>cognovi?</strong></span> <span class='ocrx_word' id='word_1_325' title='bbox 1576 4059 1741 4131; x_wconf 85' lang='lat' dir='ltr'><strong>Syrus</strong></span> <span class='ocrx_word' id='word_1_326' title='bbox 1766 4057 1889 4126; x_wconf 91' lang='lat' dir='ltr'><strong>qui-</strong></span> 
     </span>
    </p>
   </div>
   <div class='ocr_carea' id='block_1_42' title="bbox 326 4147 1888 4219">
    <p class='ocr_par' dir='ltr' id='par_1_42' title="bbox 326 4147 1888 4219">
     <span class='ocr_line' id='line_1_43' title="bbox 326 4147 1888 4219; baseline -0.004 -10"><span class='ocrx_word' id='word_1_327' title='bbox 326 4156 444 4210; x_wconf 91' lang='lat' dir='ltr'><strong>dem</strong></span> <span class='ocrx_word' id='word_1_328' title='bbox 477 4156 554 4208; x_wconf 92' lang='lat' dir='ltr'><strong>sic</strong></span> <span class='ocrx_word' id='word_1_329' title='bbox 584 4153 761 4219; x_wconf 87' lang='lat' dir='ltr'><strong>habet,</strong></span> <span class='ocrx_word' id='word_1_330' title='bbox 789 4151 943 4206; x_wconf 84' lang='lat' dir='ltr'><strong>Nunc</strong></span> <span class='ocrx_word' id='word_1_331' title='bbox 969 4149 1258 4217; x_wconf 80' lang='lat' dir='ltr'><strong>dectarasti,</strong></span> <span class='ocrx_word' id='word_1_332' title='bbox 1283 4149 1528 4215; x_wconf 91' lang='lat' dir='ltr'><strong>subaudi,</strong></span> <span class='ocrx_word' id='word_1_333' title='bbox 1561 4147 1888 4204; x_wconf 90' lang='lat' dir='ltr'><strong>hominibus.</strong></span> 
     </span>
    </p>
   </div>
   <div class='ocr_carea' id='block_1_43' title="bbox 326 4243 1888 4317">
    <p class='ocr_par' dir='ltr' id='par_1_43' title="bbox 326 4243 1888 4317">
     <span class='ocr_line' id='line_1_44' title="bbox 326 4243 1888 4317; baseline -0.003 -15"><span class='ocrx_word' id='word_1_334' title='bbox 326 4247 453 4302; x_wconf 89' lang='lat' dir='ltr'><strong>Nam</strong></span> <span class='ocrx_word' id='word_1_335' title='bbox 477 4248 590 4317; x_wconf 83' lang='lat' dir='ltr'><strong>ipse</strong></span> <span class='ocrx_word' id='word_1_336' title='bbox 605 4245 922 4317; x_wconf 84' lang='lat' dir='ltr'><strong>jampridem</strong></span> <span class='ocrx_word' id='word_1_337' title='bbox 939 4256 1099 4316; x_wconf 89' lang='lat' dir='ltr'><strong>atque</strong></span> <span class='ocrx_word' id='word_1_338' title='bbox 1114 4254 1237 4300; x_wconf 89' lang='lat' dir='ltr'><strong>ante</strong></span> <span class='ocrx_word' id='word_1_339' title='bbox 1257 4245 1432 4299; x_wconf 90' lang='lat' dir='ltr'><strong>omnia</strong></span> <span class='ocrx_word' id='word_1_340' title='bbox 1447 4243 1591 4312; x_wconf 88' lang='lat' dir='ltr'><strong>jussa</strong></span> <span class='ocrx_word' id='word_1_341' title='bbox 1612 4243 1662 4298; x_wconf 91' lang='lat' dir='ltr'><strong>id</strong></span> <span class='ocrx_word' id='word_1_342' title='bbox 1681 4257 1888 4297; x_wconf 89' lang='lat' dir='ltr'><strong>noram.</strong></span> 
     </span>
    </p>
   </div>
   <div class='ocr_carea' id='block_1_44' title="bbox 325 4333 1892 4408">
    <p class='ocr_par' dir='ltr' id='par_1_44' title="bbox 325 4333 1892 4408">
     <span class='ocr_line' id='line_1_45' title="bbox 325 4333 1892 4408; baseline -0.003 -15"><span class='ocrx_word' id='word_1_343' title='bbox 325 4340 430 4393; x_wconf 82' lang='lat' dir='ltr'><strong>Cur</strong></span> <span class='ocrx_word' id='word_1_344' title='bbox 445 4347 622 4394; x_wconf 70' lang='lat' dir='ltr'><strong>autem</strong></span> <span class='ocrx_word' id='word_1_345' title='bbox 643 4354 775 4392; x_wconf 86' lang='lat' dir='ltr'><strong>nunc</strong></span> <span class='ocrx_word' id='word_1_346' title='bbox 794 4352 1004 4408; x_wconf 86' lang='lat' dir='ltr'><strong>quoque</strong></span> <span class='ocrx_word' id='word_1_347' title='bbox 1026 4335 1363 4391; x_wconf 85' lang='lat' dir='ltr'><strong>hominibus?</strong></span> <span class='ocrx_word' id='word_1_348' title='bbox 1382 4349 1557 4388; x_wconf 90' lang='lat' dir='ltr'><strong>annon</strong></span> <span class='ocrx_word' id='word_1_349' title='bbox 1589 4335 1675 4388; x_wconf 90' lang='lat' dir='ltr'><strong>illa</strong></span> <span class='ocrx_word' id='word_1_350' title='bbox 1701 4333 1768 4388; x_wconf 91' lang='lat' dir='ltr'><strong>ad</strong></span> <span class='ocrx_word' id='word_1_351' title='bbox 1799 4334 1892 4397; x_wconf 84' lang='lat' dir='ltr'><strong>de-</strong></span> 
     </span>
    </p>
   </div>
   <div class='ocr_carea' id='block_1_45' title="bbox 324 4415 1892 4507">
    <p class='ocr_par' dir='ltr' id='par_1_45' title="bbox 324 4415 1892 4507">
     <span class='ocr_line' id='line_1_46' title="bbox 324 4415 1892 4507; baseline -0.002 -21"><span class='ocrx_word' id='word_1_352' title='bbox 324 4431 623 4507; x_wconf 73' lang='lat' dir='ltr'><strong>clarandam</strong></span> <span class='ocrx_word' id='word_1_353' title='bbox 656 4430 821 4500; x_wconf 87' lang='lat' dir='ltr'><strong>ipsius</strong></span> <span class='ocrx_word' id='word_1_354' title='bbox 847 4445 970 4499; x_wconf 90' lang='lat' dir='ltr'><strong>erga</strong></span> <span class='ocrx_word' id='word_1_355' title='bbox 1004 4429 1167 4483; x_wconf 91' lang='lat' dir='ltr'><strong>Deum</strong></span> <span class='ocrx_word' id='word_1_356' title='bbox 1208 4427 1629 4482; x_wconf 80' lang='lat' dir='ltr'><strong>benevolentiam</strong></span> <span class='ocrx_word' id='word_1_357' title='bbox 1660 4415 1892 4483; x_wconf 85' lang='lat' dir='ltr'><strong>sufficie-</strong></span> 
     </span>
    </p>
   </div>
   <div class='ocr_carea' id='block_1_46' title="bbox 325 4517 1890 4583">
    <p class='ocr_par' dir='ltr' id='par_1_46' title="bbox 325 4517 1890 4583">
     <span class='ocr_line' id='line_1_47' title="bbox 325 4517 1890 4583; baseline -0.003 -5"><span class='ocrx_word' id='word_1_358' title='bbox 325 4524 481 4578; x_wconf 89' lang='lat' dir='ltr'><strong>bant?</strong></span> <span class='ocrx_word' id='word_1_359' title='bbox 509 4522 850 4578; x_wconf 86' lang='lat' dir='ltr'><strong>Sufliciebant</strong></span> <span class='ocrx_word' id='word_1_360' title='bbox 879 4534 1040 4583; x_wconf 90' lang='lat' dir='ltr'><strong>sane;</strong></span> <span class='ocrx_word' id='word_1_361' title='bbox 1070 4534 1256 4574; x_wconf 88' lang='lat' dir='ltr'><strong>verum</strong></span> <span class='ocrx_word' id='word_1_362' title='bbox 1284 4517 1386 4574; x_wconf 90' lang='lat' dir='ltr'><strong>hoc</strong></span> <span class='ocrx_word' id='word_1_363' title='bbox 1412 4527 1558 4572; x_wconf 90' lang='lat' dir='ltr'><strong>tanto</strong></span> <span class='ocrx_word' id='word_1_364' title='bbox 1597 4519 1683 4572; x_wconf 91' lang='lat' dir='ltr'><strong>illa</strong></span> <span class='ocrx_word' id='word_1_365' title='bbox 1711 4520 1890 4574; x_wconf 83' lang='lat' dir='ltr'><strong>omnia</strong></span> 
     </span>
    </p>
   </div>
   <div class='ocr_carea' id='block_1_47' title="bbox 323 4609 1888 4684">
    <p class='ocr_par' dir='ltr' id='par_1_47' title="bbox 323 4609 1888 4684">
     <span class='ocr_line' id='line_1_48' title="bbox 323 4609 1888 4684; baseline -0.003 -16"><span class='ocrx_word' id='word_1_366' title='bbox 323 4615 610 4680; x_wconf 87' lang='lat' dir='ltr'><strong>antecellit,</strong></span> <span class='ocrx_word' id='word_1_367' title='bbox 629 4624 683 4668; x_wconf 94' lang='lat' dir='ltr'><strong>ut</strong></span> <span class='ocrx_word' id='word_1_368' title='bbox 707 4629 816 4684; x_wconf 69' lang='lat' dir='ltr'><strong>pra:</strong></span> <span class='ocrx_word' id='word_1_369' title='bbox 837 4627 904 4667; x_wconf 90' lang='lat' dir='ltr'><strong>eo</strong></span> <span class='ocrx_word' id='word_1_370' title='bbox 929 4611 1058 4666; x_wconf 87' lang='lat' dir='ltr'><strong>nihil</strong></span> <span class='ocrx_word' id='word_1_371' title='bbox 1084 4625 1300 4682; x_wconf 89' lang='lat' dir='ltr'><strong>prorsus</strong></span> <span class='ocrx_word' id='word_1_372' title='bbox 1324 4609 1410 4664; x_wconf 89' lang='lat' dir='ltr'><strong>illa</strong></span> <span class='ocrx_word' id='word_1_373' title='bbox 1441 4625 1562 4665; x_wconf 90' lang='lat' dir='ltr'><strong>esse</strong></span> <span class='ocrx_word' id='word_1_374' title='bbox 1589 4610 1888 4666; x_wconf 87' lang='lat' dir='ltr'><strong>videantur.</strong></span> 
     </span>
    </p>
   </div>
   <div class='ocr_carea' id='block_1_48' title="bbox 323 4705 1886 4778">
    <p class='ocr_par' dir='ltr' id='par_1_48' title="bbox 323 4705 1886 4778">
     <span class='ocr_line' id='line_1_49' title="bbox 323 4705 1886 4778; baseline -0.003 -14"><span class='ocrx_word' id='word_1_375' title='bbox 323 4708 698 4777; x_wconf 89' lang='lat' dir='ltr'><strong>Quamobrem,</strong></span> <span class='ocrx_word' id='word_1_376' title='bbox 730 4719 787 4763; x_wconf 94' lang='lat' dir='ltr'><strong>ut</strong></span> <span class='ocrx_word' id='word_1_377' title='bbox 818 4707 1129 4778; x_wconf 68' lang='lat' dir='ltr'><strong>praeclarum</strong></span> <span class='ocrx_word' id='word_1_378' title='bbox 1172 4705 1271 4760; x_wconf 91' lang='lat' dir='ltr'><strong>hoc</strong></span> <span class='ocrx_word' id='word_1_379' title='bbox 1291 4705 1494 4759; x_wconf 81' lang='lat' dir='ltr'><strong>facinus</strong></span> <span class='ocrx_word' id='word_1_380' title='bbox 1519 4705 1886 4775; x_wconf 79' lang='lat' dir='ltr'><strong>amplificaret,</strong></span> 
     </span>
    </p>
   </div>
   <div class='ocr_carea' id='block_1_49' title="bbox 322 4797 1890 4872">
    <p class='ocr_par' dir='ltr' id='par_1_49' title="bbox 322 4797 1890 4872">
     <span class='ocr_line' id='line_1_50' title="bbox 322 4797 1890 4872; baseline -0.001 -18"><span class='ocrx_word' id='word_1_381' title='bbox 322 4813 476 4872; x_wconf 80' lang='lat' dir='ltr'><strong>atque</strong></span> <span class='ocrx_word' id='word_1_382' title='bbox 499 4801 716 4870; x_wconf 88' lang='lat' dir='ltr'><strong>reliquis</strong></span> <span class='ocrx_word' id='word_1_383' title='bbox 727 4800 973 4854; x_wconf 91' lang='lat' dir='ltr'><strong>omnibus</strong></span> <span class='ocrx_word' id='word_1_384' title='bbox 985 4798 1322 4870; x_wconf 78' lang='lat' dir='ltr'><strong>przestantius</strong></span> <span class='ocrx_word' id='word_1_385' title='bbox 1333 4812 1452 4852; x_wconf 91' lang='lat' dir='ltr'><strong>esse</strong></span> <span class='ocrx_word' id='word_1_386' title='bbox 1468 4797 1793 4866; x_wconf 87' lang='lat' dir='ltr'><strong>ostenderet,</strong></span> <span class='ocrx_word' id='word_1_387' title='bbox 1808 4798 1890 4853; x_wconf 92' lang='lat' dir='ltr'><strong>his</strong></span> 
     </span>
    </p>
   </div>
   <div class='ocr_carea' id='block_1_50' title="bbox 321 4889 1890 4950">
    <p class='ocr_par' dir='ltr' id='par_1_50' title="bbox 321 4889 1890 4950">
     <span class='ocr_line' id='line_1_51' title="bbox 321 4889 1890 4950; baseline -0.002 -3"><span class='ocrx_word' id='word_1_388' title='bbox 321 4896 496 4950; x_wconf 82' lang='lat' dir='ltr'><strong>verbis</strong></span> <span class='ocrx_word' id='word_1_389' title='bbox 513 4909 640 4948; x_wconf 89' lang='lat' dir='ltr'><strong>usus</strong></span> <span class='ocrx_word' id='word_1_390' title='bbox 655 4901 756 4946; x_wconf 92' lang='lat' dir='ltr'><strong>est.</strong></span> <span class='ocrx_word' id='word_1_391' title='bbox 779 4891 989 4947; x_wconf 87' lang='lat' dir='ltr'><strong>Etenim</strong></span> <span class='ocrx_word' id='word_1_392' title='bbox 1012 4892 1110 4944; x_wconf 91' lang='lat' dir='ltr'><strong>hoc</strong></span> <span class='ocrx_word' id='word_1_393' title='bbox 1127 4891 1285 4945; x_wconf 91' lang='lat' dir='ltr'><strong>etiam</strong></span> <span class='ocrx_word' id='word_1_394' title='bbox 1305 4891 1354 4943; x_wconf 93' lang='lat' dir='ltr'><strong>in</strong></span> <span class='ocrx_word' id='word_1_395' title='bbox 1374 4889 1647 4943; x_wconf 86' lang='lat' dir='ltr'><strong>hominum</strong></span> <span class='ocrx_word' id='word_1_396' title='bbox 1671 4904 1890 4945; x_wconf 82' lang='lat' dir='ltr'><strong>consue-</strong></span> 
     </span>
    </p>
   </div>
   <div class='ocr_carea' id='block_1_51' title="bbox 320 4983 1889 5055">
    <p class='ocr_par' dir='ltr' id='par_1_51' title="bbox 320 4983 1889 5055">
     <span class='ocr_line' id='line_1_52' title="bbox 320 4983 1889 5055; baseline -0.001 -14"><span class='ocrx_word' id='word_1_397' title='bbox 320 4990 500 5041; x_wconf 84' lang='lat' dir='ltr'><strong>tudine</strong></span> <span class='ocrx_word' id='word_1_398' title='bbox 519 4988 744 5055; x_wconf 88' lang='lat' dir='ltr'><strong>positum</strong></span> <span class='ocrx_word' id='word_1_399' title='bbox 761 4997 863 5044; x_wconf 88' lang='lat' dir='ltr'><strong>est,</strong></span> <span class='ocrx_word' id='word_1_400' title='bbox 885 4984 1009 5038; x_wconf 90' lang='lat' dir='ltr'><strong>utin</strong></span> <span class='ocrx_word' id='word_1_401' title='bbox 1031 4983 1241 5038; x_wconf 90' lang='lat' dir='ltr'><strong>eximiis</strong></span> <span class='ocrx_word' id='word_1_402' title='bbox 1261 4998 1322 5038; x_wconf 91' lang='lat' dir='ltr'><strong>ac</strong></span> <span class='ocrx_word' id='word_1_403' title='bbox 1349 4983 1778 5052; x_wconf 57' lang='lat' dir='ltr'><strong>praecellentibns</strong></span> <span class='ocrx_word' id='word_1_404' title='bbox 1800 4999 1889 5039; x_wconf 87' lang='lat' dir='ltr'><strong>rc-</strong></span> 
     </span>
    </p>
   </div>
   <div class='ocr_carea' id='block_1_52' title="bbox 320 5072 1889 5158">
    <p class='ocr_par' dir='ltr' id='par_1_52' title="bbox 320 5072 1889 5158">
     <span class='ocr_line' id='line_1_53' title="bbox 320 5072 1889 5158; baseline -0.004 -26"><span class='ocrx_word' id='word_1_405' title='bbox 320 5079 418 5133; x_wconf 88' lang='lat' dir='ltr'><strong>bus</strong></span> <span class='ocrx_word' id='word_1_406' title='bbox 437 5078 768 5158; x_wconf 69' lang='lat' dir='ltr'><strong>palmamque</strong></span> <span class='ocrx_word' id='word_1_407' title='bbox 789 5073 1151 5129; x_wconf 88' lang='lat' dir='ltr'><strong>obtinentibus</strong></span> <span class='ocrx_word' id='word_1_408' title='bbox 1165 5072 1232 5127; x_wconf 94' lang='lat' dir='ltr'><strong>ad</strong></span> <span class='ocrx_word' id='word_1_409' title='bbox 1261 5074 1402 5127; x_wconf 89' lang='lat' dir='ltr'><strong>hunc</strong></span> <span class='ocrx_word' id='word_1_410' title='bbox 1423 5073 1638 5128; x_wconf 90' lang='lat' dir='ltr'><strong>modum</strong></span> <span class='ocrx_word' id='word_1_411' title='bbox 1661 5073 1889 5143; x_wconf 88' lang='lat' dir='ltr'><strong>loquan-</strong></span> 
     </span>
    </p>
   </div>
   <div class='ocr_carea' id='block_1_53' title="bbox 321 5167 1889 5241">
    <p class='ocr_par' dir='ltr' id='par_1_53' title="bbox 321 5167 1889 5241">
     <span class='ocr_line' id='line_1_54' title="bbox 321 5167 1889 5241; baseline -0.002 -14"><span class='ocrx_word' id='word_1_412' title='bbox 321 5185 438 5228; x_wconf 90' lang='lat' dir='ltr'><strong>tur:</strong></span> <span class='ocrx_word' id='word_1_413' title='bbox 467 5172 613 5226; x_wconf 90' lang='lat' dir='ltr'><strong>verbi</strong></span> <span class='ocrx_word' id='word_1_414' title='bbox 634 5172 820 5241; x_wconf 88' lang='lat' dir='ltr'><strong>gratia,</strong></span> <span class='ocrx_word' id='word_1_415' title='bbox 846 5184 965 5222; x_wconf 92' lang='lat' dir='ltr'><strong>cum</strong></span> <span class='ocrx_word' id='word_1_416' title='bbox 994 5169 1113 5237; x_wconf 88' lang='lat' dir='ltr'><strong>quis</strong></span> <span class='ocrx_word' id='word_1_417' title='bbox 1137 5167 1308 5237; x_wconf 88' lang='lat' dir='ltr'><strong>majus</strong></span> <span class='ocrx_word' id='word_1_418' title='bbox 1328 5183 1488 5237; x_wconf 90' lang='lat' dir='ltr'><strong>quam</strong></span> <span class='ocrx_word' id='word_1_419' title='bbox 1511 5179 1667 5223; x_wconf 89' lang='lat' dir='ltr'><strong>antea</strong></span> <span class='ocrx_word' id='word_1_420' title='bbox 1694 5183 1889 5224; x_wconf 90' lang='lat' dir='ltr'><strong>munus</strong></span> 
     </span>
    </p>
   </div>
   <div class='ocr_carea' id='block_1_54' title="bbox 318 5261 1883 5336">
    <p class='ocr_par' dir='ltr' id='par_1_54' title="bbox 318 5261 1883 5336">
     <span class='ocr_line' id='line_1_55' title="bbox 318 5261 1883 5336; baseline -0.002 -17"><span class='ocrx_word' id='word_1_421' title='bbox 318 5282 346 5319; x_wconf 90' lang='lat' dir='ltr'><strong>a</strong></span> <span class='ocrx_word' id='word_1_422' title='bbox 378 5265 606 5336; x_wconf 86' lang='lat' dir='ltr'><strong>qundam</strong></span> <span class='ocrx_word' id='word_1_423' title='bbox 631 5265 842 5333; x_wconf 90' lang='lat' dir='ltr'><strong>accipit,</strong></span> <span class='ocrx_word' id='word_1_424' title='bbox 863 5277 1006 5331; x_wconf 71' lang='lat' dir='ltr'><strong>smpe</strong></span> <span class='ocrx_word' id='word_1_425' title='bbox 1033 5262 1104 5315; x_wconf 91' lang='lat' dir='ltr'><strong>ita</strong></span> <span class='ocrx_word' id='word_1_426' title='bbox 1135 5261 1366 5330; x_wconf 87' lang='lat' dir='ltr'><strong>loquitur</strong></span> <span class='ocrx_word' id='word_1_427' title='bbox 1395 5279 1408 5314; x_wconf 90' lang='lat'><strong>:</strong></span> <span class='ocrx_word' id='word_1_428' title='bbox 1437 5261 1587 5316; x_wconf 90' lang='lat' dir='ltr'><strong>Nunc</strong></span> <span class='ocrx_word' id='word_1_429' title='bbox 1617 5263 1883 5333; x_wconf 83' lang='lat' dir='ltr'><strong>perspexi,</strong></span> 
     </span>
    </p>
   </div>
   <div class='ocr_carea' id='block_1_55' title="bbox 318 5351 1888 5427">
    <p class='ocr_par' dir='ltr' id='par_1_55' title="bbox 318 5351 1888 5427">
     <span class='ocr_line' id='line_1_56' title="bbox 318 5351 1888 5427; baseline -0.002 -19"><span class='ocrx_word' id='word_1_430' title='bbox 318 5357 457 5427; x_wconf 90' lang='lat' dir='ltr'><strong>quod</strong></span> <span class='ocrx_word' id='word_1_431' title='bbox 487 5372 571 5410; x_wconf 91' lang='lat' dir='ltr'><strong>me</strong></span> <span class='ocrx_word' id='word_1_432' title='bbox 593 5355 680 5410; x_wconf 91' lang='lat' dir='ltr'><strong>ille</strong></span> <span class='ocrx_word' id='word_1_433' title='bbox 696 5363 838 5408; x_wconf 88' lang='lat' dir='ltr'><strong>amet</strong></span> <span class='ocrx_word' id='word_1_434' title='bbox 860 5371 872 5404; x_wconf 93' lang='lat'><strong>:</strong></span> <span class='ocrx_word' id='word_1_435' title='bbox 898 5368 1001 5406; x_wconf 92' lang='lat' dir='ltr'><strong>non</strong></span> <span class='ocrx_word' id='word_1_436' title='bbox 1032 5351 1131 5406; x_wconf 87' lang='lat' dir='ltr'><strong>hoc</strong></span> <span class='ocrx_word' id='word_1_437' title='bbox 1158 5351 1340 5406; x_wconf 85' lang='lat' dir='ltr'><strong>dicens</strong></span> <span class='ocrx_word' id='word_1_438' title='bbox 1359 5351 1506 5421; x_wconf 88' lang='lat' dir='ltr'><strong>quasi</strong></span> <span class='ocrx_word' id='word_1_439' title='bbox 1527 5365 1588 5404; x_wconf 89' lang='lat' dir='ltr'><strong>ea</strong></span> <span class='ocrx_word' id='word_1_440' title='bbox 1615 5367 1732 5419; x_wconf 67' lang='lat' dir='ltr'><strong>qua:</strong></span> <span class='ocrx_word' id='word_1_441' title='bbox 1756 5367 1888 5421; x_wconf 69' lang='lat' dir='ltr'><strong>pne-</strong></span> 
     </span>
    </p>
   </div>
   <div class='ocr_carea' id='block_1_56' title="bbox 319 5441 1885 5515">
    <p class='ocr_par' dir='ltr' id='par_1_56' title="bbox 319 5441 1885 5515">
     <span class='ocr_line' id='line_1_57' title="bbox 319 5441 1885 5515; baseline -0.004 -11"><span class='ocrx_word' id='word_1_442' title='bbox 319 5449 558 5505; x_wconf 86' lang='lat' dir='ltr'><strong>cedentis</strong></span> <span class='ocrx_word' id='word_1_443' title='bbox 602 5446 853 5515; x_wconf 90' lang='lat' dir='ltr'><strong>temporis</strong></span> <span class='ocrx_word' id='word_1_444' title='bbox 878 5455 1027 5499; x_wconf 89' lang='lat' dir='ltr'><strong>erant</strong></span> <span class='ocrx_word' id='word_1_445' title='bbox 1058 5445 1298 5514; x_wconf 89' lang='lat' dir='ltr'><strong>ignoret;</strong></span> <span class='ocrx_word' id='word_1_446' title='bbox 1342 5441 1436 5497; x_wconf 89' lang='lat' dir='ltr'><strong>sed</strong></span> <span class='ocrx_word' id='word_1_447' title='bbox 1466 5453 1524 5496; x_wconf 91' lang='lat' dir='ltr'><strong>ut</strong></span> <span class='ocrx_word' id='word_1_448' title='bbox 1552 5442 1652 5496; x_wconf 90' lang='lat' dir='ltr'><strong>hac</strong></span> <span class='ocrx_word' id='word_1_449' title='bbox 1680 5442 1885 5498; x_wconf 81' lang='lat' dir='ltr'><strong>ratione</strong></span> 
     </span>
    </p>
   </div>
   <div class='ocr_carea' id='block_1_57' title="bbox 319 5532 1887 5604">
    <p class='ocr_par' dir='ltr' id='par_1_57' title="bbox 319 5532 1887 5604">
     <span class='ocr_line' id='line_1_58' title="bbox 319 5532 1887 5604; baseline -0.003 -13"><span class='ocrx_word' id='word_1_450' title='bbox 319 5541 586 5604; x_wconf 90' lang='lat' dir='ltr'><strong>ostendat,</strong></span> <span class='ocrx_word' id='word_1_451' title='bbox 615 5551 806 5593; x_wconf 91' lang='lat' dir='ltr'><strong>munus</strong></span> <span class='ocrx_word' id='word_1_452' title='bbox 834 5535 970 5589; x_wconf 86' lang='lat' dir='ltr'><strong>istud</strong></span> <span class='ocrx_word' id='word_1_453' title='bbox 997 5551 1102 5604; x_wconf 92' lang='lat' dir='ltr'><strong>quo</strong></span> <span class='ocrx_word' id='word_1_454' title='bbox 1127 5550 1268 5590; x_wconf 91' lang='lat' dir='ltr'><strong>nunc</strong></span> <span class='ocrx_word' id='word_1_455' title='bbox 1294 5534 1518 5588; x_wconf 82' lang='lat' dir='ltr'><strong>affectus</strong></span> <span class='ocrx_word' id='word_1_456' title='bbox 1541 5542 1645 5597; x_wconf 90' lang='lat' dir='ltr'><strong>est,</strong></span> <span class='ocrx_word' id='word_1_457' title='bbox 1677 5532 1887 5587; x_wconf 71' lang='lat' dir='ltr'><strong>cteteris</strong></span> 
     </span>
    </p>
   </div>
   <div class='ocr_carea' id='block_1_58' title="bbox 317 5623 1888 5699">
    <p class='ocr_par' dir='ltr' id='par_1_58' title="bbox 317 5623 1888 5699">
     <span class='ocr_line' id='line_1_59' title="bbox 317 5623 1888 5699; baseline -0.005 -13"><span class='ocrx_word' id='word_1_458' title='bbox 317 5633 563 5686; x_wconf 89' lang='lat' dir='ltr'><strong>omnibus</strong></span> <span class='ocrx_word' id='word_1_459' title='bbox 594 5639 866 5699; x_wconf 85' lang='lat' dir='ltr'><strong>pr:estarc.</strong></span> <span class='ocrx_word' id='word_1_460' title='bbox 909 5627 997 5682; x_wconf 88' lang='lat' dir='ltr'><strong>Sic</strong></span> <span class='ocrx_word' id='word_1_461' title='bbox 1047 5627 1186 5680; x_wconf 90' lang='lat' dir='ltr'><strong>Deus</strong></span> <span class='ocrx_word' id='word_1_462' title='bbox 1226 5640 1438 5695; x_wconf 90' lang='lat' dir='ltr'><strong>quoque</strong></span> <span class='ocrx_word' id='word_1_463' title='bbox 1466 5623 1699 5679; x_wconf 89' lang='lat' dir='ltr'><strong>humano</strong></span> <span class='ocrx_word' id='word_1_464' title='bbox 1737 5638 1888 5679; x_wconf 84' lang='lat' dir='ltr'><strong>more</strong></span> 
     </span>
    </p>
   </div>
   <div class='ocr_carea' id='block_1_59' title="bbox 318 5715 1884 5793">
    <p class='ocr_par' dir='ltr' id='par_1_59' title="bbox 318 5715 1884 5793">
     <span class='ocr_line' id='line_1_60' title="bbox 318 5715 1884 5793; baseline -0.004 -16"><span class='ocrx_word' id='word_1_465' title='bbox 318 5724 560 5793; x_wconf 86' lang='lat' dir='ltr'><strong>loquens,</strong></span> <span class='ocrx_word' id='word_1_466' title='bbox 596 5721 769 5786; x_wconf 85' lang='lat' dir='ltr'><strong>Nunc,</strong></span> <span class='ocrx_word' id='word_1_467' title='bbox 799 5718 989 5788; x_wconf 89' lang='lat' dir='ltr'><strong>inquit,</strong></span> <span class='ocrx_word' id='word_1_468' title='bbox 1016 5718 1225 5786; x_wconf 81' lang='lat' dir='ltr'><strong>cognovi</strong></span> <span class='ocrx_word' id='word_1_469' title='bbox 1247 5733 1267 5772; x_wconf 89' lang='lat'><strong><em>:</em></strong></span> <span class='ocrx_word' id='word_1_470' title='bbox 1293 5717 1423 5772; x_wconf 82' lang='lat' dir='ltr'><strong>nihil</strong></span> <span class='ocrx_word' id='word_1_471' title='bbox 1467 5717 1617 5772; x_wconf 87' lang='lat' dir='ltr'><strong>hisce</strong></span> <span class='ocrx_word' id='word_1_472' title='bbox 1669 5715 1849 5771; x_wconf 88' lang='lat' dir='ltr'><strong>verbis</strong></span> <span class='ocrx_word' id='word_1_473' title='bbox 1869 5757 1884 5783; x_wconf 96' lang='lat'><strong>,</strong></span> 
     </span>
    </p>
   </div>
   <div class='ocr_carea' id='block_1_60' title="bbox 317 5808 1883 5885">
    <p class='ocr_par' dir='ltr' id='par_1_60' title="bbox 317 5808 1883 5885">
     <span class='ocr_line' id='line_1_61' title="bbox 317 5808 1883 5885; baseline -0.002 -18"><span class='ocrx_word' id='word_1_474' title='bbox 317 5830 474 5885; x_wconf 83' lang='lat' dir='ltr'><strong>quam</strong></span> <span class='ocrx_word' id='word_1_475' title='bbox 501 5813 808 5869; x_wconf 89' lang='lat' dir='ltr'><strong>certaminis</strong></span> <span class='ocrx_word' id='word_1_476' title='bbox 833 5808 1246 5880; x_wconf 89' lang='lat' dir='ltr'><strong>magnitudinem</strong></span> <span class='ocrx_word' id='word_1_477' title='bbox 1273 5849 1286 5873; x_wconf 94' lang='lat'><strong>,</strong></span> <span class='ocrx_word' id='word_1_478' title='bbox 1332 5809 1633 5878; x_wconf 80' lang='lat' dir='ltr'><strong>exprimere</strong></span> <span class='ocrx_word' id='word_1_479' title='bbox 1661 5810 1848 5866; x_wconf 82' lang='lat' dir='ltr'><strong>volens</strong></span> <span class='ocrx_word' id='word_1_480' title='bbox 1869 5848 1883 5872; x_wconf 85' lang='lat'><strong>,</strong></span> 
     </span>
    </p>
   </div>
   <div class='ocr_carea' id='block_1_61' title="bbox 1410 395 2555 457">
    <p class='ocr_par' dir='ltr' id='par_1_61' title="bbox 1410 395 2555 457">
     <span class='ocr_line' id='line_1_62' title="bbox 1410 395 2555 457; baseline -0.003 0"><span class='ocrx_word' id='word_1_481' title='bbox 1410 401 1474 457; x_wconf 94' lang='lat' dir='ltr'><strong>lN</strong></span> <span class='ocrx_word' id='word_1_482' title='bbox 1513 399 1726 456; x_wconf 82' lang='lat' dir='ltr'><strong>EPIST.</strong></span> <span class='ocrx_word' id='word_1_483' title='bbox 1768 398 1812 454; x_wconf 89' lang='lat' dir='ltr'><strong>ll</strong></span> <span class='ocrx_word' id='word_1_484' title='bbox 1873 397 1966 452; x_wconf 84' lang='lat' dir='ltr'><strong>AD</strong></span> <span class='ocrx_word' id='word_1_485' title='bbox 2003 398 2155 453; x_wconf 65' lang='grc' dir='ltr'><strong>(ΞΟΠ.</strong></span> <span class='ocrx_word' id='word_1_486' title='bbox 2198 396 2426 452; x_wconf 74' lang='lat' dir='ltr'><strong>HOMIL.</strong></span> <span class='ocrx_word' id='word_1_487' title='bbox 2467 395 2555 453; x_wconf 79' lang='grc'><strong>111.</strong></span> 
     </span>
    </p>
   </div>
   <div class='ocr_carea' id='block_1_62' title="bbox 3449 402 3550 458">
    <p class='ocr_par' dir='ltr' id='par_1_62' title="bbox 3449 402 3550 458">
     <span class='ocr_line' id='line_1_63' title="bbox 3449 402 3550 458; baseline 0.02 -3"><span class='ocrx_word' id='word_1_488' title='bbox 3449 402 3550 458; x_wconf 66' lang='lat' dir='ltr'><strong>In&quot;:</strong></span> 
     </span>
    </p>
   </div>
   <div class='ocr_carea' id='block_1_63' title="bbox 1991 508 3555 583">
    <p class='ocr_par' dir='ltr' id='par_1_63' title="bbox 1991 508 3555 583">
     <span class='ocr_line' id='line_1_64' title="bbox 1991 508 3555 583; baseline 0.001 -17"><span class='ocrx_word' id='word_1_489' title='bbox 1991 525 2097 566; x_wconf 81' lang='lat' dir='ltr'><strong>non</strong></span> <span class='ocrx_word' id='word_1_490' title='bbox 2130 519 2306 566; x_wconf 85' lang='lat' dir='ltr'><strong>autem</strong></span> <span class='ocrx_word' id='word_1_491' title='bbox 2333 512 2472 583; x_wconf 90' lang='lat' dir='ltr'><strong>quod</strong></span> <span class='ocrx_word' id='word_1_492' title='bbox 2501 520 2609 564; x_wconf 91' lang='lat' dir='ltr'><strong>tum</strong></span> <span class='ocrx_word' id='word_1_493' title='bbox 2647 508 2947 576; x_wconf 81' lang='lat' dir='ltr'><strong>dumtaxat,</strong></span> <span class='ocrx_word' id='word_1_494' title='bbox 2989 521 3075 566; x_wconf 84' lang='lat' dir='ltr'><strong>aut</strong></span> <span class='ocrx_word' id='word_1_495' title='bbox 3109 511 3350 566; x_wconf 85' lang='lat' dir='ltr'><strong>timorem</strong></span> <span class='ocrx_word' id='word_1_496' title='bbox 3379 521 3470 566; x_wconf 88' lang='lat' dir='ltr'><strong>aut</strong></span> <span class='ocrx_word' id='word_1_497' title='bbox 3493 517 3555 568; x_wconf 89' lang='lat' dir='ltr'><strong>ti-</strong></span> 
     </span>
    </p>
   </div>
   <div class='ocr_carea' id='block_1_64' title="bbox 1989 601 3555 672">
    <p class='ocr_par' dir='ltr' id='par_1_64' title="bbox 1989 601 3555 672">
     <span class='ocr_line' id='line_1_65' title="bbox 1989 601 3555 672; baseline 0.001 -16"><span class='ocrx_word' id='word_1_498' title='bbox 1989 601 2153 656; x_wconf 90' lang='lat' dir='ltr'><strong>moris</strong></span> <span class='ocrx_word' id='word_1_499' title='bbox 2195 601 2611 672; x_wconf 88' lang='lat' dir='ltr'><strong>magnitudinem</strong></span> <span class='ocrx_word' id='word_1_500' title='bbox 2637 611 3000 672; x_wconf 87' lang='lat' dir='ltr'><strong>cognosceret.</strong></span> <span class='ocrx_word' id='word_1_501' title='bbox 3043 602 3172 656; x_wconf 87' lang='lat' dir='ltr'><strong>Nam</strong></span> <span class='ocrx_word' id='word_1_502' title='bbox 3220 605 3380 657; x_wconf 89' lang='lat' dir='ltr'><strong>etiam</strong></span> <span class='ocrx_word' id='word_1_503' title='bbox 3432 619 3555 659; x_wconf 89' lang='lat' dir='ltr'><strong>cum</strong></span> 
     </span>
    </p>
   </div>
   <div class='ocr_carea' id='block_1_65' title="bbox 1986 691 3555 765">
    <p class='ocr_par' dir='ltr' id='par_1_65' title="bbox 1986 691 3555 765">
     <span class='ocr_line' id='line_1_66' title="bbox 1986 691 3555 765; baseline 0.003 -19"><span class='ocrx_word' id='word_1_504' title='bbox 1986 694 2080 761; x_wconf 88' lang='lat' dir='ltr'><strong>ait,</strong></span> <span class='ocrx_word' id='word_1_505' title='bbox 2121 693 2295 748; x_wconf 79' lang='lat' dir='ltr'><strong>Venite</strong></span> <span class='ocrx_word' id='word_1_506' title='bbox 2323 695 2677 749; x_wconf 77' lang='lat' dir='ltr'><strong>descendemus</strong></span> <span class='ocrx_word' id='word_1_507' title='bbox 2704 691 2869 765; x_wconf 82' lang='lat' dir='ltr'><strong>(Gen.</strong></span> <span class='ocrx_word' id='word_1_508' title='bbox 2905 696 2990 748; x_wconf 86' lang='lat' dir='ltr'><strong>ll.</strong></span> <span class='ocrx_word' id='word_1_509' title='bbox 3021 695 3082 765; x_wconf 82' lang='grc'>7)</span> <span class='ocrx_word' id='word_1_510' title='bbox 3137 711 3200 750; x_wconf 86' lang='lat' dir='ltr'><strong>ac</strong></span> <span class='ocrx_word' id='word_1_511' title='bbox 3243 696 3555 762; x_wconf 64' lang='lat' dir='ltr'><strong>videamus,</strong></span> 
     </span>
    </p>
   </div>
   <div class='ocr_carea' id='block_1_66' title="bbox 1988 783 3557 856">
    <p class='ocr_par' dir='ltr' id='par_1_66' title="bbox 1988 783 3557 856">
     <span class='ocr_line' id='line_1_67' title="bbox 1988 783 3557 856; baseline 0.004 -20"><span class='ocrx_word' id='word_1_512' title='bbox 1988 799 2093 836; x_wconf 89' lang='lat' dir='ltr'><strong>non</strong></span> <span class='ocrx_word' id='word_1_513' title='bbox 2123 783 2318 838; x_wconf 91' lang='lat' dir='ltr'><strong>idcirco</strong></span> <span class='ocrx_word' id='word_1_514' title='bbox 2343 783 2442 839; x_wconf 88' lang='lat' dir='ltr'><strong>hac</strong></span> <span class='ocrx_word' id='word_1_515' title='bbox 2470 784 2694 840; x_wconf 78' lang='lat' dir='ltr'><strong>ratione,</strong></span> <span class='ocrx_word' id='word_1_516' title='bbox 2721 785 2903 850; x_wconf 92' lang='lat' dir='ltr'><strong>utitur,</strong></span> <span class='ocrx_word' id='word_1_517' title='bbox 2952 786 3092 854; x_wconf 87' lang='lat' dir='ltr'><strong>quod</strong></span> <span class='ocrx_word' id='word_1_518' title='bbox 3136 786 3394 840; x_wconf 86' lang='lat' dir='ltr'><strong>descensu</strong></span> <span class='ocrx_word' id='word_1_519' title='bbox 3423 802 3557 856; x_wconf 86' lang='lat' dir='ltr'><strong>opus</strong></span> 
     </span>
    </p>
   </div>
   <div class='ocr_carea' id='block_1_67' title="bbox 1989 873 3556 948">
    <p class='ocr_par' dir='ltr' id='par_1_67' title="bbox 1989 873 3556 948">
     <span class='ocr_line' id='line_1_68' title="bbox 1989 873 3556 948; baseline 0.004 -21"><span class='ocrx_word' id='word_1_520' title='bbox 1989 873 2208 939; x_wconf 88' lang='lat' dir='ltr'><strong>habeat;</strong></span> <span class='ocrx_word' id='word_1_521' title='bbox 2241 875 2436 944; x_wconf 88' lang='lat' dir='ltr'><strong>quippe</strong></span> <span class='ocrx_word' id='word_1_522' title='bbox 2461 875 2549 945; x_wconf 89' lang='lat' dir='ltr'><strong>qui</strong></span> <span class='ocrx_word' id='word_1_523' title='bbox 2577 875 2753 929; x_wconf 91' lang='lat' dir='ltr'><strong>omnia</strong></span> <span class='ocrx_word' id='word_1_524' title='bbox 2775 876 3009 944; x_wconf 86' lang='lat' dir='ltr'><strong>impleat,</strong></span> <span class='ocrx_word' id='word_1_525' title='bbox 3030 886 3186 945; x_wconf 83' lang='lat' dir='ltr'><strong>atque</strong></span> <span class='ocrx_word' id='word_1_526' title='bbox 3207 879 3380 931; x_wconf 89' lang='lat' dir='ltr'><strong>omnia</strong></span> <span class='ocrx_word' id='word_1_527' title='bbox 3404 894 3556 948; x_wconf 80' lang='lat' dir='ltr'><strong>aper-</strong></span> 
     </span>
    </p>
   </div>
   <div class='ocr_carea' id='block_1_68' title="bbox 1990 965 3556 1039">
    <p class='ocr_par' dir='ltr' id='par_1_68' title="bbox 1990 965 3556 1039">
     <span class='ocr_line' id='line_1_69' title="bbox 1990 965 3556 1039; baseline 0.003 -20"><span class='ocrx_word' id='word_1_528' title='bbox 1990 967 2193 1022; x_wconf 90' lang='lat' dir='ltr'><strong>tissime</strong></span> <span class='ocrx_word' id='word_1_529' title='bbox 2211 975 2526 1036; x_wconf 86' lang='lat' dir='ltr'><strong>cognoscat;</strong></span> <span class='ocrx_word' id='word_1_530' title='bbox 2555 967 2646 1022; x_wconf 89' lang='lat' dir='ltr'><strong>sed</strong></span> <span class='ocrx_word' id='word_1_531' title='bbox 2665 976 2722 1022; x_wconf 96' lang='lat' dir='ltr'><strong>ut</strong></span> <span class='ocrx_word' id='word_1_532' title='bbox 2745 967 2872 1021; x_wconf 89' lang='lat' dir='ltr'><strong>hinc</strong></span> <span class='ocrx_word' id='word_1_533' title='bbox 2897 965 3186 1036; x_wconf 90' lang='lat' dir='ltr'><strong>discamus,</strong></span> <span class='ocrx_word' id='word_1_534' title='bbox 3210 969 3276 1024; x_wconf 90' lang='lat' dir='ltr'><strong>de</strong></span> <span class='ocrx_word' id='word_1_535' title='bbox 3299 985 3358 1024; x_wconf 92' lang='lat' dir='ltr'><strong>re</strong></span> <span class='ocrx_word' id='word_1_536' title='bbox 3377 971 3556 1039; x_wconf 84' lang='lat' dir='ltr'><strong>aliqua</strong></span> 
     </span>
    </p>
   </div>
   <div class='ocr_carea' id='block_1_69' title="bbox 1991 1057 3554 1127">
    <p class='ocr_par' dir='ltr' id='par_1_69' title="bbox 1991 1057 3554 1127">
     <span class='ocr_line' id='line_1_70' title="bbox 1991 1057 3554 1127; baseline 0.003 -17"><span class='ocrx_word' id='word_1_537' title='bbox 1991 1072 2094 1110; x_wconf 92' lang='lat' dir='ltr'><strong>non</strong></span> <span class='ocrx_word' id='word_1_538' title='bbox 2124 1067 2324 1111; x_wconf 88' lang='lat' dir='ltr'><strong>temere</strong></span> <span class='ocrx_word' id='word_1_539' title='bbox 2349 1057 2713 1127; x_wconf 84' lang='lat' dir='ltr'><strong>pronuntiare.</strong></span> <span class='ocrx_word' id='word_1_540' title='bbox 2741 1060 2912 1126; x_wconf 83' lang='lat' dir='ltr'><strong>Atque</strong></span> <span class='ocrx_word' id='word_1_541' title='bbox 2949 1061 3095 1127; x_wconf 89' lang='lat' dir='ltr'><strong>item,</strong></span> <span class='ocrx_word' id='word_1_542' title='bbox 3117 1075 3238 1114; x_wconf 91' lang='lat' dir='ltr'><strong>cum</strong></span> <span class='ocrx_word' id='word_1_543' title='bbox 3281 1061 3356 1114; x_wconf 92' lang='lat' dir='ltr'><strong>ait</strong></span> <span class='ocrx_word' id='word_1_544' title='bbox 3405 1061 3554 1116; x_wconf 86' lang='lat' dir='ltr'><strong>Scri-</strong></span> 
     </span>
    </p>
   </div>
   <div class='ocr_carea' id='block_1_70' title="bbox 1988 1146 3556 1222">
    <p class='ocr_par' dir='ltr' id='par_1_70' title="bbox 1988 1146 3556 1222">
     <span class='ocr_line' id='line_1_71' title="bbox 1988 1146 3556 1222; baseline 0.004 -22"><span class='ocrx_word' id='word_1_545' title='bbox 1988 1156 2175 1216; x_wconf 83' lang='lat' dir='ltr'><strong>ptura,</strong></span> <span class='ocrx_word' id='word_1_546' title='bbox 2231 1146 2368 1202; x_wconf 86' lang='lat' dir='ltr'><strong>Deus</strong></span> <span class='ocrx_word' id='word_1_547' title='bbox 2418 1147 2481 1200; x_wconf 89' lang='lat' dir='ltr'><strong>de</strong></span> <span class='ocrx_word' id='word_1_548' title='bbox 2507 1147 2631 1202; x_wconf 74' lang='lat' dir='ltr'><strong>uelo</strong></span> <span class='ocrx_word' id='word_1_549' title='bbox 2681 1151 2932 1218; x_wconf 76' lang='lat' dir='ltr'><strong>prospexit</strong></span> <span class='ocrx_word' id='word_1_550' title='bbox 2981 1148 3162 1218; x_wconf 68' lang='lat' dir='ltr'><strong>(Pent.</strong></span> <span class='ocrx_word' id='word_1_551' title='bbox 3208 1152 3292 1207; x_wconf 76' lang='grc'><strong>15.</strong></span> <span class='ocrx_word' id='word_1_552' title='bbox 3325 1150 3431 1222; x_wconf 77' lang='grc'><strong>2),</strong></span> <span class='ocrx_word' id='word_1_553' title='bbox 3462 1169 3556 1222; x_wconf 88' lang='lat' dir='ltr'><strong>per</strong></span> 
     </span>
    </p>
   </div>
   <div class='ocr_carea' id='block_1_71' title="bbox 1990 1236 3556 1306">
    <p class='ocr_par' dir='ltr' id='par_1_71' title="bbox 1990 1236 3556 1306">
     <span class='ocr_line' id='line_1_72' title="bbox 1990 1236 3556 1306; baseline 0.004 -16"><span class='ocrx_word' id='word_1_554' title='bbox 1990 1236 2354 1306; x_wconf 89' lang='lat' dir='ltr'><strong>metaphoram</strong></span> <span class='ocrx_word' id='word_1_555' title='bbox 2375 1237 2442 1291; x_wconf 92' lang='lat' dir='ltr'><strong>ab</strong></span> <span class='ocrx_word' id='word_1_556' title='bbox 2465 1237 2766 1294; x_wconf 82' lang='lat' dir='ltr'><strong>hominibus</strong></span> <span class='ocrx_word' id='word_1_557' title='bbox 2789 1239 3020 1305; x_wconf 90' lang='lat' dir='ltr'><strong>ductam,</strong></span> <span class='ocrx_word' id='word_1_558' title='bbox 3051 1243 3436 1296; x_wconf 88' lang='lat' dir='ltr'><strong>exactissimam</strong></span> <span class='ocrx_word' id='word_1_559' title='bbox 3465 1258 3556 1296; x_wconf 87' lang='lat' dir='ltr'><strong>eo-</strong></span> 
     </span>
    </p>
   </div>
   <div class='ocr_carea' id='block_1_72' title="bbox 1991 1329 3558 1404">
    <p class='ocr_par' dir='ltr' id='par_1_72' title="bbox 1991 1329 3558 1404">
     <span class='ocr_line' id='line_1_73' title="bbox 1991 1329 3558 1404; baseline 0.006 -24"><span class='ocrx_word' id='word_1_560' title='bbox 1991 1329 2276 1398; x_wconf 90' lang='lat' dir='ltr'><strong>gnitionem</strong></span> <span class='ocrx_word' id='word_1_561' title='bbox 2301 1330 2563 1399; x_wconf 82' lang='lat' dir='ltr'><strong>intelligit.</strong></span> <span class='ocrx_word' id='word_1_562' title='bbox 2595 1331 2794 1386; x_wconf 86' lang='lat' dir='ltr'><strong>Eodem</strong></span> <span class='ocrx_word' id='word_1_563' title='bbox 2836 1332 2996 1387; x_wconf 90' lang='lat' dir='ltr'><strong>modo</strong></span> <span class='ocrx_word' id='word_1_564' title='bbox 3031 1334 3115 1388; x_wconf 90' lang='lat' dir='ltr'><strong>hic</strong></span> <span class='ocrx_word' id='word_1_565' title='bbox 3142 1350 3374 1404; x_wconf 89' lang='lat' dir='ltr'><strong>quoque,</strong></span> <span class='ocrx_word' id='word_1_566' title='bbox 3405 1334 3558 1390; x_wconf 79' lang='lat' dir='ltr'><strong>Nune</strong></span> 
     </span>
    </p>
   </div>
   <div class='ocr_carea' id='block_1_73' title="bbox 1990 1423 3558 1498">
    <p class='ocr_par' dir='ltr' id='par_1_73' title="bbox 1990 1423 3558 1498">
     <span class='ocr_line' id='line_1_74' title="bbox 1990 1423 3558 1498; baseline 0.006 -25"><span class='ocrx_word' id='word_1_567' title='bbox 1990 1423 2234 1491; x_wconf 82' lang='lat' dir='ltr'><strong>cognovi,</strong></span> <span class='ocrx_word' id='word_1_568' title='bbox 2264 1423 2339 1476; x_wconf 91' lang='lat' dir='ltr'><strong>ait</strong></span> <span class='ocrx_word' id='word_1_569' title='bbox 2370 1441 2382 1475; x_wconf 90' lang='lat'><strong>:</strong></span> <span class='ocrx_word' id='word_1_570' title='bbox 2409 1433 2465 1478; x_wconf 93' lang='lat' dir='ltr'><strong>ut</strong></span> <span class='ocrx_word' id='word_1_571' title='bbox 2494 1423 2595 1477; x_wconf 90' lang='lat' dir='ltr'><strong>hoc</strong></span> <span class='ocrx_word' id='word_1_572' title='bbox 2613 1425 2865 1479; x_wconf 89' lang='lat' dir='ltr'><strong>omnibus</strong></span> <span class='ocrx_word' id='word_1_573' title='bbox 2895 1427 3159 1495; x_wconf 89' lang='lat' dir='ltr'><strong>prioribus</strong></span> <span class='ocrx_word' id='word_1_574' title='bbox 3189 1429 3358 1498; x_wconf 89' lang='lat' dir='ltr'><strong>majus</strong></span> <span class='ocrx_word' id='word_1_575' title='bbox 3385 1430 3558 1484; x_wconf 85' lang='lat' dir='ltr'><strong>excel-</strong></span> 
     </span>
    </p>
   </div>
   <div class='ocr_carea' id='block_1_74' title="bbox 1992 1513 3558 1590">
    <p class='ocr_par' dir='ltr' id='par_1_74' title="bbox 1992 1513 3558 1590">
     <span class='ocr_line' id='line_1_75' title="bbox 1992 1513 3558 1590; baseline 0.007 -24"><span class='ocrx_word' id='word_1_576' title='bbox 1992 1513 2292 1584; x_wconf 90' lang='lat' dir='ltr'><strong>lentiusque</strong></span> <span class='ocrx_word' id='word_1_577' title='bbox 2337 1530 2456 1570; x_wconf 78' lang='lat' dir='ltr'><strong>e5se</strong></span> <span class='ocrx_word' id='word_1_578' title='bbox 2497 1517 2849 1573; x_wconf 89' lang='lat' dir='ltr'><strong>demonstret.</strong></span> <span class='ocrx_word' id='word_1_579' title='bbox 2883 1519 2992 1572; x_wconf 91' lang='lat' dir='ltr'><strong>lloc</strong></span> <span class='ocrx_word' id='word_1_580' title='bbox 3040 1521 3106 1572; x_wconf 90' lang='lat' dir='ltr'><strong>ita</strong></span> <span class='ocrx_word' id='word_1_581' title='bbox 3134 1535 3254 1575; x_wconf 89' lang='lat' dir='ltr'><strong>esse</strong></span> <span class='ocrx_word' id='word_1_582' title='bbox 3282 1521 3468 1590; x_wconf 87' lang='lat' dir='ltr'><strong>probat</strong></span> <span class='ocrx_word' id='word_1_583' title='bbox 3493 1538 3558 1577; x_wconf 81' lang='lat' dir='ltr'><strong>ex</strong></span> 
     </span>
    </p>
   </div>
   <div class='ocr_carea' id='block_1_75' title="bbox 1991 1604 3559 1682">
    <p class='ocr_par' dir='ltr' id='par_1_75' title="bbox 1991 1604 3559 1682">
     <span class='ocr_line' id='line_1_76' title="bbox 1991 1604 3559 1682; baseline 0.005 -24"><span class='ocrx_word' id='word_1_584' title='bbox 1991 1618 2079 1668; x_wconf 90' lang='lat' dir='ltr'><strong>eo,</strong></span> <span class='ocrx_word' id='word_1_585' title='bbox 2122 1604 2262 1674; x_wconf 91' lang='lat' dir='ltr'><strong>quod</strong></span> <span class='ocrx_word' id='word_1_586' title='bbox 2307 1605 2563 1676; x_wconf 90' lang='lat' dir='ltr'><strong>deinceps</strong></span> <span class='ocrx_word' id='word_1_587' title='bbox 2606 1607 2910 1678; x_wconf 87' lang='lat' dir='ltr'><strong>subjungit,</strong></span> <span class='ocrx_word' id='word_1_588' title='bbox 2960 1609 3092 1676; x_wconf 83' lang='lat' dir='ltr'><strong>Quia</strong></span> <span class='ocrx_word' id='word_1_589' title='bbox 3142 1627 3242 1663; x_wconf 84' lang='lat' dir='ltr'><strong>non</strong></span> <span class='ocrx_word' id='word_1_590' title='bbox 3297 1613 3559 1682; x_wconf 78' lang='lat' dir='ltr'><strong>pepercisti</strong></span> 
     </span>
    </p>
   </div>
   <div class='ocr_carea' id='block_1_76' title="bbox 1991 1695 3559 1769">
    <p class='ocr_par' dir='ltr' id='par_1_76' title="bbox 1991 1695 3559 1769">
     <span class='ocr_line' id='line_1_77' title="bbox 1991 1695 3559 1769; baseline 0.007 -24"><span class='ocrx_word' id='word_1_591' title='bbox 1991 1695 2098 1760; x_wconf 78' lang='lat' dir='ltr'><strong>[ilio</strong></span> <span class='ocrx_word' id='word_1_592' title='bbox 2123 1703 2208 1747; x_wconf 88' lang='lat' dir='ltr'><strong>tuo</strong></span> <span class='ocrx_word' id='word_1_593' title='bbox 2228 1695 2407 1748; x_wconf 85' lang='lat' dir='ltr'><strong>dilecto</strong></span> <span class='ocrx_word' id='word_1_594' title='bbox 2436 1707 2638 1767; x_wconf 88' lang='lat' dir='ltr'><strong>propter</strong></span> <span class='ocrx_word' id='word_1_595' title='bbox 2667 1715 2765 1752; x_wconf 88' lang='lat' dir='ltr'><strong>me.</strong></span> <span class='ocrx_word' id='word_1_596' title='bbox 2787 1698 2900 1754; x_wconf 91' lang='lat' dir='ltr'><strong>Non</strong></span> <span class='ocrx_word' id='word_1_597' title='bbox 2939 1700 3214 1756; x_wconf 86' lang='lat' dir='ltr'><strong>dumtaxat</strong></span> <span class='ocrx_word' id='word_1_598' title='bbox 3241 1702 3393 1769; x_wconf 90' lang='lat' dir='ltr'><strong>dixit,</strong></span> <span class='ocrx_word' id='word_1_599' title='bbox 3422 1702 3559 1757; x_wconf 84' lang='lat' dir='ltr'><strong>Filio</strong></span> 
     </span>
    </p>
   </div>
   <div class='ocr_carea' id='block_1_77' title="bbox 1991 1788 3560 1855">
    <p class='ocr_par' dir='ltr' id='par_1_77' title="bbox 1991 1788 3560 1855">
     <span class='ocr_line' id='line_1_78' title="bbox 1991 1788 3560 1855; baseline 0.008 -15"><span class='ocrx_word' id='word_1_600' title='bbox 1991 1795 2104 1855; x_wconf 92' lang='lat' dir='ltr'><strong>tuo,</strong></span> <span class='ocrx_word' id='word_1_601' title='bbox 2130 1788 2246 1854; x_wconf 87' lang='lat' dir='ltr'><strong>sed,</strong></span> <span class='ocrx_word' id='word_1_602' title='bbox 2281 1788 2416 1844; x_wconf 80' lang='lat' dir='ltr'><strong>Filio</strong></span> <span class='ocrx_word' id='word_1_603' title='bbox 2457 1791 2658 1846; x_wconf 78' lang='lat' dir='ltr'><strong>dilecto.</strong></span> <span class='ocrx_word' id='word_1_604' title='bbox 2688 1789 2803 1846; x_wconf 93' lang='lat' dir='ltr'><strong>Non</strong></span> <span class='ocrx_word' id='word_1_605' title='bbox 2847 1794 2987 1848; x_wconf 91' lang='lat' dir='ltr'><strong>enim</strong></span> <span class='ocrx_word' id='word_1_606' title='bbox 3033 1795 3289 1850; x_wconf 86' lang='lat' dir='ltr'><strong>adversus</strong></span> <span class='ocrx_word' id='word_1_607' title='bbox 3318 1808 3560 1852; x_wconf 83' lang='lat' dir='ltr'><strong>naturam</strong></span> 
     </span>
    </p>
   </div>
   <div class='ocr_carea' id='block_1_78' title="bbox 1993 1879 3560 1954">
    <p class='ocr_par' dir='ltr' id='par_1_78' title="bbox 1993 1879 3560 1954">
     <span class='ocr_line' id='line_1_79' title="bbox 1993 1879 3560 1954; baseline 0.007 -24"><span class='ocrx_word' id='word_1_608' title='bbox 1993 1886 2216 1942; x_wconf 89' lang='lat' dir='ltr'><strong>tantum,</strong></span> <span class='ocrx_word' id='word_1_609' title='bbox 2245 1879 2338 1934; x_wconf 92' lang='lat' dir='ltr'><strong>sed</strong></span> <span class='ocrx_word' id='word_1_610' title='bbox 2368 1882 2533 1935; x_wconf 91' lang='lat' dir='ltr'><strong>etiam</strong></span> <span class='ocrx_word' id='word_1_611' title='bbox 2564 1883 2821 1937; x_wconf 90' lang='lat' dir='ltr'><strong>adversus</strong></span> <span class='ocrx_word' id='word_1_612' title='bbox 2846 1882 3237 1940; x_wconf 54' lang='lat' dir='ltr'><strong>benevolentia</strong></span> <span class='ocrx_word' id='word_1_613' title='bbox 3264 1887 3514 1942; x_wconf 82' lang='lat' dir='ltr'><strong>aﬂectum</strong></span> <span class='ocrx_word' id='word_1_614' title='bbox 3541 1930 3560 1954; x_wconf 94' lang='lat'><strong>,</strong></span> 
     </span>
    </p>
   </div>
   <div class='ocr_carea' id='block_1_79' title="bbox 1991 1971 3562 2048">
    <p class='ocr_par' dir='ltr' id='par_1_79' title="bbox 1991 1971 3562 2048">
     <span class='ocr_line' id='line_1_80' title="bbox 1991 1971 3562 2048; baseline 0.007 -23"><span class='ocrx_word' id='word_1_615' title='bbox 1991 1973 2079 2039; x_wconf 94' lang='lat' dir='ltr'><strong>qui</strong></span> <span class='ocrx_word' id='word_1_616' title='bbox 2108 1981 2215 2025; x_wconf 92' lang='lat' dir='ltr'><strong>tum</strong></span> <span class='ocrx_word' id='word_1_617' title='bbox 2259 1971 2327 2025; x_wconf 91' lang='lat' dir='ltr'><strong>ob</strong></span> <span class='ocrx_word' id='word_1_618' title='bbox 2359 1973 2600 2042; x_wconf 81' lang='lat' dir='ltr'><strong>praprios</strong></span> <span class='ocrx_word' id='word_1_619' title='bbox 2641 1991 2818 2030; x_wconf 85' lang='lat' dir='ltr'><strong>mores</strong></span> <span class='ocrx_word' id='word_1_620' title='bbox 2839 2017 2853 2040; x_wconf 98' lang='lat'><strong>,</strong></span> <span class='ocrx_word' id='word_1_621' title='bbox 2905 1986 3012 2030; x_wconf 91' lang='lat' dir='ltr'><strong>tum</strong></span> <span class='ocrx_word' id='word_1_622' title='bbox 3044 1978 3114 2031; x_wconf 89' lang='lat' dir='ltr'><strong>ob</strong></span> <span class='ocrx_word' id='word_1_623' title='bbox 3140 1994 3382 2047; x_wconf 87' lang='lat' dir='ltr'><strong>magnam</strong></span> <span class='ocrx_word' id='word_1_624' title='bbox 3417 1984 3562 2048; x_wconf 82' lang='lat' dir='ltr'><strong>pueri</strong></span> 
     </span>
    </p>
   </div>
   <div class='ocr_carea' id='block_1_80' title="bbox 1992 2061 3564 2138">
    <p class='ocr_par' dir='ltr' id='par_1_80' title="bbox 1992 2061 3564 2138">
     <span class='ocr_line' id='line_1_81' title="bbox 1992 2061 3564 2138; baseline 0.006 -22"><span class='ocrx_word' id='word_1_625' title='bbox 1992 2061 2237 2117; x_wconf 90' lang='lat' dir='ltr'><strong>virtutem</strong></span> <span class='ocrx_word' id='word_1_626' title='bbox 2267 2065 2451 2133; x_wconf 88' lang='lat' dir='ltr'><strong>ingens</strong></span> <span class='ocrx_word' id='word_1_627' title='bbox 2492 2075 2626 2132; x_wconf 87' lang='lat' dir='ltr'><strong>erat,</strong></span> <span class='ocrx_word' id='word_1_628' title='bbox 2679 2067 3002 2136; x_wconf 89' lang='lat' dir='ltr'><strong>intrepidum</strong></span> <span class='ocrx_word' id='word_1_629' title='bbox 3031 2083 3089 2122; x_wconf 92' lang='lat' dir='ltr'><strong>se</strong></span> <span class='ocrx_word' id='word_1_630' title='bbox 3121 2070 3366 2138; x_wconf 59' lang='lat' dir='ltr'><strong>praebuit.</strong></span> <span class='ocrx_word' id='word_1_631' title='bbox 3413 2073 3564 2138; x_wconf 88' lang='lat' dir='ltr'><strong>Quod</strong></span> 
     </span>
    </p>
   </div>
   <div class='ocr_carea' id='block_1_81' title="bbox 1992 2155 3569 2231">
    <p class='ocr_par' dir='ltr' id='par_1_81' title="bbox 1992 2155 3569 2231">
     <span class='ocr_line' id='line_1_82' title="bbox 1992 2155 3569 2231; baseline 0.006 -21"><span class='ocrx_word' id='word_1_632' title='bbox 1992 2155 2058 2218; x_wconf 87' lang='lat' dir='ltr'><strong>si,</strong></span> <span class='ocrx_word' id='word_1_633' title='bbox 2089 2170 2156 2210; x_wconf 90' lang='lat' dir='ltr'><strong>ne</strong></span> <span class='ocrx_word' id='word_1_634' title='bbox 2181 2164 2236 2211; x_wconf 88' lang='lat' dir='ltr'><strong>ut</strong></span> <span class='ocrx_word' id='word_1_635' title='bbox 2264 2157 2533 2226; x_wconf 91' lang='lat' dir='ltr'><strong>improbos</strong></span> <span class='ocrx_word' id='word_1_636' title='bbox 2558 2159 2770 2228; x_wconf 89' lang='lat' dir='ltr'><strong>quidem</strong></span> <span class='ocrx_word' id='word_1_637' title='bbox 2821 2160 2958 2215; x_wconf 90' lang='lat' dir='ltr'><strong>filios</strong></span> <span class='ocrx_word' id='word_1_638' title='bbox 2983 2173 3358 2231; x_wconf 90' lang='lat' dir='ltr'><strong>aspernentur,</strong></span> <span class='ocrx_word' id='word_1_639' title='bbox 3414 2165 3569 2220; x_wconf 87' lang='lat' dir='ltr'><strong>facile</strong></span> 
     </span>
    </p>
   </div>
   <div class='ocr_carea' id='block_1_82' title="bbox 1992 2245 3569 2326">
    <p class='ocr_par' dir='ltr' id='par_1_82' title="bbox 1992 2245 3569 2326">
     <span class='ocr_line' id='line_1_83' title="bbox 1992 2245 3569 2326; baseline 0.007 -28"><span class='ocrx_word' id='word_1_640' title='bbox 1992 2245 2180 2300; x_wconf 89' lang='lat' dir='ltr'><strong>adduci</strong></span> <span class='ocrx_word' id='word_1_641' title='bbox 2211 2257 2457 2316; x_wconf 84' lang='lat' dir='ltr'><strong>parentes</strong></span> <span class='ocrx_word' id='word_1_642' title='bbox 2487 2259 2705 2317; x_wconf 92' lang='lat' dir='ltr'><strong>queunt,</strong></span> <span class='ocrx_word' id='word_1_643' title='bbox 2738 2264 2921 2304; x_wconf 87' lang='lat' dir='ltr'><strong>verum</strong></span> <span class='ocrx_word' id='word_1_644' title='bbox 2959 2267 3053 2306; x_wconf 87' lang='lat' dir='ltr'><strong>eos</strong></span> <span class='ocrx_word' id='word_1_645' title='bbox 3076 2268 3288 2322; x_wconf 88' lang='lat' dir='ltr'><strong>quoque</strong></span> <span class='ocrx_word' id='word_1_646' title='bbox 3319 2254 3569 2326; x_wconf 86' lang='lat' dir='ltr'><strong>lacrymis</strong></span> 
     </span>
    </p>
   </div>
   <div class='ocr_carea' id='block_1_83' title="bbox 1994 2340 3568 2413">
    <p class='ocr_par' dir='ltr' id='par_1_83' title="bbox 1994 2340 3568 2413">
     <span class='ocr_line' id='line_1_84' title="bbox 1994 2340 3568 2413; baseline 0.007 -23"><span class='ocrx_word' id='word_1_647' title='bbox 1994 2346 2391 2407; x_wconf 82' lang='lat' dir='ltr'><strong>prosequuntur</strong></span> <span class='ocrx_word' id='word_1_648' title='bbox 2422 2356 2436 2392; x_wconf 89' lang='lat'><strong>:</strong></span> <span class='ocrx_word' id='word_1_649' title='bbox 2463 2353 2583 2393; x_wconf 80' lang='lat' dir='ltr'><strong>cum</strong></span> <span class='ocrx_word' id='word_1_650' title='bbox 2606 2350 2660 2394; x_wconf 92' lang='lat' dir='ltr'><strong>et</strong></span> <span class='ocrx_word' id='word_1_651' title='bbox 2687 2340 2826 2396; x_wconf 83' lang='lat' dir='ltr'><strong>filius</strong></span> <span class='ocrx_word' id='word_1_652' title='bbox 2868 2341 3047 2408; x_wconf 90' lang='lat' dir='ltr'><strong>fuerit,</strong></span> <span class='ocrx_word' id='word_1_653' title='bbox 3074 2353 3128 2396; x_wconf 91' lang='lat' dir='ltr'><strong>et</strong></span> <span class='ocrx_word' id='word_1_654' title='bbox 3178 2360 3482 2413; x_wconf 85' lang='lat' dir='ltr'><strong>germanus,</strong></span> <span class='ocrx_word' id='word_1_655' title='bbox 3516 2359 3568 2401; x_wconf 87' lang='lat' dir='ltr'><strong>et</strong></span> 
     </span>
    </p>
   </div>
   <div class='ocr_carea' id='block_1_84' title="bbox 1995 2427 3564 2506">
    <p class='ocr_par' dir='ltr' id='par_1_84' title="bbox 1995 2427 3564 2506">
     <span class='ocr_line' id='line_1_85' title="bbox 1995 2427 3564 2506; baseline 0.006 -25"><span class='ocrx_word' id='word_1_656' title='bbox 1995 2427 2318 2498; x_wconf 83' lang='lat' dir='ltr'><strong>unigenitus,</strong></span> <span class='ocrx_word' id='word_1_657' title='bbox 2341 2437 2397 2484; x_wconf 87' lang='lat' dir='ltr'><strong>et</strong></span> <span class='ocrx_word' id='word_1_658' title='bbox 2416 2429 2664 2495; x_wconf 88' lang='lat' dir='ltr'><strong>dilectus,</strong></span> <span class='ocrx_word' id='word_1_659' title='bbox 2693 2440 2748 2486; x_wconf 90' lang='lat' dir='ltr'><strong>et</strong></span> <span class='ocrx_word' id='word_1_660' title='bbox 2779 2431 2945 2498; x_wconf 90' lang='lat' dir='ltr'><strong>lsaac,</strong></span> <span class='ocrx_word' id='word_1_661' title='bbox 2973 2443 3025 2487; x_wconf 90' lang='lat' dir='ltr'><strong>et</strong></span> <span class='ocrx_word' id='word_1_662' title='bbox 3061 2435 3129 2489; x_wconf 92' lang='lat' dir='ltr'><strong>ab</strong></span> <span class='ocrx_word' id='word_1_663' title='bbox 3159 2435 3276 2504; x_wconf 88' lang='lat' dir='ltr'><strong>ipso</strong></span> <span class='ocrx_word' id='word_1_664' title='bbox 3308 2446 3454 2504; x_wconf 92' lang='lat' dir='ltr'><strong>patre</strong></span> <span class='ocrx_word' id='word_1_665' title='bbox 3475 2438 3564 2506; x_wconf 84' lang='lat' dir='ltr'><strong>ju-</strong></span> 
     </span>
    </p>
   </div>
   <div class='ocr_carea' id='block_1_85' title="bbox 1993 2518 3566 2596">
    <p class='ocr_par' dir='ltr' id='par_1_85' title="bbox 1993 2518 3566 2596">
     <span class='ocr_line' id='line_1_86' title="bbox 1993 2518 3566 2596; baseline 0.007 -25"><span class='ocrx_word' id='word_1_666' title='bbox 1993 2518 2256 2587; x_wconf 90' lang='lat' dir='ltr'><strong>gulandus</strong></span> <span class='ocrx_word' id='word_1_667' title='bbox 2277 2519 2368 2586; x_wconf 91' lang='lat' dir='ltr'><strong>sit,</strong></span> <span class='ocrx_word' id='word_1_668' title='bbox 2385 2519 2626 2590; x_wconf 90' lang='lat' dir='ltr'><strong>quisnam</strong></span> <span class='ocrx_word' id='word_1_669' title='bbox 2642 2522 3004 2577; x_wconf 89' lang='lat' dir='ltr'><strong>incredibilem</strong></span> <span class='ocrx_word' id='word_1_670' title='bbox 3019 2525 3159 2578; x_wconf 87' lang='lat' dir='ltr'><strong>illam</strong></span> <span class='ocrx_word' id='word_1_671' title='bbox 3181 2526 3566 2596; x_wconf 81' lang='lat' dir='ltr'><strong>philosophiam</strong></span> 
     </span>
    </p>
   </div>
   <div class='ocr_carea' id='block_1_86' title="bbox 1994 2611 3569 2682">
    <p class='ocr_par' dir='ltr' id='par_1_86' title="bbox 1994 2611 3569 2682">
     <span class='ocr_line' id='line_1_87' title="bbox 1994 2611 3569 2682; baseline 0.006 -18"><span class='ocrx_word' id='word_1_672' title='bbox 1994 2611 2170 2666; x_wconf 89' lang='lat' dir='ltr'><strong>verbis</strong></span> <span class='ocrx_word' id='word_1_673' title='bbox 2191 2613 2468 2682; x_wconf 86' lang='lat' dir='ltr'><strong>complecti</strong></span> <span class='ocrx_word' id='word_1_674' title='bbox 2493 2613 2702 2682; x_wconf 83' lang='lat' dir='ltr'><strong>possit?</strong></span> <span class='ocrx_word' id='word_1_675' title='bbox 2721 2614 2981 2670; x_wconf 84' lang='lat' dir='ltr'><strong>Nimirum</strong></span> <span class='ocrx_word' id='word_1_676' title='bbox 3011 2616 3112 2671; x_wconf 90' lang='lat' dir='ltr'><strong>hoc</strong></span> <span class='ocrx_word' id='word_1_677' title='bbox 3132 2627 3400 2672; x_wconf 87' lang='lat' dir='ltr'><strong>certamen</strong></span> <span class='ocrx_word' id='word_1_678' title='bbox 3425 2621 3569 2675; x_wconf 90' lang='lat' dir='ltr'><strong>mille</strong></span> 
     </span>
    </p>
   </div>
   <div class='ocr_carea' id='block_1_87' title="bbox 1995 2688 3565 2779">
    <p class='ocr_par' dir='ltr' id='par_1_87' title="bbox 1995 2688 3565 2779">
     <span class='ocr_line' id='line_1_88' title="bbox 1995 2688 3565 2779; baseline 0.006 -25"><span class='ocrx_word' id='word_1_679' title='bbox 1995 2700 2298 2755; x_wconf 90' lang='lat' dir='ltr'><strong>diademata</strong></span> <span class='ocrx_word' id='word_1_680' title='bbox 2322 2711 2481 2772; x_wconf 89' lang='lat' dir='ltr'><strong>atque</strong></span> <span class='ocrx_word' id='word_1_681' title='bbox 2511 2704 2820 2760; x_wconf 91' lang='lat' dir='ltr'><strong>innumeras</strong></span> <span class='ocrx_word' id='word_1_682' title='bbox 2845 2688 3075 2761; x_wconf 76' lang='lat' dir='ltr'><strong>cordnas</strong></span> <span class='ocrx_word' id='word_1_683' title='bbox 3097 2708 3383 2776; x_wconf 86' lang='lat' dir='ltr'><strong>splendore</strong></span> <span class='ocrx_word' id='word_1_684' title='bbox 3408 2727 3565 2779; x_wconf 56' lang='lat' dir='ltr'><strong>Stlpeo</strong></span> 
     </span>
    </p>
   </div>
   <div class='ocr_carea' id='block_1_88' title="bbox 1995 2792 3564 2873">
    <p class='ocr_par' dir='ltr' id='par_1_88' title="bbox 1995 2792 3564 2873">
     <span class='ocr_line' id='line_1_89' title="bbox 1995 2792 3564 2873; baseline 0.008 -27"><span class='ocrx_word' id='word_1_685' title='bbox 1995 2800 2096 2846; x_wconf 89' lang='lat' dir='ltr'><strong>rat.</strong></span> <span class='ocrx_word' id='word_1_686' title='bbox 2129 2792 2334 2846; x_wconf 90' lang='lat' dir='ltr'><strong>Etenim</strong></span> <span class='ocrx_word' id='word_1_687' title='bbox 2360 2794 2431 2857; x_wconf 91' lang='lat' dir='ltr'><strong>ei,</strong></span> <span class='ocrx_word' id='word_1_688' title='bbox 2457 2795 2547 2864; x_wconf 89' lang='lat' dir='ltr'><strong>qui</strong></span> <span class='ocrx_word' id='word_1_689' title='bbox 2585 2810 2836 2850; x_wconf 88' lang='lat' dir='ltr'><strong>coronam</strong></span> <span class='ocrx_word' id='word_1_690' title='bbox 2868 2797 3010 2851; x_wconf 90' lang='lat' dir='ltr'><strong>illam</strong></span> <span class='ocrx_word' id='word_1_691' title='bbox 3050 2801 3205 2868; x_wconf 90' lang='lat' dir='ltr'><strong>gerit,</strong></span> <span class='ocrx_word' id='word_1_692' title='bbox 3255 2802 3564 2873; x_wconf 87' lang='lat' dir='ltr'><strong>plerumque</strong></span> 
     </span>
    </p>
   </div>
   <div class='ocr_carea' id='block_1_89' title="bbox 1995 2886 3569 2954">
    <p class='ocr_par' dir='ltr' id='par_1_89' title="bbox 1995 2886 3569 2954">
     <span class='ocr_line' id='line_1_90' title="bbox 1995 2886 3569 2954; baseline 0.008 -18"><span class='ocrx_word' id='word_1_693' title='bbox 1995 2889 2049 2936; x_wconf 90' lang='lat' dir='ltr'><strong>et</strong></span> <span class='ocrx_word' id='word_1_694' title='bbox 2079 2896 2222 2936; x_wconf 90' lang='lat' dir='ltr'><strong>mors</strong></span> <span class='ocrx_word' id='word_1_695' title='bbox 2243 2886 2622 2953; x_wconf 88' lang='lat' dir='ltr'><strong>superveniens</strong></span> <span class='ocrx_word' id='word_1_696' title='bbox 2651 2886 2841 2942; x_wconf 89' lang='lat' dir='ltr'><strong>infesta</strong></span> <span class='ocrx_word' id='word_1_697' title='bbox 2868 2896 2971 2954; x_wconf 92' lang='lat' dir='ltr'><strong>est,</strong></span> <span class='ocrx_word' id='word_1_698' title='bbox 2993 2899 3044 2946; x_wconf 91' lang='lat' dir='ltr'><strong>et</strong></span> <span class='ocrx_word' id='word_1_699' title='bbox 3073 2891 3219 2945; x_wconf 90' lang='lat' dir='ltr'><strong>mille</strong></span> <span class='ocrx_word' id='word_1_700' title='bbox 3257 2893 3418 2946; x_wconf 86' lang='lat' dir='ltr'><strong>etiam</strong></span> <span class='ocrx_word' id='word_1_701' title='bbox 3446 2907 3569 2950; x_wconf 85' lang='lat' dir='ltr'><strong>ante</strong></span> 
     </span>
    </p>
   </div>
   <div class='ocr_carea' id='block_1_90' title="bbox 1997 2977 3567 3055">
    <p class='ocr_par' dir='ltr' id='par_1_90' title="bbox 1997 2977 3567 3055">
     <span class='ocr_line' id='line_1_91' title="bbox 1997 2977 3567 3055; baseline 0.009 -28"><span class='ocrx_word' id='word_1_702' title='bbox 1997 2982 2222 3028; x_wconf 88' lang='lat' dir='ltr'><strong>mortem</strong></span> <span class='ocrx_word' id='word_1_703' title='bbox 2255 2991 2432 3030; x_wconf 91' lang='lat' dir='ltr'><strong>rerum</strong></span> <span class='ocrx_word' id='word_1_704' title='bbox 2465 2977 2670 3032; x_wconf 64' lang='lat' dir='ltr'><strong>insidiae</strong></span> <span class='ocrx_word' id='word_1_705' title='bbox 2701 2997 2714 3031; x_wconf 88' lang='lat'><strong>:</strong></span> <span class='ocrx_word' id='word_1_706' title='bbox 2744 2978 2846 3034; x_wconf 92' lang='lat' dir='ltr'><strong>hoc</strong></span> <span class='ocrx_word' id='word_1_707' title='bbox 2877 2990 3053 3035; x_wconf 92' lang='lat' dir='ltr'><strong>autem</strong></span> <span class='ocrx_word' id='word_1_708' title='bbox 3081 2981 3379 3040; x_wconf 89' lang='lat' dir='ltr'><strong>diademate</strong></span> <span class='ocrx_word' id='word_1_709' title='bbox 3421 2989 3567 3055; x_wconf 87' lang='lat' dir='ltr'><strong>quis-</strong></span> 
     </span>
    </p>
   </div>
   <div class='ocr_carea' id='block_1_91' title="bbox 1995 3065 3568 3144">
    <p class='ocr_par' dir='ltr' id='par_1_91' title="bbox 1995 3065 3568 3144">
     <span class='ocr_line' id='line_1_92' title="bbox 1995 3065 3568 3144; baseline 0.008 -28"><span class='ocrx_word' id='word_1_710' title='bbox 1995 3065 2119 3133; x_wconf 86' lang='lat' dir='ltr'><strong>quis</strong></span> <span class='ocrx_word' id='word_1_711' title='bbox 2141 3065 2421 3121; x_wconf 90' lang='lat' dir='ltr'><strong>redimitus</strong></span> <span class='ocrx_word' id='word_1_712' title='bbox 2447 3066 2626 3136; x_wconf 91' lang='lat' dir='ltr'><strong>fuerit,</strong></span> <span class='ocrx_word' id='word_1_713' title='bbox 2657 3067 2709 3122; x_wconf 92' lang='lat' dir='ltr'><strong>id</strong></span> <span class='ocrx_word' id='word_1_714' title='bbox 2739 3070 2790 3124; x_wconf 91' lang='lat' dir='ltr'><strong>ei</strong></span> <span class='ocrx_word' id='word_1_715' title='bbox 2822 3084 2888 3125; x_wconf 91' lang='lat' dir='ltr'><strong>ne</strong></span> <span class='ocrx_word' id='word_1_716' title='bbox 2921 3082 3040 3140; x_wconf 91' lang='lat' dir='ltr'><strong>post</strong></span> <span class='ocrx_word' id='word_1_717' title='bbox 3082 3083 3306 3127; x_wconf 89' lang='lat' dir='ltr'><strong>mortem</strong></span> <span class='ocrx_word' id='word_1_718' title='bbox 3357 3076 3568 3144; x_wconf 86' lang='lat' dir='ltr'><strong>quidem</strong></span> 
     </span>
    </p>
   </div>
   <div class='ocr_carea' id='block_1_92' title="bbox 1996 3157 3572 3232">
    <p class='ocr_par' dir='ltr' id='par_1_92' title="bbox 1996 3157 3572 3232">
     <span class='ocr_line' id='line_1_93' title="bbox 1996 3157 3572 3232; baseline 0.006 -22"><span class='ocrx_word' id='word_1_719' title='bbox 1996 3157 2275 3226; x_wconf 87' lang='lat' dir='ltr'><strong>quisquam</strong></span> <span class='ocrx_word' id='word_1_720' title='bbox 2306 3157 2517 3228; x_wconf 89' lang='lat' dir='ltr'><strong>eripere</strong></span> <span class='ocrx_word' id='word_1_721' title='bbox 2541 3159 2758 3230; x_wconf 90' lang='lat' dir='ltr'><strong>poterit,</strong></span> <span class='ocrx_word' id='word_1_722' title='bbox 2788 3174 2895 3216; x_wconf 90' lang='lat' dir='ltr'><strong>non</strong></span> <span class='ocrx_word' id='word_1_723' title='bbox 2937 3177 3190 3232; x_wconf 89' lang='lat' dir='ltr'><strong>suorum,</strong></span> <span class='ocrx_word' id='word_1_724' title='bbox 3241 3181 3347 3219; x_wconf 90' lang='lat' dir='ltr'><strong>non</strong></span> <span class='ocrx_word' id='word_1_725' title='bbox 3372 3168 3572 3221; x_wconf 85' lang='lat' dir='ltr'><strong>alieno-</strong></span> 
     </span>
    </p>
   </div>
   <div class='ocr_carea' id='block_1_93' title="bbox 1995 3250 3573 3326">
    <p class='ocr_par' dir='ltr' id='par_1_93' title="bbox 1995 3250 3573 3326">
     <span class='ocr_line' id='line_1_94' title="bbox 1995 3250 3573 3326; baseline 0.01 -24"><span class='ocrx_word' id='word_1_726' title='bbox 1995 3264 2135 3302; x_wconf 90' lang='lat' dir='ltr'><strong>rum.</strong></span> <span class='ocrx_word' id='word_1_727' title='bbox 2163 3250 2338 3319; x_wconf 85' lang='lat' dir='ltr'><strong>Atque</strong></span> <span class='ocrx_word' id='word_1_728' title='bbox 2375 3252 2534 3306; x_wconf 90' lang='lat' dir='ltr'><strong>etiam</strong></span> <span class='ocrx_word' id='word_1_729' title='bbox 2579 3252 3023 3322; x_wconf 88' lang='lat' dir='ltr'><strong>pretiosissimum</strong></span> <span class='ocrx_word' id='word_1_730' title='bbox 3075 3256 3230 3326; x_wconf 92' lang='lat' dir='ltr'><strong>hujus</strong></span> <span class='ocrx_word' id='word_1_731' title='bbox 3259 3259 3573 3318; x_wconf 86' lang='lat' dir='ltr'><strong>diadematis</strong></span> 
     </span>
    </p>
   </div>
   <div class='ocr_carea' id='block_1_94' title="bbox 1997 3340 3571 3420">
    <p class='ocr_par' dir='ltr' id='par_1_94' title="bbox 1997 3340 3571 3420">
     <span class='ocr_line' id='line_1_95' title="bbox 1997 3340 3571 3420; baseline 0.008 -27"><span class='ocrx_word' id='word_1_732' title='bbox 1997 3340 2226 3412; x_wconf 89' lang='lat' dir='ltr'><strong>lapidem</strong></span> <span class='ocrx_word' id='word_1_733' title='bbox 2249 3341 2542 3412; x_wconf 90' lang='lat' dir='ltr'><strong>perspicias</strong></span> <span class='ocrx_word' id='word_1_734' title='bbox 2567 3343 2749 3401; x_wconf 89' lang='lat' dir='ltr'><strong>velim.</strong></span> <span class='ocrx_word' id='word_1_735' title='bbox 2774 3343 2999 3401; x_wconf 88' lang='lat' dir='ltr'><strong>Utenim</strong></span> <span class='ocrx_word' id='word_1_736' title='bbox 3029 3349 3292 3417; x_wconf 91' lang='lat' dir='ltr'><strong>pretiosus</strong></span> <span class='ocrx_word' id='word_1_737' title='bbox 3315 3351 3464 3420; x_wconf 72' lang='lat' dir='ltr'><strong>lapis,</strong></span> <span class='ocrx_word' id='word_1_738' title='bbox 3493 3354 3571 3406; x_wconf 90' lang='lat' dir='ltr'><strong>sic</strong></span> 
     </span>
    </p>
   </div>
   <div class='ocr_carea' id='block_1_95' title="bbox 1997 3431 3570 3509">
    <p class='ocr_par' dir='ltr' id='par_1_95' title="bbox 1997 3431 3570 3509">
     <span class='ocr_line' id='line_1_96' title="bbox 1997 3431 3570 3509; baseline 0.007 -22"><span class='ocrx_word' id='word_1_739' title='bbox 1997 3446 2119 3487; x_wconf 88' lang='lat' dir='ltr'><strong>eum</strong></span> <span class='ocrx_word' id='word_1_740' title='bbox 2147 3431 2214 3486; x_wconf 92' lang='lat' dir='ltr'><strong>ad</strong></span> <span class='ocrx_word' id='word_1_741' title='bbox 2246 3441 2545 3488; x_wconf 88' lang='lat' dir='ltr'><strong>extremum</strong></span> <span class='ocrx_word' id='word_1_742' title='bbox 2571 3435 2752 3506; x_wconf 88' lang='lat' dir='ltr'><strong>cingit.</strong></span> <span class='ocrx_word' id='word_1_743' title='bbox 2793 3437 3054 3504; x_wconf 91' lang='lat' dir='ltr'><strong>Quidnam</strong></span> <span class='ocrx_word' id='word_1_744' title='bbox 3089 3449 3263 3493; x_wconf 90' lang='lat' dir='ltr'><strong>autem</strong></span> <span class='ocrx_word' id='word_1_745' title='bbox 3313 3441 3411 3497; x_wconf 90' lang='lat' dir='ltr'><strong>hoc</strong></span> <span class='ocrx_word' id='word_1_746' title='bbox 3453 3454 3570 3509; x_wconf 91' lang='lat' dir='ltr'><strong>est,</strong></span> 
     </span>
    </p>
   </div>
   <div class='ocr_carea' id='block_1_96' title="bbox 1997 3522 3569 3600">
    <p class='ocr_par' dir='ltr' id='par_1_96' title="bbox 1997 3522 3569 3600">
     <span class='ocr_line' id='line_1_97' title="bbox 1997 3522 3569 3600; baseline 0.008 -22"><span class='ocrx_word' id='word_1_747' title='bbox 1997 3522 2218 3594; x_wconf 84' lang='lat' dir='ltr'><strong>Pmpter</strong></span> <span class='ocrx_word' id='word_1_748' title='bbox 2239 3527 2357 3580; x_wconf 85' lang='lat' dir='ltr'><strong>me?</strong></span> <span class='ocrx_word' id='word_1_749' title='bbox 2379 3526 2562 3597; x_wconf 87' lang='lat' dir='ltr'><strong>Neque</strong></span> <span class='ocrx_word' id='word_1_750' title='bbox 2587 3528 2726 3583; x_wconf 91' lang='lat' dir='ltr'><strong>enim</strong></span> <span class='ocrx_word' id='word_1_751' title='bbox 2754 3528 2855 3583; x_wconf 92' lang='lat' dir='ltr'><strong>hoc</strong></span> <span class='ocrx_word' id='word_1_752' title='bbox 2883 3537 2984 3593; x_wconf 88' lang='lat' dir='ltr'><strong>est,</strong></span> <span class='ocrx_word' id='word_1_753' title='bbox 3007 3531 3144 3600; x_wconf 88' lang='lat' dir='ltr'><strong>quod</strong></span> <span class='ocrx_word' id='word_1_754' title='bbox 3166 3531 3569 3590; x_wconf 88' lang='lat' dir='ltr'><strong>admirationem</strong></span> 
     </span>
    </p>
   </div>
   <div class='ocr_carea' id='block_1_97' title="bbox 1997 3617 3572 3694">
    <p class='ocr_par' dir='ltr' id='par_1_97' title="bbox 1997 3617 3572 3694">
     <span class='ocr_line' id='line_1_98' title="bbox 1997 3617 3572 3694; baseline 0.007 -25"><span class='ocrx_word' id='word_1_755' title='bbox 1997 3626 2253 3684; x_wconf 80' lang='lat' dir='ltr'><strong>tueretur,</strong></span> <span class='ocrx_word' id='word_1_756' title='bbox 2283 3632 2474 3688; x_wconf 85' lang='lat' dir='ltr'><strong>nempe</strong></span> <span class='ocrx_word' id='word_1_757' title='bbox 2494 3617 2634 3689; x_wconf 91' lang='lat' dir='ltr'><strong>quod</strong></span> <span class='ocrx_word' id='word_1_758' title='bbox 2665 3633 2770 3674; x_wconf 91' lang='lat' dir='ltr'><strong>non</strong></span> <span class='ocrx_word' id='word_1_759' title='bbox 2803 3623 3100 3690; x_wconf 88' lang='lat' dir='ltr'><strong>pepercerit</strong></span> <span class='ocrx_word' id='word_1_760' title='bbox 3125 3663 3138 3684; x_wconf 90' lang='lat'><strong>,</strong></span> <span class='ocrx_word' id='word_1_761' title='bbox 3167 3624 3259 3677; x_wconf 92' lang='lat' dir='ltr'><strong>sed</strong></span> <span class='ocrx_word' id='word_1_762' title='bbox 3281 3626 3418 3693; x_wconf 90' lang='lat' dir='ltr'><strong>quod</strong></span> <span class='ocrx_word' id='word_1_763' title='bbox 3449 3641 3572 3694; x_wconf 89' lang='lat' dir='ltr'><strong>pro-</strong></span> 
     </span>
    </p>
   </div>
   <div class='ocr_carea' id='block_1_98' title="bbox 1998 3708 3568 3783">
    <p class='ocr_par' dir='ltr' id='par_1_98' title="bbox 1998 3708 3568 3783">
     <span class='ocr_line' id='line_1_99' title="bbox 1998 3708 3568 3783; baseline 0.006 -22"><span class='ocrx_word' id='word_1_764' title='bbox 1998 3717 2117 3778; x_wconf 90' lang='lat' dir='ltr'><strong>pter</strong></span> <span class='ocrx_word' id='word_1_765' title='bbox 2145 3725 2288 3762; x_wconf 93' lang='lat' dir='ltr'><strong>eum.</strong></span> <span class='ocrx_word' id='word_1_766' title='bbox 2317 3708 2361 3765; x_wconf 92' lang='grc' dir='ltr'><strong>Ο</strong></span> <span class='ocrx_word' id='word_1_767' title='bbox 2386 3710 2659 3765; x_wconf 83' lang='lat' dir='ltr'><strong>dexteram</strong></span> <span class='ocrx_word' id='word_1_768' title='bbox 2688 3711 2930 3779; x_wconf 89' lang='lat' dir='ltr'><strong>beatam,</strong></span> <span class='ocrx_word' id='word_1_769' title='bbox 2980 3713 3122 3782; x_wconf 90' lang='lat' dir='ltr'><strong>quali</strong></span> <span class='ocrx_word' id='word_1_770' title='bbox 3159 3714 3334 3783; x_wconf 87' lang='lat' dir='ltr'><strong>gladio</strong></span> <span class='ocrx_word' id='word_1_771' title='bbox 3377 3716 3568 3771; x_wconf 88' lang='lat' dir='ltr'><strong>donata</strong></span> 
     </span>
    </p>
   </div>
   <div class='ocr_carea' id='block_1_99' title="bbox 1995 3799 3569 3874">
    <p class='ocr_par' dir='ltr' id='par_1_99' title="bbox 1995 3799 3569 3874">
     <span class='ocr_line' id='line_1_100' title="bbox 1995 3799 3569 3874; baseline 0.006 -20"><span class='ocrx_word' id='word_1_772' title='bbox 1995 3800 2110 3854; x_wconf 59' lang='lat' dir='ltr'><strong>es”</strong></span> <span class='ocrx_word' id='word_1_773' title='bbox 2141 3813 2175 3853; x_wconf 90' lang='grc' dir='ltr'>ο</span> <span class='ocrx_word' id='word_1_774' title='bbox 2203 3799 2572 3856; x_wconf 90' lang='lat' dir='ltr'><strong>admirandum</strong></span> <span class='ocrx_word' id='word_1_775' title='bbox 2612 3801 2868 3872; x_wconf 90' lang='lat' dir='ltr'><strong>gladium,</strong></span> <span class='ocrx_word' id='word_1_776' title='bbox 2915 3805 3058 3874; x_wconf 92' lang='lat' dir='ltr'><strong>quali</strong></span> <span class='ocrx_word' id='word_1_777' title='bbox 3088 3804 3302 3861; x_wconf 89' lang='lat' dir='ltr'><strong>dextera</strong></span> <span class='ocrx_word' id='word_1_778' title='bbox 3343 3808 3569 3864; x_wconf 89' lang='lat' dir='ltr'><strong>donatus</strong></span> 
     </span>
    </p>
   </div>
   <div class='ocr_carea' id='block_1_100' title="bbox 1996 3889 3565 3964">
    <p class='ocr_par' dir='ltr' id='par_1_100' title="bbox 1996 3889 3565 3964">
     <span class='ocr_line' id='line_1_101' title="bbox 1996 3889 3565 3964; baseline 0.006 -22"><span class='ocrx_word' id='word_1_779' title='bbox 1996 3897 2077 3942; x_wconf 92' lang='lat' dir='ltr'><strong>est</strong></span> <span class='ocrx_word' id='word_1_780' title='bbox 2101 3889 2114 3941; x_wconf 92' lang='lat'><strong>!</strong></span> <span class='ocrx_word' id='word_1_781' title='bbox 2147 3903 2180 3944; x_wconf 92' lang='grc' dir='ltr'><strong>ο</strong></span> <span class='ocrx_word' id='word_1_782' title='bbox 2207 3890 2414 3945; x_wconf 91' lang='lat' dir='ltr'><strong>beatum</strong></span> <span class='ocrx_word' id='word_1_783' title='bbox 2439 3891 2648 3961; x_wconf 86' lang='lat' dir='ltr'><strong>inquam</strong></span> <span class='ocrx_word' id='word_1_784' title='bbox 2676 3892 2927 3962; x_wconf 86' lang='lat' dir='ltr'><strong>gladium,</strong></span> <span class='ocrx_word' id='word_1_785' title='bbox 2960 3893 3023 3946; x_wconf 92' lang='lat' dir='ltr'><strong>ad</strong></span> <span class='ocrx_word' id='word_1_786' title='bbox 3055 3895 3194 3964; x_wconf 94' lang='lat' dir='ltr'><strong>quod</strong></span> <span class='ocrx_word' id='word_1_787' title='bbox 3219 3897 3565 3952; x_wconf 89' lang='lat' dir='ltr'><strong>ministerium</strong></span> 
     </span>
    </p>
   </div>
   <div class='ocr_carea' id='block_1_101' title="bbox 1998 3983 3566 4057">
    <p class='ocr_par' dir='ltr' id='par_1_101' title="bbox 1998 3983 3566 4057">
     <span class='ocr_line' id='line_1_102' title="bbox 1998 3983 3566 4057; baseline 0.008 -25"><span class='ocrx_word' id='word_1_788' title='bbox 1998 3993 2213 4049; x_wconf 90' lang='lat' dir='ltr'><strong>paratus</strong></span> <span class='ocrx_word' id='word_1_789' title='bbox 2260 3983 2374 4038; x_wconf 89' lang='lat' dir='ltr'><strong>est!</strong></span> <span class='ocrx_word' id='word_1_790' title='bbox 2407 3983 2548 4053; x_wconf 88' lang='lat' dir='ltr'><strong>quod</strong></span> <span class='ocrx_word' id='word_1_791' title='bbox 2577 3998 2770 4038; x_wconf 90' lang='lat' dir='ltr'><strong>munus</strong></span> <span class='ocrx_word' id='word_1_792' title='bbox 2801 3983 2986 4051; x_wconf 86' lang='lat' dir='ltr'><strong>obivit,</strong></span> <span class='ocrx_word' id='word_1_793' title='bbox 3013 3994 3066 4038; x_wconf 90' lang='lat' dir='ltr'><strong>et</strong></span> <span class='ocrx_word' id='word_1_794' title='bbox 3095 3987 3179 4039; x_wconf 91' lang='lat' dir='ltr'><strong>cui</strong></span> <span class='ocrx_word' id='word_1_795' title='bbox 3227 3987 3408 4057; x_wconf 66' lang='lat' dir='ltr'><strong>figura:</strong></span> <span class='ocrx_word' id='word_1_796' title='bbox 3438 3990 3566 4044; x_wconf 89' lang='lat' dir='ltr'><strong>sub-</strong></span> 
     </span>
    </p>
   </div>
   <div class='ocr_carea' id='block_1_102' title="bbox 1996 4073 3566 4144">
    <p class='ocr_par' dir='ltr' id='par_1_102' title="bbox 1996 4073 3566 4144">
     <span class='ocr_line' id='line_1_103' title="bbox 1996 4073 3566 4144; baseline 0.006 -17"><span class='ocrx_word' id='word_1_797' title='bbox 1996 4073 2253 4127; x_wconf 83' lang='lat' dir='ltr'><strong>servivit!</strong></span> <span class='ocrx_word' id='word_1_798' title='bbox 2281 4087 2511 4143; x_wconf 91' lang='lat' dir='ltr'><strong>quonam</strong></span> <span class='ocrx_word' id='word_1_799' title='bbox 2543 4084 2694 4144; x_wconf 91' lang='lat' dir='ltr'><strong>pacto</strong></span> <span class='ocrx_word' id='word_1_800' title='bbox 2721 4090 2914 4131; x_wconf 88' lang='lat' dir='ltr'><strong>cruore</strong></span> <span class='ocrx_word' id='word_1_801' title='bbox 2937 4077 3132 4133; x_wconf 92' lang='lat' dir='ltr'><strong>tinctus</strong></span> <span class='ocrx_word' id='word_1_802' title='bbox 3161 4089 3261 4143; x_wconf 89' lang='lat' dir='ltr'><strong>est,</strong></span> <span class='ocrx_word' id='word_1_803' title='bbox 3293 4093 3348 4135; x_wconf 90' lang='lat' dir='ltr'><strong>et</strong></span> <span class='ocrx_word' id='word_1_804' title='bbox 3376 4096 3566 4137; x_wconf 89' lang='lat' dir='ltr'><strong>cruore</strong></span> 
     </span>
    </p>
   </div>
   <div class='ocr_carea' id='block_1_103' title="bbox 1997 4167 3566 4240">
    <p class='ocr_par' dir='ltr' id='par_1_103' title="bbox 1997 4167 3566 4240">
     <span class='ocr_line' id='line_1_104' title="bbox 1997 4167 3566 4240; baseline 0.007 -21"><span class='ocrx_word' id='word_1_805' title='bbox 1997 4179 2103 4219; x_wconf 90' lang='lat' dir='ltr'><strong>non</strong></span> <span class='ocrx_word' id='word_1_806' title='bbox 2129 4175 2211 4220; x_wconf 91' lang='lat' dir='ltr'><strong>est</strong></span> <span class='ocrx_word' id='word_1_807' title='bbox 2241 4167 2470 4222; x_wconf 89' lang='lat' dir='ltr'><strong>tinctus!</strong></span> <span class='ocrx_word' id='word_1_808' title='bbox 2503 4167 2685 4237; x_wconf 89' lang='lat' dir='ltr'><strong>Neque</strong></span> <span class='ocrx_word' id='word_1_809' title='bbox 2711 4168 2876 4235; x_wconf 90' lang='lat' dir='ltr'><strong>enim,</strong></span> <span class='ocrx_word' id='word_1_810' title='bbox 2898 4185 3005 4240; x_wconf 84' lang='lat' dir='ltr'><strong>quo</strong></span> <span class='ocrx_word' id='word_1_811' title='bbox 3033 4172 3197 4226; x_wconf 86' lang='lat' dir='ltr'><strong>verbo</strong></span> <span class='ocrx_word' id='word_1_812' title='bbox 3227 4183 3364 4240; x_wconf 87' lang='lat' dir='ltr'><strong>utar,</strong></span> <span class='ocrx_word' id='word_1_813' title='bbox 3414 4177 3526 4229; x_wconf 86' lang='lat' dir='ltr'><strong>scio</strong></span> <span class='ocrx_word' id='word_1_814' title='bbox 3552 4196 3566 4230; x_wconf 87' lang='lat'><strong>:</strong></span> 
     </span>
    </p>
   </div>
   <div class='ocr_carea' id='block_1_104' title="bbox 1996 4256 3566 4335">
    <p class='ocr_par' dir='ltr' id='par_1_104' title="bbox 1996 4256 3566 4335">
     <span class='ocr_line' id='line_1_105' title="bbox 1996 4256 3566 4335; baseline 0.006 -26"><span class='ocrx_word' id='word_1_815' title='bbox 1996 4256 2131 4312; x_wconf 91' lang='lat' dir='ltr'><strong>adeo</strong></span> <span class='ocrx_word' id='word_1_816' title='bbox 2157 4257 2487 4312; x_wconf 88' lang='lat' dir='ltr'><strong>tremendum</strong></span> <span class='ocrx_word' id='word_1_817' title='bbox 2517 4259 2652 4312; x_wconf 91' lang='lat' dir='ltr'><strong>istud</strong></span> <span class='ocrx_word' id='word_1_818' title='bbox 2704 4257 3014 4331; x_wconf 87' lang='lat' dir='ltr'><strong>mysterium</strong></span> <span class='ocrx_word' id='word_1_819' title='bbox 3066 4272 3198 4316; x_wconf 89' lang='lat' dir='ltr'><strong>erat.</strong></span> <span class='ocrx_word' id='word_1_820' title='bbox 3250 4261 3367 4317; x_wconf 92' lang='lat' dir='ltr'><strong>Non</strong></span> <span class='ocrx_word' id='word_1_821' title='bbox 3417 4268 3566 4335; x_wconf 89' lang='lat' dir='ltr'><strong>pueri</strong></span> 
     </span>
    </p>
   </div>
   <div class='ocr_carea' id='block_1_105' title="bbox 1997 4348 3569 4421">
    <p class='ocr_par' dir='ltr' id='par_1_105' title="bbox 1997 4348 3569 4421">
     <span class='ocr_line' id='line_1_106' title="bbox 1997 4348 3569 4421; baseline 0.005 -19"><span class='ocrx_word' id='word_1_822' title='bbox 1997 4348 2188 4418; x_wconf 85' lang='lat' dir='ltr'><strong>pellem</strong></span> <span class='ocrx_word' id='word_1_823' title='bbox 2220 4348 2415 4418; x_wconf 84' lang='lat' dir='ltr'><strong>attigit,</strong></span> <span class='ocrx_word' id='word_1_824' title='bbox 2439 4364 2536 4403; x_wconf 89' lang='lat' dir='ltr'><strong>nec</strong></span> <span class='ocrx_word' id='word_1_825' title='bbox 2562 4351 2728 4403; x_wconf 90' lang='lat' dir='ltr'><strong>sancti</strong></span> <span class='ocrx_word' id='word_1_826' title='bbox 2761 4351 2902 4404; x_wconf 92' lang='lat' dir='ltr'><strong>illius</strong></span> <span class='ocrx_word' id='word_1_827' title='bbox 2923 4361 3102 4421; x_wconf 90' lang='lat' dir='ltr'><strong>guttur</strong></span> <span class='ocrx_word' id='word_1_828' title='bbox 3125 4355 3438 4421; x_wconf 65' lang='lat' dir='ltr'><strong>penetravit,</strong></span> <span class='ocrx_word' id='word_1_829' title='bbox 3469 4371 3569 4410; x_wconf 81' lang='lat' dir='ltr'><strong>nec</strong></span> 
     </span>
    </p>
   </div>
   <div class='ocr_carea' id='block_1_106' title="bbox 1991 4438 3563 4512">
    <p class='ocr_par' dir='ltr' id='par_1_106' title="bbox 1991 4438 3563 4512">
     <span class='ocr_line' id='line_1_107' title="bbox 1991 4438 3563 4512; baseline 0.004 -20"><span class='ocrx_word' id='word_1_830' title='bbox 1991 4438 2121 4507; x_wconf 92' lang='lat' dir='ltr'><strong>justi</strong></span> <span class='ocrx_word' id='word_1_831' title='bbox 2150 4453 2342 4494; x_wconf 91' lang='lat' dir='ltr'><strong>cruore</strong></span> <span class='ocrx_word' id='word_1_832' title='bbox 2367 4439 2579 4495; x_wconf 90' lang='lat' dir='ltr'><strong>rubuit:</strong></span> <span class='ocrx_word' id='word_1_833' title='bbox 2608 4441 2715 4494; x_wconf 90' lang='lat' dir='ltr'><strong>imo</strong></span> <span class='ocrx_word' id='word_1_834' title='bbox 2739 4455 2866 4494; x_wconf 91' lang='lat' dir='ltr'><strong>vero</strong></span> <span class='ocrx_word' id='word_1_835' title='bbox 2913 4444 3158 4512; x_wconf 90' lang='lat' dir='ltr'><strong>etattigit</strong></span> <span class='ocrx_word' id='word_1_836' title='bbox 3187 4453 3237 4496; x_wconf 93' lang='lat' dir='ltr'><strong>et</strong></span> <span class='ocrx_word' id='word_1_837' title='bbox 3276 4448 3563 4512; x_wconf 81' lang='lat' dir='ltr'><strong>penetravit</strong></span> 
     </span>
    </p>
   </div>
   <div class='ocr_carea' id='block_1_107' title="bbox 1996 4531 3564 4595">
    <p class='ocr_par' dir='ltr' id='par_1_107' title="bbox 1996 4531 3564 4595">
     <span class='ocr_line' id='line_1_108' title="bbox 1996 4531 3564 4595; baseline 0.004 -11"><span class='ocrx_word' id='word_1_838' title='bbox 1996 4539 2052 4584; x_wconf 87' lang='lat' dir='ltr'><strong>et</strong></span> <span class='ocrx_word' id='word_1_839' title='bbox 2073 4545 2262 4585; x_wconf 90' lang='lat' dir='ltr'><strong>cruore</strong></span> <span class='ocrx_word' id='word_1_840' title='bbox 2287 4532 2484 4595; x_wconf 86' lang='lat' dir='ltr'><strong>rubuit,</strong></span> <span class='ocrx_word' id='word_1_841' title='bbox 2517 4541 2569 4585; x_wconf 90' lang='lat' dir='ltr'><strong>et</strong></span> <span class='ocrx_word' id='word_1_842' title='bbox 2597 4531 2876 4586; x_wconf 89' lang='lat' dir='ltr'><strong>immersus</strong></span> <span class='ocrx_word' id='word_1_843' title='bbox 2904 4541 3007 4593; x_wconf 87' lang='lat' dir='ltr'><strong>est,</strong></span> <span class='ocrx_word' id='word_1_844' title='bbox 3034 4543 3086 4587; x_wconf 88' lang='lat' dir='ltr'><strong>et</strong></span> <span class='ocrx_word' id='word_1_845' title='bbox 3128 4549 3230 4587; x_wconf 88' lang='lat' dir='ltr'><strong>non</strong></span> <span class='ocrx_word' id='word_1_846' title='bbox 3264 4535 3564 4591; x_wconf 79' lang='lat' dir='ltr'><strong>immersus.</strong></span> 
     </span>
    </p>
   </div>
   <div class='ocr_carea' id='block_1_108' title="bbox 1996 4621 3564 4696">
    <p class='ocr_par' dir='ltr' id='par_1_108' title="bbox 1996 4621 3564 4696">
     <span class='ocr_line' id='line_1_109' title="bbox 1996 4621 3564 4696; baseline 0.003 -21"><span class='ocrx_word' id='word_1_847' title='bbox 1996 4621 2189 4676; x_wconf 83' lang='lat' dir='ltr'><strong>Mentis</strong></span> <span class='ocrx_word' id='word_1_848' title='bbox 2217 4637 2401 4678; x_wconf 90' lang='lat' dir='ltr'><strong>errore</strong></span> <span class='ocrx_word' id='word_1_849' title='bbox 2430 4621 2564 4676; x_wconf 84' lang='lat' dir='ltr'><strong>aftici</strong></span> <span class='ocrx_word' id='word_1_850' title='bbox 2592 4623 2816 4676; x_wconf 89' lang='lat' dir='ltr'><strong>fortasse</strong></span> <span class='ocrx_word' id='word_1_851' title='bbox 2836 4624 2986 4676; x_wconf 87' lang='lat' dir='ltr'><strong>vobis</strong></span> <span class='ocrx_word' id='word_1_852' title='bbox 3009 4623 3213 4688; x_wconf 88' lang='lat' dir='ltr'><strong>videor,</strong></span> <span class='ocrx_word' id='word_1_853' title='bbox 3253 4627 3340 4693; x_wconf 88' lang='lat' dir='ltr'><strong>qui</strong></span> <span class='ocrx_word' id='word_1_854' title='bbox 3372 4627 3438 4679; x_wconf 93' lang='lat' dir='ltr'><strong>ita</strong></span> <span class='ocrx_word' id='word_1_855' title='bbox 3466 4643 3564 4696; x_wconf 83' lang='lat' dir='ltr'><strong>pu-</strong></span> 
     </span>
    </p>
   </div>
   <div class='ocr_carea' id='block_1_109' title="bbox 1995 4714 3564 4787">
    <p class='ocr_par' dir='ltr' id='par_1_109' title="bbox 1995 4714 3564 4787">
     <span class='ocr_line' id='line_1_110' title="bbox 1995 4714 3564 4787; baseline 0.004 -19"><span class='ocrx_word' id='word_1_856' title='bbox 1995 4716 2208 4784; x_wconf 87' lang='lat' dir='ltr'><strong>gnantia</strong></span> <span class='ocrx_word' id='word_1_857' title='bbox 2241 4714 2450 4784; x_wconf 87' lang='lat' dir='ltr'><strong>loquar.</strong></span> <span class='ocrx_word' id='word_1_858' title='bbox 2475 4715 2543 4769; x_wconf 87' lang='lat' dir='ltr'><strong>Et</strong></span> <span class='ocrx_word' id='word_1_859' title='bbox 2568 4723 2714 4770; x_wconf 90' lang='lat' dir='ltr'><strong>certe</strong></span> <span class='ocrx_word' id='word_1_860' title='bbox 2734 4714 2960 4782; x_wconf 75' lang='lat' dir='ltr'><strong>afﬁcior,</strong></span> <span class='ocrx_word' id='word_1_861' title='bbox 2988 4716 3112 4770; x_wconf 90' lang='lat' dir='ltr'><strong>dum</strong></span> <span class='ocrx_word' id='word_1_862' title='bbox 3135 4717 3264 4787; x_wconf 91' lang='lat' dir='ltr'><strong>justi</strong></span> <span class='ocrx_word' id='word_1_863' title='bbox 3294 4719 3432 4773; x_wconf 85' lang='lat' dir='ltr'><strong>illius</strong></span> <span class='ocrx_word' id='word_1_864' title='bbox 3462 4721 3564 4774; x_wconf 89' lang='lat' dir='ltr'><strong>mi-</strong></span> 
     </span>
    </p>
   </div>
   <div class='ocr_carea' id='block_1_110' title="bbox 1997 4805 3566 4879">
    <p class='ocr_par' dir='ltr' id='par_1_110' title="bbox 1997 4805 3566 4879">
     <span class='ocr_line' id='line_1_111' title="bbox 1997 4805 3566 4879; baseline 0.003 -20"><span class='ocrx_word' id='word_1_865' title='bbox 1997 4806 2234 4860; x_wconf 89' lang='lat' dir='ltr'><strong>raculum</strong></span> <span class='ocrx_word' id='word_1_866' title='bbox 2278 4807 2458 4859; x_wconf 90' lang='lat' dir='ltr'><strong>animo</strong></span> <span class='ocrx_word' id='word_1_867' title='bbox 2511 4805 2866 4876; x_wconf 90' lang='lat' dir='ltr'><strong>contemplor,</strong></span> <span class='ocrx_word' id='word_1_868' title='bbox 2919 4821 3019 4861; x_wconf 91' lang='lat' dir='ltr'><strong>nec</strong></span> <span class='ocrx_word' id='word_1_869' title='bbox 3067 4816 3241 4864; x_wconf 88' lang='lat' dir='ltr'><strong>tamen</strong></span> <span class='ocrx_word' id='word_1_870' title='bbox 3283 4811 3566 4879; x_wconf 86' lang='lat' dir='ltr'><strong>pugnantia</strong></span> 
     </span>
    </p>
   </div>
   <div class='ocr_carea' id='block_1_111' title="bbox 1996 4893 3568 4968">
    <p class='ocr_par' dir='ltr' id='par_1_111' title="bbox 1996 4893 3568 4968">
     <span class='ocr_line' id='line_1_112' title="bbox 1996 4893 3568 4968; baseline 0.003 -19"><span class='ocrx_word' id='word_1_871' title='bbox 1996 4896 2204 4966; x_wconf 84' lang='lat' dir='ltr'><strong>loquor.</strong></span> <span class='ocrx_word' id='word_1_872' title='bbox 2237 4893 2448 4950; x_wconf 88' lang='lat' dir='ltr'><strong>Etenim</strong></span> <span class='ocrx_word' id='word_1_873' title='bbox 2473 4893 2723 4968; x_wconf 58' lang='lat' dir='ltr'><strong>justiyiri</strong></span> <span class='ocrx_word' id='word_1_874' title='bbox 2752 4911 2938 4949; x_wconf 89' lang='lat' dir='ltr'><strong>manus</strong></span> <span class='ocrx_word' id='word_1_875' title='bbox 2958 4912 3078 4950; x_wconf 91' lang='lat' dir='ltr'><strong>eum</strong></span> <span class='ocrx_word' id='word_1_876' title='bbox 3103 4898 3154 4950; x_wconf 91' lang='lat' dir='ltr'><strong>in</strong></span> <span class='ocrx_word' id='word_1_877' title='bbox 3185 4900 3330 4966; x_wconf 90' lang='lat' dir='ltr'><strong>pueri</strong></span> <span class='ocrx_word' id='word_1_878' title='bbox 3357 4911 3568 4968; x_wconf 84' lang='lat' dir='ltr'><strong>gutture</strong></span> 
     </span>
    </p>
   </div>
   <div class='ocr_carea' id='block_1_112' title="bbox 1995 4985 3566 5060">
    <p class='ocr_par' dir='ltr' id='par_1_112' title="bbox 1995 4985 3566 5060">
     <span class='ocr_line' id='line_1_113' title="bbox 1995 4985 3566 5060; baseline 0.003 -20"><span class='ocrx_word' id='word_1_879' title='bbox 1995 4986 2216 5052; x_wconf 80' lang='lat' dir='ltr'><strong>defixit;</strong></span> <span class='ocrx_word' id='word_1_880' title='bbox 2248 4996 2302 5039; x_wconf 93' lang='lat' dir='ltr'><strong>at</strong></span> <span class='ocrx_word' id='word_1_881' title='bbox 2329 4986 2470 5040; x_wconf 90' lang='lat' dir='ltr'><strong>Deus</strong></span> <span class='ocrx_word' id='word_1_882' title='bbox 2497 4985 2657 5039; x_wconf 89' lang='lat' dir='ltr'><strong>etiam</strong></span> <span class='ocrx_word' id='word_1_883' title='bbox 2703 4985 2926 5040; x_wconf 82' lang='lat' dir='ltr'><strong>infixum</strong></span> <span class='ocrx_word' id='word_1_884' title='bbox 2971 5001 3076 5040; x_wconf 92' lang='lat' dir='ltr'><strong>non</strong></span> <span class='ocrx_word' id='word_1_885' title='bbox 3128 4989 3370 5057; x_wconf 89' lang='lat' dir='ltr'><strong>permisit</strong></span> <span class='ocrx_word' id='word_1_886' title='bbox 3418 4992 3566 5060; x_wconf 82' lang='lat' dir='ltr'><strong>pueri</strong></span> 
     </span>
    </p>
   </div>
   <div class='ocr_carea' id='block_1_113' title="bbox 1995 5074 3564 5144">
    <p class='ocr_par' dir='ltr' id='par_1_113' title="bbox 1995 5074 3564 5144">
     <span class='ocr_line' id='line_1_114' title="bbox 1995 5074 3564 5144; baseline 0.002 -12"><span class='ocrx_word' id='word_1_887' title='bbox 1995 5092 2190 5132; x_wconf 90' lang='lat' dir='ltr'><strong>cruore</strong></span> <span class='ocrx_word' id='word_1_888' title='bbox 2215 5076 2582 5130; x_wconf 85' lang='lat' dir='ltr'><strong>contaminari.</strong></span> <span class='ocrx_word' id='word_1_889' title='bbox 2604 5074 2786 5144; x_wconf 86' lang='lat' dir='ltr'><strong>Neque</strong></span> <span class='ocrx_word' id='word_1_890' title='bbox 2810 5076 2952 5130; x_wconf 91' lang='lat' dir='ltr'><strong>enim</strong></span> <span class='ocrx_word' id='word_1_891' title='bbox 2981 5077 3246 5131; x_wconf 89' lang='lat' dir='ltr'><strong>Abraham</strong></span> <span class='ocrx_word' id='word_1_892' title='bbox 3270 5080 3414 5133; x_wconf 87' lang='lat' dir='ltr'><strong>solus</strong></span> <span class='ocrx_word' id='word_1_893' title='bbox 3443 5097 3564 5136; x_wconf 87' lang='lat' dir='ltr'><strong>eum</strong></span> 
     </span>
    </p>
   </div>
   <div class='ocr_carea' id='block_1_114' title="bbox 1999 5166 3565 5242">
    <p class='ocr_par' dir='ltr' id='par_1_114' title="bbox 1999 5166 3565 5242">
     <span class='ocr_line' id='line_1_115' title="bbox 1999 5166 3565 5242; baseline 0.003 -21"><span class='ocrx_word' id='word_1_894' title='bbox 1999 5167 2235 5230; x_wconf 88' lang='lat' dir='ltr'><strong>tenebat,</strong></span> <span class='ocrx_word' id='word_1_895' title='bbox 2261 5166 2355 5221; x_wconf 91' lang='lat' dir='ltr'><strong>sed</strong></span> <span class='ocrx_word' id='word_1_896' title='bbox 2382 5166 2541 5220; x_wconf 88' lang='lat' dir='ltr'><strong>etiam</strong></span> <span class='ocrx_word' id='word_1_897' title='bbox 2575 5166 2714 5220; x_wconf 91' lang='lat' dir='ltr'><strong>Deus</strong></span> <span class='ocrx_word' id='word_1_898' title='bbox 2744 5185 2758 5220; x_wconf 90' lang='lat'><strong>:</strong></span> <span class='ocrx_word' id='word_1_899' title='bbox 2785 5167 2873 5220; x_wconf 91' lang='lat' dir='ltr'><strong>ille</strong></span> <span class='ocrx_word' id='word_1_900' title='bbox 2901 5183 2997 5234; x_wconf 89' lang='lat' dir='ltr'><strong>per</strong></span> <span class='ocrx_word' id='word_1_901' title='bbox 3018 5168 3341 5224; x_wconf 87' lang='lat' dir='ltr'><strong>voluntatem</strong></span> <span class='ocrx_word' id='word_1_902' title='bbox 3373 5171 3565 5242; x_wconf 83' lang='lat' dir='ltr'><strong>impel~</strong></span> 
     </span>
    </p>
   </div>
   <div class='ocr_carea' id='block_1_115' title="bbox 1997 5259 3560 5330">
    <p class='ocr_par' dir='ltr' id='par_1_115' title="bbox 1997 5259 3560 5330">
     <span class='ocr_line' id='line_1_116' title="bbox 1997 5259 3560 5330; baseline 0.001 -15"><span class='ocrx_word' id='word_1_903' title='bbox 1997 5261 2173 5326; x_wconf 89' lang='lat' dir='ltr'><strong>lebat,</strong></span> <span class='ocrx_word' id='word_1_904' title='bbox 2206 5260 2292 5314; x_wconf 93' lang='lat' dir='ltr'><strong>hic</strong></span> <span class='ocrx_word' id='word_1_905' title='bbox 2339 5275 2436 5330; x_wconf 91' lang='lat' dir='ltr'><strong>per</strong></span> <span class='ocrx_word' id='word_1_906' title='bbox 2464 5273 2647 5313; x_wconf 91' lang='lat' dir='ltr'><strong>vocem</strong></span> <span class='ocrx_word' id='word_1_907' title='bbox 2690 5259 3036 5328; x_wconf 84' lang='lat' dir='ltr'><strong>reprimebat.</strong></span> <span class='ocrx_word' id='word_1_908' title='bbox 3085 5259 3215 5316; x_wconf 88' lang='lat' dir='ltr'><strong>Nam</strong></span> <span class='ocrx_word' id='word_1_909' title='bbox 3246 5262 3432 5317; x_wconf 90' lang='lat' dir='ltr'><strong>eadem</strong></span> <span class='ocrx_word' id='word_1_910' title='bbox 3461 5281 3560 5319; x_wconf 83' lang='lat' dir='ltr'><strong>vox</strong></span> 
     </span>
    </p>
   </div>
   <div class='ocr_carea' id='block_1_116' title="bbox 1995 5350 3562 5423">
    <p class='ocr_par' dir='ltr' id='par_1_116' title="bbox 1995 5350 3562 5423">
     <span class='ocr_line' id='line_1_117' title="bbox 1995 5350 3562 5423; baseline -0.001 -16"><span class='ocrx_word' id='word_1_911' title='bbox 1995 5353 2236 5407; x_wconf 86' lang='lat' dir='ltr'><strong>dextram</strong></span> <span class='ocrx_word' id='word_1_912' title='bbox 2270 5351 2410 5404; x_wconf 91' lang='lat' dir='ltr'><strong>illius</strong></span> <span class='ocrx_word' id='word_1_913' title='bbox 2433 5360 2484 5405; x_wconf 92' lang='lat' dir='ltr'><strong>et</strong></span> <span class='ocrx_word' id='word_1_914' title='bbox 2511 5350 2735 5404; x_wconf 82' lang='lat' dir='ltr'><strong>armavit</strong></span> <span class='ocrx_word' id='word_1_915' title='bbox 2762 5359 2816 5405; x_wconf 89' lang='lat' dir='ltr'><strong>et</strong></span> <span class='ocrx_word' id='word_1_916' title='bbox 2843 5353 3197 5420; x_wconf 81' lang='lat' dir='ltr'><strong>compescuit,</strong></span> <span class='ocrx_word' id='word_1_917' title='bbox 3230 5364 3386 5423; x_wconf 85' lang='lat' dir='ltr'><strong>atque</strong></span> <span class='ocrx_word' id='word_1_918' title='bbox 3419 5355 3562 5421; x_wconf 87' lang='lat' dir='ltr'><strong>Deo,</strong></span> 
     </span>
    </p>
   </div>
   <div class='ocr_carea' id='block_1_117' title="bbox 1996 5441 3565 5513">
    <p class='ocr_par' dir='ltr' id='par_1_117' title="bbox 1996 5441 3565 5513">
     <span class='ocr_line' id='line_1_118' title="bbox 1996 5441 3565 5513; baseline 0.001 -17"><span class='ocrx_word' id='word_1_919' title='bbox 1996 5453 2262 5512; x_wconf 89' lang='lat' dir='ltr'><strong>tamquam</strong></span> <span class='ocrx_word' id='word_1_920' title='bbox 2282 5441 2470 5495; x_wconf 89' lang='lat' dir='ltr'><strong>bellico</strong></span> <span class='ocrx_word' id='word_1_921' title='bbox 2483 5441 2691 5495; x_wconf 88' lang='lat' dir='ltr'><strong>cuidam</strong></span> <span class='ocrx_word' id='word_1_922' title='bbox 2714 5441 3043 5511; x_wconf 90' lang='lat' dir='ltr'><strong>imperatori,</strong></span> <span class='ocrx_word' id='word_1_923' title='bbox 3059 5442 3288 5497; x_wconf 90' lang='lat' dir='ltr'><strong>subdita.</strong></span> <span class='ocrx_word' id='word_1_924' title='bbox 3310 5444 3374 5497; x_wconf 88' lang='lat' dir='ltr'><strong>ad</strong></span> <span class='ocrx_word' id='word_1_925' title='bbox 3399 5445 3565 5513; x_wconf 86' lang='lat' dir='ltr'><strong>ipsius</strong></span> 
     </span>
    </p>
   </div>
   <div class='ocr_carea' id='block_1_118' title="bbox 1996 5532 3562 5603">
    <p class='ocr_par' dir='ltr' id='par_1_118' title="bbox 1996 5532 3562 5603">
     <span class='ocr_line' id='line_1_119' title="bbox 1996 5532 3562 5603; baseline 0.001 -16"><span class='ocrx_word' id='word_1_926' title='bbox 1996 5543 2182 5588; x_wconf 90' lang='lat' dir='ltr'><strong>nutum</strong></span> <span class='ocrx_word' id='word_1_927' title='bbox 2205 5533 2380 5586; x_wconf 86' lang='lat' dir='ltr'><strong>omnia</strong></span> <span class='ocrx_word' id='word_1_928' title='bbox 2399 5532 2810 5602; x_wconf 87' lang='lat' dir='ltr'><strong>exsequebatur,</strong></span> <span class='ocrx_word' id='word_1_929' title='bbox 2829 5543 3125 5603; x_wconf 81' lang='lat' dir='ltr'><strong>cunctaque</strong></span> <span class='ocrx_word' id='word_1_930' title='bbox 3141 5535 3204 5589; x_wconf 88' lang='lat' dir='ltr'><strong>ad</strong></span> <span class='ocrx_word' id='word_1_931' title='bbox 3229 5535 3368 5589; x_wconf 90' lang='lat' dir='ltr'><strong>illius</strong></span> <span class='ocrx_word' id='word_1_932' title='bbox 3382 5551 3562 5590; x_wconf 79' lang='lat' dir='ltr'><strong>Vocem</strong></span> 
     </span>
    </p>
   </div>
   <div class='ocr_carea' id='block_1_119' title="bbox 1995 5614 3564 5688">
    <p class='ocr_par' dir='ltr' id='par_1_119' title="bbox 1995 5614 3564 5688">
     <span class='ocr_line' id='line_1_120' title="bbox 1995 5614 3564 5688; baseline 0.001 -11"><span class='ocrx_word' id='word_1_933' title='bbox 1995 5623 2518 5679; x_wconf 88' lang='lat' dir='ltr'><strong>administrabantur.</strong></span> <span class='ocrx_word' id='word_1_934' title='bbox 2544 5623 2633 5678; x_wconf 91' lang='lat' dir='ltr'><strong>Sic</strong></span> <span class='ocrx_word' id='word_1_935' title='bbox 2655 5614 2796 5678; x_wconf 84' lang='lat' dir='ltr'><strong>enim</strong></span> <span class='ocrx_word' id='word_1_936' title='bbox 2826 5623 3103 5678; x_wconf 87' lang='lat' dir='ltr'><strong>considera</strong></span> <span class='ocrx_word' id='word_1_937' title='bbox 3130 5641 3143 5677; x_wconf 94' lang='lat'>:</span> <span class='ocrx_word' id='word_1_938' title='bbox 3171 5625 3320 5688; x_wconf 86' lang='lat' dir='ltr'><strong>dixit,</strong></span> <span class='ocrx_word' id='word_1_939' title='bbox 3347 5624 3564 5688; x_wconf 90' lang='lat' dir='ltr'><strong>Occide,</strong></span> 
     </span>
    </p>
   </div>
   <div class='ocr_carea' id='block_1_120' title="bbox 1995 5713 3563 5782">
    <p class='ocr_par' dir='ltr' id='par_1_120' title="bbox 1995 5713 3563 5782">
     <span class='ocr_line' id='line_1_121' title="bbox 1995 5713 3563 5782; baseline -0.001 -12"><span class='ocrx_word' id='word_1_940' title='bbox 1995 5731 2060 5770; x_wconf 92' lang='lat' dir='ltr'><strong>ac</strong></span> <span class='ocrx_word' id='word_1_941' title='bbox 2082 5717 2260 5770; x_wconf 89' lang='lat' dir='ltr'><strong>statim</strong></span> <span class='ocrx_word' id='word_1_942' title='bbox 2310 5715 2618 5770; x_wconf 87' lang='lat' dir='ltr'><strong>armabatur</strong></span> <span class='ocrx_word' id='word_1_943' title='bbox 2646 5732 2659 5768; x_wconf 91' lang='lat'>:</span> <span class='ocrx_word' id='word_1_944' title='bbox 2691 5713 2861 5779; x_wconf 91' lang='lat' dir='ltr'><strong>dixit,</strong></span> <span class='ocrx_word' id='word_1_945' title='bbox 2888 5713 2968 5769; x_wconf 86' lang='lat' dir='ltr'><strong>Ne</strong></span> <span class='ocrx_word' id='word_1_946' title='bbox 3007 5715 3219 5768; x_wconf 91' lang='lat' dir='ltr'><strong>occidas</strong></span> <span class='ocrx_word' id='word_1_947' title='bbox 3239 5757 3254 5782; x_wconf 91' lang='lat'><strong>,</strong></span> <span class='ocrx_word' id='word_1_948' title='bbox 3285 5729 3349 5768; x_wconf 86' lang='lat' dir='ltr'><strong>ac</strong></span> <span class='ocrx_word' id='word_1_949' title='bbox 3386 5717 3563 5769; x_wconf 85' lang='lat' dir='ltr'><strong>statim</strong></span> 
     </span>
    </p>
   </div>
   <div class='ocr_carea' id='block_1_121' title="bbox 2004 5804 3560 5877">
    <p class='ocr_par' dir='ltr' id='par_1_121' title="bbox 2004 5804 3560 5877">
     <span class='ocr_line' id='line_1_122' title="bbox 2004 5804 3560 5877; baseline -0.004 -14"><span class='ocrx_word' id='word_1_950' title='bbox 2004 5822 2150 5863; x_wconf 90' lang='lat' dir='ltr'><strong>arma</strong></span> <span class='ocrx_word' id='word_1_951' title='bbox 2177 5806 2476 5877; x_wconf 86' lang='lat' dir='ltr'><strong>deponebat</strong></span> <span class='ocrx_word' id='word_1_952' title='bbox 2511 5823 2526 5862; x_wconf 87' lang='lat'><strong>:</strong></span> <span class='ocrx_word' id='word_1_953' title='bbox 2554 5806 2816 5875; x_wconf 90' lang='lat' dir='ltr'><strong>siquidem</strong></span> <span class='ocrx_word' id='word_1_954' title='bbox 2853 5805 3030 5860; x_wconf 89' lang='lat' dir='ltr'><strong>omnia</strong></span> <span class='ocrx_word' id='word_1_955' title='bbox 3055 5814 3234 5874; x_wconf 89' lang='lat' dir='ltr'><strong>parata</strong></span> <span class='ocrx_word' id='word_1_956' title='bbox 3256 5804 3364 5874; x_wconf 90' lang='lat' dir='ltr'><strong>jam</strong></span> <span class='ocrx_word' id='word_1_957' title='bbox 3391 5814 3560 5860; x_wconf 86' lang='lat' dir='ltr'><strong>erant.</strong></span> 
     </span>
    </p>
   </div>
  </div>
