2034 3214
218 198 274 226 “5

219 256 260 282 Ae
274 259 368 289 postea
387 254 457 281 Deus
479 251 592 280 militem
602 258 682 291 tsuum
696 257 727 277 ac
741 249 838 277 ducem
853 248 911 276 orbi
925 253 1016 276 osten-

218 299 269 333 dit,
284 300 412 328 victorem
423 297 578 333 angelorum
590 296 705 330 theatro,
716 295 792 322 illum
803 294 911 330 inquam
923 301 1015 321 sacer-

218 346 311 374 dotem
323 367 330 378 ,
356 347 428 373 illum
447 351 555 379 regem,
578 343 669 378 gladio
689 342 774 378 magis
792 348 872 377 quam
887 340 943 368 ullo
955 340 1014 367 dia-

221 391 327 420 demate
336 394 503 423 coronatum,
518 390 591 416 illum
604 393 706 424 tropaeo
718 391 901 424 praestantem,
916 393 947 414 ac
956 386 1015 414 sine

219 436 346 466 cortflictu
378 437 518 464 victorem.
547 434 777 468 Quemadmodum
806 434 877 462 enim
906 433 929 460 si
954 433 1013 468 quis

220 482 366 517 imperator
376 476 591 509 strenuissimum
611 480 723 509 militem
743 480 848 512 habeat,
864 479 945 506 etiam
957 480 1013 514 ipsa

219 527 397 564 gerendorum
411 535 547 555 armorum
561 527 730 560 dexteritate,
743 526 799 561 ipsa
813 525 939 558 statione,
955 525 1013 559 ipso

219 575 320 609 impetu
331 594 339 607 ,
356 573 462 601 hostem
487 579 560 601 metu
576 573 699 609 percellit
714 582 720 600 :
742 573 781 600 sic
797 573 865 600 Deus
881 573 937 599 sola
948 572 1013 607 justi

218 621 267 647 viri
284 620 421 647 voluntate
433 640 441 654 ,
457 620 516 647 solo
530 624 624 655 gestu,
647 619 704 647 sola
731 618 848 655 denique
875 618 1010 652 statione,

218 673 389 694 communem
401 666 521 693 omnium
536 670 658 694 nostrum
679 665 782 692 hosmm
804 664 940 692 diabolum
965 671 1011 692 ex-

219 712 316 739 terruit
328 717 407 747 atque
420 711 446 738 in
465 712 553 747 fugam
569 711 656 739 vertit.
671 710 738 738 Nam
753 714 780 737 et
799 710 873 737 illum
889 710 1012 738 existimo

220 764 275 785 tum
300 758 504 787 tremebundum
533 757 690 786 recessisse.
716 757 769 790 At,
789 756 886 783 dixerit
899 756 1012 783 fortasse

217 804 326 839 aliquis,
338 812 421 839 quare
441 805 514 832 Deus
528 804 650 832 dextram
666 803 799 830 cruentari
815 809 869 829 non
884 801 1013 836 permisc-

218 851 270 884 rit,
283 858 315 877 ac
329 855 421 885 postea
436 854 581 878 mactatum
596 854 706 884 repente
719 848 753 875 ad
769 849 849 875 vitam
864 846 1012 875 revocarit?

217 897 349 930 Quoniam
366 897 404 924 fas
417 904 470 924 non
497 900 557 924 erat
581 896 664 924 Deum
680 894 832 930 huiusmodi
856 894 1011 929 sanguinem

217 949 331 977 capere;
346 942 393 969 sed
407 941 550 976 pestiferos
563 941 699 969 daemones
716 947 808 968 mensa
823 940 880 967 haec
889 940 1010 967 decebat.

220 990 307 1023 Atque
321 989 364 1016 hic
383 993 526 1024 utrumque
538 987 742 1021 declarabatur,
758 994 853 1021 uetnpe
865 991 892 1014 et
908 986 1012 1014 Domini

217 1034 369 1070 benignitas
394 1040 421 1063 et
445 1036 517 1063 servi
539 1034 669 1070 probitas.
689 1035 729 1062 Ac
755 1034 829 1069 prius
850 1033 956 1068 quidem
978 1033 1013 1060 de

218 1086 289 1108 terra
300 1088 348 1108 sua
362 1088 487 1116 egressus
502 1080 604 1113 fuerat;
627 1084 681 1108 tum
706 1087 771 1107 vero
785 1080 819 1107 ab
837 1079 894 1114 ipsa
906 1086 1013 1114 quoque

217 1132 311 1155 natura
326 1128 450 1155 excessit.
480 1126 574 1162 quue
589 1126 698 1154 nomine
713 1131 814 1154 sortem
830 1133 889 1153 cum
910 1126 1013 1153 foenore

217 1173 333 1208 accepit,
347 1173 428 1208 idque
439 1173 583 1201 admodum
596 1172 693 1200 merito
710 1182 717 1200 :
733 1172 815 1208 patris
829 1172 900 1199 enim
915 1178 1012 1199 nomen

216 1220 343 1247 amittere
356 1219 471 1251 maluit,
488 1227 568 1255 quam
590 1226 605 1246 a
631 1218 707 1254 probi
730 1219 800 1246 servi
824 1217 913 1245 officio
939 1224 1013 1245 rece-

216 1264 292 1292 dere.
309 1264 349 1292 Eo
362 1264 462 1292 factum
475 1269 527 1298 est,
541 1268 571 1291 ut
591 1272 645 1292 nou
660 1263 741 1291 modo
755 1268 842 1298 pater,
865 1262 913 1291 sed
931 1262 1011 1290 etiam

216 1310 343 1338 sacerdos
358 1311 518 1344 exsisteret;
543 1316 570 1338 ct
589 1310 652 1345 quia
675 1309 723 1338 Dei
738 1317 818 1337 causa
832 1310 913 1337 etiam
927 1316 942 1336 a
957 1309 1012 1336 suis

215 1357 402 1389 abscesserat,
424 1357 525 1385 ideirco
539 1357 609 1385 Deus
624 1357 675 1393 ipsi
690 1364 751 1385 cum
763 1357 816 1384 illis
838 1364 886 1384 sua
906 1363 1013 1391 quoque

217 1403 328 1438 largitus
342 1408 393 1431 est.
413 1404 452 1431 Ac
464 1403 573 1438 quidem
587 1404 662 1439 ipse,
683 1410 744 1431 cum
758 1403 793 1431 ab
808 1402 931 1431 hostibus
945 1403 1012 1430 insi-

215 1450 268 1477 diae
281 1455 422 1484 creantur,
438 1451 519 1478 etiam
542 1458 626 1486 usque
649 1450 682 1478 ad
698 1458 755 1478 rem
770 1451 854 1486 ipsam
874 1450 1012 1486 progredi-

219 1501 280 1528 tur,
294 1504 325 1523 ae
340 1497 468 1524 miracula
479 1497 551 1530 edit;
567 1502 596 1524 ut
606 1497 633 1524 in
644 1496 753 1525 fornace
763 1518 771 1531 ,
786 1504 819 1524 ac
831 1497 952 1525 leonibus
964 1504 1012 1524 usu

217 1544 289 1570 venit
302 1542 389 1576 (Dan.
415 1544 442 1570 3.
458 1548 481 1570 et
499 1544 555 1579 6):
571 1552 633 1571 cum
655 1548 745 1571 autem
768 1544 882 1579 ipsemet
907 1548 948 1571 est
968 1544 1013 1579 qui

217 1589 341 1625 imperat,
355 1590 425 1617 intra
437 1590 517 1618 animi
529 1590 769 1625 promptitudinem
781 1590 920 1625 itnperium
934 1598 1013 1618 suum

216 1637 299 1665 sistit.

254 1683 280 1710 7.
293 1683 402 1711 Abralm:
414 1683 565 1711 constantia.
575 1698 612 1704 —
621 1683 689 1717 Quid
702 1684 785 1719 enim,
796 1684 863 1712 heus
877 1688 916 1717 tu,
929 1684 956 1711 in
969 1684 1013 1712 illa

217 1730 299 1757 animi
323 1729 480 1757 fortitudine
498 1737 530 1758 ac
547 1731 701 1765 priestantia
721 1730 775 1765 jam
790 1730 1014 1758 desiderabatur?

218 1786 283 1805 num
291 1777 426 1805 Abraham
437 1778 507 1813 quod
517 1782 677 1805 eventurum
687 1781 754 1809 erat,
764 1777 939 1813 prseseiebat?
950 1785 1013 1805 num

218 1824 264 1852 Dei
279 1823 491 1851 misericordiam
506 1823 560 1850 ullo
580 1823 695 1851 artificio
710 1824 853 1858 captabat?
868 1823 932 1864 Nam
951 1824 1015 1852 licet

219 1871 348 1906 propheta
362 1875 445 1902 esset,
462 1874 489 1897 at
504 1870 632 1905 propheta
646 1878 699 1897 non
714 1871 803 1897 omnia
824 1871 908 1899 novit.
922 1871 1015 1906 Itaque

218 1924 418 1951 supervacanea
436 1916 491 1951 jam
514 1923 547 1943 ac
564 1916 618 1944 Deo
641 1916 750 1952 indigna
771 1916 914 1946 trucidatio
933 1917 1015 1944 exsti-

219 1964 305 1991 tisset.
317 1963 393 1998 Quod
404 1963 426 1990 si
440 1963 506 1990 illud
519 1970 607 1998 operae
617 1963 730 1998 pretium
742 1962 828 1991 fuerat
840 1963 920 1996 scire,
930 1963 1014 1992 Deum

218 2014 340 2037 mortuos
352 2009 385 2036 ad
399 2009 480 2036 vitam
494 2016 622 2037 revocare
638 2016 727 2044 p055e,
751 2010 836 2037 multo
849 2009 953 2038 scilicet
965 2009 1014 2038 ad-

218 2056 369 2084 mirabilius
386 2056 412 2083 id
428 2056 462 2084 ab
476 2056 569 2084 uxoris
582 2055 660 2083 vulva
681 2056 863 2091 intellexerat,
878 2058 933 2085 imo
953 2063 1016 2086 ante

219 2102 289 2130 hanc
301 2109 408 2137 quoque
426 2102 695 2136 demonstrationem,
712 2107 741 2129 ut
754 2103 799 2138 qui
820 2103 873 2131 fide
888 2104 1015 2139 praeditus

219 2153 301 2176 esset.
316 2148 355 2175 Tu
371 2156 436 2175 vero
455 2148 558 2183 justum
582 2148 655 2176 illum
679 2157 733 2177 non
754 2150 840 2177 solum
860 2150 1014 2186 admireris,

219 2194 267 2222 sed
279 2194 359 2222 etiam
372 2194 486 2222 imiteris
501 2203 508 2222 :
523 2195 638 2230 cumque
655 2202 716 2222 eum
728 2195 755 2222 in
769 2200 843 2224 tanto
857 2197 972 2225 tumultu
984 2205 1017 2226 ac

220 2244 293 2267 tanta
308 2239 436 2267 ﬂuctuum
458 2244 618 2275 tempestate
636 2248 690 2268 non
708 2248 785 2268 secus
800 2246 880 2277 atque
900 2242 926 2269 in
941 2248 1016 2271 tran-

220 2285 352 2321 quillitate
367 2286 538 2320 navigantem
554 2286 653 2319 cernis,
666 2285 707 2313 fac
719 2286 798 2313 etiam
814 2293 842 2314 ut
854 2287 1017 2316 obedientiaa

220 2336 247 2358 ct
262 2331 426 2358 fortitudinis
439 2331 544 2358 clavum
556 2331 679 2367 arripias.
691 2330 746 2358 Nec
760 2332 825 2359 mihi
839 2332 903 2360 illud
915 2338 1015 2361 tantum

220 2384 413 2410 conunemora,
425 2376 496 2411 quod
509 2376 594 2404 altare
606 2377 770 2405 exstruxerit
782 2382 809 2406 et
820 2378 890 2413 ligna
901 2380 1015 2414 pararit;

221 2422 269 2451 sed
285 2422 360 2457 pueri
371 2430 478 2457 quoque
493 2429 587 2450 vocem
609 2424 636 2451 in
658 2428 774 2451 mentem
790 2432 899 2459 revoca,
913 2430 1032 2464 tecum-1

221 2476 274 2505 que
288 2468 352 2496 illud
367 2473 471 2504 reputa,
486 2473 585 2504 quanta
594 2469 759 2497 exercituum
772 2471 877 2506 agmina
889 2472 1016 2507 impetum
1028 2473 1030 2476 ’

222 2517 248 2544 iu
266 2525 328 2545 eum
341 2516 464 2549 fecerint,
480 2517 531 2553 ipsi
548 2525 674 2552 pavorem
696 2518 855 2553 injicientia,
876 2527 937 2547 cum
953 2527 1018 2554 pue-

221 2571 281 2590 rum
294 2563 428 2591 dicentem
439 2564 552 2596 audivit,
566 2563 654 2597 Pater,
667 2564 769 2591 ubinam
782 2570 818 2592 est
830 2565 1015 2601 victimawen.

220 2609 266 2636 22.
282 2609 330 2645 7)?
343 2609 535 2643 animadverte,
550 2615 615 2644 quot
627 2615 682 2638 tum
691 2611 867 2646 cogitationes
876 2616 1018 2640 commotae

221 2655 286 2688 sint,
306 2663 360 2683 non
373 2655 456 2690 ferro,
473 2656 521 2684 sed
536 2657 620 2692 igneis
636 2657 721 2685 hastis
735 2662 857 2691 armatas,
872 2664 953 2694 atque
968 2666 1018 2686 un-

221 2701 302 2737 dique
314 2709 376 2729 eum
389 2707 537 2738 pungentes
556 2708 584 2730 et
598 2703 815 2732 conscindentes.
829 2704 896 2732 Nam
908 2705 930 2732 si
945 2712 1017 2733 nunc

221 2756 328 2785 quoque
352 2749 427 2777 multi
442 2769 450 2783 ,
470 2750 552 2778 etiam
573 2750 618 2785 qui
642 2755 731 2785 patres
752 2758 806 2778 non
828 2755 901 2785 sunt,
923 2752 1017 2780 dolore

221 2794 390 2830 franguntur,
404 2799 432 2823 et
452 2795 701 2830 collacrymassent,
720 2796 772 2823 nisi
786 2796 825 2824 rei
840 2798 942 2825 exitum
957 2805 1017 2832 per-

221 2846 341 2876 spectum
357 2842 503 2873 haberent;
516 2842 571 2868 imo
583 2841 664 2868 etiam
678 2842 841 2877 complures,
855 2851 1015 2878 quamquam

222 2885 295 2913 illum
318 2886 418 2921 norint,
438 2887 619 2922 lacrymantes
640 2891 729 2915 tamen
750 2887 875 2916 intueor:
891 2897 944 2924 quo
961 2894 1016 2917 tau—

222 2929 284 2959 dcm
297 2931 416 2960 cruciatu
438 2931 561 2960 affectum
575 2939 635 2959 cum
648 2931 730 2961 fuisse
749 2934 886 2971 probabile
901 2940 951 2970 est,
971 2935 1014 2972 qui

575 195 605 223 ε.
624 193 763 222 JOANNIS
781 189 1018 220 CllRYSOSTUMl
1038 189 1193 219 ARClllEP.
1217 191 1485 221 CONSTANTINOP.

1811 195 1860 223 M6

1070 247 1156 283 ipsum
1171 254 1311 284 genuerat,
1333 250 1377 284 qui
1400 250 1571 283 educaverat,
1596 250 1641 286 qui
1662 250 1689 278 in
1711 256 1862 286 senectute,

1067 295 1113 330 qui
1126 295 1213 323 solum
1229 295 1355 329 habebat,
1370 297 1413 331 qui
1428 297 1520 330 talem,
1537 297 1580 333 qui
1593 297 1731 331 cernebat,
1749 299 1793 333 qui
1810 307 1860 326 au-

1068 340 1169 375 diebat,
1191 341 1237 377 qui
1253 341 1364 377 jamjam
1379 343 1413 371 de
1428 343 1516 371 medio
1531 344 1683 371 sublaturus
1700 345 1782 372 erat?
1796 345 1861 378 Quae

1068 387 1209 415 verborum
1221 387 1361 422 prudentia
1372 389 1455 424 ique:
1469 390 1653 424 responsionis
1665 391 1862 418 mansuetudo?

1067 434 1133 468 Quis
1147 439 1235 462 autem
1258 440 1315 463 tum
1335 435 1519 470 operabatur?
1540 437 1708 472 diabolusne,
1732 442 1763 465 ut
1789 437 1862 467 faces

1066 480 1194 515 quasdam
1211 486 1312 509 natura:
1327 481 1502 511 admoveret?
1516 483 1624 511 Minime
1644 493 1651 511 :
1667 492 1760 512 verum
1778 485 1862 519 Deus,

1067 531 1095 553 ιιι
1112 534 1220 554 auream
1240 527 1305 561 justi
1319 528 1433 555 animam
1457 530 1540 564 magis
1563 530 1724 564 exploraret.
1753 531 1860 558 Etenim

1066 581 1127 601 eum
1149 572 1207 600 Jobi
1228 581 1298 600 uxor
1317 575 1396 601 verba
1418 575 1526 607 faceret,
1542 576 1664 603 diabolus
1678 577 1859 612 operabatur;

1066 619 1119 647 tale
1133 620 1231 655 quippe
1244 620 1306 647 illud
1320 621 1460 648 consilium
1474 626 1532 649 erat
1546 631 1552 647 :
1569 623 1610 649 hic
1626 631 1689 650 vero
1702 623 1766 650 nihil
1780 625 1861 659 impie

1066 665 1224 699 loquebatur
1237 687 1243 698 ,
1265 666 1311 694 sed
1339 675 1466 702 perquam
1489 668 1532 703 pie
1552 673 1580 695 et
1599 669 1793 704 circumspecte
1807 680 1813 696 :
1828 678 1860 698 ac

1066 711 1148 737 multa
1164 716 1289 738 venustas
1304 712 1329 739 in
1343 713 1431 739 verbis
1446 712 1594 746 cfflorebat,
1609 722 1757 749 magnaque
1772 716 1860 743 mellis

1066 758 1141 792 copia
1157 765 1171 785 e
1186 759 1355 786 sermonibus
1370 760 1504 792 manabat,
1519 768 1532 787 a
1549 762 1690 795 tranquilla
1703 762 1746 788 illa
1761 767 1785 789 et
1799 763 1858 797 pla-

1065 803 1124 831 cida
1142 804 1229 831 anima
1246 804 1331 832 ﬂuens
1345 813 1351 831 :
1364 810 1443 840 atque
1458 810 1556 833 tantam
1574 806 1626 833 vim
1644 806 1700 834 haec
1713 807 1792 834 verba
1810 808 1858 835 ha-

1066 850 1172 883 bebant,
1188 856 1217 877 ut
1230 851 1270 877 vel
1286 859 1395 878 saxeum
1414 858 1504 886 pectus
1526 853 1648 880 emollire
1663 859 1782 888 possent.
1804 855 1857 882 Nec

1067 900 1153 923 tamen
1174 896 1341 923 adamanlem
1358 897 1430 923 illum
1448 898 1627 931 pet'Culerunt,
1657 899 1710 926 imo
1727 908 1775 926 nec
1795 908 1859 927 con-

1065 948 1224 974 cusserunt;
1240 951 1288 969 nec
1301 943 1377 976 dixit,
1396 944 1463 977 Quid
1481 949 1581 977 patrem
1599 952 1689 977 vocas,
1714 946 1758 979 qui
1780 946 1859 979 paulo

1065 994 1125 1023 post
1136 993 1210 1023 pater
1221 994 1280 1017 lllUS
1296 989 1400 1017 futurus
1416 998 1467 1017 non
1480 995 1529 1023 est,
1542 991 1703 1025 quiquejam
1717 991 1795 1027 hujus
1812 992 1860 1019 ho-

1065 1036 1139 1062 noris
1152 1035 1283 1070 jacturam
1309 1035 1389 1063 fecit?
1412 1036 1531 1070 Quanam
1550 1045 1629 1072 porro
1652 1038 1684 1064 de
1698 1045 1777 1065 causa
1795 1047 1859 1073 piter

1065 1088 1171 1115 quoque
1184 1082 1353 1108 sciscitatur?
1367 1082 1446 1109 tlcrtc
1461 1090 1512 1109 non
1522 1082 1592 1117 quod
1607 1083 1762 1111 curiositate
1776 1084 1859 1111 duce-

1065 1132 1150 1159 retur,
1165 1127 1211 1154 scd
1227 1127 1297 1162 quod
1313 1127 1345 1155 de
1369 1128 1412 1160 iis,
1433 1135 1492 1162 qua:
1513 1128 1647 1162 proposita
1667 1134 1743 1155 erant
1756 1150 1763 1161 ,
1780 1130 1860 1156 anxio

1065 1181 1096 1200 ac
1111 1174 1226 1200 sollicito
1248 1175 1339 1201 animo
1358 1179 1439 1201 esset.
1454 1174 1498 1201 Sic
1513 1174 1585 1202 enim
1601 1182 1692 1202 secum
1713 1176 1863 1211 cogitabat,

1066 1219 1115 1245 nisi
1131 1225 1206 1254 pater
1220 1227 1280 1246 eum
1303 1219 1457 1254 participem
1481 1228 1572 1247 earum
1597 1229 1686 1247 rerutn
1706 1230 1765 1256 quze
1780 1230 1858 1257 gore-

1065 1265 1161 1291 bantur
1174 1265 1300 1292 adhibere
1316 1265 1462 1298 voluisset,
1488 1265 1598 1293 minimc
1619 1266 1750 1293 facturum
1766 1267 1858 1301 fuisse,

1065 1317 1094 1339 ut
1109 1313 1192 1340 servis
1205 1313 1271 1340 infra
1284 1321 1393 1340 manere
1402 1313 1494 1347 jussis,
1506 1313 1591 1348 ipsum
1601 1313 1686 1340 solum
1698 1320 1858 1342 assumeret.

1065 1360 1104 1386 Ob
1119 1359 1198 1394 idque
1212 1365 1266 1387 tum
1283 1360 1398 1394 denique
1424 1360 1508 1394 ipsum
1536 1360 1695 1394 interrogat,
1721 1367 1781 1387 cum
1803 1361 1858 1394 jam

1065 1406 1115 1432 soli
1128 1410 1228 1438 essent,
1239 1413 1289 1432 nec
1300 1405 1441 1440 quisquam
1455 1413 1485 1433 ea
1499 1413 1558 1440 qum
1569 1405 1725 1432 dicebautur
1738 1406 1858 1433 audiret:

1066 1455 1138 1478 tanta
1165 1452 1238 1486 pueri
1255 1451 1394 1486 prudentia
1410 1456 1477 1478 erat.
1502 1452 1599 1478 Annon
1621 1459 1724 1483 onmes,
1742 1457 1793 1479 tam
1809 1453 1858 1479 viri

1066 1506 1145 1533 quam
1168 1506 1279 1530 uxores,
1306 1497 1475 1525 incaluistis?
1498 1505 1586 1524 annon
1611 1498 1791 1533 unusquisque
1815 1506 1860 1525 ve—

1065 1549 1149 1572 strum
1166 1552 1277 1579 puerum
1294 1545 1368 1571 illum
1382 1544 1471 1571 animo
1485 1543 1683 1579 complectitur,
1704 1548 1731 1571 ct
1744 1552 1859 1572 exoscu-

1066 1591 1146 1623 latur,
1173 1590 1394 1625 prudentiamque
1418 1590 1539 1625 suscipit,
1554 1595 1634 1626 atque
1658 1590 1742 1625 ipsius
1761 1590 1860 1626 pietate

1066 1640 1260 1669 commovetur,
1277 1644 1329 1671 qua
1351 1636 1431 1663 fiebat
1451 1641 1490 1668 ut,
1507 1644 1567 1663 cum
1589 1637 1669 1663 etiam
1689 1636 1861 1672 colligeretur

1066 1689 1097 1709 ac
1110 1689 1175 1717 rogo
1189 1683 1382 1717 imponeretur,
1396 1689 1448 1709 non
1465 1687 1537 1710 metu
1550 1687 1739 1710 coneuteretur
1753 1690 1802 1710 nec
1812 1690 1857 1710 rc-

1066 1728 1151 1755 silirct
1166 1735 1214 1755 nec
1228 1732 1330 1763 patrem
1345 1733 1374 1755 ut
1389 1728 1479 1756 furore
1494 1729 1623 1763 percitum
1637 1733 1793 1761 accusaret;
1810 1736 1858 1756 ve—

1066 1782 1125 1801 rum
1146 1778 1173 1801 et
1187 1774 1300 1801 vinculis
1320 1774 1515 1809 astringerctur
1527 1778 1555 1802 et
1576 1774 1715 1802 tolleretur
1727 1782 1757 1801 ac
1773 1774 1858 1809 impo-

1067 1825 1185 1854 neretur,
1199 1824 1357 1855 cunctaque,
1367 1821 1440 1848 velut
1454 1828 1539 1856 agnus
1549 1820 1689 1856 quispiam,
1703 1821 1746 1849 vel
1760 1822 1859 1856 potius,

1067 1873 1096 1895 ut
1110 1867 1259 1895 communis
1273 1868 1392 1895 omnium
1407 1868 1552 1900 Dominus,
1569 1868 1676 1896 silentio
1696 1868 1798 1896 ferret?
1814 1869 1862 1896 Et-

1070 1915 1141 1941 enim
1154 1914 1225 1941 illius
1236 1913 1466 1941 mansuetudinem
1482 1913 1643 1946 imitabatur,
1654 1921 1685 1941 ac
1697 1914 1807 1950 figuram
1822 1920 1862 1941 tc-

1068 1960 1158 1987 nebat.
1174 1960 1316 1993 Tamquam
1330 1961 1383 1986 ovis
1396 1960 1479 1991 enim.
1491 1961 1586 1995 inquit,
1603 1961 1639 1987 ad
1653 1962 1803 1988 occisionem
1816 1962 1863 1987 du-

1068 2011 1123 2033 ctus
1137 2011 1184 2039 est,
1203 2011 1225 2033 et
1250 2006 1322 2041 quasi
1343 2015 1424 2041 agnus
1446 2014 1531 2033 coram
1553 2007 1672 2034 tondente
1694 2015 1720 2034 se
1740 2007 1863 2034 obmutuit

1069 2052 1145 2088 (fsai.
1160 2052 1250 2088 55.7).
1262 2052 1342 2087 Atqui
1357 2052 1481 2087 loquutus
1496 2052 1613 2085 estiste;
1630 2060 1691 2080 nam
1701 2057 1727 2080 et
1736 2053 1863 2081 Dominus

1069 2106 1175 2134 quoque
1200 2099 1283 2133 ipsius
1303 2099 1428 2133 loquutus
1455 2103 1496 2126 est
1518 2106 1657 2134 :quonam
1683 2099 1763 2134 igitur
1784 2099 1864 2126 modo

1069 2144 1222 2172 obmutuit?
1236 2144 1292 2172 Hoc
1306 2149 1359 2178 est,
1375 2144 1440 2171 nihil
1454 2152 1593 2180 arrogans,
1610 2145 1676 2172 nihil
1692 2153 1817 2180 asperum
1829 2145 1865 2171 lo-

1069 2196 1168 2226 quutus
1181 2196 1232 2224 est,
1245 2191 1292 2218 sed
1305 2191 1402 2218 blanda
1418 2191 1508 2218 omnia
1522 2196 1550 2219 et
1564 2197 1721 2225 mansueta;
1737 2199 1768 2219 ac
1783 2192 1864 2219 verba

1070 2237 1126 2271 ipsa
1142 2237 1200 2272 plus
1222 2237 1436 2264 mansuetudinis
1455 2244 1510 2272 pra:
1531 2244 1560 2264 se
1580 2236 1719 2270 ferebant,
1741 2245 1820 2272 quam
1841 2237 1864 2263 si

1071 2285 1207 2312 tacuisset.
1224 2283 1445 2318 Quandoquidem
1464 2284 1545 2311 etiam
1559 2282 1682 2312 Christus
1700 2283 1814 2317 dicebat,
1835 2283 1865 2311 Si

1070 2331 1136 2358 male
1150 2331 1267 2364 loquutus
1282 2339 1338 2357 sunt
1350 2351 1358 2364 ,
1375 2330 1542 2358 testimonium
1561 2330 1664 2366 per/tibe
1683 2330 1714 2356 de
1736 2330 1825 2362 malo;
1844 2330 1866 2356 si

1070 2382 1154 2404 autem
1170 2378 1239 2410 bene,
1256 2377 1316 2411 quid
1337 2385 1376 2404 me
1397 2377 1474 2404 mdis
1491 2376 1580 2411 (Joan.
1595 2376 1639 2403 18.
1655 2376 1718 2411 25)?
1735 2380 1762 2403 et
1776 2381 1864 2403 tamen

1070 2424 1110 2451 sic
1126 2422 1359 2450 mansuetudinem
1374 2429 1450 2449 suam
1465 2423 1549 2457 magis
1562 2422 1724 2453 declaravit,
1745 2429 1824 2456 quam
1844 2422 1866 2449 si

1070 2470 1178 2497 silentio
1192 2476 1255 2496 usus
1270 2468 1373 2496 fuisset.
1391 2468 1425 2496 Et
1439 2473 1468 2495 ut
1484 2467 1527 2495 hic
1541 2468 1608 2503 patri
1621 2476 1653 2496 ex
1667 2468 1757 2501 altari,
1773 2468 1813 2495 sic
1823 2468 1868 2496 ille

1071 2516 1150 2543 etiam
1167 2523 1182 2543 e
1201 2522 1281 2542 cruce
1303 2515 1429 2550 loquitur,
1447 2514 1536 2546 Pater,
1555 2514 1653 2541 dimitte
1665 2513 1731 2548 illis,
1745 2514 1804 2548 quia
1821 2522 1868 2541 ne-

1071 2563 1153 2590 sciunt
1166 2562 1227 2597 quid
1240 2563 1337 2597 faciunt
1353 2560 1429 2597 (Luc.
1445 2561 1491 2588 23.
1504 2561 1560 2595 34;.
1582 2560 1651 2593 Quid
1671 2560 1751 2595 igitur
1769 2559 1802 2587 ad
1817 2560 1867 2587 ista

1072 2609 1243 2645 patriarcha?
1259 2608 1331 2636 Deus
1344 2608 1480 2644 providebit
1495 2609 1541 2635 sibi
1558 2608 1685 2635 victimam
1698 2608 1724 2635 in
1743 2608 1867 2635 Italocau-

1072 2661 1150 2690 stum,
1165 2656 1202 2690 ﬁli
1214 2655 1292 2691 (Gen.
1307 2655 1353 2682 22.
1368 2654 1528 2690 8).Uterquc
1542 2660 1643 2682 natura:
1651 2655 1780 2683 vocabula
1791 2662 1869 2682 usur-

1071 2708 1118 2738 pat
1130 2712 1136 2730 :
1153 2703 1198 2730 ille
1213 2702 1330 2735 Patrem,
1344 2702 1388 2729 hic
1400 2701 1482 2728 filium
1495 2706 1581 2728 vocat.
1595 2702 1635 2728 Ac
1645 2709 1725 2736 grave
1734 2701 1869 2734 utrimque

1072 2749 1172 2777 bellum
1187 2748 1329 2780 excitatur,
1345 2753 1425 2782 atque
1438 2747 1532 2781 ingens
1549 2751 1713 2782 tempestas;
1737 2753 1867 2780 nusquam

1073 2801 1162 2823 tamen
1185 2794 1350 2829 naufragium
1366 2801 1373 2820 :
1395 2792 1563 2828 philosophia
1579 2794 1651 2820 enim
1667 2792 1757 2819 omnia
1774 2791 1866 2819 vincit.

1073 2841 1173 2869 Deinde
1188 2846 1216 2868 ut
1230 2841 1276 2868 Dei
1298 2847 1396 2867 nomen
1413 2839 1525 2872 audivit,
1543 2840 1645 2868 nullum
1666 2839 1737 2866 ultra
1755 2840 1867 2866 verbum

1073 2888 1184 2920 addidit,
1198 2894 1248 2915 nec
1258 2886 1390 2914 curiosius
1403 2886 1541 2921 inquisivit
1554 2895 1561 2912 :
1577 2893 1660 2920 usque
1670 2885 1738 2913 adeo
1752 2885 1870 2920 prudens

1074 2939 1131 2963 erat
1147 2934 1189 2961 hic
1203 2941 1277 2970 puer,
1294 2933 1373 2969 idque
1393 2933 1420 2960 in
1441 2933 1497 2967 ipso
1511 2932 1596 2961 anatis
1611 2931 1686 2960 flore.
1710 2931 1792 2959 Vides
1805 2937 1869 2967 quot
