4068 6434
420 439 525 498 MS

422 559 598 614 πάντα
629 557 692 630 τῇ
723 556 930 611 ἐκείνου
949 559 1099 630 φωνῇ
1130 558 1460 631 διηκόνηται.
1484 562 1685 616 Σκόπει
1704 561 1761 614 δέ
1781 579 1794 594 ο
1828 557 1984 627 Εἷπε,

419 649 650 720 Σφάξον,
683 650 778 702 καὶ
839 648 1041 712 εὐθέως
1081 649 1349 714 ὡπλίζετο
1374 667 1388 680 ·
1432 647 1574 716 εἷπε,
1621 654 1713 724 Μή
1758 653 1986 726 σφάξῃς,

420 745 512 797 καὶ
541 743 742 805 εὐθέως
783 741 1151 811 ἀφωπλίζετο·
1196 744 1290 798 καὶ
1322 743 1429 815 γὰρ
1458 739 1525 815 ἦν
1551 745 1726 800 πάντα
1757 746 1989 816 ἀπηρτι-

421 833 613 904 σμένα.
665 834 769 886 Kal
816 833 1022 886 ἐδείκνυ
1075 834 1261 888 λοιπὸν
1288 837 1315 888 6
1361 835 1494 899 Θεὸς
1522 835 1612 890 τὸν
1649 835 1988 908 στρατιώτην

417 928 512 980 καὶ
552 926 858 998 στρατηγὸν
915 929 982 997 τῇ
1023 927 1344 1001 οἰκουμένῃ,
1399 928 1492 981 τὸν
1542 928 1870 999 στεφανίτην
1909 928 1988 999 τῷ

417 1018 630 1089 θεάτρῳ
658 1018 766 1072 τῶν
815 1019 1086 1087 ἀγγέλων,
1119 1019 1210 1073 τὸν
1243 1021 1413 1091 ίερέα,
1458 1021 1549 1074 τὸν
1603 1019 1848 1090 βασιλέα,
1895 1019 1987 1072 τὸν

413 1111 740 1181 διαδήματος
789 1111 985 1181 μᾶλλον
1018 1114 1084 1182 τῇ
1119 1112 1363 1184 μαχαίρᾳ
1405 1111 1860 1182 στεφανούμενον,
1896 1110 1982 1165 τὸν

414 1186 797 1274 τροπαιοῦχον,
831 1203 922 1256 τὸν
977 1204 1228 1276 ἀριστέα,
1264 1204 1356 1256 τὸν
1401 1206 1571 1275 χωρὶς
1601 1203 1876 1273 συμϐολῆς
1905 1221 1985 1256 νιε-

416 1297 609 1368 κητήν.
638 1296 748 1349 Καὶ
785 1296 894 1365 γάρ
929 1294 1116 1368 ὥσπερ
1145 1296 1211 1350 ἀν
1237 1279 1300 1348 εἷ’
1322 1314 1405 1359 τις
1435 1297 1736 1366 στρατηγὸς
1762 1296 1984 1366 ἄριστον

415 1387 554 1456 ἔχων
587 1384 946 1458 στρατιώτην,
973 1386 1082 1440 ἀπὸ
1103 1387 1203 1458 τῆς
1227 1385 1560 1452 όπλοδεξιᾶς,
1591 1386 1701 1440 ἀπὸ
1729 1387 1827 1458 τῆς
1852 1386 1985 1439 στά-

415 1493 576 1542 σεως,
599 1477 710 1531 ἀπὸ
752 1477 850 1546 τῆς
905 1477 1095 1547 ῥώμης
1131 1476 1495 1547 καταπλήξειε
1543 1479 1636 1531 τὸν
1678 1478 1982 1532 ἀντίδικον·

411 1557 672 1621 οὕτωκαὶ
716 1568 745 1620 6
784 1567 936 1632 Θεὸς,
975 1568 1082 1622 ἀπὸ
1106 1567 1208 1638 τῆς
1232 1567 1478 1639 γνώμης,
1507 1569 1726 1622 ἀπὸτοῦ
1765 1570 1982 1640 σχήμα-

411 1675 522 1726 τος,
553 1659 663 1712 ἀπὸ
685 1660 784 1730 τῆς
814 1659 1057 1724 στάσεως
1097 1659 1264 1731 μόνης
1295 1660 1388 1714 τοῦ
1417 1661 1629 1714 δικαίου
1669 1661 1757 1714 τὸν
1807 1663 1984 1716 κοινὸν

413 1751 668 1805 ἀπάντων
689 1751 848 1822 ήμῶν
877 1751 1069 1822 ἐχθρὸν
1101 1751 1349 1806 διάϐολον
1377 1751 1684 1823 κατέπληξε
1714 1753 1810 1808 καὶ
1847 1755 1983 1823 ἐφυ-

409 1843 657 1911 γάδευσε.
674 1843 783 1898 Kal
805 1843 914 1914 7&9
933 1839 1084 1912 οἶμαι
1117 1845 1368 1898 κάκεῖνον
1396 1845 1517 1898 τότε
1559 1845 1822 1915 φρίξαντα
1847 1847 1982 1900 ἀνα-

409 1937 677 2007 χωρῆσαι.
731 1937 793 1990 Εί
841 1936 899 1990 δὲ
945 1937 1094 2005 λέγοι
1131 1953 1238 2001 τις·
1299 1936 1413 1991 Kal
1459 1937 1605 2002 τίνος
1656 1938 1843 1992 ἕνεκεν
1880 1939 1982 1992 οὐκ

409 2030 559 2082 εἴασε
591 2029 953 2101 βαπτισθῆναι
973 2029 1072 2100 τὴν
1097 2028 1298 2095 δεξιάν,
1325 2026 1445 2084 εἶτα
1477 2031 1673 2102 ἀθρόον
1712 2032 1979 2102 ἀνέστησε

407 2119 499 2172 τὸν
524 2119 956 2189 σφαγιασθέντας
991 2121 1112 2174 Ὅτι
1159 2120 1280 2192 Θεῷ
1309 2121 1472 2191 θέμις
1505 2123 1605 2176 οὐκ
1653 2118 1722 2195 ἦν
1771 2123 1982 2194 αἵματα

405 2209 656 2281 δέχεσθαι
685 2211 932 2275 τοιαῦτα,
953 2211 1090 2265 ἀλλά
1119 2210 1268 2283 [452]
1297 2212 1614 2284 ἀλαστόρων
1649 2213 1920 2285 δαιμόνων
1943 2216 1978 2286 ή

405 2301 626 2374 τοιαύτη
662 2302 930 2374 τράπεζα.
958 2303 1221 2357 Ἐνταῦθα
1252 2304 1310 2357 δέ
1350 2304 1638 2376 ἀμφότερα
1678 2306 1976 2374 ἐδείκνυτο,

405 2395 502 2446 καὶ
529 2394 564 2464 ή
591 2391 682 2445 τοῦ
713 2395 984 2447 Δεσπότου
1031 2392 1414 2464 φιλανθρωπία
1453 2395 1547 2447 καὶ
1583 2395 1615 2465 ή
1657 2395 1752 2447 τοῦ
1790 2394 1978 2448 δούλου

405 2483 813 2555 εὐγνωμοσύνη.
836 2484 946 2537 Kal
969 2483 1234 2554 πρότερον
1254 2483 1352 2554 μὲν
1367 2482 1588 2554 ἐξῆλθεν
1609 2483 1715 2536 ἀπὸ
1728 2484 1827 2554 τῆς
1852 2484 1977 2554 γῆς·

403 2577 527 2631 τότε
575 2577 632 2630 δὲ
666 2577 773 2632 ἀπὸ
807 2579 907 2648 τῆς
932 2575 1150 2646 φύσεως
1183 2576 1353 2644 αὐτῆς
1387 2575 1725 2648 ἀνεχώρησε.
1756 2575 1848 2628 Διὸ
1883 2575 1979 2629 καὶ

404 2667 564 2722 ἔλαϐε
595 2669 734 2738 μετά
767 2664 930 2720 τόκου
959 2665 1020 2719 τὸ
1046 2665 1363 2736 κεφάλαιον·
1395 2666 1490 2720 καὶ
1532 2667 1678 2737 μάλα
1711 2664 1938 2728 είκότως
1959 2679 1974 2694 ·

402 2759 578 2814 εἵλετο
611 2758 720 2830 7&9
756 2761 832 2829 μὴ
861 2758 1130 2829 κληθῆναι
1155 2757 1360 2830 πατὴρ,
1395 2757 1536 2812 ὥστε
1565 2757 1750 2821 δοῦλος
1774 2755 1978 2825 εὐγνώο

405 2868 522 2922 μων
553 2853 810 2922 φανῆναι.
864 2850 964 2904 Διά
997 2849 1158 2904 τοῦτο
1210 2850 1331 2920 οὐχὶ
1382 2849 1562 2921 πατὴρ
1607 2849 1790 2920 μόνον,
1839 2847 1978 2903 ἀλλά

401 2944 498 2998 καὶ
527 2943 703 3014 ἱερεὺς
731 2940 972 3010 ἐγίνετο·
1004 2941 1100 2996 καὶ
1143 2942 1330 3012 ἐπειδὴ
1374 2941 1586 3012 ἀπέστη
1632 2940 1741 2994 τῶν
1779 2939 1975 2995 ἐαυτοῦ

400 3035 491 3089 διά
513 3036 604 3090 τὸν
626 3035 778 3100 Θεὸν,
810 3034 900 3089 διὰ
923 3036 1084 3090 τοῦτο
1121 3037 1216 3089 καὶ
1243 3037 1272 3090 6
1300 3034 1431 3098 Θεὸς
1455 3033 1596 3105 μετά
1623 3034 1830 3088 τούτων
1859 3035 1978 3104 ἐχα⁶

404 3128 593 3200 ρίσατο
623 3127 771 3200 αὐτῷ
798 3128 892 3182 καὶ
916 3127 984 3182 τά
1013 3127 1200 3182 αὐτοῦ.
1230 3127 1403 3180 Ὅταν
1451 3125 1551 3197 μὲν
1587 3123 1681 3180 οὖν
1724 3126 1976 3197 πολέμιοι

400 3219 814 3286 ἐπιϐουλεύωσι,
845 3220 938 3273 καὶ
965 3220 1128 3292 μέχρι
1147 3219 1247 3291 τῆς
1269 3219 1468 3291 πείρας
1490 3219 1705 3290 πρόεισι
1727 3217 1975 3288 θαυματ-

398 3311 614 3385 ουργῶν
635 3327 651 3344 ·
716 3307 828 3367 οἷον
873 3313 968 3366 ἐπὶ
999 3313 1100 3384 τῆς
1139 3312 1398 3382 καμίνου,
1439 3311 1536 3364 καὶ
1573 3309 1684 3364 τῶν
1709 3308 1974 3363 λεόντων⁹

397 3405 528 3458 ὅταν
565 3403 623 3456 δέ
647 3403 810 3467 αὐτὸς
843 3403 1131 3476 ἐπιτάττῃ,
1162 3401 1327 3476 μέχρι
1355 3401 1668 3475 προθυμίας
1701 3401 1885 3474 ἵστησι
1913 3401 1975 3456 τὸ

397 3495 702 3568 ἐπίταγμα.

470 3674 618 3740 (CT!
643 3674 752 3748 7&9
777 3673 1008 3740 ἔλειπεν,
1031 3673 1154 3728 εἰπέ
1175 3689 1291 3745 μοι,
1307 3673 1373 3744 τῇ
1397 3671 1649 3744 ἀριστείᾳ
1669 3670 1840 3744 ταύτῃ
1861 3669 1975 3723 λοι-

400 3768 535 3834 πόνς
565 3767 638 3840 μή
670 3767 780 3840 γὰρ
807 3767 1028 3838 προῄδει
1049 3765 1111 3819 τδ
1137 3765 1330 3837 μέλλον
1360 3765 1390 3818 6
1431 3764 1718 3834 Ἀϐραάμς
1752 3763 1828 3834 μὴ
1865 3763 1975 3834 γάρ

399 3861 845 3933 ἐπραγματεύετο
871 3860 965 3914 τοῦ
993 3859 1128 3913 Θεοῦ
1150 3859 1250 3929 τὴν
1280 3855 1726 3929 φιλανθρωπίαν;
1761 3857 1825 3910 Εί
1863 3855 1974 3927 7&9

397 3952 494 4006 καὶ
527 3953 810 4025 προφήτης
849 3946 938 4020 ἦν,
971 3947 1086 4002 ἀλλ’
1118 3948 1179 4002 οὐ
1209 3948 1388 4002 πάντα
1427 3949 1457 4001 6
1491 3949 1778 4018 προφήτης
1809 3943 1968 4002 οἶδεν.

399 4046 562 4098 Ὥστε
597 4043 825 4116 περιττὴ
848 4041 1034 4096 λοιπὸν
1058 4039 1125 4116 ἦν
1157 4043 1192 4115 ἡ
1223 4041 1423 4113 σφαγή,
1462 4041 1558 4095 xal
1595 4040 1789 4105 ἀναξία
1813 4039 1967 4097 Θεοῦ.

396 4139 461 4194 El
482 4137 540 4192 δέ
571 4136 677 4190 εδει
714 4137 926 4208 μαθεῖν,
959 4137 1040 4191 ὅτι
1075 4137 1140 4189 ἐκ
1172 4137 1383 4207 νεκρῶν
1417 4135 1651 4206 ἐγείρειν
1680 4134 1904 4199 δυνατὸς
1942 4136 1971 4188 6

395 4229 548 4293 Θεὸς,
581 4228 688 4282 ἀπὸ
731 4229 830 4298 τῆς
859 4227 1075 4299 μήτρας
1123 4227 1305 4298 πολλῷ
1338 4226 1777 4300 θαυμαστότερον
1813 4227 1972 4282 τοῦτο

397 4321 587 4394 ἔμαθε·
631 4320 831 4394 μᾶλλον
861 4322 941 4386 δὲ,
973 4321 1066 4376 καὶ
1110 4321 1216 4393 πρὸ
1243 4320 1344 4392 τῆς
1367 4321 1697 4386 ἀποδείξεως
1730 4319 1966 4392 ἐκείνης·

397 4415 584 4478 πιστὸς
605 4415 715 4485 γάρ
743 4410 834 4486 ἦν.
867 4414 938 4467 Σὺ
970 4413 1027 4468 δέ
1054 4411 1129 4486 μὴ
1151 4412 1396 4486 θαύμαζε
1423 4413 1513 4467 τὸν
1540 4413 1746 4468 δίκαιον
1785 4413 1967 4484 μόνον,

393 4507 528 4561 ἀλλά
555 4508 647 4562 καὶ
677 4508 861 4579 ζήλου·
909 4508 1003 4561 καὶ
1027 4507 1169 4576 όρῶν
1207 4507 1371 4560 αὐτὸν
1399 4507 1456 4559 ἐν
1483 4505 1721 4577 τοσούτῳ
1755 4505 1970 4577 θορύϐῳ

395 4597 490 4650 καὶ
530 4595 669 4670 ζάλῃ
699 4597 981 4668 κυμάτων,
1025 4595 1100 4659 ὼς
1141 4597 1199 4649 ἐν
1223 4596 1434 4669 γαλήνῃ
1465 4595 1721 4662 πλέοντα,
1765 4596 1968 4668 ὁμοίως

394 4688 489 4741 καὶ
513 4689 578 4742 σὺ
603 4688 984 4759 μεταχειρίζου
1007 4687 1106 4758 τῆς
1131 4688 1376 4759 ὑπακοῆς
1401 4689 1610 4760 καὶτῆς
1632 4689 1885 4759 ἀνδρείας
1907 4689 1969 4746 τὸ

395 4780 676 4851 πηδάλιον.
706 4780 800 4850 Μή
819 4784 928 4852 γάρ
965 4798 1053 4850 μοι
1077 4779 1235 4833 τοῦτο
1262 4781 1426 4853 είπῃς
1459 4779 1640 4850 μόνον,
1668 4781 1752 4834 ὅτι
1779 4780 1970 4838 θυσια-

396 4873 618 4944 στήριον
645 4873 988 4945 ᾠκοδόμησε,
1019 4872 1116 4926 καὶ
1141 4872 1210 4925 τὰ
1239 4871 1394 4939 ξύλα·
1428 4873 1564 4926 ἀλλά
1587 4873 1968 4948 ἀναμνήσθητι
1991 4899 2013 4946 χ

2002 4955 2010 4962 ’
2040 5023 2048 5036 ⁸
2073 4962 2287 5033 φύσεως
2316 4961 2591 5016 καλοῦσιν·
2627 4965 2830 5029 ἐκεῖνος
2857 4967 3095 5036 Πατέρα,
3133 4971 3226 5020 καὶ
3253 4968 3442 5024 τέκνον
3472 4961 3648 5034 οὗτος.

393 4966 490 5019 καὶ
527 4967 624 5037 τῆς
656 4969 839 5038 φωνῆς
862 4966 956 5020 τοῦ
986 4967 1221 5034 παιδίου,
1254 4968 1350 5022 καὶ
1373 4966 1588 5035 λόγισαι
1621 4967 1785 5020 πόσαι
1811 4967 1969 5036 νιφά-

391 5062 480 5124 δες
514 5060 750 5131 ἐπῆλθον
781 5060 928 5130 αὐτῷ
978 5060 1354 5131 στρατοπέδων
1393 5059 1833 5130 ἐκδειματοῦσαι,
1880 5060 1970 5114 ὅτε

391 5155 593 5226 ήκουσε
624 5154 719 5208 τοῦ
747 5155 959 5208 παιδίου
1001 5155 1249 5223 λέγοντος
1284 5157 1312 5208 6
1334 5157 1539 5228 πατήρ·
1578 5156 1649 5209 Τὸ
1673 5155 1970 5224 πρόϐατον

393 5247 547 5314 ποῦ;
572 5249 825 5318 ἐννόησον
865 5247 1020 5301 πόσοι
1063 5247 1185 5300 τότε
1225 5249 1556 5319 ἐκινήθησαν
1598 5247 1870 5320 λογισμοὶ,
1904 5247 1964 5301 οὐ

395 5340 618 5410 σιδήρῳ,
675 5339 811 5394 ἀλλά
864 5338 1137 5408 φλογίνοις
1190 5339 1410 5410 δόρασιν
1459 5338 1814 5408 ὡπλισμένοι,
1873 5339 1967 5391 καὶ

393 5429 658 5482 πάντοθεν
686 5427 1140 5491 κατακεντοῦντες
1160 5426 1320 5480 αὐτὸν
1345 5427 1438 5480 καὶ
1471 5425 1872 5496 διατέμνοντες.
1905 5426 1967 5479 Εἰ

391 5521 497 5594 γὰρ
535 5522 629 5575 καὶ
675 5519 770 5574 νῦν
821 5519 1201 5574 κατακλῶνται
1250 5518 1436 5571 πολλοὶ
1476 5520 1569 5572 καὶ
1618 5519 1693 5588 μὴ
1726 5516 1962 5588 πατέρες

390 5612 562 5676 ὄντες,
607 5611 702 5666 καὶ
729 5611 1055 5682 ἐδάκρυσαν,
1089 5613 1138 5664 εί
1167 5611 1242 5682 μὴ
1274 5611 1333 5664 τὸ
1365 5611 1518 5674 τέλος
1553 5609 1794 5681 ᾔδεισαν·
1833 5609 1960 5662 πολ-

390 5703 514 5768 λοὺς
549 5705 628 5769 δέ,
672 5703 848 5760 καίτοι
896 5702 1055 5756 τοῦτο
1105 5703 1336 5765 εἰδότας,
1381 5701 1716 5772 δακρύοντας
1744 5701 1874 5770 ὁρῶ·
1911 5701 1966 5754 τί

391 5797 621 5866 πάσχειν
648 5798 853 5850 ἐκεῖνον
887 5795 1032 5857 εἰκὸς
1056 5790 1144 5865 ἦν,
1169 5794 1260 5846 τὸν
1287 5795 1452 5848 αὐτὸν
1483 5795 1838 5864 γεννήσαντα,
1869 5794 1962 5846 τὸν

393 5889 688 5962 θρέψαντα.
715 5891 806 5945 τὸν
833 5891 892 5942 ἐν
934 5889 1103 5960 γήρα,
1146 5888 1236 5940 τὸν
1273 5887 1434 5957 μόνον
1465 5888 1658 5957 ἔχοντα
1693 5885 1953 5951 τοιοῦτον,

1456 448 1523 504 ΙΝ
1566 448 1786 506 EPIST.
1820 448 1864 503 11
1901 449 1992 504 AD
2032 448 2190 505 εοιι.
2233 449 2466 509 HOMIL.
2501 450 2590 509 111.

3555 461 3660 517 416

2091 559 2185 614 τὸν
2211 561 2442 633 ὁρῶντα,
2469 562 2560 616 τὸν
2593 556 2880 640 ἀκούοντα,
2908 565 3001 620 τὸν
3023 566 3226 633 εὐθέως
3266 570 3523 640 μέλλοντα
3564 576 3662 626 ἀν-

2090 655 2296 723 αιρεῖν;
2320 654 2403 717 τίς
2430 656 2463 726 ή
2493 656 2707 720 σύνεσις
2748 657 2857 711 τῶν
2882 660 3171 730 ρημάτωνς
3199 663 3282 725 τίς
3322 666 3353 734 ή
3390 665 3664 721 ἐπιείκεια

2089 747 2187 816 τῆς
2209 747 2486 814 πεύσεως;
2526 751 2621 814 Τίς
2646 753 2753 822 ἄρα
2787 753 2815 803 ὁ
2848 754 3082 824 ἐνεργῶν
3107 797 3123 821 ,
3159 757 3187 808 6
3211 756 3474 821 διάϐολος,
3520 759 3661 812 ὥστε

2089 836 2368 908 ἐμπρῆσαι
2400 837 2498 911 τήν
2536 840 2732 909 φύσιν;
2772 843 2864 914 Μὴ
2898 843 3130 912 γένοιτο,
3167 845 3280 898 ἀλλ’
3319 849 3348 899 6
3383 847 3535 912 Θεὸς,
3576 851 3663 902 ἵνα

2091 927 2293 995 μᾶλλον
2334 928 2602 1002 βασανίσῃ
2641 934 2741 1003 τὴν
2796 934 3003 1006 χρυσῆν
3059 934 3152 988 τοῦ
3202 936 3411 991 δικαίου
3459 941 3657 1011 ψυχήν.

2090 1018 2259 1073 Ὅταν
2291 1020 2390 1090 μὲν
2421 1021 2528 1093 γὰρ
2558 1025 2592 1092 ή
2621 1025 2760 1094 γυνὴ
2785 1024 3090 1096 φθέγγηται
3122 1027 3217 1080 τοῦ
3250 1029 3390 1094 Ἰὼϐ,
3419 1031 3662 1096 διάϐολος

2087 1112 2318 1181 ἐνεργεῖ·
2367 1113 2593 1184 τοιαύτη
2634 1114 2740 1185 7&9
2783 1117 2817 1182 ή
2859 1117 3166 1191 συμϐουλή·
3214 1115 3366 1184 οὗτος
3407 1122 3464 1175 δέ
3508 1123 3660 1176 οὐδὲν

2091 1200 2408 1279 βλάσφημον
2435 1205 2754 1275 φθέγγεται,
2788 1208 2925 1262 ἀλλά
2958 1211 3052 1263 καὶ
3080 1211 3285 1283 σφόδρα
3313 1213 3533 1278 εὐσεϐὲς
3563 1217 3662 1268 καὶ

2090 1297 2589 1365 μεμεριμνημένον·
2637 1298 2731 1351 καὶ
2783 1299 3020 1371 πολλὴή
3069 1303 3226 1372 χάρις
3273 1305 3495 1376 ἐπήνθει
3543 1310 3654 1372 τοῖς

2087 1384 2317 1454 ῥήμασι,
2344 1387 2476 1440 πολὺ
2503 1387 2565 1440 τὸ
2604 1389 2727 1459 μέλι
2749 1390 2858 1444 τῶν
2882 1391 3055 1460 λόγων
3087 1394 3389 1459 ἀπέσταξεν
3417 1397 3524 1450 ἀπὸ
3558 1415 3659 1466 γα-

2085 1473 2252 1547 λήνης
2299 1477 2395 1530 καὶ
2429 1478 2636 1550 ήμέρου
2683 1481 2804 1551 ῥέον
2846 1482 3043 1554 ψυχῆς·
3097 1486 3190 1539 καὶ
3234 1487 3442 1551 λιθίνην
3501 1491 3661 1545 ἱκανά

2084 1563 2260 1619 ταῦτα
2286 1561 2355 1636 ἦν
2389 1568 2627 1637 μαλάξαι
2674 1570 2912 1627 διάνοιαν
2947 1573 3097 1647 [453]
3133 1577 3200 1629 τά
3242 1579 3481 1647 ῥήματα.
3521 1581 3661 1633 Ἀλλ’

2083 1655 2144 1706 οὐ
2175 1654 2265 1707 τὸν
2291 1656 2573 1727 ἀδάμαντα
2601 1659 2807 1712 ἐκεῖνον
2833 1663 3213 1733 περιέτρεψεν,
3234 1663 3351 1716 ἀλλ’
3372 1665 3492 1717 οὐδὲ
3519 1665 3660 1720 ἔσει-

2087 1759 2200 1807 σεν,
2221 1744 2343 1797 οὐδὲ
2373 1742 2516 1799 εἷπε·
2550 1745 2614 1800 Τί
2643 1747 2854 1820 πατέρα
2875 1749 3060 1814 καλεῖς
3086 1751 3180 1805 τὸν
3211 1751 3408 1822 μικρὸν
3435 1751 3660 1824 ὕστερον

2084 1838 2184 1890 οὐκ
2213 1837 2473 1909 ἐσόμενόν
2523 1857 2617 1892 σου
2653 1841 2890 1910 πατέρα,
2926 1841 3018 1895 τὸν
3062 1843 3162 1914 ήδη
3207 1843 3414 1913 ταύτην
3462 1845 3660 1898 ἀπολέ-

2087 1943 2257 1982 σαντα
2288 1929 2388 2000 τὴν
2411 1931 2577 2001 τιμήν
2599 1949 2613 1997 ;
2640 1932 2796 1996 Τίνος
2814 1933 2870 1985 δέ
2899 1933 3082 1987 ἕνεκεν
3114 1936 3206 1988 καὶ
3235 1939 3264 1989 ό
3287 1939 3416 2000 παῖς
3441 1938 3654 2008 ἐρωτᾷς

2084 2020 2158 2072 Οὐ
2197 2021 2698 2093 περιεργαζόμενος
2743 2024 2930 2088 ἁπλῶς
2977 2025 3098 2078 οὐδέ
3157 2026 3655 2097 πολυπραγμονῶν,

2083 2111 2197 2164 ἀλλ’
2225 2113 2474 2181 ἀγωνιῶν
2507 2115 2647 2187 ὺπέρ
2671 2115 2781 2169 τῶν
2811 2119 3211 2188 προκειμένων.
3252 2120 3363 2171 Kal
3417 2121 3524 2191 7&9
3569 2123 3658 2172 ἐν-

2088 2203 2365 2272 ενόειιὸτι,
2392 2207 2441 2259 εί
2477 2207 2551 2278 μή
2581 2207 2832 2262 ἐϐούλετο
2860 2209 3044 2263 λαϐεῖν
3081 2211 3334 2265 κοινωνὸν
3368 2211 3476 2264 τῶν
3510 2229 3659 2281 γινο-

2085 2295 2282 2366 μένων,
2305 2298 2408 2351 οὐκ
2431 2298 2497 2352 ἂν
2526 2299 2653 2364 τοὺς
2687 2302 2787 2370 μέν
2820 2303 3013 2366 παῖδας
3046 2303 3224 2375 ἀφῆκε
3263 2305 3413 2358 κάτω
3451 2307 3652 2375 μένειν,

2080 2388 2244 2442 αὐτὸν
2273 2387 2330 2442 δέ
2353 2388 2514 2459 μόνον
2543 2391 2843 2464 παρέλαϐε.
2870 2396 2968 2447 Διά
2989 2394 3054 2466 δή
3077 2394 3234 2448 τοῦτο
3259 2395 3354 2450 καὶ
3385 2397 3472 2450 ὅτε
3502 2397 3656 2466 μόνοι

2079 2478 2356 2547 γεγόνασι,
2395 2481 2518 2534 τότε
2555 2482 2719 2537 αὐτὸν
2750 2485 2952 2555 ἐρωτᾷ,
2992 2485 3082 2539 ὅτε
3125 2487 3299 2550 οὐδεὶς
3340 2488 3505 2558 ήκουτ
3543 2489 3654 2541 τῶν

2078 2569 2407 2642 λεγομένων·
2442 2574 2678 2645 τοσαύτη
2707 2574 2801 2628 τοῦ
2831 2577 3023 2641 παιδὸς
3074 2579 3106 2647 ή
3149 2578 3360 2641 σύνεσις
3390 2575 3477 2650 ἦν.
3505 2575 3653 2650 *Αρα

2079 2662 2141 2714 οὐ
2175 2661 2601 2734 διεθερμάνθητε
2635 2663 2860 2730 πάντες,
2893 2666 2988 2719 καὶ
3013 2667 3205 2739 ἀνδρες
3245 2669 3337 2720 καὶ
3363 2671 3650 2736 γυναῖκες;

2077 2755 2200 2825 οὐχὶ
2251 2755 2480 2819 ἕκαστος
2519 2757 2674 2826 ὑμῶν
2720 2759 3152 2830 περιπτύσσεται
3197 2763 3264 2831 τῇ
3301 2760 3510 2831 διανοίᾳ
3560 2763 3656 2814 καὶ

2078 2847 2372 2918 καταφιλεῖ
2392 2848 2452 2902 τὸ
2477 2850 2710 2915 παιδίον,
2743 2851 2838 2904 καὶ
2871 2850 3140 2921 θαυμάζει
3169 2853 3267 2923 τήν
3297 2853 3531 2915 σύνεσιν,
3562 2854 3658 2906 καὶ

2079 2939 2309 2994 αἰδεῖται
2348 2939 2448 3012 τὴν
2479 2939 2788 3003 εὐλάϐειαν,
2825 2941 2943 3010 μεθ’
2972 2938 3039 3014 ἦς
3067 2944 3160 2997 καὶ
3192 2945 3655 3016 συμποδιζόμενος

2079 3031 2175 3086 καὶ
2213 3032 2306 3084 ἐπὶ
2343 3034 2456 3095 τοῖς
2496 3031 2674 3098 ξύλοις
2711 3033 3106 3104 ἐπιτιθέμενος,
3139 3036 3239 3089 οὐκ
3276 3037 3654 3108 ἐξεπλήττετο,

2078 3123 2178 3176 οὐκ
2209 3123 2457 3196 ἐσκίρτα,
2492 3124 2552 3177 οὐ
2584 3125 2958 3194 κατεγίνωσκε
2986 3128 3080 3180 τοῦ
3115 3128 3318 3199 πατρὸς
3352 3129 3427 3193 ὡς
3468 3147 3656 3200 μαινο-

2081 3215 2268 3287 μένου,
2309 3215 2446 3270 ἀλλά
2474 3218 2568 3272 καὶ
2609 3218 2890 3291 ἐδεσμεῖτο
2928 3222 3021 3274 καὶ
3049 3222 3402 3288 ἀνεϐιϐἀζετο
3436 3225 3531 3278 καὶ
3559 3228 3655 3278 ἐπ-

2079 3307 2308 3374 ετίθετο,
2341 3311 2435 3364 καὶ
2457 3311 2636 3365 πάντα
2667 3311 2831 3382 ἔφερε
2858 3317 3006 3385 σιγῇ,
3033 3315 3287 3388 καθάπερ
3313 3335 3396 3382 τις
3417 3321 3653 3388 ἀρνειὸς,

2081 3401 2284 3472 μᾶλλον
2305 3402 2386 3466 δέ,
2414 3403 2666 3476 καθάπερ
2687 3406 2716 3458 6
2750 3407 2926 3470 κοινὸς
2956 3408 3172 3462 πάντων
3197 3412 3472 3482 Δεσπότη,
3499 3432 3513 3479 ;
3543 3415 3656 3468 Ka‘.

2079 3491 2189 3564 7&9
2225 3493 2434 3547 ἐκείνου
2469 3495 2721 3566 ἐμιμεῖτο
2753 3496 2852 3568 τὴν
2881 3499 3203 3564 ἐπιείκειαν,
3237 3502 3330 3555 καὶ
3363 3503 3452 3555 τὸν
3486 3504 3655 3560 τύπον

2077 3583 2395 3654 ἐφύλαττεν·
2447 3587 2542 3652 Ὡς
2571 3588 2870 3655 πρόϐατον
2914 3589 3022 3662 γάρ
3059 3591 3156 3644 ἐπὶ
3195 3593 3442 3663 σφαγὴν
3472 3595 3654 3664 ἢχθη,

2077 3677 2172 3732 καὶ
2196 3679 2277 3744 ὠς
2300 3677 2492 3748 ἀμνὸς
2520 3679 2799 3734 ἐναντίον
2825 3682 2931 3735 τοῦ
2962 3683 3264 3752 κείροντος
3289 3687 3474 3740 αὐτὸν
3497 3689 3655 3758 ἀρω-

2075 3785 2202 3834 νος.
2243 3770 2438 3825 Καίτοι
2478 3787 2541 3838 γε
2577 3770 2874 3840 ἐφθέγξατο
2910 3767 3084 3838 οὗτος·
3117 3779 3208 3828 καὶ
3236 3777 3343 3848 7&9
3373 3780 3464 3833 καὶ
3495 3781 3522 3832 6
3559 3784 3655 3833 Δε-

2077 3861 2284 3933 σπότης
2337 3861 2502 3915 αὐτοῦ
2547 3863 2865 3931 ἐφθέγξατο·
2915 3866 3034 3931 πῶς
3075 3865 3166 3921 οὖν
3201 3869 3450 3938 ἄφωνος;
3483 3873 3652 3926 Τουτ-

2075 3951 2245 4015 έστιν,
2273 3951 2427 4005 οὐδὲν
2461 3951 2692 4017 αὔθαδες
2723 3949 2896 4020 εἶπεν,
2929 3956 3050 4008 οὐδὲ
3084 3958 3278 4027 τραχὺ,
3309 3959 3445 4014 ἀλλά
3476 3962 3654 4016 πάντα

2074 4044 2254 4115 ἥμερα
2277 4043 2369 4097 καὶ
2393 4046 2660 4117 προσηνῆ,
2686 4047 2778 4100 καὶ
2802 4047 3004 4116 μᾶλλον
3025 4049 3124 4118 τῆς
3146 4050 3305 4119 σιγῆς
3336 4053 3405 4104 τά
3427 4054 3648 4123 ῥήματα

2074 4134 2173 4206 τήν
2207 4135 2509 4190 ἐπιείκειαν
2543 4136 2752 4206 ἐδήλου.
2796 4138 2946 4190 Ἐπεὶ
2987 4141 3080 4192 καὶ
3118 4143 3146 4193 6
3177 4142 3409 4207 Χριστὸς
3436 4143 3642 4212 ἔλεγεν·

2073 4229 2146 4280 El
2185 4225 2305 4295 μὲν
2358 4225 2555 4293 κακῶς
2601 4227 2900 4296 ἐλάλησα,
2948 4233 3334 4300 μαρτύρησον
3369 4235 3503 4303 περὶ
3544 4236 3650 4291 τοῦ

2073 4318 2284 4374 κακοῦ·
2327 4320 2382 4373 εί
2435 4319 2504 4372 δὲ
2553 4319 2774 4387 καλῶς,
2801 4322 2861 4374 τί
2897 4340 2975 4392 με
3013 4323 3246 4392 6ἐρεις;
3277 4327 3370 4380 καὶ
3403 4328 3503 4398 τὴν
3529 4329 3651 4382 ἐπι-

2073 4411 2277 4464 είκειαν
2313 4410 2514 4482 μᾶλλον
2553 4413 2837 4482 ἐδήλωσεν,
2867 4414 2900 4486 ἢ
2947 4417 2997 4467 εί
3036 4417 3283 4485 ἐσίγησε.
3317 4419 3422 4471 Kal
3458 4418 3649 4490 ὥσπερ

2072 4496 2224 4564 οὗτος
2248 4500 2326 4572 τῷ
2347 4503 2513 4573 πατρὶ
2533 4502 2642 4557 ἀπὸ
2664 4502 2755 4555 τοῦ
2782 4503 3195 4577 θυσιαστηρίου,
3218 4505 3362 4561 οὕτω
3387 4509 3481 4560 καὶ
3507 4511 3651 4562 ἐκεῖ-

2072 4611 2162 4657 νος
2197 4593 2307 4647 ἀπὸ
2347 4593 2442 4647 τοῦ
2483 4595 2716 4666 σταυροῦ
2753 4595 3086 4666 διαλέγεται,
3123 4599 3337 4668 Πάτερ,
3366 4600 3515 4669 ἄφες
3541 4603 3652 4654 αὐ-

2071 4685 2219 4753 τοῖς,
2253 4685 2446 4754 λέγων·
2485 4687 2556 4740 οὐ
2591 4687 2702 4757 γὰρ
2749 4688 2951 4742 οἴδασι
2995 4692 3053 4744 τί
3096 4692 3357 4746 ποιοῦσι.
3390 4693 3454 4746 Τί
3498 4691 3590 4748 οὖν
3622 4697 3650 4748 6

2042 4776 2450 4854 ,πατριάρχης
2503 4778 2557 4830 '0
2591 4778 2735 4844 Θεὸς
2765 4778 2974 4848 ὄψεται
3005 4780 3198 4847 ἐαυτῷ
3228 4784 3528 4850 πρόϐατον
3562 4788 3651 4852 εἰς

2073 4870 2520 4939 όλοκάρπωσιν,
2548 4870 2784 4932 τέκνον.
2823 4873 3105 4947 Ἑκάτεροι
3154 4874 3223 4927 τὰ
3265 4875 3504 4945 ὀνόματα
3552 4878 3650 4947 τῆς

2072 5057 2183 5111 Kal
2210 5055 2446 5126 χαλεπὸς
2472 5056 2812 5127 ἑκατέρωθεν
2852 5059 2880 5110 ὀ
2913 5058 3147 5129 πόλεμος
3181 5059 3526 5132 διεγείρεται,
3559 5063 3653 5115 καὶ

2073 5148 2242 5220 πολλὴ
2273 5147 2492 5220 ήζάλη,
2529 5149 2623 5202 καὶ
2662 5149 2920 5218 ναυάγιον
2943 5151 3264 5223 οὐδαμοῦ·,ή
3296 5153 3406 5224 7&9
3434 5154 3652 5221 φιλοσο-

2072 5243 2170 5312 φία
2210 5243 2427 5296 πάντων
2461 5243 2672 5312 κρατεῖ.
2716 5238 2849 5295 Εἶτα
2887 5243 3074 5315 ἐπειδὴ
3126 5245 3327 5316 ἤκουσε
3373 5247 3462 5300 τὸν
3493 5247 3649 5310 Θεὸν,

2071 5334 2253 5388 οὐκέτι
2274 5328 2427 5386 εἶπεν
2453 5331 2623 5395 οὐδὲν,
2643 5334 2764 5387 οὐδὲ
2791 5337 3236 5406 περιειργάσατο·
3263 5337 3405 5390 οὕτω
3433 5340 3652 5392 συνετὸν

2070 5422 2138 5496 ἦν
2179 5423 2240 5477 τὸ
2276 5424 2505 5490 παιδίον,
2543 5425 2638 5478 καὶ
2669 5427 2727 5480 ἐν
2762 5425 2908 5496 αὐτῷ
2945 5427 3044 5497 τῆς
3093 5429 3307 5499 ήλικίας
3349 5431 3427 5500 τῷ
3475 5430 3648 5486 ἄνθει.

2071 5513 2225 5580 Εἶδες
2245 5517 2336 5570 τὸν
2361 5516 2584 5586 βασιλέα
2612 5517 2792 5571 πόσων
2825 5519 3097 5591 ἐκράτησε
3130 5523 3529 5591 στρατοπέδων.
3563 5523 3654 5575 πό-

2072 5627 2181 5664 σων
2234 5608 2484 5679 πολέμων
2519 5610 2818 5677 ἐπιόντων;
2865 5612 2998 5665 Οὐδέ
3048 5613 3158 5682 7&9
3202 5613 3375 5678 οὕτως
3416 5612 3554 5687 ἦσαν
3597 5616 3650 5667 οί

2073 5704 2337 5776 βάρϐαροι
2382 5707 2448 5775 τῇ
2486 5703 2638 5756 πόλει
2685 5705 2792 5759 τῶν
2838 5707 3225 5780 Ἰεροσολύμων
3273 5707 3516 5778 φοϐεροὶ,
3559 5709 3650 5761 ὅτε

2069 5794 2306 5865 ἐπῆλθον
2359 5796 2497 5865 αὐτῇ
2560 5796 2841 5861 πολλάκις,
2899 5799 2975 5862 ὡς
3029 5801 3078 5852 οί
3139 5799 3392 5865 λογισμοὶ
3445 5799 3652 5853 τούτων

2069 5885 2333 5941 πάντοθεν
2378 5887 2540 5943 αὐτὸν
2583 5887 3034 5961 περικαθήμενοι·
3074 5889 3186 5944 ἀλλ’
3210 5889 3364 5957 ὅμως
3395 5891 3651 5944 ἁπάντων
