4068 6442
388 430 497 485 417

318 602 323 605 .
381 546 753 618 περιεγένετο.
783 545 972 600 Βούλει
996 546 1088 600 καὶ
1111 546 1203 600 τὸν
1225 546 1376 618 ἱερέα
1398 546 1557 612 ίδεῖν;
1584 548 1645 601 οὑ
1674 548 1960 622 πόρρωθεν

380 646 443 697 τδ
471 642 798 713 ὑπόδειγμα.
830 643 999 696 Ὅταν
1026 643 1134 713 7&9
1159 642 1323 697 αὑτὸν
1362 643 1478 715 ἴδῃς
1504 644 1616 715 πῦρ
1645 647 1839 717 ἔχοντα
1866 646 1963 701 καὶ

386 740 667 811 μάχαιραν
714 738 807 793 κιιί⁵
861 737 1260 809 θυειαστηρίῳι
1293 740 1600 809 ἐφεστῶτα,
1655 742 1711 794 τί
1776 741 1963 798 λοιπὸν

383 835 749 906 ἀμφιϐάλλεις
785 834 929 907 ὑπὲρ
959 835 1060 907 τῆς
1089 835 1431 909 ἰερωσύνης;
1467 837 1533 891 Et
1561 838 1618 891 δέ
1648 838 1830 910 βούλει
1867 843 1963 896 καὶ

389 933 481 1004 τήν
517 932 708 986 θυσίαν
739 933 890 999 ἰδεῖν,
923 934 1026 1004 δρα
1053 933 1269 1004 διπλῆν.
1303 935 1653 1006 Προσήνεγκε
1679 936 1810 1006 γοῦν
1832 940 1963 991 παῖ-

384 1030 469 1096 δα,
522 1032 867 1101 προσήνεγκε
909 1031 1006 1084 καὶ
1034 1030 1334 1102 πρόϐατον,
1373 1031 1575 1101 μᾶλλον
1601 1032 1659 1086 δέ
1690 1033 1798 1105 πρὸ
1823 1034 1963 1088 πάν-

383 1144 511 1191 των,
539 1126 638 1198 τὴν
668 1125 859 1179 ἐαυτοῦ
887 1123 1135 1196 γνώμην·
1159 1128 1253 1182 καί
1274 1126 1352 1199 τῷ
1377 1128 1474 1199 μὲν
1495 1130 1686 1200 αἵματι
1706 1129 1801 1184 τοῦ
1827 1148 1964 1202 προ-

383 1223 550 1276 ϐάτου
573 1223 673 1293 τὴν
703 1221 907 1289 δεξιὰν,
932 1225 1000 1293 τῇ
1023 1222 1080 1275 δέ
1111 1226 1294 1296 σφαγῇ
1322 1223 1417 1277 τοῦ
1449 1226 1639 1287 παιδὸς
1668 1225 1767 1298 τὴν
1785 1226 1965 1297 ψυχὴν

382 1315 812 1391 [4541ήγίασεν.
865 1316 1055 1383 Οῦτως
1100 1318 1479 1393 ἐχειροτονήθη
1524 1322 1722 1393 ἱερεὺς,
1772 1322 1965 1392 αῖματι

385 1412 732 1483 μονογενοῦς,
763 1412 926 1486 θυσίᾳ
953 1412 1149 1483 ἀμνοῦ.
1175 1415 1287 1468 Kal
1315 1414 1426 1487 7&9
1459 1417 1557 1471 καὶ
1580 1419 1630 1470 οί
1677 1418 1847 1489 ἱερεῖς
1879 1418 1967 1472 αῖ-

384 1525 517 1579 ματι
552 1509 835 1579 ήγιάζοντο
855 1509 964 1563 τῶν
999 1509 1213 1580 ἱερείων
1241 1510 1348 1564 τῶν
1376 1509 1455 1582 τῷ
1477 1511 1597 1582 Θεῷ
1621 1512 1969 1585 προσαγομέ-

381 1623 509 1659 νων.
551 1605 739 1659 Βούλει
769 1605 868 1676 κᾳὶ
894 1607 1178 1678 προφήτην
1209 1607 1367 1674 ίδεῖν;
1410 1607 1664 1678 Ἀϐραὰμ
1697 1612 1731 1664 ό
1768 1608 1968 1681 πατὴρ

382 1700 553 1771 ὑμῶν
600 1702 1036 1772 ἠγαλλιάσατο,
1090 1704 1193 1758 ἵνα
1246 1703 1346 1773 ιδῃ
1396 1702 1514 1773 τὴν
1569 1706 1799 1775 ἡμέραν
1850 1705 1969 1775 τὴν

381 1797 556 1868 ἐμήν
586 1801 683 1852 καί
703 1795 846 1864 εἶδε,
874 1799 974 1853 καί
996 1797 1205 1869 ἐχάρη.
1233 1798 1419 1871 φησίν.
1441 1798 1599 1853 Οὕτω
1626 1802 1721 1855 καί
1744 1802 1809 1856 σὺ
1837 1801 1964 1875 γίνῃ

387 1895 661 1966 βασιλεὺς,
692 1898 786 1951 καὶ
816 1898 1014 1969 ἱερεὺς,
1050 1898 1145 1952 καὶ
1177 1902 1463 1968 προφήτης
1511 1897 1570 1950 ἒν
1607 1898 1688 1969 τῷ
1727 1898 1961 1970 λουτρῷ⁶

387 1988 642 2058 βασιλεὺς
674 1989 792 2059 μὲν,
829 1988 1010 2053 πάσας
1041 1989 1215 2060 χαμαὶ
1238 1988 1401 2060 ῥίψας
1429 1988 1531 2052 τὰς
1554 1989 1793 2061 πονηράς
1823 1992 1967 2062 πρά·-

387 2080 522 2149 ξεις,
569 2081 666 2135 καὶ
714 2081 786 2135 τὰ
817 2083 1195 2155 ἁμαρτήματα
1239 2080 1614 2152 κατασφάξαςο
1668 2083 1846 2153 ἰερεὺς
1882 2082 1963 2149 δὲ,

1109 430 1166 487 S.
1206 427 1492 486 JOANNIS
1529 427 1964 487 CHRYSOSTO!

2066 427 2375 488 ARCHIEP.
2410 431 2957 493 CONSTANTINOP.

3527 437 3636 495 “8

2063 550 2255 607 ἐαδτὸν
2287 552 2672 626 προσενεγκὼν
2707 555 2785 626 τῷ
2809 555 2950 626 Θεῷ,
2977 556 3069 609 καὶ
3101 555 3413 621 καταθύσας
3443 557 3502 611 τὸ
3533 557 3642 609 σῶ-

2066 665 2162 719 μα,
2199 650 2291 704 καί
2321 651 2552 720 σφαγεὶς
2582 653 2678 707 καὶ
2700 652 2881 716 αὐτός’
2905 654 2977 707 Εἰ
3004 652 3113 723 γὰρ
3139 654 3641 724 συναπεθάνομεν

2062 743 2243 811 αὐτῷ,
2273 747 2426 818 φησί,
2452 747 2552 802 καί
2584 747 2929 819 συζήσομεν
2952 747 3132 814 αὐτῷ·
3158 750 3442 821 προφήτης
3473 749 3549 816 δέ,
3571 750 3642 804 τὰ

2067 841 2329 913 μέλλοντα
2363 843 2672 913 μανθάνων,
2705 846 2800 899 καὶ
2827 845 3014 910 ἔνθους
3041 848 3326 916 γινόμενος
3348 847 3444 900 καὶ
3468 864 3536 915 σφ
3547 864 3642 917 ρα-

2063 939 2377 1009 γισάμενος.
2401 930 2669 1013 Καθάπερ
2697 939 2805 1013 γὰρ
2831 940 3189 1015 στρατιώταις
3214 943 3471 1014 σφραγὶς,
3498 942 3644 997 οὑτω

2064 1038 2159 1092 καὶ
2184 1040 2297 1099 τοῖς
2321 1041 2533 1101 πιστοῖς
2554 1038 2614 1093 τὸ
2640 1038 2866 1111 Πνεῦμα
2895 1040 3219 1094 ἐπιτίθεταιο
3253 1040 3356 1095 κᾶν
3385 1040 3642 1094 λειποτα-

2064 1138 2294 1209 κτήσῃς,
2325 1136 2627 1208 κατάδηλος
2654 1135 2781 1209 γίνῃ
2805 1137 2991 1190 πᾶσιν.
3030 1136 3271 1191 Ἰουδαῖοι
3305 1135 3405 1205 μέν
3428 1136 3537 1208 7&9
3565 1132 3643 1191 εῖ-

2064 1252 2158 1307 χον
2188 1236 2458 1307 σφραγῖδα
2484 1233 2583 1306 τὴν
2606 1232 2929 1306 περιτομὴν,
2960 1234 3119 1304 ἡμεῖς
3146 1233 3203 1287 δὲ
3231 1230 3324 1286 τὸν
3346 1232 3647 1304 ἀρραϐῶνα.

2064 1353 2160 1399 τοῦ
2195 1343 2529 1415 Πνεύματος.
2563 1342 2750 1397 Ταῦτα
2776 1338 2870 1397 οῦν
2914 1343 3139 1407 εἰδότες.
3181 1342 3279 1397 καὶ
3313 1342 3376 1396 τὸ
3422 1342 3644 1412 ἀξίωμα

2064 1442 2126 1498 τὸ
2151 1443 2359 1497 ἑαυτῶν
2392 1442 2764 1513 ἐννοήσαντες,
2790 1440 2939 1507 ἀξιον
2967 1441 3066 1512 τῆς
3106 1440 3328 1512 χάριτος
3358 1439 3647 1506 ἐπιδειξώ-

2068 1540 2209 1612 μεθα
2232 1540 2365 1612 βίον,
2389 1540 2477 1593 ἵνα
2511 1540 2610 1593 καὶ
2636 1538 2737 1609 τῆς
2765 1537 3068 1609 μελλούσης
3106 1536 3454 1608 ἐπιτύχωμεν
3487 1538 3642 1606 βασι-

2063 1639 2234 1702 λείαςο
2263 1632 2332 1710 ἦς
2357 1637 2568 1707 γένοιτο
2589 1636 2800 1701 πάντας
2826 1636 2979 1707 ἡμᾶς
3016 1636 3313 1706 ἐπιτυχεῖν,
3342 1633 3526 1705 χάριτι
3548 1631 3659 1689 καὶ

2067 1735 2447 1807 φιλανθρωπίᾳ
2476 1732 2572 1788 τοῦ
2601 1734 2810 1805 Κυρίου
2843 1731 2997 1805 ἡμῶν
3033 1730 3206 1803 Ἰησοῦ
3239 1730 3497 1802 Χριστοῦ,
3522 1730 3651 1802 μεθ’

2066 1828 2127 1886 οὑ
2160 1831 2238 1904 τῷ
2271 1832 2449 1904 Πατρί
2478 1831 2595 1902 ἅμα
2631 1830 2710 1902 τῷ
2739 1829 2879 1903 ἁγίῳ
2907 1828 3185 1901 Πνεύματι
3229 1827 3379 1894 δόξα,
3416 1828 3645 1900 κράτος,

2064 1927 2222 1999 τιμὴ,
2258 1925 2355 1983 νῦν
2380 1928 2472 1983 καὶ
2503 1926 2612 1994 ἀεὶ,
2650 1927 2745 1982 καὶ
2774 1926 2855 1991 εἰς
2879 1926 3009 1991 τοὺς
3032 1924 3235 1990 αἰῶνας
3263 1923 3375 1981 τῶν
3407 1924 3645 1980 αἰώνων.

2079 2024 2137 2078 ’Δ
2148 2025 2276 2096 μήν.

1876 2373 2122 2429 OMIAIA
2159 2370 2235 2431 A'.

396 2514 550 2587 Ἐγὼ
577 2514 645 2570 δὲ
667 2516 938 2587 μάρτυρα
966 2516 1074 2571 τὸν
1110 2515 1259 2570 Θεὸν
1285 2516 1685 2587 ἐπικαλοῦμαι
1713 2518 1811 2573 ἐπὶ
1847 2516 1964 2587 τὴν

456 2534 462 2567 π
577 2534 645 2570 οε
667 2534 938 2585 μαρτυρα
966 2534 1074 2571 τον
1110 2534 1259 2570 δεον
1285 2534 1685 2587 επικαλονμαι
1713 2534 1811 2573 επι
1847 2534 1956 2584 την

456 2534 612 2656 έῖὴν
639 2585 873 2660 ψυχὴν,
904 2586 995 2640 ὅτι
1023 2587 1372 2657 φειδόμενος
1412 2586 1600 2658 ὑμῶν,
1626 2588 1828 2645 οὐκέτι
1852 2584 1956 2660 ἤλ-

454 2662 566 2713 θον
589 2660 675 2723 εἰς
702 2658 1013 2725 Κόρινθον.

458 2787 600 2845 α’.Τί
617 2787 742 2857 φὴς,
762 2781 807 2840 ὦ
832 2788 1065 2860 μακάριε
1089 2786 1269 2841 Παῦλε
1289 2806 1304 2857 ;
1329 2790 1641 2860 φειδόμενος
1664 2791 1845 2847 αὑτῶν
1864 2792 1967 2848 οὑκ

383 2872 549 2951 ἦλθες
573 2880 652 2941 εἰς
674 2879 938 2950 Κόρινθον
962 2895 976 2943 ;
1012 2878 1222 2935 Οὑκοῦν
1251 2880 1651 2951 ἐναντιολογίαν
1676 2883 1799 2938 τινὰ
1829 2885 1965 2955 ἡμῖν

384 2970 628 3038 εἰσάγεις
662 2969 917 3024 ἐνταῦθα.
957 2971 1238 3043 ’Δνωτέρω
1269 2973 1367 3042 μέν
1397 2973 1506 3044 7&9
1537 2973 1740 3043 ἔλεγες,
1765 2975 1848 3029 ὅτι
1876 2974 1968 3030 διὰ

383 3063 543 3117 τοῦτο
566 3062 667 3115 οὑκ
685 3057 868 3133 ἦλθες,
893 3062 1079 3133 ἐπειδὴ
1111 3064 1173 3116 οὑ
1198 3063 1339 3117 κατὰ
1363 3065 1541 3138 σάρκα
1567 3065 1819 3138 βουλεύῃ,
1844 3065 1967 3121 οὐδὲ

386 3153 578 3225 κύριος
602 3151 653 3207 εἷ
683 3152 908 3217 σαυτοῦ,
933 3154 1049 3207 ἀλλ’
1077 3155 1182 3209 ὑπὸ
1214 3156 1313 3227 τῆς
1351 3156 1445 3211 τοῦ
1467 3158 1788 3230 Πνεύματος
1815 3160 1967 3227 ἐξου-

387 3245 509 3308 σίας
537 3242 809 3314 πανταχοῦ
843 3244 1103 3316 περιάγῃ,
1138 3246 1231 3298 καὶ
1278 3246 1379 3311 τὰς
1414 3246 1622 3318 θλίψεις
1670 3250 1752 3314 είς
1802 3250 1968 3321 μέσον

383 3330 541 3407 ἦγες⁸
575 3334 806 3389 ἐνταῦθα
833 3334 891 3387 δὲ
928 3335 1021 3389 σὸν
1057 3336 1165 3406 φής
1195 3332 1334 3391 εἷναι
1355 3336 1417 3392 τὺ
1445 3339 1521 3411 μὴ
1548 3338 1747 3406 ἐλθεῖν,
1780 3341 1968 3398 οὑκέτι

383 3427 485 3495 τῆς
535 3423 629 3478 τοῦ
670 3423 987 3495 Πνεύματος
1032 3423 1298 3490 ἐξουσίας·
1352 3427 1447 3482 καὶ
1486 3429 1596 3500 γάρ
1640 3447 1828 3501 φησιν,
1885 3432 1967 3485 ὃτι

384 3515 741 3586 Φειδόμενος
763 3517 950 3586 ὑμῶν,
980 3518 1090 3571 οὐκ
1121 3513 1312 3587 ἦλθον
1337 3521 1426 3587 είς
1450 3522 1761 3590 Κόρινθον.
1784 3523 1851 3577 Τί
1874 3518 1968 3578 οὖν

385 3609 535 3663 ἐστιν
562 3608 774 3674 είπεῖν;
811 3607 883 3660 Ἦ
926 3607 1008 3662 ὅτι
1037 3607 1133 3661 καὶ
1156 3606 1315 3662 τοῦτο
1348 3610 1482 3665 αὑτὸ
1514 3610 1607 3666 τοῦ
1646 3612 1969 3685 Πνεύματος

384 3695 477 3772 ἦν,
521 3699 619 3755 καὶ
670 3698 906 3770 ἠθέλησε
966 3699 1065 3770 μέν
1096 3699 1258 3763 αὑτὸς
1291 3699 1487 3767 ἐλθεῖν,
1526 3703 1768 3758 ὑπέϐαλε
1812 3706 1871 3760 δέ
1906 3706 1969 3761 τὸ

387 3792 614 3862 Πνεῦμα
669 3790 744 3863 μὴ
784 3790 1210 3864 παραγενέσθαι,
1264 3791 1363 3863 τὴν
1411 3793 1579 3863 φειδὼ
1624 3797 1725 3869 τὴν
1783 3797 1966 3852 αὑτῶν

384 3882 846 3954 προϐαλλόμενον·
884 3881 919 3953 ἦ
950 3881 1079 3954 περί
1110 3882 1304 3957 ἐτέρας
1333 3883 1482 3953 λέγει
1512 3887 1839 3958 παρουσίας,
1867 3889 1967 3961 δη-

384 3975 494 4029 λῶν
521 3977 603 4030 ὅτι
628 3975 758 4046 πρὶν
781 3974 816 4045 ἢ
844 3973 1053 4046 γράψαι
1078 3966 1178 4047 τὴν
1206 3976 1478 4049 προτέραν
1501 3978 1809 4052 ἐπιστολὴν,
1840 3980 1967 4052 ήθέ-

381 4067 549 4139 λησεν
578 4066 779 4132 ἐλθεῖν,
814 4066 911 4120 καὶ
946 4066 1215 4139 κατέσχεν
1244 4067 1437 4122 ἑαυτὸν
1462 4068 1530 4123 δι’
1556 4071 1800 4144 ἀγάπην,
1822 4071 1965 4127 ὥστε

387 4159 465 4231 μὴ
506 4155 853 4229 ἀδιορθώτοις
903 4156 1211 4228 ἐπιστῆναι.
1262 4158 1427 4223 Εἰκὸς
1468 4159 1526 4214 δέ
1559 4161 1655 4217 καὶ
1689 4164 1828 4234 μετὰ
1865 4163 1965 4235 τὴν

380 4248 644 4320 δευτέραν
672 4246 1121 4319 Ἐπιπολὴν,τοῦ
1152 4249 1472 4321 Πνεύματος
1505 4252 1702 4324 μηκέτι
1728 4252 1965 4310 κωλύον-

381 4356 476 4404 τος
503 4340 686 4407 αὑτὸν,
721 4340 915 4394 ἑκόντα
957 4339 1045 4394 διὰ
1076 4339 1175 4413 τὴν
1211 4341 1392 4397 αἰτίαν
1430 4342 1636 4415 ταύτην
1666 4346 1868 4414 μεῖναι.
1902 4344 1966 4402 '0

382 4430 479 4486 καὶ
517 4429 718 4503 μᾶλλόν
744 4432 894 4485 ἐστιν
927 4430 1290 4497 ὑποπτεῦσαι,
1322 4433 1406 4487 ὅτι
1434 4433 1586 4505 παρὰ
1617 4435 1717 4505 μὲν
1737 4434 1835 4507 τὴν
1860 4436 1965 4513 ἀρ-

382 4523 487 4595 χὴν
516 4522 579 4577 τὸ
615 4522 842 4596 Πνεῦμα
871 4522 1129 4579 ἐκώλυεν·
1168 4523 1397 4598 ὕστερον
1423 4525 1481 4579 δὲ
1512 4527 1607 4581 καὶ
1647 4528 1809 4592 αὑτὸς
1843 4531 1965 4583 ἐπι-

381 4613 741 4685 λογισάμενος
782 4615 865 4668 δτι
916 4612 1069 4686 [455]
1110 4613 1271 4668 τοῦτο
1299 4614 1528 4686 βέλτιον,
1561 4616 1768 4688 ἔμεινε.
1798 4619 1873 4673 Σὺ
1905 4619 1964 4674 δέ

387 4722 481 4778 μοι
526 4705 719 4759 σκόπει
765 4704 885 4768 πῶς
913 4704 1077 4759 πάλιν
1110 4705 1303 4758 ἑαυτοῦ
1337 4707 1631 4778 μέμνηται,
1662 4708 1691 4762 ὃ
1725 4710 1966 4784 συνεχῶς

380 4798 563 4869 λέγειν
609 4796 672 4850 οὐ
714 4795 1016 4867 παύσομαι,
1048 4796 1155 4851 ἀπδ
1186 4797 1293 4851 τῶν
1325 4798 1584 4853 ἐναντίων
1629 4801 1807 4874 ἐαυτῷ
1836 4819 1985 4865 συν-,

383 4890 694 4962 ιστάμενος.
725 4889 946 4960 Ἐπειδὴ
963 4888 1072 4965 7&9
1094 4891 1189 4944 καὶ
1206 4889 1365 4946 τοῦτο
1383 4891 1530 4957 εἰκὸς
1547 4888 1615 4966 ἦν
1634 4894 1963 4952 ὑποπτεύειν

380 4980 600 5046 αὐτοὺς,
644 4980 738 5034 καὶ
763 4979 965 5050 λέγειν,
1001 4981 1083 5034 ὅτι
1124 4980 1224 5034 Διά
1251 4979 1410 5035 τοῦτο
1452 4982 1552 5036 οὑκ
1583 4982 1854 5057 ἠθέλησας
1874 4986 1963 5041 ἐλο

381 5071 518 5127 θεῖν’
557 5072 829 5144 ἐμίσησας
858 5072 967 5145 γὰρ
993 5074 1177 5145 ἡμᾶς·
1222 5074 1462 5128 δείκνυσι
1508 5075 1838 5145 τούναντίον,
1880 5079 1965 5134 ὅτι

378 5163 471 5219 διά
496 5165 656 5219 τοῦτο
678 5165 779 5219 οὐκ
808 5165 1095 5236 ἠθέλησεν,
1125 5166 1314 5238 ἐπειδὴ
1344 5166 1519 5236 ἐφίλει
1552 5169 1770 5234 αὑτούς.
1807 5170 1874 5225 Τί
1903 5170 1963 5229 δέ

380 5259 500 5311 ἐστι
534 5256 616 5319 τὸ,
650 5256 1047 5326 Φειδόμενος;
1078 5257 1347 5323 Ἤκουσα,
1377 5260 1565 5329 φησὶν,
1596 5261 1679 5314 ὅτι
1699 5260 1963 5334 ἐπόρνευα

383 5348 486 5403 σάν
523 5364 669 5411 τινες
706 5348 837 5420 παρ’
873 5348 1022 5419 ὑμῖν·
1047 5349 1151 5403 οὑκ
1185 5348 1379 5420 ἤθελον
1404 5346 1498 5405 οῦν
1521 5351 1691 5406 ἐλθὼν
1720 5353 1961 5426 λυπῆσαι

379 5440 547 5513 ὑμᾶς.
574 5441 684 5496 Kal
705 5441 814 5513 7&9
839 5442 1053 5512 ἀνάγκη
1078 5443 1324 5516 παρόντα
1345 5443 1600 5509 ἐξετάσαι
1622 5446 1683 5500 τδ
1707 5449 1962 5520 πρᾶγμα,

379 5535 478 5588 καὶ
506 5532 811 5600 ἐπεξελθεῖν
844 5530 941 5588 καὶ
972 5534 1223 5603 κολάσαι,
1256 5534 1353 5590 καὶ
1394 5536 1623 5603 πολλοὺς
1650 5538 1956 5611 ἀπαιτῆσαι

376 5625 558 5696 δίκην.
589 5623 806 5678 Βέλτιον
834 5620 928 5679 οῦν
951 5620 1091 5681 εἶναι
1118 5627 1346 5698 ἐνόμισα
1374 5627 1613 5696 ἀπεῖναι,
1637 5631 1732 5684 καὶ
1771 5631 1955 5687 ἐνδοῦ-

379 5731 468 5768 ναι
495 5716 847 5787 μετανοῆσαι,
869 5716 902 5788 ἢ
929 5717 1121 5790 παρὼν
1141 5717 1472 5784 ἐπεξελθεῖν,
1496 5721 1590 5774 καὶ
1615 5722 1956 5797 παροξυνοῆ..

377 5821 467 5860 ναι
487 5807 772 5875 μειζόνως.
802 5812 915 5866 Kal
940 5811 1050 5883 7&9
1079 5809 1214 5882 πρὸς
1239 5809 1317 5881 τῷ
1341 5810 1481 5865 τέλει
1504 5812 1605 5882 τῆς
1632 5814 1955 5891 Ἐπιστολῆς

2068 2514 2256 2584 σαφῶς
2277 2512 2410 2568 αὑτὸ
2432 2510 2817 2584 παρεδήλωσεν
2848 2510 3041 2567 είπών·
3071 2511 3369 2583 Φοϐοῦμαι
3400 2513 3485 2584 μή
3522 2527 3648 2582 πως

2065 2606 2324 2663 ἐλθόντα
2366 2621 2444 2675 με
2485 2601 2827 2672 ταπεινώσῃ
2882 2604 2915 2658 ό
2962 2603 3105 2671 Θεός
3126 2621 3247 2674 μου
3287 2603 3437 2673 πρὸς
3467 2604 3644 2674 ὑμᾶς.

2067 2696 2167 2751 καί
2191 2695 2475 2765 πενθήσω
2503 2694 2775 2762 πολλοὺς
2814 2693 2933 2748 τῶν
2958 2696 3519 2765 προημαρτηκότων,
3545 2695 3647 2750 καί

2060 2788 2148 2858 μὴ
2169 2786 2678 2859 μετανοησάντων
2709 2784 2809 2840 ἐπὶ
2835 2784 2911 2854 τῇ
2941 2786 3232 2857 ἀσελγείᾳ
3259 2786 3360 2840 καί
3388 2787 3641 2857 ἀκαθαρ-

2066 2880 2195 2945 σίᾳ,
2225 2872 2265 2950 ᾖ
2295 2877 2587 2944 ἔπραξαν.
2627 2875 2799 2930 Τοῦτο
2823 2876 3004 2931 τοίνυν
3059 2876 3155 2930 καὶ
3198 2876 3435 2931 ἐνταῦθα
3476 2878 3648 2933 ἐνδεί-

2068 2987 2280 3037 κνυται,
2315 2970 2411 3023 καί
2455 2968 2603 3038 λέγει
2655 2969 2756 3041 μέν
2800 2969 2964 3034 αὑτὸς
2998 2968 3074 3033 ὡς
3117 2982 3145 3012 ι
3190 2969 3645 3043 ἀπολογούμενος,

2069 3060 2357 3129 ἐπιστύφει
2382 3060 2441 3114 δέ
2466 3061 2663 3124 αὐτοὺς
2690 3060 3045 3131 σφοδρότατα,
3075 3060 3169 3113 καὶ
3203 3061 3376 3130 φοϐεῖ.
3408 3062 3518 3115 Kal
3536 3061 3648 3134 7&9

2067 3152 2288 3229 ᾐνίξατο
2320 3153 2593 3225 τιμωρίας
2632 3153 2793 3218 ὄντας
2832 3153 3032 3218 αὑτοὺς
3078 3154 3432 3220 ὑπευθύνους,
3466 3156 3561 3210 καί
3592 3174 3647 3210 τι

2068 3242 2165 3297 καὶ
2194 3242 2574 3313 πεισομένους,
2606 3242 2656 3295 εί
2700 3241 2776 3313 μὴ
2807 3242 3018 3314 ταχέως
3059 3241 3421 3314 διορθωθεῖεν.
3459 3245 3523 3297 Ὃ
3552 3245 3649 3297 καὶ

2065 3331 2201 3387 αὑτὸ
2244 3330 2407 3387 πάλιν
2452 3331 2511 3384 ἐν
2552 3330 2632 3402 τῷ
2672 3331 2816 3384 τέλει
2847 3331 2948 3403 τῆς
2981 3330 3303 3404 Ἐπιστολῆς
3337 3350 3519 3404 φησιν,
3562 3334 3649 3387 ὅτι

2080 3423 2217 3478 Ἐὰν
2241 3422 2398 3479 ἔλθω
2431 3425 2519 3490 είς
2551 3422 2618 3477 τὸ
2656 3421 2863 3489 πάλιν,
2907 3424 2979 3478 οὐ
3008 3424 3307 3493 φείσομαι.
3352 3423 3501 3494 Πλὴν
3527 3422 3643 3478 ἀλλ’

2068 3516 2188 3570 ἐκεῖ
2221 3516 2322 3587 μὲν
2358 3514 2719 3586 σαφέστερον,
2744 3513 2981 3569 ἐνταῦθα
3012 3514 3092 3579 δέ,
3126 3514 3311 3584 ἐπειδὴ
3358 3514 3642 3586 προοίμιον

2065 3600 2156 3679 ἦν,
2193 3607 2293 3678 οὑχ
2337 3605 2512 3670 οὑτως
2545 3603 2681 3660 αὐτὸ
2724 3604 2899 3674 λέγει,
2932 3605 3048 3659 ἀλλ’
3076 3604 3520 3677 ὑπεσταλμένωςθ
3550 3605 3644 3660 καὶ

2066 3698 2188 3753 οὑδὲ
2202 3698 2379 3771 τούτῳ
2398 3699 2668 3772 ἀρκεῖται,
2693 3699 2831 3754 ἀλλά
2861 3698 2952 3753 καὶ
2971 3699 3104 3754 αὑτὸ
3124 3698 3279 3753 τοῦτο
3301 3699 3461 3754 πάλιν
3484 3698 3646 3770 θερα-

2068 3789 2244 3855 πεύει,
2277 3787 2657 3861 ἐπιδιορθώσει
2684 3789 3042 3862 κεχρημένος.
3079 3789 3301 3862 Ἐπειδὴ
3325 3790 3433 3862 7&9
3456 3788 3648 3863 ὥσπερ

2066 3880 2315 3947 ἐξουσίαν
2338 3881 2541 3955 πολλὴν
2563 3882 2977 3955 ἐνδεικνυμένου
2990 3881 3052 3936 τὸ
3079 3881 3232 3955 ῥῆμα
3257 3878 3346 3954 ἦν·
3383 3882 3645 3956 (φείδεται

2064 3973 2176 4047 γάρ
2191 3991 2274 4039 τις
2296 3972 2542 4040 ἐκείνων,
2571 3973 2667 4039 οὓς
2697 3977 2795 4030 καί
2823 3976 3047 4032 κολάσαι
3085 3976 3276 4049 κύριός
3308 3974 3466 4047 ἐστι),
3490 3975 3646 4030 τοῦτο

2064 4064 2201 4120 αὐτὸ
2253 4065 2775 4139 παραμυθούμενος,
2825 4067 2921 4120 καὶ
2970 4067 3033 4122 τδ
3061 4065 3253 4123 δοκοῦν
3286 4063 3424 4121 εἰναι
3468 4069 3642 4140 τραχὺ

2067 4155 2377 4221 συσκιάζων
2411 4157 2601 4228 φησίν·
2659 4160 2784 4228 Οὐχ
2822 4157 2912 4213 ὅτι
2954 4159 3307 4229 κυριεύομεν
3333 4159 3500 4230 ὑμῶν
3534 4162 3646 4230 τῆς

2065 4247 2347 4314 πίστεως.
2376 4247 2661 4314 Τουτέστι,
2692 4249 2768 4303 Οὑ
2799 4249 2887 4304 διὰ
2908 4249 3070 4303 τοῦτο
3098 4244 3272 4317 εἷπον,
3293 4251 3375 4306 ὃτι
3401 4251 3648 4322 φειδόμε-

2065 4351 2157 4400 νος
2185 4335 2341 4408 ὑμῶν
2361 4336 2462 4391 οὑκ
2484 4333 2668 4409 ἦλθον,
2703 4339 2779 4403 ὡς
2807 4339 3077 4410 κυριεύων
3102 4339 3275 4411 ὑμῶν.
3306 4340 3416 4394 Kal
3438 4340 3536 4395 οὑκ
3567 4339 3643 4395 εἷ-

2063 4440 2188 4491 πεν,
2223 4424 2428 4496 Ὑμῶν,
2455 4425 2611 4491 ἀλλά,
2648 4427 2765 4500 Τῆς
2788 4430 3067 4498 πίστεως·
3092 4431 3121 4485 ὃ
3141 4431 3237 4484 καὶ
3257 4431 3556 4503 πραότερον
3574 4426 3650 4503 ἦν,

2063 4515 2162 4571 καὶ
2187 4515 2572 4589 ἀληθέστερον.
2605 4518 2711 4574 Τὸν
2738 4520 2847 4593 7&9
2880 4520 2956 4593 μὴ
2987 4522 3314 4595 βουλόμενον
3352 4522 3649 4578 πιστεῦσαι

2062 4608 2148 4670 τίς
2179 4606 2369 4687 κύριος
2399 4610 2750 4679 ἀναγκάσαι;
2795 4612 2983 4668 Ἀλλὰ
3017 4616 3302 4685 συνεργοί
3324 4614 3511 4685 ἐσμεν
3536 4613 3645 4684 τῆς
3686 4656 3697 4669 .

2064 4697 2256 4768 χαρᾶς
2302 4699 2490 4770 ὑμῶν.
2533 4702 2752 4774 Ἐπειδὴ
2792 4704 2922 4778 γὰρ,
2972 4707 3159 4777 φησὶν,
3206 4708 3240 4779 ή
3297 4705 3442 4779 χαρὰ
3487 4707 3642 4777 ὑμῶν

2064 4784 2311 4861 ήμετέρα
2335 4789 2505 4857 ἐστὶν,
2535 4792 2638 4846 οὑκ
2667 4787 2852 4864 ῆλθον,
2882 4794 2973 4848 ῖνα
3001 4797 3075 4866 μὴ
3103 4795 3329 4868 ἐμϐάλω
3359 4797 3439 4861 είς
3463 4795 3652 4869 λύπην.

2064 4881 2233 4952 ὑμᾶς,
2263 4882 2356 4936 καὶ
2385 4882 2608 4956 αὑξήσω
2638 4886 2742 4958 τὴν
2769 4886 3008 4959 ἀθυμίαν
3039 4889 3138 4959 τὴν
3167 4891 3327 4962 ἐμήν·
3358 4890 3644 4963 ἀλλ’ἔμει-

2063 4988 2153 5038 να,
2183 4972 2271 5028 ἵνα
2304 4973 2693 5047 διορθωθέντες
2717 4977 2828 5032 ἀπὺ
2866 4979 2968 5050 τῆς
2991 4980 3242 5053 ἀπειλῆς,
3274 4981 3640 5056 εὑφρανθῆτε.

2059 5064 2249 5120 Πάντα
2276 5065 2386 5139 7&9
2416 5067 2677 5140 ποιοῦμεν
2705 5071 2849 5143 ὑπὲρ
2869 5076 2971 5145 τῆς
3002 5075 3179 5144 χαρᾶς
3211 5075 3309 5146 τῆς
3346 5075 3641 5150 ὑμετέρας,

2062 5156 2160 5213 καὶ
2181 5157 2324 5231 ὑπὲρ
2352 5159 2546 5215 τούτου
2571 5162 2892 5236 σπεύδομεν,
2922 5166 3111 5236 ἐπειδὴ
3143 5168 3236 5221 καὶ
3263 5168 3419 5222 αὐτοὶ
3449 5187 3643 5225 κοινω-

2063 5248 2265 5322 νοῦμεν
2298 5251 2461 5325 αὑτῇ.
2494 5252 2573 5323 Τῇ
2600 5254 2712 5324 γὰρ
2735 5258 2935 5312 πίστει
2958 5256 3272 5324 ἑστήκατε.
3308 5260 3452 5333 Ὅρα
3485 5260 3644 5315 πάλιν

2063 5340 2490 5414 ὑπεσταλμένως
2513 5344 2914 5419 διαλεγόμενον.
2939 5346 3152 5402 Δέδοικε
3179 5348 3288 5420 γὰρ
3309 5350 3488 5404 αὑτῶν
3509 5350 3611 5404 καθ
3626 5379 3639 5389 -

2062 5431 2305 5503 ἅψασθαι
2335 5435 2521 5502 πάλιν,
2545 5438 2734 5510 ἐπειδὴ
2760 5438 3003 5510 σφοδρῶς
3023 5439 3205 5494 αὐτῶν
3228 5442 3287 5495 ἐν
3308 5444 3373 5514 τῇ
3402 5440 3642 5514 προτέρᾳ

2123 5697 2142 5770 _'
2170 5697 2253 5757 Ὣς
2274 5706 2387 5770 ροβι
2424 5702 2568 5760 αὐτός
2610 5705 2953 5770 rgonhabetur
2991 5710 3043 5759 in
3076 5710 3242 5770 editis,
3266 5711 3355 5761 sed
3377 5712 3429 5760 in
3452 5722 3546 5759 ms.
3567 5709 3651 5761 ιο·-

2062 5757 2222 5871 ἕξὲιὲ,
2253 5757 2308 5815 e't
2335 5757 2588 5829 interprés
2624 5766 2825 5819 Latinus
2862 5770 2932 5821 ita
2972 5757 3357 5836 Ιὲέὶίῖῖῖῖοέ
