4068 6432
333 330 436 386 M7

333 443 602 498 exercitus
633 457 724 497 rex
752 441 838 498 hic
865 439 1150 510 superarit,
1182 443 1313 508 quut
1334 439 1591 496 irruentia
1613 439 1754 495 bella
1778 455 1918 494 com-

333 534 632 604 presserit?
655 534 840 603 Neque
868 533 1012 588 enim
1035 530 1387 604 Jerusolymaa
1419 542 1528 586 tam
1557 531 1922 588 formidabiles

332 634 486 681 erant
518 626 751 692 barbari,
783 639 906 679 cum
934 637 1052 678 eam
1081 637 1452 693 saepenumero
1479 623 1918 694 aggrederentur,

330 734 490 788 quam
521 717 604 772 hae
627 717 980 788 cogitationes
1008 713 1241 784 undique
1261 713 1436 784 ipsum
1456 713 1918 778 circumsidentes;

329 819 385 864 et
427 818 604 864 tamen
649 821 839 864 omnes
887 805 1182 877 superavit.
1237 805 1330 861 Vis
1376 804 1536 860 etiam
1583 805 1918 860 sacerdotem

331 902 598 958 cernere?
628 917 735 956 non
768 901 926 973 longe
956 900 1260 970 exemplum
1307 907 1410 956 est.
1454 897 1586 953 Nam
1631 913 1754 952 cum
1797 911 1920 952 eum

330 997 508 1068 ignem
537 1005 590 1052 et
617 995 853 1066 gladium
893 996 1201 1059 habentem,
1229 1001 1284 1049 et
1311 993 1466 1047 altari
1499 992 1800 1046 adstantem
1842 991 1922 1044 in-

331 1089 520 1154 tueris,
538 1087 788 1157 quidjam
809 1095 893 1142 est
915 1086 1056 1156 quod
1083 1086 1151 1140 de
1177 1083 1476 1140 sacerdotio
1497 1082 1746 1137 dubites?
1769 1080 1920 1147 Quod

328 1180 373 1234 si
394 1178 472 1233 vis
501 1179 778 1236 victimam
798 1191 1008 1248 quoque
1032 1175 1234 1241 videre,
1267 1174 1534 1243 duplicem
1562 1186 1752 1227 cernas
1775 1172 1916 1226 licet.

325 1270 532 1326 Obtulit
561 1271 723 1326 enim
752 1270 942 1337 tilium,
973 1268 1167 1323 obtulit
1199 1277 1253 1322 et
1288 1281 1466 1331 ovem,
1499 1266 1603 1331 vel,
1637 1273 1693 1319 ut
1721 1264 1919 1319 rectius

329 1364 537 1432 loquar,
566 1372 694 1416 ante
719 1361 897 1416 omnia
932 1359 1262 1413 voluntatem
1288 1373 1460 1411 suam.
1491 1357 1664 1426 Atque
1688 1369 1781 1424 per
1805 1355 1919 1408 ovis

326 1455 541 1525 quidem
569 1469 839 1518 cruorem,
867 1467 1122 1517 manum;
1154 1465 1249 1520 per
1277 1450 1372 1504 lilii
1421 1458 1600 1503 antem
1641 1447 1920 1502 mactatio-

327 1562 450 1602 nem
475 1547 710 1600 animam
740 1545 1108 1600 sanctificavit.
1137 1545 1311 1613 Atque
1337 1542 1407 1596 ita
1430 1541 1682 1596 sacerdos
1704 1549 1918 1595 creatus

325 1649 428 1698 est.
464 1654 558 1707 per
587 1637 848 1706 unigeniti
894 1635 1234 1705 sanguinem,
1285 1649 1379 1702 per
1423 1632 1545 1702 agni
1574 1630 1912 1686 sacrificium.

325 1729 457 1784 Nam
485 1737 540 1783 et
563 1727 871 1783 sacerdotes
897 1742 993 1797 per
1031 1729 1389 1789 victimarum,
1417 1739 1539 1793 quae
1584 1723 1694 1776 Deo
1721 1719 1914 1775 otl‘ere-

326 1821 541 1887 bantur,
570 1820 884 1890 sanguinem
921 1819 1048 1874 olim
1089 1817 1411 1872 sanctificari
1439 1813 1705 1871 solebant.
1754 1813 1917 1867 Visne

323 1914 484 1968 etiam
530 1911 843 1982 prophetam
885 1909 1236 1980 conspicere?
1281 1907 1540 1962 Abraham
1577 1915 1721 1977 pater
1758 1914 1917 1957 vester

323 2007 591 2061 exsultavit
629 2015 684 2058 ut
709 2005 896 2059 videret
929 2004 1061 2058 diem
1097 2019 1262 2056 meum
1288 2017 1307 2056 :
1332 2011 1379 2055 et
1419 2001 1581 2065 vidit,
1621 2008 1668 2053 et
1713 1997 1916 2068 gavisus

324 2109 397 2154 est
425 2097 601 2170 (Joan.
633 2099 688 2154 5.
715 2098 828 2167 35).
871 2095 952 2151 Ad
989 2099 1238 2152 eumdem
1283 2093 1502 2150 modum
1531 2100 1586 2147 tu
1613 2105 1826 2162 quoque
1857 2089 1909 2143 in

1392 324 1462 383 IN
1497 324 1714 383 EPIST.
1757 323 1800 379 ll
1861 325 1953 381 AD
1992 326 2144 382 COR.
2187 324 2417 384 HOMIL.
2459 331 2548 388 Ν.

3505 347 3611 406 ιίϐ

2025 439 2291 512 baptismo
2314 459 2430 510 rex,
2457 453 2514 500 et
2537 445 2809 513 sacerdos,
2831 455 2886 502 et
2906 447 3162 518 propheta
3189 450 3416 507 efficeris
3446 473 3459 510 :
3485 471 3608 524 rex,

2025 547 2147 589 cum
2178 550 2366 592 omnes
2406 552 2596 605 pravas
2637 539 2876 594 actiones
2917 541 2969 594 in
3000 550 3198 596 terram
3239 543 3504 613 abjecisti,
3549 564 3614 605 ac

2026 636 2244 694 peccata
2301 627 2618 683 interemisti
2661 646 2676 684 :
2725 631 3011 697 sacerdos,
3054 647 3177 687 cum
3230 635 3458 704 teipsum
3502 639 3614 694 Deo

2024 715 2283 784 obtulisti,
2323 732 2388 772 ac
2414 733 2609 788 corpus
2636 722 2900 787 mactasti,
2929 736 3090 792 atque
3117 723 3232 794 ipse
3260 741 3472 798 quoque
3494 745 3612 784 ma-

2025 814 2197 861 ctatus
2225 823 2283 862 es
2309 824 2321 866 .'
2355 808 2417 864 Si
2435 811 2568 864 enim
2589 813 2634 866 ei
2660 814 2957 868 commortui
2979 832 3174 882 sumus,
3201 818 3390 888 inquit,
3415 830 3462 875 et
3485 838 3610 877 can-

2024 900 2246 953 vivemus
2279 900 2329 953 ei
2361 900 2433 970 (2.
2463 901 2567 956 Tit.
2605 903 2659 956 '2.
2692 904 2782 977 11)
2815 923 2829 960 :
2879 907 3136 976 propheta
3180 908 3446 980 denique,
3486 926 3609 969 cum

2025 989 2198 1046 futura
2225 991 2388 1046 discis
2413 1008 2475 1048 ac
2501 993 2689 1048 divino
2714 998 2932 1052 numine
2955 998 3154 1053 amaris
3175 1009 3332 1071 atque
3352 1001 3606 1072 obsigna-

2025 1084 2120 1138 ris.
2149 1083 2608 1150 Quemadmodum
2641 1089 2784 1142 enim
2815 1097 2938 1143 nota
2967 1091 3210 1160 qumdam
3235 1093 3511 1158 militibus,
3538 1093 3611 1148 ita

2026 1173 2276 1231 ﬁdelibus
2314 1193 2526 1246 quoque
2569 1178 2803 1248 Spiritus
2846 1180 3160 1250 imponitur.
3191 1182 3307 1248 Quo
3349 1183 3430 1249 ﬁt,
3463 1193 3520 1238 ut
3561 1184 3609 1238 si

2025 1266 2267 1321 ordinem
2295 1267 2618 1333 deserueris,
2654 1271 2964 1340 perspicuus
3009 1272 3257 1327 omnibus
3293 1272 3409 1328 tias.
3439 1273 3610 1328 Judei

2023 1359 2165 1412 enim
2193 1359 2328 1428 signi
2357 1359 2477 1415 loco
2505 1361 2966 1417 circumcisionem
2993 1363 3280 1430 habebant,
3309 1381 3406 1420 nos
3429 1379 3608 1422 autem

2025 1451 2216 1520 pignus
2241 1450 2494 1522 Spiritus.
2541 1453 2666 1508 Uzrc
2707 1455 2864 1524 igitur
2891 1456 3123 1510 scientes
3143 1497 3158 1520 ,
3203 1472 3267 1511 ac
3294 1458 3605 1528 dignitatem

2022 1554 2257 1596 nostram
2279 1543 2703 1610 considerantes,
2727 1547 2890 1600 vitam
2929 1548 3098 1616 gratia
3125 1548 3338 1618 dignam
3373 1561 3604 1620 prmste-

2022 1647 2162 1697 Inus,
2191 1642 2247 1687 ut
2267 1632 2446 1689 futuro
2475 1651 2685 1705 quoque
2715 1652 2882 1707 regno
2921 1639 3188 1708 potiamur
3218 1659 3231 1695 :
3271 1641 3412 1710 quod
3451 1643 3611 1697 detur

2021 1723 2270 1778 omnibus
2297 1726 2455 1780 nobis
2484 1728 2720 1796 assequi,
2765 1729 2935 1798 gratia
2960 1739 3015 1783 et
3041 1729 3370 1801 benignitate
3398 1733 3610 1788 Domini

2022 1817 2187 1870 nostri
2219 1815 2348 1871 Jesu
2387 1817 2610 1885 Christi,
2653 1835 2775 1874 cum
2803 1835 2910 1890 quo
2943 1821 3086 1876 Patri
3125 1824 3388 1894 simulque
3425 1835 3612 1880 sancto

2019 1909 2240 1979 Spiritui
2272 1911 2462 1982 gloria,
2495 1913 2797 1983 imperium,
2829 1915 3020 1984 honor,
3045 1933 3186 1973 nunc
3215 1927 3270 1974 et
3292 1934 3526 1991 semper,
3555 1931 3614 1976 et

2020 2001 2074 2056 iu
2099 2002 2295 2057 saecula
2323 2003 2666 2059 saeculorum.
2691 2006 2884 2062 Amen.

1712 2301 2050 2363 HOMILIA
2097 2300 2203 2362 ιν.

323 2443 452 2502 ΕΜ).
488 2448 538 2502 1.
568 2464 621 2502 v.
652 2448 742 2504 25.
773 2447 887 2519 Ego
911 2458 1081 2503 autem
1109 2458 1280 2503 testem
1300 2447 1468 2502 Deum
1497 2448 1674 2502 invoco
1703 2446 1756 2500 in
1791 2446 1906 2499 ani-

395 2559 528 2594 mam
557 2558 740 2607 meam,
769 2543 904 2612 quod
935 2559 1146 2612 parcens
1188 2542 1326 2597 vobis
1369 2557 1472 2596 non
1509 2541 1646 2595 ultra
1676 2539 1786 2593 veni
1813 2537 1911 2593 Co-

394 2635 638 2689 rint/ium.

396 2727 445 2780 1.
474 2726 612 2794 Quid
654 2730 752 2789 ais,
800 2727 956 2783 beate
985 2728 1184 2782 Paule?
1211 2742 1436 2798 parcens
1471 2728 1551 2783 eis
1579 2741 1686 2782 non
1718 2725 1910 2782 venisti

321 2817 678 2872 Corinthum?
705 2821 845 2890 Ergo
871 2835 1176 2876 Sermonem
1207 2835 1388 2875 secum
1413 2829 1735 2891 pugnantem
1760 2818 1912 2874 nobis

324 2911 425 2966 hoc
454 2912 572 2966 loco
601 2912 808 2966 inducis
860 2913 1122 2982 Superius
1147 2914 1290 2969 enim
1319 2911 1422 2968 hoc
1447 2913 1745 2978 asserebas,
1777 2910 1913 2966 hanc

324 3003 420 3057 tibi
451 3019 554 3058 non
580 3004 830 3060 veniendi
872 3021 1088 3060 causam
1116 3005 1302 3070 fuisse,
1337 3003 1480 3076 quod
1509 3008 1656 3059 carni
1683 3017 1914 3058 consen-

322 3103 475 3149 tanea
502 3097 722 3151 consilia
745 3097 967 3152 minime
993 3098 1328 3160 admitteres.
1355 3112 1453 3152 nec
1484 3097 1556 3151 tui
1581 3096 1715 3166 juris
1739 3110 1909 3160 esses,

322 3202 506 3242 verum
555 3187 783 3258 Spiritus
820 3190 1046 3244 arbitrio
1088 3190 1285 3260 ubique
1326 3188 1804 3259 circumagereris;
1832 3196 1912 3241 at-

320 3295 425 3349 que
463 3279 782 3334 afflictiones
828 3281 991 3334 etiam
1045 3282 1096 3334 in
1148 3280 1380 3334 tnedium
1425 3279 1738 3349 proferebas
1769 3297 1781 3332 :
1813 3278 1914 3333 hoc

321 3379 503 3426 autem
533 3372 652 3427 loco
681 3374 756 3428 tui
785 3374 992 3428 arbitrii
1038 3375 1208 3429 fuisse
1233 3375 1335 3439 ais,
1365 3372 1507 3443 quod
1542 3389 1647 3427 non
1678 3373 1908 3438 veneris,

323 3477 430 3517 non
474 3473 650 3517 autem
681 3465 1012 3519 auctoritatis
1045 3479 1109 3520 ac
1140 3465 1422 3534 potestatis
1465 3463 1697 3533 Spiritus
1728 3482 1740 3516 :
1774 3461 1912 3516 Par-

323 3573 441 3610 cens
469 3558 610 3612 enim
642 3557 799 3624 vobis,
833 3559 1021 3628 inquit,
1053 3575 1153 3613 non
1172 3559 1282 3612 veni
1310 3555 1625 3611 Corinthum.
1649 3555 1910 3622 Quidnam

323 3650 485 3720 igitur
509 3650 828 3704 dicendum?
857 3649 1061 3721 Nempe
1085 3658 1178 3704 aut
1202 3649 1343 3721 quod
1371 3649 1474 3703 hoc
1501 3664 1712 3719 quoque
1738 3648 1912 3718 ipsum

326 3757 356 3794 a
389 3739 590 3810 Spiritu
615 3742 1093 3810 proficiscebatur;
1118 3755 1350 3810 cumque
1375 3740 1560 3794 venire
1585 3739 1697 3806 ipse
1730 3739 1908 3802 vellet,

323 3833 379 3887 in
412 3843 645 3888 mentem
688 3834 737 3889 ei
767 3834 996 3904 Spiritus
1045 3834 1248 3903 injecit,
1295 3842 1352 3887 ut
1399 3848 1506 3888 non
1547 3833 1770 3893 veniret,
1809 3830 1912 3885 hoc

323 3923 576 3979 videlicet
621 3939 961 3995 proponens,
1011 3925 1139 3994 ipsis
1184 3923 1565 3994 indulgendum
1609 3938 1777 3977 esse:
1821 3933 1912 3975 aut

321 4014 390 4070 de
419 4015 588 4070 altero
617 4017 846 4071 adventu
877 4017 1132 4086 loquitur,
1161 4024 1322 4086 atque
1363 4015 1465 4070 hoc
1491 4014 1776 4084 significat,
1811 4013 1909 4067 sibi

321 4106 537 4177 quidem
571 4108 622 4161 in
655 4109 835 4162 animo
861 4107 1046 4173 fuisse,
1083 4109 1389 4179 priusquam
1432 4105 1766 4176 superiorem
1796 4104 1909 4173 epi-

322 4199 514 4253 stolam
547 4199 826 4267 scriberet,
854 4199 920 4253 ad
962 4215 1056 4256 cos
1098 4215 1156 4254 se
1184 4198 1430 4254 conferre
1451 4239 1466 4263 ,
1509 4209 1764 4254 caeterum
1795 4211 1914 4251 sese

322 4289 395 4344 oh
420 4291 700 4346 caritatem
747 4293 1098 4359 continuisse,
1146 4307 1213 4347 ne
1245 4307 1340 4347 eos
1371 4291 1698 4346 incorrectos
1727 4298 1912 4345 osten-

323 4380 496 4436 deret.
539 4382 822 4439 Probabile
864 4395 1042 4437 autem
1088 4392 1193 4450 est,
1241 4392 1363 4454 post
1414 4383 1560 4438 illam
1607 4381 1911 4453 epistolam,

326 4471 529 4542 Spiritu
555 4473 666 4544 jam
695 4491 817 4529 eum
861 4475 1082 4529 minime
1112 4473 1452 4543 prohibente,
1496 4482 1682 4543 suapte
1725 4482 1915 4541 sponte

324 4565 393 4619 ob
431 4564 572 4621 hanc
615 4581 830 4621 causam
879 4566 1163 4620 mansisse.
1205 4563 1357 4632 Quod
1396 4564 1556 4619 etiam
1588 4563 1756 4633 magis
1782 4577 1914 4617 con-

319 4655 491 4725 jicere
519 4667 621 4722 est,
646 4673 840 4728 nempe
866 4658 1006 4728 quod
1039 4657 1190 4712 initio
1218 4656 1431 4727 quidem
1459 4656 1692 4726 Spiritus
1733 4653 1920 4742 probi:

325 4749 506 4818 hebat,
557 4761 678 4822 post
720 4761 898 4806 autem
947 4751 1062 4822 ipse
1100 4765 1312 4822 quoque
1355 4763 1535 4805 secum
1575 4758 1830 4818 reputans
1861 4739 1914 4804 id

325 4843 519 4898 melius
547 4861 688 4910 esse,
720 4844 996 4899 manserit.
1027 4843 1106 4897 Tu
1132 4857 1262 4898 vero
1293 4842 1603 4897 consideres
1629 4841 1785 4894 velim
1808 4857 1916 4910 quo

326 4947 483 5006 pacto
516 4954 703 4993 rursus
738 4939 1065 4993 mentionem
1094 4937 1177 4992 sui
1205 4937 1378 4991 faciat.
1408 4935 1559 5004 Quod
1590 4934 1806 5005 quidem
1837 4933 1918 4987 id-

325 5029 468 5083 circo
520 5027 646 5084 facit
686 5029 760 5102 (id
805 5029 948 5084 enim
999 5029 1273 5082 inculcare
1319 5043 1426 5082 non
1472 5025 1758 5097 desinam),
1793 5034 1850 5078 ut
1887 5039 1916 5078 a

324 5121 613 5175 contrariis
658 5119 1014 5192 patrocinium
1059 5119 1162 5175 sibi
1200 5130 1426 5190 quaerat.
1468 5118 1729 5187 Quoniam
1773 5117 1918 5172 enim

320 5213 616 5268 verisimile
659 5224 773 5268 erat
811 5229 906 5269 eos
944 5213 1146 5268 sinistri
1191 5213 1392 5283 aliquid
1442 5211 1701 5283 suspicari
1739 5227 1802 5266 ac
1837 5210 1920 5264 di-

330 5319 450 5358 cere
480 5321 494 5358 :
529 5301 733 5359 Idcirco
754 5305 820 5360 ad
847 5321 943 5359 nos
974 5291 1082 5359 non
1109 5304 1323 5368 venisti,
1350 5304 1475 5373 quia
1503 5303 1655 5358 nobis
1678 5300 1917 5356 infensus

325 5408 514 5463 esses;
553 5396 886 5451 contrarium
933 5394 1189 5462 ostendit,
1235 5409 1429 5464 nempe
1469 5408 1529 5448 se
1577 5393 1698 5447 ideo
1731 5392 1800 5447 ad
1823 5405 1919 5447 eos

327 5487 624 5556 profectum
650 5503 760 5542 non
786 5501 930 5553 esse,
972 5486 1114 5557 quod
1155 5501 1250 5540 eos
1288 5495 1513 5540 amaret.
1563 5483 1700 5550 Quid
1738 5493 1918 5538 autem

329 5589 436 5648 est,
468 5579 743 5638 Parcens?
783 5561 1015 5647 Audivi',
1067 5579 1258 5648 inquit,
1306 5578 1592 5633 nonnullos
1623 5592 1744 5632 esse
1776 5576 1918 5648 apud

331 5688 434 5730 vos
457 5665 548 5746 qui
576 5684 818 5744 stuprum
855 5671 1212 5743 perpetrarint
1235 5687 1250 5737 ;
1282 5670 1534 5742 noluique
1553 5668 1620 5723 ad
1651 5682 1750 5724 vos
1776 5669 1920 5722 veni.

331 5781 412 5840 re,
443 5783 509 5824 ne
530 5782 625 5824 vos
653 5768 707 5823 in
737 5778 1024 5823 maerorem
1047 5761 1390 5833 conjicercm.
1424 5763 1617 5821 Coram
1646 5762 1788 5818 enim
1817 5777 1914 5818 ne-

1653 5997 1680 6022 ἢ

2024 2459 2175 2500 cesse
2204 2445 2391 2501 fuisset
2417 2446 2625 2503 facinus
2648 2451 2976 2516 examinare,
3000 2460 3054 2506 et
3077 2451 3343 2508 vindicare
3366 2469 3428 2508 ac
3450 2455 3608 2524 puni-

2022 2550 2100 2600 re,
2131 2545 2289 2606 atque
2314 2537 2382 2593 de
2411 2539 2592 2593 multis
2621 2555 2808 2609 poenas
2836 2556 3070 2596 sumere.
3102 2541 3283 2614 Itaque
3303 2545 3469 2600 satius
3490 2561 3612 2601 esse

2020 2627 2146 2682 duxi
2196 2628 2410 2695 abesse,
2455 2645 2520 2685 ac
2558 2633 2945 2701 resipiscentize
2993 2634 3168 2689 loemn
3215 2637 3366 2692 vobis
3415 2653 3612 2694 conce-

2019 2718 2169 2785 dere,
2220 2735 2376 2790 quam
2410 2737 2647 2791 praasens
2678 2723 2881 2778 facinus
2911 2726 3114 2789 ulcisci,
3147 2729 3468 2798 graviusque
3500 2732 3609 2785 ira-

2019 2813 2116 2867 sci.
2151 2811 2362 2867 Etenim
2391 2814 2490 2869 sub
2517 2816 2756 2884 epistola:
2789 2817 2949 2871 finem
2979 2819 3214 2887 apertius
3259 2820 3398 2874 istud
3426 2821 3611 2876 decla-

2019 2903 2179 2969 ravit,
2207 2919 2327 2958 cum
2355 2905 2489 2959 dixit
2521 2924 2534 2960 :
2567 2906 2755 2962 Timeo
2779 2918 2980 2970 autem,
3012 2909 3093 2962 Ne
3117 2911 3249 2978 forte
3273 2928 3389 2964 cum
3409 2929 3610 2981 venero,

2020 2995 2248 3052 humilict
2291 3015 2370 3052 me
2406 2998 2547 3054 Deus
2579 3001 2716 3071 apud
2754 3018 2840 3055 vos
2863 3043 2878 3068 ,
2907 3013 2953 3055 et
2979 3003 3174 3073 lugeam
3200 3005 3384 3058 multos
3436 3022 3498 3060 ea:
3526 3007 3611 3075 iis,

2018 3091 2107 3160 qui
2136 3101 2252 3144 ante
2274 3104 2627 3161 peccaverunt,
2651 3104 2695 3147 et
2721 3111 2822 3148 non
2861 3107 3066 3166 egerunt
3097 3099 3440 3167 paenitentiam
3460 3117 3614 3166 super

2018 3183 2342 3236 immunditia
2371 3195 2418 3238 et
2468 3185 2804 3255 fornicatione
2838 3203 2989 3257 quam
3021 3191 3246 3257 fecerunt
3273 3189 3351 3255 (ἓ.
3375 3189 3494 3244 Cor.
3519 3192 3608 3247 12.

2017 3274 2135 3346 21).
2167 3276 2280 3331 Hoc
2308 3277 2466 3347 igitur
2493 3277 2580 3332 hic
2608 3293 2821 3349 quoque
2850 3281 3103 3347 ostendit,
3135 3293 3296 3352 atque
3320 3281 3370 3336 id
3396 3283 3613 3352 quidem

2021 3365 2258 3436 profert,
2295 3377 2571 3438 tamquam
2599 3384 2658 3424 se
2700 3384 2992 3436 excusans,
3023 3387 3116 3426 eos
3170 3389 3298 3426 vero
3350 3375 3614 3430 acerrime

2022 3459 2335 3528 perstringit
2354 3476 2416 3514 ac
2437 3469 2621 3515 terret.
2645 3461 2737 3515 llis
2759 3462 2903 3515 enim
2936 3464 3112 3516 verbis
3137 3464 3456 3533 significavit
3475 3508 3490 3532 ,
3517 3481 3612 3520 eos

2021 3566 2192 3617 pteure
2216 3551 2480 3605 obnoxios
2500 3565 2641 3618 esse,
2665 3562 2824 3622 atque
2849 3553 2984 3606 adeo
3004 3552 3116 3607 fore
3137 3565 3196 3608 ut
3216 3555 3392 3609 acerbi
3411 3556 3611 3624 aliquid

2021 3643 2308 3712 patiantur,
2337 3643 2437 3696 nisi
2455 3644 2850 3713 quamprimum
2873 3644 3246 3700 emendentur.
3268 3646 3422 3713 Quod
3449 3649 3610 3703 etiam

2021 3731 2191 3800 ipsum
2221 3748 2405 3786 rursus
2425 3733 2490 3786 ad
2514 3733 2753 3802 epistola:
2772 3735 2972 3789 calcem
2995 3736 3090 3801 ait,
3132 3737 3193 3790 Si
3215 3754 3388 3791 rursus
3405 3755 3608 3806 venero,

2019 3839 2121 3876 non
2149 3840 2376 3893 parram.
2409 3822 2675 3877 Caeterum
2708 3825 2816 3878 illic
2844 3828 3086 3894 apertius
3134 3827 3274 3881 istud
3316 3830 3563 3898 exprimit
3590 3846 3608 3896 ;

2021 3915 2106 3969 hic
2135 3924 2337 3976 autem,
2385 3916 2636 3984 quoniam
2672 3916 2880 3970 initium
2926 3918 3195 3972 scribendi
3226 3919 3471 3986 faciebat,
3502 3937 3608 3976 non

2021 4006 2090 4058 ita
2117 4005 2216 4058 hoc
2245 4004 2393 4069 dicit,
2431 4005 2524 4059 sed
2545 4005 2864 4061 submissius
2889 4025 2902 4060 :
2927 4023 2990 4063 ac
3021 4023 3088 4062 ne
3118 4009 3221 4064 hoc
3238 4011 3453 4080 quidem
3480 4027 3610 4066 con-

2021 4105 2219 4160 tentus,
2251 4095 2300 4149 id
2333 4111 2545 4165 quoque
2573 4097 2745 4166 ipsum
2779 4113 2966 4154 rursus
2994 4099 3220 4170 mitigat,
3241 4116 3303 4155 ac
3318 4104 3607 4157 correctio-

2020 4203 2086 4241 ne
2112 4187 2340 4258 quadam
2366 4188 2547 4241 utitur.
2573 4187 2707 4253 Quia
2725 4189 2866 4242 enim
2891 4188 2993 4244 hoc
3012 4189 3214 4245 dictum
3240 4192 3470 4247 hominis
3486 4209 3608 4249 esse

2019 4279 2293 4334 videbatur
2320 4279 2460 4334 haud
2483 4295 2698 4349 parvam
2722 4283 3094 4337 auctoritatem
3121 4300 3229 4353 pra:
3256 4299 3315 4339 se
3341 4287 3598 4351 ferentis;

2021 4371 2086 4426 iis
2111 4373 2253 4426 enim
2287 4373 2454 4442 parcit
2482 4373 2676 4444 aliquis
2702 4416 2716 4437 ,
2748 4373 2799 4427 in
2831 4389 2966 4444 quos
2992 4389 3090 4429 suo
3110 4375 3233 4444 jure
3259 4376 3605 4432 animadver-

2025 4475 2136 4520 tere
2166 4474 2376 4535 potest;
2409 4465 2609 4519 idcirco
2657 4465 2790 4519 illud
2819 4466 3070 4520 molliens
3090 4507 3106 4534 ,
3158 4475 3319 4536 atque
3346 4467 3419 4535 id,
3467 4469 3610 4538 quod

2021 4558 2256 4626 Speciem
2302 4557 2610 4626 asperitatis
2658 4556 2910 4623 habebat,
2965 4557 3316 4628 adumbratis,
3363 4561 3483 4614 ait:
3516 4563 3609 4617 24.

2023 4647 2146 4701 Non
2175 4649 2302 4718 quia
2325 4649 2648 4702 dominantur
2693 4649 2815 4719 ﬁdei
2858 4659 3052 4704 vestrae.
3085 4649 3200 4705 Hoc
3255 4661 3358 4718 est,
3382 4651 3499 4707 Non
3531 4653 3614 4707 id-

2021 4743 2165 4797 circo
2192 4743 2300 4796 dixi
2323 4757 2429 4809 me,
2462 4753 2518 4796 ut
2542 4742 2696 4797 vobis
2724 4741 3356 4812 parcerem,Corinthum
3380 4763 3486 4802 non
3514 4763 3611 4803 ve-

2023 4836 2187 4902 nisse,
2210 4851 2274 4889 ac
2295 4837 2340 4890 si
2363 4836 2514 4889 vobis
2529 4835 2794 4891 dominer.
2816 4836 2926 4892 Nec
2942 4837 3095 4900 dixit,
3120 4839 3302 4908 Vobis,
3323 4841 3440 4909 sed,
3465 4843 3609 4912 quod

2022 4928 2204 4982 mitius
2231 4944 2295 4982 ac
2320 4929 2496 4984 verius
2519 4937 2653 4994 erat,
2690 4928 2842 4984 Fidei
2861 4940 3037 4985 vestra:
3063 4948 3081 4988 :
3113 4947 3236 4987 nam
3264 4935 3486 4990 credere
3512 4952 3614 4992 no-

2023 5019 2218 5074 lentem
2243 5021 2363 5089 quis
2383 5029 2466 5074 cst
2484 5019 2575 5090 qui
2596 5035 2791 5091 cogere
2812 5023 3010 5092 queat?
3032 5020 3138 5077 Sed
3157 5023 3418 5094 adjutores
3439 5042 3616 5082 sumus

2023 5112 2202 5184 gaudii
2229 5112 2398 5166 vestri.
2427 5112 2712 5180 Quoniam,
2747 5113 2941 5183 inquit,
2974 5113 3229 5184 gaudium
3258 5126 3493 5171 vestrum
3524 5133 3617 5173 no-

2025 5211 2194 5257 strum
2223 5210 2326 5268 est,
2355 5202 2477 5258 ideo
2503 5218 2610 5258 non
2633 5204 2776 5270 veni,
2810 5220 2878 5259 ne
2899 5219 2993 5259 vos
3024 5205 3077 5260 in
3119 5221 3404 5262 mterorem
3441 5210 3616 5279 conji-

2025 5311 2204 5351 cerem
2235 5335 2251 5361 ,
2294 5303 2456 5364 atque
2501 5295 2572 5350 ita
2615 5309 2903 5351 maerorem
2958 5312 3134 5352 meum
3185 5313 3472 5369 augerem;
3521 5302 3616 5356 sed

2022 5387 2194 5445 'nansi
2215 5428 2232 5455 ,
2262 5395 2320 5441 ut
2346 5387 2507 5442 minis
2545 5389 2775 5443 correcti
2806 5388 3081 5445 laetemini.
3113 5389 3302 5446 Omnia
3332 5397 3476 5447 enim
3518 5393 3618 5449 Ia:-

2029 5479 2158 5534 titia:
2189 5491 2381 5534 vestra:
2417 5494 2578 5534 causa
2603 5480 2849 5548 facimus,
2875 5491 2930 5536 et
2955 5481 3056 5536 hac
3082 5482 3134 5536 in
3163 5499 3221 5538 re
3248 5483 3484 5538 studium
3513 5501 3613 5555 po-

2027 5576 2232 5640 nimus,
2265 5575 2388 5644 quia
2440 5571 2584 5629 illam
2639 5574 2916 5630 vobiscum
2963 5590 3302 5631 communem
3334 5576 3615 5630 habemus.

2027 5665 2169 5720 Nam
2190 5665 2292 5734 ﬁde
2316 5665 2478 5718 statis.
2507 5664 2640 5720 Vide
2685 5681 2792 5735 quo
2819 5675 2977 5736 pacto
3003 5680 3215 5722 rursum
3244 5665 3508 5720 submisse
3537 5667 3616 5719 to-

2025 5769 2220 5834 quatur
2250 5775 2266 5815 :
2323 5767 2540 5814 veretur
2559 5759 2700 5814 enim
2732 5757 2926 5816 iterum
2957 5775 3050 5817 eos
3076 5759 3456 5830 perstringere,
3484 5771 3615 5830 qut)-
