  <div class='ocr_page' id='page_1' title='image "/cluster/home/n/w/nwhite01/storage/ocr_20150623/61:no.10/coo.31924054869619/425.png"; bbox 0 0 4068 6444; ppageno 0'>
   <div class='ocr_carea' id='block_1_1' title="bbox 367 341 474 400">
    <p class='ocr_par' dir='ltr' id='par_1_1' title="bbox 367 341 474 400">
     <span class='ocr_line' id='line_1_1' title="bbox 367 341 474 400; baseline 0 0"><span class='ocrx_word' id='word_1_1' title='bbox 367 341 474 400; x_wconf 69' lang='grc' dir='ltr'>ιω</span> 
     </span>
    </p>
   </div>
   <div class='ocr_carea' id='block_1_2' title="bbox 365 437 1946 523">
    <p class='ocr_par' dir='ltr' id='par_1_2' title="bbox 365 437 1946 523">
     <span class='ocr_line' id='line_1_2' title="bbox 365 437 1946 523; baseline -0.016 -11"><span class='ocrx_word' id='word_1_2' title='bbox 365 456 512 512; x_wconf 85' lang='lat' dir='ltr'><strong>niam</strong></span> <span class='ocrx_word' id='word_1_3' title='bbox 541 453 596 509; x_wconf 92' lang='lat' dir='ltr'><strong>in</strong></span> <span class='ocrx_word' id='word_1_4' title='bbox 623 453 804 523; x_wconf 92' lang='lat' dir='ltr'><strong>priore</strong></span> <span class='ocrx_word' id='word_1_5' title='bbox 824 445 1050 521; x_wconf 87' lang='lat' dir='ltr'><strong>cpistola</strong></span> <span class='ocrx_word' id='word_1_6' title='bbox 1078 444 1422 500; x_wconf 77' lang='lat' dir='ltr'><strong>vehementer</strong></span> <span class='ocrx_word' id='word_1_7' title='bbox 1445 439 1592 508; x_wconf 89' lang='lat' dir='ltr'><strong>ipsos</strong></span> <span class='ocrx_word' id='word_1_8' title='bbox 1629 437 1946 500; x_wconf 74' lang='lat' dir='ltr'><strong>incesserat,</strong></span> 
     </span>
    </p>
   </div>
   <div class='ocr_carea' id='block_1_3' title="bbox 365 525 1953 616">
    <p class='ocr_par' dir='ltr' id='par_1_3' title="bbox 365 525 1953 616">
     <span class='ocr_line' id='line_1_3' title="bbox 365 525 1953 616; baseline -0.014 -14"><span class='ocrx_word' id='word_1_9' title='bbox 365 559 434 602; x_wconf 89' lang='lat' dir='ltr'><strong>ac</strong></span> <span class='ocrx_word' id='word_1_10' title='bbox 467 543 894 616; x_wconf 87' lang='lat' dir='ltr'><strong>resipiscentiam</strong></span> <span class='ocrx_word' id='word_1_11' title='bbox 935 536 1218 608; x_wconf 89' lang='lat' dir='ltr'><strong>quamdam</strong></span> <span class='ocrx_word' id='word_1_12' title='bbox 1244 532 1620 588; x_wconf 84' lang='lat' dir='ltr'><strong>exhibuerant.</strong></span> <span class='ocrx_word' id='word_1_13' title='bbox 1647 530 1822 597; x_wconf 83' lang='lat' dir='ltr'><strong>Atque</strong></span> <span class='ocrx_word' id='word_1_14' title='bbox 1851 525 1953 580; x_wconf 90' lang='lat' dir='ltr'><strong>hoc</strong></span> 
     </span>
    </p>
   </div>
   <div class='ocr_carea' id='block_1_4' title="bbox 367 619 1952 695">
    <p class='ocr_par' dir='ltr' id='par_1_4' title="bbox 367 619 1952 695">
     <span class='ocr_line' id='line_1_4' title="bbox 367 619 1952 695; baseline -0.015 0"><span class='ocrx_word' id='word_1_15' title='bbox 367 653 562 695; x_wconf 88' lang='lat' dir='ltr'><strong>eorum</strong></span> <span class='ocrx_word' id='word_1_16' title='bbox 592 639 804 692; x_wconf 82' lang='lat' dir='ltr'><strong>animos</strong></span> <span class='ocrx_word' id='word_1_17' title='bbox 833 632 1213 688; x_wconf 87' lang='lat' dir='ltr'><strong>subversurum</strong></span> <span class='ocrx_word' id='word_1_18' title='bbox 1241 635 1379 690; x_wconf 88' lang='lat' dir='ltr'><strong>erat,</strong></span> <span class='ocrx_word' id='word_1_19' title='bbox 1408 625 1475 687; x_wconf 90' lang='lat' dir='ltr'><strong>si,</strong></span> <span class='ocrx_word' id='word_1_20' title='bbox 1517 637 1638 678; x_wconf 89' lang='lat' dir='ltr'><strong>cum</strong></span> <span class='ocrx_word' id='word_1_21' title='bbox 1669 621 1735 675; x_wconf 90' lang='lat' dir='ltr'><strong>ad</strong></span> <span class='ocrx_word' id='word_1_22' title='bbox 1762 619 1952 674; x_wconf 83' lang='lat' dir='ltr'><strong>melio-</strong></span> 
     </span>
    </p>
   </div>
   <div class='ocr_carea' id='block_1_5' title="bbox 366 710 1951 798">
    <p class='ocr_par' dir='ltr' id='par_1_5' title="bbox 366 710 1951 798">
     <span class='ocr_line' id='line_1_5' title="bbox 366 710 1951 798; baseline -0.016 -11"><span class='ocrx_word' id='word_1_23' title='bbox 366 747 482 787; x_wconf 91' lang='lat' dir='ltr'><strong>rem</strong></span> <span class='ocrx_word' id='word_1_24' title='bbox 505 729 709 798; x_wconf 81' lang='lat' dir='ltr'><strong>frugem</strong></span> <span class='ocrx_word' id='word_1_25' title='bbox 739 741 797 780; x_wconf 91' lang='lat' dir='ltr'><strong>se</strong></span> <span class='ocrx_word' id='word_1_26' title='bbox 823 721 1240 784; x_wconf 64' lang='lat' dir='ltr'><strong>convenissent,</strong></span> <span class='ocrx_word' id='word_1_27' title='bbox 1265 715 1508 772; x_wconf 83' lang='lat' dir='ltr'><strong>eamdem</strong></span> <span class='ocrx_word' id='word_1_28' title='bbox 1527 710 1951 782; x_wconf 89' lang='lat' dir='ltr'><strong>obiurgationem</strong></span> 
     </span>
    </p>
   </div>
   <div class='ocr_carea' id='block_1_6' title="bbox 367 801 1949 880">
    <p class='ocr_par' dir='ltr' id='par_1_6' title="bbox 367 801 1949 880">
     <span class='ocr_line' id='line_1_6' title="bbox 367 801 1949 880; baseline -0.015 -2"><span class='ocrx_word' id='word_1_29' title='bbox 367 823 653 878; x_wconf 86' lang='lat' dir='ltr'><strong>subiissent</strong></span> <span class='ocrx_word' id='word_1_30' title='bbox 664 860 678 872; x_wconf 91' lang='lat'><strong>.</strong></span> <span class='ocrx_word' id='word_1_31' title='bbox 691 817 812 871; x_wconf 88' lang='lat' dir='ltr'><strong>Ideo</strong></span> <span class='ocrx_word' id='word_1_32' title='bbox 825 815 937 867; x_wconf 79' lang='lat' dir='ltr'><strong>inec</strong></span> <span class='ocrx_word' id='word_1_33' title='bbox 949 810 1173 880; x_wconf 76' lang='lat' dir='ltr'><strong>epi5tola</strong></span> <span class='ocrx_word' id='word_1_34' title='bbox 1188 809 1466 877; x_wconf 88' lang='lat' dir='ltr'><strong>superiore</strong></span> <span class='ocrx_word' id='word_1_35' title='bbox 1483 805 1652 860; x_wconf 88' lang='lat' dir='ltr'><strong>ntulto</strong></span> <span class='ocrx_word' id='word_1_36' title='bbox 1666 801 1836 857; x_wconf 89' lang='lat' dir='ltr'><strong>lenior</strong></span> <span class='ocrx_word' id='word_1_37' title='bbox 1849 809 1949 855; x_wconf 89' lang='lat' dir='ltr'><strong>est.</strong></span> 
     </span>
    </p>
   </div>
   <div class='ocr_carea' id='block_1_7' title="bbox 369 893 1958 984">
    <p class='ocr_par' dir='ltr' id='par_1_7' title="bbox 369 893 1958 984">
     <span class='ocr_line' id='line_1_7' title="bbox 369 893 1958 984; baseline -0.016 -15"><span class='ocrx_word' id='word_1_38' title='bbox 369 914 522 984; x_wconf 80' lang='lat' dir='ltr'><strong>(Cap.</strong></span> <span class='ocrx_word' id='word_1_39' title='bbox 544 912 654 983; x_wconf 82' lang='grc' dir='ltr'><strong>Η.)</strong></span> <span class='ocrx_word' id='word_1_40' title='bbox 675 911 722 963; x_wconf 77' lang='grc'><strong>1.</strong></span> <span class='ocrx_word' id='word_1_41' title='bbox 749 906 920 963; x_wconf 84' lang='lat' dir='ltr'><strong>Statui</strong></span> <span class='ocrx_word' id='word_1_42' title='bbox 936 915 1104 958; x_wconf 85' lang='lat' dir='ltr'><strong>autem</strong></span> <span class='ocrx_word' id='word_1_43' title='bbox 1117 902 1219 956; x_wconf 31' lang='lat' dir='ltr'><strong>rhoc</strong></span> <span class='ocrx_word' id='word_1_44' title='bbox 1237 903 1402 971; x_wconf 85' lang='lat' dir='ltr'><strong>ipsum</strong></span> <span class='ocrx_word' id='word_1_45' title='bbox 1421 897 1558 970; x_wconf 81' lang='lat' dir='ltr'><strong>apud</strong></span> <span class='ocrx_word' id='word_1_46' title='bbox 1581 910 1678 960; x_wconf 86' lang='lat' dir='ltr'><strong>me,</strong></span> <span class='ocrx_word' id='word_1_47' title='bbox 1695 908 1756 948; x_wconf 85' lang='lat' dir='ltr'><strong>ne</strong></span> <span class='ocrx_word' id='word_1_48' title='bbox 1772 893 1958 946; x_wconf 79' lang='lat' dir='ltr'><strong>iterum</strong></span> 
     </span>
    </p>
   </div>
   <div class='ocr_carea' id='block_1_8' title="bbox 367 987 1958 1059">
    <p class='ocr_par' dir='ltr' id='par_1_8' title="bbox 367 987 1958 1059">
     <span class='ocr_line' id='line_1_8' title="bbox 367 987 1958 1059; baseline -0.013 0"><span class='ocrx_word' id='word_1_49' title='bbox 367 1006 419 1059; x_wconf 88' lang='lat' dir='ltr'><strong>in</strong></span> <span class='ocrx_word' id='word_1_50' title='bbox 441 1005 642 1058; x_wconf 82' lang='lat' dir='ltr'><strong>tristitia</strong></span> <span class='ocrx_word' id='word_1_51' title='bbox 659 1002 876 1055; x_wconf 82' lang='lat' dir='ltr'><strong>uenirem</strong></span> <span class='ocrx_word' id='word_1_52' title='bbox 893 999 962 1052; x_wconf 89' lang='lat' dir='ltr'><strong>ad</strong></span> <span class='ocrx_word' id='word_1_53' title='bbox 977 1013 1082 1052; x_wconf 80' lang='lat' dir='ltr'><strong>vos.</strong></span> <span class='ocrx_word' id='word_1_54' title='bbox 1113 995 1245 1051; x_wconf 88' lang='lat' dir='ltr'><strong>Cum</strong></span> <span class='ocrx_word' id='word_1_55' title='bbox 1266 993 1358 1058; x_wconf 88' lang='lat' dir='ltr'><strong>ait,</strong></span> <span class='ocrx_word' id='word_1_56' title='bbox 1398 992 1423 1046; x_wconf 84' lang='grc' dir='ltr'><em>Ι</em></span> <span class='ocrx_word' id='word_1_57' title='bbox 1434 1002 1613 1054; x_wconf 86' lang='lat' dir='ltr'><strong>terum,</strong></span> <span class='ocrx_word' id='word_1_58' title='bbox 1639 987 1872 1043; x_wconf 79' lang='lat' dir='ltr'><strong>ostendit</strong></span> <span class='ocrx_word' id='word_1_59' title='bbox 1899 999 1958 1039; x_wconf 89' lang='lat' dir='ltr'><strong>se</strong></span> 
     </span>
    </p>
   </div>
   <div class='ocr_carea' id='block_1_9' title="bbox 366 1085 1957 1166">
    <p class='ocr_par' dir='ltr' id='par_1_9' title="bbox 366 1085 1957 1166">
     <span class='ocr_line' id='line_1_9' title="bbox 366 1085 1957 1166; baseline -0.011 -17"><span class='ocrx_word' id='word_1_60' title='bbox 366 1097 474 1166; x_wconf 77' lang='lat' dir='ltr'><strong>iam</strong></span> <span class='ocrx_word' id='word_1_61' title='bbox 504 1096 572 1148; x_wconf 87' lang='lat' dir='ltr'><strong>ab</strong></span> <span class='ocrx_word' id='word_1_62' title='bbox 606 1094 718 1148; x_wconf 90' lang='lat' dir='ltr'><strong>illis</strong></span> <span class='ocrx_word' id='word_1_63' title='bbox 745 1106 977 1148; x_wconf 70' lang='lat' dir='ltr'><strong>maerore</strong></span> <span class='ocrx_word' id='word_1_64' title='bbox 1006 1089 1254 1143; x_wconf 85' lang='lat' dir='ltr'><strong>affectum</strong></span> <span class='ocrx_word' id='word_1_65' title='bbox 1287 1085 1452 1139; x_wconf 87' lang='lat' dir='ltr'><strong>fuisse</strong></span> <span class='ocrx_word' id='word_1_66' title='bbox 1480 1096 1748 1150; x_wconf 89' lang='lat' dir='ltr'><strong>:cumque</strong></span> <span class='ocrx_word' id='word_1_67' title='bbox 1773 1094 1830 1133; x_wconf 91' lang='lat' dir='ltr'><strong>se</strong></span> <span class='ocrx_word' id='word_1_68' title='bbox 1860 1093 1957 1132; x_wconf 83' lang='lat' dir='ltr'><strong>ex-</strong></span> 
     </span>
    </p>
   </div>
   <div class='ocr_carea' id='block_1_10' title="bbox 369 1169 1956 1250">
    <p class='ocr_par' dir='ltr' id='par_1_10' title="bbox 369 1169 1956 1250">
     <span class='ocr_line' id='line_1_10' title="bbox 369 1169 1956 1250; baseline -0.014 -5"><span class='ocrx_word' id='word_1_69' title='bbox 369 1203 563 1245; x_wconf 86' lang='lat' dir='ltr'><strong>cusare</strong></span> <span class='ocrx_word' id='word_1_70' title='bbox 594 1188 822 1250; x_wconf 87' lang='lat' dir='ltr'><strong>videtur,</strong></span> <span class='ocrx_word' id='word_1_71' title='bbox 857 1201 953 1240; x_wconf 90' lang='lat' dir='ltr'><strong>eos</strong></span> <span class='ocrx_word' id='word_1_72' title='bbox 981 1185 1143 1238; x_wconf 90' lang='lat' dir='ltr'><strong>tacite</strong></span> <span class='ocrx_word' id='word_1_73' title='bbox 1179 1179 1507 1250; x_wconf 75' lang='lat' dir='ltr'><strong>perstringit.</strong></span> <span class='ocrx_word' id='word_1_74' title='bbox 1540 1175 1672 1230; x_wconf 82' lang='lat' dir='ltr'><strong>Nam</strong></span> <span class='ocrx_word' id='word_1_75' title='bbox 1699 1173 1745 1228; x_wconf 88' lang='lat' dir='ltr'><strong>si</strong></span> <span class='ocrx_word' id='word_1_76' title='bbox 1769 1173 1878 1242; x_wconf 88' lang='lat' dir='ltr'><strong>iam</strong></span> <span class='ocrx_word' id='word_1_77' title='bbox 1907 1169 1956 1224; x_wconf 90' lang='lat' dir='ltr'><strong>ei</strong></span> 
     </span>
    </p>
   </div>
   <div class='ocr_carea' id='block_1_11' title="bbox 375 1261 1960 1339">
    <p class='ocr_par' dir='ltr' id='par_1_11' title="bbox 375 1261 1960 1339">
     <span class='ocr_line' id='line_1_11' title="bbox 375 1261 1960 1339; baseline -0.015 -3"><span class='ocrx_word' id='word_1_78' title='bbox 375 1295 664 1337; x_wconf 67' lang='lat' dir='ltr'><strong>maerorem</strong></span> <span class='ocrx_word' id='word_1_79' title='bbox 689 1278 999 1339; x_wconf 82' lang='lat' dir='ltr'><strong>attulerant,</strong></span> <span class='ocrx_word' id='word_1_80' title='bbox 1023 1289 1087 1328; x_wconf 90' lang='lat' dir='ltr'><strong>ac</strong></span> <span class='ocrx_word' id='word_1_81' title='bbox 1107 1286 1295 1328; x_wconf 89' lang='lat' dir='ltr'><strong>rursus</strong></span> <span class='ocrx_word' id='word_1_82' title='bbox 1322 1267 1532 1323; x_wconf 87' lang='lat' dir='ltr'><strong>allaturi</strong></span> <span class='ocrx_word' id='word_1_83' title='bbox 1555 1272 1730 1330; x_wconf 89' lang='lat' dir='ltr'><strong>erant,</strong></span> <span class='ocrx_word' id='word_1_84' title='bbox 1755 1261 1960 1330; x_wconf 76' lang='lat' dir='ltr'><strong>cogites</strong></span> 
     </span>
    </p>
   </div>
   <div class='ocr_carea' id='block_1_12' title="bbox 375 1353 1962 1440">
    <p class='ocr_par' dir='ltr' id='par_1_12' title="bbox 375 1353 1962 1440">
     <span class='ocr_line' id='line_1_12' title="bbox 375 1353 1962 1440; baseline -0.013 -16"><span class='ocrx_word' id='word_1_85' title='bbox 375 1373 537 1426; x_wconf 78' lang='lat' dir='ltr'><strong>wlim</strong></span> <span class='ocrx_word' id='word_1_86' title='bbox 600 1379 835 1440; x_wconf 89' lang='lat' dir='ltr'><strong>quantus</strong></span> <span class='ocrx_word' id='word_1_87' title='bbox 877 1381 1078 1422; x_wconf 69' lang='lat' dir='ltr'><strong>mmror</strong></span> <span class='ocrx_word' id='word_1_88' title='bbox 1129 1363 1297 1434; x_wconf 84' lang='lat' dir='ltr'><strong>ipsius</strong></span> <span class='ocrx_word' id='word_1_89' title='bbox 1341 1357 1709 1414; x_wconf 86' lang='lat' dir='ltr'><strong>verisimiliter</strong></span> <span class='ocrx_word' id='word_1_90' title='bbox 1753 1353 1962 1407; x_wconf 86' lang='lat' dir='ltr'><strong>futurus</strong></span> 
     </span>
    </p>
   </div>
   <div class='ocr_carea' id='block_1_13' title="bbox 375 1441 1963 1522">
    <p class='ocr_par' dir='ltr' id='par_1_13' title="bbox 375 1441 1963 1522">
     <span class='ocr_line' id='line_1_13' title="bbox 375 1441 1963 1522; baseline -0.015 -4"><span class='ocrx_word' id='word_1_91' title='bbox 375 1474 512 1519; x_wconf 84' lang='lat' dir='ltr'><strong>erat.</strong></span> <span class='ocrx_word' id='word_1_92' title='bbox 549 1462 750 1517; x_wconf 83' lang='lat' dir='ltr'><strong>Verum</strong></span> <span class='ocrx_word' id='word_1_93' title='bbox 778 1460 878 1514; x_wconf 90' lang='lat' dir='ltr'><strong>hoc</strong></span> <span class='ocrx_word' id='word_1_94' title='bbox 909 1473 1014 1511; x_wconf 90' lang='lat' dir='ltr'><strong>non</strong></span> <span class='ocrx_word' id='word_1_95' title='bbox 1063 1455 1209 1517; x_wconf 87' lang='lat' dir='ltr'><strong>dicit,</strong></span> <span class='ocrx_word' id='word_1_96' title='bbox 1241 1450 1384 1522; x_wconf 87' lang='lat' dir='ltr'><strong>quod</strong></span> <span class='ocrx_word' id='word_1_97' title='bbox 1432 1447 1684 1504; x_wconf 58' lang='lat' dir='ltr'><strong>maestitia</strong></span> <span class='ocrx_word' id='word_1_98' title='bbox 1735 1444 1802 1498; x_wconf 90' lang='lat' dir='ltr'><strong>ab</strong></span> <span class='ocrx_word' id='word_1_99' title='bbox 1833 1441 1963 1512; x_wconf 84' lang='lat' dir='ltr'><strong>ipsis</strong></span> 
     </span>
    </p>
   </div>
   <div class='ocr_carea' id='block_1_14' title="bbox 375 1531 1965 1612">
    <p class='ocr_par' dir='ltr' id='par_1_14' title="bbox 375 1531 1965 1612">
     <span class='ocr_line' id='line_1_14' title="bbox 375 1531 1965 1612; baseline -0.016 -3"><span class='ocrx_word' id='word_1_100' title='bbox 375 1556 602 1609; x_wconf 82' lang='lat' dir='ltr'><strong>ali&#39;ectus</strong></span> <span class='ocrx_word' id='word_1_101' title='bbox 629 1553 719 1612; x_wconf 87' lang='lat' dir='ltr'><strong>sit,</strong></span> <span class='ocrx_word' id='word_1_102' title='bbox 756 1549 850 1605; x_wconf 85' lang='lat' dir='ltr'><strong>sed</strong></span> <span class='ocrx_word' id='word_1_103' title='bbox 873 1549 980 1602; x_wconf 88' lang='lat' dir='ltr'><strong>alio</strong></span> <span class='ocrx_word' id='word_1_104' title='bbox 1003 1545 1163 1601; x_wconf 91' lang='lat' dir='ltr'><strong>modo</strong></span> <span class='ocrx_word' id='word_1_105' title='bbox 1186 1545 1431 1612; x_wconf 89' lang='lat' dir='ltr'><strong>loquens,</strong></span> <span class='ocrx_word' id='word_1_106' title='bbox 1457 1539 1559 1593; x_wconf 90' lang='lat' dir='ltr'><strong>hoc</strong></span> <span class='ocrx_word' id='word_1_107' title='bbox 1587 1537 1759 1606; x_wconf 89' lang='lat' dir='ltr'><strong>ipsum</strong></span> <span class='ocrx_word' id='word_1_108' title='bbox 1791 1531 1965 1588; x_wconf 85' lang='lat' dir='ltr'><strong>innuit</strong></span> 
     </span>
    </p>
   </div>
   <div class='ocr_carea' id='block_1_15' title="bbox 375 1624 1962 1716">
    <p class='ocr_par' dir='ltr' id='par_1_15' title="bbox 375 1624 1962 1716">
     <span class='ocr_line' id='line_1_15' title="bbox 375 1624 1962 1716; baseline -0.014 -16"><span class='ocrx_word' id='word_1_109' title='bbox 375 1649 554 1716; x_wconf 77' lang='lat' dir='ltr'><strong>aitque</strong></span> <span class='ocrx_word' id='word_1_110' title='bbox 586 1642 906 1712; x_wconf 85' lang='lat' dir='ltr'><strong>:Propterea</strong></span> <span class='ocrx_word' id='word_1_111' title='bbox 934 1654 1039 1693; x_wconf 89' lang='lat' dir='ltr'><strong>non</strong></span> <span class='ocrx_word' id='word_1_112' title='bbox 1069 1637 1210 1703; x_wconf 86' lang='lat' dir='ltr'><strong>veni,</strong></span> <span class='ocrx_word' id='word_1_113' title='bbox 1233 1651 1299 1689; x_wconf 91' lang='lat' dir='ltr'><strong>ne</strong></span> <span class='ocrx_word' id='word_1_114' title='bbox 1321 1647 1414 1688; x_wconf 85' lang='lat' dir='ltr'><strong>vos</strong></span> <span class='ocrx_word' id='word_1_115' title='bbox 1437 1644 1670 1686; x_wconf 64' lang='lat' dir='ltr'><strong>maerore</strong></span> <span class='ocrx_word' id='word_1_116' title='bbox 1695 1624 1962 1716; x_wconf 76' lang='lat' dir='ltr'><strong>alliciam:</strong></span> 
     </span>
    </p>
   </div>
   <div class='ocr_carea' id='block_1_16' title="bbox 377 1715 1960 1809">
    <p class='ocr_par' dir='ltr' id='par_1_16' title="bbox 377 1715 1960 1809">
     <span class='ocr_line' id='line_1_16' title="bbox 377 1715 1960 1809; baseline -0.016 -17"><span class='ocrx_word' id='word_1_117' title='bbox 377 1715 518 1809; x_wconf 85' lang='lat' dir='ltr'><strong>quod</strong></span> <span class='ocrx_word' id='word_1_118' title='bbox 547 1734 791 1790; x_wconf 87' lang='lat' dir='ltr'><strong>eamdem</strong></span> <span class='ocrx_word' id='word_1_119' title='bbox 815 1730 1030 1802; x_wconf 90' lang='lat' dir='ltr'><strong>quidem</strong></span> <span class='ocrx_word' id='word_1_120' title='bbox 1065 1729 1172 1783; x_wconf 86' lang='lat' dir='ltr'><strong>vim</strong></span> <span class='ocrx_word' id='word_1_121' title='bbox 1200 1726 1362 1781; x_wconf 85' lang='lat' dir='ltr'><strong>habet</strong></span> <span class='ocrx_word' id='word_1_122' title='bbox 1385 1734 1546 1794; x_wconf 90' lang='lat' dir='ltr'><strong>atque</strong></span> <span class='ocrx_word' id='word_1_123' title='bbox 1574 1721 1626 1776; x_wconf 87' lang='lat' dir='ltr'><strong>id</strong></span> <span class='ocrx_word' id='word_1_124' title='bbox 1656 1717 1798 1789; x_wconf 90' lang='lat' dir='ltr'><strong>quod</strong></span> <span class='ocrx_word' id='word_1_125' title='bbox 1830 1715 1960 1777; x_wconf 92' lang='lat' dir='ltr'><strong>dixi,</strong></span> 
     </span>
    </p>
   </div>
   <div class='ocr_carea' id='block_1_17' title="bbox 381 1809 1966 1898">
    <p class='ocr_par' dir='ltr' id='par_1_17' title="bbox 381 1809 1966 1898">
     <span class='ocr_line' id='line_1_17' title="bbox 381 1809 1966 1898; baseline -0.016 -14"><span class='ocrx_word' id='word_1_126' title='bbox 381 1826 710 1898; x_wconf 67' lang='lat' dir='ltr'><strong>aequioribus</strong></span> <span class='ocrx_word' id='word_1_127' title='bbox 747 1834 925 1877; x_wconf 90' lang='lat' dir='ltr'><strong>autem</strong></span> <span class='ocrx_word' id='word_1_128' title='bbox 957 1820 1149 1875; x_wconf 89' lang='lat' dir='ltr'><strong>animis</strong></span> <span class='ocrx_word' id='word_1_129' title='bbox 1177 1817 1466 1887; x_wconf 77' lang='lat' dir='ltr'><strong>excipitur.</strong></span> <span class='ocrx_word' id='word_1_130' title='bbox 1496 1812 1552 1867; x_wconf 78' lang='lat'><strong>‘2.</strong></span> <span class='ocrx_word' id='word_1_131' title='bbox 1585 1811 1646 1867; x_wconf 88' lang='lat' dir='ltr'><strong>Si</strong></span> <span class='ocrx_word' id='word_1_132' title='bbox 1698 1809 1831 1863; x_wconf 87' lang='lat' dir='ltr'><strong>enim</strong></span> <span class='ocrx_word' id='word_1_133' title='bbox 1875 1821 1966 1877; x_wconf 78' lang='lat' dir='ltr'><strong>ego</strong></span> 
     </span>
    </p>
   </div>
   <div class='ocr_carea' id='block_1_18' title="bbox 381 1901 1969 1986">
    <p class='ocr_par' dir='ltr' id='par_1_18' title="bbox 381 1901 1969 1986">
     <span class='ocr_line' id='line_1_18' title="bbox 381 1901 1969 1986; baseline -0.013 -11"><span class='ocrx_word' id='word_1_134' title='bbox 381 1921 626 1976; x_wconf 84' lang='lat' dir='ltr'><strong>contristo</strong></span> <span class='ocrx_word' id='word_1_135' title='bbox 664 1935 772 1985; x_wconf 80' lang='lat' dir='ltr'><strong>vos,</strong></span> <span class='ocrx_word' id='word_1_136' title='bbox 811 1926 855 1970; x_wconf 85' lang='lat' dir='ltr'><strong>et</strong></span> <span class='ocrx_word' id='word_1_137' title='bbox 881 1916 993 1986; x_wconf 89' lang='lat' dir='ltr'><strong>quis</strong></span> <span class='ocrx_word' id='word_1_138' title='bbox 1030 1924 1103 1969; x_wconf 87' lang='lat' dir='ltr'><strong>est</strong></span> <span class='ocrx_word' id='word_1_139' title='bbox 1128 1912 1213 1983; x_wconf 86' lang='lat' dir='ltr'><strong>qui</strong></span> <span class='ocrx_word' id='word_1_140' title='bbox 1241 1927 1318 1965; x_wconf 84' lang='lat' dir='ltr'><strong>me</strong></span> <span class='ocrx_word' id='word_1_141' title='bbox 1358 1909 1600 1978; x_wconf 72' lang='lat' dir='ltr'><strong>lwtiﬁcet,</strong></span> <span class='ocrx_word' id='word_1_142' title='bbox 1653 1904 1754 1959; x_wconf 88' lang='lat' dir='ltr'><strong>nisi</strong></span> <span class='ocrx_word' id='word_1_143' title='bbox 1791 1903 1834 1957; x_wconf 91' lang='lat' dir='ltr'><strong>is</strong></span> <span class='ocrx_word' id='word_1_144' title='bbox 1879 1901 1969 1970; x_wconf 90' lang='lat' dir='ltr'><strong>qui</strong></span> 
     </span>
    </p>
   </div>
   <div class='ocr_carea' id='block_1_19' title="bbox 382 1994 1966 2074">
    <p class='ocr_par' dir='ltr' id='par_1_19' title="bbox 382 1994 1966 2074">
     <span class='ocr_line' id='line_1_19' title="bbox 382 1994 1966 2074; baseline -0.013 -7"><span class='ocrx_word' id='word_1_145' title='bbox 382 2013 711 2067; x_wconf 76' lang='lat' dir='ltr'><strong>contristatur</strong></span> <span class='ocrx_word' id='word_1_146' title='bbox 734 2025 796 2062; x_wconf 81' lang='lat' dir='ltr'><strong>ea:</strong></span> <span class='ocrx_word' id='word_1_147' title='bbox 829 2008 948 2061; x_wconf 83' lang='lat' dir='ltr'><strong>me?</strong></span> <span class='ocrx_word' id='word_1_148' title='bbox 978 2007 1232 2074; x_wconf 70' lang='lat' dir='ltr'><strong>Qumnam</strong></span> <span class='ocrx_word' id='word_1_149' title='bbox 1265 2002 1381 2057; x_wconf 72' lang='grc' dir='ltr'><strong>ὴωο</strong></span> <span class='ocrx_word' id='word_1_150' title='bbox 1408 1997 1789 2069; x_wconf 80' lang='lat' dir='ltr'><strong>consequentia</strong></span> <span class='ocrx_word' id='word_1_151' title='bbox 1843 1994 1966 2049; x_wconf 75' lang='lat' dir='ltr'><strong>est?</strong></span> 
     </span>
    </p>
   </div>
   <div class='ocr_carea' id='block_1_20' title="bbox 384 2087 1969 2161">
    <p class='ocr_par' dir='ltr' id='par_1_20' title="bbox 384 2087 1969 2161">
     <span class='ocr_line' id='line_1_20' title="bbox 384 2087 1969 2161; baseline -0.01 -1"><span class='ocrx_word' id='word_1_152' title='bbox 384 2106 611 2161; x_wconf 82' lang='lat' dir='ltr'><strong>Maxima</strong></span> <span class='ocrx_word' id='word_1_153' title='bbox 635 2113 782 2159; x_wconf 90' lang='lat' dir='ltr'><strong>certe</strong></span> <span class='ocrx_word' id='word_1_154' title='bbox 813 2117 827 2155; x_wconf 88' lang='lat'><strong>:</strong></span> <span class='ocrx_word' id='word_1_155' title='bbox 873 2101 950 2156; x_wconf 89' lang='lat' dir='ltr'><strong>sic</strong></span> <span class='ocrx_word' id='word_1_156' title='bbox 978 2100 1121 2156; x_wconf 92' lang='lat' dir='ltr'><strong>enim</strong></span> <span class='ocrx_word' id='word_1_157' title='bbox 1153 2096 1451 2152; x_wconf 88' lang='lat' dir='ltr'><strong>considera.</strong></span> <span class='ocrx_word' id='word_1_158' title='bbox 1481 2092 1657 2158; x_wconf 87' lang='lat' dir='ltr'><strong>Nolui,</strong></span> <span class='ocrx_word' id='word_1_159' title='bbox 1684 2091 1872 2160; x_wconf 89' lang='lat' dir='ltr'><strong>inquit,</strong></span> <span class='ocrx_word' id='word_1_160' title='bbox 1901 2087 1969 2144; x_wconf 93' lang='lat' dir='ltr'><strong>ad</strong></span> 
     </span>
    </p>
   </div>
   <div class='ocr_carea' id='block_1_21' title="bbox 385 2183 1967 2267">
    <p class='ocr_par' dir='ltr' id='par_1_21' title="bbox 385 2183 1967 2267">
     <span class='ocr_line' id='line_1_21' title="bbox 385 2183 1967 2267; baseline -0.012 -15"><span class='ocrx_word' id='word_1_161' title='bbox 385 2213 480 2252; x_wconf 94' lang='lat' dir='ltr'><strong>vos</strong></span> <span class='ocrx_word' id='word_1_162' title='bbox 505 2195 792 2267; x_wconf 89' lang='lat' dir='ltr'><strong>proﬁcisci,</strong></span> <span class='ocrx_word' id='word_1_163' title='bbox 822 2208 890 2248; x_wconf 91' lang='lat' dir='ltr'><strong>ne</strong></span> <span class='ocrx_word' id='word_1_164' title='bbox 913 2207 1006 2248; x_wconf 87' lang='lat' dir='ltr'><strong>vos</strong></span> <span class='ocrx_word' id='word_1_165' title='bbox 1033 2190 1261 2260; x_wconf 88' lang='lat' dir='ltr'><strong>amplius</strong></span> <span class='ocrx_word' id='word_1_166' title='bbox 1284 2187 1621 2251; x_wconf 87' lang='lat' dir='ltr'><strong>contristent,</strong></span> <span class='ocrx_word' id='word_1_167' title='bbox 1659 2183 1967 2252; x_wconf 84' lang='lat' dir='ltr'><strong>obiurgans,</strong></span> 
     </span>
    </p>
   </div>
   <div class='ocr_carea' id='block_1_22' title="bbox 384 2275 1972 2354">
    <p class='ocr_par' dir='ltr' id='par_1_22' title="bbox 384 2275 1972 2354">
     <span class='ocr_line' id='line_1_22' title="bbox 384 2275 1972 2354; baseline -0.013 -9"><span class='ocrx_word' id='word_1_168' title='bbox 384 2287 804 2354; x_wconf 85' lang='lat' dir='ltr'><strong>excandesccns,</strong></span> <span class='ocrx_word' id='word_1_169' title='bbox 828 2299 1105 2339; x_wconf 84' lang='lat' dir='ltr'><strong>aversans.</strong></span> <span class='ocrx_word' id='word_1_170' title='bbox 1125 2280 1350 2347; x_wconf 89' lang='lat' dir='ltr'><strong>Deinde,</strong></span> <span class='ocrx_word' id='word_1_171' title='bbox 1369 2279 1620 2350; x_wconf 87' lang='lat' dir='ltr'><strong>quoniam</strong></span> <span class='ocrx_word' id='word_1_172' title='bbox 1645 2275 1746 2330; x_wconf 90' lang='lat' dir='ltr'><strong>hoc</strong></span> <span class='ocrx_word' id='word_1_173' title='bbox 1760 2286 1972 2344; x_wconf 90' lang='lat' dir='ltr'><strong>quoque</strong></span> 
     </span>
    </p>
   </div>
   <div class='ocr_carea' id='block_1_23' title="bbox 384 2369 1973 2452">
    <p class='ocr_par' dir='ltr' id='par_1_23' title="bbox 384 2369 1973 2452">
     <span class='ocr_line' id='line_1_23' title="bbox 384 2369 1973 2452; baseline -0.011 -15"><span class='ocrx_word' id='word_1_174' title='bbox 384 2396 547 2452; x_wconf 88' lang='lat' dir='ltr'><strong>grave</strong></span> <span class='ocrx_word' id='word_1_175' title='bbox 579 2388 696 2435; x_wconf 84' lang='lat' dir='ltr'><strong>erat</strong></span> <span class='ocrx_word' id='word_1_176' title='bbox 715 2420 731 2444; x_wconf 95' lang='lat'><strong>,</strong></span> <span class='ocrx_word' id='word_1_177' title='bbox 760 2389 919 2448; x_wconf 90' lang='lat' dir='ltr'><strong>atque</strong></span> <span class='ocrx_word' id='word_1_178' title='bbox 948 2377 1187 2447; x_wconf 88' lang='lat' dir='ltr'><strong>ipsorum</strong></span> <span class='ocrx_word' id='word_1_179' title='bbox 1216 2374 1614 2429; x_wconf 87' lang='lat' dir='ltr'><strong>accusationem</strong></span> <span class='ocrx_word' id='word_1_180' title='bbox 1645 2369 1973 2438; x_wconf 83' lang='lat' dir='ltr'><strong>complecte-</strong></span> 
     </span>
    </p>
   </div>
   <div class='ocr_carea' id='block_1_24' title="bbox 388 2457 1972 2543">
    <p class='ocr_par' dir='ltr' id='par_1_24' title="bbox 388 2457 1972 2543">
     <span class='ocr_line' id='line_1_24' title="bbox 388 2457 1972 2543; baseline -0.01 -15"><span class='ocrx_word' id='word_1_181' title='bbox 388 2474 562 2538; x_wconf 85' lang='lat' dir='ltr'><strong>batur,</strong></span> <span class='ocrx_word' id='word_1_182' title='bbox 593 2472 636 2526; x_wconf 90' lang='lat' dir='ltr'><strong>si</strong></span> <span class='ocrx_word' id='word_1_183' title='bbox 663 2469 876 2543; x_wconf 88' lang='lat' dir='ltr'><strong>quidem</strong></span> <span class='ocrx_word' id='word_1_184' title='bbox 900 2468 972 2524; x_wconf 87' lang='lat' dir='ltr'><strong>ita</strong></span> <span class='ocrx_word' id='word_1_185' title='bbox 1002 2467 1262 2531; x_wconf 88' lang='lat' dir='ltr'><strong>viverent,</strong></span> <span class='ocrx_word' id='word_1_186' title='bbox 1295 2475 1351 2519; x_wconf 92' lang='lat' dir='ltr'><strong>ut</strong></span> <span class='ocrx_word' id='word_1_187' title='bbox 1373 2464 1590 2519; x_wconf 86' lang='lat' dir='ltr'><strong>Paulum</strong></span> <span class='ocrx_word' id='word_1_188' title='bbox 1614 2461 1868 2516; x_wconf 64' lang='lat' dir='ltr'><strong>maestitia</strong></span> <span class='ocrx_word' id='word_1_189' title='bbox 1891 2457 1972 2513; x_wconf 88' lang='lat' dir='ltr'><strong>af-</strong></span> 
     </span>
    </p>
   </div>
   <div class='ocr_carea' id='block_1_25' title="bbox 389 2551 1973 2628">
    <p class='ocr_par' dir='ltr' id='par_1_25' title="bbox 389 2551 1973 2628">
     <span class='ocr_line' id='line_1_25' title="bbox 389 2551 1973 2628; baseline -0.012 -7"><span class='ocrx_word' id='word_1_190' title='bbox 389 2567 628 2628; x_wconf 88' lang='lat' dir='ltr'><strong>licerent,</strong></span> <span class='ocrx_word' id='word_1_191' title='bbox 683 2561 1077 2618; x_wconf 76' lang='lat' dir='ltr'><strong>correctimiem</strong></span> <span class='ocrx_word' id='word_1_192' title='bbox 1107 2557 1347 2621; x_wconf 86' lang='lat' dir='ltr'><strong>adhibet,</strong></span> <span class='ocrx_word' id='word_1_193' title='bbox 1381 2555 1562 2624; x_wconf 88' lang='lat' dir='ltr'><strong>aitque</strong></span> <span class='ocrx_word' id='word_1_194' title='bbox 1589 2571 1602 2608; x_wconf 89' lang='lat'>:</span> <span class='ocrx_word' id='word_1_195' title='bbox 1635 2552 1694 2607; x_wconf 90' lang='lat' dir='ltr'><strong>Si</strong></span> <span class='ocrx_word' id='word_1_196' title='bbox 1719 2551 1852 2606; x_wconf 86' lang='lat' dir='ltr'><strong>enim</strong></span> <span class='ocrx_word' id='word_1_197' title='bbox 1882 2565 1973 2620; x_wconf 85' lang='lat' dir='ltr'><strong>ego</strong></span> 
     </span>
    </p>
   </div>
   <div class='ocr_carea' id='block_1_26' title="bbox 387 2641 1977 2722">
    <p class='ocr_par' dir='ltr' id='par_1_26' title="bbox 387 2641 1977 2722">
     <span class='ocr_line' id='line_1_26' title="bbox 387 2641 1977 2722; baseline -0.011 -10"><span class='ocrx_word' id='word_1_198' title='bbox 387 2657 628 2712; x_wconf 85' lang='lat' dir='ltr'><strong>contristo</strong></span> <span class='ocrx_word' id='word_1_199' title='bbox 667 2669 776 2720; x_wconf 80' lang='lat' dir='ltr'><strong>uos,</strong></span> <span class='ocrx_word' id='word_1_200' title='bbox 814 2662 860 2707; x_wconf 90' lang='lat' dir='ltr'><strong>et</strong></span> <span class='ocrx_word' id='word_1_201' title='bbox 890 2652 1001 2722; x_wconf 91' lang='lat' dir='ltr'><strong>quis</strong></span> <span class='ocrx_word' id='word_1_202' title='bbox 1050 2650 1235 2720; x_wconf 84' lang='lat' dir='ltr'><strong>estqui</strong></span> <span class='ocrx_word' id='word_1_203' title='bbox 1267 2663 1345 2702; x_wconf 87' lang='lat' dir='ltr'><strong>me</strong></span> <span class='ocrx_word' id='word_1_204' title='bbox 1369 2647 1612 2715; x_wconf 73' lang='lat' dir='ltr'><strong>lwtiﬁcet,</strong></span> <span class='ocrx_word' id='word_1_205' title='bbox 1654 2644 1752 2698; x_wconf 83' lang='lat' dir='ltr'><strong>nisi</strong></span> <span class='ocrx_word' id='word_1_206' title='bbox 1803 2643 1846 2696; x_wconf 91' lang='lat' dir='ltr'><strong>is</strong></span> <span class='ocrx_word' id='word_1_207' title='bbox 1887 2641 1977 2712; x_wconf 85' lang='lat' dir='ltr'><strong>qui</strong></span> 
     </span>
    </p>
   </div>
   <div class='ocr_carea' id='block_1_27' title="bbox 388 2736 1978 2805">
    <p class='ocr_par' dir='ltr' id='par_1_27' title="bbox 388 2736 1978 2805">
     <span class='ocr_line' id='line_1_27' title="bbox 388 2736 1978 2805; baseline -0.011 -1"><span class='ocrx_word' id='word_1_208' title='bbox 388 2751 714 2805; x_wconf 82' lang='lat' dir='ltr'><strong>contristatur</strong></span> <span class='ocrx_word' id='word_1_209' title='bbox 745 2764 806 2801; x_wconf 71' lang='lat' dir='ltr'><strong>cx</strong></span> <span class='ocrx_word' id='word_1_210' title='bbox 830 2746 946 2799; x_wconf 85' lang='lat' dir='ltr'><strong>me?</strong></span> <span class='ocrx_word' id='word_1_211' title='bbox 979 2744 1178 2799; x_wconf 84' lang='lat' dir='ltr'><strong>[lorum</strong></span> <span class='ocrx_word' id='word_1_212' title='bbox 1205 2751 1382 2796; x_wconf 86' lang='lat' dir='ltr'><strong>autem</strong></span> <span class='ocrx_word' id='word_1_213' title='bbox 1418 2738 1702 2795; x_wconf 90' lang='lat' dir='ltr'><strong>verborum</strong></span> <span class='ocrx_word' id='word_1_214' title='bbox 1737 2736 1824 2790; x_wconf 92' lang='lat' dir='ltr'><strong>hic</strong></span> <span class='ocrx_word' id='word_1_215' title='bbox 1854 2749 1978 2789; x_wconf 84' lang='lat' dir='ltr'><strong>sen-</strong></span> 
     </span>
    </p>
   </div>
   <div class='ocr_carea' id='block_1_28' title="bbox 389 2827 1977 2911">
    <p class='ocr_par' dir='ltr' id='par_1_28' title="bbox 389 2827 1977 2911">
     <span class='ocr_line' id='line_1_28' title="bbox 389 2827 1977 2911; baseline -0.011 -12"><span class='ocrx_word' id='word_1_216' title='bbox 389 2860 482 2899; x_wconf 90' lang='lat' dir='ltr'><strong>sus</strong></span> <span class='ocrx_word' id='word_1_217' title='bbox 507 2855 587 2898; x_wconf 87' lang='lat' dir='ltr'><strong>est</strong></span> <span class='ocrx_word' id='word_1_218' title='bbox 622 2861 636 2896; x_wconf 86' lang='lat'><strong>:</strong></span> <span class='ocrx_word' id='word_1_219' title='bbox 664 2841 804 2911; x_wconf 78' lang='lat' dir='ltr'><strong>quod</strong></span> <span class='ocrx_word' id='word_1_220' title='bbox 832 2839 876 2892; x_wconf 92' lang='lat' dir='ltr'><strong>si</strong></span> <span class='ocrx_word' id='word_1_221' title='bbox 905 2839 1065 2892; x_wconf 90' lang='lat' dir='ltr'><strong>etiam</strong></span> <span class='ocrx_word' id='word_1_222' title='bbox 1093 2835 1331 2890; x_wconf 78' lang='lat' dir='ltr'><strong>futurum</strong></span> <span class='ocrx_word' id='word_1_223' title='bbox 1383 2841 1548 2898; x_wconf 87' lang='lat' dir='ltr'><strong>esset,</strong></span> <span class='ocrx_word' id='word_1_224' title='bbox 1600 2841 1660 2885; x_wconf 93' lang='lat' dir='ltr'><strong>ut</strong></span> <span class='ocrx_word' id='word_1_225' title='bbox 1703 2829 1757 2884; x_wconf 89' lang='lat' dir='ltr'><strong>in</strong></span> <span class='ocrx_word' id='word_1_226' title='bbox 1787 2827 1977 2884; x_wconf 90' lang='lat' dir='ltr'><strong>dolore</strong></span> 
     </span>
    </p>
   </div>
   <div class='ocr_carea' id='block_1_29' title="bbox 393 2921 1978 2999">
    <p class='ocr_par' dir='ltr' id='par_1_29' title="bbox 393 2921 1978 2999">
     <span class='ocr_line' id='line_1_29' title="bbox 393 2921 1978 2999; baseline -0.008 -10"><span class='ocrx_word' id='word_1_227' title='bbox 393 2950 662 2999; x_wconf 89' lang='lat' dir='ltr'><strong>versarer,</strong></span> <span class='ocrx_word' id='word_1_228' title='bbox 687 2933 814 2986; x_wconf 89' lang='lat' dir='ltr'><strong>dum</strong></span> <span class='ocrx_word' id='word_1_229' title='bbox 842 2932 1048 2986; x_wconf 88' lang='lat' dir='ltr'><strong>scilicet</strong></span> <span class='ocrx_word' id='word_1_230' title='bbox 1087 2943 1184 2983; x_wconf 89' lang='lat' dir='ltr'><strong>vos</strong></span> <span class='ocrx_word' id='word_1_231' title='bbox 1213 2928 1500 2997; x_wconf 90' lang='lat' dir='ltr'><strong>obiurgare</strong></span> <span class='ocrx_word' id='word_1_232' title='bbox 1544 2939 1608 2979; x_wconf 90' lang='lat' dir='ltr'><strong>ac</strong></span> <span class='ocrx_word' id='word_1_233' title='bbox 1637 2931 1860 2979; x_wconf 72' lang='lat' dir='ltr'><strong>maestos</strong></span> <span class='ocrx_word' id='word_1_234' title='bbox 1898 2921 1978 2976; x_wconf 56' lang='lat' dir='ltr'><strong>vi.</strong></span> 
     </span>
    </p>
   </div>
   <div class='ocr_carea' id='block_1_30' title="bbox 391 3005 1975 3094">
    <p class='ocr_par' dir='ltr' id='par_1_30' title="bbox 391 3005 1975 3094">
     <span class='ocr_line' id='line_1_30' title="bbox 391 3005 1975 3094; baseline -0.009 -13"><span class='ocrx_word' id='word_1_235' title='bbox 391 3027 522 3081; x_wconf 90' lang='lat' dir='ltr'><strong>dere</strong></span> <span class='ocrx_word' id='word_1_236' title='bbox 549 3039 772 3094; x_wconf 89' lang='lat' dir='ltr'><strong>cogerer</strong></span> <span class='ocrx_word' id='word_1_237' title='bbox 800 3041 814 3077; x_wconf 89' lang='lat'><strong>:</strong></span> <span class='ocrx_word' id='word_1_238' title='bbox 843 3030 897 3076; x_wconf 90' lang='lat' dir='ltr'><strong>at</strong></span> <span class='ocrx_word' id='word_1_239' title='bbox 921 3037 990 3077; x_wconf 84' lang='lat' dir='ltr'><strong>ex</strong></span> <span class='ocrx_word' id='word_1_240' title='bbox 1019 3021 1121 3074; x_wconf 90' lang='lat' dir='ltr'><strong>hoc</strong></span> <span class='ocrx_word' id='word_1_241' title='bbox 1141 3005 1354 3090; x_wconf 86' lang='lat' dir='ltr'><strong>quoque</strong></span> <span class='ocrx_word' id='word_1_242' title='bbox 1383 3018 1499 3086; x_wconf 90' lang='lat' dir='ltr'><strong>ipso</strong></span> <span class='ocrx_word' id='word_1_243' title='bbox 1529 3014 1856 3086; x_wconf 78' lang='lat' dir='ltr'><strong>voluptatem</strong></span> <span class='ocrx_word' id='word_1_244' title='bbox 1882 3027 1975 3068; x_wconf 81' lang='lat' dir='ltr'><strong>ca-</strong></span> 
     </span>
    </p>
   </div>
   <div class='ocr_carea' id='block_1_31' title="bbox 395 3111 1975 3192">
    <p class='ocr_par' dir='ltr' id='par_1_31' title="bbox 395 3111 1975 3192">
     <span class='ocr_line' id='line_1_31' title="bbox 395 3111 1975 3192; baseline -0.007 -20"><span class='ocrx_word' id='word_1_245' title='bbox 395 3136 597 3192; x_wconf 83' lang='lat' dir='ltr'><strong>perent.</strong></span> <span class='ocrx_word' id='word_1_246' title='bbox 630 3118 916 3174; x_wconf 80' lang='lat' dir='ltr'><strong>Maximum</strong></span> <span class='ocrx_word' id='word_1_247' title='bbox 947 3115 1089 3171; x_wconf 92' lang='lat' dir='ltr'><strong>enim</strong></span> <span class='ocrx_word' id='word_1_248' title='bbox 1115 3114 1218 3169; x_wconf 91' lang='lat' dir='ltr'><strong>hoc</strong></span> <span class='ocrx_word' id='word_1_249' title='bbox 1247 3111 1447 3167; x_wconf 89' lang='lat' dir='ltr'><strong>amoris</strong></span> <span class='ocrx_word' id='word_1_250' title='bbox 1474 3119 1850 3179; x_wconf 82' lang='lat' dir='ltr'><strong>argumentum</strong></span> <span class='ocrx_word' id='word_1_251' title='bbox 1873 3115 1975 3173; x_wconf 72' lang='lat' dir='ltr'><strong>est.</strong></span> 
     </span>
    </p>
   </div>
   <div class='ocr_carea' id='block_1_32' title="bbox 397 3200 1979 3279">
    <p class='ocr_par' dir='ltr' id='par_1_32' title="bbox 397 3200 1979 3279">
     <span class='ocr_line' id='line_1_32' title="bbox 397 3200 1979 3279; baseline -0.006 -13"><span class='ocrx_word' id='word_1_252' title='bbox 397 3213 531 3266; x_wconf 85' lang='lat' dir='ltr'><strong>tanti</strong></span> <span class='ocrx_word' id='word_1_253' title='bbox 572 3227 658 3266; x_wconf 92' lang='lat' dir='ltr'><strong>me</strong></span> <span class='ocrx_word' id='word_1_254' title='bbox 687 3226 717 3264; x_wconf 88' lang='lat' dir='ltr'><strong>a</strong></span> <span class='ocrx_word' id='word_1_255' title='bbox 746 3209 896 3264; x_wconf 86' lang='lat' dir='ltr'><strong>vobis</strong></span> <span class='ocrx_word' id='word_1_256' title='bbox 927 3207 1114 3279; x_wconf 87' lang='lat' dir='ltr'><strong>pendi,</strong></span> <span class='ocrx_word' id='word_1_257' title='bbox 1148 3215 1207 3260; x_wconf 92' lang='lat' dir='ltr'><strong>ut</strong></span> <span class='ocrx_word' id='word_1_258' title='bbox 1232 3205 1442 3260; x_wconf 90' lang='lat' dir='ltr'><strong>animos</strong></span> <span class='ocrx_word' id='word_1_259' title='bbox 1489 3211 1705 3258; x_wconf 79' lang='lat' dir='ltr'><strong>vestros</strong></span> <span class='ocrx_word' id='word_1_260' title='bbox 1731 3200 1979 3256; x_wconf 88' lang='lat' dir='ltr'><strong>mordere</strong></span> 
     </span>
    </p>
   </div>
   <div class='ocr_carea' id='block_1_33' title="bbox 393 3302 1156 3375">
    <p class='ocr_par' dir='ltr' id='par_1_33' title="bbox 393 3302 1156 3375">
     <span class='ocr_line' id='line_1_33' title="bbox 393 3302 1156 3375; baseline -0.005 -18"><span class='ocrx_word' id='word_1_261' title='bbox 393 3319 606 3375; x_wconf 86' lang='lat' dir='ltr'><strong>queam,</strong></span> <span class='ocrx_word' id='word_1_262' title='bbox 639 3302 764 3357; x_wconf 87' lang='lat' dir='ltr'><strong>dum</strong></span> <span class='ocrx_word' id='word_1_263' title='bbox 792 3317 886 3356; x_wconf 91' lang='lat' dir='ltr'><strong>vos</strong></span> <span class='ocrx_word' id='word_1_264' title='bbox 916 3314 1156 3355; x_wconf 89' lang='lat' dir='ltr'><strong>aversor.</strong></span> 
     </span>
    </p>
   </div>
   <div class='ocr_carea' id='block_1_34' title="bbox 463 3385 1979 3464">
    <p class='ocr_par' dir='ltr' id='par_1_34' title="bbox 463 3385 1979 3464">
     <span class='ocr_line' id='line_1_34' title="bbox 463 3385 1979 3464; baseline -0.007 -15"><span class='ocrx_word' id='word_1_265' title='bbox 463 3395 514 3450; x_wconf 77' lang='grc'><strong>2.</strong></span> <span class='ocrx_word' id='word_1_266' title='bbox 563 3394 715 3448; x_wconf 86' lang='lat' dir='ltr'><strong>Pauli</strong></span> <span class='ocrx_word' id='word_1_267' title='bbox 743 3391 1225 3464; x_wconf 53' lang='lat' dir='ltr'><strong>prudentia—AC</strong></span> <span class='ocrx_word' id='word_1_268' title='bbox 1273 3388 1394 3444; x_wconf 86' lang='lat' dir='ltr'><strong>vide</strong></span> <span class='ocrx_word' id='word_1_269' title='bbox 1434 3386 1792 3459; x_wconf 86' lang='lat' dir='ltr'><strong>prudentiam.</strong></span> <span class='ocrx_word' id='word_1_270' title='bbox 1845 3385 1979 3440; x_wconf 83' lang='lat' dir='ltr'><strong>Nam</strong></span> 
     </span>
    </p>
   </div>
   <div class='ocr_carea' id='block_1_35' title="bbox 393 3479 1982 3562">
    <p class='ocr_par' dir='ltr' id='par_1_35' title="bbox 393 3479 1982 3562">
     <span class='ocr_line' id='line_1_35' title="bbox 393 3479 1982 3562; baseline -0.009 -16"><span class='ocrx_word' id='word_1_271' title='bbox 393 3490 536 3562; x_wconf 90' lang='lat' dir='ltr'><strong>quod</strong></span> <span class='ocrx_word' id='word_1_272' title='bbox 564 3491 614 3544; x_wconf 89' lang='lat' dir='ltr'><strong>in</strong></span> <span class='ocrx_word' id='word_1_273' title='bbox 646 3503 795 3543; x_wconf 91' lang='lat' dir='ltr'><strong>more</strong></span> <span class='ocrx_word' id='word_1_274' title='bbox 834 3485 1216 3555; x_wconf 90' lang='lat' dir='ltr'><strong>discipulorum</strong></span> <span class='ocrx_word' id='word_1_275' title='bbox 1245 3481 1474 3552; x_wconf 87' lang='lat' dir='ltr'><strong>positum</strong></span> <span class='ocrx_word' id='word_1_276' title='bbox 1502 3491 1606 3544; x_wconf 83' lang='lat' dir='ltr'><strong>est,</strong></span> <span class='ocrx_word' id='word_1_277' title='bbox 1651 3491 1710 3535; x_wconf 94' lang='lat' dir='ltr'><strong>ut</strong></span> <span class='ocrx_word' id='word_1_278' title='bbox 1761 3479 1982 3534; x_wconf 87' lang='lat' dir='ltr'><strong>doleant</strong></span> 
     </span>
    </p>
   </div>
   <div class='ocr_carea' id='block_1_36' title="bbox 396 3571 1983 3652">
    <p class='ocr_par' dir='ltr' id='par_1_36' title="bbox 396 3571 1983 3652">
     <span class='ocr_line' id='line_1_36' title="bbox 396 3571 1983 3652; baseline -0.008 -17"><span class='ocrx_word' id='word_1_279' title='bbox 396 3593 559 3652; x_wconf 90' lang='lat' dir='ltr'><strong>atque</strong></span> <span class='ocrx_word' id='word_1_280' title='bbox 581 3595 722 3650; x_wconf 55' lang='lat' dir='ltr'><strong>a‘gre</strong></span> <span class='ocrx_word' id='word_1_281' title='bbox 753 3579 924 3634; x_wconf 89' lang='lat' dir='ltr'><strong>ferant</strong></span> <span class='ocrx_word' id='word_1_282' title='bbox 949 3593 1068 3630; x_wconf 89' lang='lat' dir='ltr'><strong>cum</strong></span> <span class='ocrx_word' id='word_1_283' title='bbox 1091 3575 1458 3645; x_wconf 87' lang='lat' dir='ltr'><strong>obiurgantur,</strong></span> <span class='ocrx_word' id='word_1_284' title='bbox 1483 3573 1561 3627; x_wconf 92' lang='lat' dir='ltr'><strong>sic</strong></span> <span class='ocrx_word' id='word_1_285' title='bbox 1580 3583 1754 3627; x_wconf 75' lang='lat' dir='ltr'><strong>tamen</strong></span> <span class='ocrx_word' id='word_1_286' title='bbox 1783 3587 1875 3626; x_wconf 91' lang='lat' dir='ltr'><strong>eos</strong></span> <span class='ocrx_word' id='word_1_287' title='bbox 1903 3571 1983 3624; x_wconf 91' lang='lat' dir='ltr'><strong>in-</strong></span> 
     </span>
    </p>
   </div>
   <div class='ocr_carea' id='block_1_37' title="bbox 399 3663 1982 3740">
    <p class='ocr_par' dir='ltr' id='par_1_37' title="bbox 399 3663 1982 3740">
     <span class='ocr_line' id='line_1_37' title="bbox 399 3663 1982 3740; baseline -0.006 -12"><span class='ocrx_word' id='word_1_288' title='bbox 399 3674 582 3739; x_wconf 86' lang='lat' dir='ltr'><strong>ducit,</strong></span> <span class='ocrx_word' id='word_1_289' title='bbox 617 3682 886 3740; x_wconf 87' lang='lat' dir='ltr'><strong>tamquam</strong></span> <span class='ocrx_word' id='word_1_290' title='bbox 919 3669 1016 3722; x_wconf 90' lang='lat' dir='ltr'><strong>hae</strong></span> <span class='ocrx_word' id='word_1_291' title='bbox 1045 3669 1095 3722; x_wconf 92' lang='lat' dir='ltr'><strong>in</strong></span> <span class='ocrx_word' id='word_1_292' title='bbox 1130 3683 1187 3722; x_wconf 92' lang='lat' dir='ltr'><strong>re</strong></span> <span class='ocrx_word' id='word_1_293' title='bbox 1214 3667 1313 3738; x_wconf 91' lang='lat' dir='ltr'><strong>ipsi</strong></span> <span class='ocrx_word' id='word_1_294' title='bbox 1361 3666 1770 3737; x_wconf 87' lang='lat' dir='ltr'><strong>gratiﬁcentur:</strong></span> <span class='ocrx_word' id='word_1_295' title='bbox 1798 3663 1982 3733; x_wconf 89' lang='lat' dir='ltr'><strong>Neque</strong></span> 
     </span>
    </p>
   </div>
   <div class='ocr_carea' id='block_1_38' title="bbox 397 3757 1982 3834">
    <p class='ocr_par' dir='ltr' id='par_1_38' title="bbox 397 3757 1982 3834">
     <span class='ocr_line' id='line_1_38' title="bbox 397 3757 1982 3834; baseline -0.005 -15"><span class='ocrx_word' id='word_1_296' title='bbox 397 3767 561 3828; x_wconf 86' lang='lat' dir='ltr'><strong>enim,</strong></span> <span class='ocrx_word' id='word_1_297' title='bbox 596 3763 792 3834; x_wconf 87' lang='lat' dir='ltr'><strong>inquit,</strong></span> <span class='ocrx_word' id='word_1_298' title='bbox 821 3777 906 3816; x_wconf 92' lang='lat' dir='ltr'><strong>me</strong></span> <span class='ocrx_word' id='word_1_299' title='bbox 935 3760 1202 3831; x_wconf 70' lang='lat' dir='ltr'><strong>quisiiiam</strong></span> <span class='ocrx_word' id='word_1_300' title='bbox 1253 3758 1472 3828; x_wconf 84' lang='lat' dir='ltr'><strong>perinde</strong></span> <span class='ocrx_word' id='word_1_301' title='bbox 1497 3757 1761 3813; x_wconf 86' lang='lat' dir='ltr'><strong>exhilarat</strong></span> <span class='ocrx_word' id='word_1_302' title='bbox 1805 3767 1860 3811; x_wconf 94' lang='lat' dir='ltr'><strong>ut</strong></span> <span class='ocrx_word' id='word_1_303' title='bbox 1895 3757 1982 3811; x_wconf 90' lang='lat' dir='ltr'><strong>ille</strong></span> 
     </span>
    </p>
   </div>
   <div class='ocr_carea' id='block_1_39' title="bbox 400 3850 1981 3930">
    <p class='ocr_par' dir='ltr' id='par_1_39' title="bbox 400 3850 1981 3930">
     <span class='ocr_line' id='line_1_39' title="bbox 400 3850 1981 3930; baseline -0.006 -19"><span class='ocrx_word' id='word_1_304' title='bbox 400 3858 489 3930; x_wconf 88' lang='lat' dir='ltr'><strong>qui</strong></span> <span class='ocrx_word' id='word_1_305' title='bbox 518 3858 676 3911; x_wconf 86' lang='lat' dir='ltr'><strong>verba</strong></span> <span class='ocrx_word' id='word_1_306' title='bbox 700 3871 817 3910; x_wconf 86' lang='lat' dir='ltr'><strong>mea</strong></span> <span class='ocrx_word' id='word_1_307' title='bbox 849 3863 1021 3918; x_wconf 87' lang='lat' dir='ltr'><strong>curat,</strong></span> <span class='ocrx_word' id='word_1_308' title='bbox 1048 3867 1112 3907; x_wconf 90' lang='lat' dir='ltr'><strong>ac</strong></span> <span class='ocrx_word' id='word_1_309' title='bbox 1134 3853 1489 3906; x_wconf 89' lang='lat' dir='ltr'><strong>discruciatur</strong></span> <span class='ocrx_word' id='word_1_310' title='bbox 1511 3866 1631 3906; x_wconf 92' lang='lat' dir='ltr'><strong>cum</strong></span> <span class='ocrx_word' id='word_1_311' title='bbox 1664 3866 1748 3904; x_wconf 90' lang='lat' dir='ltr'><strong>me</strong></span> <span class='ocrx_word' id='word_1_312' title='bbox 1790 3850 1981 3904; x_wconf 88' lang='lat' dir='ltr'><strong>iratum</strong></span> 
     </span>
    </p>
   </div>
   <div class='ocr_carea' id='block_1_40' title="bbox 399 3945 1984 4018">
    <p class='ocr_par' dir='ltr' id='par_1_40' title="bbox 399 3945 1984 4018">
     <span class='ocr_line' id='line_1_40' title="bbox 399 3945 1984 4018; baseline -0.004 -13"><span class='ocrx_word' id='word_1_313' title='bbox 399 3950 593 4006; x_wconf 88' lang='lat' dir='ltr'><strong>cernit.</strong></span> <span class='ocrx_word' id='word_1_314' title='bbox 625 3948 688 4002; x_wconf 85' lang='lat' dir='ltr'><strong>Et</strong></span> <span class='ocrx_word' id='word_1_315' title='bbox 716 3946 932 4018; x_wconf 83' lang='lat' dir='ltr'><strong>quidem</strong></span> <span class='ocrx_word' id='word_1_316' title='bbox 964 3955 1382 4001; x_wconf 88' lang='lat' dir='ltr'><strong>consentaneum</strong></span> <span class='ocrx_word' id='word_1_317' title='bbox 1413 3955 1527 4000; x_wconf 89' lang='lat' dir='ltr'><strong>erat</strong></span> <span class='ocrx_word' id='word_1_318' title='bbox 1556 3956 1611 3998; x_wconf 91' lang='lat' dir='ltr'><strong>ut</strong></span> <span class='ocrx_word' id='word_1_319' title='bbox 1649 3945 1856 4000; x_wconf 88' lang='lat' dir='ltr'><strong>diceret</strong></span> <span class='ocrx_word' id='word_1_320' title='bbox 1883 3963 1896 3999; x_wconf 94' lang='lat'>:</span> <span class='ocrx_word' id='word_1_321' title='bbox 1926 3945 1984 3999; x_wconf 89' lang='lat' dir='ltr'><strong>Si</strong></span> 
     </span>
    </p>
   </div>
   <div class='ocr_carea' id='block_1_41' title="bbox 401 4037 1985 4110">
    <p class='ocr_par' dir='ltr' id='par_1_41' title="bbox 401 4037 1985 4110">
     <span class='ocr_line' id='line_1_41' title="bbox 401 4037 1985 4110; baseline -0.003 -15"><span class='ocrx_word' id='word_1_322' title='bbox 401 4044 542 4096; x_wconf 88' lang='lat' dir='ltr'><strong>enim</strong></span> <span class='ocrx_word' id='word_1_323' title='bbox 565 4056 665 4110; x_wconf 86' lang='lat' dir='ltr'><strong>ego</strong></span> <span class='ocrx_word' id='word_1_324' title='bbox 683 4039 944 4094; x_wconf 87' lang='lat' dir='ltr'><strong>contristo</strong></span> <span class='ocrx_word' id='word_1_325' title='bbox 969 4053 1085 4102; x_wconf 88' lang='lat' dir='ltr'><strong>vos,</strong></span> <span class='ocrx_word' id='word_1_326' title='bbox 1109 4039 1296 4108; x_wconf 87' lang='lat' dir='ltr'><strong>ecquis</strong></span> <span class='ocrx_word' id='word_1_327' title='bbox 1325 4045 1408 4091; x_wconf 87' lang='lat' dir='ltr'><strong>est</strong></span> <span class='ocrx_word' id='word_1_328' title='bbox 1437 4041 1524 4106; x_wconf 90' lang='lat' dir='ltr'><strong>qui</strong></span> <span class='ocrx_word' id='word_1_329' title='bbox 1559 4037 1795 4091; x_wconf 69' lang='lat' dir='ltr'><strong>ltetitiam</strong></span> <span class='ocrx_word' id='word_1_330' title='bbox 1831 4037 1985 4091; x_wconf 90' lang='lat' dir='ltr'><strong>vobis</strong></span> 
     </span>
    </p>
   </div>
   <div class='ocr_carea' id='block_1_42' title="bbox 400 4126 1985 4202">
    <p class='ocr_par' dir='ltr' id='par_1_42' title="bbox 400 4126 1985 4202">
     <span class='ocr_line' id='line_1_42' title="bbox 400 4126 1985 4202; baseline -0.004 -15"><span class='ocrx_word' id='word_1_331' title='bbox 400 4133 598 4187; x_wconf 66' lang='lat' dir='ltr'><strong>afferre</strong></span> <span class='ocrx_word' id='word_1_332' title='bbox 621 4130 824 4202; x_wconf 88' lang='lat' dir='ltr'><strong>possit?</strong></span> <span class='ocrx_word' id='word_1_333' title='bbox 856 4139 908 4197; x_wconf 85' lang='lat' dir='ltr'><strong>at</strong></span> <span class='ocrx_word' id='word_1_334' title='bbox 940 4130 1041 4183; x_wconf 90' lang='lat' dir='ltr'><strong>hoc</strong></span> <span class='ocrx_word' id='word_1_335' title='bbox 1068 4139 1244 4183; x_wconf 90' lang='lat' dir='ltr'><strong>tamen</strong></span> <span class='ocrx_word' id='word_1_336' title='bbox 1278 4143 1382 4183; x_wconf 90' lang='lat' dir='ltr'><strong>non</strong></span> <span class='ocrx_word' id='word_1_337' title='bbox 1409 4127 1570 4192; x_wconf 88' lang='lat' dir='ltr'><strong>dicit,</strong></span> <span class='ocrx_word' id='word_1_338' title='bbox 1595 4127 1688 4200; x_wconf 82' lang='lat' dir='ltr'><strong>sed</strong></span> <span class='ocrx_word' id='word_1_339' title='bbox 1722 4126 1771 4181; x_wconf 91' lang='lat' dir='ltr'><strong>id</strong></span> <span class='ocrx_word' id='word_1_340' title='bbox 1800 4141 1985 4181; x_wconf 89' lang='lat' dir='ltr'><strong>rursus</strong></span> 
     </span>
    </p>
   </div>
   <div class='ocr_carea' id='block_1_43' title="bbox 400 4219 1985 4286">
    <p class='ocr_par' dir='ltr' id='par_1_43' title="bbox 400 4219 1985 4286">
     <span class='ocr_line' id='line_1_43' title="bbox 400 4219 1985 4286; baseline -0.004 -7"><span class='ocrx_word' id='word_1_341' title='bbox 400 4224 638 4286; x_wconf 84' lang='lat' dir='ltr'><strong>invertit,</strong></span> <span class='ocrx_word' id='word_1_342' title='bbox 673 4237 766 4276; x_wconf 92' lang='lat' dir='ltr'><strong>eos</strong></span> <span class='ocrx_word' id='word_1_343' title='bbox 808 4220 1060 4275; x_wconf 84' lang='lat' dir='ltr'><strong>videlicet</strong></span> <span class='ocrx_word' id='word_1_344' title='bbox 1087 4220 1372 4282; x_wconf 83' lang='lat' dir='ltr'><strong>delinicns,</strong></span> <span class='ocrx_word' id='word_1_345' title='bbox 1401 4235 1464 4273; x_wconf 90' lang='lat' dir='ltr'><strong>ac</strong></span> <span class='ocrx_word' id='word_1_346' title='bbox 1493 4219 1676 4274; x_wconf 83' lang='lat' dir='ltr'><strong>dicens</strong></span> <span class='ocrx_word' id='word_1_347' title='bbox 1714 4236 1728 4272; x_wconf 93' lang='lat'><strong>:</strong></span> <span class='ocrx_word' id='word_1_348' title='bbox 1760 4219 1985 4274; x_wconf 87' lang='lat' dir='ltr'><strong>Etiamsi</strong></span> 
     </span>
    </p>
   </div>
   <div class='ocr_carea' id='block_1_44' title="bbox 400 4311 1985 4376">
    <p class='ocr_par' dir='ltr' id='par_1_44' title="bbox 400 4311 1985 4376">
     <span class='ocr_line' id='line_1_44' title="bbox 400 4311 1985 4376; baseline -0.001 -8"><span class='ocrx_word' id='word_1_349' title='bbox 400 4332 496 4370; x_wconf 88' lang='lat' dir='ltr'><strong>vos</strong></span> <span class='ocrx_word' id='word_1_350' title='bbox 525 4315 769 4370; x_wconf 86' lang='lat' dir='ltr'><strong>molestia</strong></span> <span class='ocrx_word' id='word_1_351' title='bbox 796 4314 1000 4376; x_wconf 87' lang='lat' dir='ltr'><strong>al&#39;ﬁcio,</strong></span> <span class='ocrx_word' id='word_1_352' title='bbox 1035 4313 1086 4367; x_wconf 91' lang='lat' dir='ltr'><strong>in</strong></span> <span class='ocrx_word' id='word_1_353' title='bbox 1111 4312 1213 4367; x_wconf 88' lang='lat' dir='ltr'><strong>hoc</strong></span> <span class='ocrx_word' id='word_1_354' title='bbox 1245 4323 1421 4367; x_wconf 91' lang='lat' dir='ltr'><strong>tamen</strong></span> <span class='ocrx_word' id='word_1_355' title='bbox 1453 4313 1745 4366; x_wconf 84' lang='lat' dir='ltr'><strong>maximum</strong></span> <span class='ocrx_word' id='word_1_356' title='bbox 1773 4327 1802 4365; x_wconf 90' lang='lat' dir='ltr'><strong>a</strong></span> <span class='ocrx_word' id='word_1_357' title='bbox 1835 4311 1985 4366; x_wconf 85' lang='lat' dir='ltr'><strong>vobis</strong></span> 
     </span>
    </p>
   </div>
   <div class='ocr_carea' id='block_1_45' title="bbox 403 4405 1983 4477">
    <p class='ocr_par' dir='ltr' id='par_1_45' title="bbox 403 4405 1983 4477">
     <span class='ocr_line' id='line_1_45' title="bbox 403 4405 1983 4477; baseline -0.003 -14"><span class='ocrx_word' id='word_1_358' title='bbox 403 4408 722 4463; x_wconf 89' lang='lat' dir='ltr'><strong>beneﬁcium</strong></span> <span class='ocrx_word' id='word_1_359' title='bbox 744 4406 920 4477; x_wconf 85' lang='lat' dir='ltr'><strong>capio,</strong></span> <span class='ocrx_word' id='word_1_360' title='bbox 949 4405 1090 4476; x_wconf 90' lang='lat' dir='ltr'><strong>quod</strong></span> <span class='ocrx_word' id='word_1_361' title='bbox 1114 4405 1450 4460; x_wconf 89' lang='lat' dir='ltr'><strong>sermonibus</strong></span> <span class='ocrx_word' id='word_1_362' title='bbox 1476 4405 1608 4459; x_wconf 90' lang='lat' dir='ltr'><strong>meis</strong></span> <span class='ocrx_word' id='word_1_363' title='bbox 1628 4405 1791 4458; x_wconf 89' lang='lat' dir='ltr'><strong>animi</strong></span> <span class='ocrx_word' id='word_1_364' title='bbox 1823 4405 1983 4458; x_wconf 89' lang='lat' dir='ltr'><strong>vestri</strong></span> 
     </span>
    </p>
   </div>
   <div class='ocr_carea' id='block_1_46' title="bbox 402 4496 1983 4572">
    <p class='ocr_par' dir='ltr' id='par_1_46' title="bbox 402 4496 1983 4572">
     <span class='ocr_line' id='line_1_46' title="bbox 402 4496 1983 4572; baseline -0.006 -16"><span class='ocrx_word' id='word_1_365' title='bbox 402 4503 852 4572; x_wconf 76' lang='lat' dir='ltr'><strong>perstringuntur.</strong></span> <span class='ocrx_word' id='word_1_366' title='bbox 901 4499 955 4553; x_wconf 80' lang='grc'><strong>5.</strong></span> <span class='ocrx_word' id='word_1_367' title='bbox 1007 4496 1211 4550; x_wconf 81' lang='lat' dir='ltr'><strong>Etenim</strong></span> <span class='ocrx_word' id='word_1_368' title='bbox 1254 4496 1348 4550; x_wconf 81' lang='lat' dir='ltr'><strong>hoc</strong></span> <span class='ocrx_word' id='word_1_369' title='bbox 1392 4497 1559 4566; x_wconf 87' lang='lat' dir='ltr'><strong>ipsum</strong></span> <span class='ocrx_word' id='word_1_370' title='bbox 1609 4496 1789 4564; x_wconf 86' lang='lat' dir='ltr'><strong>scripsi</strong></span> <span class='ocrx_word' id='word_1_371' title='bbox 1827 4496 1983 4550; x_wconf 85' lang='lat' dir='ltr'><strong>uobis.</strong></span> 
     </span>
    </p>
   </div>
   <div class='ocr_carea' id='block_1_47' title="bbox 401 4589 1983 4662">
    <p class='ocr_par' dir='ltr' id='par_1_47' title="bbox 401 4589 1983 4662">
     <span class='ocr_line' id='line_1_47' title="bbox 401 4589 1983 4662; baseline -0.004 -13"><span class='ocrx_word' id='word_1_372' title='bbox 401 4594 708 4662; x_wconf 80' lang='lat' dir='ltr'><strong>Quidnam?</strong></span> <span class='ocrx_word' id='word_1_373' title='bbox 757 4590 909 4658; x_wconf 85' lang='lat' dir='ltr'><strong>Quod</strong></span> <span class='ocrx_word' id='word_1_374' title='bbox 941 4599 996 4643; x_wconf 86' lang='lat' dir='ltr'><strong>ut</strong></span> <span class='ocrx_word' id='word_1_375' title='bbox 1025 4590 1176 4643; x_wconf 87' lang='lat' dir='ltr'><strong>vobis</strong></span> <span class='ocrx_word' id='word_1_376' title='bbox 1204 4603 1512 4658; x_wconf 82' lang='lat' dir='ltr'><strong>parcerent,</strong></span> <span class='ocrx_word' id='word_1_377' title='bbox 1565 4604 1669 4642; x_wconf 92' lang='lat' dir='ltr'><strong>non</strong></span> <span class='ocrx_word' id='word_1_378' title='bbox 1723 4589 1983 4642; x_wconf 88' lang='lat' dir='ltr'><strong>venerim.</strong></span> 
     </span>
    </p>
   </div>
   <div class='ocr_carea' id='block_1_48' title="bbox 402 4681 1984 4754">
    <p class='ocr_par' dir='ltr' id='par_1_48' title="bbox 402 4681 1984 4754">
     <span class='ocr_line' id='line_1_48' title="bbox 402 4681 1984 4754; baseline -0.004 -14"><span class='ocrx_word' id='word_1_379' title='bbox 402 4685 630 4754; x_wconf 84' lang='lat' dir='ltr'><strong>Quando</strong></span> <span class='ocrx_word' id='word_1_380' title='bbox 658 4695 834 4738; x_wconf 89' lang='lat' dir='ltr'><strong>autem</strong></span> <span class='ocrx_word' id='word_1_381' title='bbox 868 4682 919 4736; x_wconf 91' lang='lat' dir='ltr'><strong>id</strong></span> <span class='ocrx_word' id='word_1_382' title='bbox 966 4681 1274 4736; x_wconf 86' lang='lat' dir='ltr'><strong>scribebat?</strong></span> <span class='ocrx_word' id='word_1_383' title='bbox 1312 4697 1378 4734; x_wconf 88' lang='lat' dir='ltr'><strong>an</strong></span> <span class='ocrx_word' id='word_1_384' title='bbox 1425 4683 1475 4734; x_wconf 92' lang='lat' dir='ltr'><strong>in</strong></span> <span class='ocrx_word' id='word_1_385' title='bbox 1521 4682 1697 4750; x_wconf 88' lang='lat' dir='ltr'><strong>priore</strong></span> <span class='ocrx_word' id='word_1_386' title='bbox 1737 4681 1984 4750; x_wconf 81' lang='lat' dir='ltr'><strong>epistola,</strong></span> 
     </span>
    </p>
   </div>
   <div class='ocr_carea' id='block_1_49' title="bbox 403 4774 1989 4834">
    <p class='ocr_par' dir='ltr' id='par_1_49' title="bbox 403 4774 1989 4834">
     <span class='ocr_line' id='line_1_49' title="bbox 403 4774 1989 4834; baseline -0.004 0"><span class='ocrx_word' id='word_1_387' title='bbox 403 4795 526 4834; x_wconf 87' lang='lat' dir='ltr'><strong>cum</strong></span> <span class='ocrx_word' id='word_1_388' title='bbox 557 4776 768 4832; x_wconf 89' lang='lat' dir='ltr'><strong>dicebat</strong></span> <span class='ocrx_word' id='word_1_389' title='bbox 799 4793 813 4830; x_wconf 91' lang='lat'><strong>:</strong></span> <span class='ocrx_word' id='word_1_390' title='bbox 844 4774 982 4829; x_wconf 77' lang='lat' dir='ltr'><strong>Nolo</strong></span> <span class='ocrx_word' id='word_1_391' title='bbox 1022 4783 1190 4827; x_wconf 80' lang='lat' dir='ltr'><strong>autem</strong></span> <span class='ocrx_word' id='word_1_392' title='bbox 1216 4790 1350 4828; x_wconf 87' lang='lat' dir='ltr'><strong>nunc</strong></span> <span class='ocrx_word' id='word_1_393' title='bbox 1375 4789 1460 4826; x_wconf 86' lang='lat' dir='ltr'><strong>vos</strong></span> <span class='ocrx_word' id='word_1_394' title='bbox 1487 4774 1538 4826; x_wconf 88' lang='lat' dir='ltr'><strong>in</strong></span> <span class='ocrx_word' id='word_1_395' title='bbox 1569 4775 1782 4827; x_wconf 86' lang='lat' dir='ltr'><strong>transitu</strong></span> <span class='ocrx_word' id='word_1_396' title='bbox 1823 4775 1989 4828; x_wconf 82' lang='lat' dir='ltr'><strong>videre</strong></span> 
     </span>
    </p>
   </div>
   <div class='ocr_carea' id='block_1_50' title="bbox 404 4866 1984 4942">
    <p class='ocr_par' dir='ltr' id='par_1_50' title="bbox 404 4866 1984 4942">
     <span class='ocr_line' id='line_1_50' title="bbox 404 4866 1984 4942; baseline -0.004 -15"><span class='ocrx_word' id='word_1_397' title='bbox 404 4874 484 4942; x_wconf 86' lang='lat' dir='ltr'><strong>(l.</strong></span> <span class='ocrx_word' id='word_1_398' title='bbox 514 4871 635 4927; x_wconf 87' lang='lat' dir='ltr'><strong>Cor.</strong></span> <span class='ocrx_word' id='word_1_399' title='bbox 664 4870 752 4926; x_wconf 74' lang='grc'><strong>16.</strong></span> <span class='ocrx_word' id='word_1_400' title='bbox 775 4869 872 4939; x_wconf 87' lang='lat'><strong>7)?</strong></span> <span class='ocrx_word' id='word_1_401' title='bbox 901 4867 1016 4923; x_wconf 85' lang='lat' dir='ltr'><strong>Non</strong></span> <span class='ocrx_word' id='word_1_402' title='bbox 1047 4866 1284 4937; x_wconf 88' lang='lat' dir='ltr'><strong>quidem,</strong></span> <span class='ocrx_word' id='word_1_403' title='bbox 1319 4877 1376 4921; x_wconf 89' lang='lat' dir='ltr'><strong>ut</strong></span> <span class='ocrx_word' id='word_1_404' title='bbox 1403 4867 1628 4935; x_wconf 90' lang='lat' dir='ltr'><strong>opinor,</strong></span> <span class='ocrx_word' id='word_1_405' title='bbox 1688 4867 1783 4921; x_wconf 91' lang='lat' dir='ltr'><strong>sed</strong></span> <span class='ocrx_word' id='word_1_406' title='bbox 1816 4868 1866 4920; x_wconf 90' lang='lat' dir='ltr'><strong>in</strong></span> <span class='ocrx_word' id='word_1_407' title='bbox 1891 4883 1984 4921; x_wconf 86' lang='lat' dir='ltr'><strong>ea—</strong></span> 
     </span>
    </p>
   </div>
   <div class='ocr_carea' id='block_1_51' title="bbox 404 4957 1984 5032">
    <p class='ocr_par' dir='ltr' id='par_1_51' title="bbox 404 4957 1984 5032">
     <span class='ocr_line' id='line_1_51' title="bbox 404 4957 1984 5032; baseline -0.005 -13"><span class='ocrx_word' id='word_1_408' title='bbox 404 4964 526 5019; x_wconf 88' lang='lat' dir='ltr'><strong>dem</strong></span> <span class='ocrx_word' id='word_1_409' title='bbox 557 4962 780 5032; x_wconf 90' lang='lat' dir='ltr'><strong>epistola</strong></span> <span class='ocrx_word' id='word_1_410' title='bbox 811 5003 826 5026; x_wconf 94' lang='lat'><strong>,</strong></span> <span class='ocrx_word' id='word_1_411' title='bbox 881 4975 1002 5014; x_wconf 90' lang='lat' dir='ltr'><strong>cum</strong></span> <span class='ocrx_word' id='word_1_412' title='bbox 1031 4958 1235 5014; x_wconf 86' lang='lat' dir='ltr'><strong>diceret</strong></span> <span class='ocrx_word' id='word_1_413' title='bbox 1267 4976 1281 5011; x_wconf 89' lang='lat'><strong>:</strong></span> <span class='ocrx_word' id='word_1_414' title='bbox 1318 4957 1401 5012; x_wconf 87' lang='lat' dir='ltr'><strong>Ne</strong></span> <span class='ocrx_word' id='word_1_415' title='bbox 1423 4974 1538 5011; x_wconf 89' lang='lat' dir='ltr'><strong>cum</strong></span> <span class='ocrx_word' id='word_1_416' title='bbox 1565 4973 1742 5012; x_wconf 83' lang='lat' dir='ltr'><strong>venero</strong></span> <span class='ocrx_word' id='word_1_417' title='bbox 1771 4976 1946 5012; x_wconf 85' lang='lat' dir='ltr'><strong>rursus</strong></span> <span class='ocrx_word' id='word_1_418' title='bbox 1968 5001 1984 5025; x_wconf 89' lang='lat'><strong>,</strong></span> 
     </span>
    </p>
   </div>
   <div class='ocr_carea' id='block_1_52' title="bbox 404 5051 1988 5124">
    <p class='ocr_par' dir='ltr' id='par_1_52' title="bbox 404 5051 1988 5124">
     <span class='ocr_line' id='line_1_52' title="bbox 404 5051 1988 5124; baseline -0.003 -12"><span class='ocrx_word' id='word_1_419' title='bbox 404 5057 632 5112; x_wconf 78' lang='lat' dir='ltr'><strong>humiliet</strong></span> <span class='ocrx_word' id='word_1_420' title='bbox 663 5071 741 5108; x_wconf 86' lang='lat' dir='ltr'><strong>me</strong></span> <span class='ocrx_word' id='word_1_421' title='bbox 768 5053 904 5107; x_wconf 85' lang='lat' dir='ltr'><strong>Deus</strong></span> <span class='ocrx_word' id='word_1_422' title='bbox 953 5052 1093 5122; x_wconf 89' lang='lat' dir='ltr'><strong>apud</strong></span> <span class='ocrx_word' id='word_1_423' title='bbox 1120 5068 1205 5106; x_wconf 87' lang='lat' dir='ltr'><strong>vos</strong></span> <span class='ocrx_word' id='word_1_424' title='bbox 1245 5052 1323 5121; x_wconf 73' lang='grc'><strong>(2.</strong></span> <span class='ocrx_word' id='word_1_425' title='bbox 1356 5051 1474 5106; x_wconf 84' lang='lat' dir='ltr'><strong>Cor.</strong></span> <span class='ocrx_word' id='word_1_426' title='bbox 1520 5051 1610 5106; x_wconf 68' lang='grc'><strong>12.</strong></span> <span class='ocrx_word' id='word_1_427' title='bbox 1643 5051 1756 5124; x_wconf 72' lang='grc'><strong>21).</strong></span> <span class='ocrx_word' id='word_1_428' title='bbox 1785 5053 1988 5122; x_wconf 86' lang='lat' dir='ltr'><strong>Scripsi</strong></span> 
     </span>
    </p>
   </div>
   <div class='ocr_carea' id='block_1_53' title="bbox 403 5144 1987 5222">
    <p class='ocr_par' dir='ltr' id='par_1_53' title="bbox 403 5144 1987 5222">
     <span class='ocr_line' id='line_1_53' title="bbox 403 5144 1987 5222; baseline -0.004 -16"><span class='ocrx_word' id='word_1_429' title='bbox 403 5166 553 5222; x_wconf 85' lang='lat' dir='ltr'><strong>ergo,</strong></span> <span class='ocrx_word' id='word_1_430' title='bbox 588 5150 758 5220; x_wconf 89' lang='lat' dir='ltr'><strong>inquit</strong></span> <span class='ocrx_word' id='word_1_431' title='bbox 779 5191 793 5214; x_wconf 93' lang='lat'><strong>,</strong></span> <span class='ocrx_word' id='word_1_432' title='bbox 830 5149 882 5202; x_wconf 92' lang='lat' dir='ltr'><strong>in</strong></span> <span class='ocrx_word' id='word_1_433' title='bbox 913 5147 1019 5201; x_wconf 88' lang='lat' dir='ltr'><strong>ﬁne</strong></span> <span class='ocrx_word' id='word_1_434' title='bbox 1050 5146 1326 5216; x_wconf 85' lang='lat' dir='ltr'><strong>epistolae:</strong></span> <span class='ocrx_word' id='word_1_435' title='bbox 1360 5144 1443 5198; x_wconf 84' lang='lat' dir='ltr'><strong>Ne</strong></span> <span class='ocrx_word' id='word_1_436' title='bbox 1489 5149 1618 5216; x_wconf 79' lang='lat' dir='ltr'><strong>forte</strong></span> <span class='ocrx_word' id='word_1_437' title='bbox 1655 5162 1769 5199; x_wconf 85' lang='lat' dir='ltr'><strong>cum</strong></span> <span class='ocrx_word' id='word_1_438' title='bbox 1810 5162 1987 5200; x_wconf 85' lang='lat' dir='ltr'><strong>uenero</strong></span> 
     </span>
    </p>
   </div>
   <div class='ocr_carea' id='block_1_54' title="bbox 405 5236 1988 5308">
    <p class='ocr_par' dir='ltr' id='par_1_54' title="bbox 405 5236 1988 5308">
     <span class='ocr_line' id='line_1_54' title="bbox 405 5236 1988 5308; baseline -0.003 -14"><span class='ocrx_word' id='word_1_439' title='bbox 405 5241 636 5296; x_wconf 84' lang='lat' dir='ltr'><strong>ltumiliet</strong></span> <span class='ocrx_word' id='word_1_440' title='bbox 677 5256 756 5295; x_wconf 87' lang='lat' dir='ltr'><strong>me</strong></span> <span class='ocrx_word' id='word_1_441' title='bbox 805 5237 980 5304; x_wconf 84' lang='lat' dir='ltr'><strong>Deus,</strong></span> <span class='ocrx_word' id='word_1_442' title='bbox 1024 5248 1068 5291; x_wconf 88' lang='lat' dir='ltr'><strong>et</strong></span> <span class='ocrx_word' id='word_1_443' title='bbox 1109 5237 1308 5308; x_wconf 85' lang='lat' dir='ltr'><strong>lugeam</strong></span> <span class='ocrx_word' id='word_1_444' title='bbox 1334 5236 1518 5291; x_wconf 84' lang='lat' dir='ltr'><strong>multos</strong></span> <span class='ocrx_word' id='word_1_445' title='bbox 1544 5253 1606 5291; x_wconf 80' lang='lat' dir='ltr'><strong>ea:</strong></span> <span class='ocrx_word' id='word_1_446' title='bbox 1633 5237 1697 5290; x_wconf 80' lang='lat' dir='ltr'><strong>iis</strong></span> <span class='ocrx_word' id='word_1_447' title='bbox 1742 5239 1828 5308; x_wconf 88' lang='lat' dir='ltr'><strong>qui</strong></span> <span class='ocrx_word' id='word_1_448' title='bbox 1871 5246 1988 5290; x_wconf 80' lang='lat' dir='ltr'><strong>ante</strong></span> 
     </span>
    </p>
   </div>
   <div class='ocr_carea' id='block_1_55' title="bbox 406 5326 1989 5403">
    <p class='ocr_par' dir='ltr' id='par_1_55' title="bbox 406 5326 1989 5403">
     <span class='ocr_line' id='line_1_55' title="bbox 406 5326 1989 5403; baseline -0.004 -17"><span class='ocrx_word' id='word_1_449' title='bbox 406 5340 756 5403; x_wconf 84' lang='lat' dir='ltr'><strong>peccaverunt.</strong></span> <span class='ocrx_word' id='word_1_450' title='bbox 789 5331 897 5384; x_wconf 87' lang='lat' dir='ltr'><strong>Cur</strong></span> <span class='ocrx_word' id='word_1_451' title='bbox 927 5340 1102 5382; x_wconf 89' lang='lat' dir='ltr'><strong>autem</strong></span> <span class='ocrx_word' id='word_1_452' title='bbox 1131 5327 1446 5382; x_wconf 76' lang='lat' dir='ltr'><strong>scribebas?</strong></span> <span class='ocrx_word' id='word_1_453' title='bbox 1490 5326 1556 5382; x_wconf 90' lang='lat' dir='ltr'><strong>Ut</strong></span> <span class='ocrx_word' id='word_1_454' title='bbox 1585 5345 1684 5380; x_wconf 89' lang='lat' dir='ltr'><strong>non</strong></span> <span class='ocrx_word' id='word_1_455' title='bbox 1709 5345 1820 5382; x_wconf 85' lang='lat' dir='ltr'><strong>cum</strong></span> <span class='ocrx_word' id='word_1_456' title='bbox 1851 5344 1989 5381; x_wconf 84' lang='lat' dir='ltr'><strong>uene-</strong></span> 
     </span>
    </p>
   </div>
   <div class='ocr_carea' id='block_1_56' title="bbox 401 5420 1986 5489">
    <p class='ocr_par' dir='ltr' id='par_1_56' title="bbox 401 5420 1986 5489">
     <span class='ocr_line' id='line_1_56' title="bbox 401 5420 1986 5489; baseline -0.003 -11"><span class='ocrx_word' id='word_1_457' title='bbox 401 5442 482 5489; x_wconf 92' lang='lat' dir='ltr'><strong>ro,</strong></span> <span class='ocrx_word' id='word_1_458' title='bbox 525 5423 779 5478; x_wconf 88' lang='lat' dir='ltr'><strong>tristitiam</strong></span> <span class='ocrx_word' id='word_1_459' title='bbox 809 5421 1018 5474; x_wconf 83' lang='lat' dir='ltr'><strong>habeam</strong></span> <span class='ocrx_word' id='word_1_460' title='bbox 1047 5420 1108 5473; x_wconf 86' lang='lat' dir='ltr'><strong>de</strong></span> <span class='ocrx_word' id='word_1_461' title='bbox 1138 5421 1220 5485; x_wconf 88' lang='lat' dir='ltr'><strong>iis,</strong></span> <span class='ocrx_word' id='word_1_462' title='bbox 1258 5420 1321 5472; x_wconf 88' lang='lat' dir='ltr'><strong>de</strong></span> <span class='ocrx_word' id='word_1_463' title='bbox 1361 5420 1538 5488; x_wconf 86' lang='lat' dir='ltr'><strong>quibus</strong></span> <span class='ocrx_word' id='word_1_464' title='bbox 1567 5429 1863 5488; x_wconf 88' lang='lat' dir='ltr'><strong>oportuerat</strong></span> <span class='ocrx_word' id='word_1_465' title='bbox 1907 5435 1986 5474; x_wconf 85' lang='lat' dir='ltr'><strong>me</strong></span> 
     </span>
    </p>
   </div>
   <div class='ocr_carea' id='block_1_57' title="bbox 402 5511 1986 5588">
    <p class='ocr_par' dir='ltr' id='par_1_57' title="bbox 402 5511 1986 5588">
     <span class='ocr_line' id='line_1_57' title="bbox 402 5511 1986 5588; baseline -0.005 -18"><span class='ocrx_word' id='word_1_466' title='bbox 402 5517 624 5588; x_wconf 85' lang='lat' dir='ltr'><strong>gaudere</strong></span> <span class='ocrx_word' id='word_1_467' title='bbox 652 5530 671 5569; x_wconf 90' lang='lat'><strong><em>:</em></strong></span> <span class='ocrx_word' id='word_1_468' title='bbox 698 5514 957 5582; x_wconf 80' lang='lat' dir='ltr'><strong>conﬁdens</strong></span> <span class='ocrx_word' id='word_1_469' title='bbox 1001 5513 1053 5566; x_wconf 89' lang='lat' dir='ltr'><strong>in</strong></span> <span class='ocrx_word' id='word_1_470' title='bbox 1105 5511 1334 5566; x_wconf 86' lang='lat' dir='ltr'><strong>omnibus</strong></span> <span class='ocrx_word' id='word_1_471' title='bbox 1375 5512 1512 5566; x_wconf 77' lang='lat' dir='ltr'><strong>vobis</strong></span> <span class='ocrx_word' id='word_1_472' title='bbox 1535 5549 1550 5576; x_wconf 89' lang='lat'><strong>,</strong></span> <span class='ocrx_word' id='word_1_473' title='bbox 1579 5513 1696 5581; x_wconf 89' lang='lat' dir='ltr'><strong>quia</strong></span> <span class='ocrx_word' id='word_1_474' title='bbox 1742 5511 1986 5582; x_wconf 87' lang='lat' dir='ltr'><strong>gaudium</strong></span> 
     </span>
    </p>
   </div>
   <div class='ocr_carea' id='block_1_58' title="bbox 403 5602 1986 5673">
    <p class='ocr_par' dir='ltr' id='par_1_58' title="bbox 403 5602 1986 5673">
     <span class='ocr_line' id='line_1_58' title="bbox 403 5602 1986 5673; baseline -0.004 -11"><span class='ocrx_word' id='word_1_475' title='bbox 403 5625 570 5663; x_wconf 86' lang='lat' dir='ltr'><strong>meum</strong></span> <span class='ocrx_word' id='word_1_476' title='bbox 599 5607 824 5661; x_wconf 88' lang='lat' dir='ltr'><strong>omnium</strong></span> <span class='ocrx_word' id='word_1_477' title='bbox 864 5615 1081 5658; x_wconf 83' lang='lat' dir='ltr'><strong>vestrum</strong></span> <span class='ocrx_word' id='word_1_478' title='bbox 1105 5615 1196 5657; x_wconf 86' lang='lat' dir='ltr'><strong>est.</strong></span> <span class='ocrx_word' id='word_1_479' title='bbox 1225 5603 1356 5673; x_wconf 83' lang='lat' dir='ltr'><strong>Quia</strong></span> <span class='ocrx_word' id='word_1_480' title='bbox 1381 5605 1522 5658; x_wconf 89' lang='lat' dir='ltr'><strong>enim</strong></span> <span class='ocrx_word' id='word_1_481' title='bbox 1553 5602 1769 5656; x_wconf 77' lang='lat' dir='ltr'><strong>dixerat</strong></span> <span class='ocrx_word' id='word_1_482' title='bbox 1793 5603 1986 5672; x_wconf 80' lang='lat' dir='ltr'><strong>volup-</strong></span> 
     </span>
    </p>
   </div>
   <div class='ocr_carea' id='block_1_59' title="bbox 403 5695 1988 5766">
    <p class='ocr_par' dir='ltr' id='par_1_59' title="bbox 403 5695 1988 5766">
     <span class='ocr_line' id='line_1_59' title="bbox 403 5695 1988 5766; baseline -0.003 -12"><span class='ocrx_word' id='word_1_483' title='bbox 403 5710 513 5755; x_wconf 80' lang='lat' dir='ltr'><strong>tate</strong></span> <span class='ocrx_word' id='word_1_484' title='bbox 537 5716 597 5755; x_wconf 89' lang='lat' dir='ltr'><strong>se</strong></span> <span class='ocrx_word' id='word_1_485' title='bbox 621 5699 781 5762; x_wconf 86' lang='lat' dir='ltr'><strong>afﬁci,</strong></span> <span class='ocrx_word' id='word_1_486' title='bbox 811 5714 932 5752; x_wconf 88' lang='lat' dir='ltr'><strong>cutn</strong></span> <span class='ocrx_word' id='word_1_487' title='bbox 956 5697 1052 5765; x_wconf 91' lang='lat' dir='ltr'><strong>ipsi</strong></span> <span class='ocrx_word' id='word_1_488' title='bbox 1080 5708 1402 5766; x_wconf 87' lang='lat' dir='ltr'><strong>angerentur</strong></span> <span class='ocrx_word' id='word_1_489' title='bbox 1428 5738 1442 5760; x_wconf 98' lang='lat'><strong>,</strong></span> <span class='ocrx_word' id='word_1_490' title='bbox 1474 5705 1634 5766; x_wconf 90' lang='lat' dir='ltr'><strong>atque</strong></span> <span class='ocrx_word' id='word_1_491' title='bbox 1663 5695 1768 5748; x_wconf 88' lang='lat' dir='ltr'><strong>hoc</strong></span> <span class='ocrx_word' id='word_1_492' title='bbox 1811 5695 1988 5749; x_wconf 83' lang='lat' dir='ltr'><strong>adhuc</strong></span> 
     </span>
    </p>
   </div>
   <div class='ocr_carea' id='block_1_60' title="bbox 404 5786 1983 5862">
    <p class='ocr_par' dir='ltr' id='par_1_60' title="bbox 404 5786 1983 5862">
     <span class='ocr_line' id='line_1_60' title="bbox 404 5786 1983 5862; baseline -0.003 -16"><span class='ocrx_word' id='word_1_493' title='bbox 404 5793 648 5862; x_wconf 72' lang='lat' dir='ltr'><strong>asperius</strong></span> <span class='ocrx_word' id='word_1_494' title='bbox 665 5789 1107 5862; x_wconf 85' lang='lat' dir='ltr'><strong>arrogantiusque</strong></span> <span class='ocrx_word' id='word_1_495' title='bbox 1135 5787 1302 5843; x_wconf 88' lang='lat' dir='ltr'><strong>videri</strong></span> <span class='ocrx_word' id='word_1_496' title='bbox 1333 5796 1563 5858; x_wconf 90' lang='lat' dir='ltr'><strong>poterat,</strong></span> <span class='ocrx_word' id='word_1_497' title='bbox 1592 5786 1642 5842; x_wconf 91' lang='lat' dir='ltr'><strong>id</strong></span> <span class='ocrx_word' id='word_1_498' title='bbox 1671 5797 1856 5840; x_wconf 88' lang='lat' dir='ltr'><strong>rursus</strong></span> <span class='ocrx_word' id='word_1_499' title='bbox 1876 5786 1983 5841; x_wconf 92' lang='lat' dir='ltr'><strong>alio</strong></span> 
     </span>
    </p>
   </div>
   <div class='ocr_carea' id='block_1_61' title="bbox 1112 311 2919 385">
    <p class='ocr_par' dir='ltr' id='par_1_61' title="bbox 1112 311 2919 385">
     <span class='ocr_line' id='line_1_61' title="bbox 1112 311 2919 385; baseline -0.011 0"><span class='ocrx_word' id='word_1_500' title='bbox 1112 329 1170 385; x_wconf 88' lang='lat' dir='ltr'><strong>S.</strong></span> <span class='ocrx_word' id='word_1_501' title='bbox 1209 323 1488 384; x_wconf 73' lang='lat' dir='ltr'><strong>JOANNIS</strong></span> <span class='ocrx_word' id='word_1_502' title='bbox 1521 314 2006 376; x_wconf 75' lang='lat' dir='ltr'><strong>CllRYSOSTOMl</strong></span> <span class='ocrx_word' id='word_1_503' title='bbox 2045 314 2361 373; x_wconf 77' lang='lat' dir='ltr'><strong>ARCHIEP.</strong></span> <span class='ocrx_word' id='word_1_504' title='bbox 2393 311 2919 371; x_wconf 77' lang='lat' dir='ltr'><strong>CONSTANTINOP.</strong></span> 
     </span>
    </p>
   </div>
   <div class='ocr_carea' id='block_1_62' title="bbox 3536 305 3640 362">
    <p class='ocr_par' dir='ltr' id='par_1_62' title="bbox 3536 305 3640 362">
     <span class='ocr_line' id='line_1_62' title="bbox 3536 305 3640 362; baseline 0 0"><span class='ocrx_word' id='word_1_505' title='bbox 3536 305 3640 362; x_wconf 57' lang='lat'><strong>‘90</strong></span> 
     </span>
    </p>
   </div>
   <div class='ocr_carea' id='block_1_63' title="bbox 2060 429 3640 502">
    <p class='ocr_par' dir='ltr' id='par_1_63' title="bbox 2060 429 3640 502">
     <span class='ocr_line' id='line_1_63' title="bbox 2060 429 3640 502; baseline -0.003 -15"><span class='ocrx_word' id='word_1_506' title='bbox 2060 432 2223 487; x_wconf 86' lang='lat' dir='ltr'><strong>modo</strong></span> <span class='ocrx_word' id='word_1_507' title='bbox 2249 432 2502 499; x_wconf 87' lang='lat' dir='ltr'><strong>invertit,</strong></span> <span class='ocrx_word' id='word_1_508' title='bbox 2529 447 2590 486; x_wconf 90' lang='lat' dir='ltr'><strong>ac</strong></span> <span class='ocrx_word' id='word_1_509' title='bbox 2617 447 2712 502; x_wconf 91' lang='lat' dir='ltr'><strong>per</strong></span> <span class='ocrx_word' id='word_1_510' title='bbox 2737 447 2822 498; x_wconf 87' lang='lat' dir='ltr'><strong>ea,</strong></span> <span class='ocrx_word' id='word_1_511' title='bbox 2868 446 2989 501; x_wconf 69' lang='lat' dir='ltr'><strong>qua:</strong></span> <span class='ocrx_word' id='word_1_512' title='bbox 3015 430 3311 500; x_wconf 86' lang='lat' dir='ltr'><strong>subiunxit,</strong></span> <span class='ocrx_word' id='word_1_513' title='bbox 3353 429 3640 499; x_wconf 86' lang='lat' dir='ltr'><strong>mitigavit.</strong></span> 
     </span>
    </p>
   </div>
   <div class='ocr_carea' id='block_1_64' title="bbox 2059 521 3643 596">
    <p class='ocr_par' dir='ltr' id='par_1_64' title="bbox 2059 521 3643 596">
     <span class='ocr_line' id='line_1_64' title="bbox 2059 521 3643 596; baseline -0.003 -16"><span class='ocrx_word' id='word_1_514' title='bbox 2059 525 2186 580; x_wconf 89' lang='lat' dir='ltr'><strong>Ideo</strong></span> <span class='ocrx_word' id='word_1_515' title='bbox 2239 526 2404 591; x_wconf 86' lang='lat' dir='ltr'><strong>enim,</strong></span> <span class='ocrx_word' id='word_1_516' title='bbox 2429 526 2619 596; x_wconf 90' lang='lat' dir='ltr'><strong>inquit,</strong></span> <span class='ocrx_word' id='word_1_517' title='bbox 2649 525 2797 595; x_wconf 91' lang='lat' dir='ltr'><strong>prius</strong></span> <span class='ocrx_word' id='word_1_518' title='bbox 2825 525 2891 579; x_wconf 90' lang='lat' dir='ltr'><strong>ad</strong></span> <span class='ocrx_word' id='word_1_519' title='bbox 2917 539 3011 579; x_wconf 87' lang='lat' dir='ltr'><strong>vos</strong></span> <span class='ocrx_word' id='word_1_520' title='bbox 3039 524 3230 594; x_wconf 85' lang='lat' dir='ltr'><strong>scripsi</strong></span> <span class='ocrx_word' id='word_1_521' title='bbox 3253 565 3268 589; x_wconf 88' lang='lat'><strong>,</strong></span> <span class='ocrx_word' id='word_1_522' title='bbox 3320 539 3388 578; x_wconf 90' lang='lat' dir='ltr'><strong>ne</strong></span> <span class='ocrx_word' id='word_1_523' title='bbox 3438 521 3643 577; x_wconf 90' lang='lat' dir='ltr'><strong>dolenti</strong></span> 
     </span>
    </p>
   </div>
   <div class='ocr_carea' id='block_1_65' title="bbox 2058 613 3645 686">
    <p class='ocr_par' dir='ltr' id='par_1_65' title="bbox 2058 613 3645 686">
     <span class='ocr_line' id='line_1_65' title="bbox 2058 613 3645 686; baseline -0.002 -15"><span class='ocrx_word' id='word_1_524' title='bbox 2058 616 2241 684; x_wconf 88' lang='lat' dir='ltr'><strong>animo</strong></span> <span class='ocrx_word' id='word_1_525' title='bbox 2268 632 2361 672; x_wconf 91' lang='lat' dir='ltr'><strong>vos</strong></span> <span class='ocrx_word' id='word_1_526' title='bbox 2387 616 2654 672; x_wconf 87' lang='lat' dir='ltr'><strong>inveniam</strong></span> <span class='ocrx_word' id='word_1_527' title='bbox 2683 633 2786 673; x_wconf 92' lang='lat' dir='ltr'><strong>non</strong></span> <span class='ocrx_word' id='word_1_528' title='bbox 2810 625 3102 672; x_wconf 89' lang='lat' dir='ltr'><strong>correctos.</strong></span> <span class='ocrx_word' id='word_1_529' title='bbox 3128 616 3211 672; x_wconf 90' lang='lat' dir='ltr'><strong>Ob</strong></span> <span class='ocrx_word' id='word_1_530' title='bbox 3239 616 3398 686; x_wconf 90' lang='lat' dir='ltr'><strong>idque</strong></span> <span class='ocrx_word' id='word_1_531' title='bbox 3419 615 3551 682; x_wconf 87' lang='lat' dir='ltr'><strong>dixi,</strong></span> <span class='ocrx_word' id='word_1_532' title='bbox 3575 613 3645 670; x_wconf 87' lang='lat' dir='ltr'><strong>Ut</strong></span> 
     </span>
    </p>
   </div>
   <div class='ocr_carea' id='block_1_66' title="bbox 2057 707 3644 778">
    <p class='ocr_par' dir='ltr' id='par_1_66' title="bbox 2057 707 3644 778">
     <span class='ocr_line' id='line_1_66' title="bbox 2057 707 3644 778; baseline -0.001 -17"><span class='ocrx_word' id='word_1_533' title='bbox 2057 725 2159 762; x_wconf 87' lang='lat' dir='ltr'><strong>non</strong></span> <span class='ocrx_word' id='word_1_534' title='bbox 2185 714 2478 774; x_wconf 80' lang='lat' dir='ltr'><strong>contristcr;</strong></span> <span class='ocrx_word' id='word_1_535' title='bbox 2510 723 2615 763; x_wconf 92' lang='lat' dir='ltr'><strong>non</strong></span> <span class='ocrx_word' id='word_1_536' title='bbox 2642 707 2784 778; x_wconf 88' lang='lat' dir='ltr'><strong>quod</strong></span> <span class='ocrx_word' id='word_1_537' title='bbox 2811 707 2910 762; x_wconf 89' lang='lat' dir='ltr'><strong>hac</strong></span> <span class='ocrx_word' id='word_1_538' title='bbox 2940 709 2990 762; x_wconf 90' lang='lat' dir='ltr'><strong>in</strong></span> <span class='ocrx_word' id='word_1_539' title='bbox 3015 723 3072 761; x_wconf 89' lang='lat' dir='ltr'><strong>re</strong></span> <span class='ocrx_word' id='word_1_540' title='bbox 3094 707 3436 762; x_wconf 92' lang='lat' dir='ltr'><strong>commodum</strong></span> <span class='ocrx_word' id='word_1_541' title='bbox 3467 721 3644 760; x_wconf 91' lang='lat' dir='ltr'><strong>meum</strong></span> 
     </span>
    </p>
   </div>
   <div class='ocr_carea' id='block_1_67' title="bbox 2059 797 3646 870">
    <p class='ocr_par' dir='ltr' id='par_1_67' title="bbox 2059 797 3646 870">
     <span class='ocr_line' id='line_1_67' title="bbox 2059 797 3646 870; baseline -0.003 -16"><span class='ocrx_word' id='word_1_542' title='bbox 2059 808 2318 870; x_wconf 85' lang='lat' dir='ltr'><strong>spectem,</strong></span> <span class='ocrx_word' id='word_1_543' title='bbox 2355 799 2450 855; x_wconf 90' lang='lat' dir='ltr'><strong>sed</strong></span> <span class='ocrx_word' id='word_1_544' title='bbox 2481 809 2738 855; x_wconf 87' lang='lat' dir='ltr'><strong>vestrum.</strong></span> <span class='ocrx_word' id='word_1_545' title='bbox 2769 798 2894 855; x_wconf 91' lang='lat' dir='ltr'><strong>Scio</strong></span> <span class='ocrx_word' id='word_1_546' title='bbox 2938 801 3082 855; x_wconf 89' lang='lat' dir='ltr'><strong>enim</strong></span> <span class='ocrx_word' id='word_1_547' title='bbox 3113 814 3228 865; x_wconf 90' lang='lat' dir='ltr'><strong>vos,</strong></span> <span class='ocrx_word' id='word_1_548' title='bbox 3277 814 3399 854; x_wconf 91' lang='lat' dir='ltr'><strong>eum</strong></span> <span class='ocrx_word' id='word_1_549' title='bbox 3430 813 3518 852; x_wconf 91' lang='lat' dir='ltr'><strong>me</strong></span> <span class='ocrx_word' id='word_1_550' title='bbox 3549 797 3646 850; x_wconf 79' lang='lat' dir='ltr'><strong>la:-</strong></span> 
     </span>
    </p>
   </div>
   <div class='ocr_carea' id='block_1_68' title="bbox 2062 881 3652 971">
    <p class='ocr_par' dir='ltr' id='par_1_68' title="bbox 2062 881 3652 971">
     <span class='ocr_line' id='line_1_68' title="bbox 2062 881 3652 971; baseline -0.001 -25"><span class='ocrx_word' id='word_1_551' title='bbox 2062 907 2169 947; x_wconf 89' lang='lat' dir='ltr'><strong>tum</strong></span> <span class='ocrx_word' id='word_1_552' title='bbox 2194 893 2431 971; x_wconf 83' lang='lat' dir='ltr'><strong>cernitis,</strong></span> <span class='ocrx_word' id='word_1_553' title='bbox 2463 893 2615 948; x_wconf 73' lang='lat' dir='ltr'><strong>laetos</strong></span> <span class='ocrx_word' id='word_1_554' title='bbox 2641 881 2853 963; x_wconf 89' lang='lat' dir='ltr'><strong>quoque</strong></span> <span class='ocrx_word' id='word_1_555' title='bbox 2877 907 3030 957; x_wconf 89' lang='lat' dir='ltr'><strong>esse;</strong></span> <span class='ocrx_word' id='word_1_556' title='bbox 3071 907 3191 946; x_wconf 91' lang='lat' dir='ltr'><strong>cum</strong></span> <span class='ocrx_word' id='word_1_557' title='bbox 3217 891 3488 946; x_wconf 87' lang='lat' dir='ltr'><strong>dolentem</strong></span> <span class='ocrx_word' id='word_1_558' title='bbox 3518 906 3652 946; x_wconf 92' lang='lat' dir='ltr'><strong>con-</strong></span> 
     </span>
    </p>
   </div>
   <div class='ocr_carea' id='block_1_69' title="bbox 2061 985 3650 1055">
    <p class='ocr_par' dir='ltr' id='par_1_69' title="bbox 2061 985 3650 1055">
     <span class='ocr_line' id='line_1_69' title="bbox 2061 985 3650 1055; baseline -0.001 -16"><span class='ocrx_word' id='word_1_559' title='bbox 2061 987 2283 1054; x_wconf 74' lang='lat' dir='ltr'><strong>SpiCiliS,</strong></span> <span class='ocrx_word' id='word_1_560' title='bbox 2304 986 2356 1040; x_wconf 87' lang='lat' dir='ltr'><strong>in</strong></span> <span class='ocrx_word' id='word_1_561' title='bbox 2373 987 2558 1042; x_wconf 89' lang='lat' dir='ltr'><strong>dolore</strong></span> <span class='ocrx_word' id='word_1_562' title='bbox 2575 987 2736 1040; x_wconf 90' lang='lat' dir='ltr'><strong>etiam</strong></span> <span class='ocrx_word' id='word_1_563' title='bbox 2751 986 2968 1041; x_wconf 77' lang='lat' dir='ltr'><strong>versori.</strong></span> <span class='ocrx_word' id='word_1_564' title='bbox 2993 985 3126 1040; x_wconf 86' lang='lat' dir='ltr'><strong>Vide</strong></span> <span class='ocrx_word' id='word_1_565' title='bbox 3153 985 3312 1055; x_wconf 82' lang='lat' dir='ltr'><strong>igitur</strong></span> <span class='ocrx_word' id='word_1_566' title='bbox 3329 1000 3516 1039; x_wconf 89' lang='lat' dir='ltr'><strong>rursus</strong></span> <span class='ocrx_word' id='word_1_567' title='bbox 3541 999 3650 1055; x_wconf 91' lang='lat' dir='ltr'><strong>quo</strong></span> 
     </span>
    </p>
   </div>
   <div class='ocr_carea' id='block_1_70' title="bbox 2065 1077 3648 1149">
    <p class='ocr_par' dir='ltr' id='par_1_70' title="bbox 2065 1077 3648 1149">
     <span class='ocr_line' id='line_1_70' title="bbox 2065 1077 3648 1149; baseline 0 -21"><span class='ocrx_word' id='word_1_568' title='bbox 2065 1089 2242 1148; x_wconf 76' lang='lat' dir='ltr'><strong>pacto,</strong></span> <span class='ocrx_word' id='word_1_569' title='bbox 2277 1095 2396 1149; x_wconf 77' lang='lat' dir='ltr'><strong>quze</strong></span> <span class='ocrx_word' id='word_1_570' title='bbox 2421 1078 2563 1133; x_wconf 88' lang='lat' dir='ltr'><strong>dicta</strong></span> <span class='ocrx_word' id='word_1_571' title='bbox 2593 1088 2737 1144; x_wconf 90' lang='lat' dir='ltr'><strong>sunt,</strong></span> <span class='ocrx_word' id='word_1_572' title='bbox 2761 1079 2900 1131; x_wconf 87' lang='lat' dir='ltr'><strong>inter</strong></span> <span class='ocrx_word' id='word_1_573' title='bbox 2920 1093 2979 1132; x_wconf 93' lang='lat' dir='ltr'><strong>se</strong></span> <span class='ocrx_word' id='word_1_574' title='bbox 3003 1077 3309 1131; x_wconf 61' lang='lat' dir='ltr'><strong>cohaereant</strong></span> <span class='ocrx_word' id='word_1_575' title='bbox 3337 1094 3348 1130; x_wconf 93' lang='lat'>:</span> <span class='ocrx_word' id='word_1_576' title='bbox 3384 1077 3462 1132; x_wconf 92' lang='lat' dir='ltr'><strong>sic</strong></span> <span class='ocrx_word' id='word_1_577' title='bbox 3481 1077 3648 1142; x_wconf 87' lang='lat' dir='ltr'><strong>enim,</strong></span> 
     </span>
    </p>
   </div>
   <div class='ocr_carea' id='block_1_71' title="bbox 2063 1169 3651 1246">
    <p class='ocr_par' dir='ltr' id='par_1_71' title="bbox 2063 1169 3651 1246">
     <span class='ocr_line' id='line_1_71' title="bbox 2063 1169 3651 1246; baseline 0 -24"><span class='ocrx_word' id='word_1_578' title='bbox 2063 1172 2189 1240; x_wconf 90' lang='lat' dir='ltr'><strong>quid</strong></span> <span class='ocrx_word' id='word_1_579' title='bbox 2223 1171 2418 1225; x_wconf 72' lang='lat' dir='ltr'><strong>Paulus</strong></span> <span class='ocrx_word' id='word_1_580' title='bbox 2442 1171 2602 1236; x_wconf 80' lang='lat' dir='ltr'><strong>dicat,</strong></span> <span class='ocrx_word' id='word_1_581' title='bbox 2631 1169 2837 1225; x_wconf 78' lang='lat' dir='ltr'><strong>facilius</strong></span> <span class='ocrx_word' id='word_1_582' title='bbox 2866 1170 3140 1225; x_wconf 89' lang='lat' dir='ltr'><strong>intellectu</strong></span> <span class='ocrx_word' id='word_1_583' title='bbox 3173 1184 3540 1246; x_wconf 82' lang='lat' dir='ltr'><strong>assequemur.</strong></span> <span class='ocrx_word' id='word_1_584' title='bbox 3574 1169 3651 1224; x_wconf 86' lang='lat' dir='ltr'><strong>ld-</strong></span> 
     </span>
    </p>
   </div>
   <div class='ocr_carea' id='block_1_72' title="bbox 2064 1259 3649 1330">
    <p class='ocr_par' dir='ltr' id='par_1_72' title="bbox 2064 1259 3649 1330">
     <span class='ocr_line' id='line_1_72' title="bbox 2064 1259 3649 1330; baseline -0.002 -13"><span class='ocrx_word' id='word_1_585' title='bbox 2064 1262 2228 1326; x_wconf 89' lang='lat' dir='ltr'><strong>cireo,</strong></span> <span class='ocrx_word' id='word_1_586' title='bbox 2261 1261 2454 1330; x_wconf 89' lang='lat' dir='ltr'><strong>inquit,</strong></span> <span class='ocrx_word' id='word_1_587' title='bbox 2487 1278 2592 1316; x_wconf 91' lang='lat' dir='ltr'><strong>non</strong></span> <span class='ocrx_word' id='word_1_588' title='bbox 2621 1262 2765 1328; x_wconf 91' lang='lat' dir='ltr'><strong>veni,</strong></span> <span class='ocrx_word' id='word_1_589' title='bbox 2798 1277 2868 1316; x_wconf 92' lang='lat' dir='ltr'><strong>ne</strong></span> <span class='ocrx_word' id='word_1_590' title='bbox 2892 1277 2990 1316; x_wconf 91' lang='lat' dir='ltr'><strong>vos</strong></span> <span class='ocrx_word' id='word_1_591' title='bbox 3020 1276 3254 1316; x_wconf 67' lang='lat' dir='ltr'><strong>maerore</strong></span> <span class='ocrx_word' id='word_1_592' title='bbox 3275 1259 3571 1325; x_wconf 75' lang='lat' dir='ltr'><strong>efficerem,</strong></span> <span class='ocrx_word' id='word_1_593' title='bbox 3604 1261 3649 1314; x_wconf 90' lang='lat' dir='ltr'><strong>si</strong></span> 
     </span>
    </p>
   </div>
   <div class='ocr_carea' id='block_1_73' title="bbox 2067 1351 3652 1435">
    <p class='ocr_par' dir='ltr' id='par_1_73' title="bbox 2067 1351 3652 1435">
     <span class='ocr_line' id='line_1_73' title="bbox 2067 1351 3652 1435; baseline -0.003 -24"><span class='ocrx_word' id='word_1_594' title='bbox 2067 1358 2396 1411; x_wconf 88' lang='lat' dir='ltr'><strong>incorrectos</strong></span> <span class='ocrx_word' id='word_1_595' title='bbox 2425 1355 2790 1412; x_wconf 76' lang='lat' dir='ltr'><strong>offendissem.</strong></span> <span class='ocrx_word' id='word_1_596' title='bbox 2837 1355 2949 1411; x_wconf 91' lang='lat' dir='ltr'><strong>lloc</strong></span> <span class='ocrx_word' id='word_1_597' title='bbox 2986 1365 3163 1410; x_wconf 89' lang='lat' dir='ltr'><strong>autem</strong></span> <span class='ocrx_word' id='word_1_598' title='bbox 3203 1369 3322 1435; x_wconf 31' lang='lat' dir='ltr'><strong>.non</strong></span> <span class='ocrx_word' id='word_1_599' title='bbox 3354 1369 3505 1419; x_wconf 87' lang='lat' dir='ltr'><strong>mea,</strong></span> <span class='ocrx_word' id='word_1_600' title='bbox 3557 1351 3652 1407; x_wconf 90' lang='lat' dir='ltr'><strong>sed</strong></span> 
     </span>
    </p>
   </div>
   <div class='ocr_carea' id='block_1_74' title="bbox 2066 1449 3654 1520">
    <p class='ocr_par' dir='ltr' id='par_1_74' title="bbox 2066 1449 3654 1520">
     <span class='ocr_line' id='line_1_74' title="bbox 2066 1449 3654 1520; baseline -0.001 -16"><span class='ocrx_word' id='word_1_601' title='bbox 2066 1462 2245 1506; x_wconf 88' lang='lat' dir='ltr'><strong>vestra</strong></span> <span class='ocrx_word' id='word_1_602' title='bbox 2276 1465 2438 1505; x_wconf 88' lang='lat' dir='ltr'><strong>causa</strong></span> <span class='ocrx_word' id='word_1_603' title='bbox 2466 1449 2749 1506; x_wconf 82' lang='lat' dir='ltr'><strong>faciebam.</strong></span> <span class='ocrx_word' id='word_1_604' title='bbox 2783 1450 2895 1520; x_wconf 86' lang='lat' dir='ltr'><strong>Ego</strong></span> <span class='ocrx_word' id='word_1_605' title='bbox 2923 1449 3066 1504; x_wconf 90' lang='lat' dir='ltr'><strong>enim</strong></span> <span class='ocrx_word' id='word_1_606' title='bbox 3095 1463 3161 1504; x_wconf 88' lang='lat' dir='ltr'><strong>ex</strong></span> <span class='ocrx_word' id='word_1_607' title='bbox 3201 1459 3384 1504; x_wconf 90' lang='lat' dir='ltr'><strong>vestro</strong></span> <span class='ocrx_word' id='word_1_608' title='bbox 3419 1463 3654 1504; x_wconf 68' lang='lat' dir='ltr'><strong>maerore</strong></span> 
     </span>
    </p>
   </div>
   <div class='ocr_carea' id='block_1_75' title="bbox 2072 1541 3654 1612">
    <p class='ocr_par' dir='ltr' id='par_1_75' title="bbox 2072 1541 3654 1612">
     <span class='ocr_line' id='line_1_75' title="bbox 2072 1541 3654 1612; baseline -0.002 -14"><span class='ocrx_word' id='word_1_609' title='bbox 2072 1544 2211 1598; x_wconf 70' lang='lat' dir='ltr'><strong>haud</strong></span> <span class='ocrx_word' id='word_1_610' title='bbox 2247 1558 2464 1612; x_wconf 79' lang='lat' dir='ltr'><strong>parvam</strong></span> <span class='ocrx_word' id='word_1_611' title='bbox 2493 1542 2823 1612; x_wconf 87' lang='lat' dir='ltr'><strong>voluptatem</strong></span> <span class='ocrx_word' id='word_1_612' title='bbox 2846 1543 3022 1612; x_wconf 85' lang='lat' dir='ltr'><strong>capio,</strong></span> <span class='ocrx_word' id='word_1_613' title='bbox 3056 1555 3177 1596; x_wconf 92' lang='lat' dir='ltr'><strong>cum</strong></span> <span class='ocrx_word' id='word_1_614' title='bbox 3203 1555 3289 1597; x_wconf 90' lang='lat' dir='ltr'><strong>me</strong></span> <span class='ocrx_word' id='word_1_615' title='bbox 3316 1541 3468 1596; x_wconf 91' lang='lat' dir='ltr'><strong>vobis</strong></span> <span class='ocrx_word' id='word_1_616' title='bbox 3493 1549 3654 1596; x_wconf 68' lang='lat' dir='ltr'><strong>tantae</strong></span> 
     </span>
    </p>
   </div>
   <div class='ocr_carea' id='block_1_76' title="bbox 2069 1634 3654 1702">
    <p class='ocr_par' dir='ltr' id='par_1_76' title="bbox 2069 1634 3654 1702">
     <span class='ocr_line' id='line_1_76' title="bbox 2069 1634 3654 1702; baseline -0.001 -10"><span class='ocrx_word' id='word_1_617' title='bbox 2069 1651 2212 1692; x_wconf 56' lang='lat' dir='ltr'><strong>cura;</strong></span> <span class='ocrx_word' id='word_1_618' title='bbox 2238 1650 2359 1691; x_wconf 89' lang='lat' dir='ltr'><strong>esse</strong></span> <span class='ocrx_word' id='word_1_619' title='bbox 2389 1649 2577 1699; x_wconf 89' lang='lat' dir='ltr'><strong>cerno,</strong></span> <span class='ocrx_word' id='word_1_620' title='bbox 2609 1644 2667 1689; x_wconf 90' lang='lat' dir='ltr'><strong>ut</strong></span> <span class='ocrx_word' id='word_1_621' title='bbox 2692 1634 2930 1689; x_wconf 88' lang='lat' dir='ltr'><strong>etiamin</strong></span> <span class='ocrx_word' id='word_1_622' title='bbox 2955 1649 3186 1690; x_wconf 72' lang='lat' dir='ltr'><strong>mmrore</strong></span> <span class='ocrx_word' id='word_1_623' title='bbox 3215 1649 3278 1690; x_wconf 89' lang='lat' dir='ltr'><strong>ac</strong></span> <span class='ocrx_word' id='word_1_624' title='bbox 3305 1634 3493 1690; x_wconf 90' lang='lat' dir='ltr'><strong>dolore</strong></span> <span class='ocrx_word' id='word_1_625' title='bbox 3513 1635 3654 1702; x_wconf 90' lang='lat' dir='ltr'><strong>sitis,</strong></span> 
     </span>
    </p>
   </div>
   <div class='ocr_carea' id='block_1_77' title="bbox 2069 1725 3659 1798">
    <p class='ocr_par' dir='ltr' id='par_1_77' title="bbox 2069 1725 3659 1798">
     <span class='ocr_line' id='line_1_77' title="bbox 2069 1725 3659 1798; baseline 0 -16"><span class='ocrx_word' id='word_1_626' title='bbox 2069 1742 2192 1782; x_wconf 90' lang='lat' dir='ltr'><strong>cum</strong></span> <span class='ocrx_word' id='word_1_627' title='bbox 2230 1727 2597 1798; x_wconf 84' lang='lat' dir='ltr'><strong>indignatione</strong></span> <span class='ocrx_word' id='word_1_628' title='bbox 2625 1725 2833 1782; x_wconf 90' lang='lat' dir='ltr'><strong>afﬁcior</strong></span> <span class='ocrx_word' id='word_1_629' title='bbox 2863 1745 2876 1782; x_wconf 92' lang='lat'><strong>:</strong></span> <span class='ocrx_word' id='word_1_630' title='bbox 2911 1726 3038 1794; x_wconf 84' lang='lat' dir='ltr'><strong>Quis</strong></span> <span class='ocrx_word' id='word_1_631' title='bbox 3053 1728 3185 1782; x_wconf 83' lang='lat' dir='ltr'><strong>enim</strong></span> <span class='ocrx_word' id='word_1_632' title='bbox 3211 1736 3282 1782; x_wconf 88' lang='lat' dir='ltr'><strong>est</strong></span> <span class='ocrx_word' id='word_1_633' title='bbox 3302 1727 3390 1796; x_wconf 86' lang='lat' dir='ltr'><strong>qui</strong></span> <span class='ocrx_word' id='word_1_634' title='bbox 3409 1744 3489 1782; x_wconf 86' lang='lat' dir='ltr'><strong>me</strong></span> <span class='ocrx_word' id='word_1_635' title='bbox 3512 1728 3659 1782; x_wconf 71' lang='lat' dir='ltr'><strong>exhi-</strong></span> 
     </span>
    </p>
   </div>
   <div class='ocr_carea' id='block_1_78' title="bbox 2072 1818 3658 1890">
    <p class='ocr_par' dir='ltr' id='par_1_78' title="bbox 2072 1818 3658 1890">
     <span class='ocr_line' id='line_1_78' title="bbox 2072 1818 3658 1890; baseline -0.001 -16"><span class='ocrx_word' id='word_1_636' title='bbox 2072 1821 2219 1883; x_wconf 87' lang='lat' dir='ltr'><strong>laret,</strong></span> <span class='ocrx_word' id='word_1_637' title='bbox 2249 1820 2348 1873; x_wconf 77' lang='lat' dir='ltr'><strong>nisi</strong></span> <span class='ocrx_word' id='word_1_638' title='bbox 2367 1819 2455 1890; x_wconf 88' lang='lat' dir='ltr'><strong>qui</strong></span> <span class='ocrx_word' id='word_1_639' title='bbox 2473 1835 2534 1874; x_wconf 73' lang='lat' dir='ltr'><strong>ea:</strong></span> <span class='ocrx_word' id='word_1_640' title='bbox 2553 1835 2633 1872; x_wconf 86' lang='lat' dir='ltr'><strong>me</strong></span> <span class='ocrx_word' id='word_1_641' title='bbox 2656 1819 2982 1872; x_wconf 89' lang='lat' dir='ltr'><strong>contristatur</strong></span> <span class='ocrx_word' id='word_1_642' title='bbox 2997 1818 3023 1872; x_wconf 76' lang='grc' dir='ltr'><strong>Ζ)</strong></span> <span class='ocrx_word' id='word_1_643' title='bbox 3051 1818 3251 1874; x_wconf 89' lang='lat' dir='ltr'><strong>Tamen</strong></span> <span class='ocrx_word' id='word_1_644' title='bbox 3274 1819 3520 1888; x_wconf 80' lang='lat' dir='ltr'><strong>quamvis</strong></span> <span class='ocrx_word' id='word_1_645' title='bbox 3541 1819 3658 1873; x_wconf 89' lang='lat' dir='ltr'><strong>ani-</strong></span> 
     </span>
    </p>
   </div>
   <div class='ocr_carea' id='block_1_79' title="bbox 2073 1909 3658 1981">
    <p class='ocr_par' dir='ltr' id='par_1_79' title="bbox 2073 1909 3658 1981">
     <span class='ocr_line' id='line_1_79' title="bbox 2073 1909 3658 1981; baseline 0 -17"><span class='ocrx_word' id='word_1_646' title='bbox 2073 1925 2162 1965; x_wconf 90' lang='lat' dir='ltr'><strong>mo</strong></span> <span class='ocrx_word' id='word_1_647' title='bbox 2189 1909 2259 1965; x_wconf 90' lang='lat' dir='ltr'><strong>ita</strong></span> <span class='ocrx_word' id='word_1_648' title='bbox 2285 1911 2605 1965; x_wconf 91' lang='lat' dir='ltr'><strong>constitutus</strong></span> <span class='ocrx_word' id='word_1_649' title='bbox 2635 1909 2758 1976; x_wconf 89' lang='lat' dir='ltr'><strong>sim,</strong></span> <span class='ocrx_word' id='word_1_650' title='bbox 2801 1911 3053 1981; x_wconf 88' lang='lat' dir='ltr'><strong>quoniam</strong></span> <span class='ocrx_word' id='word_1_651' title='bbox 3083 1910 3246 1966; x_wconf 87' lang='lat' dir='ltr'><strong>vestri</strong></span> <span class='ocrx_word' id='word_1_652' title='bbox 3276 1911 3536 1966; x_wconf 90' lang='lat' dir='ltr'><strong>rationem</strong></span> <span class='ocrx_word' id='word_1_653' title='bbox 3559 1911 3658 1964; x_wconf 91' lang='lat' dir='ltr'><strong>ha-</strong></span> 
     </span>
    </p>
   </div>
   <div class='ocr_carea' id='block_1_80' title="bbox 2076 2002 3656 2074">
    <p class='ocr_par' dir='ltr' id='par_1_80' title="bbox 2076 2002 3656 2074">
     <span class='ocr_line' id='line_1_80' title="bbox 2076 2002 3656 2074; baseline 0.001 -18"><span class='ocrx_word' id='word_1_654' title='bbox 2076 2003 2199 2067; x_wconf 83' lang='lat' dir='ltr'><strong>beo,</strong></span> <span class='ocrx_word' id='word_1_655' title='bbox 2229 2002 2332 2057; x_wconf 91' lang='lat' dir='ltr'><strong>hoc</strong></span> <span class='ocrx_word' id='word_1_656' title='bbox 2356 2003 2528 2074; x_wconf 85' lang='lat' dir='ltr'><strong>ipsum</strong></span> <span class='ocrx_word' id='word_1_657' title='bbox 2560 2003 2625 2058; x_wconf 89' lang='lat' dir='ltr'><strong>ad</strong></span> <span class='ocrx_word' id='word_1_658' title='bbox 2653 2017 2749 2058; x_wconf 90' lang='lat' dir='ltr'><strong>vos</strong></span> <span class='ocrx_word' id='word_1_659' title='bbox 2779 2003 3005 2074; x_wconf 85' lang='lat' dir='ltr'><strong>scripsi,</strong></span> <span class='ocrx_word' id='word_1_660' title='bbox 3034 2011 3091 2058; x_wconf 92' lang='lat' dir='ltr'><strong>nt</strong></span> <span class='ocrx_word' id='word_1_661' title='bbox 3131 2019 3200 2059; x_wconf 88' lang='lat' dir='ltr'><strong>ne</strong></span> <span class='ocrx_word' id='word_1_662' title='bbox 3236 2003 3528 2058; x_wconf 90' lang='lat' dir='ltr'><strong>contristcr</strong></span> <span class='ocrx_word' id='word_1_663' title='bbox 3557 2021 3570 2057; x_wconf 91' lang='lat'>:</span> <span class='ocrx_word' id='word_1_664' title='bbox 3602 2003 3656 2058; x_wconf 91' lang='lat' dir='ltr'><strong>in</strong></span> 
     </span>
    </p>
   </div>
   <div class='ocr_carea' id='block_1_81' title="bbox 2074 2093 3662 2165">
    <p class='ocr_par' dir='ltr' id='par_1_81' title="bbox 2074 2093 3662 2165">
     <span class='ocr_line' id='line_1_81' title="bbox 2074 2093 3662 2165; baseline 0.002 -17"><span class='ocrx_word' id='word_1_665' title='bbox 2074 2093 2178 2149; x_wconf 91' lang='lat' dir='ltr'><strong>hoc</strong></span> <span class='ocrx_word' id='word_1_666' title='bbox 2206 2110 2420 2165; x_wconf 90' lang='lat' dir='ltr'><strong>quoque</strong></span> <span class='ocrx_word' id='word_1_667' title='bbox 2445 2109 2630 2149; x_wconf 89' lang='lat' dir='ltr'><strong>rursus</strong></span> <span class='ocrx_word' id='word_1_668' title='bbox 2659 2110 2765 2149; x_wconf 93' lang='lat' dir='ltr'><strong>non</strong></span> <span class='ocrx_word' id='word_1_669' title='bbox 2797 2109 2997 2161; x_wconf 90' lang='lat' dir='ltr'><strong>meum,</strong></span> <span class='ocrx_word' id='word_1_670' title='bbox 3026 2093 3121 2150; x_wconf 89' lang='lat' dir='ltr'><strong>sed</strong></span> <span class='ocrx_word' id='word_1_671' title='bbox 3154 2105 3389 2150; x_wconf 90' lang='lat' dir='ltr'><strong>vestrum</strong></span> <span class='ocrx_word' id='word_1_672' title='bbox 3418 2110 3662 2151; x_wconf 88' lang='lat' dir='ltr'><strong>commo-</strong></span> 
     </span>
    </p>
   </div>
   <div class='ocr_carea' id='block_1_82' title="bbox 2075 2188 3663 2259">
    <p class='ocr_par' dir='ltr' id='par_1_82' title="bbox 2075 2188 3663 2259">
     <span class='ocr_line' id='line_1_82' title="bbox 2075 2188 3663 2259; baseline 0.001 -16"><span class='ocrx_word' id='word_1_673' title='bbox 2075 2189 2202 2244; x_wconf 84' lang='lat' dir='ltr'><strong>dum</strong></span> <span class='ocrx_word' id='word_1_674' title='bbox 2227 2199 2498 2258; x_wconf 88' lang='lat' dir='ltr'><strong>spectans.</strong></span> <span class='ocrx_word' id='word_1_675' title='bbox 2533 2188 2718 2259; x_wconf 85' lang='lat' dir='ltr'><strong>Neque</strong></span> <span class='ocrx_word' id='word_1_676' title='bbox 2737 2189 2883 2244; x_wconf 87' lang='lat' dir='ltr'><strong>enim</strong></span> <span class='ocrx_word' id='word_1_677' title='bbox 2913 2204 2999 2243; x_wconf 91' lang='lat' dir='ltr'><strong>me</strong></span> <span class='ocrx_word' id='word_1_678' title='bbox 3029 2188 3180 2259; x_wconf 86' lang='lat' dir='ltr'><strong>fugit,</strong></span> <span class='ocrx_word' id='word_1_679' title='bbox 3207 2189 3334 2259; x_wconf 86' lang='lat' dir='ltr'><strong>quin</strong></span> <span class='ocrx_word' id='word_1_680' title='bbox 3363 2203 3426 2243; x_wconf 90' lang='lat' dir='ltr'><strong>ea</strong></span> <span class='ocrx_word' id='word_1_681' title='bbox 3457 2202 3545 2243; x_wconf 88' lang='lat' dir='ltr'><strong>res</strong></span> <span class='ocrx_word' id='word_1_682' title='bbox 3563 2203 3663 2244; x_wconf 82' lang='lat' dir='ltr'><strong>vo-</strong></span> 
     </span>
    </p>
   </div>
   <div class='ocr_carea' id='block_1_83' title="bbox 2076 2280 3664 2349">
    <p class='ocr_par' dir='ltr' id='par_1_83' title="bbox 2076 2280 3664 2349">
     <span class='ocr_line' id='line_1_83' title="bbox 2076 2280 3664 2349; baseline 0 -13"><span class='ocrx_word' id='word_1_683' title='bbox 2076 2280 2159 2336; x_wconf 89' lang='lat' dir='ltr'><strong>bis</strong></span> <span class='ocrx_word' id='word_1_684' title='bbox 2185 2281 2404 2337; x_wconf 68' lang='lat' dir='ltr'><strong>maerori</strong></span> <span class='ocrx_word' id='word_1_685' title='bbox 2435 2280 2610 2334; x_wconf 86' lang='lat' dir='ltr'><strong>futura</strong></span> <span class='ocrx_word' id='word_1_686' title='bbox 2637 2281 2727 2349; x_wconf 88' lang='lat' dir='ltr'><strong>sit,</strong></span> <span class='ocrx_word' id='word_1_687' title='bbox 2757 2281 2801 2335; x_wconf 88' lang='lat' dir='ltr'><strong>si</strong></span> <span class='ocrx_word' id='word_1_688' title='bbox 2832 2280 3105 2336; x_wconf 87' lang='lat' dir='ltr'><strong>dolentem</strong></span> <span class='ocrx_word' id='word_1_689' title='bbox 3149 2296 3237 2336; x_wconf 90' lang='lat' dir='ltr'><strong>me</strong></span> <span class='ocrx_word' id='word_1_690' title='bbox 3276 2280 3513 2336; x_wconf 89' lang='lat' dir='ltr'><strong>videritis</strong></span> <span class='ocrx_word' id='word_1_691' title='bbox 3543 2297 3558 2335; x_wconf 88' lang='lat'><strong>:</strong></span> <span class='ocrx_word' id='word_1_692' title='bbox 3603 2291 3664 2336; x_wconf 92' lang='lat' dir='ltr'><strong>ut</strong></span> 
     </span>
    </p>
   </div>
   <div class='ocr_carea' id='block_1_84' title="bbox 2077 2373 3664 2444">
    <p class='ocr_par' dir='ltr' id='par_1_84' title="bbox 2077 2373 3664 2444">
     <span class='ocr_line' id='line_1_84' title="bbox 2077 2373 3664 2444; baseline 0.001 -16"><span class='ocrx_word' id='word_1_693' title='bbox 2077 2383 2263 2429; x_wconf 91' lang='lat' dir='ltr'><strong>contra</strong></span> <span class='ocrx_word' id='word_1_694' title='bbox 2293 2373 2512 2441; x_wconf 64' lang='lat' dir='ltr'><strong>lartitiae,</strong></span> <span class='ocrx_word' id='word_1_695' title='bbox 2545 2373 2590 2428; x_wconf 89' lang='lat' dir='ltr'><strong>si</strong></span> <span class='ocrx_word' id='word_1_696' title='bbox 2621 2388 2708 2428; x_wconf 91' lang='lat' dir='ltr'><strong>me</strong></span> <span class='ocrx_word' id='word_1_697' title='bbox 2739 2373 2920 2428; x_wconf 79' lang='lat' dir='ltr'><strong>hrtum</strong></span> <span class='ocrx_word' id='word_1_698' title='bbox 2947 2373 3358 2444; x_wconf 88' lang='lat' dir='ltr'><strong>conspexeritis.</strong></span> <span class='ocrx_word' id='word_1_699' title='bbox 3389 2373 3524 2430; x_wconf 83' lang='lat' dir='ltr'><strong>Vide</strong></span> <span class='ocrx_word' id='word_1_700' title='bbox 3563 2375 3664 2429; x_wconf 88' lang='lat' dir='ltr'><strong>ita-</strong></span> 
     </span>
    </p>
   </div>
   <div class='ocr_carea' id='block_1_85' title="bbox 2079 2465 3665 2536">
    <p class='ocr_par' dir='ltr' id='par_1_85' title="bbox 2079 2465 3665 2536">
     <span class='ocr_line' id='line_1_85' title="bbox 2079 2465 3665 2536; baseline 0 -14"><span class='ocrx_word' id='word_1_701' title='bbox 2079 2481 2184 2536; x_wconf 87' lang='lat' dir='ltr'><strong>que</strong></span> <span class='ocrx_word' id='word_1_702' title='bbox 2211 2466 2548 2536; x_wconf 88' lang='lat' dir='ltr'><strong>prudentiam</strong></span> <span class='ocrx_word' id='word_1_703' title='bbox 2574 2483 2588 2521; x_wconf 89' lang='lat'><strong>:</strong></span> <span class='ocrx_word' id='word_1_704' title='bbox 2620 2465 2851 2530; x_wconf 82' lang='lat' dir='ltr'><strong>dixerat,</strong></span> <span class='ocrx_word' id='word_1_705' title='bbox 2883 2465 3006 2520; x_wconf 86' lang='lat' dir='ltr'><strong>Non</strong></span> <span class='ocrx_word' id='word_1_706' title='bbox 3055 2467 3184 2534; x_wconf 82' lang='lat' dir='ltr'><strong>veni,</strong></span> <span class='ocrx_word' id='word_1_707' title='bbox 3219 2475 3276 2521; x_wconf 91' lang='lat' dir='ltr'><strong>ut</strong></span> <span class='ocrx_word' id='word_1_708' title='bbox 3305 2481 3372 2522; x_wconf 90' lang='lat' dir='ltr'><strong>ne</strong></span> <span class='ocrx_word' id='word_1_709' title='bbox 3405 2481 3500 2522; x_wconf 89' lang='lat' dir='ltr'><strong>vos</strong></span> <span class='ocrx_word' id='word_1_710' title='bbox 3532 2481 3665 2522; x_wconf 86' lang='lat' dir='ltr'><strong>con-</strong></span> 
     </span>
    </p>
   </div>
   <div class='ocr_carea' id='block_1_86' title="bbox 2079 2558 3664 2630">
    <p class='ocr_par' dir='ltr' id='par_1_86' title="bbox 2079 2558 3664 2630">
     <span class='ocr_line' id='line_1_86' title="bbox 2079 2558 3664 2630; baseline 0 -16"><span class='ocrx_word' id='word_1_711' title='bbox 2079 2560 2296 2626; x_wconf 87' lang='lat' dir='ltr'><strong>trister;</strong></span> <span class='ocrx_word' id='word_1_712' title='bbox 2337 2569 2391 2615; x_wconf 92' lang='lat' dir='ltr'><strong>et</strong></span> <span class='ocrx_word' id='word_1_713' title='bbox 2425 2568 2600 2614; x_wconf 87' lang='lat' dir='ltr'><strong>tamen</strong></span> <span class='ocrx_word' id='word_1_714' title='bbox 2649 2559 2878 2630; x_wconf 88' lang='lat' dir='ltr'><strong>gaudeo,</strong></span> <span class='ocrx_word' id='word_1_715' title='bbox 2909 2559 3100 2629; x_wconf 92' lang='lat' dir='ltr'><strong>inquit.</strong></span> <span class='ocrx_word' id='word_1_716' title='bbox 3133 2558 3356 2624; x_wconf 89' lang='lat' dir='ltr'><strong>Deinde,</strong></span> <span class='ocrx_word' id='word_1_717' title='bbox 3386 2573 3454 2614; x_wconf 89' lang='lat' dir='ltr'><strong>ne</strong></span> <span class='ocrx_word' id='word_1_718' title='bbox 3478 2575 3542 2615; x_wconf 82' lang='lat' dir='ltr'><strong>ex</strong></span> <span class='ocrx_word' id='word_1_719' title='bbox 3567 2574 3664 2614; x_wconf 88' lang='lat' dir='ltr'><strong>eo—</strong></span> 
     </span>
    </p>
   </div>
   <div class='ocr_carea' id='block_1_87' title="bbox 2081 2651 3663 2723">
    <p class='ocr_par' dir='ltr' id='par_1_87' title="bbox 2081 2651 3663 2723">
     <span class='ocr_line' id='line_1_87' title="bbox 2081 2651 3663 2723; baseline 0 -16"><span class='ocrx_word' id='word_1_720' title='bbox 2081 2668 2200 2707; x_wconf 91' lang='lat' dir='ltr'><strong>rum</strong></span> <span class='ocrx_word' id='word_1_721' title='bbox 2233 2652 2421 2707; x_wconf 90' lang='lat' dir='ltr'><strong>dolore</strong></span> <span class='ocrx_word' id='word_1_722' title='bbox 2450 2652 2778 2723; x_wconf 87' lang='lat' dir='ltr'><strong>voluptatem</strong></span> <span class='ocrx_word' id='word_1_723' title='bbox 2827 2651 2928 2706; x_wconf 91' lang='lat' dir='ltr'><strong>sibi</strong></span> <span class='ocrx_word' id='word_1_724' title='bbox 2976 2666 3096 2706; x_wconf 90' lang='lat' dir='ltr'><strong>esse</strong></span> <span class='ocrx_word' id='word_1_725' title='bbox 3139 2651 3404 2720; x_wconf 88' lang='lat' dir='ltr'><strong>videatur,</strong></span> <span class='ocrx_word' id='word_1_726' title='bbox 3435 2651 3490 2706; x_wconf 89' lang='lat' dir='ltr'><strong>1n</strong></span> <span class='ocrx_word' id='word_1_727' title='bbox 3536 2652 3663 2719; x_wconf 87' lang='lat' dir='ltr'><strong>hoc,</strong></span> 
     </span>
    </p>
   </div>
   <div class='ocr_carea' id='block_1_88' title="bbox 2081 2742 3662 2816">
    <p class='ocr_par' dir='ltr' id='par_1_88' title="bbox 2081 2742 3662 2816">
     <span class='ocr_line' id='line_1_88' title="bbox 2081 2742 3662 2816; baseline 0 -17"><span class='ocrx_word' id='word_1_728' title='bbox 2081 2745 2273 2816; x_wconf 88' lang='lat' dir='ltr'><strong>inquit,</strong></span> <span class='ocrx_word' id='word_1_729' title='bbox 2306 2742 2535 2815; x_wconf 86' lang='lat' dir='ltr'><strong>gaudeo,</strong></span> <span class='ocrx_word' id='word_1_730' title='bbox 2565 2742 2709 2815; x_wconf 87' lang='lat' dir='ltr'><strong>quod</strong></span> <span class='ocrx_word' id='word_1_731' title='bbox 2740 2757 2833 2799; x_wconf 88' lang='lat' dir='ltr'><strong>vos</strong></span> <span class='ocrx_word' id='word_1_732' title='bbox 2875 2743 3252 2814; x_wconf 88' lang='lat' dir='ltr'><strong>perstringam.</strong></span> <span class='ocrx_word' id='word_1_733' title='bbox 3301 2743 3430 2798; x_wconf 76' lang='lat' dir='ltr'><strong>Nam</strong></span> <span class='ocrx_word' id='word_1_734' title='bbox 3462 2743 3662 2814; x_wconf 90' lang='lat' dir='ltr'><strong>alioqui</strong></span> 
     </span>
    </p>
   </div>
   <div class='ocr_carea' id='block_1_89' title="bbox 2079 2837 3665 2908">
    <p class='ocr_par' dir='ltr' id='par_1_89' title="bbox 2079 2837 3665 2908">
     <span class='ocr_line' id='line_1_89' title="bbox 2079 2837 3665 2908; baseline -0.002 -16"><span class='ocrx_word' id='word_1_735' title='bbox 2079 2837 2401 2904; x_wconf 88' lang='lat' dir='ltr'><strong>discrucior,</strong></span> <span class='ocrx_word' id='word_1_736' title='bbox 2445 2851 2565 2892; x_wconf 91' lang='lat' dir='ltr'><strong>eum</strong></span> <span class='ocrx_word' id='word_1_737' title='bbox 2593 2851 2707 2902; x_wconf 89' lang='lat' dir='ltr'><strong>eos,</strong></span> <span class='ocrx_word' id='word_1_738' title='bbox 2739 2851 2769 2890; x_wconf 90' lang='lat' dir='ltr'><strong>a</strong></span> <span class='ocrx_word' id='word_1_739' title='bbox 2796 2837 2989 2908; x_wconf 81' lang='lat' dir='ltr'><strong>quibus</strong></span> <span class='ocrx_word' id='word_1_740' title='bbox 3019 2845 3301 2907; x_wconf 88' lang='lat' dir='ltr'><strong>tantopere</strong></span> <span class='ocrx_word' id='word_1_741' title='bbox 3329 2851 3501 2902; x_wconf 91' lang='lat' dir='ltr'><strong>amor,</strong></span> <span class='ocrx_word' id='word_1_742' title='bbox 3547 2851 3665 2891; x_wconf 86' lang='lat' dir='ltr'><strong>mo-</strong></span> 
     </span>
    </p>
   </div>
   <div class='ocr_carea' id='block_1_90' title="bbox 2081 2926 3665 3000">
    <p class='ocr_par' dir='ltr' id='par_1_90' title="bbox 2081 2926 3665 3000">
     <span class='ocr_line' id='line_1_90' title="bbox 2081 2926 3665 3000; baseline -0.002 -15"><span class='ocrx_word' id='word_1_743' title='bbox 2081 2930 2233 2985; x_wconf 90' lang='lat' dir='ltr'><strong>lestia</strong></span> <span class='ocrx_word' id='word_1_744' title='bbox 2255 2928 2467 2984; x_wconf 87' lang='lat' dir='ltr'><strong>aflicere</strong></span> <span class='ocrx_word' id='word_1_745' title='bbox 2483 2943 2669 2999; x_wconf 91' lang='lat' dir='ltr'><strong>cogor,</strong></span> <span class='ocrx_word' id='word_1_746' title='bbox 2684 2942 2792 2983; x_wconf 89' lang='lat' dir='ltr'><strong>non</strong></span> <span class='ocrx_word' id='word_1_747' title='bbox 2817 2929 2886 2984; x_wconf 90' lang='lat' dir='ltr'><strong>ob</strong></span> <span class='ocrx_word' id='word_1_748' title='bbox 2905 2926 2958 2983; x_wconf 90' lang='lat' dir='ltr'><strong>id</strong></span> <span class='ocrx_word' id='word_1_749' title='bbox 2982 2936 3184 2982; x_wconf 86' lang='lat' dir='ltr'><strong>tantum</strong></span> <span class='ocrx_word' id='word_1_750' title='bbox 3204 2927 3346 2998; x_wconf 91' lang='lat' dir='ltr'><strong>quod</strong></span> <span class='ocrx_word' id='word_1_751' title='bbox 3364 2927 3665 3000; x_wconf 88' lang='lat' dir='ltr'><strong>obiurgem,</strong></span> 
     </span>
    </p>
   </div>
   <div class='ocr_carea' id='block_1_91' title="bbox 2082 3019 3668 3091">
    <p class='ocr_par' dir='ltr' id='par_1_91' title="bbox 2082 3019 3668 3091">
     <span class='ocr_line' id='line_1_91' title="bbox 2082 3019 3668 3091; baseline 0.001 -15"><span class='ocrx_word' id='word_1_752' title='bbox 2082 3021 2176 3077; x_wconf 90' lang='lat' dir='ltr'><strong>sed</strong></span> <span class='ocrx_word' id='word_1_753' title='bbox 2200 3022 2268 3076; x_wconf 92' lang='lat' dir='ltr'><strong>ob</strong></span> <span class='ocrx_word' id='word_1_754' title='bbox 2291 3019 2342 3076; x_wconf 91' lang='lat' dir='ltr'><strong>id</strong></span> <span class='ocrx_word' id='word_1_755' title='bbox 2369 3021 2533 3076; x_wconf 91' lang='lat' dir='ltr'><strong>etiam</strong></span> <span class='ocrx_word' id='word_1_756' title='bbox 2564 3020 2706 3090; x_wconf 92' lang='lat' dir='ltr'><strong>quod</strong></span> <span class='ocrx_word' id='word_1_757' title='bbox 2737 3020 2850 3091; x_wconf 92' lang='lat' dir='ltr'><strong>ipse</strong></span> <span class='ocrx_word' id='word_1_758' title='bbox 2878 3034 3092 3091; x_wconf 92' lang='lat' dir='ltr'><strong>quoque</strong></span> <span class='ocrx_word' id='word_1_759' title='bbox 3120 3020 3172 3074; x_wconf 90' lang='lat' dir='ltr'><strong>in</strong></span> <span class='ocrx_word' id='word_1_760' title='bbox 3204 3034 3438 3076; x_wconf 68' lang='lat' dir='ltr'><strong>maerore</strong></span> <span class='ocrx_word' id='word_1_761' title='bbox 3459 3021 3580 3086; x_wconf 92' lang='lat' dir='ltr'><strong>sim,</strong></span> <span class='ocrx_word' id='word_1_762' title='bbox 3601 3035 3668 3077; x_wconf 89' lang='lat' dir='ltr'><strong>ac</strong></span> 
     </span>
    </p>
   </div>
   <div class='ocr_carea' id='block_1_92' title="bbox 2083 3115 3667 3170">
    <p class='ocr_par' dir='ltr' id='par_1_92' title="bbox 2083 3115 3667 3170">
     <span class='ocr_line' id='line_1_92' title="bbox 2083 3115 3667 3170; baseline 0.001 -2"><span class='ocrx_word' id='word_1_763' title='bbox 2083 3115 2237 3169; x_wconf 90' lang='lat' dir='ltr'><strong>vobis</strong></span> <span class='ocrx_word' id='word_1_764' title='bbox 2265 3127 2454 3170; x_wconf 87' lang='lat' dir='ltr'><strong>rursus</strong></span> <span class='ocrx_word' id='word_1_765' title='bbox 2485 3115 2589 3168; x_wconf 90' lang='lat' dir='ltr'><strong>hoc</strong></span> <span class='ocrx_word' id='word_1_766' title='bbox 2615 3115 2833 3168; x_wconf 89' lang='lat' dir='ltr'><strong>nomine</strong></span> <span class='ocrx_word' id='word_1_767' title='bbox 2873 3129 3159 3169; x_wconf 72' lang='lat' dir='ltr'><strong>mmrorem</strong></span> <span class='ocrx_word' id='word_1_768' title='bbox 3205 3130 3498 3170; x_wconf 89' lang='lat' dir='ltr'><strong>accersam.</strong></span> <span class='ocrx_word' id='word_1_769' title='bbox 3531 3116 3667 3169; x_wconf 80' lang='lat' dir='ltr'><strong>Ani-</strong></span> 
     </span>
    </p>
   </div>
   <div class='ocr_carea' id='block_1_93' title="bbox 2084 3204 3670 3276">
    <p class='ocr_par' dir='ltr' id='par_1_93' title="bbox 2084 3204 3670 3276">
     <span class='ocr_line' id='line_1_93' title="bbox 2084 3204 3670 3276; baseline 0 -14"><span class='ocrx_word' id='word_1_770' title='bbox 2084 3206 2361 3262; x_wconf 90' lang='lat' dir='ltr'><strong>madverte</strong></span> <span class='ocrx_word' id='word_1_771' title='bbox 2409 3215 2590 3261; x_wconf 89' lang='lat' dir='ltr'><strong>autem</strong></span> <span class='ocrx_word' id='word_1_772' title='bbox 2620 3221 2727 3275; x_wconf 91' lang='lat' dir='ltr'><strong>quo</strong></span> <span class='ocrx_word' id='word_1_773' title='bbox 2763 3214 2922 3276; x_wconf 89' lang='lat' dir='ltr'><strong>pacto</strong></span> <span class='ocrx_word' id='word_1_774' title='bbox 2971 3204 3112 3260; x_wconf 92' lang='lat' dir='ltr'><strong>istud</strong></span> <span class='ocrx_word' id='word_1_775' title='bbox 3145 3207 3306 3261; x_wconf 87' lang='lat' dir='ltr'><strong>etiam</strong></span> <span class='ocrx_word' id='word_1_776' title='bbox 3345 3221 3469 3262; x_wconf 91' lang='lat' dir='ltr'><strong>cum</strong></span> <span class='ocrx_word' id='word_1_777' title='bbox 3510 3207 3670 3262; x_wconf 87' lang='lat' dir='ltr'><strong>laude</strong></span> 
     </span>
    </p>
   </div>
   <div class='ocr_carea' id='block_1_94' title="bbox 2085 3296 3671 3369">
    <p class='ocr_par' dir='ltr' id='par_1_94' title="bbox 2085 3296 3671 3369">
     <span class='ocr_line' id='line_1_94' title="bbox 2085 3296 3671 3369; baseline 0.001 -17"><span class='ocrx_word' id='word_1_778' title='bbox 2085 3309 2250 3369; x_wconf 89' lang='lat' dir='ltr'><strong>ponat</strong></span> <span class='ocrx_word' id='word_1_779' title='bbox 2277 3297 2464 3353; x_wconf 89' lang='lat' dir='ltr'><strong>dicens</strong></span> <span class='ocrx_word' id='word_1_780' title='bbox 2483 3338 2498 3363; x_wconf 95' lang='lat'><strong>,</strong></span> <span class='ocrx_word' id='word_1_781' title='bbox 2544 3296 2620 3351; x_wconf 85' lang='lat' dir='ltr'><strong>De</strong></span> <span class='ocrx_word' id='word_1_782' title='bbox 2644 3299 2824 3367; x_wconf 85' lang='lat' dir='ltr'><strong>quibus</strong></span> <span class='ocrx_word' id='word_1_783' title='bbox 2853 3307 3147 3367; x_wconf 84' lang='lat' dir='ltr'><strong>oportuerat</strong></span> <span class='ocrx_word' id='word_1_784' title='bbox 3172 3314 3252 3352; x_wconf 84' lang='lat' dir='ltr'><strong>me</strong></span> <span class='ocrx_word' id='word_1_785' title='bbox 3274 3299 3512 3369; x_wconf 82' lang='lat' dir='ltr'><strong>gaudere.</strong></span> <span class='ocrx_word' id='word_1_786' title='bbox 3543 3299 3671 3354; x_wconf 65' lang='lat' dir='ltr'><strong>llazc</strong></span> 
     </span>
    </p>
   </div>
   <div class='ocr_carea' id='block_1_95' title="bbox 2084 3388 3668 3459">
    <p class='ocr_par' dir='ltr' id='par_1_95' title="bbox 2084 3388 3668 3459">
     <span class='ocr_line' id='line_1_95' title="bbox 2084 3388 3668 3459; baseline -0.003 -14"><span class='ocrx_word' id='word_1_787' title='bbox 2084 3391 2228 3446; x_wconf 89' lang='lat' dir='ltr'><strong>enim</strong></span> <span class='ocrx_word' id='word_1_788' title='bbox 2256 3389 2419 3444; x_wconf 85' lang='lat' dir='ltr'><strong>verba</strong></span> <span class='ocrx_word' id='word_1_789' title='bbox 2445 3388 2678 3443; x_wconf 90' lang='lat' dir='ltr'><strong>hominis</strong></span> <span class='ocrx_word' id='word_1_790' title='bbox 2717 3397 2865 3456; x_wconf 90' lang='lat' dir='ltr'><strong>sunt,</strong></span> <span class='ocrx_word' id='word_1_791' title='bbox 2898 3389 3259 3443; x_wconf 83' lang='lat' dir='ltr'><strong>sinceritatem</strong></span> <span class='ocrx_word' id='word_1_792' title='bbox 3289 3398 3451 3458; x_wconf 85' lang='lat' dir='ltr'><strong>atque</strong></span> <span class='ocrx_word' id='word_1_793' title='bbox 3480 3388 3668 3459; x_wconf 88' lang='lat' dir='ltr'><strong>ingen-</strong></span> 
     </span>
    </p>
   </div>
   <div class='ocr_carea' id='block_1_96' title="bbox 2087 3481 3665 3538">
    <p class='ocr_par' dir='ltr' id='par_1_96' title="bbox 2087 3481 3665 3538">
     <span class='ocr_line' id='line_1_96' title="bbox 2087 3481 3665 3538; baseline -0.001 -1"><span class='ocrx_word' id='word_1_794' title='bbox 2087 3495 2194 3538; x_wconf 90' lang='lat' dir='ltr'><strong>tem</strong></span> <span class='ocrx_word' id='word_1_795' title='bbox 2247 3484 2448 3538; x_wconf 88' lang='lat' dir='ltr'><strong>amoris</strong></span> <span class='ocrx_word' id='word_1_796' title='bbox 2501 3481 2747 3536; x_wconf 79' lang='lat' dir='ltr'><strong>affectum</strong></span> <span class='ocrx_word' id='word_1_797' title='bbox 2803 3481 3138 3537; x_wconf 82' lang='lat' dir='ltr'><strong>testificantis</strong></span> <span class='ocrx_word' id='word_1_798' title='bbox 3169 3497 3182 3534; x_wconf 90' lang='lat'><strong>:</strong></span> <span class='ocrx_word' id='word_1_799' title='bbox 3209 3495 3314 3536; x_wconf 91' lang='lat' dir='ltr'><strong>non</strong></span> <span class='ocrx_word' id='word_1_800' title='bbox 3344 3495 3499 3538; x_wconf 86' lang='lat' dir='ltr'><strong>secus</strong></span> <span class='ocrx_word' id='word_1_801' title='bbox 3526 3496 3590 3536; x_wconf 85' lang='lat' dir='ltr'><strong>ac</strong></span> <span class='ocrx_word' id='word_1_802' title='bbox 3617 3481 3665 3536; x_wconf 90' lang='lat' dir='ltr'><strong>si</strong></span> 
     </span>
    </p>
   </div>
   <div class='ocr_carea' id='block_1_97' title="bbox 2085 3573 3666 3646">
    <p class='ocr_par' dir='ltr' id='par_1_97' title="bbox 2085 3573 3666 3646">
     <span class='ocr_line' id='line_1_97' title="bbox 2085 3573 3666 3646; baseline 0.001 -18"><span class='ocrx_word' id='word_1_803' title='bbox 2085 3577 2204 3646; x_wconf 89' lang='lat' dir='ltr'><strong>quis</strong></span> <span class='ocrx_word' id='word_1_804' title='bbox 2230 3575 2298 3630; x_wconf 92' lang='lat' dir='ltr'><strong>de</strong></span> <span class='ocrx_word' id='word_1_805' title='bbox 2317 3575 2458 3638; x_wconf 85' lang='lat' dir='ltr'><strong>ﬁliis,</strong></span> <span class='ocrx_word' id='word_1_806' title='bbox 2485 3591 2618 3645; x_wconf 93' lang='lat' dir='ltr'><strong>quos</strong></span> <span class='ocrx_word' id='word_1_807' title='bbox 2643 3574 2823 3630; x_wconf 91' lang='lat' dir='ltr'><strong>multis</strong></span> <span class='ocrx_word' id='word_1_808' title='bbox 2848 3575 3121 3630; x_wconf 84' lang='lat' dir='ltr'><strong>beneﬁciis</strong></span> <span class='ocrx_word' id='word_1_809' title='bbox 3148 3573 3431 3638; x_wconf 84' lang='lat' dir='ltr'><strong>affecisset,</strong></span> <span class='ocrx_word' id='word_1_810' title='bbox 3455 3585 3509 3630; x_wconf 90' lang='lat' dir='ltr'><strong>et</strong></span> <span class='ocrx_word' id='word_1_811' title='bbox 3528 3589 3666 3644; x_wconf 89' lang='lat' dir='ltr'><strong>quo-</strong></span> 
     </span>
    </p>
   </div>
   <div class='ocr_carea' id='block_1_98' title="bbox 2087 3665 3669 3737">
    <p class='ocr_par' dir='ltr' id='par_1_98' title="bbox 2087 3665 3669 3737">
     <span class='ocr_line' id='line_1_98' title="bbox 2087 3665 3669 3737; baseline -0.001 -16"><span class='ocrx_word' id='word_1_812' title='bbox 2087 3683 2204 3721; x_wconf 91' lang='lat' dir='ltr'><strong>rum</strong></span> <span class='ocrx_word' id='word_1_813' title='bbox 2233 3681 2394 3721; x_wconf 89' lang='lat' dir='ltr'><strong>causa</strong></span> <span class='ocrx_word' id='word_1_814' title='bbox 2423 3667 2708 3737; x_wconf 91' lang='lat' dir='ltr'><strong>plurimum</strong></span> <span class='ocrx_word' id='word_1_815' title='bbox 2735 3667 2935 3723; x_wconf 91' lang='lat' dir='ltr'><strong>laboris</strong></span> <span class='ocrx_word' id='word_1_816' title='bbox 2966 3667 3309 3737; x_wconf 88' lang='lat' dir='ltr'><strong>suscepisset,</strong></span> <span class='ocrx_word' id='word_1_817' title='bbox 3331 3665 3669 3737; x_wconf 90' lang='lat' dir='ltr'><strong>loqueretur.</strong></span> 
     </span>
    </p>
   </div>
   <div class='ocr_carea' id='block_1_99' title="bbox 2088 3760 3672 3831">
    <p class='ocr_par' dir='ltr' id='par_1_99' title="bbox 2088 3760 3672 3831">
     <span class='ocr_line' id='line_1_99' title="bbox 2088 3760 3672 3831; baseline 0.001 -16"><span class='ocrx_word' id='word_1_818' title='bbox 2088 3762 2382 3827; x_wconf 83' lang='lat' dir='ltr'><strong>Quocirca,</strong></span> <span class='ocrx_word' id='word_1_819' title='bbox 2441 3761 2632 3831; x_wconf 90' lang='lat' dir='ltr'><strong>inquit,</strong></span> <span class='ocrx_word' id='word_1_820' title='bbox 2692 3765 2736 3816; x_wconf 91' lang='lat' dir='ltr'><strong>si</strong></span> <span class='ocrx_word' id='word_1_821' title='bbox 2786 3760 2884 3816; x_wconf 90' lang='lat' dir='ltr'><strong>hac</strong></span> <span class='ocrx_word' id='word_1_822' title='bbox 2931 3762 3138 3817; x_wconf 90' lang='lat' dir='ltr'><strong>ratione</strong></span> <span class='ocrx_word' id='word_1_823' title='bbox 3188 3761 3400 3828; x_wconf 88' lang='lat' dir='ltr'><strong>scribo,</strong></span> <span class='ocrx_word' id='word_1_824' title='bbox 3447 3775 3512 3815; x_wconf 89' lang='lat' dir='ltr'><strong>ac</strong></span> <span class='ocrx_word' id='word_1_825' title='bbox 3563 3777 3672 3817; x_wconf 91' lang='lat' dir='ltr'><strong>non</strong></span> 
     </span>
    </p>
   </div>
   <div class='ocr_carea' id='block_1_100' title="bbox 2094 3854 3676 3925">
    <p class='ocr_par' dir='ltr' id='par_1_100' title="bbox 2094 3854 3676 3925">
     <span class='ocr_line' id='line_1_100' title="bbox 2094 3854 3676 3925; baseline 0.003 -17"><span class='ocrx_word' id='word_1_826' title='bbox 2094 3855 2248 3909; x_wconf 85' lang='lat' dir='ltr'><strong>venio</strong></span> <span class='ocrx_word' id='word_1_827' title='bbox 2275 3896 2290 3920; x_wconf 87' lang='lat'><strong>,</strong></span> <span class='ocrx_word' id='word_1_828' title='bbox 2344 3862 2402 3909; x_wconf 91' lang='lat' dir='ltr'><strong>ut</strong></span> <span class='ocrx_word' id='word_1_829' title='bbox 2458 3855 2634 3924; x_wconf 91' lang='lat' dir='ltr'><strong>magni</strong></span> <span class='ocrx_word' id='word_1_830' title='bbox 2679 3854 2878 3925; x_wconf 91' lang='lat' dir='ltr'><strong>aliquid</strong></span> <span class='ocrx_word' id='word_1_831' title='bbox 2931 3870 3213 3925; x_wconf 90' lang='lat' dir='ltr'><strong>procurem</strong></span> <span class='ocrx_word' id='word_1_832' title='bbox 3255 3870 3360 3909; x_wconf 92' lang='lat' dir='ltr'><strong>non</strong></span> <span class='ocrx_word' id='word_1_833' title='bbox 3399 3855 3576 3923; x_wconf 89' lang='lat' dir='ltr'><strong>venio,</strong></span> <span class='ocrx_word' id='word_1_834' title='bbox 3611 3871 3676 3912; x_wconf 90' lang='lat' dir='ltr'><strong>ac</strong></span> 
     </span>
    </p>
   </div>
   <div class='ocr_carea' id='block_1_101' title="bbox 2091 3945 3679 4019">
    <p class='ocr_par' dir='ltr' id='par_1_101' title="bbox 2091 3945 3679 4019">
     <span class='ocr_line' id='line_1_101' title="bbox 2091 3945 3679 4019; baseline 0.001 -19"><span class='ocrx_word' id='word_1_835' title='bbox 2091 3963 2194 4001; x_wconf 87' lang='lat' dir='ltr'><strong>non</strong></span> <span class='ocrx_word' id='word_1_836' title='bbox 2245 3945 2386 4017; x_wconf 89' lang='lat' dir='ltr'><strong>quod</strong></span> <span class='ocrx_word' id='word_1_837' title='bbox 2426 3962 2523 4001; x_wconf 91' lang='lat' dir='ltr'><strong>vos</strong></span> <span class='ocrx_word' id='word_1_838' title='bbox 2575 3947 2782 4002; x_wconf 92' lang='lat' dir='ltr'><strong>oderim</strong></span> <span class='ocrx_word' id='word_1_839' title='bbox 2827 3957 2985 4017; x_wconf 91' lang='lat' dir='ltr'><strong>atque</strong></span> <span class='ocrx_word' id='word_1_840' title='bbox 3012 3962 3248 4013; x_wconf 89' lang='lat' dir='ltr'><strong>averser,</strong></span> <span class='ocrx_word' id='word_1_841' title='bbox 3281 3947 3373 4003; x_wconf 92' lang='lat' dir='ltr'><strong>sed</strong></span> <span class='ocrx_word' id='word_1_842' title='bbox 3401 3948 3540 4019; x_wconf 89' lang='lat' dir='ltr'><strong>quod</strong></span> <span class='ocrx_word' id='word_1_843' title='bbox 3580 3949 3679 4002; x_wconf 87' lang='lat' dir='ltr'><strong>ad-</strong></span> 
     </span>
    </p>
   </div>
   <div class='ocr_carea' id='block_1_102' title="bbox 2090 4038 3678 4108">
    <p class='ocr_par' dir='ltr' id='par_1_102' title="bbox 2090 4038 3678 4108">
     <span class='ocr_line' id='line_1_102' title="bbox 2090 4038 3678 4108; baseline 0 -15"><span class='ocrx_word' id='word_1_844' title='bbox 2090 4039 2306 4093; x_wconf 89' lang='lat' dir='ltr'><strong>modum</strong></span> <span class='ocrx_word' id='word_1_845' title='bbox 2330 4054 2531 4096; x_wconf 90' lang='lat' dir='ltr'><strong>amem.</strong></span> <span class='ocrx_word' id='word_1_846' title='bbox 2555 4039 2759 4094; x_wconf 87' lang='lat' dir='ltr'><strong>Deinde</strong></span> <span class='ocrx_word' id='word_1_847' title='bbox 2783 4039 3035 4108; x_wconf 89' lang='lat' dir='ltr'><strong>quoniam</strong></span> <span class='ocrx_word' id='word_1_848' title='bbox 3063 4038 3405 4106; x_wconf 86' lang='lat' dir='ltr'><strong>dixerat,Qui</strong></span> <span class='ocrx_word' id='word_1_849' title='bbox 3440 4056 3526 4094; x_wconf 92' lang='lat' dir='ltr'><strong>me</strong></span> <span class='ocrx_word' id='word_1_850' title='bbox 3541 4055 3641 4095; x_wconf 90' lang='lat' dir='ltr'><strong>con</strong></span> <span class='ocrx_word' id='word_1_851' title='bbox 3660 4070 3678 4081; x_wconf 65' lang='grc' dir='ltr'>α</span> 
     </span>
    </p>
   </div>
   <div class='ocr_carea' id='block_1_103' title="bbox 2091 4131 3679 4200">
    <p class='ocr_par' dir='ltr' id='par_1_103' title="bbox 2091 4131 3679 4200">
     <span class='ocr_line' id='line_1_103' title="bbox 2091 4131 3679 4200; baseline 0.002 -15"><span class='ocrx_word' id='word_1_852' title='bbox 2091 4132 2286 4197; x_wconf 87' lang='lat' dir='ltr'><strong>tristat,</strong></span> <span class='ocrx_word' id='word_1_853' title='bbox 2331 4145 2419 4185; x_wconf 91' lang='lat' dir='ltr'><strong>me</strong></span> <span class='ocrx_word' id='word_1_854' title='bbox 2460 4131 2733 4195; x_wconf 68' lang='lat' dir='ltr'><strong>laetificat;</strong></span> <span class='ocrx_word' id='word_1_855' title='bbox 2762 4146 2832 4186; x_wconf 92' lang='lat' dir='ltr'><strong>ne</strong></span> <span class='ocrx_word' id='word_1_856' title='bbox 2855 4131 2928 4184; x_wconf 90' lang='lat' dir='ltr'><strong>illi</strong></span> <span class='ocrx_word' id='word_1_857' title='bbox 2961 4131 3224 4197; x_wconf 87' lang='lat' dir='ltr'><strong>dicerent,</strong></span> <span class='ocrx_word' id='word_1_858' title='bbox 3261 4131 3495 4186; x_wconf 80' lang='lat' dir='ltr'><strong>lioccine</strong></span> <span class='ocrx_word' id='word_1_859' title='bbox 3518 4132 3679 4200; x_wconf 87' lang='lat' dir='ltr'><strong>igitur</strong></span> 
     </span>
    </p>
   </div>
   <div class='ocr_carea' id='block_1_104' title="bbox 2093 4222 3674 4290">
    <p class='ocr_par' dir='ltr' id='par_1_104' title="bbox 2093 4222 3674 4290">
     <span class='ocr_line' id='line_1_104' title="bbox 2093 4222 3674 4290; baseline 0.002 -14"><span class='ocrx_word' id='word_1_860' title='bbox 2093 4223 2184 4277; x_wconf 92' lang='lat' dir='ltr'><strong>tibi</strong></span> <span class='ocrx_word' id='word_1_861' title='bbox 2219 4223 2396 4278; x_wconf 91' lang='lat' dir='ltr'><strong>studio</strong></span> <span class='ocrx_word' id='word_1_862' title='bbox 2439 4232 2558 4287; x_wconf 89' lang='lat' dir='ltr'><strong>est,</strong></span> <span class='ocrx_word' id='word_1_863' title='bbox 2589 4232 2647 4278; x_wconf 91' lang='lat' dir='ltr'><strong>ut</strong></span> <span class='ocrx_word' id='word_1_864' title='bbox 2701 4222 3006 4289; x_wconf 67' lang='lat' dir='ltr'><strong>lactiﬁceris,</strong></span> <span class='ocrx_word' id='word_1_865' title='bbox 3063 4232 3224 4290; x_wconf 90' lang='lat' dir='ltr'><strong>atque</strong></span> <span class='ocrx_word' id='word_1_866' title='bbox 3265 4225 3511 4280; x_wconf 91' lang='lat' dir='ltr'><strong>omnibus</strong></span> <span class='ocrx_word' id='word_1_867' title='bbox 3565 4226 3674 4279; x_wconf 90' lang='lat' dir='ltr'><strong>vim</strong></span> 
     </span>
    </p>
   </div>
   <div class='ocr_carea' id='block_1_105' title="bbox 2093 4314 3676 4385">
    <p class='ocr_par' dir='ltr' id='par_1_105' title="bbox 2093 4314 3676 4385">
     <span class='ocr_line' id='line_1_105' title="bbox 2093 4314 3676 4385; baseline 0.003 -16"><span class='ocrx_word' id='word_1_868' title='bbox 2093 4325 2239 4369; x_wconf 91' lang='lat' dir='ltr'><strong>tuam</strong></span> <span class='ocrx_word' id='word_1_869' title='bbox 2269 4315 2544 4369; x_wconf 84' lang='lat' dir='ltr'><strong>ostentes?</strong></span> <span class='ocrx_word' id='word_1_870' title='bbox 2570 4314 2692 4370; x_wconf 86' lang='lat' dir='ltr'><strong>ideo</strong></span> <span class='ocrx_word' id='word_1_871' title='bbox 2722 4315 3018 4385; x_wconf 86' lang='lat' dir='ltr'><strong>subiunxit,</strong></span> <span class='ocrx_word' id='word_1_872' title='bbox 3043 4317 3096 4371; x_wconf 74' lang='grc'><strong>4.</strong></span> <span class='ocrx_word' id='word_1_873' title='bbox 3125 4315 3262 4370; x_wconf 87' lang='lat' dir='ltr'><strong>Nam</strong></span> <span class='ocrx_word' id='word_1_874' title='bbox 3287 4335 3350 4372; x_wconf 77' lang='lat' dir='ltr'><strong>ex</strong></span> <span class='ocrx_word' id='word_1_875' title='bbox 3394 4315 3552 4373; x_wconf 74' lang='lat' dir='ltr'><strong>multa</strong></span> <span class='ocrx_word' id='word_1_876' title='bbox 3580 4323 3676 4373; x_wconf 85' lang='lat' dir='ltr'><strong>tri-</strong></span> 
     </span>
    </p>
   </div>
   <div class='ocr_carea' id='block_1_106' title="bbox 2091 4408 3677 4479">
    <p class='ocr_par' dir='ltr' id='par_1_106' title="bbox 2091 4408 3677 4479">
     <span class='ocr_line' id='line_1_106' title="bbox 2091 4408 3677 4479; baseline 0.003 -18"><span class='ocrx_word' id='word_1_877' title='bbox 2091 4408 2348 4462; x_wconf 81' lang='lat' dir='ltr'><strong>bulatione</strong></span> <span class='ocrx_word' id='word_1_878' title='bbox 2373 4416 2419 4461; x_wconf 86' lang='lat' dir='ltr'><strong>et</strong></span> <span class='ocrx_word' id='word_1_879' title='bbox 2440 4408 2676 4478; x_wconf 87' lang='lat' dir='ltr'><strong>angustia</strong></span> <span class='ocrx_word' id='word_1_880' title='bbox 2702 4408 2870 4461; x_wconf 86' lang='lat' dir='ltr'><strong>cordis</strong></span> <span class='ocrx_word' id='word_1_881' title='bbox 2899 4409 3080 4479; x_wconf 82' lang='lat' dir='ltr'><strong>scripsi</strong></span> <span class='ocrx_word' id='word_1_882' title='bbox 3108 4409 3245 4463; x_wconf 82' lang='lat' dir='ltr'><strong>vobis</strong></span> <span class='ocrx_word' id='word_1_883' title='bbox 3271 4427 3358 4479; x_wconf 85' lang='lat' dir='ltr'><strong>per</strong></span> <span class='ocrx_word' id='word_1_884' title='bbox 3387 4411 3568 4465; x_wconf 88' lang='lat' dir='ltr'><strong>multas</strong></span> <span class='ocrx_word' id='word_1_885' title='bbox 3594 4412 3677 4466; x_wconf 88' lang='lat' dir='ltr'><strong>la-</strong></span> 
     </span>
    </p>
   </div>
   <div class='ocr_carea' id='block_1_107' title="bbox 2092 4501 3678 4574">
    <p class='ocr_par' dir='ltr' id='par_1_107' title="bbox 2092 4501 3678 4574">
     <span class='ocr_line' id='line_1_107' title="bbox 2092 4501 3678 4574; baseline 0 -18"><span class='ocrx_word' id='word_1_886' title='bbox 2092 4518 2308 4574; x_wconf 80' lang='lat' dir='ltr'><strong>crymas,</strong></span> <span class='ocrx_word' id='word_1_887' title='bbox 2340 4518 2443 4556; x_wconf 84' lang='lat' dir='ltr'><strong>non</strong></span> <span class='ocrx_word' id='word_1_888' title='bbox 2463 4511 2516 4553; x_wconf 90' lang='lat' dir='ltr'><strong>ut</strong></span> <span class='ocrx_word' id='word_1_889' title='bbox 2539 4501 2922 4564; x_wconf 73' lang='lat' dir='ltr'><strong>contristemini,</strong></span> <span class='ocrx_word' id='word_1_890' title='bbox 2951 4501 3040 4554; x_wconf 86' lang='lat' dir='ltr'><strong>sed</strong></span> <span class='ocrx_word' id='word_1_891' title='bbox 3068 4510 3120 4553; x_wconf 90' lang='lat' dir='ltr'><strong>ut</strong></span> <span class='ocrx_word' id='word_1_892' title='bbox 3163 4502 3334 4556; x_wconf 88' lang='lat' dir='ltr'><strong>sciatis</strong></span> <span class='ocrx_word' id='word_1_893' title='bbox 3361 4519 3509 4573; x_wconf 89' lang='lat' dir='ltr'><strong>quam</strong></span> <span class='ocrx_word' id='word_1_894' title='bbox 3537 4504 3678 4558; x_wconf 80' lang='lat' dir='ltr'><strong>cari-</strong></span> 
     </span>
    </p>
   </div>
   <div class='ocr_carea' id='block_1_108' title="bbox 2094 4594 3131 4664">
    <p class='ocr_par' dir='ltr' id='par_1_108' title="bbox 2094 4594 3131 4664">
     <span class='ocr_line' id='line_1_108' title="bbox 2094 4594 3131 4664; baseline -0.003 -16"><span class='ocrx_word' id='word_1_895' title='bbox 2094 4605 2246 4648; x_wconf 87' lang='lat' dir='ltr'><strong>tatem</strong></span> <span class='ocrx_word' id='word_1_896' title='bbox 2276 4594 2486 4646; x_wconf 82' lang='lat' dir='ltr'><strong>habeam</strong></span> <span class='ocrx_word' id='word_1_897' title='bbox 2513 4594 2850 4646; x_wconf 86' lang='lat' dir='ltr'><strong>abundantius</strong></span> <span class='ocrx_word' id='word_1_898' title='bbox 2880 4610 2999 4664; x_wconf 88' lang='lat' dir='ltr'><strong>erga</strong></span> <span class='ocrx_word' id='word_1_899' title='bbox 3028 4610 3131 4648; x_wconf 86' lang='lat' dir='ltr'><strong>vos.</strong></span> 
     </span>
    </p>
   </div>
   <div class='ocr_carea' id='block_1_109' title="bbox 2166 4684 3674 4755">
    <p class='ocr_par' dir='ltr' id='par_1_109' title="bbox 2166 4684 3674 4755">
     <span class='ocr_line' id='line_1_109' title="bbox 2166 4684 3674 4755; baseline 0.002 -16"><span class='ocrx_word' id='word_1_900' title='bbox 2166 4684 2322 4739; x_wconf 86' lang='lat' dir='ltr'><strong>Pauli</strong></span> <span class='ocrx_word' id='word_1_901' title='bbox 2350 4702 2494 4738; x_wconf 90' lang='lat' dir='ltr'><strong>amor</strong></span> <span class='ocrx_word' id='word_1_902' title='bbox 2529 4701 2650 4755; x_wconf 86' lang='lat' dir='ltr'><strong>erga</strong></span> <span class='ocrx_word' id='word_1_903' title='bbox 2693 4685 2990 4754; x_wconf 83' lang='lat' dir='ltr'><strong>discipulos.</strong></span> <span class='ocrx_word' id='word_1_904' title='bbox 3009 4685 3229 4752; x_wconf 89' lang='lat' dir='ltr'><strong>—Quid</strong></span> <span class='ocrx_word' id='word_1_905' title='bbox 3258 4685 3357 4741; x_wconf 87' lang='lat' dir='ltr'><strong>hac</strong></span> <span class='ocrx_word' id='word_1_906' title='bbox 3387 4688 3561 4742; x_wconf 83' lang='lat' dir='ltr'><strong>anima</strong></span> <span class='ocrx_word' id='word_1_907' title='bbox 3608 4686 3674 4742; x_wconf 82' lang='lat' dir='ltr'><strong>ad</strong></span> 
     </span>
    </p>
   </div>
   <div class='ocr_carea' id='block_1_110' title="bbox 2094 4777 3670 4848">
    <p class='ocr_par' dir='ltr' id='par_1_110' title="bbox 2094 4777 3670 4848">
     <span class='ocr_line' id='line_1_110' title="bbox 2094 4777 3670 4848; baseline 0 -16"><span class='ocrx_word' id='word_1_908' title='bbox 2094 4779 2377 4832; x_wconf 78' lang='lat' dir='ltr'><strong>amandum</strong></span> <span class='ocrx_word' id='word_1_909' title='bbox 2411 4777 2771 4848; x_wconf 74' lang='lat' dir='ltr'><strong>propensius&quot;</strong></span> <span class='ocrx_word' id='word_1_910' title='bbox 2817 4777 3057 4833; x_wconf 78' lang='lat' dir='ltr'><strong>Ostendit</strong></span> <span class='ocrx_word' id='word_1_911' title='bbox 3084 4780 3225 4833; x_wconf 91' lang='lat' dir='ltr'><strong>enim</strong></span> <span class='ocrx_word' id='word_1_912' title='bbox 3261 4795 3318 4834; x_wconf 91' lang='lat' dir='ltr'><strong>se</strong></span> <span class='ocrx_word' id='word_1_913' title='bbox 3346 4796 3450 4834; x_wconf 91' lang='lat' dir='ltr'><strong>non</strong></span> <span class='ocrx_word' id='word_1_914' title='bbox 3480 4781 3670 4846; x_wconf 88' lang='lat' dir='ltr'><strong>minus,</strong></span> 
     </span>
    </p>
   </div>
   <div class='ocr_carea' id='block_1_111' title="bbox 2097 4867 3675 4941">
    <p class='ocr_par' dir='ltr' id='par_1_111' title="bbox 2097 4867 3675 4941">
     <span class='ocr_line' id='line_1_111' title="bbox 2097 4867 3675 4941; baseline 0 -17"><span class='ocrx_word' id='word_1_915' title='bbox 2097 4871 2212 4924; x_wconf 86' lang='lat' dir='ltr'><strong>imo</strong></span> <span class='ocrx_word' id='word_1_916' title='bbox 2233 4870 2392 4923; x_wconf 88' lang='lat' dir='ltr'><strong>etiam</strong></span> <span class='ocrx_word' id='word_1_917' title='bbox 2427 4868 2594 4921; x_wconf 91' lang='lat' dir='ltr'><strong>multo</strong></span> <span class='ocrx_word' id='word_1_918' title='bbox 2624 4869 2792 4938; x_wconf 83' lang='lat' dir='ltr'><strong>magis</strong></span> <span class='ocrx_word' id='word_1_919' title='bbox 2817 4867 3054 4922; x_wconf 89' lang='lat' dir='ltr'><strong>doluisse</strong></span> <span class='ocrx_word' id='word_1_920' title='bbox 3076 4911 3088 4932; x_wconf 96' lang='lat'><strong>,</strong></span> <span class='ocrx_word' id='word_1_921' title='bbox 3122 4885 3280 4938; x_wconf 85' lang='lat' dir='ltr'><strong>quam</strong></span> <span class='ocrx_word' id='word_1_922' title='bbox 3316 4871 3386 4923; x_wconf 90' lang='lat' dir='ltr'><strong>illi</strong></span> <span class='ocrx_word' id='word_1_923' title='bbox 3420 4871 3541 4939; x_wconf 80' lang='lat' dir='ltr'><strong>ipsi.</strong></span> <span class='ocrx_word' id='word_1_924' title='bbox 3586 4871 3675 4941; x_wconf 88' lang='lat' dir='ltr'><strong>qui</strong></span> 
     </span>
    </p>
   </div>
   <div class='ocr_carea' id='block_1_112' title="bbox 2096 4958 3675 5031">
    <p class='ocr_par' dir='ltr' id='par_1_112' title="bbox 2096 4958 3675 5031">
     <span class='ocr_line' id='line_1_112' title="bbox 2096 4958 3675 5031; baseline 0.001 -16"><span class='ocrx_word' id='word_1_925' title='bbox 2096 4969 2470 5031; x_wconf 80' lang='lat' dir='ltr'><strong>peccaverant.</strong></span> <span class='ocrx_word' id='word_1_926' title='bbox 2489 4958 2608 5014; x_wconf 85' lang='lat' dir='ltr'><strong>Non</strong></span> <span class='ocrx_word' id='word_1_927' title='bbox 2637 4959 2778 5015; x_wconf 91' lang='lat' dir='ltr'><strong>enim</strong></span> <span class='ocrx_word' id='word_1_928' title='bbox 2810 4974 2878 5014; x_wconf 90' lang='lat' dir='ltr'><strong>ex</strong></span> <span class='ocrx_word' id='word_1_929' title='bbox 2914 4959 3256 5015; x_wconf 90' lang='lat' dir='ltr'><strong>tribulatione</strong></span> <span class='ocrx_word' id='word_1_930' title='bbox 3288 4969 3492 5016; x_wconf 89' lang='lat' dir='ltr'><strong>tantum</strong></span> <span class='ocrx_word' id='word_1_931' title='bbox 3520 4963 3675 5028; x_wconf 74' lang='lat' dir='ltr'><strong>dixit,</strong></span> 
     </span>
    </p>
   </div>
   <div class='ocr_carea' id='block_1_113' title="bbox 2039 5049 3682 5134">
    <p class='ocr_par' dir='ltr' id='par_1_113' title="bbox 2039 5049 3682 5134">
     <span class='ocr_line' id='line_1_113' title="bbox 2039 5049 3682 5134; baseline 0.001 -28"><span class='ocrx_word' id='word_1_932' title='bbox 2039 5119 2051 5134; x_wconf 39' lang='grc' dir='ltr'>ι</span> <span class='ocrx_word' id='word_1_933' title='bbox 2093 5051 2210 5119; x_wconf 83' lang='lat' dir='ltr'><strong>sed,</strong></span> <span class='ocrx_word' id='word_1_934' title='bbox 2237 5050 2321 5106; x_wconf 73' lang='lat' dir='ltr'><strong>Ea;</strong></span> <span class='ocrx_word' id='word_1_935' title='bbox 2337 5051 2529 5117; x_wconf 82' lang='lat' dir='ltr'><strong>multa;</strong></span> <span class='ocrx_word' id='word_1_936' title='bbox 2551 5065 2649 5105; x_wconf 90' lang='lat' dir='ltr'><strong>nec</strong></span> <span class='ocrx_word' id='word_1_937' title='bbox 2669 5066 2761 5120; x_wconf 92' lang='lat' dir='ltr'><strong>per</strong></span> <span class='ocrx_word' id='word_1_938' title='bbox 2783 5049 3045 5121; x_wconf 86' lang='lat' dir='ltr'><strong>lacrymas</strong></span> <span class='ocrx_word' id='word_1_939' title='bbox 3067 5051 3260 5117; x_wconf 88' lang='lat' dir='ltr'><strong>solum,</strong></span> <span class='ocrx_word' id='word_1_940' title='bbox 3285 5052 3401 5118; x_wconf 91' lang='lat' dir='ltr'><strong>sed,</strong></span> <span class='ocrx_word' id='word_1_941' title='bbox 3420 5051 3521 5106; x_wconf 84' lang='lat' dir='ltr'><strong>Per</strong></span> <span class='ocrx_word' id='word_1_942' title='bbox 3546 5055 3682 5107; x_wconf 82' lang='lat' dir='ltr'><strong>mul-</strong></span> 
     </span>
    </p>
   </div>
   <div class='ocr_carea' id='block_1_114' title="bbox 2096 5143 3681 5212">
    <p class='ocr_par' dir='ltr' id='par_1_114' title="bbox 2096 5143 3681 5212">
     <span class='ocr_line' id='line_1_114' title="bbox 2096 5143 3681 5212; baseline 0.003 -16"><span class='ocrx_word' id='word_1_943' title='bbox 2096 5153 2172 5196; x_wconf 87' lang='lat' dir='ltr'><strong>tas</strong></span> <span class='ocrx_word' id='word_1_944' title='bbox 2218 5143 2470 5212; x_wconf 81' lang='lat' dir='ltr'><strong>lacrymas</strong></span> <span class='ocrx_word' id='word_1_945' title='bbox 2520 5152 2566 5195; x_wconf 74' lang='lat' dir='ltr'><strong>et</strong></span> <span class='ocrx_word' id='word_1_946' title='bbox 2593 5143 2761 5196; x_wconf 88' lang='lat' dir='ltr'><strong>cordis</strong></span> <span class='ocrx_word' id='word_1_947' title='bbox 2807 5145 3114 5212; x_wconf 86' lang='lat' dir='ltr'><strong>angustiam.</strong></span> <span class='ocrx_word' id='word_1_948' title='bbox 3143 5143 3254 5199; x_wconf 84' lang='lat' dir='ltr'><strong>Hoc</strong></span> <span class='ocrx_word' id='word_1_949' title='bbox 3279 5155 3396 5212; x_wconf 91' lang='lat' dir='ltr'><strong>est,</strong></span> <span class='ocrx_word' id='word_1_950' title='bbox 3448 5145 3681 5201; x_wconf 70' lang='lat' dir='ltr'><strong>Mterore</strong></span> 
     </span>
    </p>
   </div>
   <div class='ocr_carea' id='block_1_115' title="bbox 2099 5233 3677 5308">
    <p class='ocr_par' dir='ltr' id='par_1_115' title="bbox 2099 5233 3677 5308">
     <span class='ocr_line' id='line_1_115' title="bbox 2099 5233 3677 5308; baseline 0.003 -21"><span class='ocrx_word' id='word_1_951' title='bbox 2099 5235 2429 5304; x_wconf 67' lang='lat' dir='ltr'><strong>prmfocabar</strong></span> <span class='ocrx_word' id='word_1_952' title='bbox 2449 5249 2511 5286; x_wconf 79' lang='lat' dir='ltr'><strong>at:</strong></span> <span class='ocrx_word' id='word_1_953' title='bbox 2541 5233 2918 5303; x_wconf 80' lang='lat' dir='ltr'><strong>strangulabar</strong></span> <span class='ocrx_word' id='word_1_954' title='bbox 2947 5249 2960 5286; x_wconf 93' lang='lat'>:</span> <span class='ocrx_word' id='word_1_955' title='bbox 2994 5248 3056 5288; x_wconf 89' lang='lat' dir='ltr'><strong>ac</strong></span> <span class='ocrx_word' id='word_1_956' title='bbox 3085 5235 3316 5289; x_wconf 76' lang='lat' dir='ltr'><strong>tristitia:</strong></span> <span class='ocrx_word' id='word_1_957' title='bbox 3348 5236 3541 5291; x_wconf 90' lang='lat' dir='ltr'><strong>nubem</strong></span> <span class='ocrx_word' id='word_1_958' title='bbox 3565 5237 3677 5308; x_wconf 90' lang='lat' dir='ltr'><strong>iam</strong></span> 
     </span>
    </p>
   </div>
   <div class='ocr_carea' id='block_1_116' title="bbox 2097 5322 3686 5394">
    <p class='ocr_par' dir='ltr' id='par_1_116' title="bbox 2097 5322 3686 5394">
     <span class='ocr_line' id='line_1_116' title="bbox 2097 5322 3686 5394; baseline 0.002 -15"><span class='ocrx_word' id='word_1_959' title='bbox 2097 5342 2202 5379; x_wconf 90' lang='lat' dir='ltr'><strong>non</strong></span> <span class='ocrx_word' id='word_1_960' title='bbox 2234 5324 2434 5388; x_wconf 88' lang='lat' dir='ltr'><strong>ferens,</strong></span> <span class='ocrx_word' id='word_1_961' title='bbox 2467 5336 2536 5377; x_wconf 74' lang='lat' dir='ltr'><strong>at:</strong></span> <span class='ocrx_word' id='word_1_962' title='bbox 2560 5339 2656 5380; x_wconf 86' lang='lat' dir='ltr'><strong>vos</strong></span> <span class='ocrx_word' id='word_1_963' title='bbox 2683 5324 2904 5394; x_wconf 88' lang='lat' dir='ltr'><strong>scripsi;</strong></span> <span class='ocrx_word' id='word_1_964' title='bbox 2938 5322 3059 5377; x_wconf 89' lang='lat' dir='ltr'><strong>Non</strong></span> <span class='ocrx_word' id='word_1_965' title='bbox 3087 5335 3142 5378; x_wconf 91' lang='lat' dir='ltr'><strong>ut</strong></span> <span class='ocrx_word' id='word_1_966' title='bbox 3169 5327 3551 5394; x_wconf 85' lang='lat' dir='ltr'><strong>contristemini,</strong></span> <span class='ocrx_word' id='word_1_967' title='bbox 3600 5329 3686 5382; x_wconf 89' lang='lat' dir='ltr'><strong>iu-</strong></span> 
     </span>
    </p>
   </div>
   <div class='ocr_carea' id='block_1_117' title="bbox 2095 5416 3683 5487">
    <p class='ocr_par' dir='ltr' id='par_1_117' title="bbox 2095 5416 3683 5487">
     <span class='ocr_line' id='line_1_117' title="bbox 2095 5416 3683 5487; baseline 0.003 -17"><span class='ocrx_word' id='word_1_968' title='bbox 2095 5417 2231 5487; x_wconf 88' lang='lat' dir='ltr'><strong>quit,</strong></span> <span class='ocrx_word' id='word_1_969' title='bbox 2259 5417 2348 5470; x_wconf 86' lang='lat' dir='ltr'><strong>sed</strong></span> <span class='ocrx_word' id='word_1_970' title='bbox 2368 5426 2421 5469; x_wconf 90' lang='lat' dir='ltr'><strong>ut</strong></span> <span class='ocrx_word' id='word_1_971' title='bbox 2447 5417 2712 5470; x_wconf 73' lang='lat' dir='ltr'><strong>caritatem</strong></span> <span class='ocrx_word' id='word_1_972' title='bbox 2751 5431 2862 5469; x_wconf 84' lang='lat' dir='ltr'><strong>eam</strong></span> <span class='ocrx_word' id='word_1_973' title='bbox 2889 5416 3128 5481; x_wconf 86' lang='lat' dir='ltr'><strong>noscatis,</strong></span> <span class='ocrx_word' id='word_1_974' title='bbox 3163 5433 3313 5486; x_wconf 90' lang='lat' dir='ltr'><strong>quam</strong></span> <span class='ocrx_word' id='word_1_975' title='bbox 3339 5417 3683 5474; x_wconf 85' lang='lat' dir='ltr'><strong>abundantius</strong></span> 
     </span>
    </p>
   </div>
   <div class='ocr_carea' id='block_1_118' title="bbox 2096 5508 3678 5580">
    <p class='ocr_par' dir='ltr' id='par_1_118' title="bbox 2096 5508 3678 5580">
     <span class='ocr_line' id='line_1_118' title="bbox 2096 5508 3678 5580; baseline -0.001 -17"><span class='ocrx_word' id='word_1_976' title='bbox 2096 5524 2216 5580; x_wconf 85' lang='lat' dir='ltr'><strong>erga</strong></span> <span class='ocrx_word' id='word_1_977' title='bbox 2238 5524 2323 5561; x_wconf 83' lang='lat' dir='ltr'><strong>vos</strong></span> <span class='ocrx_word' id='word_1_978' title='bbox 2360 5509 2538 5562; x_wconf 86' lang='lat' dir='ltr'><strong>habeo.</strong></span> <span class='ocrx_word' id='word_1_979' title='bbox 2571 5508 2732 5576; x_wconf 84' lang='lat' dir='ltr'><strong>Atqui</strong></span> <span class='ocrx_word' id='word_1_980' title='bbox 2754 5508 3018 5561; x_wconf 83' lang='lat' dir='ltr'><strong>sermonis</strong></span> <span class='ocrx_word' id='word_1_981' title='bbox 3033 5509 3203 5564; x_wconf 82' lang='lat' dir='ltr'><strong>series</strong></span> <span class='ocrx_word' id='word_1_982' title='bbox 3232 5509 3333 5564; x_wconf 90' lang='lat' dir='ltr'><strong>hoc</strong></span> <span class='ocrx_word' id='word_1_983' title='bbox 3356 5510 3678 5579; x_wconf 89' lang='lat' dir='ltr'><strong>postulabat,</strong></span> 
     </span>
    </p>
   </div>
   <div class='ocr_carea' id='block_1_119' title="bbox 2095 5598 3678 5670">
    <p class='ocr_par' dir='ltr' id='par_1_119' title="bbox 2095 5598 3678 5670">
     <span class='ocr_line' id='line_1_119' title="bbox 2095 5598 3678 5670; baseline 0.001 -17"><span class='ocrx_word' id='word_1_984' title='bbox 2095 5610 2154 5653; x_wconf 91' lang='lat' dir='ltr'><strong>ut</strong></span> <span class='ocrx_word' id='word_1_985' title='bbox 2183 5601 2408 5663; x_wconf 89' lang='lat' dir='ltr'><strong>diceret,</strong></span> <span class='ocrx_word' id='word_1_986' title='bbox 2438 5598 2553 5654; x_wconf 82' lang='lat' dir='ltr'><strong>Non</strong></span> <span class='ocrx_word' id='word_1_987' title='bbox 2584 5609 2642 5652; x_wconf 91' lang='lat' dir='ltr'><strong>ut</strong></span> <span class='ocrx_word' id='word_1_988' title='bbox 2673 5600 3084 5664; x_wconf 87' lang='lat' dir='ltr'><strong>contristemini,</strong></span> <span class='ocrx_word' id='word_1_989' title='bbox 3109 5600 3200 5656; x_wconf 89' lang='lat' dir='ltr'><strong>sed</strong></span> <span class='ocrx_word' id='word_1_990' title='bbox 3233 5612 3288 5654; x_wconf 91' lang='lat' dir='ltr'><strong>ut</strong></span> <span class='ocrx_word' id='word_1_991' title='bbox 3315 5601 3678 5670; x_wconf 83' lang='lat' dir='ltr'><strong>resipiscatis;</strong></span> 
     </span>
    </p>
   </div>
   <div class='ocr_carea' id='block_1_120' title="bbox 2096 5693 3677 5764">
    <p class='ocr_par' dir='ltr' id='par_1_120' title="bbox 2096 5693 3677 5764">
     <span class='ocr_line' id='line_1_120' title="bbox 2096 5693 3677 5764; baseline -0.001 -15"><span class='ocrx_word' id='word_1_992' title='bbox 2096 5694 2295 5749; x_wconf 90' lang='lat' dir='ltr'><strong>etenim</strong></span> <span class='ocrx_word' id='word_1_993' title='bbox 2323 5693 2423 5747; x_wconf 77' lang='lat' dir='ltr'><strong>hac</strong></span> <span class='ocrx_word' id='word_1_994' title='bbox 2439 5694 2504 5747; x_wconf 92' lang='lat' dir='ltr'><strong>de</strong></span> <span class='ocrx_word' id='word_1_995' title='bbox 2525 5708 2684 5748; x_wconf 89' lang='lat' dir='ltr'><strong>causa</strong></span> <span class='ocrx_word' id='word_1_996' title='bbox 2715 5696 3003 5764; x_wconf 87' lang='lat' dir='ltr'><strong>scripserat</strong></span> <span class='ocrx_word' id='word_1_997' title='bbox 3033 5707 3048 5750; x_wconf 86' lang='lat'><strong>:</strong></span> <span class='ocrx_word' id='word_1_998' title='bbox 3080 5696 3179 5749; x_wconf 91' lang='lat' dir='ltr'><strong>hoc</strong></span> <span class='ocrx_word' id='word_1_999' title='bbox 3208 5706 3382 5748; x_wconf 90' lang='lat' dir='ltr'><strong>tamen</strong></span> <span class='ocrx_word' id='word_1_1000' title='bbox 3403 5711 3507 5748; x_wconf 91' lang='lat' dir='ltr'><strong>non</strong></span> <span class='ocrx_word' id='word_1_1001' title='bbox 3529 5695 3677 5758; x_wconf 88' lang='lat' dir='ltr'><strong>dicit,</strong></span> 
     </span>
    </p>
   </div>
   <div class='ocr_carea' id='block_1_121' title="bbox 2099 5783 3678 5856">
    <p class='ocr_par' dir='ltr' id='par_1_121' title="bbox 2099 5783 3678 5856">
     <span class='ocr_line' id='line_1_121' title="bbox 2099 5783 3678 5856; baseline -0.001 -15"><span class='ocrx_word' id='word_1_1002' title='bbox 2099 5785 2217 5850; x_wconf 89' lang='lat' dir='ltr'><strong>sed,</strong></span> <span class='ocrx_word' id='word_1_1003' title='bbox 2261 5794 2317 5839; x_wconf 91' lang='lat' dir='ltr'><strong>ut</strong></span> <span class='ocrx_word' id='word_1_1004' title='bbox 2345 5784 2462 5856; x_wconf 89' lang='lat' dir='ltr'><strong>plus</strong></span> <span class='ocrx_word' id='word_1_1005' title='bbox 2493 5785 2770 5840; x_wconf 86' lang='lat' dir='ltr'><strong>suavitatis</strong></span> <span class='ocrx_word' id='word_1_1006' title='bbox 2810 5787 3041 5842; x_wconf 89' lang='lat' dir='ltr'><strong>orationi</strong></span> <span class='ocrx_word' id='word_1_1007' title='bbox 3069 5801 3178 5842; x_wconf 65' lang='lat' dir='ltr'><strong>suae</strong></span> <span class='ocrx_word' id='word_1_1008' title='bbox 3205 5783 3478 5852; x_wconf 87' lang='lat' dir='ltr'><strong>conciliet,</strong></span> <span class='ocrx_word' id='word_1_1009' title='bbox 3521 5794 3678 5856; x_wconf 83' lang='lat' dir='ltr'><strong>atque</strong></span> 
     </span>
    </p>
   </div>
  </div>
