  <div class='ocr_page' id='page_1' title='image "/cluster/home/n/w/nwhite01/storage/ocr_20150623/61:no.10/coo.31924054869619/426.png"; bbox 0 0 4068 6438; ppageno 0'>
   <div class='ocr_carea' id='block_1_1' title="bbox 334 366 438 423">
    <p class='ocr_par' dir='ltr' id='par_1_1' title="bbox 334 366 438 423">
     <span class='ocr_line' id='line_1_1' title="bbox 334 366 438 423; baseline 0.019 -2"><span class='ocrx_word' id='word_1_1' title='bbox 334 366 438 423; x_wconf 73' lang='grc' dir='ltr'>ιιθ</span> 
     </span>
    </p>
   </div>
   <div class='ocr_carea' id='block_1_2' title="bbox 331 479 1904 552">
    <p class='ocr_par' dir='ltr' id='par_1_2' title="bbox 331 479 1904 552">
     <span class='ocr_line' id='line_1_2' title="bbox 331 479 1904 552; baseline -0.003 -16"><span class='ocrx_word' id='word_1_2' title='bbox 331 480 588 535; x_wconf 80' lang='grc' dir='ltr'>καθίκετο</span> <span class='ocrx_word' id='word_1_3' title='bbox 615 479 926 551; x_wconf 77' lang='grc' dir='ltr'>Ἐπιστολῇ,</span> <span class='ocrx_word' id='word_1_4' title='bbox 947 481 1043 534; x_wconf 86' lang='grc' dir='ltr'>καί</span> <span class='ocrx_word' id='word_1_5' title='bbox 1067 497 1187 533; x_wconf 88' lang='grc' dir='ltr'>τινα</span> <span class='ocrx_word' id='word_1_6' title='bbox 1211 481 1512 552; x_wconf 74' lang='grc' dir='ltr'>μεταϐολὴν</span> <span class='ocrx_word' id='word_1_7' title='bbox 1529 481 1872 546; x_wconf 79' lang='grc' dir='ltr'>ἐπεδείξαντο</span> <span class='ocrx_word' id='word_1_8' title='bbox 1890 495 1904 510; x_wconf 90' lang='grc'><strong>·</strong></span> 
     </span>
    </p>
   </div>
   <div class='ocr_carea' id='block_1_3' title="bbox 331 578 1910 654">
    <p class='ocr_par' dir='ltr' id='par_1_3' title="bbox 331 578 1910 654">
     <span class='ocr_line' id='line_1_3' title="bbox 331 578 1910 654; baseline -0.001 -20"><span class='ocrx_word' id='word_1_9' title='bbox 331 582 426 634; x_wconf 63' lang='grc' dir='ltr'>καλ⁹</span> <span class='ocrx_word' id='word_1_10' title='bbox 457 578 682 650; x_wconf 79' lang='grc' dir='ltr'>ἔμελλεν</span> <span class='ocrx_word' id='word_1_11' title='bbox 710 581 906 644; x_wconf 77' lang='grc' dir='ltr'>αὐτοὺς</span> <span class='ocrx_word' id='word_1_12' title='bbox 938 581 1098 634; x_wconf 91' lang='grc' dir='ltr'>τοῦτο</span> <span class='ocrx_word' id='word_1_13' title='bbox 1121 582 1466 654; x_wconf 83' lang='grc' dir='ltr'>ἀνατρέπειν,</span> <span class='ocrx_word' id='word_1_14' title='bbox 1500 585 1547 635; x_wconf 91' lang='grc' dir='ltr'>εί</span> <span class='ocrx_word' id='word_1_15' title='bbox 1576 580 1910 653; x_wconf 77' lang='grc' dir='ltr'>μεταϐαλλό-</span> 
     </span>
    </p>
   </div>
   <div class='ocr_carea' id='block_1_4' title="bbox 335 676 1913 750">
    <p class='ocr_par' dir='ltr' id='par_1_4' title="bbox 335 676 1913 750">
     <span class='ocr_line' id='line_1_4' title="bbox 335 676 1913 750; baseline 0.003 -22"><span class='ocrx_word' id='word_1_16' title='bbox 335 693 488 748; x_wconf 87' lang='grc' dir='ltr'>μενοι</span> <span class='ocrx_word' id='word_1_17' title='bbox 531 676 696 729; x_wconf 86' lang='grc' dir='ltr'>πάλιν</span> <span class='ocrx_word' id='word_1_18' title='bbox 747 677 847 748; x_wconf 85' lang='grc' dir='ltr'>τὴν</span> <span class='ocrx_word' id='word_1_19' title='bbox 902 677 1072 750; x_wconf 82' lang='grc' dir='ltr'>αὐτὴν</span> <span class='ocrx_word' id='word_1_20' title='bbox 1127 679 1448 750; x_wconf 78' lang='grc' dir='ltr'><strong>ἐπιτίμησιν</strong></span> <span class='ocrx_word' id='word_1_21' title='bbox 1487 680 1776 750; x_wconf 81' lang='grc' dir='ltr'>ὑπέμενον.</span> <span class='ocrx_word' id='word_1_22' title='bbox 1820 677 1913 732; x_wconf 81' lang='grc' dir='ltr'>Διδ</span> 
     </span>
    </p>
   </div>
   <div class='ocr_carea' id='block_1_5' title="bbox 333 771 1913 847">
    <p class='ocr_par' dir='ltr' id='par_1_5' title="bbox 333 771 1913 847">
     <span class='ocr_line' id='line_1_5' title="bbox 333 771 1913 847; baseline 0.001 -23"><span class='ocrx_word' id='word_1_23' title='bbox 333 771 514 842; x_wconf 81' lang='grc' dir='ltr'>πολλῷ</span> <span class='ocrx_word' id='word_1_24' title='bbox 560 776 659 843; x_wconf 79' lang='grc' dir='ltr'>τῆς</span> <span class='ocrx_word' id='word_1_25' title='bbox 694 773 967 844; x_wconf 81' lang='grc' dir='ltr'>προτέρας</span> <span class='ocrx_word' id='word_1_26' title='bbox 1005 776 1336 847; x_wconf 82' lang='grc' dir='ltr'>ἡμερωτέρα</span> <span class='ocrx_word' id='word_1_27' title='bbox 1369 774 1528 846; x_wconf 80' lang='grc' dir='ltr'>αὕτη.</span> <span class='ocrx_word' id='word_1_28' title='bbox 1565 777 1812 843; x_wconf 83' lang='grc' dir='ltr'>Ἕκρινα</span> <span class='ocrx_word' id='word_1_29' title='bbox 1844 773 1913 828; x_wconf 77' lang='grc' dir='ltr'>δὲ</span> 
     </span>
    </p>
   </div>
   <div class='ocr_carea' id='block_1_6' title="bbox 331 867 1908 942">
    <p class='ocr_par' dir='ltr' id='par_1_6' title="bbox 331 867 1908 942">
     <span class='ocr_line' id='line_1_6' title="bbox 331 867 1908 942; baseline 0.001 -21"><span class='ocrx_word' id='word_1_30' title='bbox 331 867 566 937; x_wconf 85' lang='grc' dir='ltr'>ἐμαυτῷ</span> <span class='ocrx_word' id='word_1_31' title='bbox 611 868 677 922; x_wconf 84' lang='grc' dir='ltr'>τὸ</span> <span class='ocrx_word' id='word_1_32' title='bbox 698 870 786 938; x_wconf 81' lang='grc' dir='ltr'>μὴ</span> <span class='ocrx_word' id='word_1_33' title='bbox 818 869 1006 924; x_wconf 84' lang='grc' dir='ltr'>πάλιν</span> <span class='ocrx_word' id='word_1_34' title='bbox 1034 872 1104 925; x_wconf 79' lang='grc' dir='ltr'>ἐν</span> <span class='ocrx_word' id='word_1_35' title='bbox 1128 873 1295 942; x_wconf 79' lang='grc' dir='ltr'>λύπῃ</span> <span class='ocrx_word' id='word_1_36' title='bbox 1328 872 1529 926; x_wconf 80' lang='grc' dir='ltr'>ἐλθεῖν</span> <span class='ocrx_word' id='word_1_37' title='bbox 1555 872 1704 941; x_wconf 87' lang='grc' dir='ltr'>πρὸς</span> <span class='ocrx_word' id='word_1_38' title='bbox 1733 867 1908 940; x_wconf 78' lang='grc' dir='ltr'>ὑμᾶς.</span> 
     </span>
    </p>
   </div>
   <div class='ocr_carea' id='block_1_7' title="bbox 333 964 1913 1040">
    <p class='ocr_par' dir='ltr' id='par_1_7' title="bbox 333 964 1913 1040">
     <span class='ocr_line' id='line_1_7' title="bbox 333 964 1913 1040; baseline 0.002 -24"><span class='ocrx_word' id='word_1_39' title='bbox 333 965 426 1029; x_wconf 85' lang='grc' dir='ltr'>Τὸ,</span> <span class='ocrx_word' id='word_1_40' title='bbox 457 964 670 1031; x_wconf 80' lang='grc' dir='ltr'>Πάλιν,</span> <span class='ocrx_word' id='word_1_41' title='bbox 706 965 946 1020; x_wconf 90' lang='grc' dir='ltr'>δείκνυσι</span> <span class='ocrx_word' id='word_1_42' title='bbox 973 968 1066 1021; x_wconf 71' lang='grc' dir='ltr'>καλ⁸</span> <span class='ocrx_word' id='word_1_43' title='bbox 1091 969 1190 1040; x_wconf 73' lang='grc' dir='ltr'>ήδη</span> <span class='ocrx_word' id='word_1_44' title='bbox 1224 968 1531 1039; x_wconf 80' lang='grc' dir='ltr'>λυπηθέντα</span> <span class='ocrx_word' id='word_1_45' title='bbox 1557 969 1784 1020; x_wconf 83' lang='grc' dir='ltr'>ἐκεῖθεν·</span> <span class='ocrx_word' id='word_1_46' title='bbox 1819 969 1913 1020; x_wconf 81' lang='grc' dir='ltr'>καὶ</span> 
     </span>
    </p>
   </div>
   <div class='ocr_carea' id='block_1_8' title="bbox 331 1060 1912 1136">
    <p class='ocr_par' dir='ltr' id='par_1_8' title="bbox 331 1060 1912 1136">
     <span class='ocr_line' id='line_1_8' title="bbox 331 1060 1912 1136; baseline 0.001 -23"><span class='ocrx_word' id='word_1_47' title='bbox 331 1060 503 1114; x_wconf 85' lang='grc' dir='ltr'>δοκῶν</span> <span class='ocrx_word' id='word_1_48' title='bbox 548 1063 957 1131; x_wconf 79' lang='grc' dir='ltr'>ἀπολογείσθαι,</span> <span class='ocrx_word' id='word_1_49' title='bbox 1017 1064 1167 1136; x_wconf 70' lang='grc'><strong>[456]</strong></span> <span class='ocrx_word' id='word_1_50' title='bbox 1203 1064 1503 1136; x_wconf 81' lang='grc' dir='ltr'>λεληθότως</span> <span class='ocrx_word' id='word_1_51' title='bbox 1549 1063 1728 1116; x_wconf 90' lang='grc' dir='ltr'>αὐτῶν</span> <span class='ocrx_word' id='word_1_52' title='bbox 1777 1062 1912 1115; x_wconf 85' lang='grc' dir='ltr'>καθ-</span> 
     </span>
    </p>
   </div>
   <div class='ocr_carea' id='block_1_9' title="bbox 336 1160 1912 1234">
    <p class='ocr_par' dir='ltr' id='par_1_9' title="bbox 336 1160 1912 1234">
     <span class='ocr_line' id='line_1_9' title="bbox 336 1160 1912 1234; baseline 0.001 -21"><span class='ocrx_word' id='word_1_53' title='bbox 336 1160 585 1213; x_wconf 81' lang='grc' dir='ltr'>άπτεται.</span> <span class='ocrx_word' id='word_1_54' title='bbox 616 1160 680 1213; x_wconf 71' lang='lat' dir='ltr'>EE</span> <span class='ocrx_word' id='word_1_55' title='bbox 711 1160 767 1213; x_wconf 88' lang='grc' dir='ltr'>δέ</span> <span class='ocrx_word' id='word_1_56' title='bbox 801 1163 891 1216; x_wconf 77' lang='grc' dir='ltr'>καὶ</span> <span class='ocrx_word' id='word_1_57' title='bbox 912 1163 1014 1234; x_wconf 77' lang='grc' dir='ltr'>ἥδη</span> <span class='ocrx_word' id='word_1_58' title='bbox 1042 1163 1343 1234; x_wconf 79' lang='grc' dir='ltr'>ἐλύπησαν,</span> <span class='ocrx_word' id='word_1_59' title='bbox 1374 1164 1468 1216; x_wconf 76' lang='grc' dir='ltr'>καὶ</span> <span class='ocrx_word' id='word_1_60' title='bbox 1500 1162 1663 1215; x_wconf 86' lang='grc' dir='ltr'>πάλιν</span> <span class='ocrx_word' id='word_1_61' title='bbox 1690 1160 1912 1230; x_wconf 76' lang='grc' dir='ltr'>ἔμελλον</span> 
     </span>
    </p>
   </div>
   <div class='ocr_carea' id='block_1_10' title="bbox 336 1255 1909 1330">
    <p class='ocr_par' dir='ltr' id='par_1_10' title="bbox 336 1255 1909 1330">
     <span class='ocr_line' id='line_1_10' title="bbox 336 1255 1909 1330; baseline 0.003 -24"><span class='ocrx_word' id='word_1_62' title='bbox 336 1255 543 1320; x_wconf 80' lang='grc' dir='ltr'>λυπεῖν,</span> <span class='ocrx_word' id='word_1_63' title='bbox 579 1258 832 1329; x_wconf 79' lang='grc' dir='ltr'>ἐννόησον</span> <span class='ocrx_word' id='word_1_64' title='bbox 865 1259 996 1330; x_wconf 85' lang='grc' dir='ltr'>ὅσην</span> <span class='ocrx_word' id='word_1_65' title='bbox 1036 1259 1182 1323; x_wconf 80' lang='grc' dir='ltr'>εἰκὸς</span> <span class='ocrx_word' id='word_1_66' title='bbox 1225 1259 1478 1327; x_wconf 90' lang='grc' dir='ltr'>γενέσθαι</span> <span class='ocrx_word' id='word_1_67' title='bbox 1511 1259 1610 1330; x_wconf 83' lang='grc' dir='ltr'>τὴν</span> <span class='ocrx_word' id='word_1_68' title='bbox 1641 1258 1832 1328; x_wconf 79' lang='grc' dir='ltr'>ἀηδίαν</span> <span class='ocrx_word' id='word_1_69' title='bbox 1860 1269 1909 1310; x_wconf 69' lang='grc' dir='ltr'>α.</span> 
     </span>
    </p>
   </div>
   <div class='ocr_carea' id='block_1_11' title="bbox 349 1352 1913 1426">
    <p class='ocr_par' dir='ltr' id='par_1_11' title="bbox 349 1352 1913 1426">
     <span class='ocr_line' id='line_1_11' title="bbox 349 1352 1913 1426; baseline 0.001 -22"><span class='ocrx_word' id='word_1_70' title='bbox 349 1352 509 1406; x_wconf 82' lang='grc' dir='ltr'>Ἀλλά</span> <span class='ocrx_word' id='word_1_71' title='bbox 540 1353 698 1407; x_wconf 89' lang='grc' dir='ltr'>τοῦτο</span> <span class='ocrx_word' id='word_1_72' title='bbox 738 1354 837 1426; x_wconf 81' lang='grc' dir='ltr'>μὲν</span> <span class='ocrx_word' id='word_1_73' title='bbox 869 1356 931 1408; x_wconf 89' lang='grc' dir='ltr'>οὐ</span> <span class='ocrx_word' id='word_1_74' title='bbox 969 1355 1139 1424; x_wconf 90' lang='grc' dir='ltr'>λέγει,</span> <span class='ocrx_word' id='word_1_75' title='bbox 1190 1356 1272 1408; x_wconf 83' lang='grc' dir='ltr'>ὅτι</span> <span class='ocrx_word' id='word_1_76' title='bbox 1313 1355 1674 1425; x_wconf 85' lang='grc' dir='ltr'>Ἐλυπήσατε·</span> <span class='ocrx_word' id='word_1_77' title='bbox 1710 1353 1913 1424; x_wconf 78' lang='grc' dir='ltr'>ἑτέρως</span> 
     </span>
    </p>
   </div>
   <div class='ocr_carea' id='block_1_12' title="bbox 334 1451 1910 1523">
    <p class='ocr_par' dir='ltr' id='par_1_12' title="bbox 334 1451 1910 1523">
     <span class='ocr_line' id='line_1_12' title="bbox 334 1451 1910 1523; baseline -0.001 -19"><span class='ocrx_word' id='word_1_78' title='bbox 334 1451 389 1504; x_wconf 79' lang='grc' dir='ltr'>δέ</span> <span class='ocrx_word' id='word_1_79' title='bbox 421 1452 700 1521; x_wconf 87' lang='grc' dir='ltr'>μεθοδεύει</span> <span class='ocrx_word' id='word_1_80' title='bbox 738 1453 832 1506; x_wconf 80' lang='grc' dir='ltr'>τὸν</span> <span class='ocrx_word' id='word_1_81' title='bbox 869 1453 1028 1523; x_wconf 88' lang='grc' dir='ltr'>λόγον</span> <span class='ocrx_word' id='word_1_82' title='bbox 1051 1453 1114 1506; x_wconf 86' lang='grc' dir='ltr'>τὸ</span> <span class='ocrx_word' id='word_1_83' title='bbox 1150 1453 1282 1506; x_wconf 85' lang='grc' dir='ltr'>αὐτὸ</span> <span class='ocrx_word' id='word_1_84' title='bbox 1311 1451 1471 1505; x_wconf 88' lang='grc' dir='ltr'>τοῦτο</span> <span class='ocrx_word' id='word_1_85' title='bbox 1514 1451 1910 1521; x_wconf 79' lang='grc' dir='ltr'>αἰνιττόμενος,</span> 
     </span>
    </p>
   </div>
   <div class='ocr_carea' id='block_1_13' title="bbox 336 1549 1914 1624">
    <p class='ocr_par' dir='ltr' id='par_1_13' title="bbox 336 1549 1914 1624">
     <span class='ocr_line' id='line_1_13' title="bbox 336 1549 1914 1624; baseline -0.001 -17"><span class='ocrx_word' id='word_1_86' title='bbox 336 1556 428 1607; x_wconf 74' lang='grc' dir='ltr'>καὶ</span> <span class='ocrx_word' id='word_1_87' title='bbox 461 1554 657 1622; x_wconf 88' lang='grc' dir='ltr'>λέγων,</span> <span class='ocrx_word' id='word_1_88' title='bbox 686 1555 768 1608; x_wconf 84' lang='grc' dir='ltr'>ὅτι</span> <span class='ocrx_word' id='word_1_89' title='bbox 797 1555 896 1608; x_wconf 84' lang='grc' dir='ltr'>Διά</span> <span class='ocrx_word' id='word_1_90' title='bbox 920 1554 1078 1608; x_wconf 88' lang='grc' dir='ltr'>τοῦτο</span> <span class='ocrx_word' id='word_1_91' title='bbox 1110 1554 1210 1608; x_wconf 86' lang='grc' dir='ltr'>οὐκ</span> <span class='ocrx_word' id='word_1_92' title='bbox 1233 1549 1419 1624; x_wconf 81' lang='grc' dir='ltr'>ἦλθον,</span> <span class='ocrx_word' id='word_1_93' title='bbox 1452 1554 1538 1607; x_wconf 78' lang='grc' dir='ltr'>ἵνα</span> <span class='ocrx_word' id='word_1_94' title='bbox 1572 1553 1646 1624; x_wconf 85' lang='grc' dir='ltr'>μὴ</span> <span class='ocrx_word' id='word_1_95' title='bbox 1685 1553 1914 1624; x_wconf 78' lang='grc' dir='ltr'>λυπήσω</span> 
     </span>
    </p>
   </div>
   <div class='ocr_carea' id='block_1_14' title="bbox 337 1646 1917 1724">
    <p class='ocr_par' dir='ltr' id='par_1_14' title="bbox 337 1646 1917 1724">
     <span class='ocr_line' id='line_1_14' title="bbox 337 1646 1917 1724; baseline -0.001 -18"><span class='ocrx_word' id='word_1_96' title='bbox 337 1655 498 1724; x_wconf 72' lang='grc' dir='ltr'>ὑμᾶς’</span> <span class='ocrx_word' id='word_1_97' title='bbox 525 1653 552 1705; x_wconf 85' lang='grc' dir='ltr'>δ</span> <span class='ocrx_word' id='word_1_98' title='bbox 585 1653 684 1724; x_wconf 83' lang='grc' dir='ltr'>τὴν</span> <span class='ocrx_word' id='word_1_99' title='bbox 713 1653 882 1723; x_wconf 84' lang='grc' dir='ltr'>αὐτὴν</span> <span class='ocrx_word' id='word_1_100' title='bbox 911 1652 1010 1724; x_wconf 86' lang='grc' dir='ltr'>μὲν</span> <span class='ocrx_word' id='word_1_101' title='bbox 1042 1653 1194 1724; x_wconf 85' lang='grc' dir='ltr'>ἰσχὺν</span> <span class='ocrx_word' id='word_1_102' title='bbox 1225 1652 1336 1723; x_wconf 77' lang='grc' dir='ltr'>ἔχει</span> <span class='ocrx_word' id='word_1_103' title='bbox 1363 1652 1538 1723; x_wconf 83' lang='grc' dir='ltr'>τούτῳ</span> <span class='ocrx_word' id='word_1_104' title='bbox 1565 1646 1609 1720; x_wconf 82' lang='grc' dir='ltr'><strong>ᾧ</strong></span> <span class='ocrx_word' id='word_1_105' title='bbox 1634 1647 1809 1718; x_wconf 80' lang='grc' dir='ltr'>εἶπον,</span> <span class='ocrx_word' id='word_1_106' title='bbox 1833 1652 1917 1705; x_wconf 84' lang='grc' dir='ltr'>εὐ-</span> 
     </span>
    </p>
   </div>
   <div class='ocr_carea' id='block_1_15' title="bbox 336 1744 1914 1821">
    <p class='ocr_par' dir='ltr' id='par_1_15' title="bbox 336 1744 1914 1821">
     <span class='ocr_line' id='line_1_15' title="bbox 336 1744 1914 1821; baseline 0 -19"><span class='ocrx_word' id='word_1_107' title='bbox 336 1751 675 1821; x_wconf 85' lang='grc' dir='ltr'>παράδεκτον</span> <span class='ocrx_word' id='word_1_108' title='bbox 703 1749 759 1802; x_wconf 88' lang='grc' dir='ltr'>δέ</span> <span class='ocrx_word' id='word_1_109' title='bbox 785 1748 984 1820; x_wconf 83' lang='grc' dir='ltr'>μᾶλλόν</span> <span class='ocrx_word' id='word_1_110' title='bbox 1004 1751 1142 1804; x_wconf 86' lang='grc' dir='ltr'>ἐστι.</span> <span class='ocrx_word' id='word_1_111' title='bbox 1174 1751 1241 1803; x_wconf 80' lang='lat' dir='ltr'>El</span> <span class='ocrx_word' id='word_1_112' title='bbox 1269 1748 1381 1818; x_wconf 81' lang='grc' dir='ltr'>γὰρ</span> <span class='ocrx_word' id='word_1_113' title='bbox 1404 1748 1519 1820; x_wconf 78' lang='grc' dir='ltr'>ἐγὼ</span> <span class='ocrx_word' id='word_1_114' title='bbox 1540 1746 1714 1802; x_wconf 89' lang='grc' dir='ltr'>λυπῶ</span> <span class='ocrx_word' id='word_1_115' title='bbox 1738 1744 1914 1817; x_wconf 82' lang='grc' dir='ltr'>ὑμᾶς,</span> 
     </span>
    </p>
   </div>
   <div class='ocr_carea' id='block_1_16' title="bbox 338 1845 1919 1916">
    <p class='ocr_par' dir='ltr' id='par_1_16' title="bbox 338 1845 1919 1916">
     <span class='ocr_line' id='line_1_16' title="bbox 338 1845 1919 1916; baseline -0.003 -14"><span class='ocrx_word' id='word_1_116' title='bbox 338 1849 436 1902; x_wconf 81' lang='grc' dir='ltr'>καί</span> <span class='ocrx_word' id='word_1_117' title='bbox 468 1849 557 1910; x_wconf 86' lang='grc' dir='ltr'>τίς</span> <span class='ocrx_word' id='word_1_118' title='bbox 586 1848 758 1901; x_wconf 85' lang='grc' dir='ltr'>ἐστιν</span> <span class='ocrx_word' id='word_1_119' title='bbox 796 1849 828 1901; x_wconf 84' lang='grc' dir='ltr'>ό</span> <span class='ocrx_word' id='word_1_120' title='bbox 863 1847 1202 1916; x_wconf 84' lang='grc' dir='ltr'>εὐφραίνων</span> <span class='ocrx_word' id='word_1_121' title='bbox 1229 1863 1326 1916; x_wconf 84' lang='grc' dir='ltr'>με,</span> <span class='ocrx_word' id='word_1_122' title='bbox 1356 1848 1410 1900; x_wconf 87' lang='grc' dir='ltr'>εί</span> <span class='ocrx_word' id='word_1_123' title='bbox 1435 1845 1522 1916; x_wconf 80' lang='grc' dir='ltr'>μὴ</span> <span class='ocrx_word' id='word_1_124' title='bbox 1567 1848 1600 1900; x_wconf 84' lang='grc' dir='ltr'><em>ὀ</em></span> <span class='ocrx_word' id='word_1_125' title='bbox 1623 1845 1919 1914; x_wconf 80' lang='grc' dir='ltr'>λυπούμε-</span> 
     </span>
    </p>
   </div>
   <div class='ocr_carea' id='block_1_17' title="bbox 334 1942 1917 2016">
    <p class='ocr_par' dir='ltr' id='par_1_17' title="bbox 334 1942 1917 2016">
     <span class='ocr_line' id='line_1_17' title="bbox 334 1942 1917 2016; baseline -0.001 -18"><span class='ocrx_word' id='word_1_126' title='bbox 334 1961 516 2016; x_wconf 77' lang='grc' dir='ltr'>μενος</span> <span class='ocrx_word' id='word_1_127' title='bbox 541 1945 610 2009; x_wconf 79' lang='grc' dir='ltr'>ἐξ</span> <span class='ocrx_word' id='word_1_128' title='bbox 635 1943 815 2014; x_wconf 81' lang='grc' dir='ltr'>ἐμοῦ;</span> <span class='ocrx_word' id='word_1_129' title='bbox 840 1943 976 1996; x_wconf 89' lang='grc' dir='ltr'>Ποία</span> <span class='ocrx_word' id='word_1_130' title='bbox 1005 1943 1144 2014; x_wconf 80' lang='grc' dir='ltr'>αὐτη</span> <span class='ocrx_word' id='word_1_131' title='bbox 1170 1943 1501 2009; x_wconf 86' lang='grc' dir='ltr'>ἀκολουθία;</span> <span class='ocrx_word' id='word_1_132' title='bbox 1535 1942 1783 2016; x_wconf 77' lang='grc' dir='ltr'>Μεγίστη</span> <span class='ocrx_word' id='word_1_133' title='bbox 1818 1944 1917 2014; x_wconf 82' lang='grc' dir='ltr'>μὲν</span> 
     </span>
    </p>
   </div>
   <div class='ocr_carea' id='block_1_18' title="bbox 335 2039 1918 2111">
    <p class='ocr_par' dir='ltr' id='par_1_18' title="bbox 335 2039 1918 2111">
     <span class='ocr_line' id='line_1_18' title="bbox 335 2039 1918 2111; baseline -0.003 -15"><span class='ocrx_word' id='word_1_134' title='bbox 335 2041 451 2098; x_wconf 83' lang='grc' dir='ltr'>οὖν.</span> <span class='ocrx_word' id='word_1_135' title='bbox 508 2042 704 2094; x_wconf 84' lang='grc' dir='ltr'>Σκόπει</span> <span class='ocrx_word' id='word_1_136' title='bbox 751 2041 830 2093; x_wconf 81' lang='grc' dir='ltr'>δέ’</span> <span class='ocrx_word' id='word_1_137' title='bbox 875 2041 989 2094; x_wconf 80' lang='grc' dir='ltr'>Οὐκ</span> <span class='ocrx_word' id='word_1_138' title='bbox 1025 2039 1285 2111; x_wconf 69' lang='grc' dir='ltr'>ἠθέλησα,</span> <span class='ocrx_word' id='word_1_139' title='bbox 1321 2041 1506 2110; x_wconf 80' lang='grc' dir='ltr'>φησὶν,</span> <span class='ocrx_word' id='word_1_140' title='bbox 1554 2039 1728 2093; x_wconf 83' lang='grc' dir='ltr'>ἐλθεῖν</span> <span class='ocrx_word' id='word_1_141' title='bbox 1779 2039 1918 2110; x_wconf 87' lang='grc' dir='ltr'>πρὸς</span> 
     </span>
    </p>
   </div>
   <div class='ocr_carea' id='block_1_19' title="bbox 339 2136 1918 2212">
    <p class='ocr_par' dir='ltr' id='par_1_19' title="bbox 339 2136 1918 2212">
     <span class='ocr_line' id='line_1_19' title="bbox 339 2136 1918 2212; baseline -0.003 -18"><span class='ocrx_word' id='word_1_142' title='bbox 339 2142 504 2212; x_wconf 83' lang='grc' dir='ltr'>ὑμᾶς,</span> <span class='ocrx_word' id='word_1_143' title='bbox 547 2141 634 2193; x_wconf 80' lang='grc' dir='ltr'>ἵνα</span> <span class='ocrx_word' id='word_1_144' title='bbox 681 2139 756 2209; x_wconf 84' lang='grc' dir='ltr'>μὴ</span> <span class='ocrx_word' id='word_1_145' title='bbox 790 2137 1018 2210; x_wconf 87' lang='grc' dir='ltr'>λυπήσω</span> <span class='ocrx_word' id='word_1_146' title='bbox 1061 2139 1205 2209; x_wconf 79' lang='grc' dir='ltr'>ὑμᾶς</span> <span class='ocrx_word' id='word_1_147' title='bbox 1238 2137 1420 2204; x_wconf 91' lang='grc' dir='ltr'>πλέον,</span> <span class='ocrx_word' id='word_1_148' title='bbox 1457 2136 1747 2209; x_wconf 86' lang='grc' dir='ltr'>ἐπιτιμῶν,</span> <span class='ocrx_word' id='word_1_149' title='bbox 1783 2137 1918 2205; x_wconf 88' lang='grc' dir='ltr'>ἀγα-</span> 
     </span>
    </p>
   </div>
   <div class='ocr_carea' id='block_1_20' title="bbox 338 2230 1921 2308">
    <p class='ocr_par' dir='ltr' id='par_1_20' title="bbox 338 2230 1921 2308">
     <span class='ocr_line' id='line_1_20' title="bbox 338 2230 1921 2308; baseline -0.003 -16"><span class='ocrx_word' id='word_1_150' title='bbox 338 2238 574 2302; x_wconf 89' lang='grc' dir='ltr'>νακτῶν,</span> <span class='ocrx_word' id='word_1_151' title='bbox 600 2237 1097 2308; x_wconf 85' lang='grc' dir='ltr'>ἀποστρεφόμενος.</span> <span class='ocrx_word' id='word_1_152' title='bbox 1124 2230 1258 2290; x_wconf 81' lang='grc' dir='ltr'>Εἶτα</span> <span class='ocrx_word' id='word_1_153' title='bbox 1289 2236 1479 2308; x_wconf 83' lang='grc' dir='ltr'>ἐπειδὴ</span> <span class='ocrx_word' id='word_1_154' title='bbox 1511 2237 1607 2290; x_wconf 71' lang='grc' dir='ltr'>καὶ</span> <span class='ocrx_word' id='word_1_155' title='bbox 1631 2237 1764 2290; x_wconf 88' lang='grc' dir='ltr'>αὐτὸ</span> <span class='ocrx_word' id='word_1_156' title='bbox 1788 2253 1921 2305; x_wconf 82' lang='grc' dir='ltr'>σφο-</span> 
     </span>
    </p>
   </div>
   <div class='ocr_carea' id='block_1_21' title="bbox 337 2328 1919 2406">
    <p class='ocr_par' dir='ltr' id='par_1_21' title="bbox 337 2328 1919 2406">
     <span class='ocr_line' id='line_1_21' title="bbox 337 2328 1919 2406; baseline -0.002 -19"><span class='ocrx_word' id='word_1_157' title='bbox 337 2334 464 2406; x_wconf 81' lang='grc' dir='ltr'>δρὸν</span> <span class='ocrx_word' id='word_1_158' title='bbox 495 2331 587 2405; x_wconf 70' lang='grc' dir='ltr'>ἦν,</span> <span class='ocrx_word' id='word_1_159' title='bbox 633 2335 730 2386; x_wconf 73' lang='grc' dir='ltr'>καὶ</span> <span class='ocrx_word' id='word_1_160' title='bbox 762 2334 1099 2404; x_wconf 83' lang='grc' dir='ltr'>κατηγορίαν</span> <span class='ocrx_word' id='word_1_161' title='bbox 1137 2333 1317 2387; x_wconf 87' lang='grc' dir='ltr'>αὐτῶν</span> <span class='ocrx_word' id='word_1_162' title='bbox 1351 2328 1518 2404; x_wconf 79' lang='grc' dir='ltr'>εἶχεν,</span> <span class='ocrx_word' id='word_1_163' title='bbox 1553 2333 1607 2386; x_wconf 80' lang='grc' dir='ltr'>εί</span> <span class='ocrx_word' id='word_1_164' title='bbox 1631 2350 1696 2401; x_wconf 89' lang='grc' dir='ltr'>γε</span> <span class='ocrx_word' id='word_1_165' title='bbox 1745 2331 1919 2397; x_wconf 79' lang='grc' dir='ltr'>οὕτως</span> 
     </span>
    </p>
   </div>
   <div class='ocr_carea' id='block_1_22' title="bbox 340 2432 1920 2505">
    <p class='ocr_par' dir='ltr' id='par_1_22' title="bbox 340 2432 1920 2505">
     <span class='ocr_line' id='line_1_22' title="bbox 340 2432 1920 2505; baseline -0.001 -20"><span class='ocrx_word' id='word_1_166' title='bbox 340 2434 475 2498; x_wconf 80' lang='grc' dir='ltr'>ἔζων</span> <span class='ocrx_word' id='word_1_167' title='bbox 507 2432 581 2496; x_wconf 87' lang='grc' dir='ltr'>ὠς</span> <span class='ocrx_word' id='word_1_168' title='bbox 614 2433 826 2488; x_wconf 79' lang='grc' dir='ltr'>Παῦλον</span> <span class='ocrx_word' id='word_1_169' title='bbox 857 2432 1066 2498; x_wconf 87' lang='grc' dir='ltr'>λυπεῖν,</span> <span class='ocrx_word' id='word_1_170' title='bbox 1100 2432 1476 2505; x_wconf 83' lang='grc' dir='ltr'>ἐπιδιορθώσει</span> <span class='ocrx_word' id='word_1_171' title='bbox 1495 2432 1796 2504; x_wconf 83' lang='grc' dir='ltr'>χρώμενος,</span> <span class='ocrx_word' id='word_1_172' title='bbox 1816 2449 1920 2504; x_wconf 89' lang='grc' dir='ltr'>φη-</span> 
     </span>
    </p>
   </div>
   <div class='ocr_carea' id='block_1_23' title="bbox 342 2528 1920 2600">
    <p class='ocr_par' dir='ltr' id='par_1_23' title="bbox 342 2528 1920 2600">
     <span class='ocr_line' id='line_1_23' title="bbox 342 2528 1920 2600; baseline -0.001 -15"><span class='ocrx_word' id='word_1_173' title='bbox 342 2533 446 2585; x_wconf 84' lang='grc' dir='ltr'>σίν·</span> <span class='ocrx_word' id='word_1_174' title='bbox 480 2533 549 2585; x_wconf 79' lang='grc' dir='ltr'>Εί</span> <span class='ocrx_word' id='word_1_175' title='bbox 575 2530 686 2600; x_wconf 74' lang='grc' dir='ltr'>γὰρ</span> <span class='ocrx_word' id='word_1_176' title='bbox 722 2529 836 2600; x_wconf 73' lang='grc' dir='ltr'>ἐγὼ</span> <span class='ocrx_word' id='word_1_177' title='bbox 880 2529 1052 2585; x_wconf 68' lang='grc' dir='ltr'>¹λυπῶ</span> <span class='ocrx_word' id='word_1_178' title='bbox 1079 2528 1258 2599; x_wconf 83' lang='grc' dir='ltr'>ὑμᾶς,</span> <span class='ocrx_word' id='word_1_179' title='bbox 1299 2530 1400 2584; x_wconf 82' lang='grc' dir='ltr'>καί</span> <span class='ocrx_word' id='word_1_180' title='bbox 1426 2532 1516 2598; x_wconf 86' lang='grc' dir='ltr'>τίς</span> <span class='ocrx_word' id='word_1_181' title='bbox 1557 2531 1724 2585; x_wconf 81' lang='grc' dir='ltr'>ἐστιν</span> <span class='ocrx_word' id='word_1_182' title='bbox 1760 2533 1792 2585; x_wconf 85' lang='grc' dir='ltr'><em>ὀ</em></span> <span class='ocrx_word' id='word_1_183' title='bbox 1822 2533 1920 2584; x_wconf 86' lang='grc' dir='ltr'>εὐ-</span> 
     </span>
    </p>
   </div>
   <div class='ocr_carea' id='block_1_24' title="bbox 343 2628 1920 2703">
    <p class='ocr_par' dir='ltr' id='par_1_24' title="bbox 343 2628 1920 2703">
     <span class='ocr_line' id='line_1_24' title="bbox 343 2628 1920 2703; baseline -0.003 -18"><span class='ocrx_word' id='word_1_184' title='bbox 343 2633 611 2703; x_wconf 86' lang='grc' dir='ltr'>φραίνων</span> <span class='ocrx_word' id='word_1_185' title='bbox 632 2647 730 2700; x_wconf 79' lang='grc' dir='ltr'>με,</span> <span class='ocrx_word' id='word_1_186' title='bbox 759 2631 811 2683; x_wconf 87' lang='grc' dir='ltr'>εί</span> <span class='ocrx_word' id='word_1_187' title='bbox 840 2628 926 2698; x_wconf 81' lang='grc' dir='ltr'>μὴ</span> <span class='ocrx_word' id='word_1_188' title='bbox 962 2632 996 2684; x_wconf 85' lang='grc' dir='ltr'>ό</span> <span class='ocrx_word' id='word_1_189' title='bbox 1019 2629 1405 2699; x_wconf 84' lang='grc' dir='ltr'>λυπούμενος</span> <span class='ocrx_word' id='word_1_190' title='bbox 1441 2629 1511 2694; x_wconf 81' lang='grc' dir='ltr'>ἐξ</span> <span class='ocrx_word' id='word_1_191' title='bbox 1537 2628 1722 2700; x_wconf 68' lang='grc' dir='ltr'>ἐμοῦ;</span> <span class='ocrx_word' id='word_1_192' title='bbox 1761 2630 1826 2682; x_wconf 87' lang='grc' dir='ltr'><strong>Ὃ</strong></span> <span class='ocrx_word' id='word_1_193' title='bbox 1862 2628 1920 2682; x_wconf 85' lang='grc' dir='ltr'>δέ</span> 
     </span>
    </p>
   </div>
   <div class='ocr_carea' id='block_1_25' title="bbox 342 2719 1920 2798">
    <p class='ocr_par' dir='ltr' id='par_1_25' title="bbox 342 2719 1920 2798">
     <span class='ocr_line' id='line_1_25' title="bbox 342 2719 1920 2798; baseline -0.002 -18"><span class='ocrx_word' id='word_1_194' title='bbox 342 2727 513 2796; x_wconf 87' lang='grc' dir='ltr'>λέγει,</span> <span class='ocrx_word' id='word_1_195' title='bbox 536 2725 778 2779; x_wconf 88' lang='grc' dir='ltr'>τοιοῦτόν</span> <span class='ocrx_word' id='word_1_196' title='bbox 812 2727 982 2779; x_wconf 78' lang='grc' dir='ltr'>ἐστιν’</span> <span class='ocrx_word' id='word_1_197' title='bbox 1023 2725 1086 2778; x_wconf 76' lang='lat' dir='ltr'>El</span> <span class='ocrx_word' id='word_1_198' title='bbox 1118 2725 1174 2778; x_wconf 89' lang='grc' dir='ltr'>δέ</span> <span class='ocrx_word' id='word_1_199' title='bbox 1200 2727 1292 2778; x_wconf 76' lang='grc' dir='ltr'>καὶ</span> <span class='ocrx_word' id='word_1_200' title='bbox 1319 2727 1376 2779; x_wconf 88' lang='grc' dir='ltr'>ἐν</span> <span class='ocrx_word' id='word_1_201' title='bbox 1407 2725 1552 2798; x_wconf 82' lang='grc' dir='ltr'>λύπῃ</span> <span class='ocrx_word' id='word_1_202' title='bbox 1573 2725 1798 2795; x_wconf 75' lang='grc' dir='ltr'>ἔμελλον</span> <span class='ocrx_word' id='word_1_203' title='bbox 1839 2719 1920 2778; x_wconf 82' lang='grc' dir='ltr'>εἷ-</span> 
     </span>
    </p>
   </div>
   <div class='ocr_carea' id='block_1_26' title="bbox 344 2821 1923 2894">
    <p class='ocr_par' dir='ltr' id='par_1_26' title="bbox 344 2821 1923 2894">
     <span class='ocr_line' id='line_1_26' title="bbox 344 2821 1923 2894; baseline -0.001 -16"><span class='ocrx_word' id='word_1_204' title='bbox 344 2843 452 2890; x_wconf 85' lang='grc' dir='ltr'>ναι,</span> <span class='ocrx_word' id='word_1_205' title='bbox 483 2821 929 2894; x_wconf 80' lang='grc' dir='ltr'>ἀναγκαζόμενος</span> <span class='ocrx_word' id='word_1_206' title='bbox 961 2823 1090 2894; x_wconf 82' lang='grc' dir='ltr'>ὑμῖν</span> <span class='ocrx_word' id='word_1_207' title='bbox 1132 2823 1394 2894; x_wconf 86' lang='grc' dir='ltr'>ἐπιτιμᾷν</span> <span class='ocrx_word' id='word_1_208' title='bbox 1438 2824 1533 2876; x_wconf 73' lang='grc' dir='ltr'>καλ⁴</span> <span class='ocrx_word' id='word_1_209' title='bbox 1559 2824 1691 2894; x_wconf 78' lang='grc' dir='ltr'>όρᾷν</span> <span class='ocrx_word' id='word_1_210' title='bbox 1721 2823 1923 2876; x_wconf 78' lang='grc' dir='ltr'>λυπουοο</span> 
     </span>
    </p>
   </div>
   <div class='ocr_carea' id='block_1_27' title="bbox 345 2917 1922 2992">
    <p class='ocr_par' dir='ltr' id='par_1_27' title="bbox 345 2917 1922 2992">
     <span class='ocr_line' id='line_1_27' title="bbox 345 2917 1922 2992; baseline -0.001 -18"><span class='ocrx_word' id='word_1_211' title='bbox 345 2921 562 2992; x_wconf 83' lang='grc' dir='ltr'>μένους,</span> <span class='ocrx_word' id='word_1_212' title='bbox 593 2919 707 2975; x_wconf 89' lang='grc' dir='ltr'>ἀλλ’</span> <span class='ocrx_word' id='word_1_213' title='bbox 736 2921 886 2990; x_wconf 81' lang='grc' dir='ltr'>ὅμως</span> <span class='ocrx_word' id='word_1_214' title='bbox 921 2920 1014 2973; x_wconf 77' lang='grc' dir='ltr'>καὶ</span> <span class='ocrx_word' id='word_1_215' title='bbox 1039 2918 1171 2972; x_wconf 83' lang='grc' dir='ltr'>αὐτὸ</span> <span class='ocrx_word' id='word_1_216' title='bbox 1208 2918 1365 2972; x_wconf 87' lang='grc' dir='ltr'>τοῦτο</span> <span class='ocrx_word' id='word_1_217' title='bbox 1392 2917 1662 2990; x_wconf 76' lang='grc' dir='ltr'>ηὕφραινέ</span> <span class='ocrx_word' id='word_1_218' title='bbox 1694 2936 1781 2990; x_wconf 91' lang='grc' dir='ltr'>με.</span> <span class='ocrx_word' id='word_1_219' title='bbox 1809 2921 1922 2972; x_wconf 85' lang='grc' dir='ltr'>Με-</span> 
     </span>
    </p>
   </div>
   <div class='ocr_carea' id='block_1_28' title="bbox 342 3017 1920 3092">
    <p class='ocr_par' dir='ltr' id='par_1_28' title="bbox 342 3017 1920 3092">
     <span class='ocr_line' id='line_1_28' title="bbox 342 3017 1920 3092; baseline -0.003 -17"><span class='ocrx_word' id='word_1_220' title='bbox 342 3021 536 3092; x_wconf 86' lang='grc' dir='ltr'>γίστης</span> <span class='ocrx_word' id='word_1_221' title='bbox 569 3019 678 3092; x_wconf 81' lang='grc' dir='ltr'>γὰρ</span> <span class='ocrx_word' id='word_1_222' title='bbox 728 3018 889 3073; x_wconf 88' lang='grc' dir='ltr'>τοῦτο</span> <span class='ocrx_word' id='word_1_223' title='bbox 936 3019 1159 3088; x_wconf 81' lang='grc' dir='ltr'>ἀγάπης</span> <span class='ocrx_word' id='word_1_224' title='bbox 1206 3018 1529 3090; x_wconf 86' lang='grc' dir='ltr'>τεκμήριον,</span> <span class='ocrx_word' id='word_1_225' title='bbox 1568 3017 1629 3071; x_wconf 86' lang='grc' dir='ltr'>τὺ</span> <span class='ocrx_word' id='word_1_226' title='bbox 1665 3017 1920 3071; x_wconf 85' lang='grc' dir='ltr'>τοσούτου</span> 
     </span>
    </p>
   </div>
   <div class='ocr_carea' id='block_1_29' title="bbox 344 3109 1923 3186">
    <p class='ocr_par' dir='ltr' id='par_1_29' title="bbox 344 3109 1923 3186">
     <span class='ocr_line' id='line_1_29' title="bbox 344 3109 1923 3186; baseline 0.014 -32"><span class='ocrx_word' id='word_1_227' title='bbox 344 3115 474 3186; x_wconf 80' lang='grc' dir='ltr'>παρ’</span> <span class='ocrx_word' id='word_1_228' title='bbox 506 3117 635 3186; x_wconf 78' lang='grc' dir='ltr'>ὑμῖν</span> <span class='ocrx_word' id='word_1_229' title='bbox 665 3113 813 3180; x_wconf 80' lang='grc' dir='ltr'>ἀξιον</span> <span class='ocrx_word' id='word_1_230' title='bbox 845 3109 985 3166; x_wconf 83' lang='grc' dir='ltr'>εἷναί</span> <span class='ocrx_word' id='word_1_231' title='bbox 1021 3129 1110 3183; x_wconf 87' lang='grc' dir='ltr'>με,</span> <span class='ocrx_word' id='word_1_232' title='bbox 1148 3111 1224 3176; x_wconf 87' lang='grc' dir='ltr'>ὡς</span> <span class='ocrx_word' id='word_1_233' title='bbox 1250 3111 1510 3165; x_wconf 88' lang='grc' dir='ltr'>δύνασθαι</span> <span class='ocrx_word' id='word_1_234' title='bbox 1534 3111 1750 3166; x_wconf 78' lang='grc' dir='ltr'>δάκνειν</span> <span class='ocrx_word' id='word_1_235' title='bbox 1779 3111 1923 3183; x_wconf 71' lang='grc' dir='ltr'>ὑμᾶς</span> 
     </span>
    </p>
   </div>
   <div class='ocr_carea' id='block_1_30' title="bbox 343 3209 842 3284">
    <p class='ocr_par' dir='ltr' id='par_1_30' title="bbox 343 3209 842 3284">
     <span class='ocr_line' id='line_1_30' title="bbox 343 3209 842 3284; baseline -0.004 -18"><span class='ocrx_word' id='word_1_236' title='bbox 343 3209 842 3284; x_wconf 87' lang='grc' dir='ltr'>ἀποστρεφόμενον.</span> 
     </span>
    </p>
   </div>
   <div class='ocr_carea' id='block_1_31' title="bbox 419 3415 1924 3490">
    <p class='ocr_par' dir='ltr' id='par_1_31' title="bbox 419 3415 1924 3490">
     <span class='ocr_line' id='line_1_31' title="bbox 419 3415 1924 3490; baseline 0.002 -20"><span class='ocrx_word' id='word_1_237' title='bbox 419 3416 482 3488; x_wconf 72' lang='grc' dir='ltr'>β’.</span> <span class='ocrx_word' id='word_1_238' title='bbox 503 3417 612 3469; x_wconf 77' lang='grc' dir='ltr'>Καὶ</span> <span class='ocrx_word' id='word_1_239' title='bbox 639 3417 741 3487; x_wconf 85' lang='grc' dir='ltr'>ὅρα</span> <span class='ocrx_word' id='word_1_240' title='bbox 759 3415 1072 3470; x_wconf 86' lang='grc' dir='ltr'>σύνεσιν.⁶“0</span> <span class='ocrx_word' id='word_1_241' title='bbox 1099 3417 1208 3490; x_wconf 88' lang='grc' dir='ltr'>γάρ</span> <span class='ocrx_word' id='word_1_242' title='bbox 1223 3415 1317 3472; x_wconf 91' lang='grc' dir='ltr'>τοῦ</span> <span class='ocrx_word' id='word_1_243' title='bbox 1341 3417 1509 3490; x_wconf 90' lang='grc' dir='ltr'>νόμου</span> <span class='ocrx_word' id='word_1_244' title='bbox 1525 3416 1636 3471; x_wconf 91' lang='grc' dir='ltr'>τῶν</span> <span class='ocrx_word' id='word_1_245' title='bbox 1667 3416 1924 3489; x_wconf 84' lang='grc' dir='ltr'>μαθητῶν</span> 
     </span>
    </p>
   </div>
   <div class='ocr_carea' id='block_1_32' title="bbox 343 3508 1925 3586">
    <p class='ocr_par' dir='ltr' id='par_1_32' title="bbox 343 3508 1925 3586">
     <span class='ocr_line' id='line_1_32' title="bbox 343 3508 1925 3586; baseline 0.001 -20"><span class='ocrx_word' id='word_1_246' title='bbox 343 3508 435 3586; x_wconf 79' lang='grc' dir='ltr'>ἦν,</span> <span class='ocrx_word' id='word_1_247' title='bbox 461 3513 520 3570; x_wconf 83' lang='grc' dir='ltr'>τὸ</span> <span class='ocrx_word' id='word_1_248' title='bbox 552 3513 740 3583; x_wconf 85' lang='grc' dir='ltr'>ἀλγεῖν</span> <span class='ocrx_word' id='word_1_249' title='bbox 769 3515 863 3570; x_wconf 74' lang='grc' dir='ltr'>καὶ</span> <span class='ocrx_word' id='word_1_250' title='bbox 891 3513 1242 3568; x_wconf 80' lang='grc' dir='ltr'>αἰσθάνεσθαι</span> <span class='ocrx_word' id='word_1_251' title='bbox 1275 3515 1741 3586; x_wconf 87' lang='grc' dir='ltr'>ἐπιτιμωμένους,</span> <span class='ocrx_word' id='word_1_252' title='bbox 1767 3515 1925 3569; x_wconf 89' lang='grc' dir='ltr'>τοῦτο</span> 
     </span>
    </p>
   </div>
   <div class='ocr_carea' id='block_1_33' title="bbox 345 3609 1926 3684">
    <p class='ocr_par' dir='ltr' id='par_1_33' title="bbox 345 3609 1926 3684">
     <span class='ocr_line' id='line_1_33' title="bbox 345 3609 1926 3684; baseline 0.001 -20"><span class='ocrx_word' id='word_1_253' title='bbox 345 3611 422 3676; x_wconf 82' lang='grc' dir='ltr'>ὡς</span> <span class='ocrx_word' id='word_1_254' title='bbox 436 3610 831 3683; x_wconf 82' lang='grc' dir='ltr'>χαριζομένους</span> <span class='ocrx_word' id='word_1_255' title='bbox 850 3611 1049 3675; x_wconf 83' lang='grc' dir='ltr'>αὐτοὺς</span> <span class='ocrx_word' id='word_1_256' title='bbox 1071 3613 1302 3681; x_wconf 88' lang='grc' dir='ltr'>είσάγει.</span> <span class='ocrx_word' id='word_1_257' title='bbox 1327 3612 1515 3676; x_wconf 74' lang='grc' dir='ltr'>Οὐδεὶς</span> <span class='ocrx_word' id='word_1_258' title='bbox 1533 3613 1640 3684; x_wconf 85' lang='grc' dir='ltr'>γάρ</span> <span class='ocrx_word' id='word_1_259' title='bbox 1662 3629 1731 3683; x_wconf 86' lang='grc' dir='ltr'>με</span> <span class='ocrx_word' id='word_1_260' title='bbox 1752 3609 1926 3677; x_wconf 76' lang='grc' dir='ltr'>οὕτως</span> 
     </span>
    </p>
   </div>
   <div class='ocr_carea' id='block_1_34' title="bbox 346 3708 1926 3780">
    <p class='ocr_par' dir='ltr' id='par_1_34' title="bbox 346 3708 1926 3780">
     <span class='ocr_line' id='line_1_34' title="bbox 346 3708 1926 3780; baseline 0.001 -18"><span class='ocrx_word' id='word_1_261' title='bbox 346 3709 652 3780; x_wconf 76' lang='grc' dir='ltr'>εὐφραίνει,</span> <span class='ocrx_word' id='word_1_262' title='bbox 687 3708 876 3780; x_wconf 80' lang='grc' dir='ltr'>φησὶν,</span> <span class='ocrx_word' id='word_1_263' title='bbox 901 3708 978 3772; x_wconf 83' lang='grc' dir='ltr'>ὡς</span> <span class='ocrx_word' id='word_1_264' title='bbox 1016 3709 1229 3772; x_wconf 82' lang='grc' dir='ltr'>ἐκεῖνος</span> <span class='ocrx_word' id='word_1_265' title='bbox 1262 3710 1290 3762; x_wconf 89' lang='grc' dir='ltr'>ό</span> <span class='ocrx_word' id='word_1_266' title='bbox 1314 3709 1777 3780; x_wconf 82' lang='grc' dir='ltr'>ἐπιστρεφόμενος</span> <span class='ocrx_word' id='word_1_267' title='bbox 1813 3710 1926 3765; x_wconf 89' lang='grc' dir='ltr'>τῶν</span> 
     </span>
    </p>
   </div>
   <div class='ocr_carea' id='block_1_35' title="bbox 343 3805 1926 3880">
    <p class='ocr_par' dir='ltr' id='par_1_35' title="bbox 343 3805 1926 3880">
     <span class='ocr_line' id='line_1_35' title="bbox 343 3805 1926 3880; baseline 0.001 -20"><span class='ocrx_word' id='word_1_268' title='bbox 343 3805 498 3878; x_wconf 84' lang='grc' dir='ltr'>ἐμῶν</span> <span class='ocrx_word' id='word_1_269' title='bbox 526 3807 806 3877; x_wconf 78' lang='grc' dir='ltr'>ῥημάτων,</span> <span class='ocrx_word' id='word_1_270' title='bbox 837 3807 932 3860; x_wconf 71' lang='grc' dir='ltr'>καὶ</span> <span class='ocrx_word' id='word_1_271' title='bbox 960 3805 1300 3877; x_wconf 80' lang='grc' dir='ltr'>λυπούμενος</span> <span class='ocrx_word' id='word_1_272' title='bbox 1330 3807 1458 3860; x_wconf 84' lang='grc' dir='ltr'>ὅταν</span> <span class='ocrx_word' id='word_1_273' title='bbox 1491 3807 1664 3879; x_wconf 79' lang='grc' dir='ltr'>βλέπῃ</span> <span class='ocrx_word' id='word_1_274' title='bbox 1693 3825 1759 3878; x_wconf 90' lang='grc' dir='ltr'>με</span> <span class='ocrx_word' id='word_1_275' title='bbox 1782 3809 1926 3880; x_wconf 85' lang='grc' dir='ltr'>όργι-</span> 
     </span>
    </p>
   </div>
   <div class='ocr_carea' id='block_1_36' title="bbox 342 3899 1925 3976">
    <p class='ocr_par' dir='ltr' id='par_1_36' title="bbox 342 3899 1925 3976">
     <span class='ocr_line' id='line_1_36' title="bbox 342 3899 1925 3976; baseline -0.001 -18"><span class='ocrx_word' id='word_1_276' title='bbox 342 3904 592 3976; x_wconf 82' lang='grc' dir='ltr'>ζόμενον.</span> <span class='ocrx_word' id='word_1_277' title='bbox 618 3903 812 3957; x_wconf 83' lang='grc' dir='ltr'>Καίτοι</span> <span class='ocrx_word' id='word_1_278' title='bbox 841 3903 902 3957; x_wconf 84' lang='grc' dir='ltr'>τὸ</span> <span class='ocrx_word' id='word_1_279' title='bbox 929 3902 1222 3956; x_wconf 88' lang='grc' dir='ltr'>ἀκόλουθον</span> <span class='ocrx_word' id='word_1_280' title='bbox 1260 3899 1328 3974; x_wconf 82' lang='grc' dir='ltr'>ἦν</span> <span class='ocrx_word' id='word_1_281' title='bbox 1358 3905 1550 3958; x_wconf 78' lang='grc' dir='ltr'>εἰπεῖν.</span> <span class='ocrx_word' id='word_1_282' title='bbox 1577 3905 1639 3957; x_wconf 86' lang='grc' dir='ltr'><strong>Εἰ</strong></span> <span class='ocrx_word' id='word_1_283' title='bbox 1679 3905 1789 3976; x_wconf 77' lang='grc' dir='ltr'>γάρ</span> <span class='ocrx_word' id='word_1_284' title='bbox 1812 3905 1925 3974; x_wconf 84' lang='grc' dir='ltr'>ἐγὼ</span> 
     </span>
    </p>
   </div>
   <div class='ocr_carea' id='block_1_37' title="bbox 347 3999 1922 4072">
    <p class='ocr_par' dir='ltr' id='par_1_37' title="bbox 347 3999 1922 4072">
     <span class='ocr_line' id='line_1_37' title="bbox 347 3999 1922 4072; baseline 0.002 -20"><span class='ocrx_word' id='word_1_285' title='bbox 347 3999 503 4054; x_wconf 86' lang='grc' dir='ltr'>λυπῶ</span> <span class='ocrx_word' id='word_1_286' title='bbox 526 4001 692 4070; x_wconf 79' lang='grc' dir='ltr'>ὑμᾶς,</span> <span class='ocrx_word' id='word_1_287' title='bbox 715 4000 810 4053; x_wconf 79' lang='grc' dir='ltr'>καὶ</span> <span class='ocrx_word' id='word_1_288' title='bbox 826 4000 909 4063; x_wconf 92' lang='grc' dir='ltr'>τίς</span> <span class='ocrx_word' id='word_1_289' title='bbox 934 4000 1080 4052; x_wconf 88' lang='grc' dir='ltr'>ἐστιν</span> <span class='ocrx_word' id='word_1_290' title='bbox 1098 4000 1126 4052; x_wconf 89' lang='grc' dir='ltr'><strong>ὀ</strong></span> <span class='ocrx_word' id='word_1_291' title='bbox 1145 3999 1438 4070; x_wconf 84' lang='grc' dir='ltr'>δυνάμενος</span> <span class='ocrx_word' id='word_1_292' title='bbox 1459 3999 1603 4070; x_wconf 80' lang='grc' dir='ltr'>ὑμᾶς</span> <span class='ocrx_word' id='word_1_293' title='bbox 1623 4000 1888 4072; x_wconf 83' lang='grc' dir='ltr'>εὐφρᾶναι</span> <span class='ocrx_word' id='word_1_294' title='bbox 1907 4019 1922 4068; x_wconf 92' lang='lat'><strong>;</strong></span> 
     </span>
    </p>
   </div>
   <div class='ocr_carea' id='block_1_38' title="bbox 271 4096 1922 4168">
    <p class='ocr_par' dir='ltr' id='par_1_38' title="bbox 271 4096 1922 4168">
     <span class='ocr_line' id='line_1_38' title="bbox 271 4096 1922 4168; baseline 0 -17"><span class='ocrx_word' id='word_1_295' title='bbox 271 4123 278 4131; x_wconf 92' lang='grc'><strong><em>-</em></strong></span> <span class='ocrx_word' id='word_1_296' title='bbox 349 4097 463 4152; x_wconf 83' lang='grc' dir='ltr'>ἀλλ’</span> <span class='ocrx_word' id='word_1_297' title='bbox 511 4098 573 4150; x_wconf 92' lang='grc' dir='ltr'>οὐ</span> <span class='ocrx_word' id='word_1_298' title='bbox 625 4097 772 4165; x_wconf 86' lang='grc' dir='ltr'>λέγει</span> <span class='ocrx_word' id='word_1_299' title='bbox 829 4096 1006 4161; x_wconf 89' lang='grc' dir='ltr'>τοῦτο,</span> <span class='ocrx_word' id='word_1_300' title='bbox 1046 4096 1160 4150; x_wconf 72' lang='grc' dir='ltr'>ἀλλ’</span> <span class='ocrx_word' id='word_1_301' title='bbox 1192 4097 1540 4168; x_wconf 77' lang='grc' dir='ltr'>ἀντιστρέφει</span> <span class='ocrx_word' id='word_1_302' title='bbox 1577 4098 1736 4152; x_wconf 89' lang='grc' dir='ltr'>πάλιν</span> <span class='ocrx_word' id='word_1_303' title='bbox 1771 4099 1922 4165; x_wconf 86' lang='grc' dir='ltr'>αὐτὸ,</span> 
     </span>
    </p>
   </div>
   <div class='ocr_carea' id='block_1_39' title="bbox 346 4193 1923 4266">
    <p class='ocr_par' dir='ltr' id='par_1_39' title="bbox 346 4193 1923 4266">
     <span class='ocr_line' id='line_1_39' title="bbox 346 4193 1923 4266; baseline 0.003 -20"><span class='ocrx_word' id='word_1_304' title='bbox 346 4193 667 4264; x_wconf 88' lang='grc' dir='ltr'>θεραπεύων</span> <span class='ocrx_word' id='word_1_305' title='bbox 693 4193 908 4258; x_wconf 79' lang='grc' dir='ltr'>αὐτοὺς,</span> <span class='ocrx_word' id='word_1_306' title='bbox 938 4194 1032 4248; x_wconf 84' lang='grc' dir='ltr'>καὶ</span> <span class='ocrx_word' id='word_1_307' title='bbox 1062 4194 1255 4262; x_wconf 86' lang='grc' dir='ltr'>λέγων·</span> <span class='ocrx_word' id='word_1_308' title='bbox 1293 4195 1354 4248; x_wconf 84' lang='grc' dir='ltr'><strong>Εἰ</strong></span> <span class='ocrx_word' id='word_1_309' title='bbox 1411 4197 1505 4248; x_wconf 80' lang='grc' dir='ltr'>καὶ</span> <span class='ocrx_word' id='word_1_310' title='bbox 1563 4195 1716 4249; x_wconf 89' lang='grc' dir='ltr'>λυπῶ</span> <span class='ocrx_word' id='word_1_311' title='bbox 1757 4197 1923 4266; x_wconf 85' lang='grc' dir='ltr'>ὑμᾶς,</span> 
     </span>
    </p>
   </div>
   <div class='ocr_carea' id='block_1_40' title="bbox 349 4290 1925 4364">
    <p class='ocr_par' dir='ltr' id='par_1_40' title="bbox 349 4290 1925 4364">
     <span class='ocr_line' id='line_1_40' title="bbox 349 4290 1925 4364; baseline 0.003 -20"><span class='ocrx_word' id='word_1_312' title='bbox 349 4292 509 4361; x_wconf 84' lang='grc' dir='ltr'>χάριν</span> <span class='ocrx_word' id='word_1_313' title='bbox 534 4307 624 4362; x_wconf 91' lang='grc' dir='ltr'>μοι</span> <span class='ocrx_word' id='word_1_314' title='bbox 649 4290 916 4362; x_wconf 83' lang='grc' dir='ltr'>παρέχετε</span> <span class='ocrx_word' id='word_1_315' title='bbox 938 4293 1039 4345; x_wconf 90' lang='grc' dir='ltr'>κάν</span> <span class='ocrx_word' id='word_1_316' title='bbox 1060 4292 1235 4363; x_wconf 86' lang='grc' dir='ltr'>τούτῳ</span> <span class='ocrx_word' id='word_1_317' title='bbox 1259 4292 1543 4364; x_wconf 76' lang='grc' dir='ltr'>μεγίστην,</span> <span class='ocrx_word' id='word_1_318' title='bbox 1563 4293 1642 4346; x_wconf 82' lang='grc' dir='ltr'>ὅτι</span> <span class='ocrx_word' id='word_1_319' title='bbox 1666 4293 1925 4349; x_wconf 87' lang='grc' dir='ltr'>δάκνεσθε</span> 
     </span>
    </p>
   </div>
   <div class='ocr_carea' id='block_1_41' title="bbox 350 4386 1929 4460">
    <p class='ocr_par' dir='ltr' id='par_1_41' title="bbox 350 4386 1929 4460">
     <span class='ocr_line' id='line_1_41' title="bbox 350 4386 1929 4460; baseline 0.003 -20"><span class='ocrx_word' id='word_1_320' title='bbox 350 4386 455 4440; x_wconf 82' lang='grc' dir='ltr'>ὐπὸ</span> <span class='ocrx_word' id='word_1_321' title='bbox 484 4388 592 4440; x_wconf 86' lang='grc' dir='ltr'>τῶν</span> <span class='ocrx_word' id='word_1_322' title='bbox 632 4388 763 4458; x_wconf 87' lang='grc' dir='ltr'>παρ’</span> <span class='ocrx_word' id='word_1_323' title='bbox 801 4387 936 4458; x_wconf 90' lang='grc' dir='ltr'>ἐμοῦ</span> <span class='ocrx_word' id='word_1_324' title='bbox 984 4388 1316 4459; x_wconf 86' lang='grc' dir='ltr'>λεγομένων.</span> <span class='ocrx_word' id='word_1_325' title='bbox 1375 4389 1487 4442; x_wconf 77' lang='grc' dir='ltr'>Καὶ</span> <span class='ocrx_word' id='word_1_326' title='bbox 1532 4389 1643 4458; x_wconf 79' lang='grc' dir='ltr'>γὰρ</span> <span class='ocrx_word' id='word_1_327' title='bbox 1691 4391 1929 4460; x_wconf 68' lang='grc' dir='ltr'>ἔγραψα</span> 
     </span>
    </p>
   </div>
   <div class='ocr_carea' id='block_1_42' title="bbox 349 4483 1924 4558">
    <p class='ocr_par' dir='ltr' id='par_1_42' title="bbox 349 4483 1924 4558">
     <span class='ocr_line' id='line_1_42' title="bbox 349 4483 1924 4558; baseline 0.003 -20"><span class='ocrx_word' id='word_1_328' title='bbox 349 4484 491 4554; x_wconf 79' lang='grc' dir='ltr'>ὑμῖν</span> <span class='ocrx_word' id='word_1_329' title='bbox 515 4484 661 4538; x_wconf 85' lang='grc' dir='ltr'>αὐτὸ</span> <span class='ocrx_word' id='word_1_330' title='bbox 700 4484 895 4538; x_wconf 83' lang='grc' dir='ltr'>τοῦτο.</span> <span class='ocrx_word' id='word_1_331' title='bbox 929 4485 1088 4537; x_wconf 89' lang='grc' dir='ltr'>Ποῖον</span> <span class='ocrx_word' id='word_1_332' title='bbox 1113 4501 1128 4550; x_wconf 88' lang='lat'><strong>;</strong></span> <span class='ocrx_word' id='word_1_333' title='bbox 1163 4485 1285 4538; x_wconf 87' lang='grc' dir='ltr'>Ὅτι</span> <span class='ocrx_word' id='word_1_334' title='bbox 1314 4484 1402 4538; x_wconf 89' lang='grc' dir='ltr'>διά</span> <span class='ocrx_word' id='word_1_335' title='bbox 1429 4485 1588 4539; x_wconf 90' lang='grc' dir='ltr'>τοῦτο</span> <span class='ocrx_word' id='word_1_336' title='bbox 1618 4486 1717 4541; x_wconf 90' lang='grc' dir='ltr'>οὐκ</span> <span class='ocrx_word' id='word_1_337' title='bbox 1740 4483 1924 4558; x_wconf 80' lang='grc' dir='ltr'>ἦλθον,</span> 
     </span>
    </p>
   </div>
   <div class='ocr_carea' id='block_1_43' title="bbox 350 4580 1927 4656">
    <p class='ocr_par' dir='ltr' id='par_1_43' title="bbox 350 4580 1927 4656">
     <span class='ocr_line' id='line_1_43' title="bbox 350 4580 1927 4656; baseline 0.002 -21"><span class='ocrx_word' id='word_1_338' title='bbox 350 4583 667 4653; x_wconf 82' lang='grc' dir='ltr'>φειδόμενος</span> <span class='ocrx_word' id='word_1_339' title='bbox 695 4581 868 4652; x_wconf 87' lang='grc' dir='ltr'>ὑμῶν.</span> <span class='ocrx_word' id='word_1_340' title='bbox 899 4583 1036 4635; x_wconf 86' lang='grc' dir='ltr'>Πότε</span> <span class='ocrx_word' id='word_1_341' title='bbox 1065 4580 1338 4652; x_wconf 78' lang='grc' dir='ltr'>ἐγραφεν;</span> <span class='ocrx_word' id='word_1_342' title='bbox 1369 4581 1427 4635; x_wconf 89' lang='grc' dir='ltr'>ἐν</span> <span class='ocrx_word' id='word_1_343' title='bbox 1447 4585 1513 4653; x_wconf 82' lang='grc' dir='ltr'>τῇ</span> <span class='ocrx_word' id='word_1_344' title='bbox 1549 4583 1812 4656; x_wconf 80' lang='grc' dir='ltr'>προτέρᾳ,</span> <span class='ocrx_word' id='word_1_345' title='bbox 1838 4585 1927 4638; x_wconf 86' lang='grc' dir='ltr'>ὅτε</span> 
     </span>
    </p>
   </div>
   <div class='ocr_carea' id='block_1_44' title="bbox 351 4677 1928 4749">
    <p class='ocr_par' dir='ltr' id='par_1_44' title="bbox 351 4677 1928 4749">
     <span class='ocr_line' id='line_1_44' title="bbox 351 4677 1928 4749; baseline -0.001 -15"><span class='ocrx_word' id='word_1_346' title='bbox 351 4681 556 4749; x_wconf 75' lang='grc' dir='ltr'>ἐλεγενο</span> <span class='ocrx_word' id='word_1_347' title='bbox 592 4681 674 4734; x_wconf 85' lang='grc' dir='ltr'>Οὐ</span> <span class='ocrx_word' id='word_1_348' title='bbox 700 4679 854 4734; x_wconf 88' lang='grc' dir='ltr'>θέλω</span> <span class='ocrx_word' id='word_1_349' title='bbox 885 4677 1036 4748; x_wconf 79' lang='grc' dir='ltr'>ὑμᾶς</span> <span class='ocrx_word' id='word_1_350' title='bbox 1066 4677 1198 4746; x_wconf 82' lang='grc' dir='ltr'>ἄρτι</span> <span class='ocrx_word' id='word_1_351' title='bbox 1228 4677 1299 4732; x_wconf 85' lang='grc' dir='ltr'>ἐν</span> <span class='ocrx_word' id='word_1_352' title='bbox 1326 4677 1566 4748; x_wconf 85' lang='grc' dir='ltr'>παρόδῳ</span> <span class='ocrx_word' id='word_1_353' title='bbox 1599 4677 1782 4744; x_wconf 87' lang='grc' dir='ltr'>ίδεῐν;</span> <span class='ocrx_word' id='word_1_354' title='bbox 1813 4679 1928 4733; x_wconf 86' lang='grc' dir='ltr'>Οὐκ</span> 
     </span>
    </p>
   </div>
   <div class='ocr_carea' id='block_1_45' title="bbox 351 4771 1925 4848">
    <p class='ocr_par' dir='ltr' id='par_1_45' title="bbox 351 4771 1925 4848">
     <span class='ocr_line' id='line_1_45' title="bbox 351 4771 1925 4848; baseline 0.002 -19"><span class='ocrx_word' id='word_1_355' title='bbox 351 4777 524 4846; x_wconf 78' lang='grc' dir='ltr'>ἔγωγε</span> <span class='ocrx_word' id='word_1_356' title='bbox 551 4773 729 4848; x_wconf 74' lang='grc' dir='ltr'>οἶμαι,</span> <span class='ocrx_word' id='word_1_357' title='bbox 751 4776 865 4830; x_wconf 74' lang='grc' dir='ltr'>ἀλλ’</span> <span class='ocrx_word' id='word_1_358' title='bbox 887 4779 943 4828; x_wconf 86' lang='grc' dir='ltr'>ἐν</span> <span class='ocrx_word' id='word_1_359' title='bbox 967 4777 1104 4847; x_wconf 74' lang='grc' dir='ltr'>αὐτῇ</span> <span class='ocrx_word' id='word_1_360' title='bbox 1128 4776 1194 4846; x_wconf 79' lang='grc' dir='ltr'>τῇ</span> <span class='ocrx_word' id='word_1_361' title='bbox 1233 4774 1543 4847; x_wconf 86' lang='grc' dir='ltr'>Ἐπιστολῇ,</span> <span class='ocrx_word' id='word_1_362' title='bbox 1565 4777 1651 4828; x_wconf 77' lang='grc' dir='ltr'>ὅτε</span> <span class='ocrx_word' id='word_1_363' title='bbox 1665 4771 1808 4832; x_wconf 79' lang='grc' dir='ltr'>εἷπε.</span> <span class='ocrx_word' id='word_1_364' title='bbox 1829 4777 1925 4846; x_wconf 83' lang='grc' dir='ltr'>Μὴ</span> 
     </span>
    </p>
   </div>
   <div class='ocr_carea' id='block_1_46' title="bbox 347 4869 1927 4943">
    <p class='ocr_par' dir='ltr' id='par_1_46' title="bbox 347 4869 1927 4943">
     <span class='ocr_line' id='line_1_46' title="bbox 347 4869 1927 4943; baseline 0.001 -17"><span class='ocrx_word' id='word_1_365' title='bbox 347 4875 604 4928; x_wconf 75' lang='grc' dir='ltr'>ἐλθόντα</span> <span class='ocrx_word' id='word_1_366' title='bbox 631 4890 708 4943; x_wconf 74' lang='grc' dir='ltr'>με</span> <span class='ocrx_word' id='word_1_367' title='bbox 737 4875 926 4927; x_wconf 85' lang='grc' dir='ltr'>πάλιν</span> <span class='ocrx_word' id='word_1_368' title='bbox 976 4869 1317 4938; x_wconf 80' lang='grc' dir='ltr'>ταπεινώσῃ</span> <span class='ocrx_word' id='word_1_369' title='bbox 1363 4874 1396 4925; x_wconf 84' lang='grc' dir='ltr'><em>ὁ</em></span> <span class='ocrx_word' id='word_1_370' title='bbox 1434 4872 1577 4937; x_wconf 86' lang='grc' dir='ltr'>Θεός</span> <span class='ocrx_word' id='word_1_371' title='bbox 1615 4890 1733 4942; x_wconf 81' lang='grc' dir='ltr'>μου</span> <span class='ocrx_word' id='word_1_372' title='bbox 1775 4873 1927 4942; x_wconf 84' lang='grc' dir='ltr'>πρὸς</span> 
     </span>
    </p>
   </div>
   <div class='ocr_carea' id='block_1_47' title="bbox 350 4963 1924 5040">
    <p class='ocr_par' dir='ltr' id='par_1_47' title="bbox 350 4963 1924 5040">
     <span class='ocr_line' id='line_1_47' title="bbox 350 4963 1924 5040; baseline 0 -19"><span class='ocrx_word' id='word_1_373' title='bbox 350 4967 527 5039; x_wconf 75' lang='grc' dir='ltr'>ὑμᾶς.</span> <span class='ocrx_word' id='word_1_374' title='bbox 591 4969 847 5040; x_wconf 69' lang='grc' dir='ltr'>Ἔγραψα</span> <span class='ocrx_word' id='word_1_375' title='bbox 911 4963 1004 5022; x_wconf 83' lang='grc' dir='ltr'>οὖν</span> <span class='ocrx_word' id='word_1_376' title='bbox 1051 4967 1185 5020; x_wconf 79' lang='grc' dir='ltr'>αὐτὸ</span> <span class='ocrx_word' id='word_1_377' title='bbox 1231 4967 1391 5020; x_wconf 89' lang='grc' dir='ltr'>τοῦτο</span> <span class='ocrx_word' id='word_1_378' title='bbox 1436 4968 1574 5038; x_wconf 83' lang='grc' dir='ltr'>πρὸς</span> <span class='ocrx_word' id='word_1_379' title='bbox 1633 4968 1712 5038; x_wconf 83' lang='grc' dir='ltr'>τῷ</span> <span class='ocrx_word' id='word_1_380' title='bbox 1759 4968 1924 5034; x_wconf 88' lang='grc' dir='ltr'>τέλει,</span> 
     </span>
    </p>
   </div>
   <div class='ocr_carea' id='block_1_48' title="bbox 352 5063 1925 5136">
    <p class='ocr_par' dir='ltr' id='par_1_48' title="bbox 352 5063 1925 5136">
     <span class='ocr_line' id='line_1_48' title="bbox 352 5063 1925 5136; baseline 0.001 -19"><span class='ocrx_word' id='word_1_381' title='bbox 352 5066 502 5136; x_wconf 83' lang='grc' dir='ltr'>φησί·</span> <span class='ocrx_word' id='word_1_382' title='bbox 533 5063 631 5132; x_wconf 77' lang='grc' dir='ltr'>Μή</span> <span class='ocrx_word' id='word_1_383' title='bbox 663 5079 788 5130; x_wconf 85' lang='grc' dir='ltr'>πως</span> <span class='ocrx_word' id='word_1_384' title='bbox 809 5066 1062 5120; x_wconf 85' lang='grc' dir='ltr'>ἐλθόντα</span> <span class='ocrx_word' id='word_1_385' title='bbox 1082 5081 1159 5134; x_wconf 85' lang='grc' dir='ltr'>με</span> <span class='ocrx_word' id='word_1_386' title='bbox 1183 5063 1523 5134; x_wconf 81' lang='grc' dir='ltr'>ταπεινώσῃ</span> <span class='ocrx_word' id='word_1_387' title='bbox 1548 5067 1582 5118; x_wconf 87' lang='grc' dir='ltr'>ό</span> <span class='ocrx_word' id='word_1_388' title='bbox 1616 5065 1760 5130; x_wconf 85' lang='grc' dir='ltr'>Θεός</span> <span class='ocrx_word' id='word_1_389' title='bbox 1787 5082 1925 5135; x_wconf 86' lang='grc' dir='ltr'>μου,</span> 
     </span>
    </p>
   </div>
   <div class='ocr_carea' id='block_1_49' title="bbox 350 5161 1930 5232">
    <p class='ocr_par' dir='ltr' id='par_1_49' title="bbox 350 5161 1930 5232">
     <span class='ocr_line' id='line_1_49' title="bbox 350 5161 1930 5232; baseline 0.001 -16"><span class='ocrx_word' id='word_1_390' title='bbox 350 5164 450 5217; x_wconf 77' lang='grc' dir='ltr'>καί</span> <span class='ocrx_word' id='word_1_391' title='bbox 475 5162 760 5229; x_wconf 82' lang='grc' dir='ltr'>πενθήσω</span> <span class='ocrx_word' id='word_1_392' title='bbox 788 5162 1062 5228; x_wconf 87' lang='grc' dir='ltr'>πολλοὺς</span> <span class='ocrx_word' id='word_1_393' title='bbox 1085 5161 1205 5216; x_wconf 92' lang='grc' dir='ltr'>τῶν</span> <span class='ocrx_word' id='word_1_394' title='bbox 1242 5164 1804 5232; x_wconf 80' lang='grc' dir='ltr'>προημαρτηκότων.</span> <span class='ocrx_word' id='word_1_395' title='bbox 1829 5163 1930 5217; x_wconf 88' lang='grc' dir='ltr'>Διά</span> 
     </span>
    </p>
   </div>
   <div class='ocr_carea' id='block_1_50' title="bbox 349 5257 1930 5334">
    <p class='ocr_par' dir='ltr' id='par_1_50' title="bbox 349 5257 1930 5334">
     <span class='ocr_line' id='line_1_50' title="bbox 349 5257 1930 5334; baseline 0.003 -18"><span class='ocrx_word' id='word_1_396' title='bbox 349 5262 402 5316; x_wconf 90' lang='grc' dir='ltr'>τί</span> <span class='ocrx_word' id='word_1_397' title='bbox 433 5263 490 5317; x_wconf 86' lang='grc' dir='ltr'>δὲ</span> <span class='ocrx_word' id='word_1_398' title='bbox 520 5263 788 5334; x_wconf 81' lang='grc' dir='ltr'>ἐγραφες;</span> <span class='ocrx_word' id='word_1_399' title='bbox 823 5263 957 5318; x_wconf 80' lang='grc' dir='ltr'>Ἵνα</span> <span class='ocrx_word' id='word_1_400' title='bbox 981 5261 1068 5332; x_wconf 80' lang='grc' dir='ltr'>μὴ</span> <span class='ocrx_word' id='word_1_401' title='bbox 1103 5261 1298 5316; x_wconf 84' lang='grc' dir='ltr'>ἐλθὼν</span> <span class='ocrx_word' id='word_1_402' title='bbox 1320 5263 1527 5329; x_wconf 83' lang='grc' dir='ltr'>λύπην</span> <span class='ocrx_word' id='word_1_403' title='bbox 1555 5263 1688 5331; x_wconf 90' lang='grc' dir='ltr'>σχῶ</span> <span class='ocrx_word' id='word_1_404' title='bbox 1713 5264 1814 5332; x_wconf 83' lang='grc' dir='ltr'>ἀφ’</span> <span class='ocrx_word' id='word_1_405' title='bbox 1842 5257 1930 5320; x_wconf 84' lang='grc' dir='ltr'>ὧν</span> 
     </span>
    </p>
   </div>
   <div class='ocr_carea' id='block_1_51' title="bbox 351 5360 1930 5431">
    <p class='ocr_par' dir='ltr' id='par_1_51' title="bbox 351 5360 1930 5431">
     <span class='ocr_line' id='line_1_51' title="bbox 351 5360 1930 5431; baseline 0.003 -19"><span class='ocrx_word' id='word_1_406' title='bbox 351 5360 569 5431; x_wconf 76' lang='grc' dir='ltr'>ἔδειμε</span> <span class='ocrx_word' id='word_1_407' title='bbox 595 5362 846 5430; x_wconf 79' lang='grc' dir='ltr'>χαίρειν,</span> <span class='ocrx_word' id='word_1_408' title='bbox 883 5360 1180 5426; x_wconf 88' lang='grc' dir='ltr'>πεποιθὼς</span> <span class='ocrx_word' id='word_1_409' title='bbox 1210 5362 1308 5414; x_wconf 77' lang='grc' dir='ltr'>ἐπὶ</span> <span class='ocrx_word' id='word_1_410' title='bbox 1345 5360 1577 5427; x_wconf 85' lang='grc' dir='ltr'>πάντας</span> <span class='ocrx_word' id='word_1_411' title='bbox 1613 5362 1789 5431; x_wconf 85' lang='grc' dir='ltr'>ὑμᾶς,</span> <span class='ocrx_word' id='word_1_412' title='bbox 1838 5363 1930 5416; x_wconf 82' lang='grc' dir='ltr'>ὅτι</span> 
     </span>
    </p>
   </div>
   <div class='ocr_carea' id='block_1_52' title="bbox 355 5457 1929 5532">
    <p class='ocr_par' dir='ltr' id='par_1_52' title="bbox 355 5457 1929 5532">
     <span class='ocr_line' id='line_1_52' title="bbox 355 5457 1929 5532; baseline 0.001 -20"><span class='ocrx_word' id='word_1_413' title='bbox 355 5459 392 5526; x_wconf 72' lang='grc' dir='ltr'>ἢ</span> <span class='ocrx_word' id='word_1_414' title='bbox 416 5459 530 5529; x_wconf 82' lang='grc' dir='ltr'>ἐμὴ</span> <span class='ocrx_word' id='word_1_415' title='bbox 569 5459 724 5528; x_wconf 82' lang='grc' dir='ltr'>χαρὰ</span> <span class='ocrx_word' id='word_1_416' title='bbox 751 5457 992 5512; x_wconf 82' lang='grc' dir='ltr'>πάντων</span> <span class='ocrx_word' id='word_1_417' title='bbox 1027 5457 1194 5530; x_wconf 84' lang='grc' dir='ltr'>ὑμῶν</span> <span class='ocrx_word' id='word_1_418' title='bbox 1229 5459 1420 5514; x_wconf 86' lang='grc' dir='ltr'>ἐστιν.</span> <span class='ocrx_word' id='word_1_419' title='bbox 1471 5459 1684 5531; x_wconf 81' lang='grc' dir='ltr'>Ἐπειδὴ</span> <span class='ocrx_word' id='word_1_420' title='bbox 1709 5460 1818 5532; x_wconf 85' lang='grc' dir='ltr'>γὰρ</span> <span class='ocrx_word' id='word_1_421' title='bbox 1847 5457 1929 5514; x_wconf 78' lang='grc' dir='ltr'>εἴ·</span> 
     </span>
    </p>
   </div>
   <div class='ocr_carea' id='block_1_53' title="bbox 417 5676 1926 5741">
    <p class='ocr_par' dir='ltr' id='par_1_53' title="bbox 417 5676 1926 5741">
     <span class='ocr_line' id='line_1_53' title="bbox 417 5676 1926 5741; baseline -0.002 -11"><span class='ocrx_word' id='word_1_422' title='bbox 417 5683 442 5710; x_wconf 83' lang='grc'>⁸</span> <span class='ocrx_word' id='word_1_423' title='bbox 467 5682 517 5729; x_wconf 77' lang='lat' dir='ltr'><strong>In</strong></span> <span class='ocrx_word' id='word_1_424' title='bbox 543 5680 693 5730; x_wconf 77' lang='lat' dir='ltr'>editis</span> <span class='ocrx_word' id='word_1_425' title='bbox 717 5679 1195 5741; x_wconf 64' lang='lat' dir='ltr'>Iegitur_rhv-&amp;6iav,</span> <span class='ocrx_word' id='word_1_426' title='bbox 1230 5676 1280 5727; x_wconf 84' lang='lat' dir='ltr'>in</span> <span class='ocrx_word' id='word_1_427' title='bbox 1323 5692 1413 5741; x_wconf 77' lang='lat' dir='ltr'>ms.</span> <span class='ocrx_word' id='word_1_428' title='bbox 1440 5679 1524 5735; x_wconf 86' lang='grc' dir='ltr'>τήν</span> <span class='ocrx_word' id='word_1_429' title='bbox 1548 5677 1737 5736; x_wconf 81' lang='grc' dir='ltr'>ἄνοιαν,</span> <span class='ocrx_word' id='word_1_430' title='bbox 1777 5678 1926 5728; x_wconf 83' lang='lat' dir='ltr'>male.</span> 
     </span>
    </p>
   </div>
   <div class='ocr_carea' id='block_1_54' title="bbox 353 5737 1932 5804">
    <p class='ocr_par' dir='ltr' id='par_1_54' title="bbox 353 5737 1932 5804">
     <span class='ocr_line' id='line_1_54' title="bbox 353 5737 1932 5804; baseline -0.002 -12"><span class='ocrx_word' id='word_1_431' title='bbox 353 5741 504 5804; x_wconf 13' lang='lat' dir='ltr'>Saviil.</span> <span class='ocrx_word' id='word_1_432' title='bbox 527 5743 577 5792; x_wconf 86' lang='lat' dir='ltr'>in</span> <span class='ocrx_word' id='word_1_433' title='bbox 605 5737 824 5804; x_wconf 71' lang='lat' dir='ltr'>margiﬁe</span> <span class='ocrx_word' id='word_1_434' title='bbox 854 5739 1208 5804; x_wconf 75' lang='lat' dir='ltr'>ali_am_pr9fert</span> <span class='ocrx_word' id='word_1_435' title='bbox 1229 5737 1493 5804; x_wconf 78' lang='lat' dir='ltr'>lectionem</span> <span class='ocrx_word' id='word_1_436' title='bbox 1517 5741 1602 5804; x_wconf 71' lang='grc' dir='ltr'>τήν</span> <span class='ocrx_word' id='word_1_437' title='bbox 1621 5741 1932 5803; x_wconf 69' lang='grc' dir='ltr'>ἀηδίαν,(ιυιιδ</span> 
     </span>
    </p>
   </div>
   <div class='ocr_carea' id='block_1_55' title="bbox 354 5799 1644 5867">
    <p class='ocr_par' dir='ltr' id='par_1_55' title="bbox 354 5799 1644 5867">
     <span class='ocr_line' id='line_1_55' title="bbox 354 5799 1644 5867; baseline -0.002 -13"><span class='ocrx_word' id='word_1_438' title='bbox 354 5803 541 5867; x_wconf 77' lang='lat' dir='ltr'>optime</span> <span class='ocrx_word' id='word_1_439' title='bbox 566 5799 814 5863; x_wconf 63' lang='lat' dir='ltr'>consoﬁal,</span> <span class='ocrx_word' id='word_1_440' title='bbox 837 5808 889 5852; x_wconf 75' lang='lat' dir='ltr'>et</span> <span class='ocrx_word' id='word_1_441' title='bbox 910 5801 975 5852; x_wconf 74' lang='lat' dir='ltr'><strong>ita</strong></span> <span class='ocrx_word' id='word_1_442' title='bbox 1002 5799 1129 5864; x_wconf 79' lang='lat' dir='ltr'>legit</span> <span class='ocrx_word' id='word_1_443' title='bbox 1153 5803 1402 5864; x_wconf 76' lang='lat' dir='ltr'>interpres</span> <span class='ocrx_word' id='word_1_444' title='bbox 1427 5799 1644 5851; x_wconf 77' lang='lat' dir='ltr'>Latinus.</span> 
     </span>
    </p>
   </div>
   <div class='ocr_carea' id='block_1_56' title="bbox 1394 358 2527 422">
    <p class='ocr_par' dir='ltr' id='par_1_56' title="bbox 1394 358 2527 422">
     <span class='ocr_line' id='line_1_56' title="bbox 1394 358 2527 422; baseline 0.003 -3"><span class='ocrx_word' id='word_1_445' title='bbox 1394 361 1460 419; x_wconf 81' lang='lat' dir='ltr'>IN</span> <span class='ocrx_word' id='word_1_446' title='bbox 1495 363 1716 419; x_wconf 82' lang='lat' dir='ltr'>EPIST.</span> <span class='ocrx_word' id='word_1_447' title='bbox 1759 363 1800 418; x_wconf 83' lang='lat' dir='ltr'>ll</span> <span class='ocrx_word' id='word_1_448' title='bbox 1835 360 1925 417; x_wconf 85' lang='lat' dir='ltr'>AD</span> <span class='ocrx_word' id='word_1_449' title='bbox 1963 358 2121 418; x_wconf 68' lang='grc' dir='ltr'>(ΞΟΠ.</span> <span class='ocrx_word' id='word_1_450' title='bbox 2166 363 2400 422; x_wconf 76' lang='lat' dir='ltr'>HOMIL.</span> <span class='ocrx_word' id='word_1_451' title='bbox 2443 366 2527 422; x_wconf 86' lang='lat' dir='ltr'>IV.</span> 
     </span>
    </p>
   </div>
   <div class='ocr_carea' id='block_1_57' title="bbox 3489 369 3604 426">
    <p class='ocr_par' dir='ltr' id='par_1_57' title="bbox 3489 369 3604 426">
     <span class='ocr_line' id='line_1_57' title="bbox 3489 369 3604 426; baseline 0.017 -2"><span class='ocrx_word' id='word_1_452' title='bbox 3489 369 3604 426; x_wconf 62' lang='lat'>120&#39;</span> 
     </span>
    </p>
   </div>
   <div class='ocr_carea' id='block_1_58' title="bbox 2021 483 3595 554">
    <p class='ocr_par' dir='ltr' id='par_1_58' title="bbox 2021 483 3595 554">
     <span class='ocr_line' id='line_1_58' title="bbox 2021 483 3595 554; baseline 0.003 -19"><span class='ocrx_word' id='word_1_453' title='bbox 2021 497 2141 547; x_wconf 86' lang='grc' dir='ltr'>πεν,</span> <span class='ocrx_word' id='word_1_454' title='bbox 2194 483 2276 537; x_wconf 85' lang='grc' dir='ltr'>ὅτι</span> <span class='ocrx_word' id='word_1_455' title='bbox 2314 485 2710 553; x_wconf 79' lang='grc' dir='ltr'>Εὐφραίνομαι,</span> <span class='ocrx_word' id='word_1_456' title='bbox 2773 483 3083 553; x_wconf 84' lang='grc' dir='ltr'>ἀλγούντων</span> <span class='ocrx_word' id='word_1_457' title='bbox 3140 483 3316 554; x_wconf 88' lang='grc' dir='ltr'>ὐμῶν.</span> <span class='ocrx_word' id='word_1_458' title='bbox 3374 485 3468 538; x_wconf 69' lang='grc' dir='ltr'>καὶ</span> <span class='ocrx_word' id='word_1_459' title='bbox 3513 489 3595 540; x_wconf 86' lang='grc' dir='ltr'>ἐτι</span> 
     </span>
    </p>
   </div>
   <div class='ocr_carea' id='block_1_59' title="bbox 2018 565 3598 653">
    <p class='ocr_par' dir='ltr' id='par_1_59' title="bbox 2018 565 3598 653">
     <span class='ocr_line' id='line_1_59' title="bbox 2018 565 3598 653; baseline 0.003 -23"><span class='ocrx_word' id='word_1_460' title='bbox 2018 578 2412 650; x_wconf 83' lang='grc' dir='ltr'>αὐθαδέστερον</span> <span class='ocrx_word' id='word_1_461' title='bbox 2450 581 2610 634; x_wconf 90' lang='grc' dir='ltr'>τοῦτο</span> <span class='ocrx_word' id='word_1_462' title='bbox 2630 565 2706 653; x_wconf 68' lang='grc' dir='ltr'>’ἦν</span> <span class='ocrx_word' id='word_1_463' title='bbox 2743 583 2840 634; x_wconf 74' lang='grc' dir='ltr'>καὶ</span> <span class='ocrx_word' id='word_1_464' title='bbox 2871 580 3229 652; x_wconf 88' lang='grc' dir='ltr'>τραχύτερον,</span> <span class='ocrx_word' id='word_1_465' title='bbox 3264 581 3427 636; x_wconf 89' lang='grc' dir='ltr'>πάλιν</span> <span class='ocrx_word' id='word_1_466' title='bbox 3461 581 3598 636; x_wconf 71' lang='grc' dir='ltr'>αὐτὸ</span> 
     </span>
    </p>
   </div>
   <div class='ocr_carea' id='block_1_60' title="bbox 2016 675 3598 749">
    <p class='ocr_par' dir='ltr' id='par_1_60' title="bbox 2016 675 3598 749">
     <span class='ocr_line' id='line_1_60' title="bbox 2016 675 3598 749; baseline 0.004 -23"><span class='ocrx_word' id='word_1_467' title='bbox 2016 675 2352 746; x_wconf 77' lang='grc' dir='ltr'>ἀνέστρεψεν</span> <span class='ocrx_word' id='word_1_468' title='bbox 2379 678 2603 748; x_wconf 83' lang='grc' dir='ltr'>ἑτέρως,</span> <span class='ocrx_word' id='word_1_469' title='bbox 2631 677 2728 730; x_wconf 78' lang='grc' dir='ltr'>καὶ</span> <span class='ocrx_word' id='word_1_470' title='bbox 2771 677 3124 748; x_wconf 82' lang='grc' dir='ltr'>ἡμερώτερον</span> <span class='ocrx_word' id='word_1_471' title='bbox 3167 678 3300 730; x_wconf 81' lang='grc' dir='ltr'>αὐτὸ</span> <span class='ocrx_word' id='word_1_472' title='bbox 3343 679 3598 749; x_wconf 89' lang='grc' dir='ltr'>ἐποίησεν</span> 
     </span>
    </p>
   </div>
   <div class='ocr_carea' id='block_1_61' title="bbox 2016 763 3595 847">
    <p class='ocr_par' dir='ltr' id='par_1_61' title="bbox 2016 763 3595 847">
     <span class='ocr_line' id='line_1_61' title="bbox 2016 763 3595 847; baseline 0.003 -24"><span class='ocrx_word' id='word_1_473' title='bbox 2016 763 2098 833; x_wconf 78' lang='grc' dir='ltr'>οἷς</span> <span class='ocrx_word' id='word_1_474' title='bbox 2118 772 2387 842; x_wconf 81' lang='grc' dir='ltr'>ἐπήγαγε.</span> <span class='ocrx_word' id='word_1_475' title='bbox 2421 775 2522 827; x_wconf 81' lang='grc' dir='ltr'>Διὰ</span> <span class='ocrx_word' id='word_1_476' title='bbox 2547 773 2706 827; x_wconf 91' lang='grc' dir='ltr'>τοῦτο</span> <span class='ocrx_word' id='word_1_477' title='bbox 2733 774 2862 844; x_wconf 85' lang='grc' dir='ltr'>γὰρ,</span> <span class='ocrx_word' id='word_1_478' title='bbox 2889 775 3046 846; x_wconf 73' lang='grc' dir='ltr'>φησὶ,</span> <span class='ocrx_word' id='word_1_479' title='bbox 3084 775 3413 846; x_wconf 77' lang='grc' dir='ltr'>προέγραψα</span> <span class='ocrx_word' id='word_1_480' title='bbox 3445 777 3595 847; x_wconf 84' lang='grc' dir='ltr'>ὑμῖν,</span> 
     </span>
    </p>
   </div>
   <div class='ocr_carea' id='block_1_62' title="bbox 2020 868 3599 944">
    <p class='ocr_par' dir='ltr' id='par_1_62' title="bbox 2020 868 3599 944">
     <span class='ocr_line' id='line_1_62' title="bbox 2020 868 3599 944; baseline 0.006 -24"><span class='ocrx_word' id='word_1_481' title='bbox 2020 868 2104 920; x_wconf 76' lang='grc' dir='ltr'>ἵνα</span> <span class='ocrx_word' id='word_1_482' title='bbox 2152 870 2228 938; x_wconf 79' lang='grc' dir='ltr'>μὴ</span> <span class='ocrx_word' id='word_1_483' title='bbox 2259 871 2318 924; x_wconf 84' lang='grc' dir='ltr'>ἐν</span> <span class='ocrx_word' id='word_1_484' title='bbox 2351 870 2511 944; x_wconf 80' lang='grc' dir='ltr'>ὀδύνῃ</span> <span class='ocrx_word' id='word_1_485' title='bbox 2541 873 2685 943; x_wconf 79' lang='grc' dir='ltr'>ὑμᾶς</span> <span class='ocrx_word' id='word_1_486' title='bbox 2728 871 2874 944; x_wconf 77' lang='grc' dir='ltr'>εὕρω</span> <span class='ocrx_word' id='word_1_487' title='bbox 2924 871 2998 943; x_wconf 78' lang='grc' dir='ltr'>μὴ</span> <span class='ocrx_word' id='word_1_488' title='bbox 3031 871 3448 943; x_wconf 86' lang='grc' dir='ltr'>διορθωθέντας.</span> <span class='ocrx_word' id='word_1_489' title='bbox 3500 875 3599 929; x_wconf 72' lang='grc' dir='ltr'>Διά</span> 
     </span>
    </p>
   </div>
   <div class='ocr_carea' id='block_1_63' title="bbox 2017 962 3599 1038">
    <p class='ocr_par' dir='ltr' id='par_1_63' title="bbox 2017 962 3599 1038">
     <span class='ocr_line' id='line_1_63' title="bbox 2017 962 3599 1038; baseline 0.003 -20"><span class='ocrx_word' id='word_1_490' title='bbox 2017 965 2176 1019; x_wconf 89' lang='grc' dir='ltr'>τοῦτο</span> <span class='ocrx_word' id='word_1_491' title='bbox 2209 962 2382 1030; x_wconf 75' lang='grc' dir='ltr'>εἶπον,</span> <span class='ocrx_word' id='word_1_492' title='bbox 2407 968 2541 1022; x_wconf 82' lang='grc' dir='ltr'>Ἵνα</span> <span class='ocrx_word' id='word_1_493' title='bbox 2566 968 2653 1038; x_wconf 80' lang='grc' dir='ltr'>μὴ</span> <span class='ocrx_word' id='word_1_494' title='bbox 2683 967 2955 1037; x_wconf 87' lang='grc' dir='ltr'>λυπηθῶ,</span> <span class='ocrx_word' id='word_1_495' title='bbox 2991 969 3053 1022; x_wconf 90' lang='grc' dir='ltr'>οὐ</span> <span class='ocrx_word' id='word_1_496' title='bbox 3077 969 3138 1022; x_wconf 83' lang='grc' dir='ltr'>τὸ</span> <span class='ocrx_word' id='word_1_497' title='bbox 3189 970 3426 1038; x_wconf 86' lang='grc' dir='ltr'>ἐμαυτοῦ</span> <span class='ocrx_word' id='word_1_498' title='bbox 3471 988 3599 1023; x_wconf 86' lang='grc' dir='ltr'>σκο-</span> 
     </span>
    </p>
   </div>
   <div class='ocr_carea' id='block_1_64' title="bbox 2019 1061 3600 1138">
    <p class='ocr_par' dir='ltr' id='par_1_64' title="bbox 2019 1061 3600 1138">
     <span class='ocr_line' id='line_1_64' title="bbox 2019 1061 3600 1138; baseline 0.002 -22"><span class='ocrx_word' id='word_1_499' title='bbox 2019 1061 2160 1128; x_wconf 90' lang='grc' dir='ltr'>πῶν,</span> <span class='ocrx_word' id='word_1_500' title='bbox 2196 1063 2332 1116; x_wconf 83' lang='grc' dir='ltr'>ἀλλά</span> <span class='ocrx_word' id='word_1_501' title='bbox 2386 1063 2448 1116; x_wconf 85' lang='grc' dir='ltr'>τὸ</span> <span class='ocrx_word' id='word_1_502' title='bbox 2496 1065 2782 1135; x_wconf 85' lang='grc' dir='ltr'>ὑμέτερον.</span> <span class='ocrx_word' id='word_1_503' title='bbox 2821 1064 2973 1138; x_wconf 77' lang='grc'>[457]</span> <span class='ocrx_word' id='word_1_504' title='bbox 3027 1062 3156 1118; x_wconf 78' lang='grc' dir='ltr'>Οἶδα</span> <span class='ocrx_word' id='word_1_505' title='bbox 3210 1067 3340 1136; x_wconf 77' lang='grc' dir='ltr'>γὰρ,</span> <span class='ocrx_word' id='word_1_506' title='bbox 3374 1066 3458 1118; x_wconf 84' lang='grc' dir='ltr'>ὅτι</span> <span class='ocrx_word' id='word_1_507' title='bbox 3505 1066 3600 1119; x_wconf 87' lang='grc' dir='ltr'>ἐάν</span> 
     </span>
    </p>
   </div>
   <div class='ocr_carea' id='block_1_65' title="bbox 2021 1162 3598 1234">
    <p class='ocr_par' dir='ltr' id='par_1_65' title="bbox 2021 1162 3598 1234">
     <span class='ocr_line' id='line_1_65' title="bbox 2021 1162 3598 1234; baseline 0.001 -21"><span class='ocrx_word' id='word_1_508' title='bbox 2021 1162 2167 1230; x_wconf 80' lang='grc' dir='ltr'>ἴδητε</span> <span class='ocrx_word' id='word_1_509' title='bbox 2200 1163 2482 1232; x_wconf 89' lang='grc' dir='ltr'>χαίροντα,</span> <span class='ocrx_word' id='word_1_510' title='bbox 2534 1164 2780 1234; x_wconf 78' lang='grc' dir='ltr'>χαίρετεο</span> <span class='ocrx_word' id='word_1_511' title='bbox 2824 1164 2930 1217; x_wconf 82' lang='grc' dir='ltr'>κᾶν</span> <span class='ocrx_word' id='word_1_512' title='bbox 2984 1163 3255 1234; x_wconf 88' lang='grc' dir='ltr'>θεάσησθε</span> <span class='ocrx_word' id='word_1_513' title='bbox 3306 1162 3598 1230; x_wconf 81' lang='grc' dir='ltr'>ἀλγοῦντα,</span> 
     </span>
    </p>
   </div>
   <div class='ocr_carea' id='block_1_66' title="bbox 2019 1259 3601 1331">
    <p class='ocr_par' dir='ltr' id='par_1_66' title="bbox 2019 1259 3601 1331">
     <span class='ocr_line' id='line_1_66' title="bbox 2019 1259 3601 1331; baseline 0 -19"><span class='ocrx_word' id='word_1_514' title='bbox 2019 1259 2257 1327; x_wconf 90' lang='grc' dir='ltr'>ἀλγεῖτε.</span> <span class='ocrx_word' id='word_1_515' title='bbox 2293 1259 2435 1331; x_wconf 91' lang='grc' dir='ltr'>Ὅρα</span> <span class='ocrx_word' id='word_1_516' title='bbox 2459 1260 2639 1313; x_wconf 90' lang='grc' dir='ltr'>τοίνυν</span> <span class='ocrx_word' id='word_1_517' title='bbox 2676 1259 2882 1314; x_wconf 86' lang='grc' dir='ltr'>ἀνωθεν</span> <span class='ocrx_word' id='word_1_518' title='bbox 2904 1259 3004 1330; x_wconf 79' lang='grc' dir='ltr'>τὴν</span> <span class='ocrx_word' id='word_1_519' title='bbox 3030 1259 3350 1314; x_wconf 84' lang='grc' dir='ltr'>ἀκολουθίαν</span> <span class='ocrx_word' id='word_1_520' title='bbox 3376 1259 3485 1312; x_wconf 89' lang='grc' dir='ltr'>τῶν</span> <span class='ocrx_word' id='word_1_521' title='bbox 3523 1262 3601 1312; x_wconf 91' lang='grc' dir='ltr'>εί-</span> 
     </span>
    </p>
   </div>
   <div class='ocr_carea' id='block_1_67' title="bbox 2023 1355 3602 1428">
    <p class='ocr_par' dir='ltr' id='par_1_67' title="bbox 2023 1355 3602 1428">
     <span class='ocr_line' id='line_1_67' title="bbox 2023 1355 3602 1428; baseline -0.006 -18"><span class='ocrx_word' id='word_1_522' title='bbox 2023 1357 2293 1428; x_wconf 79' lang='grc' dir='ltr'>ρημένων’</span> <span class='ocrx_word' id='word_1_523' title='bbox 2339 1356 2482 1410; x_wconf 79' lang='grc' dir='ltr'>οὕτω</span> <span class='ocrx_word' id='word_1_524' title='bbox 2524 1357 2635 1428; x_wconf 84' lang='grc' dir='ltr'>γὰρ</span> <span class='ocrx_word' id='word_1_525' title='bbox 2670 1355 3072 1428; x_wconf 86' lang='grc' dir='ltr'>εὐμαθέστερος</span> <span class='ocrx_word' id='word_1_526' title='bbox 3105 1357 3236 1427; x_wconf 77' lang='grc' dir='ltr'>ἡμῖν</span> <span class='ocrx_word' id='word_1_527' title='bbox 3271 1355 3424 1410; x_wconf 75' lang='grc' dir='ltr'>ἔσται</span> <span class='ocrx_word' id='word_1_528' title='bbox 3458 1358 3486 1409; x_wconf 83' lang='grc' dir='ltr'>ὁ</span> <span class='ocrx_word' id='word_1_529' title='bbox 3511 1355 3602 1408; x_wconf 83' lang='grc' dir='ltr'>λό-</span> 
     </span>
    </p>
   </div>
   <div class='ocr_carea' id='block_1_68' title="bbox 2019 1451 3604 1527">
    <p class='ocr_par' dir='ltr' id='par_1_68' title="bbox 2019 1451 3604 1527">
     <span class='ocr_line' id='line_1_68' title="bbox 2019 1451 3604 1527; baseline -0.001 -19"><span class='ocrx_word' id='word_1_530' title='bbox 2019 1473 2136 1525; x_wconf 93' lang='grc' dir='ltr'>γος.</span> <span class='ocrx_word' id='word_1_531' title='bbox 2177 1457 2292 1509; x_wconf 86' lang='grc' dir='ltr'>Οὐκ</span> <span class='ocrx_word' id='word_1_532' title='bbox 2325 1451 2513 1527; x_wconf 80' lang='grc' dir='ltr'>ἦλθον,</span> <span class='ocrx_word' id='word_1_533' title='bbox 2551 1455 2736 1525; x_wconf 76' lang='grc' dir='ltr'>φησὶν,</span> <span class='ocrx_word' id='word_1_534' title='bbox 2779 1456 2864 1508; x_wconf 83' lang='grc' dir='ltr'>ἵνα</span> <span class='ocrx_word' id='word_1_535' title='bbox 2908 1455 2983 1525; x_wconf 82' lang='grc' dir='ltr'>μὴ</span> <span class='ocrx_word' id='word_1_536' title='bbox 3026 1453 3254 1523; x_wconf 78' lang='grc' dir='ltr'>λυπήσω</span> <span class='ocrx_word' id='word_1_537' title='bbox 3287 1455 3453 1524; x_wconf 82' lang='grc' dir='ltr'>ὑμᾶς,</span> <span class='ocrx_word' id='word_1_538' title='bbox 3490 1453 3604 1507; x_wconf 86' lang='grc' dir='ltr'>ἁδι-</span> 
     </span>
    </p>
   </div>
   <div class='ocr_carea' id='block_1_69' title="bbox 2020 1551 3602 1624">
    <p class='ocr_par' dir='ltr' id='par_1_69' title="bbox 2020 1551 3602 1624">
     <span class='ocr_line' id='line_1_69' title="bbox 2020 1551 3602 1624; baseline 0.001 -19"><span class='ocrx_word' id='word_1_539' title='bbox 2020 1551 2293 1623; x_wconf 84' lang='grc' dir='ltr'>ορθὼτους</span> <span class='ocrx_word' id='word_1_540' title='bbox 2346 1552 2542 1623; x_wconf 82' lang='grc' dir='ltr'>εὑρών.</span> <span class='ocrx_word' id='word_1_541' title='bbox 2580 1551 2753 1606; x_wconf 89' lang='grc' dir='ltr'>Τοῦτο</span> <span class='ocrx_word' id='word_1_542' title='bbox 2794 1552 2851 1605; x_wconf 87' lang='grc' dir='ltr'>δὲ</span> <span class='ocrx_word' id='word_1_543' title='bbox 2893 1551 3132 1617; x_wconf 87' lang='grc' dir='ltr'>ἐποίουν,</span> <span class='ocrx_word' id='word_1_544' title='bbox 3168 1553 3228 1604; x_wconf 90' lang='grc' dir='ltr'>οὐ</span> <span class='ocrx_word' id='word_1_545' title='bbox 3263 1552 3324 1606; x_wconf 83' lang='grc' dir='ltr'>τὸ</span> <span class='ocrx_word' id='word_1_546' title='bbox 3362 1553 3602 1624; x_wconf 85' lang='grc' dir='ltr'>ἐμαυτοῦ</span> 
     </span>
    </p>
   </div>
   <div class='ocr_carea' id='block_1_70' title="bbox 2023 1649 3604 1722">
    <p class='ocr_par' dir='ltr' id='par_1_70' title="bbox 2023 1649 3604 1722">
     <span class='ocr_line' id='line_1_70' title="bbox 2023 1649 3604 1722; baseline 0.001 -19"><span class='ocrx_word' id='word_1_547' title='bbox 2023 1651 2263 1713; x_wconf 89' lang='grc' dir='ltr'>σκοπῶν,</span> <span class='ocrx_word' id='word_1_548' title='bbox 2301 1651 2435 1704; x_wconf 81' lang='grc' dir='ltr'>ἀλλὰ</span> <span class='ocrx_word' id='word_1_549' title='bbox 2458 1650 2518 1703; x_wconf 85' lang='grc' dir='ltr'>τὸ</span> <span class='ocrx_word' id='word_1_550' title='bbox 2543 1651 2827 1721; x_wconf 81' lang='grc' dir='ltr'>ὑμέτερον.</span> <span class='ocrx_word' id='word_1_551' title='bbox 2866 1649 3008 1719; x_wconf 84' lang='grc' dir='ltr'>Ἐγὼ</span> <span class='ocrx_word' id='word_1_552' title='bbox 3047 1650 3145 1722; x_wconf 78' lang='grc' dir='ltr'>μὲν</span> <span class='ocrx_word' id='word_1_553' title='bbox 3181 1650 3290 1722; x_wconf 81' lang='grc' dir='ltr'>γὰρ</span> <span class='ocrx_word' id='word_1_554' title='bbox 3326 1651 3604 1722; x_wconf 84' lang='grc' dir='ltr'>λυπουμέ-</span> 
     </span>
    </p>
   </div>
   <div class='ocr_carea' id='block_1_71' title="bbox 2026 1748 3606 1820">
    <p class='ocr_par' dir='ltr' id='par_1_71' title="bbox 2026 1748 3606 1820">
     <span class='ocr_line' id='line_1_71' title="bbox 2026 1748 3606 1820; baseline 0.003 -19"><span class='ocrx_word' id='word_1_555' title='bbox 2026 1749 2202 1820; x_wconf 89' lang='grc' dir='ltr'>μένων</span> <span class='ocrx_word' id='word_1_556' title='bbox 2233 1749 2406 1819; x_wconf 85' lang='grc' dir='ltr'>ὑμῶν,</span> <span class='ocrx_word' id='word_1_557' title='bbox 2432 1748 2540 1819; x_wconf 73' lang='grc' dir='ltr'>ἔχω</span> <span class='ocrx_word' id='word_1_558' title='bbox 2565 1749 2763 1819; x_wconf 73' lang='grc' dir='ltr'>ἡδονὴν</span> <span class='ocrx_word' id='word_1_559' title='bbox 2791 1749 2853 1804; x_wconf 89' lang='grc' dir='ltr'>οὐ</span> <span class='ocrx_word' id='word_1_560' title='bbox 2890 1749 3114 1820; x_wconf 85' lang='grc' dir='ltr'>μικρὰν,</span> <span class='ocrx_word' id='word_1_561' title='bbox 3140 1749 3272 1803; x_wconf 84' lang='grc' dir='ltr'>ὅταν</span> <span class='ocrx_word' id='word_1_562' title='bbox 3301 1749 3396 1803; x_wconf 83' lang='grc' dir='ltr'>ίδω</span> <span class='ocrx_word' id='word_1_563' title='bbox 3416 1751 3606 1805; x_wconf 86' lang='grc' dir='ltr'>τοσοῦ-</span> 
     </span>
    </p>
   </div>
   <div class='ocr_carea' id='block_1_72' title="bbox 2022 1845 3606 1917">
    <p class='ocr_par' dir='ltr' id='par_1_72' title="bbox 2022 1845 3606 1917">
     <span class='ocr_line' id='line_1_72' title="bbox 2022 1845 3606 1917; baseline 0.003 -18"><span class='ocrx_word' id='word_1_564' title='bbox 2022 1865 2114 1900; x_wconf 93' lang='grc' dir='ltr'>τον</span> <span class='ocrx_word' id='word_1_565' title='bbox 2143 1845 2279 1915; x_wconf 89' lang='grc' dir='ltr'>ἐμοῦ</span> <span class='ocrx_word' id='word_1_566' title='bbox 2312 1847 2719 1917; x_wconf 85' lang='grc' dir='ltr'>φροντίζοντας,</span> <span class='ocrx_word' id='word_1_567' title='bbox 2753 1848 2829 1911; x_wconf 85' lang='grc' dir='ltr'>ὡς</span> <span class='ocrx_word' id='word_1_568' title='bbox 2857 1849 2952 1902; x_wconf 76' lang='grc' dir='ltr'>καὶ</span> <span class='ocrx_word' id='word_1_569' title='bbox 2975 1848 3264 1903; x_wconf 88' lang='grc' dir='ltr'>λυπεῖσθαι</span> <span class='ocrx_word' id='word_1_570' title='bbox 3301 1851 3394 1902; x_wconf 73' lang='grc' dir='ltr'>καὶ</span> <span class='ocrx_word' id='word_1_571' title='bbox 3423 1849 3606 1917; x_wconf 82' lang='grc' dir='ltr'>ἀλγεῖν</span> 
     </span>
    </p>
   </div>
   <div class='ocr_carea' id='block_1_73' title="bbox 2022 1942 3608 2014">
    <p class='ocr_par' dir='ltr' id='par_1_73' title="bbox 2022 1942 3608 2014">
     <span class='ocr_line' id='line_1_73' title="bbox 2022 1942 3608 2014; baseline 0.002 -17"><span class='ocrx_word' id='word_1_572' title='bbox 2022 1942 2459 2012; x_wconf 87' lang='grc' dir='ltr'>ἀγανακτοῦντος</span> <span class='ocrx_word' id='word_1_573' title='bbox 2507 1943 2663 2014; x_wconf 86' lang='grc' dir='ltr'>ἐμοῦ.</span> <span class='ocrx_word' id='word_1_574' title='bbox 2702 1943 2799 2011; x_wconf 82' lang='grc' dir='ltr'>Τίς</span> <span class='ocrx_word' id='word_1_575' title='bbox 2845 1944 2958 2014; x_wconf 74' lang='grc' dir='ltr'>γάρ</span> <span class='ocrx_word' id='word_1_576' title='bbox 2992 1945 3166 1998; x_wconf 82' lang='grc' dir='ltr'>ἐστιν</span> <span class='ocrx_word' id='word_1_577' title='bbox 3211 1947 3244 1999; x_wconf 84' lang='grc' dir='ltr'><em>ὁ</em></span> <span class='ocrx_word' id='word_1_578' title='bbox 3268 1945 3608 2014; x_wconf 70' lang='grc' dir='ltr'>εὐφραίνων</span> 
     </span>
    </p>
   </div>
   <div class='ocr_carea' id='block_1_74' title="bbox 2018 2039 3609 2113">
    <p class='ocr_par' dir='ltr' id='par_1_74' title="bbox 2018 2039 3609 2113">
     <span class='ocr_line' id='line_1_74' title="bbox 2018 2039 3609 2113; baseline 0.001 -19"><span class='ocrx_word' id='word_1_579' title='bbox 2018 2058 2116 2112; x_wconf 82' lang='grc' dir='ltr'>με,</span> <span class='ocrx_word' id='word_1_580' title='bbox 2149 2042 2200 2094; x_wconf 84' lang='grc' dir='ltr'>εί</span> <span class='ocrx_word' id='word_1_581' title='bbox 2243 2039 2330 2109; x_wconf 83' lang='grc' dir='ltr'>μὴ</span> <span class='ocrx_word' id='word_1_582' title='bbox 2367 2042 2399 2094; x_wconf 85' lang='grc' dir='ltr'>ό</span> <span class='ocrx_word' id='word_1_583' title='bbox 2426 2041 2813 2109; x_wconf 80' lang='grc' dir='ltr'>λυπούμενος</span> <span class='ocrx_word' id='word_1_584' title='bbox 2851 2041 2922 2105; x_wconf 80' lang='grc' dir='ltr'>ἐξ</span> <span class='ocrx_word' id='word_1_585' title='bbox 2948 2041 3095 2109; x_wconf 73' lang='grc' dir='ltr'>ἐμοῦ</span> <span class='ocrx_word' id='word_1_586' title='bbox 3118 2058 3136 2106; x_wconf 87' lang='grc'><strong><em>;</em></strong></span> <span class='ocrx_word' id='word_1_587' title='bbox 3161 2042 3310 2113; x_wconf 79' lang='grc' dir='ltr'>Πλὴν</span> <span class='ocrx_word' id='word_1_588' title='bbox 3345 2042 3480 2094; x_wconf 79' lang='grc' dir='ltr'>ἀλλὰ</span> <span class='ocrx_word' id='word_1_589' title='bbox 3515 2043 3609 2096; x_wconf 77' lang='grc' dir='ltr'>καὶ</span> 
     </span>
    </p>
   </div>
   <div class='ocr_carea' id='block_1_75' title="bbox 2023 2136 3608 2210">
    <p class='ocr_par' dir='ltr' id='par_1_75' title="bbox 2023 2136 3608 2210">
     <span class='ocr_line' id='line_1_75' title="bbox 2023 2136 3608 2210; baseline 0.003 -20"><span class='ocrx_word' id='word_1_590' title='bbox 2023 2138 2167 2191; x_wconf 74' lang='grc' dir='ltr'>οὕτω</span> <span class='ocrx_word' id='word_1_591' title='bbox 2184 2138 2550 2208; x_wconf 78' lang='grc' dir='ltr'>διακείμενος,</span> <span class='ocrx_word' id='word_1_592' title='bbox 2577 2137 2766 2209; x_wconf 83' lang='grc' dir='ltr'>ἐπειδὴ</span> <span class='ocrx_word' id='word_1_593' title='bbox 2788 2136 2847 2191; x_wconf 85' lang='grc' dir='ltr'>τδ</span> <span class='ocrx_word' id='word_1_594' title='bbox 2871 2137 3137 2210; x_wconf 88' lang='grc' dir='ltr'>ὑμέτερον</span> <span class='ocrx_word' id='word_1_595' title='bbox 3159 2140 3367 2204; x_wconf 89' lang='grc' dir='ltr'>σκοπῶ,</span> <span class='ocrx_word' id='word_1_596' title='bbox 3395 2139 3608 2210; x_wconf 67' lang='grc' dir='ltr'>ἔγραψα</span> 
     </span>
    </p>
   </div>
   <div class='ocr_carea' id='block_1_76' title="bbox 2026 2235 3610 2310">
    <p class='ocr_par' dir='ltr' id='par_1_76' title="bbox 2026 2235 3610 2310">
     <span class='ocr_line' id='line_1_76' title="bbox 2026 2235 3610 2310; baseline 0 -20"><span class='ocrx_word' id='word_1_597' title='bbox 2026 2238 2154 2308; x_wconf 86' lang='grc' dir='ltr'>ὑμῖν</span> <span class='ocrx_word' id='word_1_598' title='bbox 2195 2237 2257 2290; x_wconf 83' lang='grc' dir='ltr'>τὸ</span> <span class='ocrx_word' id='word_1_599' title='bbox 2299 2237 2433 2289; x_wconf 83' lang='grc' dir='ltr'>αὐτὸ</span> <span class='ocrx_word' id='word_1_600' title='bbox 2463 2235 2638 2301; x_wconf 90' lang='grc' dir='ltr'>τοῦτο,</span> <span class='ocrx_word' id='word_1_601' title='bbox 2685 2236 2773 2290; x_wconf 84' lang='grc' dir='ltr'>ἴνα</span> <span class='ocrx_word' id='word_1_602' title='bbox 2813 2236 2887 2308; x_wconf 79' lang='grc' dir='ltr'>μὴ</span> <span class='ocrx_word' id='word_1_603' title='bbox 2929 2235 3177 2309; x_wconf 75' lang='grc' dir='ltr'>λυπηθῶο</span> <span class='ocrx_word' id='word_1_604' title='bbox 3215 2238 3310 2292; x_wconf 75' lang='grc' dir='ltr'>καὶ</span> <span class='ocrx_word' id='word_1_605' title='bbox 3350 2240 3408 2293; x_wconf 87' lang='grc' dir='ltr'>ἐν</span> <span class='ocrx_word' id='word_1_606' title='bbox 3436 2239 3610 2310; x_wconf 86' lang='grc' dir='ltr'>τούτῳ</span> 
     </span>
    </p>
   </div>
   <div class='ocr_carea' id='block_1_77' title="bbox 2026 2331 3611 2405">
    <p class='ocr_par' dir='ltr' id='par_1_77' title="bbox 2026 2331 3611 2405">
     <span class='ocr_line' id='line_1_77' title="bbox 2026 2331 3611 2405; baseline 0.001 -19"><span class='ocrx_word' id='word_1_607' title='bbox 2026 2333 2188 2388; x_wconf 85' lang='grc' dir='ltr'>πάλιν</span> <span class='ocrx_word' id='word_1_608' title='bbox 2227 2333 2288 2386; x_wconf 87' lang='grc' dir='ltr'>οὐ</span> <span class='ocrx_word' id='word_1_609' title='bbox 2333 2331 2392 2385; x_wconf 87' lang='grc' dir='ltr'>τὸ</span> <span class='ocrx_word' id='word_1_610' title='bbox 2435 2331 2567 2402; x_wconf 86' lang='grc' dir='ltr'>ἐμὸν</span> <span class='ocrx_word' id='word_1_611' title='bbox 2613 2331 2854 2397; x_wconf 89' lang='grc' dir='ltr'>σκοπῶν,</span> <span class='ocrx_word' id='word_1_612' title='bbox 2888 2332 3024 2385; x_wconf 89' lang='grc' dir='ltr'>ἀλλά</span> <span class='ocrx_word' id='word_1_613' title='bbox 3058 2334 3120 2387; x_wconf 81' lang='grc' dir='ltr'>τὸ</span> <span class='ocrx_word' id='word_1_614' title='bbox 3149 2333 3434 2405; x_wconf 84' lang='grc' dir='ltr'>ὑμέτερον.</span> <span class='ocrx_word' id='word_1_615' title='bbox 3478 2331 3611 2389; x_wconf 82' lang='grc' dir='ltr'>Οἶδα</span> 
     </span>
    </p>
   </div>
   <div class='ocr_carea' id='block_1_78' title="bbox 2025 2427 3608 2501">
    <p class='ocr_par' dir='ltr' id='par_1_78' title="bbox 2025 2427 3608 2501">
     <span class='ocr_line' id='line_1_78' title="bbox 2025 2427 3608 2501; baseline 0.001 -19"><span class='ocrx_word' id='word_1_616' title='bbox 2025 2430 2136 2500; x_wconf 78' lang='grc' dir='ltr'>γὰρ</span> <span class='ocrx_word' id='word_1_617' title='bbox 2162 2429 2245 2482; x_wconf 87' lang='grc' dir='ltr'>ὃτι</span> <span class='ocrx_word' id='word_1_618' title='bbox 2281 2429 2375 2481; x_wconf 78' lang='grc' dir='ltr'>καὶ</span> <span class='ocrx_word' id='word_1_619' title='bbox 2409 2428 2570 2498; x_wconf 80' lang='grc' dir='ltr'>ὑμεῖς</span> <span class='ocrx_word' id='word_1_620' title='bbox 2611 2427 2834 2498; x_wconf 88' lang='grc' dir='ltr'>μέλλετε</span> <span class='ocrx_word' id='word_1_621' title='bbox 2879 2428 3188 2494; x_wconf 82' lang='grc' dir='ltr'>λυπεῖσθαι,</span> <span class='ocrx_word' id='word_1_622' title='bbox 3226 2429 3498 2495; x_wconf 84' lang='grc' dir='ltr'>ἀλγοῦντά</span> <span class='ocrx_word' id='word_1_623' title='bbox 3540 2449 3608 2501; x_wconf 89' lang='grc' dir='ltr'>με</span> 
     </span>
    </p>
   </div>
   <div class='ocr_carea' id='block_1_79' title="bbox 2026 2515 3608 2597">
    <p class='ocr_par' dir='ltr' id='par_1_79' title="bbox 2026 2515 3608 2597">
     <span class='ocr_line' id='line_1_79' title="bbox 2026 2515 3608 2597; baseline 0 -18"><span class='ocrx_word' id='word_1_624' title='bbox 2026 2525 2280 2597; x_wconf 86' lang='grc' dir='ltr'>ὁρῶντες,</span> <span class='ocrx_word' id='word_1_625' title='bbox 2306 2523 2496 2595; x_wconf 89' lang='grc' dir='ltr'>ῶσπερ</span> <span class='ocrx_word' id='word_1_626' title='bbox 2517 2515 2613 2578; x_wconf 81' lang='grc' dir='ltr'>οὖν</span> <span class='ocrx_word' id='word_1_627' title='bbox 2637 2526 2734 2578; x_wconf 75' lang='grc' dir='ltr'>καὶ</span> <span class='ocrx_word' id='word_1_628' title='bbox 2757 2524 3168 2595; x_wconf 84' lang='grc' dir='ltr'>εὐφραίνεσθαι,</span> <span class='ocrx_word' id='word_1_629' title='bbox 3196 2526 3454 2597; x_wconf 86' lang='grc' dir='ltr'>χαίροντα</span> <span class='ocrx_word' id='word_1_630' title='bbox 3475 2527 3608 2579; x_wconf 82' lang='grc' dir='ltr'>θεω·</span> 
     </span>
    </p>
   </div>
   <div class='ocr_carea' id='block_1_80' title="bbox 2031 2617 3606 2694">
    <p class='ocr_par' dir='ltr' id='par_1_80' title="bbox 2031 2617 3606 2694">
     <span class='ocr_line' id='line_1_80' title="bbox 2031 2617 3606 2694; baseline 0.002 -21"><span class='ocrx_word' id='word_1_631' title='bbox 2031 2620 2266 2692; x_wconf 89' lang='grc' dir='ltr'>ροῦντες.</span> <span class='ocrx_word' id='word_1_632' title='bbox 2300 2619 2499 2674; x_wconf 81' lang='grc' dir='ltr'>Σκόπει</span> <span class='ocrx_word' id='word_1_633' title='bbox 2543 2619 2724 2673; x_wconf 85' lang='grc' dir='ltr'>τοίνυν</span> <span class='ocrx_word' id='word_1_634' title='bbox 2764 2619 3000 2675; x_wconf 81' lang='grc' dir='ltr'>σύνεσινο</span> <span class='ocrx_word' id='word_1_635' title='bbox 3030 2617 3216 2675; x_wconf 75' lang='grc' dir='ltr'>Είπενο</span> <span class='ocrx_word' id='word_1_636' title='bbox 3253 2623 3372 2676; x_wconf 84' lang='grc' dir='ltr'>Ἵνα</span> <span class='ocrx_word' id='word_1_637' title='bbox 3407 2623 3482 2694; x_wconf 77' lang='grc' dir='ltr'>μὴ</span> <span class='ocrx_word' id='word_1_638' title='bbox 3515 2623 3606 2676; x_wconf 85' lang='grc' dir='ltr'>λυ-</span> 
     </span>
    </p>
   </div>
   <div class='ocr_carea' id='block_1_81' title="bbox 2028 2710 3584 2789">
    <p class='ocr_par' dir='ltr' id='par_1_81' title="bbox 2028 2710 3584 2789">
     <span class='ocr_line' id='line_1_81' title="bbox 2028 2710 3584 2789; baseline 0.003 -20"><span class='ocrx_word' id='word_1_639' title='bbox 2028 2719 2186 2788; x_wconf 87' lang='grc' dir='ltr'>πήσω</span> <span class='ocrx_word' id='word_1_640' title='bbox 2206 2716 2306 2768; x_wconf 86' lang='grc' dir='ltr'>οὐκ</span> <span class='ocrx_word' id='word_1_641' title='bbox 2327 2710 2512 2786; x_wconf 75' lang='grc' dir='ltr'>ἦλθον,</span> <span class='ocrx_word' id='word_1_642' title='bbox 2539 2714 2716 2768; x_wconf 88' lang='grc' dir='ltr'>καίτοι</span> <span class='ocrx_word' id='word_1_643' title='bbox 2737 2733 2800 2784; x_wconf 88' lang='grc' dir='ltr'>γε</span> <span class='ocrx_word' id='word_1_644' title='bbox 2827 2716 3210 2788; x_wconf 87' lang='grc' dir='ltr'>εὐφραίνομαι,</span> <span class='ocrx_word' id='word_1_645' title='bbox 3240 2720 3422 2789; x_wconf 89' lang='grc' dir='ltr'>φησίν.</span> <span class='ocrx_word' id='word_1_646' title='bbox 3451 2715 3584 2773; x_wconf 83' lang='grc' dir='ltr'>Εἶτα</span> 
     </span>
    </p>
   </div>
   <div class='ocr_carea' id='block_1_82' title="bbox 2029 2810 3608 2884">
    <p class='ocr_par' dir='ltr' id='par_1_82' title="bbox 2029 2810 3608 2884">
     <span class='ocr_line' id='line_1_82' title="bbox 2029 2810 3608 2884; baseline 0.002 -18"><span class='ocrx_word' id='word_1_647' title='bbox 2029 2814 2116 2867; x_wconf 77' lang='grc' dir='ltr'>ἵνα</span> <span class='ocrx_word' id='word_1_648' title='bbox 2157 2812 2231 2884; x_wconf 84' lang='grc' dir='ltr'>μὴ</span> <span class='ocrx_word' id='word_1_649' title='bbox 2260 2811 2388 2884; x_wconf 76' lang='grc' dir='ltr'>δόξῃ</span> <span class='ocrx_word' id='word_1_650' title='bbox 2416 2810 2642 2866; x_wconf 79' lang='grc' dir='ltr'>ἐκείνων</span> <span class='ocrx_word' id='word_1_651' title='bbox 2670 2811 2984 2884; x_wconf 84' lang='grc' dir='ltr'>ἀλγούντων</span> <span class='ocrx_word' id='word_1_652' title='bbox 3012 2813 3430 2883; x_wconf 87' lang='grc' dir='ltr'>εὐφραίνεσθαι,</span> <span class='ocrx_word' id='word_1_653' title='bbox 3450 2816 3608 2870; x_wconf 82' lang='grc' dir='ltr'>Κατά</span> 
     </span>
    </p>
   </div>
   <div class='ocr_carea' id='block_1_83' title="bbox 2027 2879 3612 2980">
    <p class='ocr_par' dir='ltr' id='par_1_83' title="bbox 2027 2879 3612 2980">
     <span class='ocr_line' id='line_1_83' title="bbox 2027 2879 3612 2980; baseline 0 -17"><span class='ocrx_word' id='word_1_654' title='bbox 2027 2879 2387 2979; x_wconf 36' lang='grc' dir='ltr'>τοῦτοξφησῖ,</span> <span class='ocrx_word' id='word_1_655' title='bbox 2411 2909 2610 2980; x_wconf 87' lang='grc' dir='ltr'>χαίρω,</span> <span class='ocrx_word' id='word_1_656' title='bbox 2633 2879 2770 2962; x_wconf 76' lang='grc' dir='ltr'>καθδ</span> <span class='ocrx_word' id='word_1_657' title='bbox 2799 2879 3176 2978; x_wconf 72' lang='grc' dir='ltr'>καθάπτομαιο</span> <span class='ocrx_word' id='word_1_658' title='bbox 3204 2911 3327 2963; x_wconf 76' lang='grc' dir='ltr'>ἐπεὶ</span> <span class='ocrx_word' id='word_1_659' title='bbox 3349 2879 3473 2964; x_wconf 83' lang='grc' dir='ltr'>καθ’</span> <span class='ocrx_word' id='word_1_660' title='bbox 3495 2911 3612 2963; x_wconf 80' lang='grc' dir='ltr'>ἐτε-</span> 
     </span>
    </p>
   </div>
   <div class='ocr_carea' id='block_1_84' title="bbox 2031 3003 3611 3078">
    <p class='ocr_par' dir='ltr' id='par_1_84' title="bbox 2031 3003 3611 3078">
     <span class='ocr_line' id='line_1_84' title="bbox 2031 3003 3611 3078; baseline -0.001 -19"><span class='ocrx_word' id='word_1_661' title='bbox 2031 3023 2123 3078; x_wconf 91' lang='grc' dir='ltr'>ρον</span> <span class='ocrx_word' id='word_1_662' title='bbox 2149 3005 2445 3076; x_wconf 84' lang='grc' dir='ltr'>λυποῦμαι,</span> <span class='ocrx_word' id='word_1_663' title='bbox 2475 3005 2605 3058; x_wconf 84' lang='grc' dir='ltr'>ὅταν</span> <span class='ocrx_word' id='word_1_664' title='bbox 2639 3005 2767 3068; x_wconf 83' lang='grc' dir='ltr'>τοὺς</span> <span class='ocrx_word' id='word_1_665' title='bbox 2795 3003 2939 3058; x_wconf 83' lang='grc' dir='ltr'>οὓτω</span> <span class='ocrx_word' id='word_1_666' title='bbox 2964 3005 3254 3075; x_wconf 87' lang='grc' dir='ltr'>φιλοῦντας</span> <span class='ocrx_word' id='word_1_667' title='bbox 3284 3007 3611 3074; x_wconf 73' lang='grc' dir='ltr'>ἀναγκάζοι-</span> 
     </span>
    </p>
   </div>
   <div class='ocr_carea' id='block_1_85' title="bbox 2033 3101 3612 3175">
    <p class='ocr_par' dir='ltr' id='par_1_85' title="bbox 2033 3101 3612 3175">
     <span class='ocr_line' id='line_1_85' title="bbox 2033 3101 3612 3175; baseline -0.001 -18"><span class='ocrx_word' id='word_1_668' title='bbox 2033 3122 2132 3175; x_wconf 90' lang='grc' dir='ltr'>μαι</span> <span class='ocrx_word' id='word_1_669' title='bbox 2188 3104 2400 3167; x_wconf 80' lang='grc' dir='ltr'>λυπεῖν,</span> <span class='ocrx_word' id='word_1_670' title='bbox 2429 3103 2490 3155; x_wconf 93' lang='grc' dir='ltr'>οὐ</span> <span class='ocrx_word' id='word_1_671' title='bbox 2519 3101 2695 3172; x_wconf 87' lang='grc' dir='ltr'>τούτῳ</span> <span class='ocrx_word' id='word_1_672' title='bbox 2739 3101 2899 3171; x_wconf 87' lang='grc' dir='ltr'>μόνον</span> <span class='ocrx_word' id='word_1_673' title='bbox 2932 3102 3015 3173; x_wconf 85' lang='grc' dir='ltr'>τῷ</span> <span class='ocrx_word' id='word_1_674' title='bbox 3053 3103 3338 3174; x_wconf 83' lang='grc' dir='ltr'>ἐπιτιμᾷν,</span> <span class='ocrx_word' id='word_1_675' title='bbox 3366 3103 3501 3156; x_wconf 84' lang='grc' dir='ltr'>ἀλλὰ</span> <span class='ocrx_word' id='word_1_676' title='bbox 3533 3103 3612 3175; x_wconf 84' lang='grc' dir='ltr'>τῷ</span> 
     </span>
    </p>
   </div>
   <div class='ocr_carea' id='block_1_86' title="bbox 2029 3194 3614 3270">
    <p class='ocr_par' dir='ltr' id='par_1_86' title="bbox 2029 3194 3614 3270">
     <span class='ocr_line' id='line_1_86' title="bbox 2029 3194 3614 3270; baseline -0.001 -15"><span class='ocrx_word' id='word_1_677' title='bbox 2029 3201 2123 3255; x_wconf 76' lang='grc' dir='ltr'>καὶ</span> <span class='ocrx_word' id='word_1_678' title='bbox 2155 3199 2314 3263; x_wconf 83' lang='grc' dir='ltr'>αὐτὸς</span> <span class='ocrx_word' id='word_1_679' title='bbox 2347 3200 2404 3251; x_wconf 89' lang='grc' dir='ltr'>ἐν</span> <span class='ocrx_word' id='word_1_680' title='bbox 2429 3197 2575 3270; x_wconf 80' lang='grc' dir='ltr'>λύπῃ</span> <span class='ocrx_word' id='word_1_681' title='bbox 2603 3194 2766 3262; x_wconf 78' lang='grc' dir='ltr'>εῖναι,</span> <span class='ocrx_word' id='word_1_682' title='bbox 2797 3198 2893 3251; x_wconf 78' lang='grc' dir='ltr'>καὶ</span> <span class='ocrx_word' id='word_1_683' title='bbox 2919 3199 3064 3269; x_wconf 79' lang='grc' dir='ltr'>ὑμᾶς</span> <span class='ocrx_word' id='word_1_684' title='bbox 3100 3199 3189 3253; x_wconf 86' lang='grc' dir='ltr'>διὰ</span> <span class='ocrx_word' id='word_1_685' title='bbox 3214 3199 3404 3253; x_wconf 87' lang='grc' dir='ltr'>τούτου</span> <span class='ocrx_word' id='word_1_686' title='bbox 3447 3199 3614 3254; x_wconf 85' lang='grc' dir='ltr'>πάλιν</span> 
     </span>
    </p>
   </div>
   <div class='ocr_carea' id='block_1_87' title="bbox 2030 3295 3614 3370">
    <p class='ocr_par' dir='ltr' id='par_1_87' title="bbox 2030 3295 3614 3370">
     <span class='ocr_line' id='line_1_87' title="bbox 2030 3295 3614 3370; baseline -0.001 -18"><span class='ocrx_word' id='word_1_687' title='bbox 2030 3299 2240 3353; x_wconf 89' lang='grc' dir='ltr'>λυπεῖν.</span> <span class='ocrx_word' id='word_1_688' title='bbox 2266 3297 2466 3350; x_wconf 79' lang='grc' dir='ltr'>Σκόπει</span> <span class='ocrx_word' id='word_1_689' title='bbox 2489 3296 2545 3350; x_wconf 81' lang='grc' dir='ltr'>δὲ</span> <span class='ocrx_word' id='word_1_690' title='bbox 2568 3295 2688 3359; x_wconf 91' lang='grc' dir='ltr'>πῶς</span> <span class='ocrx_word' id='word_1_691' title='bbox 2709 3296 2842 3350; x_wconf 84' lang='grc' dir='ltr'>αὐτὸ</span> <span class='ocrx_word' id='word_1_692' title='bbox 2866 3296 2962 3350; x_wconf 78' lang='grc' dir='ltr'>καὶ</span> <span class='ocrx_word' id='word_1_693' title='bbox 2987 3297 3105 3367; x_wconf 88' lang='grc' dir='ltr'>μετ’</span> <span class='ocrx_word' id='word_1_694' title='bbox 3129 3297 3409 3368; x_wconf 88' lang='grc' dir='ltr'>ἐγκωμίου</span> <span class='ocrx_word' id='word_1_695' title='bbox 3431 3297 3614 3370; x_wconf 87' lang='grc' dir='ltr'>τίθησι</span> 
     </span>
    </p>
   </div>
   <div class='ocr_carea' id='block_1_88' title="bbox 2030 3389 3617 3466">
    <p class='ocr_par' dir='ltr' id='par_1_88' title="bbox 2030 3389 3617 3466">
     <span class='ocr_line' id='line_1_88' title="bbox 2030 3389 3617 3466; baseline -0.001 -16"><span class='ocrx_word' id='word_1_696' title='bbox 2030 3396 2226 3465; x_wconf 86' lang='grc' dir='ltr'>λέγων·</span> <span class='ocrx_word' id='word_1_697' title='bbox 2265 3394 2389 3464; x_wconf 80' lang='grc' dir='ltr'>Ἀφ’</span> <span class='ocrx_word' id='word_1_698' title='bbox 2415 3389 2502 3448; x_wconf 84' lang='grc' dir='ltr'>ὧν</span> <span class='ocrx_word' id='word_1_699' title='bbox 2525 3391 2646 3448; x_wconf 76' lang='grc' dir='ltr'>ἔδει</span> <span class='ocrx_word' id='word_1_700' title='bbox 2668 3409 2745 3465; x_wconf 81' lang='grc' dir='ltr'>με</span> <span class='ocrx_word' id='word_1_701' title='bbox 2767 3393 3020 3463; x_wconf 84' lang='grc' dir='ltr'>χαίρειν.</span> <span class='ocrx_word' id='word_1_702' title='bbox 3056 3393 3228 3446; x_wconf 90' lang='grc' dir='ltr'>Τοῦτο</span> <span class='ocrx_word' id='word_1_703' title='bbox 3259 3393 3368 3466; x_wconf 83' lang='grc' dir='ltr'>γὰρ</span> <span class='ocrx_word' id='word_1_704' title='bbox 3399 3395 3617 3465; x_wconf 82' lang='grc' dir='ltr'>γνησιὸ·</span> 
     </span>
    </p>
   </div>
   <div class='ocr_carea' id='block_1_89' title="bbox 2029 3488 3608 3564">
    <p class='ocr_par' dir='ltr' id='par_1_89' title="bbox 2029 3488 3608 3564">
     <span class='ocr_line' id='line_1_89' title="bbox 2029 3488 3608 3564; baseline -0.004 -17"><span class='ocrx_word' id='word_1_705' title='bbox 2029 3510 2169 3564; x_wconf 88' lang='grc' dir='ltr'>τητα</span> <span class='ocrx_word' id='word_1_706' title='bbox 2206 3489 2612 3563; x_wconf 86' lang='grc' dir='ltr'>μαρτυροῦντός</span> <span class='ocrx_word' id='word_1_707' title='bbox 2647 3492 2783 3556; x_wconf 88' lang='grc' dir='ltr'>ἐστι,</span> <span class='ocrx_word' id='word_1_708' title='bbox 2830 3490 2925 3542; x_wconf 82' lang='grc' dir='ltr'>καὶ</span> <span class='ocrx_word' id='word_1_709' title='bbox 2959 3488 3161 3560; x_wconf 78' lang='grc' dir='ltr'>πολλὴν</span> <span class='ocrx_word' id='word_1_710' title='bbox 3201 3489 3608 3562; x_wconf 79' lang='grc' dir='ltr'>φιλοστοργίανο</span> 
     </span>
    </p>
   </div>
   <div class='ocr_carea' id='block_1_90' title="bbox 2029 3582 3608 3658">
    <p class='ocr_par' dir='ltr' id='par_1_90' title="bbox 2029 3582 3608 3658">
     <span class='ocr_line' id='line_1_90' title="bbox 2029 3582 3608 3658; baseline 0.009 -31"><span class='ocrx_word' id='word_1_711' title='bbox 2029 3590 2105 3654; x_wconf 73' lang='grc' dir='ltr'>ὡς</span> <span class='ocrx_word' id='word_1_712' title='bbox 2135 3589 2202 3642; x_wconf 76' lang='grc' dir='ltr'>ἂν</span> <span class='ocrx_word' id='word_1_713' title='bbox 2240 3589 2289 3641; x_wconf 74' lang='grc' dir='ltr'><strong>εἰ</strong></span> <span class='ocrx_word' id='word_1_714' title='bbox 2317 3588 2444 3658; x_wconf 70' lang='grc' dir='ltr'>περὶ</span> <span class='ocrx_word' id='word_1_715' title='bbox 2477 3586 2610 3640; x_wconf 79' lang='grc' dir='ltr'>υἱῶν</span> <span class='ocrx_word' id='word_1_716' title='bbox 2639 3603 2726 3649; x_wconf 88' lang='grc' dir='ltr'>τις</span> <span class='ocrx_word' id='word_1_717' title='bbox 2755 3582 2877 3638; x_wconf 73' lang='grc' dir='ltr'>εἷπε</span> <span class='ocrx_word' id='word_1_718' title='bbox 2913 3584 3085 3638; x_wconf 83' lang='grc' dir='ltr'>πολλὰ</span> <span class='ocrx_word' id='word_1_719' title='bbox 3117 3586 3608 3658; x_wconf 87' lang='grc' dir='ltr'>εὐεργετηθέντων,</span> 
     </span>
    </p>
   </div>
   <div class='ocr_carea' id='block_1_91' title="bbox 2031 3683 3610 3758">
    <p class='ocr_par' dir='ltr' id='par_1_91' title="bbox 2031 3683 3610 3758">
     <span class='ocr_line' id='line_1_91' title="bbox 2031 3683 3610 3758; baseline -0.003 -15"><span class='ocrx_word' id='word_1_720' title='bbox 2031 3689 2125 3744; x_wconf 73' lang='grc' dir='ltr'>καὶ</span> <span class='ocrx_word' id='word_1_721' title='bbox 2165 3687 2294 3758; x_wconf 73' lang='grc' dir='ltr'>περὶ</span> <span class='ocrx_word' id='word_1_722' title='bbox 2329 3687 2422 3749; x_wconf 75' lang='grc' dir='ltr'>οὓς</span> <span class='ocrx_word' id='word_1_723' title='bbox 2456 3685 2739 3755; x_wconf 88' lang='grc' dir='ltr'>ἐπόνησεν.</span> <span class='ocrx_word' id='word_1_724' title='bbox 2773 3685 2836 3737; x_wconf 73' lang='lat' dir='ltr'>El</span> <span class='ocrx_word' id='word_1_725' title='bbox 2872 3684 3052 3737; x_wconf 90' lang='grc' dir='ltr'>τοίνυν</span> <span class='ocrx_word' id='word_1_726' title='bbox 3085 3684 3173 3738; x_wconf 88' lang='grc' dir='ltr'>διά</span> <span class='ocrx_word' id='word_1_727' title='bbox 3204 3683 3363 3738; x_wconf 85' lang='grc' dir='ltr'>τοῦτο</span> <span class='ocrx_word' id='word_1_728' title='bbox 3388 3687 3610 3758; x_wconf 83' lang='grc' dir='ltr'>γράφω,</span> 
     </span>
    </p>
   </div>
   <div class='ocr_carea' id='block_1_92' title="bbox 2031 3761 3614 3853">
    <p class='ocr_par' dir='ltr' id='par_1_92' title="bbox 2031 3761 3614 3853">
     <span class='ocr_line' id='line_1_92' title="bbox 2031 3761 3614 3853; baseline 0.001 -17"><span class='ocrx_word' id='word_1_729' title='bbox 2031 3785 2124 3838; x_wconf 70' lang='grc' dir='ltr'>καὶ</span> <span class='ocrx_word' id='word_1_730' title='bbox 2145 3783 2246 3836; x_wconf 85' lang='grc' dir='ltr'>οὐκ</span> <span class='ocrx_word' id='word_1_731' title='bbox 2268 3783 2518 3853; x_wconf 74' lang='grc' dir='ltr'>ἔρχομαι,</span> <span class='ocrx_word' id='word_1_732' title='bbox 2551 3780 2692 3852; x_wconf 91' lang='grc' dir='ltr'>μέγα</span> <span class='ocrx_word' id='word_1_733' title='bbox 2712 3798 2764 3833; x_wconf 89' lang='grc' dir='ltr'>τι</span> <span class='ocrx_word' id='word_1_734' title='bbox 2785 3779 3086 3850; x_wconf 74' lang='grc' dir='ltr'>οἰκονομῶν</span> <span class='ocrx_word' id='word_1_735' title='bbox 3109 3761 3208 3834; x_wconf 81' lang='grc' dir='ltr'>οὐκ</span> <span class='ocrx_word' id='word_1_736' title='bbox 3242 3781 3494 3853; x_wconf 78' lang='grc' dir='ltr'>ἔρχομαι,</span> <span class='ocrx_word' id='word_1_737' title='bbox 3519 3786 3614 3838; x_wconf 75' lang='grc' dir='ltr'>καὶ</span> 
     </span>
    </p>
   </div>
   <div class='ocr_carea' id='block_1_93' title="bbox 2030 3875 3615 3950">
    <p class='ocr_par' dir='ltr' id='par_1_93' title="bbox 2030 3875 3615 3950">
     <span class='ocr_line' id='line_1_93' title="bbox 2030 3875 3615 3950; baseline -0.008 -16"><span class='ocrx_word' id='word_1_738' title='bbox 2030 3881 2092 3934; x_wconf 88' lang='grc' dir='ltr'>οὐ</span> <span class='ocrx_word' id='word_1_739' title='bbox 2126 3878 2299 3950; x_wconf 87' lang='grc' dir='ltr'>μισῶν</span> <span class='ocrx_word' id='word_1_740' title='bbox 2327 3877 2446 3930; x_wconf 81' lang='grc' dir='ltr'>οὐδὲ</span> <span class='ocrx_word' id='word_1_741' title='bbox 2476 3877 2971 3947; x_wconf 83' lang='grc' dir='ltr'>ἀποστρεφόμενος,</span> <span class='ocrx_word' id='word_1_742' title='bbox 3003 3875 3140 3930; x_wconf 84' lang='grc' dir='ltr'>ἀλλά</span> <span class='ocrx_word' id='word_1_743' title='bbox 3167 3876 3260 3930; x_wconf 77' lang='grc' dir='ltr'>καὶ</span> <span class='ocrx_word' id='word_1_744' title='bbox 3290 3878 3494 3950; x_wconf 87' lang='grc' dir='ltr'>σφόδρα</span> <span class='ocrx_word' id='word_1_745' title='bbox 3527 3898 3615 3948; x_wconf 80' lang='grc' dir='ltr'>φι.</span> 
     </span>
    </p>
   </div>
   <div class='ocr_carea' id='block_1_94' title="bbox 2031 3970 3614 4048">
    <p class='ocr_par' dir='ltr' id='par_1_94' title="bbox 2031 3970 3614 4048">
     <span class='ocr_line' id='line_1_94' title="bbox 2031 3970 3614 4048; baseline -0.001 -16"><span class='ocrx_word' id='word_1_746' title='bbox 2031 3979 2158 4032; x_wconf 89' lang='grc' dir='ltr'>λῶν.</span> <span class='ocrx_word' id='word_1_747' title='bbox 2188 3973 2342 4042; x_wconf 81' lang='grc' dir='ltr'>Εἶτα,</span> <span class='ocrx_word' id='word_1_748' title='bbox 2378 3976 2565 4048; x_wconf 82' lang='grc' dir='ltr'>ἐπειδὴ</span> <span class='ocrx_word' id='word_1_749' title='bbox 2586 3970 2759 4041; x_wconf 77' lang='grc' dir='ltr'>εἴπεν,</span> <span class='ocrx_word' id='word_1_750' title='bbox 2788 3975 2870 4029; x_wconf 82' lang='grc' dir='ltr'>ὅτι</span> <span class='ocrx_word' id='word_1_751' title='bbox 2904 3977 2961 4029; x_wconf 86' lang='lat'>&#39;0</span> <span class='ocrx_word' id='word_1_752' title='bbox 2980 3973 3166 4029; x_wconf 90' lang='grc' dir='ltr'>λυπῶν</span> <span class='ocrx_word' id='word_1_753' title='bbox 3197 3975 3500 4046; x_wconf 87' lang='grc' dir='ltr'>εὐφραίνει,</span> <span class='ocrx_word' id='word_1_754' title='bbox 3527 3978 3614 4030; x_wconf 80' lang='grc' dir='ltr'>ἵνα</span> 
     </span>
    </p>
   </div>
   <div class='ocr_carea' id='block_1_95' title="bbox 2035 4067 3616 4148">
    <p class='ocr_par' dir='ltr' id='par_1_95' title="bbox 2035 4067 3616 4148">
     <span class='ocr_line' id='line_1_95' title="bbox 2035 4067 3616 4148; baseline -0.001 -21"><span class='ocrx_word' id='word_1_755' title='bbox 2035 4077 2109 4147; x_wconf 79' lang='grc' dir='ltr'>μὴ</span> <span class='ocrx_word' id='word_1_756' title='bbox 2138 4074 2357 4142; x_wconf 82' lang='grc' dir='ltr'>λέγωσι·</span> <span class='ocrx_word' id='word_1_757' title='bbox 2384 4072 2555 4127; x_wconf 92' lang='grc' dir='ltr'>Τοῦτο</span> <span class='ocrx_word' id='word_1_758' title='bbox 2583 4067 2675 4125; x_wconf 80' lang='grc' dir='ltr'>οὖν</span> <span class='ocrx_word' id='word_1_759' title='bbox 2704 4071 2833 4124; x_wconf 83' lang='grc' dir='ltr'>αὐτὸ</span> <span class='ocrx_word' id='word_1_760' title='bbox 2861 4071 3202 4138; x_wconf 83' lang='grc' dir='ltr'>σπουδάζεις,</span> <span class='ocrx_word' id='word_1_761' title='bbox 3237 4072 3322 4126; x_wconf 73' lang='grc' dir='ltr'>ἵνα</span> <span class='ocrx_word' id='word_1_762' title='bbox 3347 4073 3616 4148; x_wconf 79' lang='grc' dir='ltr'>εὐφραίνῃ</span> 
     </span>
    </p>
   </div>
   <div class='ocr_carea' id='block_1_96' title="bbox 2033 4165 3614 4240">
    <p class='ocr_par' dir='ltr' id='par_1_96' title="bbox 2033 4165 3614 4240">
     <span class='ocr_line' id='line_1_96' title="bbox 2033 4165 3614 4240; baseline -0.003 -15"><span class='ocrx_word' id='word_1_763' title='bbox 2033 4173 2125 4225; x_wconf 75' lang='grc' dir='ltr'>καὶ</span> <span class='ocrx_word' id='word_1_764' title='bbox 2158 4166 2400 4240; x_wconf 77' lang='grc' dir='ltr'>ἐπιδείξῃ</span> <span class='ocrx_word' id='word_1_765' title='bbox 2432 4168 2567 4220; x_wconf 84' lang='grc' dir='ltr'>πᾶσι</span> <span class='ocrx_word' id='word_1_766' title='bbox 2596 4165 2770 4237; x_wconf 88' lang='grc' dir='ltr'>πόσην</span> <span class='ocrx_word' id='word_1_767' title='bbox 2802 4165 2932 4237; x_wconf 80' lang='grc' dir='ltr'>ἔχῃς</span> <span class='ocrx_word' id='word_1_768' title='bbox 2966 4167 3155 4237; x_wconf 86' lang='grc' dir='ltr'>ίσχύν;</span> <span class='ocrx_word' id='word_1_769' title='bbox 3187 4168 3484 4239; x_wconf 87' lang='grc' dir='ltr'>ἐπήγαγεν·</span> <span class='ocrx_word' id='word_1_770' title='bbox 3519 4171 3614 4222; x_wconf 71' lang='grc' dir='ltr'>Ἐκ</span> 
     </span>
    </p>
   </div>
   <div class='ocr_carea' id='block_1_97' title="bbox 2032 4263 3615 4338">
    <p class='ocr_par' dir='ltr' id='par_1_97' title="bbox 2032 4263 3615 4338">
     <span class='ocr_line' id='line_1_97' title="bbox 2032 4263 3615 4338; baseline -0.001 -18"><span class='ocrx_word' id='word_1_771' title='bbox 2032 4269 2143 4338; x_wconf 72' lang='grc' dir='ltr'>γὰρ</span> <span class='ocrx_word' id='word_1_772' title='bbox 2173 4265 2414 4334; x_wconf 83' lang='grc' dir='ltr'>πολλῆς</span> <span class='ocrx_word' id='word_1_773' title='bbox 2443 4266 2705 4334; x_wconf 69' lang='grc' dir='ltr'>θλίψεως</span> <span class='ocrx_word' id='word_1_774' title='bbox 2730 4264 2827 4318; x_wconf 81' lang='grc' dir='ltr'>καί</span> <span class='ocrx_word' id='word_1_775' title='bbox 2855 4263 3133 4334; x_wconf 84' lang='grc' dir='ltr'>συνοχῆς</span> <span class='ocrx_word' id='word_1_776' title='bbox 3156 4265 3404 4333; x_wconf 83' lang='grc' dir='ltr'>καρδίας</span> <span class='ocrx_word' id='word_1_777' title='bbox 3439 4266 3615 4334; x_wconf 80' lang='grc' dir='ltr'>ἔγρα-</span> 
     </span>
    </p>
   </div>
   <div class='ocr_carea' id='block_1_98' title="bbox 2031 4361 3611 4435">
    <p class='ocr_par' dir='ltr' id='par_1_98' title="bbox 2031 4361 3611 4435">
     <span class='ocr_line' id='line_1_98' title="bbox 2031 4361 3611 4435; baseline -0.002 -18"><span class='ocrx_word' id='word_1_778' title='bbox 2031 4370 2121 4435; x_wconf 69' lang='grc' dir='ltr'>ψα</span> <span class='ocrx_word' id='word_1_779' title='bbox 2140 4363 2282 4432; x_wconf 84' lang='grc' dir='ltr'>ὑμῖν</span> <span class='ocrx_word' id='word_1_780' title='bbox 2302 4361 2400 4416; x_wconf 84' lang='grc' dir='ltr'>διὰ</span> <span class='ocrx_word' id='word_1_781' title='bbox 2418 4361 2670 4416; x_wconf 83' lang='grc' dir='ltr'>πολλῶν</span> <span class='ocrx_word' id='word_1_782' title='bbox 2685 4363 2977 4431; x_wconf 74' lang='grc' dir='ltr'>δακρύωνο</span> <span class='ocrx_word' id='word_1_783' title='bbox 3013 4363 3126 4430; x_wconf 87' lang='grc' dir='ltr'>οὐχ</span> <span class='ocrx_word' id='word_1_784' title='bbox 3153 4362 3254 4415; x_wconf 82' lang='grc' dir='ltr'>ἵνα</span> <span class='ocrx_word' id='word_1_785' title='bbox 3275 4363 3611 4430; x_wconf 83' lang='grc' dir='ltr'>λυπηθῆτε,</span> 
     </span>
    </p>
   </div>
   <div class='ocr_carea' id='block_1_99' title="bbox 2032 4456 3612 4528">
    <p class='ocr_par' dir='ltr' id='par_1_99' title="bbox 2032 4456 3612 4528">
     <span class='ocr_line' id='line_1_99' title="bbox 2032 4456 3612 4528; baseline -0.001 -14"><span class='ocrx_word' id='word_1_786' title='bbox 2032 4460 2194 4516; x_wconf 80' lang='grc' dir='ltr'>ἀλλὰ</span> <span class='ocrx_word' id='word_1_787' title='bbox 2225 4459 2338 4525; x_wconf 80' lang='grc' dir='ltr'>τὴν</span> <span class='ocrx_word' id='word_1_788' title='bbox 2360 4457 2605 4526; x_wconf 72' lang='grc' dir='ltr'>ἀγάπην</span> <span class='ocrx_word' id='word_1_789' title='bbox 2628 4458 2730 4511; x_wconf 77' lang='grc' dir='ltr'>ἵνα</span> <span class='ocrx_word' id='word_1_790' title='bbox 2750 4457 2958 4526; x_wconf 78' lang='grc' dir='ltr'>γνῶτε,</span> <span class='ocrx_word' id='word_1_791' title='bbox 2992 4456 3074 4525; x_wconf 80' lang='grc' dir='ltr'>ῆν</span> <span class='ocrx_word' id='word_1_792' title='bbox 3103 4457 3223 4528; x_wconf 79' lang='grc' dir='ltr'>ἔχω</span> <span class='ocrx_word' id='word_1_793' title='bbox 3255 4461 3612 4526; x_wconf 84' lang='grc' dir='ltr'>περισσοτέ-</span> 
     </span>
    </p>
   </div>
   <div class='ocr_carea' id='block_1_100' title="bbox 2025 4554 2462 4627">
    <p class='ocr_par' dir='ltr' id='par_1_100' title="bbox 2025 4554 2462 4627">
     <span class='ocr_line' id='line_1_100' title="bbox 2025 4554 2462 4627; baseline -0.005 -17"><span class='ocrx_word' id='word_1_794' title='bbox 2025 4575 2144 4627; x_wconf 87' lang='grc' dir='ltr'>ρως</span> <span class='ocrx_word' id='word_1_795' title='bbox 2168 4559 2257 4621; x_wconf 85' lang='grc' dir='ltr'>είς</span> <span class='ocrx_word' id='word_1_796' title='bbox 2285 4554 2462 4625; x_wconf 81' lang='grc' dir='ltr'>ὑμᾶς.</span> 
     </span>
    </p>
   </div>
   <div class='ocr_carea' id='block_1_101' title="bbox 2103 4731 3616 4805">
    <p class='ocr_par' dir='ltr' id='par_1_101' title="bbox 2103 4731 3616 4805">
     <span class='ocr_line' id='line_1_101' title="bbox 2103 4731 3616 4805; baseline -0.001 -16"><span class='ocrx_word' id='word_1_797' title='bbox 2103 4735 2169 4789; x_wconf 92' lang='grc' dir='ltr'>Τί</span> <span class='ocrx_word' id='word_1_798' title='bbox 2189 4732 2394 4804; x_wconf 84' lang='grc' dir='ltr'>ταύτης</span> <span class='ocrx_word' id='word_1_799' title='bbox 2416 4731 2898 4803; x_wconf 86' lang='grc' dir='ltr'>φιλοστοργότερον</span> <span class='ocrx_word' id='word_1_800' title='bbox 2928 4731 3026 4802; x_wconf 84' lang='grc' dir='ltr'>τῆς</span> <span class='ocrx_word' id='word_1_801' title='bbox 3053 4731 3267 4804; x_wconf 73' lang='grc' dir='ltr'>ψυχῆςς</span> <span class='ocrx_word' id='word_1_802' title='bbox 3291 4732 3480 4787; x_wconf 78' lang='grc' dir='ltr'>Αὐτῶν</span> <span class='ocrx_word' id='word_1_803' title='bbox 3505 4734 3616 4805; x_wconf 84' lang='grc' dir='ltr'>γάρ</span> 
     </span>
    </p>
   </div>
   <div class='ocr_carea' id='block_1_102' title="bbox 2033 4837 3617 4909">
    <p class='ocr_par' dir='ltr' id='par_1_102' title="bbox 2033 4837 3617 4909">
     <span class='ocr_line' id='line_1_102' title="bbox 2033 4837 3617 4909; baseline 0 -18"><span class='ocrx_word' id='word_1_804' title='bbox 2033 4837 2142 4892; x_wconf 90' lang='grc' dir='ltr'>τῶν</span> <span class='ocrx_word' id='word_1_805' title='bbox 2162 4837 2564 4909; x_wconf 78' lang='grc' dir='ltr'>ἡμαρτηκότων</span> <span class='ocrx_word' id='word_1_806' title='bbox 2586 4837 2687 4890; x_wconf 88' lang='grc' dir='ltr'>οὐκ</span> <span class='ocrx_word' id='word_1_807' title='bbox 2707 4837 2952 4903; x_wconf 81' lang='grc' dir='ltr'>ἔλαττον,</span> <span class='ocrx_word' id='word_1_808' title='bbox 2977 4837 3115 4891; x_wconf 90' lang='grc' dir='ltr'>ἀλλά</span> <span class='ocrx_word' id='word_1_809' title='bbox 3137 4839 3230 4892; x_wconf 76' lang='grc' dir='ltr'>καὶ</span> <span class='ocrx_word' id='word_1_810' title='bbox 3251 4837 3432 4908; x_wconf 90' lang='grc' dir='ltr'>πολλῷ</span> <span class='ocrx_word' id='word_1_811' title='bbox 3454 4837 3617 4891; x_wconf 86' lang='grc' dir='ltr'>πλέον</span> 
     </span>
    </p>
   </div>
   <div class='ocr_carea' id='block_1_103' title="bbox 2033 4942 3614 5014">
    <p class='ocr_par' dir='ltr' id='par_1_103' title="bbox 2033 4942 3614 5014">
     <span class='ocr_line' id='line_1_103' title="bbox 2033 4942 3614 5014; baseline -0.002 -15"><span class='ocrx_word' id='word_1_812' title='bbox 2033 4945 2306 5000; x_wconf 86' lang='grc' dir='ltr'>δείκνυσιν</span> <span class='ocrx_word' id='word_1_813' title='bbox 2339 4943 2528 4999; x_wconf 86' lang='grc' dir='ltr'>ἐαυτὸν</span> <span class='ocrx_word' id='word_1_814' title='bbox 2563 4942 2896 5014; x_wconf 85' lang='grc' dir='ltr'>ἀλγήσαντα.</span> <span class='ocrx_word' id='word_1_815' title='bbox 2929 4942 3006 4996; x_wconf 90' lang='grc' dir='ltr'>Οὐ</span> <span class='ocrx_word' id='word_1_816' title='bbox 3029 4943 3162 5012; x_wconf 84' lang='grc' dir='ltr'>γὰρ,</span> <span class='ocrx_word' id='word_1_817' title='bbox 3197 4943 3330 4996; x_wconf 79' lang='grc' dir='ltr'>Ἀπὸ</span> <span class='ocrx_word' id='word_1_818' title='bbox 3362 4942 3614 5012; x_wconf 81' lang='grc' dir='ltr'>θλίψεως,</span> 
     </span>
    </p>
   </div>
   <div class='ocr_carea' id='block_1_104' title="bbox 2035 5047 3620 5122">
    <p class='ocr_par' dir='ltr' id='par_1_104' title="bbox 2035 5047 3620 5122">
     <span class='ocr_line' id='line_1_104' title="bbox 2035 5047 3620 5122; baseline 0.001 -18"><span class='ocrx_word' id='word_1_819' title='bbox 2035 5051 2170 5121; x_wconf 77' lang='grc' dir='ltr'>φησὶ</span> <span class='ocrx_word' id='word_1_820' title='bbox 2192 5051 2372 5122; x_wconf 89' lang='grc' dir='ltr'>μόνον,</span> <span class='ocrx_word' id='word_1_821' title='bbox 2401 5049 2538 5116; x_wconf 82' lang='grc' dir='ltr'>ἀλλ’,</span> <span class='ocrx_word' id='word_1_822' title='bbox 2555 5049 2689 5104; x_wconf 82' lang='grc' dir='ltr'>Ἀπὸ</span> <span class='ocrx_word' id='word_1_823' title='bbox 2712 5047 2978 5118; x_wconf 74' lang='grc' dir='ltr'>πολλῆςο</span> <span class='ocrx_word' id='word_1_824' title='bbox 3001 5049 3146 5115; x_wconf 84' lang='grc' dir='ltr'>οὐδὲ,</span> <span class='ocrx_word' id='word_1_825' title='bbox 3170 5051 3452 5121; x_wconf 88' lang='grc' dir='ltr'>Δακρύων,</span> <span class='ocrx_word' id='word_1_826' title='bbox 3481 5050 3620 5105; x_wconf 85' lang='grc' dir='ltr'>ἀλλά</span> 
     </span>
    </p>
   </div>
   <div class='ocr_carea' id='block_1_105' title="bbox 2034 5155 3619 5225">
    <p class='ocr_par' dir='ltr' id='par_1_105' title="bbox 2034 5155 3619 5225">
     <span class='ocr_line' id='line_1_105' title="bbox 2034 5155 3619 5225; baseline -0.001 -13"><span class='ocrx_word' id='word_1_827' title='bbox 2034 5157 2138 5212; x_wconf 86' lang='grc' dir='ltr'>Διά</span> <span class='ocrx_word' id='word_1_828' title='bbox 2159 5156 2404 5211; x_wconf 85' lang='grc' dir='ltr'>πολλῶν</span> <span class='ocrx_word' id='word_1_829' title='bbox 2430 5157 2709 5224; x_wconf 83' lang='grc' dir='ltr'>δακρύων</span> <span class='ocrx_word' id='word_1_830' title='bbox 2736 5155 2835 5209; x_wconf 82' lang='grc' dir='ltr'>καί</span> <span class='ocrx_word' id='word_1_831' title='bbox 2863 5155 3140 5225; x_wconf 84' lang='grc' dir='ltr'>συνοχῆς</span> <span class='ocrx_word' id='word_1_832' title='bbox 3163 5156 3432 5225; x_wconf 83' lang='grc' dir='ltr'>καρδίας·</span> <span class='ocrx_word' id='word_1_833' title='bbox 3463 5175 3619 5211; x_wconf 79' lang='grc' dir='ltr'>τουτ-</span> 
     </span>
    </p>
   </div>
   <div class='ocr_carea' id='block_1_106' title="bbox 2036 5263 3618 5339">
    <p class='ocr_par' dir='ltr' id='par_1_106' title="bbox 2036 5263 3618 5339">
     <span class='ocr_line' id='line_1_106' title="bbox 2036 5263 3618 5339; baseline 0.001 -20"><span class='ocrx_word' id='word_1_834' title='bbox 2036 5267 2204 5328; x_wconf 81' lang='grc' dir='ltr'>ἐστιν,</span> <span class='ocrx_word' id='word_1_835' title='bbox 2251 5263 2760 5336; x_wconf 81' lang='grc' dir='ltr'>Ἀτι-ηγχονιζόμην,</span> <span class='ocrx_word' id='word_1_836' title='bbox 2791 5264 3176 5335; x_wconf 88' lang='grc' dir='ltr'>ἀπεπνιγόμην</span> <span class='ocrx_word' id='word_1_837' title='bbox 3211 5265 3316 5318; x_wconf 83' lang='grc' dir='ltr'>ὑπὸ</span> <span class='ocrx_word' id='word_1_838' title='bbox 3343 5267 3443 5339; x_wconf 82' lang='grc' dir='ltr'>τῆς</span> <span class='ocrx_word' id='word_1_839' title='bbox 3482 5267 3618 5319; x_wconf 89' lang='grc' dir='ltr'>ἀθυ-</span> 
     </span>
    </p>
   </div>
   <div class='ocr_carea' id='block_1_107' title="bbox 2039 5369 3618 5443">
    <p class='ocr_par' dir='ltr' id='par_1_107' title="bbox 2039 5369 3618 5443">
     <span class='ocr_line' id='line_1_107' title="bbox 2039 5369 3618 5443; baseline 0.001 -19"><span class='ocrx_word' id='word_1_840' title='bbox 2039 5372 2184 5443; x_wconf 70' lang='grc' dir='ltr'>μίαςο</span> <span class='ocrx_word' id='word_1_841' title='bbox 2240 5371 2335 5426; x_wconf 74' lang='grc' dir='ltr'>καὶ</span> <span class='ocrx_word' id='word_1_842' title='bbox 2396 5369 2595 5442; x_wconf 85' lang='grc' dir='ltr'>μηκέτι</span> <span class='ocrx_word' id='word_1_843' title='bbox 2648 5369 2830 5441; x_wconf 87' lang='grc' dir='ltr'>φέρων</span> <span class='ocrx_word' id='word_1_844' title='bbox 2886 5369 2985 5440; x_wconf 80' lang='grc' dir='ltr'>τῆς</span> <span class='ocrx_word' id='word_1_845' title='bbox 3039 5369 3282 5441; x_wconf 84' lang='grc' dir='ltr'>ἀθυμίας</span> <span class='ocrx_word' id='word_1_846' title='bbox 3327 5373 3388 5425; x_wconf 87' lang='grc' dir='ltr'>τὸ</span> <span class='ocrx_word' id='word_1_847' title='bbox 3435 5372 3618 5441; x_wconf 85' lang='grc' dir='ltr'>νέφος,</span> 
     </span>
    </p>
   </div>
   <div class='ocr_carea' id='block_1_108' title="bbox 2035 5476 3619 5550">
    <p class='ocr_par' dir='ltr' id='par_1_108' title="bbox 2035 5476 3619 5550">
     <span class='ocr_line' id='line_1_108' title="bbox 2035 5476 3619 5550; baseline 0 -18"><span class='ocrx_word' id='word_1_848' title='bbox 2035 5477 2252 5549; x_wconf 73' lang='grc' dir='ltr'>ἔγραψα</span> <span class='ocrx_word' id='word_1_849' title='bbox 2289 5477 2418 5548; x_wconf 81' lang='grc' dir='ltr'>ὑμῖν</span> <span class='ocrx_word' id='word_1_850' title='bbox 2444 5492 2455 5508; x_wconf 79' lang='grc' dir='ltr'><strong>ο</strong></span> <span class='ocrx_word' id='word_1_851' title='bbox 2479 5477 2603 5544; x_wconf 84' lang='grc' dir='ltr'>Οὐχ</span> <span class='ocrx_word' id='word_1_852' title='bbox 2632 5476 2734 5530; x_wconf 83' lang='grc' dir='ltr'>ἵνα</span> <span class='ocrx_word' id='word_1_853' title='bbox 2765 5476 3111 5546; x_wconf 84' lang='grc' dir='ltr'>λυπηθῆτε,</span> <span class='ocrx_word' id='word_1_854' title='bbox 3137 5477 3277 5533; x_wconf 76' lang='grc' dir='ltr'>ἀλλ’</span> <span class='ocrx_word' id='word_1_855' title='bbox 3301 5479 3403 5532; x_wconf 73' lang='lat' dir='ltr'>Ira</span> <span class='ocrx_word' id='word_1_856' title='bbox 3431 5477 3619 5550; x_wconf 74' lang='grc' dir='ltr'>γνῶτε</span> 
     </span>
    </p>
   </div>
   <div class='ocr_carea' id='block_1_109' title="bbox 2040 5584 3614 5657">
    <p class='ocr_par' dir='ltr' id='par_1_109' title="bbox 2040 5584 3614 5657">
     <span class='ocr_line' id='line_1_109' title="bbox 2040 5584 3614 5657; baseline -0.001 -19"><span class='ocrx_word' id='word_1_857' title='bbox 2040 5587 2152 5657; x_wconf 74' lang='grc' dir='ltr'>τὴν</span> <span class='ocrx_word' id='word_1_858' title='bbox 2192 5585 2468 5657; x_wconf 71' lang='grc' dir='ltr'>ἀγάπην,</span> <span class='ocrx_word' id='word_1_859' title='bbox 2517 5585 2702 5655; x_wconf 77' lang='grc' dir='ltr'>φησὶν,</span> <span class='ocrx_word' id='word_1_860' title='bbox 2759 5584 2841 5653; x_wconf 79' lang='grc' dir='ltr'>ἢν</span> <span class='ocrx_word' id='word_1_861' title='bbox 2889 5586 3007 5655; x_wconf 74' lang='grc' dir='ltr'>ἔχω</span> <span class='ocrx_word' id='word_1_862' title='bbox 3041 5588 3475 5654; x_wconf 82' lang='grc' dir='ltr'>περισσοτέρως</span> <span class='ocrx_word' id='word_1_863' title='bbox 3528 5587 3614 5650; x_wconf 83' lang='grc' dir='ltr'>είς</span> 
     </span>
    </p>
   </div>
   <div class='ocr_carea' id='block_1_110' title="bbox 2037 5690 3616 5766">
    <p class='ocr_par' dir='ltr' id='par_1_110' title="bbox 2037 5690 3616 5766">
     <span class='ocr_line' id='line_1_110' title="bbox 2037 5690 3616 5766; baseline -0.004 -16"><span class='ocrx_word' id='word_1_864' title='bbox 2037 5694 2212 5765; x_wconf 77' lang='grc' dir='ltr'>ὑμᾶς.</span> <span class='ocrx_word' id='word_1_865' title='bbox 2241 5692 2437 5747; x_wconf 75' lang='grc' dir='ltr'>Καίτοι</span> <span class='ocrx_word' id='word_1_866' title='bbox 2460 5691 2521 5744; x_wconf 75' lang='grc' dir='ltr'>τὸ</span> <span class='ocrx_word' id='word_1_867' title='bbox 2546 5692 2838 5746; x_wconf 86' lang='grc' dir='ltr'>ἀκόλουθον</span> <span class='ocrx_word' id='word_1_868' title='bbox 2874 5690 2942 5766; x_wconf 80' lang='grc' dir='ltr'>ἦν</span> <span class='ocrx_word' id='word_1_869' title='bbox 2967 5695 3163 5748; x_wconf 82' lang='grc' dir='ltr'>εἰπεῖν·</span> <span class='ocrx_word' id='word_1_870' title='bbox 3195 5695 3307 5764; x_wconf 89' lang='grc' dir='ltr'>Οὐχ</span> <span class='ocrx_word' id='word_1_871' title='bbox 3335 5694 3419 5746; x_wconf 78' lang='grc' dir='ltr'>ἵνα</span> <span class='ocrx_word' id='word_1_872' title='bbox 3443 5695 3616 5761; x_wconf 80' lang='grc' dir='ltr'>λυπη-</span> 
     </span>
    </p>
   </div>
   <div class='ocr_carea' id='block_1_111' title="bbox 2040 5793 3613 5870">
    <p class='ocr_par' dir='ltr' id='par_1_111' title="bbox 2040 5793 3613 5870">
     <span class='ocr_line' id='line_1_111' title="bbox 2040 5793 3613 5870; baseline -0.003 -18"><span class='ocrx_word' id='word_1_873' title='bbox 2040 5797 2190 5869; x_wconf 86' lang='grc' dir='ltr'>θῆτε,</span> <span class='ocrx_word' id='word_1_874' title='bbox 2219 5796 2334 5850; x_wconf 85' lang='grc' dir='ltr'>ἀλλ’</span> <span class='ocrx_word' id='word_1_875' title='bbox 2365 5797 2451 5849; x_wconf 81' lang='grc' dir='ltr'>ἵνα</span> <span class='ocrx_word' id='word_1_876' title='bbox 2478 5795 2836 5870; x_wconf 72' lang='grc' dir='ltr'>διορθωθῆτε·</span> <span class='ocrx_word' id='word_1_877' title='bbox 2872 5799 2962 5854; x_wconf 78' lang='grc' dir='ltr'>καὶ</span> <span class='ocrx_word' id='word_1_878' title='bbox 3002 5800 3112 5869; x_wconf 87' lang='grc' dir='ltr'>γὰρ</span> <span class='ocrx_word' id='word_1_879' title='bbox 3137 5793 3224 5852; x_wconf 83' lang='grc' dir='ltr'>διὰ</span> <span class='ocrx_word' id='word_1_880' title='bbox 3258 5796 3416 5850; x_wconf 91' lang='grc' dir='ltr'>τοῦτο</span> <span class='ocrx_word' id='word_1_881' title='bbox 3444 5795 3613 5867; x_wconf 80' lang='grc' dir='ltr'>ἐγρα-</span> 
     </span>
    </p>
   </div>
  </div>
