4068 6412
428 323 524 379 421
1099 328 1157 384 S.
1191 326 1472 384 JOANNIS
1507 327 1995 385 CHRYSOSTOMI
2031 325 2348 384 ARCUIEP.
2383 322 2925 383 CONSTANTINOP.

423 436 544 506 ψεν·
607 437 726 492 ἀλλ’
790 440 849 494 ού
908 439 1056 510 λέγει
1109 440 1305 506 τοῦτο,
1356 443 1492 496 ἀλλά
1549 444 2003 512 καταγλυκαίνων

427 529 632 599 μᾶλλον
677 533 768 586 τὸν
813 533 992 601 λόγον,
1053 534 1146 587 καὶ
1191 535 1271 596 εἰς
1311 535 1494 604 μεῖξον
1543 535 1762 606 φίλτρον
1805 536 2002 598 αὐτοὺς

425 621 831 693 ἐπισπώμενος,
861 624 1018 677 τοῦτο
1050 625 1163 677 ἀντ’
1199 625 1409 678 ἐκείνου
1438 624 1641 696 τίθησι,
1671 627 1884 688 δεικνὺς
1920 625 2002 678 ὅτι

427 716 604 769 πάντα
655 719 764 770 ἀπὸ
807 717 1027 787 ἀγάπης
1076 720 1240 772 ποιεῖ.
1291 719 1398 772 Καὶ
1437 720 1536 789 οὐχ
1585 718 1769 782 ἁπλῶς
1815 735 1998 789 φησιν,

437 810 707 879 ’Δγὰπην,
752 810 889 873 ἀλλ’,
945 814 1053 865 Ἦν
1081 812 1199 880 ἔχω
1235 810 1384 883 [458]
1435 810 1875 881 περισσοτέρως
1917 813 2005 876 εὶς

423 901 597 970 ὑμᾶς.
625 902 879 956 Βούλεται
903 905 1011 974 γὰρ
1032 905 1230 967 αὐτοὺς
1255 903 1350 956 καὶ
1371 903 1541 975 ταύτῃ
1568 901 2001 965 ἐπισπάσασθαι,

421 993 500 1065 τῷ
524 994 696 1059 δεῖξαι
734 997 816 1048 ὅτι
861 997 1024 1050 πλέον
1069 997 1286 1051 πάντων
1320 998 1517 1058 αὐτοὺς
1567 997 1745 1066 φιλεῖ,
1786 995 1880 1048 καὶ
1928 995 2004 1056 ὼς

423 1089 552 1156 περὶ
590 1086 898 1158 ἐξαιρέτους
933 1088 1181 1159 μαθητὰς
1236 1088 1526 1141 διάκειται.
1579 1089 1670 1141 Διό
1702 1101 1888 1158 φησιν’
1933 1087 2005 1139 El

422 1179 522 1232 καὶ
560 1178 773 1245 ἄλλοις
813 1181 924 1233 οὐκ
967 1179 1083 1248 εἰμὶ
1135 1181 1512 1246 ἀπόστολος,
1558 1177 1720 1232 ἀλλά
1762 1193 1832 1246 τε
1861 1176 2004 1245 ὑμῖν

420 1270 561 1337 ειμι·
599 1269 712 1332 καὶ,
748 1271 883 1322 Ἐὰν
909 1269 1182 1334 πολλοὺς
1208 1268 1618 1340 παιδαγωγοὺς
1638 1268 1840 1337 ἔχητε,
1863 1266 2002 1320 ἀλλ’

421 1364 495 1416 οὐ
529 1361 801 1426 πολλοὺς
829 1362 1106 1430 πατέρας·
1140 1363 1233 1415 καὶ
1268 1363 1449 1423 πάλιν,
1500 1363 1600 1414 Ἐν
1631 1359 1821 1428 χάριτι
1853 1356 2000 1410 Θεοῦ

421 1453 889 1523 ἀνεστράφημεν
932 1456 1004 1506 ἐν
1045 1452 1124 1519 τῷ
1163 1457 1401 1523 κόσμῳ,
1457 1450 1895 1520 περισσοτέρως
1934 1448 2002 1502 δὲ

421 1545 573 1614 πρὸς
605 1544 778 1615 ὑμᾶς’
823 1546 918 1598 καὶ
963 1544 1170 1616 προϊών
1209 1563 1369 1614 φησι·
1413 1543 1521 1600 Καὶ
1562 1540 2001 1610 περισσοτέρως

419 1636 575 1705 ὑμᾶς
608 1634 874 1705 ἀγαπῶν,
905 1631 1087 1705 ἧττον
1107 1635 1443 1706 ἀγαπῶμαι·
1475 1635 1570 1688 καὶ
1599 1633 1856 1694 ἐνταῦθα,
1893 1634 2000 1686 Ἦν

417 1730 536 1798 ἔχω
581 1729 1029 1797 περισσοτέρως
1057 1731 1143 1795 εὶς
1171 1727 1344 1798 ὑμᾶς.

493 1884 555 1944 γ’.
581 1879 740 1932 Ὥστε
766 1879 812 1930 εἰ
844 1879 938 1932 καὶ
964 1877 1139 1948 θυμοῦ
1161 1876 1228 1931 τά
1254 1879 1474 1949 ῥήματα
1508 1875 1705 1947 ἔγεμεν
1721 1886 1762 1940 ⁸,
1791 1874 1904 1930 ἀλλ’
1941 1873 2001 1939 ἐξ

419 1971 642 2040 ἀγάπης
671 1967 738 2041 ἦν
771 1970 975 2039 πολλῆς
1008 1973 1103 2023 καὶ
1132 1970 1324 2040 ὀδύνης
1352 1973 1380 2024 ό
1407 1970 1598 2041 θυμός.
1632 1972 1740 2022 Καὶ
1773 1969 2000 2038 γράφων

418 2064 516 2134 τὴν
561 2063 913 2133 Ἐπιστολὴν,
950 2063 1186 2133 ἔπασχον
1206 2104 1220 2128 ,
1253 2063 1472 2133 ἧλγουν,
1497 2063 1594 2131 οὺχ
1626 2063 1709 2115 ὃτι
1748 2062 2000 2131 ἡμαρτή-

420 2173 552 2208 κατε
593 2155 774 2225 μόνον,
814 2155 930 2207 ἀλλ’
959 2155 1041 2207 ὃτι
1085 2157 1180 2207 καὶ
1207 2153 1599 2224 ἠναγκαζόμην
1632 2152 1842 2204 λυπεῖν.
1890 2150 1998 2203 Καὶ

417 2246 576 2300 τοῦτο
601 2246 658 2298 δέ
684 2245 816 2299 αὐτὸ
845 2246 904 2312 ἐξ
944 2245 1196 2316 ἀγάπης·
1225 2243 1417 2314 ὥσπερ
1450 2243 1515 2297 ἂν
1544 2243 1683 2313 ἔχων
1719 2260 1802 2305 τις
1829 2241 1998 2296 παῖδα

417 2341 640 2408 γνήσιον
692 2337 962 2407 σηπεδόνα
1014 2335 1241 2406 ἔχοντα,
1295 2333 1736 2404 ἀναγκαζόμενος
1781 2334 1998 2403 τέμνειν

418 2433 513 2484 καὶ
546 2431 744 2494 καίειν,
779 2429 846 2483 δι’
891 2431 1182 2500 ἀμφότερα
1222 2429 1442 2499 πάσχοι,
1480 2428 1573 2481 καὶ
1598 2428 1679 2480 ὅτι
1702 2429 1868 2489 νοσεῖ,
1903 2427 1998 2478 καὶ

415 2521 499 2572 ὅτι
543 2518 914 2588 ἀναγκάζεται
961 2518 1124 2573 αὑτὸν
1175 2520 1420 2590 τέμνειν.
1469 2519 1634 2570 Ὥστε
1670 2518 1699 2570 ὃ
1746 2517 1995 2588 νομίζετε

414 2607 554 2664 εἶναι
595 2611 690 2664 τοῦ
739 2615 917 2683 μισεῖν
962 2611 1107 2682 ὑμᾶς
1152 2613 1411 2681 σημεῖον,
1463 2608 1622 2663 τοῦτο
1666 2609 1757 2663 τοῦ
1794 2610 1997 2679 σφόδρα

417 2705 590 2773 φιλεῖν
622 2699 709 2775 ἦν.
750 2704 812 2755 Εἰ
847 2703 990 2755 δὲτὸ
1017 2702 1254 2770 λυπῆσαι
1285 2702 1343 2767 ἐξ
1370 2700 1613 2771 ἀγάπης,
1647 2699 1826 2771 πολλῷ
1857 2701 1995 2771 μάλ-

413 2796 506 2849 λον
541 2795 603 2848 τὸ
632 2793 1022 2865 εὐφραίνεσθαι
1062 2793 1437 2865 λυπουμένων.
1481 2793 1996 2864 Ἀπολογησάμενος

413 2887 596 2942 τοίνυν
625 2887 765 2958 ὑπὲρ
791 2886 984 2939 ἐαυτοῦ
1015 2886 1144 2958 (καὶ
1179 2886 1289 2957 γὰρ
1318 2886 1668 2953 ἀπολογεῖται
1692 2885 1991 2956 πολλαχοῦο

415 2983 512 3034 καὶ
543 2981 645 3033 ούκ
675 2978 1012 3050 αἰσχύνεται·
1047 2979 1096 3030 εἰ
1127 2979 1236 3048 γὰρ
1263 2980 1291 3031 ὁ
1311 2978 1442 3041 Θεὸς
1468 2979 1600 3032 αὐτὸ
1632 2981 1776 3031 ποιεῖ
1797 2977 1993 3046 λέγων,

414 3073 573 3136 Λαός
597 3088 737 3138 μου,
772 3071 827 3122 τί
847 3069 1111 3136 ἐποίησά
1140 3083 1273 3132 σοι;
1299 3067 1478 3138 πολλῷ
1514 3067 1714 3138 μᾶλλον
1737 3067 1990 3136 Παῦλος)·

414 3161 899 3230 ἀπολογησάμενος
957 3155 1050 3213 οὖν
1117 3159 1260 3230 ὑπὲρ
1325 3157 1522 3212 ἐαυτοῦ
1546 3201 1559 3224 ,
1626 3160 1720 3212 καὶ
1785 3159 1994 3228 μέλλων

416 3253 661 3322 μετιέναι
711 3251 898 3303 λοιπὸν
944 3250 1036 3303 ἐπὶ
1074 3249 1172 3320 τὴν
1219 3249 1515 3317 ἀπολογίαν
1559 3249 1658 3318 τὴν
1705 3250 1847 3320 ὑπὲρ
1897 3247 1991 3301 τοῦ

413 3343 865 3412 πεπορνευκότοςο
905 3341 992 3394 ἵνα
1027 3342 1101 3412 μὴ
1136 3341 1544 3412 διαστραφῶσιν
1570 3341 1598 3380 b
1632 3341 1707 3404 ὼς
1732 3339 1993 3394 τάναντία

415 3434 783 3505 κελευόμενοι,
821 3434 916 3488 καὶ
955 3433 1577 3504 προσφιλονεικήσωσιν,
1617 3431 1803 3504 ἐπειδὴ
1834 3432 1991 3496 αὐτὸς

415 3524 482 3598 ἦν
539 3529 567 3580 ὁ
620 3528 711 3580 καὶ
759 3527 882 3579 τότε
928 3526 1226 3597 ὀργισθεὶς,
1280 3525 1375 3579 καλ¹
1425 3525 1522 3577 νῦν
1556 3522 1797 3576 κελεύων
1828 3523 1992 3576 αὑτὸν

413 3619 632 3688 ἀφιέναι
651 3635 665 3649 ⁸
703 3618 803 3689 ὅρα
827 3617 942 3680 πῶς
972 3617 1105 3672 αὐτὸ
1137 3616 1597 3688 προῳκονὸμησεν
1616 3655 1630 3677 ,
1659 3614 1767 3668 ἀπό
1794 3631 1852 3666 τε
1885 3615 1992 3666 τῶν

413 3709 741 3780 εἰρημένων,
771 3708 878 3761 ἀπό
906 3725 965 3760 τε
993 3707 1100 3760 τῶν
1130 3706 1540 3777 ῥηθησομένων.
1568 3705 1633 3758 Τί
1658 3705 1766 3775 γάρ
1791 3719 1989 3774 φησιν;

413 3802 481 3854 El
507 3799 574 3852 δέ
600 3818 688 3865 τις
722 3801 1094 3867 λελύπηκεν,
1118 3801 1230 3852 οὐκ
1269 3799 1374 3868 ἐμὲ
1409 3799 1736 3867 λελύπηκε.
1771 3795 1990 3870 Πρῶτον

410 3891 606 3954 αὐτοὺς
622 3891 939 3956 ἐπαινέσας,
958 3890 1033 3954 ὡς
1055 3889 1124 3942 τὰ
1147 3889 1288 3942 αύτά
1311 3890 1618 3960 χαίροντας,
1644 3889 1733 3942 καὶ
1757 3888 1825 3941 τά
1853 3885 1989 3940 αὐτὰ

410 3983 804 4054 λυπουμένους,
818 3983 938 4036 τότε
960 3981 1220 4052 ἐμϐάλλει
1239 3983 1318 4045 είς
1342 3981 1432 4034 τὸν
1454 3999 1521 4034 πε
1529 3982 1584 4053 ρὶ
1598 3981 1790 4034 τούτου
1810 3980 1986 4048 λόγον,

409 4074 579 4128 εἰπὼν
602 4075 836 4147 πρῶτον,
858 4076 941 4127 ὅτι
955 4075 1026 4127 Ἦ
1040 4073 1152 4143 ἐμὴ
1175 4075 1330 4143 χαρὰ
1348 4073 1589 4126 πάντων
1609 4071 1776 4142 ὑμῶν
1797 4073 1985 4125 ἐστιν.

409 4167 474 4221 Εἰ
506 4167 563 4220 δὲ
588 4169 620 4235 ἡ
647 4166 792 4238 χαρὰ
821 4169 1040 4220 πάντων
1072 4166 1226 4236 ὑμῶν
1265 4165 1430 4236 χαρά,
1459 4165 1541 4218 δεῖ
1572 4167 1690 4235 μετ’
1723 4163 1858 4234 ἐμοῦ
1891 4163 1987 4216 καὶ

407 4257 504 4312 νῦν
522 4257 776 4327 ἡσθῆναι,
799 4256 989 4327 ὥσπερ
1008 4258 1283 4327 ἠλγήσατε
1301 4257 1417 4327 μετ’
1435 4254 1570 4324 ἐμοῦ
1585 4253 1729 4307 τότε.
1750 4253 1859 4305 Καὶ
1877 4251 1986 4323 γὰρ

406 4350 473 4404 δι’
492 4343 566 4403 ὧν
590 4349 922 4421 ἐλυπήθητε,
944 4350 1286 4421 ηὑφράνατεο
1313 4351 1410 4402 καὶ
1434 4348 1502 4400 δι’
1524 4340 1598 4400 ὧν
1623 4347 1841 4417 χαίρετε
1867 4343 1984 4410 νῦν,

405 4442 472 4497 ἂν
497 4441 606 4512 ἄρα
638 4441 860 4513 ήσθῆτε,
889 4443 951 4495 τὸ
983 4442 1116 4496 αὐτὸ
1145 4443 1426 4512 ποιήσετε.
1460 4441 1568 4492 Καὶ
1599 4439 1700 4491 οὐκ
1715 4434 1889 4499 εἶπεν,
1919 4436 1983 4488 Ἦ

407 4535 516 4607 ἐμὴ
556 4534 702 4606 λύπη
738 4536 959 4588 πάντων
990 4534 1145 4605 ὑμῶν
1188 4535 1337 4585 ἐστιν
1359 4547 1372 4559 ·
1407 4529 1522 4583 ἀλλ’
1558 4532 1617 4582 ἐν
1650 4531 1762 4591 τοῖς
1802 4527 1984 4591 ἀλλοις

406 4627 829 4688 κατασκευάσας
877 4625 1057 4689 τοῦτο,
1099 4624 1194 4678 νῦν
1233 4623 1394 4693 μόνον
1437 4617 1498 4676 οὗ
1540 4619 1774 4692 ἔχρῃζε,
1828 4619 1983 4672 τοῦτο

404 4721 642 4786 τέθεικε,
669 4722 766 4789 τὴν
796 4718 995 4788 χαράν,
1019 4715 1209 4779 εἰπὼν,
1228 4717 1311 4768 ὅτι
1335 4715 1400 4769 Ἢ
1427 4712 1539 4784 ἐμὴ
1569 4711 1722 4783 χαρά
1743 4711 1985 4764 πάντων

404 4807 573 4880 ὑμῶν
603 4808 793 4862 ἐστιν.
831 4803 965 4860 Εἶτα
997 4807 1090 4858 καὶ
1123 4805 1228 4858 τῶν
1274 4804 1556 4876 προτέρων
1589 4802 1864 4874 μέμνηται
1892 4800 1981 4854 λέ-

403 4917 542 4970 γων·
595 4896 655 4953 El
685 4897 753 4951 δέ
785 4915 871 4964 τις
901 4898 1286 4964 λελύπηκεν,
1317 4897 1429 4948 οὐκ
1459 4894 1563 4963 ἐμὲ
1598 4893 1978 4961 λελύπηκεν,

402 4992 565 5046 ἀλλὰ
594 4991 712 5046 ἀπὸ
740 4989 981 5059 μέρους,
1013 4991 1114 5044 ἵνα
1137 4989 1223 5059 μὴ
1252 4985 1511 5056 ἐπιϐαρῶ
1540 4987 1772 5051 πάντας
1802 4984 1978 5056 ὑμᾶς.

404 5080 557 5148 Οἶδα,
589 5083 754 5154 φησὶν
779 5123 792 5145 ,
823 5083 904 5135 ὅτι
941 5080 1351 5153 συνωργίσθητέ
1399 5097 1490 5151 μοι
1531 5080 1628 5133 καὶ
1673 5095 1978 5150 συνηγανα-

403 5177 641 5245 κτήσατε
662 5176 755 5226 ἐπὶ
781 5173 855 5244 τῷ
884 5173 1304 5245 πεπορνευκότι,
1331 5173 1426 5225 καὶ
1453 5173 1516 5224 ἐκ
1539 5172 1739 5241 μέρους
1768 5170 1978 5234 πάντας

404 5267 548 5337 ὑμᾶς
585 5267 824 5336 ἐλύπησε
857 5267 916 5318 τὸ
953 5265 1188 5336 συμϐάν.
1224 5265 1323 5317 Διά
1359 5263 1521 5318 τοῦτο
1549 5263 1606 5315 δὲ
1639 5258 1828 5326 εἷπον,
1876 5262 1979 5314 Ἐκ

400 5359 638 5426 μέρους,
662 5357 761 5427 οὐχ
785 5357 860 5420 ὡς
902 5357 1056 5427 ὑμῶν
1082 5357 1343 5410 ἐλάττονα
1374 5356 1752 5426 ἀλγησάντων,
1782 5353 1814 5425 ἢ
1845 5351 1974 5422 ἐγὼ,

400 5446 554 5520 [459]
583 5448 698 5502 ἀλλ’
727 5448 816 5500 ῖνα
854 5448 927 5518 μὴ
960 5448 1182 5518 βαρήσω
1213 5450 1421 5500 ἐκεῖνον
1453 5447 1544 5499 τὸν
1577 5444 1973 5517 πορνεύσαντα.

398 5540 512 5593 Οὐκ
564 5539 664 5609 ἐμὲ
702 5538 880 5591 τοίνυν
931 5540 1091 5608 μόνον
1145 5539 1455 5609 ἐλύπησεν,
1505 5537 1640 5592 ἀλλά
1695 5536 1788 5590 καὶ
1833 5537 1978 5608 ὑμᾶς

460 5747 484 5774 υ
518 5743 772 5804 Legebatur
793 5745 962 5804 ἔλεγεν.

495 5804 523 5846 ὗ
547 5808 633 5854 Ms.
643 5841 659 5866 ,
683 5807 1022 5868 έπιστραφῶσι.

3579 321 3688 378 ηε

2107 444 2324 511 ὁμοίως,
2362 425 2456 494 καῖ
2489 441 2805 511 φειδόμενος
2848 436 3014 495 αὑτοῦ
3055 435 3229 495 εἷπον·
3275 437 3409 493 Ἀπὸ
3433 436 3682 507 μέρους.

2109 531 2260 597 Εἶδες
2291 533 2409 597 πῶς
2438 534 2618 588 αὐτῶν
2648 534 2853 597 εὐθέως
2882 534 3114 604 ἐχάλασε
3153 534 3246 586 τὸν
3277 533 3472 601 θυμὸν,
3501 532 3686 598 δείξας

2108 628 2202 678 καὶ
2235 626 2334 694 τῆς
2367 627 2794 695 ἀγανακτήσεως
2825 627 3114 688 κοινωνοὺς
3139 625 3494 695 γενομένουςς
3537 624 3683 676 Ἰκα-

2106 717 2216 770 vm-
2241 715 2320 781 τῷ
2339 717 2586 779 τοιούτῳ
2613 718 2650 785 ἡ
2672 717 2933 785 ἐπιτιμία
2954 717 3102 784 αὕτη
3129 717 3169 783 ἠ
3194 717 3314 770 ὑπὸ
3337 714 3455 768 τῶν
3481 714 3681 766 πλειό-

2105 825 2248 863 νων.
2288 811 2397 862 Καὶ
2434 811 2494 863 ού
2524 810 2694 878 λέγει,
2726 812 2816 880 Τῷ
2847 802 3280 882 πεπορνευκότί,
3311 808 3446 862 ἀλλά
3478 807 3640 860 πάλιν
3665 845 3679 866 ,

2112 904 2196 969 Τῷ
2225 905 2490 969 τοιούτῳ.
2527 905 2603 969 ὡς
2632 906 2728 959 καὶ
2754 907 2811 958 ἐν
2839 908 2904 975 τῇ
2938 906 3198 976 προτέρᾳ⁶
3229 903 3346 958 ἀλλ’
3375 905 3437 956 οὐ
3469 902 3557 956 διὰ
3583 904 3680 970 τὴν

2105 996 2274 1067 αὐτὴν
2309 997 2507 1060 αἰτίαν,
2540 997 2654 1051 ἀλλ’
2686 999 2804 1050 ἐκεῖ
2847 998 2946 1067 μὲν
2991 998 3400 1067 αἰσχυνόμενος,
3443 995 3679 1048 ἐνταῦθα

2104 1087 2161 1141 δὲ
2187 1089 2520 1160 φειδόμενος.
2546 1091 2640 1143 Διὸ
2662 1090 2780 1142 ούδέ
2807 1090 3080 1160 μέμνηται
3105 1089 3291 1143 λοιπὸν
3317 1087 3555 1159 οὐδαμοῦ
3582 1089 3683 1157 τῆς

2105 1180 2396 1251 ἁμαρτίας·
2435 1183 2624 1254 καιρὸς
2654 1183 2762 1252 γὰρ
2786 1180 3080 1250 ἀπολογίας
3101 1177 3186 1252 ἦν.
3220 1183 3398 1233 Ὥστε
3425 1182 3683 1234 τούναν-

2105 1273 2236 1324 τίον
2260 1273 2501 1342 pauor
2525 1272 2680 1344 ὑμᾶς
2711 1275 3076 1343 χαρίσασθαι
3109 1273 3206 1326 καὶ
3243 1271 3679 1339 παρακαλέσαι,

2101 1363 2332 1432 μήπως
2361 1365 2435 1434 τῇ
2457 1366 2856 1434 περισσοτέρᾳ
2889 1367 3054 1435 λύπῃ
3084 1363 3392 1433 καταποθῇ
3423 1368 3455 1418 ὀ
3487 1364 3681 1418 τοιοῦ-

2104 1473 2224 1522 τος.
2264 1457 2338 1509 Οὐ
2385 1458 2490 1527 γὰρ
2541 1460 2700 1528 μόνον
2734 1458 2944 1511 κελεύει
2981 1458 3139 1511 λῦσαι
3188 1458 3284 1529 τὴν
3335 1459 3678 1526 ἐπιτίμησιν,

2104 1549 2240 1602 ἀλλά
2270 1550 2364 1603 καὶ
2395 1551 2487 1602 ἐπὶ
2516 1551 2584 1604 τά
2613 1551 2856 1623 πρότερα
2884 1553 3166 1620 ἐπανάγει.
3200 1552 3303 1606 Τόν
3333 1553 3441 1622 γὰρ
3483 1569 3680 1622 μαστι-

2103 1641 2348 1710 γωθέντα
2371 1643 2437 1696 ἂν
2470 1644 2630 1713 μόνον
2662 1663 2745 1707 τις
2774 1645 2908 1716 ἀφῇ,
2944 1645 3035 1698 καὶ
3069 1646 3128 1698 οὗ
3163 1645 3497 1716 θεραπεύσῃ,
3528 1643 3680 1696 οὐδὲν

2105 1733 2380 1802 ἐποίησεν.
2420 1735 2565 1806 Ὅρα
2600 1735 2656 1788 δέ
2686 1736 2802 1800 πῶς
2831 1739 3084 1790 κάκεῖνον
3120 1737 3276 1790 πάλιν
3303 1735 3676 1797 καταστέλλει,

2104 1822 2191 1874 ἵνα
2226 1824 2300 1893 μὴ
2328 1826 2394 1894 τῇ
2434 1827 2785 1896 συγχωρήσει
2832 1827 3051 1894 γένηται
3082 1826 3298 1897 χείρων.
3347 1827 3408 1878 Εἰ
3438 1826 3546 1896 γάρ
3585 1827 3679 1879 καὶ

2103 1915 2590 1986 ἐξωμολογήσατο,
2642 1920 2737 1971 καὶ
2803 1920 3128 1990 μετενόησε,
3169 1919 3439 1971 δείκνυσιν
3486 1919 3566 1971 ὅτι
3615 1920 3676 1971 οὐ

2101 2007 2355 2060 τοσοῦτον
2391 2009 2499 2062 ἀπὸ
2542 2009 2640 2078 τῆς
2679 2011 2988 2080 μετανοίας,
3034 2012 3156 2064 ὅσον
3187 2012 3295 2064 ἀπὸ
3322 2014 3423 2079 τῆς
3469 2011 3680 2082 δωρεᾶς

2101 2099 2367 2170 λαμϐάνει
2414 2101 2513 2172 τὴν
2557 2103 2770 2170 ἄφεσιν.
2812 2104 2902 2156 Att}
2948 2086 3104 2173 φησι·
3156 2105 3527 2173 Χαρίσασθαι
3578 2103 3676 2157 καί

2102 2192 2540 2260 παρακαλέσαι.
2570 2194 2680 2246 Καὶ
2699 2193 2762 2246 τὸ
2800 2193 2927 2264 ἐξῆς
2961 2194 3122 2247 πάλιν
3156 2195 3216 2248 τὸ
3239 2195 3370 2248 αὐτὸ
3399 2195 3568 2265 δηλοῖ.
3601 2195 3676 2248 Οὐ

2103 2283 2212 2354 γάρ
2233 2283 2420 2354 ἐπειδὴ
2444 2284 2592 2351 ἄξιός
2623 2287 2790 2349 ἐστιν,
2821 2286 2941 2340 οὐδὲ
2975 2286 3166 2356 ἐπειδὴ
3199 2287 3478 2358 ἀρκοῦσαν
3511 2286 3679 2358 μετά-

2101 2391 2251 2427 νοιαν
2309 2375 2660 2439 ἐπεδείξατο,
2709 2376 2824 2429 ἀλλ’
2876 2376 3063 2446 ἐπειδὴ
3115 2376 3350 2448 ἀσθενής
3397 2379 3549 2443 ἐστι,
3589 2377 3678 2430 διὰ

2099 2465 2258 2519 τοῦτό
2309 2483 2495 2537 φησιν’
2539 2467 2720 2531 Ἀξιῶ·
2767 2468 2849 2520 διὸ
2881 2470 2974 2520 καὶ
3001 2469 3272 2540 ἐπήγαγε,
3306 2469 3402 2537 Μή
3435 2485 3559 2532 πως
3601 2468 3678 2538 τιῙ

2100 2559 2499 2627 περισσοτέρᾳ
2545 2561 2713 2627 λύπῃ
2759 2557 3068 2628 καταποθῇ
3113 2563 3147 2614 ὁ
3185 2560 3468 2625 τοιοῦτος.
3507 2561 3677 2615 Τοῦτο

2097 2650 2154 2702 δὲ
2181 2651 2274 2704 καὶ
2304 2651 2709 2723 μαρτυροῦντος
2734 2648 2802 2723 ἦν
2832 2653 2980 2724 αὐτῷ
3006 2653 3208 2725 πολλὴν
3235 2655 3334 2724 τὴν
3363 2653 3674 2724 μετάνοιαν,

2100 2744 2195 2797 καὶ
2229 2744 2330 2796 οὐκ
2379 2745 2634 2812 ἀφιέντος
2675 2747 2756 2808 είς
2792 2746 3051 2799 ἀπόνοιαν
3073 2757 3096 2785 ο
3134 2745 3330 2802 ἐλθεῖν.
3372 2745 3436 2798 Τί
3465 2747 3520 2799 δέ
3557 2749 3676 2799 ἐστι

2099 2837 2180 2903 τὸ,
2215 2837 2538 2907 Καταποθῇ
2557 2855 2576 2903 ;
2610 2839 2681 2892 Ἢ
2716 2839 2873 2892 τοῦτο
2900 2841 3134 2910 ποιήσας
3164 2840 3304 2910 ὅπερ
3331 2841 3426 2893 καὶ
3477 2839 3676 2902 Ἰούδας

2099 2931 2377 3002 ἐποίησεν,
2411 2931 2444 3002 ἢ
2486 2931 2582 2984 καὶ
2630 2933 2687 2985 ἐν
2720 2932 2797 3004 τῷ
2828 2930 2928 3004 ζῇν
2967 2933 3166 3003 χείρων
3206 2932 3516 3002 γενόμενος.
3556 2930 3675 2984 Κᾶν

2097 3023 2205 3094 γὰρ
2231 3024 2637 3096 ἀποσκιρτήσῃ,
2665 3025 2819 3095 φησὶ,
2852 3023 2930 3094 τῷ
2967 3024 3042 3095 μὴ
3075 3023 3264 3094 φέρειν
3297 3023 3553 3076 ἐπιπλέον
3575 3023 3674 3094 τὴν

2097 3117 2162 3168 ἐκ
2203 3115 2301 3185 τῆς
2337 3115 2748 3186 ἐπιτεινομένης
2785 3116 3128 3188 ἐπιπλήξεως
3159 3115 3382 3187 ὀδύνην·
3416 3115 3673 3180 πολλάκις

2097 3208 2192 3261 καὶ
2233 3209 2532 3276 ἀπογνοὺς,
2568 3210 2600 3280 ἢ
2640 3211 2721 3272 είς
2755 3211 3012 3280 ἀγχόνην,
3054 3209 3087 3282 ἦ
3123 3212 3204 3273 εἰς
3234 3209 3454 3282 μείζονα
3488 3210 3674 3264 λοιπὸν

2094 3296 2214 3367 ἥξει
2240 3299 2455 3352 κακίαν.
2486 3301 2578 3351 Δεῖ
2598 3300 2776 3352 τοίνυν
2805 3299 3264 3368 προκαταλαϐεῖν,
3291 3302 3378 3353 ἵνα
3410 3301 3484 3373 μὴ
3513 3301 3674 3371 χαλε-

2096 3388 2340 3459 πώτερον
2366 3389 2426 3442 τὸ
2459 3390 2616 3453 ἕλκος
2649 3391 2893 3461 γένηται,
2935 3391 3102 3462 μηδὲ,
3142 3392 3276 3462 ὅπερ
3306 3392 3671 3464 κατωρθώσα-

2097 3499 2216 3552 μεν,
2250 3481 2606 3552 ἀπολέσωμεν
2636 3484 2701 3554 τῇ
2730 3483 2986 3555 ἀμετρίᾳ.

2165 3572 2349 3626 Ταῦτα
2373 3573 2430 3626 δὲ
2469 3572 2674 3642 ἔλεγεν,
2711 3576 2934 3636 ἐκεῖνον,
2971 3577 3106 3644 ὅπερ
3139 3572 3306 3643 ἔφθην
3334 3573 3526 3639 εἰπὼν,
3571 3575 3670 3629 καὶ

2093 3665 2472 3719 καταστέλλων
2518 3667 2614 3718 καὶ
2656 3664 2930 3719 παιδεύων
2972 3667 3047 3738 μὴ
3092 3665 3341 3736 γενέσθαι
3398 3666 3536 3736 μετὰ
3569 3667 3672 3738 τὴν

2091 3757 2286 3826 ἄφεσιν
2307 3757 2702 3830 ῥᾳθυμότερον.
2725 3757 2800 3812 Ού
2819 3757 2929 3828 γὰρ
2948 3759 3024 3822 ὡς
3045 3757 3446 3830 ἀπονιψάμενον
3465 3758 3670 3823 τέλεον,

2090 3849 2204 3903 ἀλλ’
2247 3849 2321 3912 ὡς
2371 3850 2624 3914 δεδοικὼς
2675 3850 2750 3923 μὴ
2804 3850 3186 3922 χαλεπώτερόν
3237 3869 3290 3906 τι
3342 3852 3671 3924 ἐργάσηται,

2090 3940 2232 3995 οὕτω
2264 3941 2552 4013 ἐδεξάμην,
2589 3942 2769 4012 φησίν.
2811 3941 2971 3995 Ὅθεν
3001 3942 3366 4014 μανθάνομεν,
3387 3945 3469 3998 ὅτι
3500 3945 3562 3997 ού
3592 3944 3673 3998 δεῖ

2093 4033 2254 4105 μόνον
2287 4033 2425 4105 πρὸς
2457 4034 2558 4105 τὴν
2603 4034 2766 4103 φύσιν
2798 4033 2907 4087 τῶν
2943 4035 3376 4105 ἁμαρτημάτων,
3413 4035 3546 4090 ἀλλά
3575 4037 3670 4090 καὶ

2091 4125 2226 4196 πρὸς
2259 4125 2357 4195 τὴν
2389 4124 2630 4178 διάνοιαν
2660 4126 2754 4179 καὶ
2793 4125 2892 4197 τὴν
2941 4125 3054 4192 ἐξιν
3091 4126 3201 4180 τῶν
3243 4126 3669 4199 ἁμαρτανόντων

2088 4219 2188 4287 τὴν
2210 4217 2500 4286 μετάνοιαν
2514 4216 2737 4287 ὁρίζειν
2754 4215 2782 4270 ὃ
2802 4219 2899 4272 καὶ
2912 4220 3031 4272 τότε
3049 4221 3076 4273 ὁ
3092 4219 3666 4292 Ἀπόστολοςέποίησε.

2088 4307 2199 4359 Καὶ
2243 4305 2350 4377 γάρ
2391 4307 2641 4375 ἐφοϐεῖτο
2681 4306 2846 4361 αὑτοῦ
2872 4307 2934 4360 τὸ
2979 4308 3232 4374 ἀσθενές
3268 4309 3361 4362 καὶ
3395 4307 3482 4362 διὰ
3509 4307 3670 4362 τοῦτο

2088 4395 2263 4466 έλεγε,
2297 4397 2393 4466 Μὴ
2425 4397 2765 4467 καταποθῇ,
2796 4398 2872 4463 ὡς
2917 4399 3010 4454 ἐπὶ
3054 4400 3268 4470 θηρίου,
3303 4399 3378 4463 ὡς
3417 4399 3511 4453 ἐπὶ
3553 4417 3668 4470 χει·

2091 4490 2289 4562 μῶνος,
2309 4491 2382 4554 ὡς
2400 4491 2491 4544 ἐπὶ
2511 4490 2796 4555 κλύδωνος.
2813 4491 2910 4545 Διὸ
2933 4493 3258 4562 παρακαλῶ
3274 4491 3447 4563 ὑμᾶς.
3470 4493 3664 4546 Ούκέτι

2085 4584 2385 4646 ἐπιτάττει,
2419 4582 2556 4636 ἀλλά
2586 4583 2913 4656 παρακαλεῖ,
2946 4585 3044 4656 οὐχ
3073 4585 3146 4648 ὡς
3178 4585 3516 4651 διδάσκαλος,
3547 4583 3664 4637 ἀλλ’

2085 4675 2161 4737 ὡς
2197 4675 2479 4746 ὁμότιμος,
2517 4676 2804 4739 κάκείνους
2842 4677 2935 4729 ἐπὶ
2959 4676 3053 4729 τοῦ
3089 4677 3278 4747 θρόνου
3309 4676 3543 4739 καθίσας
3567 4673 3658 4728 τοῦ

2082 4767 2419 4831 δικαστικοῦ,
2485 4768 2676 4822 ἑαυτὸν
2729 4767 2956 4839 ἔστησεν
3013 4771 3070 4823 ἐν
3127 4769 3278 4835 τάξει
3341 4769 3652 4839 συνηγόρου.

2096 4859 2314 4929 Ἐπειδὴ
2342 4859 2448 4931 γὰρ
2477 4859 2840 4931 κατώρθωσεν
2868 4861 3004 4930 ὅπερ
3047 4860 3297 4913 ἐϐούλετο
3315 4901 3329 4922 ,
3371 4861 3659 4932 ἀπλήστως

2084 4949 2191 5002 ὑπὸ
2220 4952 2394 5020 χαρᾶς
2425 4949 2574 5023 [460]
2603 4954 2670 5023 τῇ
2703 4952 2953 5022 ἱκετηρία
2986 4952 3268 5024 κέχρηται.
3302 4952 3414 5004 Καὶ
3449 4952 3502 5004 τί
3533 4950 3663 5003 ποτέ

2083 5043 2232 5094 ἐστιν
2259 5042 2288 5095 ὃ
2326 5043 2682 5112 παρακαλεῖς,
2719 5043 2840 5096 εἰπέ
2894 5060 3018 5112 μοι;
3049 5042 3326 5112 Κυρῶσαι
3355 5044 3444 5108 εὶς
3474 5042 3665 5097 αὐτὸν

2081 5131 2346 5201 ἀγάπην.
2382 5132 2664 5196 Τουτέστι,
2700 5132 3029 5203 βεϐαιῶσαι,
3083 5132 3159 5204 μὴ
3193 5131 3379 5195 ἁπλῶς
3411 5131 3546 5202 μηδὲ
3584 5130 3663 5194 ὡς

2082 5226 2238 5296 ἐτυχε
2269 5225 2585 5297 προσέσθαι.
2613 5225 2784 5279 Τοῦτο
2811 5227 2868 5280 δὲ
2893 5227 3057 5280 πάλιν
3087 5225 3492 5298 μαρτυροῦντός
3511 5227 3659 5279 ἐστιν

2081 5317 2264 5380 αὐτοῖς
2293 5318 2493 5387 ἀρετὴν
2527 5318 2810 5387 μεγίστην·
2837 5319 2889 5372 εί
2910 5336 2973 5382 γε
2998 5320 3047 5371 οἱ
3071 5318 3216 5372 οὕτω
3244 5318 3528 5389 φιλοῦντες
3558 5319 3660 5372 αὑ·-

2080 5408 2172 5462 τδν
2215 5409 2310 5462 καὶ
2352 5409 2800 5480 συγκροτοῦντες,
2832 5409 2908 5472 ὡς
2950 5411 3044 5464 καὶ
3075 5411 3415 5480 φυσιωθῆναι
3438 5451 3454 5474 ,
3485 5409 3658 5473 οὕτως

2081 5503 2535 5572 ἀπεστράφησαν,
2567 5503 2643 5565 ὡς
2673 5502 2907 5555 τοσαῦτα
2928 5504 3159 5573 κάμνειν
3185 5504 3275 5559 τὸν
3301 5503 3536 5569 Παῦλον,
3569 5502 3656 5554 ἵνα

2142 5681 2165 5709 ⁸³
2198 5675 2525 5739 Ἀπὸνοια-ιιίο
2550 5674 2750 5724 omnino
2781 5676 3180 5737 desperationem
3217 5677 3492 5739 significare
3517 5675 3658 5723 νιόε-

2080 5747 2187 5799 tur;
2210 5739 2298 5788 sed
2323 5737 2438 5786 alibi
2474 5740 2650 5800 passim
2691 5739 2816 5800 apud
2843 5739 3235 5800 Chrysostomum
3266 5737 3470 5786 ἀπόνοια
3519 5749 3658 5786 arro-

2088 5798 2301 5866 gantiam
2326 5801 2401 5849 vel
2427 5798 2707 5863 superbiam
2724 5798 2979 5866 ‘exprimil.
