4068 6496
481 329 576 386 ιει
1501 318 1569 378 IN
1610 317 1827 379 EPIST.
1868 318 1910 376 ll
1976 314 2067 374 AD

2181 315 2263 374 lii.
2308 316 2536 377 IiOMIL.
2580 320 2670 381 IV.
3661 334 3764 388 ili!

478 450 530 505 in
559 445 820 517 majorem
850 443 932 501 sui
955 455 1193 499 amorem
1219 453 1313 497 eos
1335 439 1634 511 pertrahat,
1658 438 1762 494 hoc
1783 436 1926 493 illius
1947 434 2067 489 loco

478 539 651 611 ponit,
676 537 970 593 ostendens
990 550 1049 591 se
1074 547 1259 589 amore
1281 532 1501 588 ductum
1525 530 1702 585 omnia
1732 529 1932 585 facere.
1954 525 2070 581 Nec.

478 632 759 688 caritatem
784 637 990 684 tantum
1019 626 1174 689 dixit,
1201 624 1318 688 sed,
1348 622 1512 689 Quam
1542 620 1884 676 abundantius
1909 616 2067 672 habeo

479 736 601 794 erga
642 735 749 775 vos.
782 717 909 772 Vult
933 716 1077 773 enim
1110 714 1211 770 hac
1239 726 1453 785 quoque
1493 712 1703 768 ratione
1727 709 1938 765 animos
1975 722 2068 764 eo-

481 830 598 869 rum
629 813 852 870 allicere
874 852 891 877 ,
932 808 1059 865 dum
1086 823 1145 863 se
1171 822 1266 864 eos
1296 821 1405 876 prae
1434 804 1645 860 caneris
1674 816 1877 868 amare,
1907 809 2068 870 atque

478 915 537 960 ut
558 918 685 975 erga
707 902 934 958 eximios
964 898 1260 969 discipulos
1282 897 1531 967 affectum
1561 909 1682 950 esse
1710 893 2065 949 demonstret.

479 994 635 1052 Unde
661 991 818 1048 etiam
846 993 941 1060 ait,
970 990 1034 1045 Et
1059 992 1103 1045 si
1128 991 1246 1045 aliis
1274 1004 1376 1043 non
1399 1004 1511 1044 sum
1539 985 1815 1057 apostolus,
1846 991 1898 1036 at
1934 980 2068 1036 vobis

484 1094 651 1140 tamen
679 1100 793 1138 sunt
809 1098 830 1149 ;
854 1091 930 1146 et.
959 1082 1020 1139 Si
1041 1081 1226 1135 multos
1253 1079 1557 1151 pedagogos
1581 1076 1825 1142 habeatis,
1860 1090 1958 1127 non
1981 1081 2062 1126 ta-

481 1192 592 1232 men
612 1176 796 1231 multos
820 1186 989 1247 patres
1022 1175 1098 1247 (l.
1128 1174 1248 1232 Cor.
1268 1172 1324 1229 9.
1358 1171 1412 1225 2.
1446 1181 1491 1225 et
1520 1171 1573 1225 4.
1605 1169 1736 1239 I5);
1768 1182 1830 1222 ac
1856 1181 2065 1233 rursus,

484 1267 551 1323 In
573 1268 739 1340 gratia
768 1266 861 1321 Dei
881 1267 1161 1321 conversati
1187 1280 1362 1319 sumus
1390 1264 1443 1316 in
1483 1260 1694 1327 mundo,
1725 1257 2069 1313 abundantius

482 1372 650 1416 autent
675 1360 815 1431 apud
840 1375 946 1415 vos.
975 1360 1153 1430 Atque
1184 1357 1322 1413 infra
1348 1357 1508 1413 etiam
1537 1353 1746 1425 inquit,
1792 1351 2071 1405 Abundan-

477 1454 579 1508 tius
606 1470 693 1508 vos
718 1453 955 1525 diligens,
986 1454 1154 1507 minus
1185 1451 1373 1522 diligor
1414 1449 1503 1521 (2.
1536 1447 1655 1502 Cor.
1684 1447 1734 1500 I.
1767 1444 1853 1501 12.
1886 1454 1933 1500 et
1976 1442 2065 1499 ‘12.

489 1546 619 1616 I5):
672 1555 729 1602 et
751 1545 854 1603 huc
883 1545 1005 1600 loco
1024 1586 1039 1611 ,
1076 1543 1241 1611 Quam
1268 1542 1425 1596 habeo
1451 1539 1788 1594 abundantius
1813 1553 1932 1608 erga
1960 1551 2066 1590 ros.

550 1638 606 1694 '5.
649 1637 829 1708 Itaque
857 1636 1066 1691 etiamsi
1095 1635 1258 1690 verba
1291 1631 1581 1689 iracundiae
1599 1632 1752 1702 plena
1775 1635 1963 1692 erant,
1993 1635 2073 1681 ta-

482 1744 604 1784 men
628 1728 746 1783 lucc
770 1728 933 1782 animi
968 1726 1262 1783 concitatio
1293 1741 1360 1781 ex
1389 1724 1592 1795 ingenti
1626 1721 1848 1777 caritate
1878 1734 1942 1775 ac
1976 1718 2072 1773 do-

477 1820 591 1877 lore
609 1820 945 1877 nascebatur.
973 1818 1216 1889 Curaque
1235 1817 1519 1888 epistolam
1537 1814 1851 1876 scriberem,
1876 1809 2068 1881 inquit,

480 1911 731 1968 dolebam
761 1920 815 1966 ct
840 1911 1098 1982 angebar,
1131 1925 1237 1963 non
1269 1908 1371 1964 hoc
1399 1916 1605 1962 tantum
1650 1903 1891 1970 nomine,
1928 1900 2071 1973 quod

478 2002 827 2073 peccassetis,
851 2001 946 2057 sed
977 2001 1161 2064 etiam,
1190 1998 1334 2070 quod
1361 1998 1514 2053 vobis
1541 2010 1832 2053 mterorem
1879 1993 2074 2048 aﬂ‘crre

476 2110 723 2166 cogerer.
775 2094 969 2150 Verum
998 2093 1105 2149 hoc
1149 2107 1362 2164 quoque
1388 2091 1562 2162 ipsum
1599 2105 1667 2145 ex
1698 2101 1924 2143 amore:
1964 2100 2072 2140 non

477 2200 638 2242 secus
667 2201 730 2241 ac
756 2185 799 2240 si
829 2186 969 2257 quis,
1002 2199 1124 2240 cum
1157 2184 1325 2238 filium
1353 2183 1407 2238 in
1431 2180 1622 2254 primis
1650 2196 1833 2237 carum
1858 2178 2071 2243 habeat,

479 2277 567 2348 qui
587 2277 737 2331 sanie
766 2276 993 2342 laboret,
1017 2290 1246 2347 eumque
1267 2290 1454 2331 secare
1479 2284 1639 2344 atque
1658 2287 1813 2328 urere
1829 2280 2070 2341 cogatur,

481 2376 708 2437 utroque
733 2367 952 2421 nomine
976 2366 1175 2433 doleat,
1206 2375 1318 2420 tum
1345 2363 1488 2436 quod
1506 2378 1648 2435 anger
1669 2364 1759 2429 sit,
1790 2371 1903 2416 tum
1930 2358 2073 2429 quod

479 2472 602 2513 eum
629 2472 815 2514 secare
845 2473 1068 2513 necesse
1096 2457 1310 2513 habeat.
1344 2460 1420 2513 Ac
1442 2455 1668 2527 proinde
1703 2455 1775 2521 id,
1805 2452 1944 2525 quod
1967 2452 2073 2507 mei

480 2550 535 2604 in
563 2565 660 2605 vos
685 2550 792 2606 odii
825 2550 1035 2621 signum
1062 2565 1184 2606 esse
1200 2549 1541 2618 existimatis,
1563 2549 1740 2621 magni
1763 2547 1961 2602 amoris
1987 2560 2075 2600 ar-

479 2649 791 2711 gumentum
823 2650 959 2697 erat.
992 2641 1145 2710 Quod
1169 2641 1214 2697 si
1236 2642 1340 2696 hoc
1366 2641 1562 2712 ipsum,
1588 2640 1730 2712 quod
1755 2653 1848 2694 vos
1873 2636 2075 2693 contri-

482 2733 689 2799 starim,
721 2732 789 2788 ab
814 2748 999 2788 amore
1022 2742 1198 2788 ortum
1229 2732 1411 2801 trahit,
1442 2733 1614 2787 multo
1639 2745 1770 2786 sane
1795 2727 1926 2785 illud
1956 2741 2074 2783 ma-

480 2826 585 2896 gis,
617 2824 791 2897 quod,
817 2826 943 2880 dum
968 2827 1020 2880 in
1071 2841 1305 2881 maerore
1340 2827 1473 2881 estis
1493 2867 1509 2894 ,
1540 2829 1594 2879 in
1641 2824 1827 2879 lmtitia
1858 2836 2071 2879 verser.

482 2920 613 2974 Cum
642 2933 772 2988 ergo
801 2934 861 2975 se
892 2919 1007 2989 ipse
1032 2928 1342 2975 excusasset
1363 2918 1662 2990 (siquidem
1691 2917 1960 2989 plerisque
1991 2916 2075 2971 lo-

484 3010 565 3064 cis
592 3025 652 3066 se
702 3020 953 3076 excusat;
987 3025 1086 3065 nec
1117 3020 1402 3081 propterea
1431 3008 1704 3067 erubescit
1732 3027 1746 3066 :
1778 3007 1910 3063 Nam
1951 3024 2075 3064 cum

487 3101 628 3157 Deus
658 3101 709 3158 id
756 3102 918 3157 faciat
957 3102 1142 3157 dicens
1165 3143 1177 3166 ,
1228 3100 1433 3171 Popuie
1461 3118 1599 3156 meus
1628 3141 1644 3168 ,
1686 3100 1810 3173 quid
1838 3100 1938 3170 feci
1987 3099 2076 3153 tibi

485 3190 671 3264 [ΜίεΙι.
702 3194 756 3249 6.
786 3190 868 3265 '5]?
886 3194 1055 3248 multo
1074 3193 1244 3264 magis
1268 3192 1318 3247 id
1338 3192 1563 3248 Paulum
1582 3191 1757 3247 facere
1777 3189 2072 3260 convenit):

482 3301 629 3353 cum,
652 3287 893 3357 inquam,
923 3301 982 3341 se
1015 3287 1128 3357 ipse
1149 3293 1484 3352 excusasset,
1513 3300 1578 3341 ac
1600 3284 1713 3356 jam
1742 3299 1840 3355 pro
1869 3299 1935 3338 eo
1955 3297 2076 3339 ver-

485 3380 551 3436 ba
578 3379 757 3437 facere
778 3389 1014 3450 pararet,
1034 3380 1122 3450 qui
1152 3379 1322 3449 stupri
1344 3379 1570 3435 crimine
1595 3393 1658 3434 se
1679 3376 2073 3434 obstrinxerat:

485 3484 553 3525 ne
570 3469 668 3535 illi,
692 3478 961 3540 tamquam
977 3469 1067 3541 qui
1085 3468 1351 3524 contraria
1367 3468 1518 3539 jussa
1537 3468 1861 3539 acciperent,
1885 3465 2079 3522 distor-

483 3569 779 3631 querentur
827 3560 1261 3631 pertinaciusque
1299 3559 1729 3625 contenderent,
1760 3558 1885 3630 quia
1934 3557 2076 3613 idem

485 3652 601 3723 ipse
623 3660 759 3718 erat,
789 3653 880 3724 qui
902 3662 956 3708 et
986 3662 1099 3708 tum
1128 3653 1199 3707 ita
1237 3659 1513 3708 exarserat
1538 3659 1595 3707 et
1623 3666 1764 3707 nunc
1792 3667 1916 3709 eum
1943 3650 2076 3706 mis-

484 3757 605 3798 sum
633 3741 812 3798 facere
836 3741 1079 3812 jubebat,
1118 3731 1237 3797 vide
1262 3756 1368 3813 quo
1396 3751 1555 3812 pacto
1586 3750 1698 3797 tum
1723 3756 1819 3811 per
1859 3756 1922 3797 ea
1956 3756 2078 3812 quas

484 3834 637 3899 dixit,
667 3845 778 3890 tum
800 3849 897 3905 per
922 3849 987 3890 ea
1026 3849 1146 3905 quae
1173 3834 1416 3890 dicturus
1462 3842 1566 3903 est,
1591 3834 1695 3890 hoc
1720 3835 2078 3905 praemunire-

485 3928 579 3985 rit.
607 3928 749 3998 Quid
778 3929 923 3985 enim
975 3928 1085 3985 ait?
1112 3929 1166 3985 5.
1196 3929 1258 3985 Si
1283 3929 1396 4000 quis
1419 3939 1587 3984 autem
1615 3930 1946 3997 contristabit,
1976 3946 2079 3985 non

484 4038 566 4076 me
588 4021 926 4077 contristabit.
954 4021 1311 4092 Posteaquam
1333 4021 1484 4093 prius
1508 4021 1627 4077 illos
1654 4019 1910 4090 laudavit,
1934 4020 2078 4092 quod

485 4114 678 4171 iisdem
702 4114 866 4171 rebus
889 4123 945 4171 et
964 4114 1327 4186 gauderentet
1343 4123 1689 4187 angerentur,
1720 4124 1832 4171 tum
1858 4115 2076 4172 demum

486 4220 796 4262 sermonem
825 4206 895 4262 de
914 4206 1015 4262 hac
1044 4221 1103 4262 re
1131 4206 1438 4278 aggreditur
1467 4223 1482 4260 :
1515 4222 1637 4262 cum
1660 4208 1808 4278 prius
1828 4207 2075 4277 dixisset,

489 4296 746 4353 Gaudium
774 4316 938 4354 meum
958 4308 1181 4354 uestrum
1204 4300 1429 4354 omnium
1458 4311 1552 4355 est.
1580 4301 1732 4369 Quod
1754 4301 1798 4356 si
1825 4301 2077 4373 gaudiutn

488 4405 668 4447 meum
697 4392 938 4446 omnium
971 4399 1211 4447 vestrum
1241 4401 1346 4459 est,
1377 4401 1591 4461 oportet
1619 4402 1674 4448 υΙ.
1700 4408 1909 4449 mecum
1937 4409 2079 4448 IlIIIIC

488 4496 704 4553 quoque
730 4481 1028 4553 gaudeatis,
1057 4491 1116 4537 ut
1138 4491 1264 4538 tunc
1293 4498 1506 4539 mecum
1552 4484 1825 4541 doluistis.
1859 4484 1993 4541 Nam
2020 4497 2079 4543 ut

490 4581 603 4628 tum
625 4573 859 4629 dolendo
890 4574 1020 4629 mihi
1040 4574 1367 4645 voluptatem
1389 4576 1667 4642 attulistis,
1698 4578 1770 4632 ita
1788 4593 1930 4634 nunc
1948 4594 2081 4650 gau-

490 4664 688 4733 dendo,
719 4665 985 4737 siquidem
1015 4667 1183 4738 gavisi
1227 4666 1450 4735 fueritis,
1482 4668 1623 4725 idem
1672 4668 1935 4727 efﬁcietis.
1969 4670 2080 4727 Nec

490 4756 641 4825 dixit,
671 4757 870 4815 Mteror
899 4774 1053 4816 meus
1073 4774 1275 4816 maeror
1303 4762 1542 4816 omnium
1569 4770 1809 4819 vestrum
1832 4772 1943 4830 est;
1983 4763 2079 4819 sed

490 4868 613 4909 cum
650 4854 705 4910 in
751 4854 875 4911 aliis
920 4854 1056 4911 locis
1083 4856 1187 4911 hoc
1214 4855 1589 4923 adstruxisset,
1620 4871 1763 4912 nunc
1801 4857 1854 4913 id
1882 4857 2077 4924 solum,

491 4961 600 5016 quo
626 4945 859 5004 habebat
898 4961 1058 5017 opus,
1090 4946 1292 5017 posuit,
1326 4962 1521 5017 nempe
1545 4948 1821 5019 gaudium,
1871 4948 2078 5015 dicens,

490 5034 754 5094 Gaudium
786 5054 954 5094 meum
974 5040 1200 5099 omnium
1228 5049 1444 5095 vestrum
1472 5050 1564 5097 est.
1610 5041 1813 5097 Deinde
1842 5044 2083 5112 superio-

496 5147 609 5187 rem
632 5147 853 5204 quoque
878 5132 1127 5189 meminit
1154 5131 1238 5188 his
1262 5134 1441 5187 verbis
1473 5149 1487 5185 :
1519 5133 1582 5189 Si
1607 5135 1720 5203 quis
1747 5148 1915 5189 autent
1953 5152 2081 5189 con-

494 5223 731 5289 tristavit,
755 5239 859 5277 non
884 5239 963 5277 me
986 5223 1321 5287 contristavit,
1355 5222 1444 5277 sed
1473 5239 1534 5278 ea:
1554 5234 1715 5294 parte,
1745 5233 1800 5278 ut
1842 5242 1942 5279 non
1969 5241 2087 5279 oue-

497 5332 600 5370 rem
622 5331 708 5370 vos
728 5315 1080 5378 omnes.Scio,
1114 5316 1305 5386 inquit,
1334 5317 1479 5386 quod
1520 5318 1594 5372 ira
1623 5328 1680 5374 et
1717 5319 2085 5391 indignatione

498 5424 711 5466 mecum
741 5407 991 5464 commoti
1022 5408 1195 5465 fuistis
1219 5419 1437 5480 propter
1461 5426 1584 5466 eum
1610 5413 1702 5481 qui
1723 5421 1968 5484 stuprum
1991 5414 2088 5469 ad-

498 5504 720 5558 miserat
750 5519 764 5554 :
793 5509 952 5572 atque
980 5501 1084 5558 hoc
1127 5501 1334 5559 facinus
1358 5518 1452 5559 vos
1477 5519 1670 5559 omnes
1694 5519 1758 5559 ex
1784 5514 1936 5576 parte
1953 5522 2089 5561 moe-

498 5593 645 5649 stitia
666 5591 863 5649 affecit.
898 5592 1076 5664 Atque
1097 5593 1219 5648 ideo
1246 5593 1379 5660 dixi,
1405 5593 1489 5649 Ea:
1516 5603 1677 5665 parte,
1706 5610 1813 5652 non
1835 5597 1976 5667 quod
1996 5613 2091 5653 vos

500 5686 764 5742 minorem
790 5684 914 5740 inde
944 5698 1232 5741 maerorem
1260 5687 1600 5758 acceperitis,
1629 5703 1791 5759 quam
1818 5705 1953 5761 ego:
1994 5691 2088 5745 sed

504 5793 574 5836 ne
600 5781 772 5855 illum,
794 5778 888 5852 qui
912 5788 1155 5848 stuprum
1188 5782 1534 5851 perpetravit,
1565 5780 1789 5839 nimium
1840 5798 2083 5841 onerem.

835 5905 1105 5954 t'a'raon.
1152 5887 1243 5948 Gn
1257 5935 1271 5948 .
1319 5891 1475 5955 LXI.

2173 434 2439 502 Quocirca
2466 451 2571 493 non
2595 451 2681 494 me
2694 437 2867 493 solum
2887 437 2976 494 ille
2997 438 3049 495 in
3069 453 3359 499 maerorem
3386 445 3636 516 coniecit,
3670 450 3765 504 sed

2175 540 2271 582 vos
2315 527 2478 582 etiam
2527 543 2743 596 omnes;
2794 530 3003 586 etiamsi
3035 541 3095 586 ut
3121 532 3486 604 indulgentius
3527 553 3650 595 cum
3692 557 3760 596 eo

2172 631 2409 688 agerem,
2444 618 2578 687 dixi,
2615 619 2694 675 Ex
2716 631 2879 691 parte.
2903 620 3068 678 Vides
3093 626 3367 694 quomodo
3394 628 3573 683 statim
3593 629 3763 689 iratos

2172 725 2360 765 eorum
2380 712 2592 768 animos
2614 712 2847 780 lenierit,
2867 728 2989 768 cum
3012 715 3250 771 ostendit
3273 715 3418 787 ipsos
3437 719 3764 792 indignatio-

2173 815 2255 856 ms
2286 817 2497 872 quoque
2527 804 2810 874 participes
2837 803 3038 861 fuisse?
3065 807 3119 859 6.
3149 805 3346 878 Sufﬁcit
3362 810 3443 864 illi
3470 853 3485 877 ,
3514 812 3604 882 qui
3623 814 3766 885 ejus-

2172 893 2313 947 modi
2349 903 2423 949 est
2447 936 2462 962 ,
2494 895 2783 966 objurgatio
2807 894 2868 950 ea
2893 913 3007 967 quw
3025 898 3085 965 ﬁt
3123 913 3154 951 a
3182 900 3434 969 pluribus.
3462 901 3579 958 Non
3602 904 3761 972 dixit,

2174 983 2531 1055 Fornicatori,
2558 987 2652 1043 sed
2681 1004 2893 1055 rursus,
2925 988 2992 1042 Ei
3018 990 3109 1061 qui
3132 990 3383 1060 ejusmodi
3408 1001 3482 1047 est
3501 1035 3516 1059 ,
3544 1005 3601 1051 ut
3629 1008 3685 1052 et
3712 999 3765 1053 in

2174 1078 2498 1146 prtecedenti
2525 1080 2774 1150 epistola;
2803 1095 2989 1136 verum
3017 1096 3125 1137 non
3143 1082 3385 1138 eamdem
3405 1084 3476 1140 ob
3501 1100 3719 1144 causam
3748 1108 3763 1144 :

2174 1169 2282 1225 illic
2335 1170 2480 1225 enim
2524 1170 2593 1225 ob
2648 1171 2907 1240 pudorem
2934 1172 3006 1227 ita
3037 1173 3359 1242 loquebatur
3383 1218 3398 1243 ,
3437 1177 3523 1233 hic
3562 1178 3633 1234 ob
3678 1179 3764 1234 in-

2172 1260 2519 1332 dulgentiam.
2543 1260 2622 1318 0b
2648 1263 2808 1333 idque
2836 1279 2934 1319 nec
2949 1264 3059 1334 jam
3080 1267 3284 1336 uspiam
3310 1271 3511 1337 peccati
3531 1272 3765 1327 mentio-

2175 1369 2298 1408 nem
2330 1353 2473 1421 facit,
2501 1354 2644 1425 quod
2675 1363 2884 1425 tempus
2912 1364 3078 1423 esset,
3108 1367 3165 1411 ut
3196 1358 3365 1429 ipsius
3407 1363 3777 1430 patrocinium-

2174 1446 2489 1515 susciperet.
2515 1446 2567 1500 7.
2588 1445 2618 1499 1
2625 1455 2674 1500 ια
2698 1457 2755 1501 ut
2779 1464 2807 1501 e
2832 1449 3086 1503 contrario
3112 1450 3269 1520 magis
3292 1450 3488 1507 donetis
3512 1462 3558 1506 et
3579 1470 3763 1510 conso.

2175 1537 2364 1603 lemini,
2399 1554 2462 1592 ne
2487 1537 2617 1607 forte
2645 1537 3014 1595 abundantiore
3053 1541 3256 1596 tristitia
3306 1544 3632 1600 absorbeatur
3677 1551 3769 1619 qui

2172 1640 2246 1686 est
2273 1632 2543 1701 ejusmodi.
2571 1632 2687 1688 Non
2711 1633 2854 1690 enim
2876 1634 3047 1690 solum
3061 1634 3212 1706 jubet
3231 1636 3582 1709 objurgationi
3604 1641 3767 1698 linem

2176 1723 2397 1794 imponi,
2423 1725 2516 1780 sed
2546 1725 2706 1780 etiam
2742 1726 2889 1780 illum
2917 1726 2984 1781 ad
3024 1727 3257 1797 priorem
3313 1738 3508 1785 statum
3556 1733 3764 1789 reduci.

2177 1815 2388 1871 Etenim
2413 1817 2458 1872 si
2499 1817 2621 1889 quis
2651 1832 2796 1885 cum,
2830 1817 2920 1887 qui
2948 1818 3266 1874 verberibus
3308 1834 3482 1877 caesus
3511 1823 3616 1888 sit,
3652 1832 3770 1880 tan-

2176 1906 2455 1964 tummodo
2479 1908 2703 1963 missum
2728 1907 2892 1963 faciat
2919 1923 3019 1964 nec
3044 1910 3094 1964 ei
3117 1910 3419 1980 medeatur,
3450 1913 3582 1968 nihil
3616 1913 3762 1970 fecit.

2178 1998 2311 2055 Vide
2338 2008 2517 2055 autem
2547 2014 2780 2071 quonam
2805 2014 2990 2055 rursus
3012 2000 3173 2055 modo
3199 2001 3351 2057 illum
3374 2018 3589 2075 quoque
3613 2021 3768 2061 coer-

2178 2102 2339 2159 ceat,
2383 2107 2451 2147 ne
2497 2091 2568 2146 ob
2616 2091 2978 2147 condonatum
3029 2101 3308 2163 peccatum
3364 2094 3604 2152 deterior
3652 2099 3767 2153 fiat.

2175 2181 2309 2238 Nam
2342 2182 2591 2251 quamvis
2629 2190 2907 2252 peccatum
2935 2182 3215 2239 confessus
3243 2183 3403 2240 fuerit
3425 2225 3442 2253 ,
3494 2186 3769 2259 ipsiusque

2177 2287 2302 2327 cum
2328 2272 2669 2342 pmnituerit;
2710 2272 2948 2329 ostendit
2968 2281 3145 2330 tamen
3169 2290 3292 2330 eum
3324 2291 3429 2332 non
3463 2286 3569 2333 tam
3591 2282 3773 2350 pmni-

2181 2362 2363 2417 tentia:
2392 2376 2576 2431 opera,
2608 2377 2770 2433 quam
2822 2363 2994 2432 gratia
3032 2372 3087 2419 et
3111 2363 3374 2421 beneﬁcio
3401 2367 3611 2424 veniam
3644 2385 3776 2426 con-

2178 2455 2351 2525 sequi.
2385 2454 2467 2509 0b
2494 2454 2656 2525 idque
2693 2455 2791 2522 ait,
2815 2453 3026 2510 Donetis
3063 2466 3110 2512 et
3150 2458 3499 2514 consolemini.
3533 2462 3600 2517 Et
3627 2464 3772 2534 quod

2178 2547 2439 2617 sequitur,
2468 2546 2608 2602 idem
2632 2546 2890 2603 declarat.
2919 2547 3035 2602 Non
3054 2549 3195 2604 enim
3220 2548 3360 2621 quod
3386 2553 3436 2607 id
3455 2568 3736 2624 promerea
3750 2586 3773 2599 -

2179 2647 2286 2704 tur,
2313 2653 2412 2695 nec
2438 2638 2581 2710 quod
2606 2653 2749 2703 eam,
2780 2654 2941 2710 quam
2981 2655 3076 2710 par
3104 2641 3197 2706 sit,
3231 2644 3601 2711 ptenitentiam
3635 2662 3774 2717 pra:-

2177 2732 2396 2799 stiterit,
2424 2732 2518 2789 sed
2545 2733 2668 2803 quia
2696 2732 2943 2789 infirmus
2967 2743 3071 2800 est,
3103 2734 3324 2801 idcirco,
3349 2736 3442 2803 ait,
3486 2737 3586 2793 hoc
3609 2750 3732 2809 peto
3757 2759 3773 2774 ο

2178 2825 2323 2882 unde
2352 2825 2515 2881 etiam
2546 2825 2821 2895 subjunxit
2843 2866 2861 2892 ,
2891 2824 2976 2880 Ne
3017 2828 3148 2899 forte
3176 2827 3534 2885 abundantiori
3565 2833 3775 2889 tristitia

2178 2918 2508 2974 absorbeatur
2534 2918 2618 2989 qui
2640 2927 2715 2972 est
2750 2918 3024 2988 ejusmodi.
3052 2918 3182 2986 Qua:
3205 2921 3368 2977 verba
3393 2933 3517 2977 sunt
3539 2923 3776 2982 hominis

2181 3025 2387 3082 magna:
2417 3009 2748 3079 pwnitentia:
2777 3008 3144 3071 testimonium
3184 3011 3283 3082 ipsi
3316 3011 3596 3069 tribuentis
3619 3057 3633 3083 ,
3675 3033 3777 3073 nec

2178 3118 2301 3158 eum
2326 3103 2377 3157 in
2396 3101 2826 3171 desperationem
2844 3116 3003 3156 ruere
3029 3102 3277 3157 sinentis.
3297 3103 3434 3171 Quid
3461 3115 3544 3160 est
3569 3116 3773 3174 autem,

2179 3195 2562 3251 Absorbeatur?
2585 3194 2789 3264 Nempe
2815 3194 2901 3249 vel
2926 3193 3027 3249 hoc
3059 3195 3278 3259 faciens,
3309 3196 3449 3267 quod
3472 3213 3501 3251 a
3533 3198 3559 3254 .l
3568 3200 3666 3255 uda
3695 3202 3777 3255 fa-

2181 3298 2327 3344 ctum
2359 3294 2473 3352 est;
2531 3286 2616 3343 vel
2645 3286 2829 3355 etiam,
2858 3286 2904 3342 si
2935 3286 3060 3342 vitae
3085 3303 3248 3343 usura
3280 3288 3508 3356 fruatur,
3539 3290 3778 3348 deterior

2182 3379 2374 3436 factus.
2427 3379 2641 3435 Etenim
2668 3379 2714 3435 si
2756 3378 2982 3443 resiliat,
3017 3378 3211 3449 inquit,
3245 3381 3389 3450 quod
3440 3392 3775 3441 contractum

2183 3490 2251 3530 ex
2307 3477 2553 3545 longiore
2616 3472 2993 3543 objurgatione
3064 3472 3309 3528 dolorem
3386 3491 3494 3531 non
3546 3479 3779 3549 amplius

2182 3564 2325 3621 ferre
2368 3573 2563 3635 queat;
2595 3562 2880 3633 desperata
2930 3562 3128 3630 salute,
3179 3572 3274 3618 aut
3302 3564 3356 3618 in
3384 3564 3655 3636 laqueum,
3685 3580 3781 3625 aut

2182 3660 2237 3715 in
2291 3658 2553 3728 majorem
2615 3655 2871 3726 deinceps
2935 3654 3333 3725 improbitatem
3396 3667 3535 3712 ruet.
3591 3659 3778 3730 Itaque

2182 3749 2579 3806 occurrendum
2609 3758 2733 3814 est,
2788 3760 2857 3802 ne
2911 3745 3066 3802 ulcus
3108 3745 3485 3819 ingravescat,
3554 3766 3690 3807 neve
3724 3753 3776 3806 id

2182 3840 2325 3914 quod
2352 3850 2499 3896 recte
2519 3838 2764 3907 fecimus,
2788 3837 2858 3893 ob
2881 3838 3183 3907 neglectum
3198 3838 3415 3897 modum
3445 3841 3773 3899 amittamus.

2252 3934 2307 3988 4.
2342 3931 2468 3986 Haec
2495 3937 2676 3985 autem
2714 3943 2784 3985 eo
2812 3928 3024 3983 dicebat
3047 3967 3063 3993 ,
3091 3936 3151 3982 ut
3174 3937 3229 3984 et
3254 3928 3442 3996 illum,
3486 3933 3630 4002 quod
3655 3934 3771 4004 jam

2182 4022 2331 4088 dixi,
2383 4028 2662 4076 coerceret
2704 4027 2759 4075 et
2796 4018 3153 4087 admoneret,
3186 4033 3254 4075 ne
3281 4030 3406 4091 post
3430 4020 3774 4094 impetratam

2184 4115 2397 4172 veniam
2426 4112 2668 4185 ignavior
2694 4110 2867 4167 ﬁeret.
2898 4110 3019 4166 Non
3069 4112 3211 4167 enim
3235 4153 3251 4181 ,
3293 4113 3467 4186 inquit
3492 4158 3507 4184 ,
3535 4132 3657 4174 eum
3703 4119 3775 4179 ita

2183 4204 2560 4278 excepi,quasi
2590 4202 2779 4259 sordes
2805 4201 3019 4273 penitus
3045 4203 3381 4272 absterserit,
3400 4207 3496 4263 sed
3523 4209 3665 4280 quod
3680 4226 3776 4268 ve-

2184 4313 2337 4356 rerer
2372 4313 2442 4353 ne
2485 4296 2699 4368 gravius
2743 4292 2945 4366 aliquid
2980 4294 3035 4348 in
3079 4309 3138 4350 se
3180 4295 3513 4354 admitteret.
3556 4300 3635 4356 Ex
3666 4318 3777 4374 quo

2185 4390 2317 4446 illud
2341 4388 2623 4455 discimus,
2651 4400 2759 4442 non
2784 4400 2854 4440 ex
2883 4383 3150 4442 scelerum
3182 4396 3387 4442 tantum
3417 4397 3608 4447 natura
3632 4433 3647 4457 ,
3679 4395 3777 4450 sed

2185 4499 2252 4540 ex
2278 4481 2614 4552 peccantium
2644 4480 2805 4536 etiam
2834 4478 3013 4532 animo
3038 4487 3197 4550 atque
3225 4479 3506 4539 adectione
3535 4484 3783 4543 indicen-

2184 4577 2309 4634 dam
2337 4590 2459 4632 esse
2485 4571 2877 4645 paenitentiam,
2909 4580 2970 4625 ut
2998 4579 3109 4626 tum
3142 4569 3266 4627 fecit
3296 4573 3605 4643 Apostolus,
3635 4580 3780 4648 quod

2188 4670 2356 4739 ipsius
2383 4666 2807 4723 imbecillitatem
2836 4663 3235 4720 extimesceret.
3279 4664 3514 4738 Ideoque
3541 4668 3779 4738 dicebat,

2190 4761 2273 4819 Ne
2300 4760 2629 4816 absorbeatur
2650 4799 2666 4824 ,
2689 4757 2837 4814 velut
2856 4771 2888 4810 a
2913 4755 3090 4812 bellua
3116 4756 3371 4827 quadam,
3397 4767 3560 4831 atque
3589 4772 3784 4819 atem-

2190 4862 2394 4926 pestate
2419 4868 2482 4907 ac
2509 4849 2780 4922 procellis.
2802 4849 2856 4905 8.
2885 4847 3110 4920 Propter
3129 4849 3267 4920 quod
3295 4849 3502 4907 obsecro
3522 4869 3630 4908 vos.
3660 4854 3783 4912 Non

2184 4946 2296 5017 jam
2326 4946 2573 5014 imperat,
2601 4941 2697 4998 sed
2725 4940 2993 5007 obsecrat,
3023 4956 3131 4996 non
3160 4949 3216 4995 ut
3243 4953 3562 5014 praeceptor,
3592 4947 3687 5003 sed
3717 4960 3781 5003 ut

2189 5038 2432 5109 aequalis,
2488 5044 2648 5107 atque
2697 5034 2803 5089 illis
2849 5032 2903 5087 in
2943 5024 3224 5103 iudiciaria
3277 5034 3406 5091 sede
3455 5040 3785 5105 constitutis,

2191 5130 2308 5200 ipse
2335 5129 2388 5183 in
2419 5126 2628 5198 patroni
2659 5125 2778 5181 loco
2807 5132 2970 5196 atque
2997 5124 3187 5180 ordine
3216 5139 3276 5180 se
3304 5127 3611 5185 collocavit.
3634 5133 3786 5200 Quo-

2193 5221 2339 5277 niam
2362 5219 2508 5275 enim
2536 5218 2588 5273 id
2615 5215 2807 5287 ,.quod
2838 5215 2891 5270 in
2918 5212 3099 5271 animo
3128 5215 3363 5272 habebat
3384 5259 3403 5285 ,
3434 5220 3781 5290 confecerat,

2194 5329 2304 5386 prae
2325 5313 2518 5384 gaudio
2535 5312 2643 5382 jam
2671 5309 2892 5366 modum
2915 5309 2968 5364 in
2989 5309 3338 5379 supplicando
3363 5314 3598 5371 excedit.
3617 5315 3790 5385 Quid-

2196 5423 2320 5463 nam
2348 5415 2450 5470 est,
2479 5418 2685 5474 quasso,
2710 5403 2778 5489 de
2809 5415 2914 5473 quo
2937 5401 3229 5458 obsecras?
3261 5403 3332 5460 Ut
3354 5407 3567 5475 [inustis
3596 5411 3648 5463 in
3673 5428 3789 5467 sum

2197 5504 2476 5555 caritatem.
2521 5498 2634 5554 IIoc
2673 5506 2779 5565 est,
2821 5496 3232 5564 constabiliatis,
3278 5513 3380 5555 nec
3429 5515 3552 5556 eum
3604 5502 3795 5561 leviter

2199 5608 2264 5648 ac
2317 5589 2528 5663 vulgari
2568 5588 2730 5644 modo
2772 5588 3098 5660 suscipiatis.
3140 5588 3349 5656 Quibus
3396 5594 3559 5648 etiam
3613 5595 3792 5650 verbis

2201 5699 2427 5741 summa
2456 5682 2670 5737 virtutis
2710 5681 3077 5737 testimonium
3102 5680 3233 5751 ipsis
3262 5683 3566 5738 tribuebat:
3597 5683 3643 5737 si
3670 5685 3797 5756 qui-

2206 5778 2328 5837 dem
2357 5778 2416 5840 ii,
2445 5777 2532 5848 qui
2564 5775 2836 5833 hominem
2866 5774 3017 5833 illum
3065 5788 3236 5846 usque
3263 5774 3402 5830 adeo
3440 5773 3693 5833 amabant
3732 5791 3801 5833 ac

3370 5874 3449 5955 27
