4068 6446
365 262 482 316 ’ὰὲὅ

372 375 686 442 tuebantur,
721 381 778 429 ut
805 374 968 429 etiam
997 371 1190 426 animis
1231 371 1545 427 inllarentur
1568 413 1582 436 ,
1611 372 1744 428 adeo
1772 390 1957 429 rursus

369 483 493 522 cum
524 467 756 522 aversati
797 465 944 530 sint,
979 473 1034 519 ut
1062 473 1340 534 tantopere
1395 463 1742 520 laborandum
1793 464 1957 520 Paulo

368 557 551 624 fuerit,
585 569 642 610 ut
690 560 965 610 caritatem
1013 554 1064 607 in
1104 567 1224 608 cum
1252 553 1544 609 ﬁrmarent.
1578 555 1702 608 11ωο
1725 554 1958 626 discipu-

367 650 540 701 lorum
563 689 578 713 ,
609 647 725 702 haec
755 645 998 715 magistri
1030 644 1202 700 virtus
1225 654 1306 699 est
1337 663 1352 699 :
1380 646 1520 716 quod
1555 647 1630 701 illi
1654 655 1761 702 tam
1789 650 1957 704 mori-

365 754 524 807 geros
554 753 610 791 se
636 736 931 806 praebeant,
967 735 1053 790 hic
1073 743 1182 789 tam
1212 736 1467 806 praeclare
1494 736 1640 806 ipsos
1668 752 1958 809 componat

366 845 428 884 ae
455 829 784 884 moderetur.
828 828 943 884 lloc
968 828 1015 883 si
1061 841 1206 884 nunc
1242 844 1455 900 quoque
1486 829 1637 884 ﬁeret
1663 872 1678 898 ,
1711 832 1800 900 qui
1831 847 1956 901 pec-

364 930 508 988 cant,
559 920 700 975 baud
744 921 860 978 sine
904 936 1067 977 sensu
1108 933 1412 993 peccarent.
1443 923 1554 980 Nec
1580 925 1721 981 enim
1753 933 1955 980 temere

365 1030 548 1070 amare
575 1023 807 1084 oportet,
840 1029 941 1069 nec
966 1015 1084 1070 sine
1113 1016 1321 1070 ratione
1361 1017 1619 1072 aversari.
1657 1016 1713 1073 9.
1742 1016 1810 1070 In
1859 1018 1955 1071 hoc

365 1110 497 1161 enim
531 1110 684 1162 etiam
709 1108 891 1178 scripsi
918 1107 1054 1162 vobis
1076 1149 1091 1173 ,
1125 1118 1180 1162 ut
1222 1125 1520 1180 cognoscam
1559 1110 1953 1180 experimentum

362 1211 580 1254 vestrum
605 1241 619 1267 ,
651 1216 718 1254 an
747 1200 801 1254 in
826 1199 1059 1254 omnibus
1088 1199 1371 1254 obedientes
1398 1201 1527 1256 sitis.
1560 1200 1673 1256 Hoc
1699 1209 1813 1266 est,
1844 1216 1950 1255 non

361 1292 522 1346 modo
546 1292 598 1346 in
625 1290 971 1362 amputanda,
1008 1289 1102 1346 sed
1124 1290 1285 1344 etiam
1317 1291 1371 1344 in
1398 1289 1756 1361 adjungcndo.
1787 1290 1951 1346 Vides

361 1401 594 1455 quonam
629 1395 785 1455 pacto
836 1384 922 1438 hic
951 1399 1163 1454 quoque
1201 1397 1388 1437 rursus
1428 1391 1627 1437 metum
1661 1381 1948 1437 immittat?

361 1477 429 1532 Ut
453 1476 596 1532 enim
642 1491 764 1531 cum
793 1475 881 1530 ille
919 1483 1231 1546 peccasset,
1267 1482 1528 1529 terrorem
1561 1473 1692 1544 ipsis
1722 1473 1945 1544 injecit,

359 1570 460 1624 nisi
502 1584 625 1625 eum
668 1567 1065 1631 abscinderent,
1095 1567 1282 1621 dicens
1305 1607 1321 1633 ,
1359 1565 1615 1637 Exiguum
1646 1569 1946 1631 fermentum

357 1672 513 1715 totam
541 1677 761 1714 massam
787 1659 1062 1729 corrumpit
1085 1657 1160 1730 (l.
1185 1657 1303 1713 Cor.
1329 1659 1380 1713 5.
1402 1658 1459 1726 6)
1481 1699 1496 1724 ,
1520 1659 1729 1728 aliaque
1755 1659 1943 1728 plura:

355 1755 544 1810 eodem
573 1754 661 1809 hic
687 1767 900 1823 quoque
929 1751 1089 1806 modo
1115 1750 1497 1806 inobedientia:
1526 1760 1724 1806 metum
1755 1751 1943 1806 iisdem

356 1846 555 1916 injicit,
587 1846 668 1900 his
702 1845 811 1899 fere
839 1843 1019 1899 verbis
1063 1851 1218 1898 utens
1262 1859 1276 1901 :
1311 1841 1376 1898 Ut
1407 1850 1532 1897 tunc
1580 1857 1686 1896 non
1726 1856 1823 1912 pro
1853 1841 1943 1897 illo

355 1947 581 2001 tantum,
624 1935 718 1992 sed
746 1936 907 1990 etiam
940 1949 1038 2005 pro
1070 1934 1243 1999 vobis,
1291 1934 1369 1988 sic
1404 1948 1544 1988 nunc
1579 1947 1791 2003 quoque
1834 1949 1942 1989 non

351 2029 521 2098 magis
545 2028 687 2082 illius
716 2067 731 2094 ,
763 2041 924 2097 quam
976 2035 1152 2080 vestra
1182 2039 1341 2080 causa
1368 2023 1650 2080 consilium
1676 2024 1828 2080 vobis
1853 2039 1941 2080 ca-

352 2121 602 2190 piendum
634 2129 750 2187 est,
784 2134 850 2175 ne
877 2119 1184 2189 pervicaces
1209 2130 1371 2189 atque
1403 2117 1678 2174 inhumani
1705 2132 1826 2174 esse
1855 2119 1935 2173 vi-

347 2212 600 2275 deumiui,
626 2227 727 2266 nec
759 2212 812 2265 in
839 2210 1087 2264 omnibus
1116 2209 1446 2264 obedientes.
1479 2209 1558 2264 Ac
1589 2209 1812 2280 proinde
1837 2211 1934 2276 ait,

347 2303 412 2357 In
439 2305 534 2356 hoc
566 2304 698 2357 enim
724 2303 877 2356 etiam
903 2301 1086 2371 scripsi
1124 2301 1280 2364 vobis,
1324 2311 1378 2353 ut
1407 2316 1709 2372 cognoscam
1739 2301 1936 2372 experi-

345 2402 569 2449 mentum
627 2401 888 2460 vestrum,
939 2407 1007 2445 an
1062 2391 1116 2444 in
1166 2389 1395 2444 omnibus
1458 2391 1743 2446 obedientes
1800 2392 1930 2446 sitis.

344 2488 553 2541 Etenim
599 2485 730 2539 illud
774 2484 987 2540 invidia:
1035 2483 1261 2538 fortasse
1285 2497 1349 2537 ac
1377 2483 1562 2538 livoris
1607 2497 1726 2539 esse
1765 2484 1932 2539 videri

339 2583 647 2650 potuisset;
679 2577 784 2634 hoc
808 2586 986 2632 autem
1018 2591 1202 2647 puram
1235 2576 1286 2630 in
1335 2575 1521 2645 primis
1557 2589 1622 2630 ac
1665 2575 1930 2632 sinceram

337 2671 699 2727 obedientiam
747 2669 1021 2736 ostendit,
1070 2676 1124 2724 et
1157 2683 1225 2722 an
1254 2666 1320 2722 ad
1351 2666 1704 2723 humanitatis
1753 2666 1928 2724 ofﬁcia

335 2762 513 2817 idonei
550 2762 689 2817 sitis.

403 2857 786 2927 .Disciputorum
820 2852 1060 2925 agit-inm.
1104 2882 1174 2893 —
1208 2851 1322 2908 Hoc
1351 2852 1497 2908 enim
1525 2851 1816 2923 proborum
1844 2852 1926 2908 di-

332 2951 661 3021 scipulorum
691 2957 796 3015 est,
838 2963 1034 3018 nempe
1056 2961 1162 3002 non
1190 2946 1352 3002 modo
1380 2947 1492 3014 illa,
1526 2946 1620 3002 sed
1656 2949 1924 3004 contraria

330 3056 544 3113 quoque
567 3039 850 3110 imperanti
879 3039 1274 3108 obtemperare.
1298 3038 1422 3093 Ideo
1447 3037 1602 3103 dixit,
1629 3039 1710 3092 Ad
1729 3040 1919 3095 omnia.

331 3134 538 3201 Quibus
568 3133 745 3187 verbis
771 3129 1029 3195 ostendit,
1065 3131 1166 3185 nisi
1189 3119 1446 3186 obediant
1473 3172 1488 3199 ,
1520 3131 1572 3186 id
1603 3147 1709 3186 non
1742 3142 1847 3187 tam
1873 3135 1924 3189 ei

329 3242 488 3297 quam
521 3226 621 3280 sibi
650 3225 780 3293 ipsis
812 3225 1010 3294 probro
1035 3238 1099 3278 ac
1139 3221 1394 3278 dedecori
1431 3223 1565 3292 fore,
1596 3233 1654 3278 ut
1682 3225 1770 3294 qui
1805 3239 1924 3295 per-

329 3316 548 3370 vicacia:
591 3314 899 3384 opinionem
929 3313 1208 3368 collecturi
1240 3313 1368 3366 sint.
1403 3312 1516 3368 lloc
1557 3323 1735 3370 autem
1769 3315 1915 3384 facit,

327 3417 384 3462 nt
414 3408 537 3462 hinc
567 3420 780 3477 quoque
822 3405 967 3474 ipsos
999 3403 1064 3459 ad
1107 3403 1404 3473 parendum
1436 3403 1675 3474 impellat
1720 3423 1733 3460 :
1778 3406 1921 3461 unde

326 3502 486 3555 etiam
511 3499 606 3564 ait,
635 3495 702 3550 In
732 3496 826 3549 hoc
851 3495 983 3549 enim
1008 3503 1055 3549 et
1079 3494 1258 3564 scripsi
1286 3495 1444 3549 vobis.
1465 3495 1649 3566 Neque
1674 3497 1816 3552 enim
1849 3497 1920 3555 ob

324 3606 442 3647 eam
465 3604 681 3645 causam
712 3586 949 3657 scripsit,
979 3585 1074 3641 sed
1106 3585 1208 3641 hoc
1236 3585 1438 3642 idcirco
1459 3587 1614 3656 dixit,
1643 3597 1704 3644 ut
1728 3604 1916 3644 eorum

319 3685 529 3738 animos
557 3682 836 3753 pelliceret
867 3694 882 3733 :
943 3679 1089 3749 quod
1133 3679 1275 3734 enim
1308 3680 1582 3750 prmeipue
1630 3681 1911 3751 agebatur,

321 3785 438 3831 crat
467 3776 608 3830 illius
625 3757 792 3840 salus,
817 3773 905 3843 qui
930 3781 1201 3844 peecarat.
1220 3772 1418 3828 Verum
1439 3773 1526 3828 ubi
1556 3774 1689 3829 nihil
1706 3776 1910 3844 damni,

319 3872 448 3941 ipsis
483 3870 643 3925 etiam
681 3867 1026 3940 gratiﬁcatur.
1075 3867 1178 3921 Per
1223 3865 1338 3920 huic
1377 3875 1572 3923 autem.
1597 3868 1759 3924 verba
1782 3911 1797 3936 ,
1833 3871 1913 3924 Ad

318 3965 509 4028 omnia,
533 3976 722 4016 rursus
748 3974 842 4015 eos
867 3958 1070 4022 laudat,
1104 3959 1384 4028 pristinam
1416 3975 1606 4014 eorum
1641 3961 1905 4016 obedien-

320 4057 447 4108 tiam
497 4065 952 4118 commemorans,
1008 4059 1170 4119 atque
1224 4051 1277 4103 in
1325 4049 1562 4105 medium
1615 4051 1906 4108 adducens.

317 4146 404 4202 10.
430 4145 522 4200 Cui
538 4153 707 4198 autent
726 4141 920 4212 aliquid
941 4141 1145 4194 donatis
1171 4181 1184 4208 ,
1209 4149 1256 4195 et
1285 4156 1397 4211 ego.
1419 4140 1583 4196 Vides
1611 4158 1717 4212 quo
1749 4152 1907 4213 pacto

318 4252 504 4292 rursus
550 4235 881 4305 posteriores
918 4231 1020 4286 sibi
1049 4231 1270 4299 tribuit,
1301 4231 1422 4286 illos
1462 4232 1712 4288 videlicet
1742 4233 1908 4290 duces

311 4338 472 4398 atque
519 4325 798 4395 auspices,
838 4337 897 4379 se
931 4337 1062 4378 vero
1105 4323 1358 4377 comitem
1401 4321 1686 4379 dumtaxat
1719 4335 1907 4381 osten-

310 4417 488 4474 dens?
516 4417 606 4473 Sic
645 4415 897 4471 nimirum
943 4414 1297 4470 exacerbatus
1337 4415 1548 4471 animus
1597 4417 1902 4487 mitigatur,

315 4513 394 4568 sic
416 4511 583 4567 durus
611 4525 674 4566 ac
723 4509 966 4580 pertinax
999 4507 1292 4563 emollitur.
1335 4507 1526 4564 Postea
1559 4524 1630 4564 ne
1678 4512 1903 4581 supinos

316 4619 408 4660 eos
437 4603 646 4667 reddat,
674 4610 732 4656 ut
759 4615 927 4670 penes
971 4613 1105 4669 quos
1153 4599 1354 4668 negotii
1385 4613 1595 4653 summa
1617 4600 1728 4666 sit,
1755 4611 1808 4656 et
1836 4617 1906 4656 ne

314 4698 464 4752 illum
495 4694 717 4748 missum
747 4691 963 4756 faciant,
993 4689 1061 4744 ad
1085 4690 1185 4743 hoc
1217 4691 1363 4760 ipsos
1390 4689 1636 4759 impellit,
1670 4691 1797 4746 dum
1828 4697 1904 4748 ait

313 4804 374 4844 se
399 4801 611 4856 quoque
629 4784 705 4838 illi
723 4782 1084 4838 condonasse.
1117 4779 1259 4835 Nam
1286 4790 1333 4836 et
1357 4797 1448 4852 ego
1472 4781 1517 4834 si
1544 4782 1668 4851 quid
1695 4783 1900 4852 donavi,

313 4877 446 4947 quod
468 4877 674 4942 donavi,
701 4883 908 4945 propter
932 4890 1038 4928 vos.
1069 4872 1208 4940 Quin
1238 4872 1340 4927 hoc
1367 4887 1578 4943 quoque
1609 4874 1784 4945 ipsum
1811 4893 1904 4932 ve-

316 4981 426 5025 stra
451 4984 612 5025 causa
645 4967 771 5035 feci,
801 4967 992 5037 inquit.
1022 4965 1091 5021 Et
1118 4967 1281 5033 sicut,
1310 4980 1434 5020 cum
1462 4966 1611 5020 illum
1636 4971 1900 5038 amputari

308 5061 532 5132 jubebat
555 5103 570 5128 ,
600 5074 701 5115 nec
729 5059 780 5113 ei
809 5057 1119 5129 indulgendi
1152 5057 1434 5112 arbitrium
1465 5059 1594 5128 ipsis
1626 5060 1897 5130 permisit,

311 5155 516 5220 dicens,
557 5153 679 5208 Jam
701 5152 926 5224 judicavi
957 5153 1159 5207 tradere
1185 5152 1481 5224 hujusmodi
1527 5153 1782 5208 hominem
1811 5171 1904 5209 sa-

309 5257 448 5300 tanar
474 5245 564 5318 (l.
597 5245 715 5300 Cor.
740 5244 794 5299 5.
820 5245 879 5315 5)
899 5284 914 5310 ,
942 5258 1006 5299 ac
1045 5258 1233 5300 rursus
1263 5253 1440 5299 tamen
1469 5260 1564 5301 eos
1607 5249 1893 5304 sententire

313 5338 493 5393 socios
518 5336 728 5402 ascivit,
757 5351 881 5391 cum
917 5336 1138 5405 diceret,
1172 5334 1503 5408 Congregatis
1532 5339 1669 5393 vobis
1700 5340 1899 5393 tradere

302 5446 430 5484 eum
458 5445 475 5482 :
503 5429 637 5483 duas
663 5427 913 5484 videlicet
941 5443 1028 5483 res
1048 5429 1318 5484 maximas
1339 5439 1554 5484 struens
1573 5472 1589 5496 ,
1620 5445 1815 5502 nempe
1844 5439 1900 5484 ut

307 5529 366 5575 et
389 5520 654 5575 sententia
685 5518 934 5586 ferretur,
965 5527 1022 5575 et
1051 5530 1228 5575 tamen
1262 5533 1368 5574 non
1399 5519 1514 5574 sine
1540 5520 1665 5584 illis,
1699 5535 1766 5575 ne
1798 5521 1899 5574 hac

308 5614 519 5668 ratione
558 5626 652 5668 eos
691 5613 890 5668 laedere
931 5611 1237 5678 videretur;
1266 5627 1330 5666 ac
1360 5627 1533 5682 neque
1583 5614 1735 5668 solus
1775 5629 1893 5668 eam

305 5703 632 5774 proferebat,
660 5720 728 5763 ne
758 5705 832 5762 illi
860 5721 984 5763 cum
1012 5712 1350 5776 arrogantem
1381 5718 1522 5776 esse,
1551 5719 1614 5760 ac
1643 5718 1702 5759 se
1733 5703 1798 5758 ab
1825 5719 1888 5761 eo

1098 258 1154 315 S.
1195 259 1470 316 JOANle
1505 260 1976 319 CllRVSOSTOMl
2016 264 2332 322 AllClllEP.
2373 266 2904 327 CONSTANTINOP.

3557 284 3663 341 4'21

2065 378 2693 448 contemnijudicarent;
2724 400 2822 440 nec
2853 401 3039 440 rursus
3069 401 3181 442 rem
3223 397 3384 445 totam
3418 392 3654 463 ipsorum

2069 467 2294 524 arbitrio
2320 471 2727 540 committebat,
2758 491 2826 531 ne
2858 487 3076 547 accepta
3121 480 3344 551 hujusce
3381 484 3458 538 rei
3507 498 3655 555 pote-

2065 566 2205 613 state
2255 561 2547 629 proderent
2574 579 2694 619 eum
2729 567 2818 636 qui
2843 579 3188 637 peccaverat,
3224 572 3653 643 intempestivum

2067 662 2194 741 erga
2218 651 2390 720 ipsum
2424 653 3142 726 indulgentiamadhibentes
3174 681 3186 716 :
3221 665 3292 718 ita
3321 665 3408 720 hic
3433 653 3647 741 quoque

2063 737 2211 808 facit,
2242 743 2426 800 dicens
2459 763 2472 800 :
2505 747 2616 816 Ego
2641 748 2752 818 jam
2777 751 3098 820 condonavi,
3127 755 3219 824 qui
3252 756 3303 810 in
3332 737 3512 827 priore
3540 737 3652 830 epi-

2061 833 2199 887 stola
2233 833 2342 904 jam
2374 837 2819 896 condemnaram.
2864 842 3066 899 Deinde
3096 861 3182 910 ne,
3220 855 3489 918 tamquam
3517 865 3650 906 con-

2063 924 2270 994 tempti,
2295 927 2487 982 animis
2517 928 2920 987 offenderentur
2938 975 2952 999 ,
2979 935 3088 1001 ait,
3121 935 3345 1008 Propter
3371 954 3478 994 vos.
3512 942 3648 1008 Quid

2061 1009 2254 1080 igitur?
2269 1029 2337 1068 an
2361 1024 2418 1070 ut
2439 1017 2506 1072 ab
2523 1018 2831 1076 hominibus
2847 1025 3069 1093 gratiam
3096 1026 3268 1092 iniret,
3290 1027 3387 1100 ipsi
3412 1031 3649 1100 ignovit?

2056 1103 2300 1162 Minime:
2320 1109 2545 1181 ideoque
2587 1113 2802 1183 adjecit,
2827 1114 2893 1170 In
2912 1134 3128 1187 persona
3143 1117 3351 1174 Christi.
3378 1121 3513 1189 Quid
3540 1135 3642 1192 est,

2057 1194 2123 1250 In
2149 1215 2364 1268 persona
2394 1201 2622 1259 Christi?
2644 1205 2758 1261 Hoc
2788 1216 2894 1275 est,
2915 1209 3211 1265 secundum
3241 1212 3432 1280 Deum,
3463 1216 3545 1269 vel
3575 1217 3644 1270 ad

2055 1283 2250 1343 Christi
2280 1290 2526 1360 gloriam.
2549 1293 2632 1348 Ne
2651 1295 3103 1352 circumveniantur
3125 1317 3156 1353 a
3182 1311 3362 1356 satana
3385 1321 3403 1358 :
3429 1305 3513 1359 ll.
3540 1323 3642 1361 non

2053 1379 2187 1432 enim
2228 1381 2521 1451 ignoramus
2559 1387 2890 1457 cogitationes
2925 1391 3057 1461 ejus.
3111 1390 3322 1456 Viden‘,
3358 1402 3414 1449 ut
3458 1404 3510 1450 et
3538 1396 3642 1454 illis

2053 1479 2380 1541 potestatem
2404 1478 2664 1533 concedat
2691 1521 2706 1546 ,
2738 1490 2793 1536 et
2820 1482 3066 1538 eamdem
3095 1499 3279 1540 rursus
3305 1486 3502 1543 adimat
3534 1507 3548 1543 :
3585 1500 3643 1546 ut

2053 1563 2198 1619 illinc
2227 1566 2439 1636 quidem
2461 1583 2556 1624 eos
2587 1571 2793 1642 mitiget
2819 1587 2883 1627 ac
2905 1573 3168 1639 emolliat,
3198 1577 3322 1632 hinc
3348 1588 3525 1634 autem
3555 1595 3640 1636 e0«

2051 1672 2169 1712 rum
2212 1661 2574 1732 arrogantiam
2617 1665 2900 1734 amputet?
2929 1665 3039 1722 Nec
3068 1683 3195 1724 vero
3235 1668 3286 1724 id
3332 1671 3504 1726 solum
3537 1672 3638 1726 hoc

2051 1749 2173 1805 loco
2195 1751 2434 1819 molitur,
2455 1754 2550 1810 sed
2577 1755 2706 1810 illud
2737 1771 2972 1828 quoque,
2999 1768 3057 1812 ut
3077 1759 3328 1815 ostendat
3351 1777 3638 1818 commune

2048 1840 2434 1900 detrimentum
2465 1845 2580 1902 fore
2604 1888 2620 1914 ,
2658 1849 2701 1902 si
2753 1864 2859 1904 non
2904 1849 3210 1905 obedierint
3237 1869 3251 1906 :
3283 1852 3427 1922 quod
3475 1855 3634 1908 etiam

2048 1932 2099 1987 in
2132 1934 2400 2005 principio
2429 1935 2574 1991 fecit.
2608 1938 2739 1992 Nam
2772 1949 2882 1994 tum
2911 1939 3072 1994 etiam
3105 1940 3338 2004 dicebat,
3371 1941 3634 1998 Modicum

2044 2023 2347 2093 fermentum
2377 2035 2531 2080 totam
2561 2044 2781 2081 massam
2824 2030 3104 2099 corrumpit
3135 2029 3154 2101 (
3180 2031 3227 2085 1.
3261 2030 3380 2084 Cor.
3437 2033 3491 2087 5.
3523 2033 3554 2086 6
3575 2037 3630 2103 );

2043 2126 2094 2170 et
2127 2132 2312 2172 rursus
2340 2118 2445 2184 hic,
2479 2117 2546 2173 Ut
2569 2136 2669 2172 non
2696 2121 3150 2174 circumveniantur
3170 2139 3200 2174 a
3221 2131 3402 2176 satana
3427 2139 3444 2176 :
3473 2133 3632 2193 atque

2043 2208 2184 2263 illius
2209 2210 2298 2280 qui
2348 2221 2598 2280 pcccarat
2639 2212 3031 2267 absolutionem
3069 2213 3264 2284 ubique
3306 2215 3409 2269 sibi
3441 2224 3492 2270 et
3523 2216 3630 2270 illis

2041 2310 2275 2371 arrogat.

2111 2393 2165 2447 5.
2192 2392 2389 2448 Verum
2417 2393 2579 2449 altius
2604 2409 2721 2449 rem
2749 2393 3035 2450 considera
3072 2413 3086 2450 :
3118 2394 3314 2468 Siquis
3362 2405 3527 2451 autem
3552 2413 3630 2451 me

2037 2486 2348 2540 contristavit
2368 2528 2382 2554 ,
2415 2485 2606 2556 inquit,
2639 2502 2740 2540 non
2767 2503 2845 2540 me
2871 2486 3182 2541 contristarit
3200 2526 3216 2553 ,
3251 2487 3340 2541 sed
3367 2504 3430 2542 ea:
3458 2498 3623 2558 parte,

2035 2587 2092 2629 ut
2116 2593 2217 2631 non
2253 2593 2452 2632 onerent
2479 2594 2654 2632 omnes
2690 2593 2776 2631 vos
2797 2593 2817 2642 ;
2847 2591 2910 2632 ac
2939 2577 3132 2633 deinde
3171 2593 3358 2634 rursus
3382 2622 3395 2646 ,
3431 2579 3628 2651 Suﬁicit

2034 2668 2081 2721 ei
2127 2670 2215 2738 qui
2265 2670 2514 2739 ejusmodi
2559 2678 2651 2737 est,
2701 2669 2987 2741 objurgatio
3036 2687 3115 2738 ea,
3170 2688 3282 2742 qua:
3330 2671 3386 2740 ﬁt
3417 2689 3451 2725 a
3504 2675 3625 2744 plu-

2033 2759 2191 2814 ribus.
2247 2759 2362 2815 lloc
2434 2761 2600 2829 ipsius
2653 2759 2932 2815 decretum
2993 2771 3076 2816 est
3119 2773 3283 2831 atque
3331 2765 3616 2819 sententia.

2032 2849 2141 2905 Nec
2171 2858 2348 2905 tamen
2379 2851 2433 2905 in
2461 2850 2563 2905 1100
2590 2850 2808 2906 decreto
2843 2851 3106 2917 constitit,
3155 2852 3252 2907 sed
3282 2869 3494 2908 rursum
3521 2870 3616 2910 eos

2031 2956 2245 3014 quoque
2273 2943 2450 2997 socios
2477 2941 2732 3008 adhibet,
2765 2942 2951 2998 dicens
2985 2960 2998 2997 :
3032 2940 3099 2998 Ut
3129 2959 3156 2996 e
3179 2946 3436 2999 contrario
3461 2947 3624 3017 magis

2029 3033 2320 3087 condonetis
2349 3041 2396 3087 et
2424 3033 2774 3087 consolemini.
2809 3031 3028 3103 Propter
3048 3033 3186 3103 quod
3205 3034 3408 3090 obsecro
3431 3052 3534 3101 vas,
3567 3048 3622 3090 ut

2029 3123 2236 3193 ﬁrmatis
2275 3124 2330 3177 in
2381 3140 2494 3176 eum
2539 3124 2822 3178 caritatem.
2877 3124 2948 3178 At
2999 3133 3184 3193 postea
3235 3140 3396 3195 quam
3450 3135 3619 3180 totum

2029 3214 2170 3270 istud
2201 3229 2386 3270 eorum
2418 3214 2643 3268 arbitrio
2671 3213 2934 3284 permisit,
2965 3214 3032 3268 ad
3057 3217 3435 3270 auctoritatem
3467 3231 3620 3272 suam

2025 3305 2281 3377 deinceps
2308 3306 2516 3370 transit,
2539 3305 2622 3360 his
2647 3305 2825 3361 verbis
2847 3313 3004 3360 utens
3028 3325 3041 3360 :
3071 3303 3138 3360 In
3165 3306 3261 3361 hoc
3280 3308 3412 3361 enim
3434 3310 3622 3379 scripsi

2025 3401 2162 3454 vobis
2182 3439 2196 3466 ,
2226 3408 2280 3452 ut
2311 3414 2615 3469 cognoscam
2645 3399 3042 3468 experimentum
3067 3408 3306 3467 vestrum,
3335 3417 3401 3454 an
3432 3402 3483 3454 in
3499 3418 3615 3456 om-

2024 3493 2171 3547 nibus
2201 3493 2488 3546 obedientes
2531 3491 2674 3546 estis.
2715 3491 2835 3546 Mox
2863 3506 3051 3547 rursus
3099 3492 3324 3561 gratiam
3357 3493 3488 3563 ipsis
3518 3493 3614 3548 ad-

2022 3587 2229 3653 scribit,
2259 3601 2382 3641 cum
2415 3586 2506 3650 ait,
2530 3584 2626 3638 Cui
2649 3593 2815 3638 autem
2841 3584 3068 3638 donastis
3089 3601 3108 3638 :
3135 3592 3243 3638 tum
3275 3599 3461 3640 rursus
3483 3586 3609 3656 sibi,

2021 3680 2226 3745 dicens,
2283 3677 2347 3731 Et
2371 3694 2461 3749 ego
2487 3677 2530 3731 si
2556 3677 2639 3730 cui
2667 3677 2882 3741 donavi,
2914 3686 3120 3748 prapter
3157 3691 3283 3730 vos:
3316 3676 3512 3737 deinde
3539 3681 3613 3734 si-

2021 3772 2132 3826 mul
2161 3779 2218 3828 et
2246 3770 2378 3842 ipsis
2405 3780 2458 3824 et
2510 3769 2610 3825 sibi
2641 3783 2759 3823 eam
2793 3767 3045 3834 vindicat,
3077 3784 3202 3823 cum
3234 3769 3307 3822 ait
3327 3811 3340 3833 ,
3395 3769 3532 3823 Nam
3564 3782 3613 3825 et

2017 3880 2130 3936 ego,
2155 3863 2200 3918 si
2224 3864 2346 3934 quid
2374 3861 2580 3929 donavi,
2599 3871 2805 3931 propter
2821 3876 2906 3916 vos
2930 3861 2982 3914 in
3005 3877 3220 3932 persona
3246 3861 3459 3917 Christi.
3490 3863 3603 3920 Hoc

2016 3967 2130 4024 est,
2160 3956 2228 4012 ad
2252 3957 2477 4027 gloriam
2517 3954 2748 4020 Christi;
2791 3953 2896 4020 vel,
2947 3963 3218 4024 tamquam
3259 3954 3475 4010 Christo
3505 3956 3608 4011 hoe

2015 4049 2174 4102 etiam
2203 4048 2500 4118 imperante
2534 4063 2547 4099 :
2578 4045 2740 4116 idque
2769 4046 3002 4100 maxime
3048 4045 3168 4100 illos
3213 4046 3481 4102 movebat.
3512 4047 3603 4102 Ti-

2015 4137 2235 4192 mebant
2272 4137 2415 4192 enim
2449 4151 2517 4192 ne
2543 4135 2871 4207 indulgentia
2901 4136 3078 4191 minus
3107 4145 3393 4192 uterentur
3426 4139 3479 4192 in
3523 4154 3601 4203 re,

2013 4244 2132 4300 qua:
2159 4227 2224 4282 ad
2252 4227 2449 4284 Christi
2490 4227 2712 4298 gloriam
2745 4227 3072 4298 pertineret,
3103 4229 3314 4299 ipsique
3344 4230 3599 4299 placeret.

2016 4319 2216 4375 Deinde
2263 4335 2450 4374 rursus
2500 4333 2784 4374 commune
2823 4319 3229 4387 detrimentum,
3284 4321 3331 4375 si
3383 4321 3605 4376 obedire

2013 4413 2364 4484 negligerent,
2394 4412 2647 4482 proponit
2675 4411 2860 4468 dicens
2885 4452 2901 4480 ,
2927 4411 2995 4466 Ut
3025 4429 3124 4466 non
3150 4415 3603 4470 circumveniantur

2011 4525 2042 4562 a
2064 4518 2264 4563 satana.
2294 4507 2411 4575 Quo
2437 4507 2555 4561 loco
2577 4507 2800 4577 pulchre
2822 4515 3090 4574 πλεονεξίας
3106 4509 3425 4564 vocabulum
3454 4527 3603 4565 usur-

2013 4601 2157 4671 pavit
2206 4616 2220 4653 :
2276 4600 2618 4670 nequeenim
2652 4600 2740 4654 ille
2771 4616 2864 4654 sua
2907 4601 3015 4671 jam
3043 4602 3225 4671 capit,
3277 4602 3372 4657 sed
3417 4611 3596 4658 nostra

2010 4691 2189 4763 eripit.
2217 4690 2327 4747 Nec
2372 4706 2500 4746 vero
2541 4692 2672 4747 mihi
2715 4692 2818 4747 hoc
2865 4693 3084 4759 dixeris,
3128 4694 3268 4764 quod
3309 4695 3458 4749 solus
3510 4697 3598 4752 ille

2011 4784 2302 4864 fornicator
2330 4785 2519 4840 belluae
2549 4786 2598 4840 in
2623 4785 2858 4855 praedam
2883 4786 3058 4852 cedat,
3091 4803 3278 4842 verum
3302 4789 3430 4843 illud
3459 4807 3593 4860 quu-

2010 4892 2115 4947 que
2143 4886 2321 4932 tecum
2347 4887 2533 4948 reputa
2559 4917 2574 4942 ,
2608 4877 2748 4948 quod
2777 4878 2954 4948 gregis
2986 4894 3243 4933 numerus
3289 4881 3464 4935 minor
3498 4883 3553 4937 ﬁt
3578 4899 3594 4948 ;

2009 4985 2073 5024 ac
2119 4985 2261 5024 nunc
2290 4969 2609 5040 pra-sertim,
2639 4985 2761 5025 cum
2799 4969 2850 5024 id
2881 4970 3022 5040 quod
3050 4971 3305 5026 amissum
3333 4983 3418 5028 est
3444 4991 3600 5030 recu-

2011 5074 2202 5128 perare
2249 5059 2396 5114 licet.
2450 5057 2574 5113 Non
2619 5065 2749 5114 enim
2778 5061 2887 5130 eius
2921 5062 3250 5132 cogitationes
3280 5065 3593 5134 ignoramus.

2007 5149 2212 5222 Nempe
2239 5152 2380 5222 quod
2408 5153 2621 5221 pietatis
2649 5160 2911 5222 pra-textu
2956 5154 3112 5208 nobis
3139 5155 3360 5210 exitium
3386 5158 3591 5213 afferat.

2007 5241 2123 5296 Non
2169 5243 2312 5297 enim
2355 5242 2480 5296 hinc
2521 5245 2715 5310 solum,
2769 5244 2910 5314 quod
2957 5246 3191 5316 aliquem
3233 5248 3299 5302 ad
3346 5259 3589 5322 stuprum

2008 5334 2263 5402 inducat,
2298 5334 2391 5390 sed
2431 5351 2460 5388 a
2510 5337 2782 5390 contrario
2813 5353 3022 5408 quoque
3079 5342 3367 5408 perniciem
3401 5342 3593 5398 afferre

2007 5433 2203 5494 p0test,
2227 5426 2480 5480 nimirum
2511 5428 2577 5480 ab
2609 5427 2898 5481 immodico
2921 5443 3151 5484 mcerore
3183 5447 3244 5485 ex
3277 5433 3588 5502 paenitentia

2004 5525 2297 5570 contracto.
2332 5517 2462 5571 Cum
2497 5516 2656 5586 igitur
2685 5532 2788 5569 una
2817 5531 2935 5570 cum
2965 5519 3077 5573 suis
3118 5532 3329 5576 nostros
3373 5539 3588 5594 quoque

2003 5608 2252 5677 abripiat,
2279 5625 2398 5664 cum
2430 5619 2483 5662 et
2512 5623 2736 5678 peccare
2758 5609 2954 5678 jubens
2984 5611 3192 5680 perdat,
3217 5623 3268 5667 et
3293 5614 3444 5669 nobis
3475 5629 3592 5686 poe-

2005 5701 2283 5756 nitentiam
2332 5700 2687 5758 iudicentibus
2718 5702 2886 5772 rapiat
2915 5745 2929 5770 ,
2961 5718 3136 5759 annon
3180 5705 3319 5760 istud
3348 5707 3585 5770 also-nim
