4068 6448
442 476 546 534 125

448 604 551 660 est,
583 592 688 648 hoc
733 598 814 647 est
836 631 851 656 ,
879 589 1068 644 aliena:
1113 585 1190 641 rei
1218 585 1535 655 usurpatio?
1561 584 1676 640 Non
1718 582 1861 639 enim
1890 582 2026 636 satis

451 686 612 740 habet
638 698 732 755 per
780 688 1056 753 peccatum
1091 692 1190 734 nos
1227 676 1481 748 dejicere,
1518 675 1613 731 sed
1639 690 1735 746 per
1764 674 2028 744 paeniten-

449 779 574 834 tiam
602 790 835 848 quoque,
863 774 965 829 nisi
990 771 1291 843 vigilemus,
1324 770 1465 826 idem
1498 769 1684 825 efficit.
1713 769 1887 838 Atque
1907 765 2031 822 ideo

450 878 715 935 πλεονεξίαν
758 865 953 921 merito
978 862 1304 935 appellavit,
1345 876 1466 916 cum
1496 876 1597 932 per
1631 874 1695 915 ea
1725 859 1885 915 etiam
1912 871 2032 928 quae

448 971 629 1017 nostra
655 967 814 1024 sunt,
840 957 1118 1013 victoriam
1147 955 1480 1026 adipiscitur.
1517 951 1730 1008 Etenim
1773 966 1873 1022 per
1901 963 2030 1021 pec—

447 1063 623 1110 catum
650 1066 845 1123 capere
888 1051 1163 1121 proprium
1190 1049 1358 1120 ipsius
1383 1057 1468 1104 est
1490 1088 1506 1114 ,
1540 1055 1595 1101 at
1622 1061 1722 1116 per
1763 1044 2033 1115 poeniten-

448 1147 598 1213 tia‘m,
623 1159 730 1199 non
754 1144 880 1199 item
911 1159 927 1198 :
959 1150 1200 1198 nostrum
1227 1140 1393 1207 enim,
1427 1153 1534 1195 non
1563 1147 1740 1193 autem
1773 1137 1918 1192 illius
1947 1144 2033 1191 est

444 1240 553 1292 hoc
591 1248 859 1290 armorum
885 1248 1074 1305 genus.
1106 1231 1468 1301 Quamobrem
1493 1244 1615 1285 cum
1664 1228 1791 1283 hinc
1818 1243 2031 1298 quoque

445 1343 641 1396 capere
672 1335 871 1397 potest,
903 1324 1272 1381 animadverte
1295 1338 1455 1394 quam
1484 1321 1653 1392 turpis
1679 1321 1751 1375 sit
1779 1320 1895 1375 haec
1921 1319 2034 1375 cla.

447 1421 566 1486 des,
591 1428 958 1491 quantumque
975 1418 1068 1474 ille
1094 1426 1150 1473 ut
1178 1416 1423 1472 imbelles
1443 1424 1498 1471 et
1523 1415 1754 1470 miseros
1780 1413 2033 1469 irrisurus

448 1522 610 1582 atque
636 1512 1004 1583 exagitaturus
1030 1517 1115 1564 est
1137 1550 1152 1577 ,
1200 1507 1462 1579 siquidem
1489 1521 1591 1563 nos
1614 1506 1927 1563 nostrismet
1948 1521 2031 1561 ar-

449 1602 553 1656 mis
595 1601 889 1672 subegerit.
944 1601 1213 1671 Perquam
1240 1598 1381 1655 enim
1412 1597 1695 1654 ridiculum
1722 1611 1787 1652 ac
1823 1611 2034 1653 summe

450 1690 753 1763 pudendum
795 1690 925 1746 illud
966 1699 1087 1757 est,
1125 1689 1267 1760 quod
1297 1704 1391 1760 per
1433 1688 1821 1745 medicamenta
1850 1698 2031 1745 nostra

450 1782 565 1852 ipse
589 1780 810 1836 vulnera
841 1780 1060 1836 efﬁciat.
1091 1779 1218 1837 Ideo
1245 1780 1442 1835 Paulus
1464 1778 1710 1848 dicebat,
1751 1778 1877 1834 Non
1901 1779 2034 1834 enim

448 1872 610 1941 ipsius
649 1872 980 1943 cogitationes
1006 1871 1341 1943 ignoramus;
1367 1870 1470 1925 hoc
1510 1879 1634 1937 est,
1658 1885 1816 1941 quam
1849 1870 2031 1925 multi-

449 1962 571 2033 plex
596 2004 612 2030 ,
654 1978 813 2034 quam
855 1962 1007 2018 vafer
1029 2003 1045 2031 ,
1076 1977 1235 2034 quam
1262 1969 1534 2017 veterator
1562 1976 1627 2017 ac
1655 1970 1902 2017 versutus
1941 1960 2037 2030 sit,

447 2070 605 2127 quam
642 2055 874 2125 denique
922 2055 1022 2110 sub
1067 2053 1282 2125 pietatis
1326 2052 1551 2109 obtentu
1592 2052 1840 2108 infestum
1879 2052 2036 2108 nobis

450 2149 658 2203 hostem
704 2147 961 2217 prmbeat.
1000 2146 1127 2201 Haec
1167 2147 1327 2216 igitur
1351 2160 1453 2201 nos
1500 2160 1715 2218 quoque
1738 2145 2037 2218 cogitantes

449 2238 717 2293 neminem
745 2252 994 2309 umquam
1022 2244 1432 2293 contemnamus
1452 2279 1468 2304 ,
1496 2251 1595 2293 nec
1628 2245 1912 2307 peccantes
1941 2236 2035 2293 de-

448 2345 745 2400 speremus,
775 2346 875 2386 nec
899 2345 1113 2386 rursum
1138 2329 1385 2386 socordia
1411 2329 1795 2402 laugueamus;
1825 2344 2033 2397 verum,

447 2440 567 2479 cum
599 2433 877 2496 peccatum
908 2423 1242 2491 admisimus,
1275 2423 1513 2477 animum
1539 2430 1906 2488 conteramus,
1937 2437 2036 2478 nec

447 2518 610 2574 verba
660 2518 940 2573 dumtaxat
993 2516 1347 2588 proferamus.
1392 2515 1666 2586 Siquidem
1726 2515 2037 2586 complures

449 2609 571 2665 novi
590 2609 681 2679 qui
705 2624 764 2665 se
789 2608 1006 2679 quidem
1028 2616 1248 2679 peccata
1274 2622 1371 2662 sua
1398 2606 1599 2663 deﬂere
1615 2607 1786 2675 aiunt,
1811 2617 1870 2662 at
1895 2608 2036 2661 inte-

449 2699 549 2755 rim
578 2700 650 2755 nil
681 2700 856 2771 magni
884 2706 1217 2769 operantur;
1247 2713 1431 2754 verum
1453 2698 1701 2768 jejunant
1724 2698 1795 2753 illi
1822 2697 2038 2769 quidem

448 2808 514 2848 ac
538 2801 716 2849 vestes
746 2806 969 2862 asperas
991 2798 1206 2863 gestant
1234 2832 1249 2858 ,
1278 2800 1533 2847 czeterum
1563 2791 1758 2862 majori
1783 2792 2038 2861 pecunia-

450 2900 568 2939 rum
596 2884 888 2955 cupiditate
918 2883 1185 2956 ﬂagrant,
1222 2900 1381 2955 quam
1412 2898 1722 2955 caupones;
1765 2885 1843 2940 ira
1871 2885 2040 2957 magis

449 2978 835 3047 corripiuntur,
864 2991 1020 3048 quam
1049 2976 1178 3032 fera:
1203 2994 1218 3044 ;
1247 2984 1410 3046 atque
1432 2976 1819 3033 obtrectatione
1848 2977 2037 3048 magis,

449 3084 607 3140 quam
632 3069 723 3125 alii
750 3068 1145 3124 laudationibus
1172 3068 1528 3125 delectantur.
1564 3069 1889 3126 Pmnilentia
1935 3069 2039 3125 ista

449 3178 555 3219 non
586 3172 707 3218 sunt
748 3180 762 3217 :
791 3163 1122 3234 poenitentiae
1149 3163 1297 3218 larva
1342 3170 1504 3233 atque
1530 3163 1716 3219 umbra
1756 3163 1858 3219 ista
1889 3171 2034 3229 sunt,

451 3268 556 3309 non
583 3254 915 3324 poenitentia.
944 3254 1027 3310 Ob
1054 3253 1216 3325 idque
1238 3254 1306 3309 ad
1335 3253 1603 3324 ejusmodi
1630 3254 1878 3311 homines
1909 3255 2041 3311 illud

449 3361 707 3417 usurpare
728 3344 873 3415 licet,
903 3346 1094 3402 Videte
1124 3361 1194 3402 ne
1218 3346 1713 3403 circumveniamur
1747 3363 1779 3403 a
1813 3356 1996 3405 satana
2021 3363 2039 3416 ;

434 3452 559 3505 ,non
607 3439 751 3493 enim
791 3439 908 3510 ejus
934 3430 1286 3510 cogitationes
1314 3439 1642 3509 ignoramus.
1671 3439 1819 3496 Alios
1844 3440 2044 3512 quippe

450 3543 545 3599 per
573 3536 791 3599 peccata
811 3571 827 3598 ,
859 3530 997 3586 alios
1022 3544 1120 3600 per
1150 3530 1522 3601 paenitentiam
1547 3572 1563 3598 ,
1591 3531 1728 3588 alios
1750 3533 1859 3588 alio
1880 3532 2041 3589 modo

450 3620 660 3690 perdit;
687 3621 814 3677 dum
838 3621 1089 3678 videlicet
1128 3636 1225 3678 eos
1252 3621 1457 3677 nullum
1489 3638 1554 3679 ex
1579 3624 1899 3695 poenitentia
1922 3623 2038 3680 fru-

447 3722 593 3766 ctum
620 3712 899 3783 percipere
927 3713 1075 3770 sinit.
1099 3712 1234 3767 Nam
1262 3727 1384 3769 cum
1427 3712 1747 3784 quibusdam
1776 3725 1928 3770 recta
1953 3716 2038 3771 via

448 3807 743 3878 perniciem
784 3805 978 3866 afferre
1010 3809 1238 3878 nequit,
1270 3808 1495 3865 alteram
1522 3808 1663 3862 viam
1694 3808 1823 3875 init,
1857 3808 2041 3880 sicque
2082 3836 2091 3841 ν

447 3911 508 3952 se
529 3906 805 3968 comparat
830 3941 844 3965 ,
876 3909 931 3954 ut
961 3898 1173 3957 labores
1198 3899 1415 3970 quidem
1439 3907 1670 3971 augeat,
1703 3899 1909 3955 fructus
1945 3915 2042 3955 au-

447 3996 556 4044 tem
585 3988 820 4056 adimat,
849 3991 1084 4062 ipsisque
1110 3990 1212 4045 hoc
1251 3989 1614 4060 persuadeat,
1642 3998 1717 4057 ut
1748 3999 2021 4061 tamquam

447 4079 592 4135 omni
620 4095 685 4136 ex
716 4093 865 4152 parte
904 4082 1082 4137 officio
1130 4081 1438 4153 perfuncti,
1489 4081 1694 4154 reliqua
1742 4082 2034 4154 negligant.

447 4170 705 4238 Quocirca
732 4190 799 4230 ne
824 4175 1091 4230 incassum
1123 4176 1370 4246 nosipsos
1397 4190 1682 4244 vexemus,
1715 4176 1936 4232 brevem
1967 4178 2034 4232 ad

447 4262 752 4332 hujusmodi
779 4266 1031 4321 mulieres
1054 4267 1355 4323 orationem
1377 4266 1674 4323 habeamus
1707 4286 1720 4322 :
1752 4268 2035 4324 mulierum

448 4355 589 4410 enim
614 4357 949 4426 potissimum
975 4357 1061 4413 hic
1096 4358 1318 4415 morbus
1338 4369 1441 4414 est.
1464 4358 1791 4415 Praeclarum
1820 4359 2037 4430 quidem

447 4446 550 4504 hoc
573 4462 786 4520 quoque
813 4459 897 4506 est
920 4493 935 4517 ,
965 4452 1108 4522 quod
1142 4465 1285 4506 nunc
1311 4450 1483 4506 facitis
1511 4491 1526 4516 ,
1552 4449 1658 4506 hoc
1684 4458 1769 4506 est
1791 4451 2038 4522 jejunare

445 4548 503 4597 et
544 4540 693 4596 humi
729 4542 928 4599 cubare
972 4558 1037 4598 ac
1062 4543 1301 4599 cinerem
1331 4542 1630 4607 adhibere;
1662 4542 1757 4599 sed
1802 4544 1904 4598 nisi
1932 4544 2036 4600 alia

446 4631 665 4701 insuper
688 4635 1054 4700 accesserint,
1087 4633 1231 4690 nulla
1261 4633 1386 4688 hinc
1412 4632 1616 4688 utilitas
1653 4642 2034 4704 consequetur.

444 4722 691 4780 Ostendit
721 4727 862 4782 Deus
886 4740 992 4796 quo
1026 4734 1185 4798 pacto
1219 4734 1438 4797 peccata
1466 4725 1706 4780 remittat
1740 4742 1753 4779 :
1781 4725 1909 4797 quid
1939 4726 2039 4798 igi-

446 4825 532 4869 tur
559 4816 742 4870 relicta
769 4818 868 4873 hac
897 4818 982 4873 via
1003 4817 1228 4873 alteram
1251 4815 1404 4872 vobis
1422 4817 1666 4872 sternitis
1687 4817 1711 4870 ?
1734 4817 2037 4875 Peccarunt

443 4906 711 4974 quondam
758 4907 1007 4964 Ninivita:
1037 4949 1053 4975 ,
1082 4923 1254 4979 eaque
1283 4905 1523 4963 fecerunt
1552 4922 1673 4978 quae
1701 4923 1795 4962 vos
1822 4921 2036 4980 quoque

443 5012 587 5053 nunc
621 4998 830 5065 facitis;
862 4999 957 5055 sed
988 4998 1265 5055 videamus
1294 4997 1554 5069 quidnam
1586 4999 1718 5068 ipsis
1749 4999 2032 5055 utilitatem

442 5087 697 5144 attulerit.
725 5089 1183 5160 Quemadmodum
1213 5091 1359 5145 enim
1402 5088 1594 5145 medici
1624 5090 1842 5160 mgrotis
1866 5092 2032 5146 multa

441 5180 655 5251 quidem
675 5181 910 5238 remedia
924 5182 1181 5237 adhibent
1204 5198 1217 5244 ;
1251 5180 1345 5235 sed
1369 5180 1458 5251 qui
1483 5181 1659 5250 sagaci
1679 5180 1898 5250 ingenio
1920 5191 2029 5250 est,

440 5287 547 5328 non
579 5271 683 5328 hoc
712 5273 1012 5344 perpendit,
1046 5271 1187 5343 quod
1213 5271 1493 5342 hocatque
1520 5270 1614 5324 illo
1638 5270 2031 5328 medicamento

439 5380 568 5420 usus
590 5365 662 5418 sit
691 5364 738 5419 is
764 5366 853 5435 qui
881 5365 1105 5421 adversa
1142 5363 1453 5419 valetudine
1476 5361 1713 5429 laborat,
1741 5362 1837 5418 sed
1868 5379 2026 5435 quam

440 5457 721 5511 utilitatem
771 5455 898 5511 hinc
935 5457 1007 5513 sit
1050 5465 1459 5527 consequutus:
1490 5453 1682 5510 eodem
1730 5456 1892 5512 modo
1939 5456 2028 5514 hic

441 5548 602 5601 etiam
636 5562 723 5601 res
761 5546 1108 5616 expendenda
1137 5555 1242 5603 est.
1281 5546 1548 5615 Quidnam
1587 5544 1755 5616 igitur
1778 5547 2024 5606 barbaris

439 5640 541 5693 illis
568 5640 780 5695 utilitati
818 5639 957 5695 fuit?
983 5639 1305 5696 Vulneribus
1331 5640 1446 5695 suis
1472 5637 1734 5710 jejunium
1758 5640 2025 5699 adhibue-

437 5741 584 5800 runt,
611 5731 757 5786 humi
786 5731 1126 5788 cubationem
1150 5772 1167 5800 ,
1199 5746 1413 5787 saccum
1434 5774 1450 5800 ,
1478 5731 1719 5789 cinerem
1742 5773 1757 5799 ,
1789 5732 1970 5789 ﬂetum
2006 5753 2020 5791 :

438 5823 797 5893 adjuaxcrunt
820 5826 981 5881 etiam
1004 5824 1125 5879 vita:
1152 5828 1524 5891 mutationem.

505 5915 558 5972 6.
596 5915 879 5974 Videamus
906 5916 1064 5986 igitur
1090 5916 1339 5987 quidnam
1366 5919 1866 5983 horumsanitatcm
1894 5922 2023 5997 ipsis

1436 468 1501 527 IN
1540 469 1751 527 EPIST.
1795 468 1837 525 ll
1900 467 1994 523 AD
2033 467 2188 524 COR.
2232 469 2462 527 llOMlL.
2504 471 2593 529 IV.

3614 477 3729 533 [τις

2132 569 2390 641 attulerit.
2433 586 2588 643 Unde
2631 596 2809 645 autem
2849 589 2953 646 hoc
2992 591 3260 659 sciemus,
3294 580 3541 662 inquies?
3570 592 3626 649 Si
3653 595 3729 648 ad

2134 677 2398 734 medicum
2448 681 2806 748 accedamus,
2854 693 3016 754 atque
3068 684 3241 755 ipsum
3287 684 3722 756 interrogemus:

2102 784 2308 847 .neque
2331 771 2475 827 enim
2513 773 2563 829 id
2593 789 2692 831 nos
2720 774 2950 842 celabit,
2979 776 3074 832 sed
3103 776 3283 832 etiam
3304 776 3532 834 libenter
3556 778 3725 835 dicet:

2135 861 2247 917 Iuno
2272 865 2466 934 ‘potins
2509 880 2575 920 ne
2615 866 2736 938 quis
2783 867 3031 938 ignoret,
3073 878 3166 924 aut
3206 869 3464 932 sciscitari
3498 884 3733 926 necesse

2134 951 2357 1022 habeat,
2391 955 2736 1027 pharmacum
2763 975 2996 1031 quoque,
3028 960 3170 1031 quod
3202 976 3298 1017 eos
3327 962 3519 1027 erexit,
3552 961 3726 1020 literis

2134 1047 2426 1102 mandavit.
2456 1048 2734 1116 Quodnam
2776 1052 2934 1122 igitur
2970 1052 3111 1108 istud
3140 1054 3264 1109 est?
3303 1051 3440 1107 Vidit
3462 1094 3479 1120 ,
3513 1054 3685 1126 inquit
3708 1095 3725 1117 .

2133 1136 2275 1193 Deus
2309 1140 2445 1210 quod
2477 1156 2744 1198 conversus
2773 1152 2846 1198 est
2873 1146 3213 1216 unusquisque
3241 1162 3273 1199 a
3299 1146 3380 1201 via
3404 1163 3499 1201 sua
3524 1163 3689 1218 prava
3707 1163 3728 1203 :

2134 1238 2182 1283 et
2209 1231 2439 1301 paenituit
2467 1248 2582 1287 eum
2606 1235 2857 1289 malorum
2885 1251 3000 1304 qua:
3037 1236 3271 1307 loquutus
3308 1239 3473 1309 fuerat
3500 1247 3556 1292 ut
3583 1237 3728 1308 [ace-

2134 1329 2211 1375 ret
2249 1322 2320 1376 eis
2360 1322 2553 1394 (Jama
2581 1326 2634 1381 ὅ.
2668 1325 2735 1382 10
2761 1324 2804 1399 ).
2836 1325 2950 1382 Non
2992 1326 3162 1394 dixit,
3198 1324 3342 1383 Vidit
3378 1318 3643 1399 jejunium
3673 1338 3731 1387 et

2134 1413 2367 1469 cilicium
2396 1429 2458 1471 ac
2484 1417 2743 1473 cinerem.
2773 1417 2884 1474 Nec
2916 1427 3090 1474 tamen
3120 1419 3236 1475 hme
3264 1424 3337 1476 eo'
3357 1419 3478 1476 dico
3501 1462 3516 1487 ,
3545 1428 3606 1476 ut
3638 1421 3727 1493 je-

2131 1504 2339 1575 junium
2373 1507 2591 1574 tollam;
2623 1517 2828 1565 avertat
2857 1508 2960 1565 hoc
2990 1510 3165 1574 Deus;
3197 1510 3293 1567 sed
3325 1519 3384 1566 ut
3411 1525 3508 1567 vos
3533 1511 3601 1567 ad
3631 1513 3682 1568 id
3706 1554 3724 1580 ,

2136 1597 2277 1669 quod
2303 1597 2507 1669 jejunio
2532 1602 2875 1671 prazstantius
2896 1611 3013 1668 est,
3048 1602 3349 1659 faciendum
3378 1603 3595 1672 horter,
3624 1605 3728 1662 hoc

2136 1700 2263 1755 est,
2310 1699 2369 1746 ut
2415 1691 2484 1746 ab
2530 1692 2676 1747 omni
2720 1692 2852 1749 vitio
2895 1693 3229 1757 abstirieatis.
3277 1694 3528 1751 Peccavit
3565 1697 3743 1752 etiam

2139 1782 2303 1838 David
2333 1801 2348 1838 :
2376 1783 2653 1839 videamus
2682 1784 2843 1856 igitur
2866 1800 2974 1856 quo
3001 1792 3158 1856 pacto
3184 1785 3271 1842 hic
3299 1801 3511 1858 quoque
3550 1789 3727 1858 pani-

2137 1873 2359 1929 tentiam
2382 1874 2570 1944 egerit.
2594 1874 2728 1930 Tres
2749 1883 2891 1931 totos
2910 1869 3028 1931 dies
3052 1875 3104 1930 in
3126 1876 3309 1932 cinere
3333 1876 3473 1932 sedit
3492 1877 3573 1951 (2.-
3594 1877 3736 1950 Reg.-

2138 1963 2268 2036 12).
2298 1964 2370 2020 At
2398 1965 2487 2020 ille
2516 1964 2733 2036 quidem
2764 1965 2866 2022 hoc
2893 1981 3000 2023 non
3031 1966 3101 2023 ob
3126 1978 3401 2038 peceatum
3436 1969 3559 2026 fecit
3583 2010 3601 2038 ,
3633 1971 3739 2027 sed

2139 2054 2233 2110 lilii
2263 2069 2422 2112 causa
2447 2097 2463 2123 ,
2497 2055 2802 2112 calamitate
2842 2057 3095 2113 nimirum
3138 2058 3314 2115 adhuc
3361 2061 3685 2117 temulentus
3714 2081 3730 2119 :
3760 2092 3766 2097 ν

2140 2156 2417 2218 peccatum
2443 2159 2624 2206 autem
2649 2149 2758 2205 alio
2781 2149 2943 2206 modo
2966 2149 3254 2218 abstersit,
3286 2166 3479 2222 nempe
3504 2167 3602 2223 per
3628 2152 3732 2210 hu-

2140 2240 2445 2308 militatem,
2476 2256 2573 2312 per
2600 2240 2781 2298 cordis
2808 2242 3209 2310 contritionem,
3238 2257 3337 2315 per-
3360 2245 3553 2301 animte
3578 2261 3735 2302 com-

2141 2334 2482 2404 punctienem
2508 2375 2525 2402 ,
2564 2334 2693 2390 dum
2738 2335 2900 2391 etiam
2947 2335 3077 2392 illud
3118 2346 3312 2404 cavet,
3342 2353 3413 2395 ne
3450 2340 3502 2394 in
3542 2340 3735 2396 eadem

2142 2425 2431 2494 relabatur,
2458 2425 2583 2482 dum
2610 2427 2816 2498 peccati
2850 2443 3140 2499 numquam
3169 2430 3483 2485 memoriam
3513 2432 3733 2501 abjicit,

2141 2516 2274 2572 dum
2311 2517 2580 2573 irruentes
2609 2532 2797 2574 omnes
2836 2518 3158 2576 acerbitates
3194 2530 3349 2592 grato
3382 2521 3562 2576 animo
3590 2521 3735 2591 fert,

2141 2608 2269 2664 dum
2300 2609 2366 2665 iis
2394 2624 2422 2662 a
2452 2610 2647 2680 quibus
2688 2612 2932 2666 molestia
2973 2610 3208 2668 afficitur
3248 2615 3457 2683 parcit,
3484 2613 3613 2670 dum
3640 2631 3738 2671 eos

2142 2701 2234 2772 qui
2274 2702 2373 2772 ipsi
2414 2701 2635 2758 insidias
2662 2711 2852 2772 parant
2890 2718 2996 2758 non
3037 2704 3331 2770 ulciscitur,
3361 2705 3471 2761 imo
3513 2720 3610 2762 eos
3644 2706 3753 2777 qni‘

2144 2792 2197 2848 id
2235 2791 2413 2849 facere
2439 2793 2664 2865 cupiunt
2689 2794 2958 2865 prohibet.
2984 2793 3116 2850 Nam
3143 2809 3265 2851 cum
3290 2796 3468 2853 Semei
3497 2812 3620 2853 eum
3648 2798 3738 2853 in-

2144 2884 2384 2940 numeris
2425 2884 2638 2956 probris
2676 2885 2968 2954 obrueret,
3010 2901 3074 2941 ae
3103 2887 3416 2944 militarium
3459 2889 3740 2960 copiarum

2144 2975 2460 3043 prmfectus,
2489 2976 2579 3047 qui
2607 2984 2717 3031 tum
2748 2976 2969 3044 aderat,
3001 2977 3052 3032 id
3082 2978 3302 3049 indigno
3326 2979 3508 3034 animo
3538 2980 3736 3048 ferret,

2148 3067 2359 3124 dicebat
2388 3069 2515 3125 Sine
2540 3070 2687 3124 illum
2716 3070 2841 3124 mihi
2869 3070 3169 3126 maledicere
3194 3088 3213 3126 :
3244 3070 3382 3127 Deus
3409 3073 3542 3128 enim
3571 3073 3666 3128 hoc
3695 3075 3757 3129 ei.

2149 3159 2386 3230 praecepit
2436 3159 2570 3231 (Id.
2608 3159 2694 3215 16.
2741 3160 2880 3233 10).
2938 3161 3044 3217 Cor
3093 3161 3290 3234 quippe
3339 3165 3630 3219 contritum
3685 3175 3751 3222 et

2146 3249 2484 3305 ltumiliatum
2512 3248 2687 3324 (Psal.
2720 3251 2811 3307 50.
2843 3251 2935 3322 19)
2965 3249 3213 3319 habebat,
3242 3253 3385 3324 quod
3417 3253 3584 3325 ipsius
3610 3246 3742 3325 pec;

2144 3349 2264 3396 cata
2302 3341 2536 3397 maxime
2571 3341 2915 3413 abstergebat
2948 3360 2963 3397 :
2995 3358 3115 3398 nam
3156 3343 3259 3399 hoe
3299 3343 3567 3402 confessio
3589 3389 3606 3415 ,
3638 3346 3745 3403 hoc

2145 3432 2463 3505 poenitentia
2488 3442 2590 3489 est.
2611 3433 2776 3501 .Quod
2804 3434 2849 3489 si
2874 3433 3181 3504 jejunantes
3206 3437 3511 3506 arrogantia
3539 3437 3744 3494 labore-

2146 3540 2287 3588 mus,
2309 3540 2416 3580 non
2439 3523 2602 3580 modo
2624 3524 2826 3580 nullum
2849 3524 2976 3580 hinc
2995 3526 3439 3597 emolumentum,
3462 3529 3556 3585 sed
3578 3531 3742 3587 etiam

2145 3616 2527 3672 detrimentum
2575 3617 2874 3687 capiemus.
2921 3616 3279 3685 Quamobrem
3312 3628 3367 3674 tu
3403 3635 3615 3691 queque
3644 3638 3742 3681 eor

2146 3718 2293 3764 tuum
2321 3707 2543 3764 demitte
2567 3748 2582 3773 ,
2610 3716 2671 3763 ut
2705 3708 2873 3765 Deum
2903 3709 3107 3763 allicias
3137 3726 3150 3761 :
3178 3708 3354 3780 Prope
3390 3712 3532 3767 enim
3559 3723 3632 3769 est
3661 3717 3743 3770 his

2143 3803 2230 3871 qui
2260 3801 2499 3856 tribulato
2526 3810 2642 3855 sunt
2671 3800 2825 3855 corde
2849 3798 2869 3874 (
2898 3798 3044 3855 Psal.
3078 3801 3167 3857 '55.
3197 3798 3267 3857 l9
3293 3804 3336 3873 ).
3366 3802 3558 3859 Annon
3590 3805 3742 3864 vides

2143 3893 2415 3964 quomodo
2439 3892 2492 3946 in
2518 3891 2814 3962 splendidis
2837 3891 3043 3946 aedibus
3070 3892 3127 3958 ii,
3153 3893 3242 3962 qui
3268 3892 3536 3950 dedecore
3561 3895 3749 3953 aﬂ'ccti

2143 3991 2308 4050 sunt,
2335 3998 2456 4039 cum
2487 3982 2650 4038 etiam
2686 3982 2756 4037 ab
2794 3982 2992 4038 intimis
3016 3982 3316 4054 quibusque
3344 3986 3517 4042 servis
3543 3996 3739 4044 contu-

2140 4076 2359 4132 meliam
2398 4075 2705 4144 accipiunt,
2748 4090 2854 4129 non
2899 4084 3078 4130 tamen
3122 4074 3512 4145 colluctentur,
3545 4079 3638 4135 sed
3669 4080 3759 4137 ob'

2145 4166 2417 4222 infamiam
2446 4181 2565 4221 eam
2588 4206 2605 4232 ,
2634 4180 2794 4236 quam
2841 4175 3117 4235 peccatum
3158 4166 3288 4238 ipsis
3325 4167 3553 4235 inussit,
3582 4186 3756 4243 arquo-

2142 4260 2323 4314 animo
2358 4258 2410 4314 id
2441 4256 2655 4312 ferant?
2685 4256 2830 4313 Idem
2860 4270 3075 4328 quoque
3114 4266 3169 4313 tu
3212 4259 3376 4315 facias
3406 4277 3419 4313 :
3447 4260 3495 4316 si
3532 4264 3651 4331 quis
3683 4272 3752 4320 te

2142 4348 2401 4405 conviciis
2427 4349 2738 4414 insectetur,
2770 4363 2839 4403 ne
2863 4350 3234 4419 exaspereris,
3266 4350 3363 4406 sed
3395 4351 3735 4423 ingemiscas,

2143 4458 2249 4498 non
2290 4442 2361 4497 ob
2397 4441 2599 4497 illatam
2642 4439 2737 4495 tibi
2774 4440 3154 4496 contumeliam
3181 4482 3197 4507 ,
3230 4441 3326 4498 sed
3355 4442 3426 4498 ob
3453 4455 3752 4512 peccaturu-

2141 4533 2284 4605 quod
2317 4542 2367 4589 te
2395 4532 2448 4587 in
2480 4530 2824 4602 ignominiam
2853 4530 3103 4601 conjeeit.
3136 4531 3268 4588 Cum
3303 4536 3613 4604 peccaveris
3650 4537 3736 4592 in-

2140 4628 2376 4699 gemisce
2397 4670 2413 4696 ,
2447 4642 2552 4683 non
2601 4625 2741 4698 quod
2787 4640 2975 4696 pmnas
3013 4624 3236 4681 daturus
3276 4628 3352 4682 sis
3376 4668 3391 4694 ,
3423 4628 3556 4683 nihil
3586 4630 3735 4686 enim

2141 4720 2246 4775 hoc
2282 4728 2398 4780 est;
2430 4718 2525 4774 sed
2565 4718 2708 4789 quod
2749 4716 3033 4773 Dominum
3074 4725 3224 4771 tuum
3263 4716 3551 4774 oﬂ'cnderis
3574 4761 3590 4788 ,
3624 4728 3753 4776 tanr

2141 4812 2428 4882 benignum
2453 4852 2469 4879 ,
2500 4819 2608 4865 tam
2639 4819 2691 4865 te
2714 4816 2983 4865 amantem
3006 4849 3023 4876 ,
3053 4818 3160 4865 tam
3187 4808 3419 4881 denique
3441 4811 3600 4867 saluti
3631 4822 3738 4870 tua:

2140 4918 2434 4974 appensum
2460 4943 2475 4968 ,
2513 4911 2572 4956 ut
2600 4901 2792 4957 Filium
2823 4914 3042 4971 quoque
3065 4916 3221 4957 suum
3250 4909 3343 4956 tua
3369 4915 3526 4958 causa
3568 4903 3738 4959 tradi-

2140 4997 2300 5051 derit.
2329 4995 2622 5067 lngemisce
2647 4994 2790 5059 ideo,
2816 5010 2991 5066 neque
3015 5009 3265 5064 umquam
3288 4994 3540 5053 id'facere
3567 4996 3736 5054 inter-

2140 5090 2293 5143 mitte
2331 5105 2345 5143 :
2383 5087 2582 5143 etenim
2616 5085 2717 5142 hoc
2742 5086 2958 5142 demum
2998 5094 3082 5141 est
3119 5084 3410 5143 confessio.
3442 5087 3559 5143 Non
3591 5105 3733 5145 nunc

2138 5178 2357 5246 laetum,
2405 5193 2525 5234 cras
2572 5172 2750 5233 autem
2796 5185 3047 5232 mmstum
3090 5191 3156 5232 ac
3197 5191 3411 5234 rursum
3454 5179 3637 5236 laetum
3680 5189 3736 5237 te

2093 5324 2097 5330 λ
2140 5272 2351 5342 praebe;
2385 5288 2569 5327 verum
2603 5279 2861 5342 perpetuo
2902 5271 2955 5325 in
2998 5269 3141 5326 luctu
3184 5287 3248 5327 ac
3286 5272 3366 5328 tui
3404 5273 3731 5332 contritione
3803 5349 3806 5353 ν

2137 5380 2314 5420 mane.
2345 5363 2487 5419 Beati
2517 5364 2659 5420 enim
2683 5404 2698 5430 ,
2732 5363 2937 5435 inquit,
2965 5365 3053 5435 qui
3080 5363 3253 5435 lugent
3279 5363 3504 5437 (Matth.
3535 5368 3590 5423 5.
3617 5366 3687 5438 ὅ)
3709 5407 3732 5436 ,

2136 5458 2241 5513 hoc
2263 5466 2377 5524 est,
2405 5455 2498 5527 qui
2524 5455 2739 5511 assidue
2767 5453 2867 5509 hoc
2894 5454 3113 5510 faciunt.
3144 5455 3259 5511 Hoc
3286 5470 3500 5526 semper
3528 5456 3688 5512 facias
3710 5500 3727 5525 ,

2137 5551 2340 5621 tibiqpe
2365 5548 2633 5615 attendas,
2660 5563 2724 5602 ae
2753 5558 2939 5617 pectus
2963 5555 3111 5603 tuum
3136 5558 3407 5615 conteras,
3436 5564 3541 5604 non
3569 5563 3728 5604 secus

2135 5659 2200 5699 ac
2240 5643 2285 5698 si
2325 5641 2444 5713 quis
2471 5641 2672 5696 amisso
2702 5640 2813 5695 filio
2841 5640 2997 5695 unice
3039 5654 3167 5695 caro
3194 5640 3250 5695 in
3280 5641 3420 5698 luctu
3456 5650 3722 5696 versetur.

2135 5736 2365 5792 Scindite
2387 5734 2607 5797 etenim,
2632 5733 2823 5804 inquit,
2846 5732 3002 5788 corda
3027 5743 3212 5801 vestra,
3235 5743 3282 5788 et
3307 5750 3410 5789 non
3433 5732 3728 5787 vestimenta

2134 5844 2297 5883 vestra
2320 5825 2479 5900 (Joel.
2509 5825 2563 5879 2.
2596 5825 2711 5896 15).
2743 5824 2895 5892 Quod
2926 5823 3151 5879 fractum
3180 5833 3284 5893 est,
3312 5823 3728 5893 haudquaquam

2135 5936 2192 5976 se
2233 5922 2285 5977 in
2332 5919 2505 5976 altum
2542 5916 2793 5974 extulerit
2829 5933 2845 5972 :
2883 5915 3033 5987 quod
3069 5917 3397 5973 contrarium
3446 5920 3567 5980 est,
3616 5925 3730 5967 non
