4068 6422
385 394 490 454 m
1135 403 1191 460 s.
1232 403 1510 462 JOANNIS
1549 405 2024 468 Cttnvsusmiu
2065 414 2379 474 ARClllEP.
2423 420 2952 489 cuxsraivitxon

385 514 770 569 cxsurrexerit.
802 513 883 569 Ob
907 528 1132 584 eamque
1162 530 1378 571 causam
1408 518 1546 573 alter
1573 520 1682 585 ait,
1717 519 1948 576 Scindite
1967 563 1983 588 ,

384 601 521 656 alter
560 613 738 658 autem
766 646 780 670 ,
814 602 915 659 Car
956 606 1227 659 contritum
1263 617 1312 660 et
1340 608 1663 664 humiliatum
1694 611 1834 666 Deus
1883 629 1985 668 non

383 689 625 761 despiciet
652 692 673 766 (
691 691 834 748 Psat.
867 693 955 748 50.
991 694 1058 749 l9
1079 696 1119 766 ).
1151 696 1261 750 Etsi
1299 699 1518 768 sapiens
1545 715 1604 756 es
1623 741 1637 765 ,
1667 703 1767 758 etsi
1797 702 1944 759 dives
1964 746 1980 772 ,

3586 440 3693 500 {'28

2092 525 2513 589 misericordiam
2547 537 2601 592 in
2645 539 2895 610 iuvandis
2937 556 3041 601 tam
3074 552 3295 618 pecunia
3326 568 3485 625 quam
3513 560 3688 618 Studia

2089 631 2250 692 atque
2277 624 2454 681 ofﬁcio
2494 626 2751 698 provimis
2775 675 2790 700 ,
2831 636 3012 693 ﬁrmas
3051 641 3280 714 denique
3311 624 3375 703 ac
3402 651 3687 712 continuas

2089 727 2296 813 preces.
2321 716 2586 813 Sievidua
2613 725 2702 780 illa
2725 727 2971 787 immanis
2995 733 3136 790 illius
3158 743 3212 792 et
3232 741 3466 798 crudelis
3485 746 3686 813 iudicis

380 783 482 837 etsi
519 784 769 854 princeps
791 827 806 852 ,
842 795 1028 856 pectus
1068 796 1245 842 tamen
1275 788 1460 844 scinde
1483 833 1499 858 ,
1530 806 1630 846 nec
1669 794 1842 862 ipsum
1873 795 1981 851 alte

377 873 446 929 de
481 888 541 930 se
580 876 782 932 sentire
827 885 988 949 atque
1030 879 1205 934 inﬂari
1247 881 1384 938 sine.
1416 882 1546 938 Nam
1579 886 1720 956 quod
1751 887 1978 944 scissum

375 971 477 1029 est,
506 979 614 1019 non
642 966 860 1023 inﬂatur
886 989 899 1024 :
921 971 1130 1026 etiamsi
1157 972 1355 1045 aliquid
1384 975 1454 1030 sit
1478 992 1508 1032 a
1535 993 1642 1048 quo
1666 980 1974 1047 extollatur,

375 1067 552 1110 tamen
581 1057 704 1128 quia
733 1059 961 1116 scissum
990 1072 1094 1131 est,
1119 1063 1450 1121 inﬂationem
1479 1066 1619 1124 ferre
1649 1071 1854 1140 nequit.
1887 1072 1978 1129 Sic

372 1156 427 1202 tu
457 1163 671 1219 quoque
699 1152 976 1209 modestia:
1002 1166 1162 1226 atque
1188 1157 1350 1214 animi
1378 1162 1741 1219 summissioni
1771 1166 1928 1222 stude
1958 1185 1971 1222 :

369 1241 502 1298 illud
552 1244 651 1298 tibi
689 1245 754 1300 in-
789 1257 1025 1302 mentem
1070 1250 1284 1316 veniat,
1319 1254 1659 1322 publicanum
1699 1257 1768 1312 ob
1807 1274 1972 1315 unum

367 1335 596 1390 verbum
631 1337 978 1405 iustificatum
1011 1340 1173 1398 fuisse
1204 1342 1356 1413 (Luc.
1391 1346 1518 1416 18);
1551 1363 1872 1420 quamquam
1904 1367 1973 1409 ne

369 1425 630 1483 modestia
667 1429 881 1500 quidem
918 1441 1035 1487 erat
1064 1433 1150 1488 illa
1174 1476 1190 1502 ,
1221 1435 1315 1490 sed
1346 1451 1475 1492 vera
1497 1439 1785 1497 confessio.
1817 1442 1969 1511 Quod

366 1517 410 1572 si
439 1516 543 1573 hoc
573 1529 773 1576 tantam
803 1522 910 1576 vim
943 1523 1126 1592 habet,
1159 1532 1848 1602 quanto,qu:nso,maiorem
1876 1533 1970 1588 ho-

363 1610 538 1666 bitura
571 1622 654 1668 est
685 1615 997 1671 humilitas?
1025 1617 1096 1674 lis
1117 1661 1130 1684 ,
1165 1621 1253 1690 qui
1285 1621 1338 1676 in
1371 1631 1422 1678 te
1452 1623 1809 1696 deliquerint,
1845 1645 1968 1700 pec-

358 1711 480 1757 cata
510 1705 723 1760 remitte
755 1728 766 1762 :
797 1722 917 1763 nam
951 1708 1074 1765 hinc
1104 1727 1318 1783 quoque
1346 1724 1563 1784 peccata
1594 1719 1959 1778 remittuntur.

359 1796 437 1851 Ae
463 1795 533 1852 d‘e
561 1799 723 1868 priori
750 1801 968 1871 quidem
992 1803 1085 1870 ait,
1118 1803 1236 1860 Vidi
1259 1808 1397 1878 quod
1422 1812 1756 1867 ambulaverit
1783 1815 1958 1882 tristis,

357 1895 409 1941 et
445 1892 625 1944 sanavi
669 1891 775 1946 vias
810 1897 922 1965 eius
948 1894 968 1967 (
991 1894 1120 1952 Isai.
1152 1898 1240 1953 57.
1275 1900 1341 1956 18
1367 1899 1415 1967 );
1444 1911 1496 1957 et
1528 1903 1578 1957 in
1611 1903 1792 1962 Achab
1821 1907 1961 1964 istud

359 1979 452 2036 Dei
485 1983 619 2038 iram
645 1987 861 2042 sustulit
891 1989 966 2058 (5.
998 1987 1127 2060 Reg.
1157 1989 1248 2060 21)
1276 2010 1288 2046 :
1316 1992 1384 2048 de
1414 1997 1711 2063 posteriore
1737 2008 1915 2054 autem
1940 2041 1955 2067 ,

355 2069 611 2130 Dimittite
633 2117 648 2142 ,
679 2085 726 2132 et
754 2077 1038 2134 dimittetur
1065 2081 1202 2136 vobis
1224 2083 1242 2154 (
1264 2081 1394 2139 Luc.
1425 2085 1476 2142 6.
1508 2087 1575 2142 57
1595 2087 1636 2158 ).
1672 2087 1769 2142 Est
1794 2090 1954 2146 etiam

355 2165 459 2221 alia
487 2167 594 2235 via,
621 2167 720 2225 hue
747 2169 1094 2240 pharmacum
1125 2175 1282 2232 nobis
1305 2179 1504 2243 ferens,
1531 2179 1795 2236 scelerum
1820 2196 1953 2238 con-

352 2256 627 2314 dcmnatio
655 2277 670 2314 :
700 2259 797 2315 Dic
822 2263 955 2317 enim
997 2274 1049 2318 tu
1086 2268 1227 2335 prior
1253 2268 1538 2338 iniquitates
1567 2280 1680 2324 tuas
1699 2312 1713 2337 ,
1743 2273 1950 2344 inquit,

349 2360 406 2404 ut
424 2353 726 2422 justiﬁeeris
751 2353 903 2423 (leui.
935 2359 1024 2413 45.
1053 2359 1168 2430 26).
1203 2361 1331 2416 Illud
1366 2362 1490 2417 item
1525 2376 1741 2434 peccata
1771 2366 1946 2435 delet,

347 2442 392 2497 si
437 2443 743 2501 calamitate
779 2447 1004 2506 allectus
1035 2453 1233 2520 gratias
1262 2468 1425 2524 agas;
1457 2464 1513 2510 et
1542 2471 1662 2526 quae
1698 2458 1948 2514 omnibus

344 2536 618 2592 antecellit
639 2578 653 2603 ,
681 2540 1044 2612 eleemosyna.
1079 2543 1310 2600 Numera
1343 2547 1501 2618 igitur
1531 2549 1786 2612 remedia,
1823 2551 1944 2620 qui-

344 2624 449 2683 bus
488 2629 708 2684 vulnera
754 2642 839 2686 tua
883 2646 1142 2691 Sanantur
1174 2655 1188 2692 :
1216 2647 1374 2709 atque
1401 2641 1579 2695 omnia
1608 2642 1944 2700 continenter

339 2717 939 2788 impone,humilitatem
963 2742 1172 2798 nempe.
1189 2730 1606 2800 confessionem,
1628 2733 1939 2803 iniuriarum

343 2810 665 2869 oblivionem
693 2859 708 2882 ,
736 2819 1026 2886 gratizzrum
1058 2821 1325 2878 actionem
1367 2823 1420 2878 in
1461 2824 1623 2880 rebus
1657 2825 1896 2882 adversis
1918 2865 1936 2892 ,

364 2942 2322 2968 __..___________________________

2086 806 2323 863 animum
2361 811 2623 882 mitigavit
2653 817 2672 886 (
2700 815 2831 873 Luc.
2863 822 2995 891 18).
3025 825 3178 893 Quod
3205 829 3250 883 si
3282 830 3367 885 illa
3401 806 3680 905 iniquum,

2084 910 2284 969 quanto
2323 905 2493 974 magis
2535 917 2588 961 tu
2619 921 2954 968 mansuetum
2983 931 3046 971 ac
3077 909 3331 976 facilem?
3370 923 3468 978 Est
3495 938 3549 982 et
3578 931 3680 984 alia

2084 1002 2279 1060 praeter
2316 1009 2408 1050 eas
2428 1036 2443 1059 ,
2475 1012 2608 1068 quas
2637 1009 3177 1065 commemoravimus
3197 1053 3211 1076 ,
3245 1013 3325 1067 via
3346 1055 3360 1077 ,
3395 1031 3588 1087 nempe
3615 1019 3699 1075 iis'

2080 1085 2169 1154 qui
2201 1085 2393 1156 injuria
2422 1088 2729 1148 afﬁciuntur
2749 1135 2763 1161 ,
2793 1099 3044 1165 praisidio
3070 1116 3193 1158 esse
3221 1123 3233 1158 :
3261 1103 3503 1162 Judicate
3524 1085 3674 1166 enim

2079 1175 2295 1246 pupillo,
2324 1178 2515 1248 inquit,
2546 1191 2593 1236 et
2618 1185 2821 1239 viduam
2841 1189 3122 1258 justiﬁcate
3143 1208 3168 1248 .·
3183 1205 3230 1248 et
3255 1198 3414 1252 venite
3439 1209 3483 1252 et
3505 1203 3676 1273 dispu-

2078 1274 2238 1322 temus
2260 1285 2279 1321 :
2299 1281 2348 1324 et
2369 1272 2414 1325 si
2439 1275 2627 1342 fuerint
2651 1289 2856 1345 peccata
2877 1293 3040 1338 vestra
3063 1285 3192 1340 sicut
3212 1290 3469 1344 coccinum
3491 1333 3504 1357 .,
3528 1272 3674 1360 quasi

2075 1358 2238 1414 nivem
2276 1376 2337 1415 ea
2379 1362 2622 1420 dealbabo
2654 1366 2824 1439 (Isai.
2860 1372 2912 1426 1.
2955 1375 3041 1428 16.
3073 1376 3139 1430 ιη
3161 1376 3205 1448 ).
3237 1378 3475 1444 Quanam
3508 1358 3672 1452 porro

2073 1455 2419 1512 excusatione
2449 1457 2594 1530 digni
2626 1462 2826 1520 erimus
2849 1507 2865 1532 ,
2899 1467 2942 1522 si
2973 1483 3093 1524 cum
3130 1481 3206 1526 tot
3235 1474 3343 1528 vias
3374 1475 3668 1536 habeamus

2072 1563 2171 1604 nos
2208 1550 2262 1604 in
2303 1551 2493 1607 caelum
2535 1556 2900 1616 subvehentes
2924 1603 2938 1627 ,
2971 1578 3092 1619 cuin
3131 1574 3203 1620 tot
3235 1568 3517 1637 pharmaca
3546 1587 3664 1643 quae

2069 1639 2378 1696 vulneribus
2409 1644 2758 1716 medeantur,
2787 1651 2948 1706 etiam
2981 1663 3101 1723 post
3133 1655 3454 1728 baptismum
3486 1663 3535 1715 in
3563 1639 3660 1719 iis-

2069 1732 2189 1789 dem
2216 1735 2338 1790 vitu:
2364 1737 2554 1793 studiis
2581 1747 3023 1810 perseveremus?
3046 1747 3144 1815 Ne,
3175 1765 3374 1821 qumso,
3407 1769 3656 1823 perseve-

2066 1841 2247 1882 remus
2267 1870 2280 1892 ,
2309 1843 2494 1884 verum
2523 1831 2558 1885 ii
2587 1833 2800 1902 quidem
2824 1877 2838 1901 ,
2870 1837 2958 1906 qui
2990 1840 3225 1894 nondum
3258 1842 3389 1912 lapsi
3415 1857 3574 1914 sunt,
3603 1848 3650 1901 in

2064 1933 2160 1972 sua
2193 1920 2587 1988 pulchritudine
2614 1933 2884 1994 perstent,
2915 1928 3022 1983 imo
3057 1945 3173 1986 eam
3203 1935 3368 2003 magis
3395 1952 3458 1991 ac
3487 1939 3655 2010 magis

2063 2013 2354 2084 excolant(
2377 2029 2500 2068 nam
2540 2017 2750 2072 etiamsi
2798 2021 3052 2088 praeclara
3093 2022 3208 2078 haec
3235 2025 3407 2082 ofﬁcia
3438 2040 3654 2097 peccata

2062 2103 2203 2157 nulla
2244 2106 2557 2174 reperiant,
2588 2109 2995 2168 cumulatiorem
3025 2124 3170 2170 certe
3200 2118 3652 2188 pulchritudinem

2059 2195 2341 2267 reddunt):
2367 2212 2466 2252 nos
2484 2211 2636 2265 vero,
2661 2201 2750 2270 qui
2776 2213 2988 2272 peccata
3012 2207 3176 2262 multa
3201 2213 3645 2281 perpetravimus,

2056 2288 2122 2342 ad
2153 2291 2542 2346 correctionem
2578 2307 2639 2348 ca
2675 2309 2793 2364 qua:
2820 2296 3054 2354 diximus
3079 2300 3426 2358 adhibeamus
3455 2321 3470 2361 :
3499 2315 3556 2360 ut
3580 2308 3645 2362 ad

2054 2379 2252 2435 Christi
2295 2381 2524 2437 tribunal
2557 2399 2676 2438 cum
2706 2401 2896 2457 magna
2935 2388 3128 2446 ﬁducia
3158 2393 3461 2463 adstemus;
3495 2400 3646 2469 cujus

2053 2478 2253 2532 utinam
2287 2494 2384 2533 nos
2413 2494 2601 2535 omnes
2646 2483 2933 2554 participes
2973 2487 3174 2553 simus,
3208 2505 3305 2559 per
3340 2494 3563 2562 gratiam
3590 2505 3644 2551 et

2051 2570 2430 2641 benignitatem
2475 2571 2685 2628 Domini
2730 2577 2897 2630 nostri
2941 2577 3068 2632 Jesu
3108 2579 3305 2637 Christi
3332 2625 3344 2648 ,
3376 2599 3495 2639 cum
3535 2602 3642 2656 quo

2048 2662 2192 2718 Patri
2237 2673 2292 2719 et
2335 2663 2552 2734 Spiritui
2594 2675 2781 2723 sancto
2823 2668 2989 2738 gloria
3015 2708 3032 2736 ,
3065 2671 3345 2742 imperium
3371 2717 3384 2741 ,
3430 2681 3637 2745 honor,

2046 2769 2187 2812 nunc
2213 2765 2266 2812 et
2295 2771 2540 2826 semper,
2575 2765 2630 2812 et
2661 2759 2713 2813 in
2742 2759 2937 2815 saecula
2964 2762 3302 2820 saeculorum.
3335 2767 3528 2824 Amen.

2325 2953 3570 2981 Ἦ

1757 3031 2100 3095 HOMILIA
2163 3029 2239 3090 V.

331 3167 461 3224 CAP.
499 3166 554 3223 2.
583 3183 634 3223 v.
677 3169 765 3225 12.
808 3169 936 3226 Cum
960 3180 1129 3227 autem
1158 3175 1400 3230 venissem
1426 3175 1679 3230 Troadem
1716 3186 1928 3248 prapter

398 3260 714 3332 evangelium
741 3261 970 3329 Christi,
1003 3275 1049 3319 et
1073 3267 1261 3321 ostium
1299 3268 1425 3321 mihi
1443 3277 1678 3339 apertum
1704 3278 1830 3323 esset
1871 3269 1925 3322 in

396 3352 621 3409 Domino
644 3396 660 3423 ,
711 3356 800 3412 15.
845 3374 947 3412 non
977 3359 1132 3412 habui
1159 3362 1383 3428 requiem
1429 3361 1636 3432 spiritui
1663 3378 1772 3416 meo
1803 3402 1818 3428 ,
1866 3377 1924 3416 eo

394 3445 531 3513 quod
559 3461 658 3500 non
685 3448 962 3502 invenerim
986 3446 1160 3504 Titum
1186 3451 1399 3518 fratrem
1428 3468 1618 3509 meum.

397 3539 450 3592 l.
475 3535 602 3592 llzcc
629 3537 843 3608 quidem
875 3539 1037 3595 verba
1067 3541 1280 3611 indigna
1304 3542 1471 3597 Paulo
1499 3558 1622 3599 esse
1647 3543 1915 3608 videntur,

323 3643 520 3698 nempe
543 3629 686 3700 quod
716 3630 786 3685 ob
808 3630 990 3688 fratris
1014 3631 1315 3688 absentiam
1349 3643 1549 3690 tantam
1577 3635 1766 3690 salutis
1790 3635 1918 3690 εσυ.

321 3718 502 3775 renda:
530 3721 870 3777 occasionem
913 3721 1193 3793 abiecerit.
1236 3726 1314 3780 Ac
1360 3734 1624 3796 praeterea
1665 3725 1916 3780 videntur

318 3813 420 3867 ista
450 3828 556 3869 non
587 3815 718 3870 satis
757 3831 878 3870 cum
908 3816 1176 3887 prioribus
1207 3817 1504 3875 cohmrere.
1543 3819 1682 3888 Quid
1712 3819 1917 3890 igitur?

318 3903 480 3959 vultis
507 3914 564 3960 ut
591 3905 738 3975 prius
769 3907 1074 3975 ostendam,
1101 3924 1222 3963 eum
1255 3909 1390 3964 nihil
1421 3911 1602 3980 seipso
1634 3909 1912 3980 indignum

317 3993 565 4056 dixisse?
594 4005 685 4050 aut
714 3995 830 4052 haec
859 3997 926 4052 ad
954 3999 1150 4054 seriem
1185 3999 1491 4070 quadrare?
1537 4001 1657 4057 Meo
1696 4001 1912 4073 quidem

313 4085 517 4155 iudicio
546 4087 715 4144 satius
745 4088 942 4158 fuerit,
988 4092 1254 4161 posterius
1282 4092 1464 4163 priore
1494 4093 1613 4148 loco
1655 4093 1911 4150 demons-

316 4185 459 4232 trare
488 4197 502 4234 ;
527 4178 606 4233 sic
631 4179 778 4233 enim
806 4178 1036 4235 alterum
1065 4196 1278 4252 quoque
1304 4181 1510 4238 facilius
1539 4198 1604 4238 ac
1626 4184 1911 4240 dilucidius

315 4266 499 4323 fuerit.
545 4268 827 4337 Quomodo
855 4271 1016 4341 igitur
1047 4270 1161 4328 hace
1187 4287 1312 4327 cum
1339 4274 1708 4344 superioribus
1731 4276 1910 4332 cohae-

313 4358 481 4414 rent?
519 4360 612 4416 lila
644 4361 756 4430 ipsa
789 4361 842 4416 in
875 4362 1192 4419 memoriam
1237 4363 1544 4436 redigamus
1569 4407 1586 4434 ,
1626 4376 1789 4438 atque
1834 4368 1906 4422 ita

309 4450 452 4508 istud
484 4451 863 4524 intelligemus.
913 4455 1170 4522 Quasnam
1205 4456 1364 4526 igitur
1396 4457 1483 4512 illa
1535 4459 1728 4513 erant?
1774 4459 1907 4526 Qua:

310 4543 464 4599 initio
499 4545 712 4602 dicebat
735 4587 752 4614 ,
796 4547 936 4602 Nolo
967 4566 1053 4604 vos
1074 4551 1309 4621 ignorare
1335 4551 1399 4606 de
1425 4553 1750 4608 tribulatione
1791 4570 1906 4625 qua:

307 4637 448 4705 facta
474 4644 548 4690 est
573 4636 791 4690 nobisin
820 4637 944 4692 Asia
969 4681 984 4706 ,
1014 4641 1254 4708 quoniont
1280 4658 1438 4711 supra
1465 4643 1673 4697 modum
1706 4645 1905 4716 gravati

303 4743 481 4783 sumus
524 4743 682 4799 supra
721 4729 975 4784 virtutem.
1040 4729 1231 4788 Postea
1298 4743 1476 4790 autem
1533 4735 1622 4790 ubi
1670 4736 1904 4791 ostendit

301 4817 577 4887 quomodo
624 4819 882 4876 liberatus
925 4821 1027 4888 sit,
1079 4836 1249 4892 eaque
1277 4840 1398 4894 qua:
1443 4826 1496 4880 in
1547 4825 1725 4881 medio
1776 4836 1901 4883 sunt

299 4908 590 4978 interiecit,
640 4911 947 4969 necessario
1001 4929 1188 4970 rursus
1238 4915 1399 4972 docet
1441 4933 1500 4972 se
1538 4917 1645 4973 alio
1688 4934 1899 4989 quoque

303 4999 465 5054 modo
480 4998 734 5056 afﬂictum
757 5001 941 5058 fuisse.
965 5003 1067 5070 Qui
1097 5005 1311 5061 tandem
1345 5005 1518 5061 istud?
1543 5007 1695 5076 Quod
1720 5010 1895 5065 Titum

299 5106 408 5146 non
432 5091 718 5150 invenerit.
746 5093 960 5151 Etenim
990 5097 1132 5153 istud
1159 5098 1375 5170 quidem
1405 5115 1568 5169 grave
1598 5109 1701 5168 est,
1735 5112 1896 5174 atque

296 5185 364 5239 ad
415 5187 869 5243 consternandum
919 5190 1159 5246 animum
1202 5207 1451 5263 magnam
1480 5193 1588 5248 vim
1638 5194 1842 5252 habens
1871 5240 1885 5264 ,

295 5292 492 5349 nempe
525 5280 850 5336 teutationes
881 5283 1066 5339 subire
1096 5301 1110 5336 :
1141 5293 1196 5339 at
1227 5300 1348 5339 cum
1395 5285 1547 5340 deest
1576 5287 1664 5356 qui
1693 5303 1891 5344 conso-

296 5369 439 5426 letur
459 5372 837 5445 sarcinamque
867 5391 970 5428 una
1005 5375 1232 5431 sufferre
1259 5385 1443 5446 queat,
1474 5386 1583 5432 tum
1612 5379 1783 5447 major
1810 5389 1892 5435 est

294 5472 608 5535 tempest-as.
639 5465 790 5521 Titus
822 5481 982 5534 porro
1014 5467 1129 5536 ipse
1155 5477 1238 5523 est
1260 5509 1275 5535 ,
1319 5483 1479 5536 quem
1523 5469 1656 5524 infra
1688 5471 1754 5525 ab
1784 5471 1888 5528 illis

292 5552 358 5608 ad
385 5569 444 5610 se
473 5556 686 5612 venisse
727 5555 934 5624 refert,
963 5566 1016 5612 et
1041 5557 1110 5614 de
1139 5573 1247 5628 quo
1273 5560 1472 5614 multas
1508 5575 1571 5616 ac
1599 5553 1886 5632 praeclaras

292 5644 479 5704 laudes
505 5656 771 5714 recenset,
800 5665 1069 5721 quemque
1095 5665 1124 5706 a
1152 5668 1212 5707 se
1241 5653 1465 5710 missum
1490 5669 1612 5711 esse
1647 5655 1881 5712 dicebat.

291 5735 364 5795 Ut
385 5740 632 5796 ostendat
657 5756 787 5813 ergo
811 5757 869 5798 se
892 5742 1127 5812 ipsorum
1151 5759 1307 5801 causa
1342 5747 1479 5802 hanc
1503 5763 1715 5819 quoque
1745 5750 1883 5805 afﬂi-

289 5830 525 5886 ctionem
554 5831 821 5904 subiisse,
855 5832 938 5890 his
969 5835 1145 5895 verbis
1175 5853 1303 5898 usus
1352 5849 1452 5898 est.
1501 5840 1654 5922 Quod
1699 5844 1877 5914 itaque

2035 3169 2152 3228 haec
2208 3168 2370 3224 verba
2427 3168 2648 3238 pulchre
2696 3185 2818 3226 cum
2867 3175 3234 3241 superioribus
3276 3180 3584 3240 cobazreaut
3613 3228 3628 3252 ,

2032 3261 2157 3316 hinc
2187 3261 2470 3332 perspicue
2499 3271 2684 3332 patet;
2713 3263 2857 3333 quod
2887 3275 3065 3321 autem
3090 3268 3255 3325 Paulo
3280 3287 3387 3327 non
3416 3276 3626 3348 indigna

2029 3354 2136 3409 sint
2159 3395 2174 3420 ,
2209 3352 2260 3408 id
2281 3369 2496 3424 quoque
2525 3353 2742 3424 planum
2773 3354 2952 3413 facere
2981 3360 3241 3417 conabor.
3276 3363 3458 3435 Neque
3483 3372 3624 3424 enim

2029 3443 2130 3499 hoc
2159 3443 2290 3498 dicit
2319 3485 2334 3512 ,
2366 3443 2509 3514 quod
2539 3443 2642 3499 Titi
2681 3444 2924 3502 absentia
2969 3463 3156 3505 eorum
3180 3493 3195 3518 ,
3241 3454 3330 3523 qui
3361 3455 3426 3509 ad
3461 3457 3618 3513 ﬁdem

2025 3537 2300 3592 accessuri
2327 3545 2516 3605 erant,
2556 3537 2715 3592 saluti
2761 3554 2968 3596 moram
3016 3543 3289 3614 attulerit,
3339 3563 3440 3604 nec
3478 3553 3619 3622 quod

2025 3640 2309 3699 prOpterea
2342 3644 2436 3684 eos
2463 3629 2552 3700 qui
2601 3629 2762 3686 ﬁdem
2791 3645 3140 3704 susceperant
3186 3645 3574 3711 contempserit
3601 3686 3618 3712 ,

2023 3717 2117 3773 sed
2149 3719 2293 3790 quod
2325 3721 2564 3789 requiem
2597 3735 2702 3775 non
2733 3719 3000 3790 habuerit,
3051 3727 3152 3781 hoc
3177 3737 3259 3783 est
3287 3771 3301 3796 ,
3341 3732 3412 3786 ob
3441 3733 3624 3793 fratris

2020 3808 2318 3864 absentiam
2349 3811 2400 3865 in
2429 3811 2719 3868 afﬂictione
2745 3828 2809 3869 ac
2833 3813 3023 3871 dolore
3059 3828 3303 3878 versatus
3331 3824 3400 3878 sit
3429 3841 3443 3891 ;
3495 3825 3620 3884 hinc

2020 3901 2271 3956 nimirum
2308 3903 2600 3960 ostendens
2641 3908 2826 3976 quanti
2872 3914 3133 3967 momenti
3179 3916 3252 3968 sit
3294 3916 3474 3975 fratris
3526 3923 3621 3975 ab-

2019 3993 2227 4060 sentia;
2255 4004 2416 4065 atque
2447 3995 2568 4051 ideo
2597 3996 2747 4052 illinc
2775 4001 3090 4056 excesserit.
3129 4003 3266 4071 Quid
3293 4018 3470 4065 autem
3505 4013 3618 4070 haec

2017 4084 2180 4140 verba
2225 4085 2326 4140 sibi
2371 4087 2596 4154 volunt,
2649 4085 2776 4142 Cum
2819 4093 3063 4146 venissem
3114 4092 3364 4152 Troadem
3410 4113 3615 4173 propter

2015 4178 2329 4248 evangelium
2347 4179 2372 4231 ?
2399 4177 2515 4234 Non
2543 4221 2556 4246 ,
2587 4181 2758 4251 inquit
2782 4223 2798 4250 ,
2848 4192 3050 4240 temere
3075 4202 3140 4243 eo
3170 4189 3440 4259 profectus
3468 4212 3610 4266 sum,

2013 4267 2108 4323 sed
2141 4279 2196 4324 ut
2227 4270 2598 4341 praedicarem.
2645 4271 2712 4327 Et
2750 4281 2928 4330 tamen
2959 4276 3086 4332 licet
3118 4295 3179 4334 ea
3225 4280 3292 4337 de
3338 4299 3497 4339 causa
3543 4302 3610 4343 eo

2011 4375 2099 4415 me
2147 4362 2538 4430 contulissem,
2599 4378 2663 4419 ac
2731 4367 3024 4424 maximum
3071 4386 3208 4442 opus
3245 4377 3608 4446 reperissent;

2015 4454 2216 4509 Ostium
2261 4457 2405 4512 enim
2456 4459 2582 4512 milii
2631 4469 2864 4530 apertum
2909 4473 3036 4518 esset
3074 4465 3129 4520 in
3172 4463 3395 4524 Domino
3420 4488 3441 4535 ;
3489 4471 3622 4551 Non,

2009 4549 2162 4603 habui
2186 4550 2425 4620 requiem,
2447 4551 2642 4621 inquit:
2662 4555 2874 4608 tametsi
2905 4571 3009 4611 non
3034 4569 3319 4630 propterea
3343 4578 3478 4632 Opus
3503 4565 3605 4620 im-

2008 4641 2244 4710 peditum
2275 4641 2452 4697 fuerit.
2498 4641 2608 4697 Cur
2635 4659 2762 4716 ergo
2793 4646 2962 4715 dicit,
2992 4650 3080 4704 15.
3121 4650 3443 4722 Valefaciens
3487 4659 3559 4712 eis
3585 4699 3602 4724 ,

2005 4731 2107 4785 abii
2134 4733 2160 4786 Σ)
2200 4733 2312 4788 Hoc
2339 4743 2460 4796 est,
2510 4749 2621 4804 prie
2668 4738 2832 4792 animi
2865 4743 3109 4810 angustia
3159 4759 3222 4798 ac
3260 4745 3450 4802 dolore
3496 4765 3601 4804 non

2005 4823 2260 4882 diuturno
2312 4837 2555 4897 tempore
2601 4829 2712 4884 illic
2757 4843 2997 4888 moratus
3043 4848 3182 4888 smn.
3229 4838 3305 4891 Ac
3373 4838 3602 4896 fortasse

2004 4916 2162 4971 etiam
2188 4917 2329 4972 illius
2355 4919 2596 4974 absentia
2615 4921 2830 4991 negotio
2852 4921 3294 4993 impedimentum
3321 4927 3597 4986 afferebat.

2003 5009 2117 5064 lloc
2147 5027 2308 5081 porro
2338 5027 2443 5067 non
2471 5028 2652 5082 parva:
2677 5029 2890 5084 quoque
2918 5018 3278 5074 consolationi
3303 5021 3430 5089 ipsis
3460 5031 3595 5078 erat.

1999 5102 2131 5157 Nam
2161 5103 2225 5167 si,
2267 5118 2387 5158 cum
2419 5104 2562 5159 fores
2595 5105 2703 5160 illic
2731 5115 2934 5176 aperta:
2965 5118 3168 5177 essent,
3200 5119 3360 5180 atque
3386 5113 3454 5168 ob
3479 5129 3596 5168 eam

1997 5208 2214 5250 oausam
2243 5197 2518 5262 venisset,
2551 5199 2803 5266 quoniam
2829 5197 3050 5254 fratrem
3081 5217 3186 5256 non
3216 5203 3443 5270 invenit,
3469 5222 3598 5260 con-

1997 5287 2177 5343 festim
2203 5288 2485 5354 abscessit,
2503 5290 2674 5344 multo
2691 5291 2895 5360 aequius
2916 5301 3018 5358 est,
3035 5293 3226 5363 inquit,
3247 5312 3343 5351 vos
3361 5299 3592 5367 negotio-

1996 5395 2114 5435 rum
2146 5380 2406 5451 angustiis
2434 5395 2497 5435 ac
2528 5382 2938 5437 necessitatibus
2969 5383 3252 5452 ignoscere
3273 5429 3287 5452 ,
3335 5404 3456 5458 quae
3497 5403 3595 5442 nos

1994 5486 2424 5544 quaquaversum
2463 5483 2628 5543 agunt
2645 5489 2708 5527 ac
2724 5474 3112 5544 circumagunt,
3133 5493 3231 5532 nec
3252 5479 3317 5533 ad
3344 5494 3439 5534 eos
3459 5495 3593 5550 quos

1996 5565 2240 5619 Volumus
2256 5565 2517 5619 arbitratu
2537 5575 2724 5621 nostro
2742 5565 3029 5636 proﬁcisci,
3044 5583 3107 5625 ac
3124 5569 3325 5626 diutius
3342 5573 3480 5641 apud
3499 5587 3591 5627 eos

1990 5657 2190 5710 morari
2223 5656 2424 5711 sinunt.
2461 5655 2615 5712 Unde
2640 5657 2826 5724 etiam,
2852 5668 2912 5714 ut
2939 5675 3099 5730 supra
3137 5663 3368 5732 spiritui,
3401 5664 3473 5719 ita
3500 5664 3590 5720 hic

1989 5763 2203 5819 quoque
2244 5748 2354 5803 Deo
2398 5749 2861 5820 peregrinationes
2907 5768 3032 5809 suas
3072 5755 3424 5825 adscribens,
3469 5756 3585 5813 llth

1989 5841 2260 5914 subiungit
2283 5860 2293 5897 :
2313 5842 2396 5898 li.
2424 5841 2526 5898 Deo
2546 5853 2712 5899 autem
2735 5847 2945 5919 gratias,
2973 5851 3058 5920 qui
3086 5865 3287 5921 semper
3305 5849 3588 5924 triumphat
