4068 6476
329 447 435 507 129

326 563 403 636 μὴ
445 560 573 634 δόξῃ
605 559 968 632 ὀλοφύρεσθαι
1013 557 1192 613 ταῦτα
1231 559 1409 628 λέγων
1429 598 1445 624 ,
1474 558 1693 625 ἐπάγει,
1721 559 1805 612 ὅτι
1825 559 1901 611 Οὐ

324 658 489 727 μόνον
533 671 635 708 ουκ
667 652 945 722 ἁλγοῦμεν
994 652 1053 705 ὲν
1082 653 1203 715 ταῖς
1235 650 1450 722 θλίψεσι
1489 651 1740 716 ταύταις,
1765 652 1905 707 ἀλλά

324 749 421 800 καὶ
458 746 721 816 χαίρομεν
751 760 766 775 ο
804 743 897 796 καὶ
940 741 1003 796 τὸ
1046 740 1236 813 μεῖξον
1258 783 1275 809 ,
1328 744 1389 797 οὐ
1445 742 1558 798 τῶν
1598 743 1904 815 μελλόντων

321 838 508 890 ’ἕνεκεν
547 836 707 905 μόνον
737 831 1011 897 ἐπάθλων,
1042 832 1182 887 ἀλλά
1214 833 1309 887 καὶ
1346 832 1525 889 αὐτῶν
1552 834 1668 888 τῶν
1702 834 1906 906 παρόν-

318 947 430 982 των
455 943 470 958 ο
504 927 599 981 καὶ
632 927 741 997 γὰρ
768 924 1005 979 ἐνταῦθά
1031 926 1202 997 ἐσμεν
1222 926 1468 999 λαμπροί
1491 928 1556 981 ὲκ
1577 927 1784 981 τούτων
1809 926 1904 982 καὶ

320 1019 662 1090 περιφανεῖς.
686 1015 954 1070 Τοσοῦτον
981 1015 1164 1071 τοίνυν
1196 1018 1480 1090 ἀπέχομεν
1508 1016 1604 1072 τοῦ
1641 1018 1862 1090 θρηνεῖν
1883 1057 1900 1084 ,

320 1113 404 1165 ὃτι
434 1110 529 1164 καί
567 1108 840 1181 θρίαμϐον
870 1108 931 1161 τὸ
974 1109 1212 1179 πρᾶγμα
1234 1108 1530 1180 καλοῦμεν,
1568 1109 1665 1164 καὶ
1701 1109 1905 1178 ἐγκαλ-

318 1200 676 1272 λωπιζόμεθα
715 1202 830 1263 τοῖς
896 1199 1229 1270 γινομένοις.
1249 1202 1340 1255 Διὸ
1372 1201 1469 1255 καὶ
1504 1200 1681 1270 ἔλεγε,
1719 1199 1803 1266 Τῷ
1833 1201 1903 1256 δὲ

320 1293 444 1361 θεῷ
475 1293 648 1363 χάρις
678 1291 759 1357 τῷ
778 1290 1040 1346 πάντοτε
1068 1276 1230 1362 ἡμᾶς
1261 1292 1669 1363 θριαμϐεύοντι
1695 1307 1712 1325 ο
1738 1310 1898 1347 τουτο

315 1389 470 1450 ἐστι,
537 1383 620 1455 τῷ
668 1384 804 1437 πᾶσι
849 1382 1096 1437 ποιοῦντι
1142 1387 1485 1456 περιφανεῖς.
1522 1387 1586 1438 Ὃ
1618 1385 1730 1457 γὰρ
1754 1386 1904 1440 δοκεῖ

318 1476 461 1533 εἶναι
500 1476 762 1547 ἀτιμίας,
785 1474 847 1529 τὸ
876 1474 1142 1530 πάντοθεν
1169 1475 1512 1538 ἐλαύνεσθαι,
1537 1474 1698 1530 τοῦτο
1734 1479 1901 1547 τιμῆς

315 1574 447 1643 ἡμῖν
476 1565 618 1624 εἰναι
647 1568 897 1639 φαίνεται
926 1568 1209 1640 μεγίστης.
1236 1569 1331 1622 Διὸ
1358 1570 1467 1624 οὐκ
1486 1566 1642 1635 εἷπε,
1678 1570 1769 1641 Τῷ
1797 1553 1899 1624 κα-

313 1656 579 1736 ταδήλούς
600 1659 865 1726 ποιοῦντι,
885 1659 1043 1728 ἀλλά,
1074 1659 1159 1726 Τῷ
1187 1661 1630 1729 θριαμϐεύοντιο
1662 1659 1897 1724 δεικνὺς,

313 1758 399 1811 ὅτι
426 1757 479 1810 οἰ
519 1753 754 1825 διωγμοὶ
795 1744 948 1807 οὗτοι
986 1750 1231 1824 τρόπαια
1260 1755 1462 1823 συνεχῆ
1495 1750 1639 1805 κατὰ
1660 1749 1755 1806 τοῦ
1785 1751 1900 1805 δια-

315 1848 478 1902 ϐόλου
525 1845 808 1917 πανταχοῦ
840 1845 944 1916 τῆς
986 1845 1091 1915 γῆς
1124 1845 1440 1899 ἀνιστῶσιν.
1469 1841 1605 1899 Εἶτα
1640 1843 1779 1916 μετά
1802 1842 1899 1897 τοῦ

315 1937 754 2011 θριαμϐεύοντος
792 1936 907 2002 θεὶς
931 1936 1027 1990 καὶ
1059 1935 1160 2009 τήν
1188 1936 1466 1999 ὑπόθεσιν,
1492 1936 1743 2007 ἀνίστησι
1768 1936 1900 1991 κάν-

312 2032 502 2087 τεῦθεν
517 2031 607 2084 τὸν
628 2028 1008 2101 ἀκροατήν.οὐ
1025 2028 1133 2101 γὰρ
1148 2028 1306 2099 μόνον
1320 2028 1425 2081 ὐπδ
1440 2026 1534 2082 τοῦ
1551 2027 1685 2082 Θεοῦ
1699 2026 1900 2101 θριαμ-

313 2121 588 2194 ϐευόμεθα
614 2160 631 2187 ,
660 2120 800 2175 ἀλλά
838 2121 934 2174 καὶ
972 2120 1031 2173 ὲν
1083 2118 1313 2192 Χριστῷ
1334 2134 1348 2149 ⁸
1378 2117 1663 2184 τουτέστι,
1687 2118 1777 2173 διὰ
1808 2119 1899 2172 τὸν

312 2212 551 2284 Χριστὸν
589 2212 685 2266 καὶ
716 2210 779 2264 τὸ
799 2211 1085 2282 κήρυγμα.
1127 2207 1379 2263 Ἐπειδὰν
1401 2207 1507 2280 γὰρ
1534 2207 1899 2279 θριαμϐεῦσαι

311 2304 431 2378 δέῃ,
473 2303 689 2372 ἀνάγκη
731 2303 883 2356 πᾶσα
924 2302 1020 2354 καὶ
1071 2302 1219 2372 ἡμᾶς
1245 2301 1372 2364 τοὺς
1403 2300 1665 2371 φέροντας
1687 2298 1748 2353 τὸ
1769 2301 1899 2372 τρό-

312 2414 478 2451 παιον
538 2393 875 2466 καταδήλους
904 2388 1065 2458 εἶναι,
1091 2391 1282 2463 ἐπειδὴ
1310 2391 1475 2447 αὐτὸν
1511 2391 1856 2462 βαστάζομεν
1878 2429 1895 2447 .

310 2490 411 2543 Διά
431 2487 589 2541 τοῦτο
644 2485 1002 2558 περίϐλεπτοί
1051 2486 1243 2555 ἐσμεν,
1293 2484 1392 2539 καὶ
1421 2485 1762 2555 περιφανεῖς.
1787 2482 1898 2537 Καὶ

309 2581 427 2646 τὴν
466 2576 668 2647 ὀσμὴν
708 2575 821 2645 τῆς
864 2575 1142 2645 γνώσεως
1200 2575 1390 2630 αὐτοῦ
1430 2572 1795 2644 φανεροῦντι
1819 2572 1896 2626 δι’
1928 2572 1951 2597 ⁸

311 2669 481 2741 ἡμῶν
502 2669 573 2722 ὲν
607 2667 785 2722 παντὶ
812 2668 992 2731 τόπῳ.

383 2882 450 2955 β’.
468 2884 615 2937 Ἀνω
636 2876 781 2948 εἷπε,
800 2881 1065 2935 Πάντοτε
1082 2878 1512 2949 θριαμϐεύοντι,
1529 2877 1785 2943 ἐνταῦθα,
1801 2876 1900 2929 Ἐν

308 2976 490 3030 παντὶ
511 2974 693 3039 τόπῳ,
726 2973 896 3044 φησί·
926 2972 1141 3035 δεικνὺς
1161 2972 1244 3026 ὅτι
1276 2971 1370 3025 καὶ
1399 2969 1562 3034 τόπος
1586 2970 1679 3024 καί
1704 2967 1898 3039 καιρὸς

310 3069 419 3131 πᾶς
450 3066 559 3120 τῶν
588 3065 766 3121 ἄθλων
794 3064 1182 3135 ἐμπέπλησται
1214 3061 1325 3116 τῶν
1354 3061 1752 3116 ἀποστολικῶν.
1786 3060 1900 3114 Kal

315 3161 477 3231 ἑτέρᾳ
526 3158 688 3212 πάλιν
731 3157 998 3228 κέχρηται
1043 3154 1329 3227 μεταφορᾷ
1369 3157 1436 3225 τῇ
1489 3154 1588 3224 τῆς
1647 3151 1896 3216 εὐωδίας.

309 3253 580 3323 Καθάπερ
609 3248 719 3321 γὰρ
755 3249 926 3321 μύρον
950 3245 1332 3319 βαστάζοντες,
1356 3244 1500 3299 οὕτω
1533 3245 1700 3299 πᾶσίν
1731 3242 1898 3314 ἐσμεν

309 3340 628 3411 κατάδηλοι,
693 3336 877 3407 φησί’
947 3335 1118 3407 μύρον
1175 3334 1473 3404 πολύτιμον
1538 3333 1636 3405 τὴν
1695 3331 1899 3402 γνῶσιν

311 3429 464 3503 Γ467]
496 3430 695 3499 λέγων.
733 3428 845 3483 Kal
868 3429 968 3481 οὐκ
997 3424 1142 3493 εἷπε,
1171 3426 1285 3497 Τήν
1314 3424 1540 3495 γνῶσιν,
1571 3424 1712 3489 ἀλλ’,
1758 3423 1898 3478 Ὀσ-

311 3524 436 3593 ιιὴν
462 3522 760 3593 γνώσεως.
794 3519 1048 3574 Τοιοῦτον
1075 3518 1184 3593 γὰρ
1214 3520 1247 3590 ή
1278 3516 1531 3590 παροῦσα
1562 3516 1787 3587 γνῶσις,
1834 3516 1897 3569 οὐ

315 3616 519 3688 σφόδρα
556 3613 769 3686 σαφὴς,
802 3613 925 3667 οὐδὲ
959 3611 1438 3683 ὲκκεκαλυμμένη.
1482 3610 1573 3664 Διὸ
1601 3610 1698 3665 καί⁷
1731 3611 1788 3665 έν
1830 3611 1899 3681 τῇ

312 3707 558 3780 προτέρα
608 3705 792 3774 ἔλεγεν
856 3688 1185 3775 Ἐπιστολῇ,
1234 3702 1552 3780 Βλέπομεν
1600 3701 1712 3772 γὰρ
1767 3699 1900 3767 ἄρτι

312 3778 387 3852 δι’
426 3778 729 3866 ἐσόπτρου
767 3795 837 3850 ἐν
878 3795 1196 3864 αἰνίγματι,
1220 3796 1318 3848 καὶ
1357 3778 1590 3847 ἐνταῦθα
1629 3792 1811 3863 ὀσμὴν
1838 3792 1901 3845 τὸ

312 3888 552 3944 τοιοῦτον
573 3887 744 3959 μύρον
761 3900 787 3928 ιι
815 3886 992 3942 καλεῖ.
1024 3886 1082 3941 '0
1104 3885 1161 3940 δὲ
1183 3886 1285 3958 τὴν
1304 3883 1480 3957 ὀσμὴν
1493 3884 1670 3955 εἰδὼς,
1693 3884 1775 3939 ὅτι
1801 3883 1901 3955 μὲν

311 3980 429 4035 ἔστι
451 3979 620 4052 μύρον
650 3995 752 4031 που
779 3976 1032 4049 κείμενον
1051 3973 1183 4041 οἶδε,
1210 3975 1455 4030 ποταπὸν
1481 3974 1539 4028 δὲ
1561 3973 1661 4045 τὴν
1685 3973 1896 4038 οὐσίαν,

312 4073 517 4138 οὐκέτι,
553 4071 647 4126 ἐὰν
688 4070 762 4143 μὴ
791 4071 1055 4143 πρότερον
1090 4068 1222 4123 αὐτὸ
1251 4066 1406 4132 εἰδὼς
1431 4066 1592 4139 τύχῃ.
1619 4064 1778 4119 Οὕτω
1805 4063 1903 4118 καὶ

313 4167 495 4237 ήμεῖς,
525 4165 609 4217 ὅτι
644 4163 745 4235 μὲν
777 4162 895 4216 ἐστι
940 4162 1073 4225 Θεὸς
1114 4159 1294 4231 ἴσμεν,
1339 4160 1392 4214 τί
1435 4158 1494 4213 δὲ
1540 4157 1638 4229 τὴν
1684 4154 1898 4221 οὐσίαν,

312 4257 516 4311 οὐκέτι.
570 4256 783 4327 Ὥσπερ
828 4248 923 4309 οὖν
973 4252 1331 4325 θυμιατήριόν
1375 4253 1545 4323 ἐσμεν
1600 4247 1900 4321 βασιλικὸν,

311 4352 446 4404 ὅπου
469 4347 535 4402 ἃν
561 4346 883 4418 ἀπέλθωμεν
908 4344 1005 4401 τοῦ
1026 4346 1277 4419 οὐρανίου
1305 4342 1561 4406 πνέοντες
1584 4341 1782 4413 μύρου,
1805 4339 1903 4394 καί⁸

311 4447 414 4518 τῆς
450 4446 834 4516 πνευματικῆς
876 4443 1127 4507 εὐωδίας.
1187 4441 1376 4497 Ταῦτα
1421 4440 1476 4494 δὲ
1518 4438 1723 4507 ἔλεγεν,
1765 4435 1902 4508 ὁμοῦ

314 4545 409 4598 καὶ
452 4542 548 4597 τοῦ
578 4541 936 4614 κηρύγματος
968 4540 1186 4603 δεικνὺς
1233 4538 1333 4609 τὴν
1374 4536 1551 4608 ἰσχὺν,
1601 4538 1684 4591 ὅτι
1730 4531 1795 4599 δι’
1826 4526 1903 4587 ὧν

319 4638 779 4702 ἑπιὸουλεύονται,
836 4637 925 4690 διὰ
971 4636 1177 4691 τούτων
1224 4635 1502 4707 λάμπουσι
1550 4630 1752 4703 μᾶλλον
1794 4628 1904 4682 τῶν

313 4739 621 4789 διωκόντων
639 4733 859 4800 αὐτοὺς,
893 4733 987 4786 καὶ
1011 4734 1193 4787 πᾶσαν
1219 4733 1317 4804 τὴν
1339 4730 1665 4803 οἰκουμένην
1686 4725 1905 4781 ποιούν-

311 4851 418 4890 των
440 4833 470 4873 b
501 4831 700 4886 εἰδέναι
727 4830 824 4885 καὶ
846 4830 915 4883 τὰ
944 4829 1177 4902 τρόπαια
1207 4829 1388 4883 αὐτῶν
1413 4829 1507 4883 καὶ
1528 4827 1628 4898 τὴν
1654 4824 1903 4891 εὐωδίαν,

313 4931 409 4984 καὶ
451 4925 790 5000 παρακαλῶν
826 4926 967 4998 ὑπὲρ
995 4925 1106 4980 τῶν
1147 4925 1383 4996 θλίψεων
1426 4924 1625 4986 αὐτοὺς
1672 4921 1905 4975 καὶτῶν

312 5025 667 5098 πειρασμῶν,
703 5022 843 5077 ὥστε
874 5025 1053 5079 πάντα
1090 5024 1277 5095 φέρειν
1310 5020 1597 5091 γενναίως,
1632 5019 1686 5072 εί
1714 5035 1781 5089 γε
1811 5019 1905 5073 καὶ

313 5124 421 5198 πρὸ
467 5123 568 5192 τῆς
614 5121 939 5183 ἀντιδόσεως
976 5119 1180 5188 ἄφατον
1231 5113 1572 5188 καρποῦνται
1619 5114 1681 5169 τὸ
1724 5115 1901 5180 κλέος.

318 5218 449 5274 ’Ὁτι
470 5216 732 5287 Χριστοῦ
761 5215 979 5271 εὐωδία
1002 5215 1191 5285 ἐσμὲν
1218 5213 1298 5279 τῷ
1320 5209 1441 5277 Θεῷ
1470 5211 1540 5266 ἐν
1577 5209 1702 5278 τοῖς
1723 5210 1906 5272 σωζο-

312 5315 545 5387 μένοις,
576 5313 676 5367 καὶ
699 5313 769 5368 ἐν
796 5312 920 5379 τοῖς
943 5309 1414 5381 ἀπολλυμένοις.
1446 5309 1547 5361 ’Ἂν
1572 5324 1633 5360 τε
1661 5308 1771 5378 γὰρ
1802 5307 1907 5362 σώ-

318 5411 482 5485 ζηται
506 5429 612 5476 τις,
654 5411 842 5481 φησὶν,
888 5408 953 5462 ἄν
989 5424 1050 5461 τε
1081 5404 1443 5475 ἀπολλύηται,
1485 5404 1547 5457 τὸ
1588 5405 1906 5475 εὐαγγέλιον

317 5509 417 5583 τὴν
449 5507 659 5562 οἰκείαν
709 5505 915 5578 ἀρετὴν
973 5503 1097 5573 ἕχον
1145 5500 1317 5573 μένει.
1371 5500 1482 5555 Kal
1533 5501 1787 5574 καθάπερ
1844 5501 1906 5556 τὸ

383 5799 412 5828 ⁸
438 5798 552 5855 M3,,
600 5797 657 5846 τὸ
709 5793 924 5846 τοιοῦτον
969 5794 1131 5857 μύρον.
1173 5790 1231 5842 ιη
1254 5789 1426 5857 Editis»
1456 5792 1599 5851 μύρον
1637 5794 1799 5845 deest.
1848 5793 1905 5844 In

322 5853 623 5908 Coisliniéno
652 5859 739 5907 Ms.
776 5859 857 5906 hic
880 5853 1069 5917 alidudt
1088 5855 1200 5904 folia
1227 5853 1385 5903 ablata
1405 5854 1563 5904 fuere.

384 5920 414 5963 ιι
438 5921 585 5970 Savil.
613 5918 811 5982 conjicit
834 5916 1041 5968 ποιοῦσι.

1028 443 1086 500 S.
1127 442 1421 500 JOANNIS
1452 439 1950 500 CHRYSOSTOMI
1989 443 2312 508 ARCHIEP.
2356 450 2909 513 CONSTANTINOP.

3487 455 3593 514 656

2015 563 2132 633 φῶς
2156 576 2204 632 ε,
2242 568 2345 622 κᾶν
2375 568 2600 645 σκοτίζῃ
2627 571 2754 636 τούς
2784 568 3050 633 ἀσθενεῖς,
3092 568 3206 639 φῶς
3246 566 3384 634 ἐστι,
3419 576 3597 627 καίτοι

2014 657 2297 722 σκοτίζον·
2348 661 2443 715 καί
2479 661 2541 714 τὺ
2574 659 2700 732 μέλι
2742 659 2846 714 κᾶν
2898 658 3096 730 πικρὸν
3221 660 3335 722 τοῖς
3357 654 3592 727 νοσοῦσι,

2011 748 2182 817 γλυκύ
2213 751 2312 821 τὴν
2343 752 2504 822 φύσιν
2533 754 2682 806 ἐστιν
2720 768 2735 784 ·
2761 751 2907 806 οὕτω
2933 751 3117 806 καὶτὸ
3148 752 3468 821 εὐαγγέλιον
3502 753 3593 807 εὐ-

2009 839 2142 905 ῶδές
2187 842 2326 905 ἐστι,
2356 842 2459 896 κάν
2489 842 2866 899 ἀπολλύωνταί
2913 858 3060 907 τινες
3100 841 3479 908 ἀπιστοῦντες.
3518 845 3593 898 Οὐ

2009 934 2122 1007 γάρ
2146 934 2309 990 αὐτοῦ
2339 936 2499 1008 ἔργον
2518 938 2553 1007 ή
2584 933 2851 998 ἀπώλεια,
2876 932 3014 988 ἀλλά
3037 933 3136 1004 τῆς
3161 933 3386 989 ἐκείνων
3414 936 3592 1004 ἀγνω-

2011 1025 2268 1098 μοσύνης.
2297 1028 2411 1081 Kal
2433 1026 2606 1098 ταύτῃ
2637 1026 2695 1080 δὲ
2727 1026 2965 1097 μάλιστα
2991 1024 3025 1095 ἠ
3051 1025 3253 1079 εὐωδία
3270 1024 3440 1080 αὐτοῦ
3464 1026 3594 1096 φαί-

2008 1132 2179 1178 νεται.
2297 1117 2348 1170 οἰ
2389 1115 2773 1187 διεφθαρμένοι
2825 1115 2920 1169 καὶ
2963 1115 3198 1187 πονηροὶ
3241 1116 3590 1171 ἀπόλλυνται.

2009 1205 2172 1259 ’Ὥστε
2193 1207 2294 1260 οὐκ
2319 1207 2429 1260 ἀπὸ
2446 1206 2546 1276 τῆς
2568 1205 2676 1260 τῶν
2704 1205 2922 1275 ἀγαθῶν
2948 1206 3222 1277 σωτηρίας
3245 1206 3428 1276 μόνον,
3453 1205 3595 1261 ἀλλά

2009 1298 2102 1351 καὶ
2132 1299 2241 1352 ἀπὸ
2265 1297 2362 1368 τῆς
2390 1297 2499 1350 τῶν
2529 1296 2784 1368 πονηρῶν
2815 1297 3095 1361 ἀπωλείας
3118 1297 3394 1351 δείκνυται
3426 1297 3592 1352 αὐτοῦ

2007 1389 2041 1458 ἡ
2071 1388 2263 1459 ἀρετή,
2312 1387 2466 1441 Ἐπεὶ
2510 1387 2609 1442 καὶ
2637 1389 2665 1441 6
2695 1388 2881 1458 ἥλιος,
2914 1387 3103 1459 ἐπειδὴ
3134 1387 3338 1460 σφόδρα
3370 1389 3595 1463 φαιδρός

2007 1480 2146 1543 ἐστι,
2191 1477 2279 1531 διά
2326 1477 2485 1532 τοῦτο
2536 1478 2772 1550 μάλιστα
2803 1479 3029 1550 πλήττει
3075 1478 3188 1535 τῶν
3225 1481 3597 1537 ἀσθενούντων

2007 1572 2104 1635 τὰς
2128 1572 2282 1642 ὄψεις
2306 1588 2318 1600 ·
2355 1573 2451 1626 καὶ
2477 1573 2507 1625 6
2542 1572 2735 1645 Σωτὴρ
2762 1573 2843 1637 είς
2868 1573 3078 1627 πτῶσιν
3101 1572 3312 1627 πολλῶν
3349 1574 3443 1628 καί
3467 1574 3597 1628 ἀνά-

2008 1661 2198 1715 στασίν
2232 1662 2401 1728 ἐστιν,
2446 1661 2562 1744 ἀλλ’
2593 1663 2741 1733 ὅμως
2790 1662 2942 1734 μένει
2990 1662 3182 1734 Σωτὴρ
3223 1662 3320 1727 ὢν,
3364 1665 3460 1718 καὶ
3488 1682 3593 1735 μυ·

2008 1749 2142 1820 ρίων
2175 1749 2516 1803 πιπτόντωνο
2554 1750 2649 1803 καὶ
2695 1752 2727 1820 ή
2786 1750 3063 1823 παρουσία
3112 1750 3280 1806 αὐτοῦ
3331 1752 3593 1823 μειζόνως

2007 1841 2235 1895 ἐκόλασε
2266 1844 2395 1907 τούς
2430 1842 2507 1914 μὴ
2542 1843 2925 1916 πειθομένους,
2960 1843 3078 1899 ἀλλ’
3111 1845 3262 1917 ὅμως
3300 1846 3453 1916 μένει
3483 1863 3589 1900 σωο

2005 1935 2194 2007 τήριος
2218 1930 2375 1992 οὐσα.
2415 1934 2515 1989 Διά
2541 1933 2701 1990 τοῦτο
2720 1936 2815 1990 καὶ
2845 1936 3007 2000 αὐτός
3032 1952 3219 2008 φησιν,
3246 1937 3330 1991 ὃτι
3364 1937 3447 2004 Τῷ
3470 1936 3594 2004 Θεῷ

2006 2027 2226 2083 εὐωδία
2261 2028 2452 2100 ἐσμέν
2475 2046 2489 2061 ο
2525 2029 2798 2094 τουτέστι,
2842 2029 2964 2084 Κᾶν
3000 2027 3378 2084 ἀπολλύωνταί
3423 2045 3592 2094 τινες,

2007 2121 2169 2191 ἡμεῖς
2215 2120 2447 2192 μένομεν
2495 2120 2656 2175 τοῦτο
2709 2120 2867 2186 ὄντες
2909 2122 3048 2193 ὅπερ
3098 2121 3287 2193 ἐσμέν.
3333 2121 3446 2176 Kal
3493 2122 3595 2190 οὐκ

2008 2208 2193 2272 ἁπλῶς
2219 2204 2395 2275 εἶπεν,
2429 2209 2683 2270 Εὐωδία,
2714 2209 2872 2276 ἀλλὰ,
2908 2208 2995 2277 Τῷ
3029 2208 3172 2276 Θεῷ.
3206 2210 3379 2265 Ὅταν
3413 2209 3471 2264 δὲ
3511 2208 3594 2281 τῷ

2006 2300 2125 2372 Θεῷ
2158 2301 2356 2355 εὐωδία
2403 2296 2574 2373 ὦμεν,
2619 2301 2870 2366 κάκεῖνος
2909 2300 3083 2356 ταῦτα
3140 2300 3465 2373 ψηφίζηται,
3508 2302 3595 2366 τίς

2006 2393 2224 2464 ἀντερεῖ
2272 2392 2488 2460 λοιπόν;
2524 2392 2637 2447 Καὶ
2683 2392 2765 2460 τὺ,
2798 2393 3037 2463 Χριστοῦ
3066 2393 3123 2446 δὲ
3147 2393 3364 2459 εὐωδία,
3399 2393 3597 2465 διπλῆν

2010 2500 2101 2554 μοι
2133 2482 2231 2556 τὴν
2274 2483 2534 2555 ἐξήγησιν
2572 2483 2718 2554 ἔχειν
2748 2483 2919 2538 δοκεῖ.
2954 2484 3031 2536 Ἦ.
3053 2482 3162 2555 γάρ
3195 2482 3357 2538 τοῦτό
3404 2500 3593 2556 φησιν,

2005 2576 2086 2629 ὅτι
2114 2576 2338 2640 ἑαυτοὺς
2362 2574 2554 2629 θυσίαν
2587 2574 2929 2647 προσέφερον
2963 2574 3422 2647 ἀποθνήσκοντες,
3453 2575 3486 2648 ἢ
3511 2577 3595 2631 ὅτι

2005 2668 2105 2739 τῆς
2138 2667 2232 2721 τοῦ
2259 2666 2497 2739 Χριστοῦ
2529 2666 2746 2738 σφαγῆς
2777 2666 2977 2721 εὐωδία
3007 2666 3176 2735 ἐσμέν
3209 2682 3224 2698 ’
3255 2666 3333 2732 ὡς
3357 2668 3423 2722 ἂν
3449 2668 3596 2722 εῖποι

2005 2776 2111 2824 τις,
2148 2757 2315 2813 Τοῦδε
2344 2759 2437 2813 τοῦ
2470 2759 2670 2830 ἱερείου
2702 2757 2902 2812 εὐωδία
2930 2758 3050 2812 ἐστὶ
3080 2758 3199 2813 τόδε
3222 2759 3285 2813 τὸ
3311 2758 3589 2831 θυμίαμα.

2011 2854 2085 2906 ’Ἦ
2131 2851 2290 2905 τοῦτο
2318 2848 2412 2906 οῦν
2468 2851 2723 2923 ἐμφαίνει
2770 2850 2873 2922 τῆς
2904 2849 3134 2915 εὐωδίας
3175 2851 3236 2907 τὺ
3283 2852 3494 2924 ὄνομαο
3535 2852 3593 2925 ἢ,

2005 2944 2144 3016 ὅπερ
2170 2943 2341 3016 ἔφθην
2374 2943 2567 3010 εἰπὼν,
2607 2944 2690 2998 ὅτι
2731 2942 2856 2997 καθ’
2895 2944 3111 3016 ἡμέραν
3141 2943 3358 3000 θύονται
3384 2944 3479 2999 διὰ
3499 2944 3597 3000 τὸν

2006 3036 2260 3108 Χριστόν.
2338 3032 2492 3099 Εἶδες
2552 3033 2657 3088 ποῦ
2735 3034 2863 3099 τοὺς
2927 3036 3272 3106 ττειρασμούς
3329 3037 3595 3108 ἀνήγαγε,

2007 3127 2276 3200 θρίαμϐον
2316 3129 2411 3182 καὶ
2444 3126 2598 3201 [468]
2638 3127 2869 3182 εὐωδίαν
2913 3127 3117 3195 καλῶν,
3165 3128 3264 3182 καὶ
3296 3128 3597 3201 θυσίαντῷ

2006 3219 2126 3290 Θεῷ
2152 3219 2608 3291 προσαγομένην;
2642 3214 2804 3286 Εἶτα,
2828 3218 3017 3291 ἐπειδὴ
3034 3214 3208 3287 εἶπεν,
3239 3221 3475 3276 Εὐωδία
3495 3220 3599 3275 ἐσ-

2007 3307 2140 3377 μὲν,
2181 3306 2280 3362 καί
2325 3309 2395 3361 ἐν
2434 3306 2561 3374 τοῖς
2601 3305 3071 3377 ἀπολλυμένοις,
3110 3306 3200 3361 ἵνα
3229 3306 3306 3379 μή
3344 3307 3597 3378 νομίσῃς,

2006 3401 2091 3454 ὅτι
2116 3400 2359 3454 κάκεῖνοι
2384 3398 2778 3471 εὐπρόσδεκτοί
2809 3400 2967 3463 εἰσιν,
2999 3398 3244 3468 ἐπήγαγε
3279 3415 3293 3429 ο
3332 3397 3462 3464 Τοῖς
3478 3396 3600 3468 μὲν

2008 3492 2169 3562 ὀσμὴ
2195 3490 2455 3548 θανάτου
2475 3493 2563 3558 εὶς
2594 3490 2875 3556 θάνατον,
2908 3490 3033 3558 τοῖς
3058 3490 3125 3544 δὲ
3153 3489 3314 3560 ὀσμὴ
3338 3488 3487 3559 ζωῆς
3508 3492 3598 3557 εἰς

2008 3583 2180 3652 ζωήν.
2208 3582 2319 3655 Τὴν
2352 3582 2462 3654 γὰρ
2505 3582 2732 3636 εὐωδίαν
2777 3582 2983 3655 ταύτην
3017 3584 3067 3636 οἰ
3116 3582 3212 3654 μὲν
3239 3582 3382 3636 οὕτω
3427 3599 3600 3652 προσ·

2011 3674 2200 3740 ίενται,
2237 3671 2377 3727 ὥστε
2409 3673 2671 3742 σωθῆναι,
2703 3671 2751 3725 οἰ
2782 3669 2839 3723 δὲ
2873 3669 3069 3734 οὕτως,
3099 3668 3239 3723 ὥστε
3270 3668 3597 3725 ἀπολέσθαι.

2009 3765 2172 3819 Ὥστε
2201 3764 2305 3818 κᾶν
2330 3761 2670 3834 ἀπολλύηταί
2703 3778 2809 3827 τις,
2837 3760 2971 3833 παρ’
2998 3758 3164 3815 αὐτοῦ
3194 3761 3228 3832 ή
3263 3760 3410 3814 αἰτία
3435 3777 3449 3792 ·
3477 3760 3601 3813 ἐπεὶ

2008 3857 2103 3911 καί
2129 3856 2231 3920 τάς
2258 3850 2323 3919 ῦς
2366 3855 2428 3908 τὸ
2470 3853 2641 3927 μύρον
2687 3853 2908 3924 λέγεται
2942 3852 3176 3923 πνίγειν,
3217 3852 3317 3905 καὶ
3353 3851 3413 3906 τὸ
3458 3850 3598 3922 φῶς,

2007 3951 2144 4023 ὅπερ
2174 3949 2344 4019 ἔφθην
2377 3946 2570 4014 εἰπὼν,
2591 3946 2729 4011 ,τοὺς
2762 3944 3012 4009 ἀσθενεῖς
3038 3942 3328 4007 σκοτίζειν.
3359 3943 3466 3996 Καὶ
3491 3958 3602 3995 τοι-

2010 4042 2151 4113 αύτη
2179 4039 2285 4094 τῶν
2317 4038 2538 4109 ἀγαθῶν
2564 4039 2600 4109 ή
2630 4036 2791 4107 φύσις
2817 4051 2831 4064 ·
2863 4035 2925 4088 οὐ
2969 4033 3040 4087 τά
3072 4036 3249 4088 οἰκεῖα
3293 4033 3600 4105 διορθοῦται

2013 4136 2195 4208 μόνον,
2227 4132 2366 4188 ἀλλά
2390 4132 2485 4186 καὶ
2512 4131 2580 4186 τά
2607 4129 2825 4184 ἐναντία
2858 4127 3123 4183 ἀπόλλυσι
3140 4143 3157 4161 ⁶
3185 4127 3279 4181 καί
3303 4126 3473 4199 ταύτῃ
3503 4126 3600 4198 μά-

2008 4230 2168 4284 λιστα
2194 4227 2563 4283 διαδείκνυται
2594 4224 2774 4278 αὐτῶν
2800 4226 2834 4295 ή
2852 4220 3104 4295 δύναμις.
3141 4222 3251 4276 Kal
3278 4220 3389 4293 γὰρ
3420 4221 3515 4275 καὶ
3537 4220 3600 4273 τὸ

2013 4318 2125 4391 πῦρ
2153 4319 2251 4391 οὐχ
2274 4319 2401 4373 ὅταν
2436 4315 2647 4390 φωτίζῃ
2685 4315 2868 4385 μόνον,
2897 4313 3006 4367 οὐδ’
3037 4313 3168 4367 ὅταν
3200 4311 3421 4385 χρυσίον
3465 4310 3601 4364 1.19-

2010 4413 2164 4483 αίρῃ,
2197 4408 2335 4465 ἀλλά
2364 4409 2460 4462 καὶ
2505 4409 2634 4462 ὅταν
2675 4406 2919 4470 ἀκάνθας
2962 4406 3198 4477 δαπανᾷ,
3228 4404 3464 4476 μάλιστα
3501 4402 3601 4476 τὴν

2009 4501 2218 4555 οἰκείαν
2244 4499 2397 4569 ἰσχὺν
2427 4498 2817 4564 ἐπιδείκνυται,
2838 4497 2933 4551 καὶ
2961 4496 3134 4569 ταύτῃ
3166 4496 3420 4566 φαίνεται
3448 4494 3560 4562 πῦρ
3580 4510 3595 4523 ·

2012 4593 2105 4648 καὶ
2141 4594 2170 4646 6
2192 4591 2425 4662 Χριστὸς
2451 4590 2509 4643 δὲ
2543 4589 2717 4663 ταύτῃ
2747 4588 2846 4660 τὴν
2881 4587 3275 4659 μεγαλωσύνην
3300 4586 3467 4641 αὐτοῦ
3508 4588 3597 4639 έν-

2011 4683 2304 4747 δείκνυται,
2353 4683 2482 4735 ὅταν
2511 4679 2766 4752 ἀναλώσῃ
2808 4679 2900 4734 τὸν
2945 4679 3290 4750 ἀντίχριστον
3318 4677 3397 4749 τῷ
3436 4676 3603 4731 πνεύ-

2016 4791 2146 4847 ματι
2177 4772 2271 4827 τοῦ
2303 4773 2573 4843 στόματος
2601 4771 2788 4835 αὐτοῦ,
2820 4770 2915 4824 καί
2939 4771 3269 4842 καταργήσῃ
3297 4771 3364 4839 τῇ
3398 4770 3601 4838 ἐπιφα-

2013 4868 2134 4939 νείᾳ
2187 4869 2287 4937 τῆς
2333 4865 2639 4937 παρουσίας
2680 4863 2867 4918 αὐτοῦ.
2921 4863 3032 4918 Καὶ
3089 4860 3241 4931 πρὸς
3279 4861 3467 4914 ταῦτα
3513 4860 3607 4926 τίς

2013 4957 2260 5024 ίκανός;
2298 4954 2517 5027 Ἐπειδὴ
2558 4954 2667 5026 γὰρ
2709 4953 2924 5026 μεγάλα
2962 4953 3293 5023 ἐφθέγξατο,
3326 4952 3409 5005 ὅτι
3432 4951 3607 5006 Θυσία

2013 5049 2183 5122 ἐσμὲν
2225 5048 2317 5102 τοῦ
2355 5045 2593 5118 Χριστοῦ
2634 5046 2730 5100 καί
2762 5045 2979 5111 εὐωδία,
3014 5045 3110 5099 καί¹
3156 5041 3606 5116 θριαμϐευόμεθα

2014 5140 2317 5213 πανταχοῦ,
2366 5140 2529 5194 πάλιν
2571 5137 2875 5212 μετριάζει,
2915 5136 2992 5209 τῷ
3028 5137 3149 5208 Θεῷ
3193 5137 3371 5191 πάντα
3415 5137 3604 5189 ἀνατι-

2015 5233 2130 5296 θείς
2153 5249 2169 5264 ’
2201 5231 2281 5285 διὸ
2303 5231 2396 5285 καί
2425 5246 2580 5301 φησι,
2609 5228 2721 5285 Καὶ
2749 5228 2898 5297 πρὸς
2930 5228 3118 5282 ταῦτα
3140 5227 3232 5293 τίς
3260 5228 3469 5293 ἱκανός
3490 5243 3510 5291 ;
3531 5225 3606 5279 Τὸ

2013 5327 2124 5398 γὰρ
2159 5326 2268 5379 πᾶν
2294 5323 2390 5377 τοῦ
2423 5320 2687 5394 Χριστοῦ,
2729 5321 2916 5393 φησὶν,
2967 5319 3116 5373 ἐστίν
3150 5339 3164 5353 ·
3207 5320 3362 5374 οὐδὲν
3403 5320 3604 5391 ήμέτε-

2018 5436 2133 5492 ρον.
2179 5417 2347 5487 Ὁρᾷς
2377 5415 2472 5469 ἀπ’
2508 5414 2758 5477 ἐναντίας
2791 5414 2903 5474 τοῖς
2946 5411 3405 5479 ψευδαποστόλοις
3440 5411 3607 5481 φθεγο

2015 5510 2286 5579 γόμενον;
2326 5509 2392 5560 Οἰ
2448 5506 2547 5578 μὲν
2588 5507 2699 5577 γὰρ
2748 5504 3058 5575 καυχῶνται
3113 5504 3191 5569 ὡς
3223 5505 3353 5576 παρ’
3394 5501 3605 5556 ἑαυτῶν

2017 5599 2366 5671 εἰσφέροντές
2414 5615 2467 5651 τι
2506 5599 2585 5661 εἰς
2625 5597 2688 5650 τὸ
2726 5597 3007 5667 κήρυγμα,
3043 5587 3198 5660 οὗτος
3238 5594 3296 5648 δὲ
3325 5592 3415 5647 διὰ
3445 5590 3606 5647 τοῦτό

2019 5708 2152 5764 φησι
2183 5689 2516 5762 καυχᾶσθαι,
2560 5688 2747 5756 ἐπειδὴ
2790 5687 2944 5741 οὐδὲν
2987 5685 3151 5742 αὐτοῦ
3203 5702 3368 5757 φησιν
3422 5677 3600 5738 εἶναι·

2086 5916 2106 5946 ε
2135 5912 2393 5978 Legebamr
2421 5914 2445 5961 ὁ
2467 5913 2615 5973 ἥλιος,
2649 5908 2862 5972 Exempl.
2902 5905 3082 5962 Grauis
3102 5901 3487 5959 rcclmnamibus.
