4068 6486
513 489 617 546 499

506 629 599 667 nos
619 613 671 666 in
696 611 894 666 Christo
915 607 951 664 J
955 626 1060 675 esu,
1085 618 1128 662 et
1151 607 1336 662 bonum
1357 608 1562 662 odorem
1584 607 1775 663 uotitiw
1799 625 1905 663 sua:
1931 607 2097 661 mani-

505 708 655 775 festat
678 719 766 773 per
782 717 872 756 nos
893 701 945 754 in
965 701 1103 755 omni
1129 701 1259 754 loco.
1283 700 1490 754 Etenim
1515 714 1582 754 ne
1607 709 1877 770 tamquam
1905 700 2094 768 lugens

505 794 621 850 lucc
637 793 919 863 deplorare
939 791 1200 857 videatur,
1223 793 1420 862 gratias
1449 791 1557 846 Deo
1581 792 1707 860 agit.
1733 790 1888 858 Quod
1911 801 2090 845 autem

502 889 610 952 ait,
659 884 800 939 hunc
851 898 1069 938 sensum
1124 883 1552 954 habet:nbique
1599 881 1840 949 afﬂictio,
1895 882 2092 951 ubique

503 976 745 1030 anxietas
771 993 784 1029 :
809 976 929 1030 veni
962 976 1013 1030 in
1041 976 1242 1040 Asiam,
1272 984 1522 1045 gravatus
1561 989 1680 1029 sum
1723 988 1883 1044 supra
1911 975 2087 1029 vires:

501 1068 623 1122 veni
671 1068 935 1123 Troadem
959 1111 973 1135 ,
1005 1068 1225 1123 fratrem
1259 1085 1365 1124 non
1396 1067 1572 1123 inveni
1603 1084 1618 1122 :
1647 1066 1713 1121 ad
1745 1082 1840 1123 vos
1870 1083 1974 1122 non
2007 1082 2092 1122 ve-

501 1161 553 1214 ni
581 1176 596 1224 ;
627 1159 727 1214 hoc
756 1175 971 1230 quoque
998 1175 1104 1215 non
1138 1176 1351 1230 parvam
1373 1202 1388 1227 ,
1439 1160 1548 1214 imo
1597 1173 1850 1229 perquam
1898 1159 2087 1229 ingen-

1574 487 1642 545 ῙΝ
1681 486 1898 545 EPlST.
1942 484 1984 540 ll
2050 481 2143 537 AD
2184 482 2342 543 COR.
2385 491 2616 551 llOMlL.
2664 497 2728 554 V.

2205 613 2402 677 trapzca
2428 652 2442 675 ,
2477 619 2585 664 tmn
2617 613 2799 669 odoris
2830 617 3149 676 suavitatem
3179 622 3512 692 exploratam
3540 627 3788 696 haberet;

2198 700 2390 767 partim
2415 705 2574 758 etiam
2620 715 2675 760 ut
2711 722 2804 762 eos
2829 709 2896 764 ad
2935 726 3123 770 omnes
3167 716 3489 775 altlictiones
3517 731 3572 776 et
3609 732 3785 778 tenta-

2199 790 2373 847 tiones
2401 792 2523 848 l'orti
2551 798 2732 853 animo
2760 803 3106 870 perferendas
3136 808 3512 866 cohortaretur
3544 830 3558 868 :
3585 814 3788 885 quippe

2196 901 2316 941 cum
2345 890 2504 944 etiam
2555 902 2679 949 ante
2721 897 2936 953 cmleste
2967 902 3252 969 praemium
3284 904 3508 973 gloriam
3536 907 3785 978 perciper-

2195 992 2347 1049 rent,
2394 1000 2513 1056 quae
2539 988 2702 1043 nullis
2741 993 2920 1046 verbis
2964 995 3215 1064 ex'plicari
3264 1008 3465 1067 posset.
3515 1001 3599 1054 15.
3647 999 3786 1066 Quia

2194 1071 2384 1129 Christi
2410 1077 2570 1131 bonus
2594 1081 2722 1134 odor
2751 1099 2926 1138 sumus
2956 1083 3067 1140 Deo
3099 1087 3150 1140 in
3179 1089 3240 1142 iis
3271 1090 3358 1158 qui
3381 1091 3508 1143 salvi
3534 1091 3695 1159 ﬁunt,
3741 1101 3791 1146 et

2193 1167 2245 1220 in
2290 1168 2353 1221 iis
2391 1170 2479 1238 qui
2522 1182 2752 1240 pereunt.
2799 1172 2924 1230 Sive
2971 1177 3115 1232 enim
3159 1178 3280 1248 quis
3304 1181 3544 1234 salutem
3589 1195 3786 1236 conse-

501 1262 608 1308 tem
642 1255 948 1309 mmstitiam
975 1254 1102 1308 mihi
1135 1254 1328 1309 attulit.
1363 1253 1607 1324 llludque
1646 1261 1910 1324 pratterea
1945 1251 2088 1322 quod
2191 1268 2406 1328 quatur,
2437 1263 2638 1332 inquit,
2667 1265 2782 1321 sive
2810 1276 3023 1336 pereat,
3059 1271 3336 1340 evangelio
3363 1287 3581 1342 semper
3609 1273 3782 1327 virtus

500 1345 650 1400 multi
669 1345 806 1415 apud
827 1359 921 1400 vos
943 1347 1304 1417 peccaverint,
1325 1361 1496 1417 eaque
1519 1345 1671 1413 mihi,
1693 1361 1790 1401 cur
1810 1361 1906 1401 vos
1932 1345 2089 1400 mini-

497 1452 586 1493 me
606 1437 855 1502 viderim,
879 1453 1040 1492 causa
1064 1437 1252 1494 fuerit:
1283 1437 1506 1491 Parcens
1530 1438 1671 1492 enim
1693 1438 1829 1491 vobis
1852 1456 1952 1492 non
1974 1439 2088 1492 veni

495 1528 795 1584 Corinthum
825 1529 924 1601 (2.
958 1529 1077 1584 Cor.
1128 1530 1178 1585 1.
1227 1529 1338 1600 25)
1365 1571 1380 1596 ,
1415 1529 1603 1599 inquit.
1647 1529 1826 1597 Quare
1869 1545 1938 1584 ne
1971 1529 2086 1584 11100

495 1634 592 1690 per
633 1619 1058 1689 deplorationem
1099 1619 1281 1675 dicere
1331 1619 1650 1686 videretur,
1695 1618 1922 1675 subdit:
1967 1617 2082 1672 Non

496 1711 658 1767 modo
687 1727 789 1766 non
815 1711 1060 1767 dolemus
1084 1712 1134 1766 in
1158 1711 1306 1767 hisce
1330 1711 1782 1778 tribulationibus,
1807 1710 1899 1767 sed
1921 1711 2083 1765 etiam

494 1803 790 1874 gaudemus
821 1821 837 1856 :
873 1802 1125 1874 quodque
1154 1803 1328 1873 majus
1359 1811 1478 1869 est,
1525 1819 1632 1858 non
1672 1802 1834 1858 modo
1865 1812 2086 1872 propter

493 1893 670 1949 futura
701 1895 948 1965 prinmia,
1002 1895 1096 1950 sed
1137 1893 1297 1950 etiam
1339 1895 1408 1950 ob
1447 1895 1768 1965 praisentia;
1821 1893 2082 1964 siquidem

492 1986 580 2040 hic
627 2000 838 2056 quoque
891 1986 960 2042 ob
1005 2001 1123 2041 eam
1182 2001 1398 2042 causam
1448 1986 1577 2041 clari
1630 1994 1791 2056 atque
1844 1986 2082 2040 illustres

493 2090 699 2130 sumus.
740 2075 1000 2143 Quocirca
1043 2084 1250 2131 tantum
1291 2077 1446 2132 abest
1475 2084 1533 2130 ut
1561 2076 1708 2131 luctu
1740 2075 2037 2131 afﬁciamur
2064 2115 2079 2140 ,

491 2175 550 2220 ut
579 2167 739 2221 etiam
764 2167 1089 2237 triumplmm
1117 2182 1229 2222 rem
1258 2167 1414 2222 istam
1435 2167 1764 2237 appellemus
1785 2207 1800 2232 ,
1831 2174 1991 2236 atque
2013 2165 2084 2220 ob

492 2274 556 2313 ea
578 2275 697 2328 qua:
719 2259 1034 2329 contingunt
1055 2261 1367 2330 gloriemur.
1396 2259 1582 2330 quue
1608 2259 1826 2315 nomine
1847 2257 2081 2325 dicebat,

499 2351 704 2406 Gratias
745 2361 913 2406 autem
957 2351 1102 2420 Deo,
1145 2355 1228 2421 qui
1277 2369 1474 2424 semper
1503 2354 1780 2424 triumphat
1817 2369 1948 2419 nos;
1979 2352 2082 2407 hoc

492 2454 610 2508 est,
651 2445 739 2514 qui
791 2460 890 2500 nos
931 2444 1072 2516 apud
1119 2460 1311 2501 omnes
1353 2445 1664 2516 splendidos
1712 2445 1906 2500 reddit.
1947 2444 2080 2499 Nam

491 2536 634 2607 quod
685 2535 968 2592 dedecoris
1017 2537 1253 2606 speciem
1298 2537 1500 2604 habet,
1548 2537 1800 2592 nimirum
1848 2535 2082 2605 undique

493 2630 639 2701 pelli,
664 2631 766 2685 hoc
783 2645 880 2685 nos
903 2643 1116 2685 summo
1137 2629 1324 2686 honori
1352 2631 1618 2687 ducimus.
1643 2630 1767 2687 Ideo
1788 2647 1894 2686 non
1917 2631 2078 2695 dixit,

491 2721 590 2790 Qui
622 2736 720 2775 nos
744 2722 1067 2791 conSpicuos
1094 2721 1305 2790 reddit,
1337 2723 1430 2778 sed
1452 2765 1466 2790 ,
1504 2723 1608 2790 Qui
1633 2724 1934 2793 triumphat.
1965 2722 2078 2791 Qua

492 2828 622 2868 voce
652 2813 754 2868 hoc
800 2813 999 2868 indicat
1024 2855 1038 2881 ,
1069 2813 1377 2884 bujusmodi
1410 2816 1851 2886 persequutiones
1883 2814 2081 2885 ubique

490 2915 755 2961 terrarum
813 2914 1066 2976 perpetua
1106 2907 1368 2962 adversus
1422 2906 1693 2962 diabolum
1727 2915 1926 2976 tropara
1969 2907 2082 2961 eri-

489 3012 636 3068 gere.
673 2998 873 3054 Deinde
901 3013 1002 3053 una
1045 3013 1167 3054 cum
1206 3013 1307 3064 eo,
1357 3001 1446 3069 qui
1490 2998 1822 3069 triumphat,
1862 3011 2080 3054 causam

491 3091 652 3144 etiam
682 3090 932 3155 atterens,
963 3090 1090 3146 111110
1110 3105 1322 3161 quoque
1346 3089 1608 3147 auditoris
1636 3090 1872 3145 animum
1902 3092 2078 3161 erigit.

489 3179 604 3234 Non
633 3181 807 3248 enim,
834 3181 1045 3252 inquit,
1075 3197 1106 3236 a
1137 3182 1247 3237 Deo
1287 3191 1490 3236 tantum
1521 3182 1572 3235 in
1606 3181 1935 3252 triumphum
1965 3181 2080 3252 agi-

490 3289 632 3338 mur,
662 3273 757 3328 sed
785 3273 948 3329 etiam
978 3262 1031 3328 i'n
1062 3273 1301 3340 Christo,
1334 3273 1436 3330 11οο
1456 3283 1537 3330 est
1561 3283 1781 3346 propter
1806 3273 2080 3329 Christum

489 3381 554 3421 ac
581 3365 1038 3436 prmdicationem.
1085 3365 1218 3421 Nam
1263 3382 1385 3422 cum
1432 3367 1764 3437 triumphare
1807 3380 1940 3436 opus
1970 3365 2079 3420 sit:

490 3457 709 3512 omnino
737 3471 836 3512 nos
862 3472 1077 3528 quoque
1092 3459 1182 3528 qui
1209 3469 1468 3529 tropaeum
1491 3457 1733 3528 ferimus,
1763 3456 2082 3526 conspicuos

491 3571 610 3612 esse
637 3571 861 3612 necesse
888 3564 991 3624 est,
1021 3556 1455 3628 quandoquidem
1485 3556 1658 3627 ipsum
1686 3563 1982 3626 gestamus;
2012 3553 2082 3609 ob

493 3651 652 3722 idque
679 3650 810 3705 clari
840 3665 903 3704 ac
926 3649 1170 3706 celebres
1193 3663 1400 3705 sumus.
1439 3648 1509 3702 Et
1535 3648 1741 3702 odorem
1763 3646 1957 3701 notitia:
1974 3661 2082 3700 sua

493 3744 780 3813 manifestat
807 3759 899 3814 per
927 3760 1019 3798 nos
1045 3743 1100 3797 in
1129 3743 1266 3797 omni
1292 3742 1425 3796 loco.

562 3835 618 3888 2.
667 3834 923 3904 Superius
968 3834 1137 3900 dixit,
1196 3833 1411 3903 Semper
1464 3831 1790 3900 triumphat;
1837 3829 1966 3898 hic,
2016 3829 2083 3886 In

493 3929 631 3981 omni
658 3929 793 3996 loco,
821 3928 1012 3999 inquit,
1044 3926 1174 3983 illud
1200 3926 1450 4003 nimirum
1479 3925 1720 3980 indicans
1739 3965 1752 3989 ,
1783 3939 1882 3980 nec
1904 3925 2080 3978 locum

492 4035 592 4076 nec
624 4029 833 4091 tempus
874 4019 1044 4074 ullum
1076 4035 1197 4075 esse
1223 4060 1240 4087 ,
1287 4017 1429 4089 quod
1459 4032 1562 4072 non
1603 4016 1913 4087 apostolicis
1958 4031 2081 4071 cer-

492 4112 781 4166 taminibus
824 4111 1102 4181 impletum
1132 4111 1220 4166 sit.
1269 4112 1445 4181 Atque
1473 4109 1643 4165 altera
1679 4123 1866 4164 rursus
1907 4117 2080 4162 meta-

491 4201 659 4272 phora
690 4204 888 4269 utitur,
919 4216 949 4255 a
978 4201 1128 4257 suavi
1157 4201 1325 4258 odore
1351 4201 1530 4257 ducta.
1583 4200 1656 4257 Ut
1685 4201 1827 4256 enim
1858 4201 1946 4272 qui
1976 4217 2080 4254 un-

492 4309 746 4368 guentum
775 4309 986 4371 gestant
1011 4341 1025 4366 ,
1077 4299 1290 4370 inquit,
1335 4299 1412 4354 sic
1441 4299 1648 4355 cunctis
1677 4297 1777 4368 ipsi
1806 4296 2082 4367 conSpicui

493 4408 717 4460 sumus;
756 4395 1049 4464 pretiosum
1078 4402 1406 4465 unguentum
1456 4392 1550 4448 Dei
1591 4391 1956 4462 cognitionem
1985 4405 2083 4444 vo-

493 4499 643 4537 cans.
697 4484 805 4539 Nec
850 4486 1018 4551 dixit,
1069 4484 1324 4540 Notitiam
1352 4525 1368 4550 ,
1415 4483 1508 4539 sed
1535 4524 1552 4550 ,
1601 4482 1824 4537 Odorem
1866 4482 2079 4536 notities.

495 4574 773 4644 Ejusmodi
803 4576 944 4630 enim
971 4586 1053 4632 est
1080 4591 1317 4647 przeseus
1345 4574 1582 4646 cognitio
1611 4615 1626 4641 ,
1674 4573 1776 4629 hoc
1801 4582 1885 4629 est
1909 4613 1924 4641 ,
1974 4588 2080 4627 non

491 4667 778 4721 admodum
811 4667 1088 4737 perspicua
1113 4677 1167 4723 et
1190 4678 1449 4722 reserata.
1490 4665 1575 4722 0b
1604 4666 1655 4720 id
1685 4675 1794 4720 tum
1823 4666 1874 4719 in
1904 4665 2084 4735 priore

492 4757 717 4827 epistola
746 4757 976 4822 dicebat,
995 4757 1238 4813 Videmus
1264 4774 1398 4811 nunc
1427 4774 1516 4828 per
1539 4757 1804 4827 speculum
1843 4757 1896 4811 in
1923 4757 2085 4826 amig-

490 4859 625 4904 mate
677 4851 764 4921 (1.
803 4849 922 4904 Cor.
955 4851 1046 4906 13.
1079 4849 1220 4921 12);
1251 4857 1412 4920 atque
1456 4849 1543 4904 hic
1570 4847 1794 4904 odorem
1837 4848 1940 4902 hoc
1979 4864 2085 4902 un-

491 4949 743 5009 guentum
771 4951 947 4996 vocat.
995 4941 1165 4996 Porro
1191 4942 1280 5011 qui
1307 4940 1529 4996 odorem
1561 4939 1771 5007 sensit,
1808 4939 1938 4994 illud
1966 4939 2085 5010 qui-

494 5035 613 5090 dem
643 5037 829 5102 novit,
879 5045 1211 5107 unguentum
1262 5035 1458 5090 alicubi
1511 5033 1786 5089 conditum
1819 5048 1979 5101 esse;
2027 5042 2090 5090 at.

493 5127 789 5196 cuiusmodi
817 5136 1024 5183 naturae
1049 5168 1064 5194 ,
1099 5142 1205 5182 non
1238 5127 1362 5182 item
1388 5169 1402 5193 ,
1435 5128 1538 5182 nisi
1567 5127 1716 5198 prius
1761 5126 1814 5181 id
1860 5141 2085 5198 perspe-

492 5226 637 5274 ctum
682 5220 950 5277 habuerit.
995 5221 1200 5276 Eodem
1231 5235 1328 5275 nos
1372 5235 1585 5291 quoque
1627 5220 1790 5275 modo
1841 5220 1984 5292 quod
2017 5220 2090 5275 sit

491 5309 633 5367 Deus
655 5354 670 5380 ,
701 5313 937 5380 scimus;
970 5313 1226 5384 quidnam
1255 5319 1435 5368 autem
1464 5319 1650 5367 natura
1677 5314 1768 5379 sit,
1797 5327 1904 5367 non
1934 5312 2082 5366 item.

492 5399 676 5473 Itaque
703 5413 974 5474 tamquam
1003 5404 1335 5460 thuribulum
1365 5405 1572 5474 regium
1599 5419 1784 5459 sumus
1805 5447 1822 5474 ,
1871 5405 2088 5460 cadesle

489 5505 870 5567 unguentum,
929 5513 993 5552 ac
1037 5498 1374 5568 spiritualem
1430 5497 1816 5568 fragrantiam,
1872 5514 2088 5570 quoquo

490 5589 731 5658 gentium
757 5604 1047 5658 pergamus
1071 5631 1086 5656 ,
1115 5590 1442 5645 redolentes.
1477 5589 1603 5644 llaec
1630 5599 1806 5644 autem
1836 5589 2049 5645 dicebat
2069 5629 2084 5655 ,

493 5683 687 5753 partim
709 5691 766 5736 ut
782 5683 1104 5753 evangelicae
1121 5683 1513 5753 praedicationis
1534 5683 1639 5740 vim
1654 5682 2051 5739 demonstraret
2072 5699 2086 5739 :

492 5788 688 5842 nempe
711 5774 853 5844 quod
883 5789 978 5844 per
1017 5787 1147 5837 eos,
1194 5788 1224 5828 a
1275 5774 1467 5844 quibus
1508 5774 1718 5829 insidia:
1764 5775 1893 5844 ipsis
1929 5789 2086 5845 para-

493 5875 700 5931 rentur,
741 5867 909 5936 magis
931 5866 1222 5930 elucercnt,
1248 5865 1374 5918 dum
1404 5865 1654 5920 videlicet
1678 5881 1864 5920 eorum
1896 5882 2082 5936 perse-

493 5967 752 6024 quutorcs
781 5957 881 6014 hoc
904 5957 1162 6028 facerent,
1194 5964 1250 6012 ut
1278 5956 1558 6012 universus
1585 5957 1730 6014 orbis
1758 5967 2082 6041 tumcorum

2111 5932 2162 5956 41.

2192 1363 2287 1404 sua
2309 1361 2540 1408 constat.
2567 1355 2635 1409 Et
2656 1356 2793 1411 sicut
2811 1358 2912 1423 Sol,
2944 1358 3069 1414 licet
3091 1359 3315 1416 infirmis
3341 1363 3511 1417 oculis
3535 1363 3785 1419 tenebras

2191 1440 2465 1510 oll'undat,
2517 1445 2696 1502 lumen
2733 1457 2909 1503 tamen
2936 1459 3053 1517 est;
3088 1465 3151 1506 ac
3180 1452 3285 1507 mel
3308 1494 3323 1517 ,
3369 1454 3577 1508 etiamsi
3607 1469 3782 1524 azgro-

2193 1533 2260 1587 tis
2287 1548 2528 1589 amarum
2561 1537 2666 1603 sit,
2700 1550 2888 1609 suapte
2917 1549 3095 1598 tamen
3125 1553 3316 1598 natura
3348 1544 3505 1599 dulce
3536 1554 3652 1608 est;
3697 1546 3779 1600 sic

2191 1626 2526 1695 evangelium
2553 1629 2702 1683 suavi
2734 1630 2900 1686 odore
2928 1633 3210 1702 prmditum
3241 1642 3325 1690 est
3350 1677 3364 1701 ,
3397 1636 3612 1691 etiamsi
3657 1637 3782 1705 qui-

2190 1713 2312 1770 dam
2344 1731 2448 1771 non
2479 1719 2758 1777 credentes
2789 1732 3036 1792 pereant.
3081 1723 3266 1796 Neque
3296 1727 3442 1781 enim
3471 1727 3604 1782 illud
3630 1725 3785 1782 exitii

2190 1823 2348 1863 causa
2375 1820 2456 1865 est
2478 1852 2495 1878 ,
2523 1813 2617 1868 sed
2645 1828 2829 1870 eorum
2859 1818 3199 1886 perversitas.
3243 1817 3380 1885 Quin
3417 1819 3541 1874 hinc
3568 1833 3786 1889 quoque

2189 1901 2272 1955 vel
2305 1902 2536 1958 maxime
2563 1906 2730 1974 ipsius
2758 1909 2992 1963 suavitas
3021 1909 3316 1979 percipitur
3335 1951 3351 1978 ,
3383 1909 3525 1980 quod
3552 1910 3641 1980 qui
3670 1909 3778 1963 imo

2189 1992 2339 2062 probi
2373 2009 2436 2049 ae
2479 1998 2718 2066 corrupti
2763 2007 2924 2066 sunt,
2970 2008 3215 2069 pereant.
3277 2002 3355 2056 Ac
3405 2001 3630 2072 proinde
3674 2016 3783 2056 non

2189 2083 2350 2139 modo
2380 2101 2477 2156 per
2504 2087 2768 2143 bonorum
2817 2090 3046 2146 salutem
3069 2132 3085 2158 ,
3136 2091 3231 2147 sed
3263 2094 3425 2147 etiam
3459 2107 3554 2161 per
3584 2093 3785 2161 impro-

2189 2176 2380 2234 borum
2404 2179 2680 2236 interitum
2713 2183 2881 2252 ipsius
2903 2184 3072 2240 virtus
3092 2184 3418 2239 declaratur.
3451 2184 3582 2240 Nam
3604 2194 3655 2239 et
3677 2185 3783 2250 sol,

2187 2269 2308 2340 quia
2340 2285 2600 2341 perquam
2630 2273 2806 2328 clarus
2845 2283 2962 2342 est,
3003 2291 3064 2331 ea
3089 2290 3150 2330 re
3180 2275 3516 2346 potissimum
3546 2274 3788 2329 inﬁrmo-

2189 2376 2308 2416 rum
2338 2364 2525 2420 oculos
2573 2367 2887 2438 perstringit
2931 2383 2946 2420 :
2996 2383 3060 2423 ac
3104 2368 3352 2424 Salvator
3393 2368 3444 2421 in
3479 2368 3780 2422 multorum

2187 2455 2398 2510 ruinam
2443 2467 2498 2512 et
2542 2461 2997 2514 resurrectionem
3046 2469 3162 2528 est,
3210 2469 3265 2516 et
3316 2469 3493 2515 tamen
3536 2460 3784 2516 Salvator

2189 2560 2371 2606 manet
2395 2593 2408 2616 ,
2436 2553 2681 2623 quamvis
2705 2553 2971 2608 innumeri
2999 2552 3193 2608 cadant
3216 2571 3229 2607 :
3264 2564 3423 2623 atque
3445 2553 3615 2622 ipsius
3641 2568 3783 2622 pne-

2186 2645 2357 2699 seutia
2389 2646 2606 2715 gravius
2627 2647 2779 2716 punit
2801 2661 2893 2701 eos
2917 2650 3006 2716 qui
3030 2661 3135 2701 non
3158 2647 3550 2716 obsequuntur,
3573 2655 3781 2698 lamen-

2187 2751 2292 2805 qne
2325 2736 2574 2792 salutaris
2604 2747 2803 2792 manet.
2831 2737 2956 2793 Ideo
2979 2737 3176 2793 Paulus
3201 2739 3296 2804 ait,
3330 2736 3438 2791 Deo
3466 2736 3628 2790 bonus
3650 2735 3781 2789 odor

2187 2843 2404 2892 sumus;
2433 2826 2535 2883 hoc
2565 2836 2669 2894 est,
2699 2828 2957 2895 Quamvis
2988 2829 3230 2883 nonnulli
3265 2837 3527 2898 pereant,
3563 2826 3780 2882 interim

2188 2926 2364 2972 tamen
2399 2917 2450 2971 id
2473 2933 2595 2973 esse
2627 2929 2952 2989 perstamus,
2986 2918 3130 2989 quod
3158 2933 3364 2973 sumus.
3397 2917 3508 2973 Nec
3533 2916 3784 2972 absolute

2188 3010 2360 3076 dixit,
2391 3009 2566 3064 Bonus
2591 3011 2718 3065 odor
2747 3029 2920 3065 sumus
2945 3052 2962 3078 ,
2995 3010 3089 3066 sed
3116 3052 3132 3076 ,
3166 3009 3295 3064 Deo.
3323 3011 3490 3066 Porro
3518 3025 3639 3066 cum
3669 3010 3784 3065 Deo

2188 3103 2359 3158 bonus
2385 3101 2518 3156 odor
2546 3102 2716 3157 simus
2737 3144 2752 3169 ,
2792 3113 2952 3173 atque
2981 3103 3070 3157 ille
3102 3101 3216 3156 lucc
3246 3102 3455 3157 calculo
3496 3114 3594 3155 suo
3623 3115 3780 3155 eom-

2188 3195 2400 3265 probet,
2419 3195 2538 3265 quis
2557 3194 2665 3265 jam
2686 3195 3056 3250 contradicat?
3083 3194 3223 3262 Quin
3250 3193 3367 3248 haec
3387 3191 3573 3260 verba,
3598 3191 3784 3246 Christi

2189 3287 2350 3341 bonus
2377 3288 2504 3341 odor
2529 3303 2704 3342 sumus
2731 3329 2746 3353 ,
2779 3285 2910 3340 mihi
2939 3285 3138 3357 duplici
3177 3284 3338 3339 modo
3380 3284 3576 3354 exponi
3623 3297 3784 3353 posse

2189 3377 2437 3433 videntur
2472 3396 2485 3433 :
2514 3386 2606 3432 aut
2632 3377 2774 3432 enim
2807 3377 2912 3432 11οο
2956 3378 3065 3440 ait,
3097 3376 3240 3447 quod
3270 3375 3479 3446 seipsos
3508 3375 3782 3430 victimam

2188 3471 2444 3526 oll'errent
2465 3513 2480 3538 ,
2512 3471 2640 3526 dum
2662 3480 2888 3526 mortem
2912 3479 3264 3541 oppeterent;
3295 3478 3386 3524 aut
3412 3512 3427 3534 ,
3461 3469 3604 3537 quod
3635 3469 3784 3523 necis

2187 3562 2387 3624 Christi
2417 3563 2592 3619 bonus
2620 3561 2756 3617 odor
2784 3562 2954 3616 simus
2980 3579 2992 3614 :
3029 3560 3252 3631 perinde
3283 3575 3346 3615 ac
3375 3560 3418 3614 si
3452 3560 3572 3630 quis
3599 3559 3778 3624 dicat,

2189 3655 2420 3726 Hujusce
2447 3655 2681 3709 victimte
2729 3654 2903 3708 bonus
2950 3653 3087 3708 odor
3134 3661 3217 3709 est
3263 3653 3349 3707 hic
3380 3651 3618 3707 sufﬁtus.
3673 3653 3782 3706 Aut

2188 3746 2350 3818 igitur
2393 3746 2496 3801 11οο
2525 3747 2791 3817 signiﬁcat
2835 3746 2964 3801 boni
2995 3745 3180 3801 odoris
3221 3744 3542 3799 vocabulum
3570 3784 3586 3808 ,
3645 3753 3733 3798 aut
3758 3785 3780 3810 ,

2189 3837 2329 3907 quod
2351 3847 2476 3892 ante
2503 3836 2634 3905 dixi,
2662 3836 2803 3907 quod
2835 3836 3072 3906 quotidie
3093 3835 3290 3892 Christi
3329 3849 3489 3891 causa
3538 3843 3783 3890 macten-

2190 3939 2295 3986 tur.
2327 3930 2491 3986 Vides
2529 3945 2636 4000 quo
2692 3929 3016 3984 teutaliones
3063 3928 3538 3995 subvexerit,cnm
3596 3928 3779 3982 trium-

2188 4022 2353 4093 phum
2382 4035 2474 4077 eas
2501 4062 2516 4088 ,
2561 4030 2617 4076 et
2646 4019 2868 4076 odorem
2895 4060 2910 4086 ,
2944 4019 3290 4089 oblatumque
3321 4019 3432 4074 Deo
3462 4017 3783 4073 sacriﬁcium

2189 4114 2467 4183 appellat?
2495 4113 2698 4168 Deinde
2729 4121 3008 4182 postquam
3036 4111 3174 4166 dixit
3194 4151 3208 4176 ,
3243 4110 3418 4166 Bonus
3448 4110 3577 4165 odor
3605 4127 3781 4165 sumus

2187 4205 2241 4260 in
2270 4205 2332 4259 iis
2360 4205 2446 4275 qui
2473 4217 2681 4275 pereunt
2704 4220 2724 4268 ;
2753 4219 2821 4258 ne
2848 4202 2951 4257 hoc
2975 4202 3251 4257 existimes
3280 4202 3401 4257 illos
3431 4217 3643 4273 quoque
3668 4201 3780 4256 Deo

2187 4307 2370 4368 gratos
2396 4305 2452 4352 et
2477 4305 2727 4366 acceptos
2752 4310 2907 4361 esse,
2941 4294 3216 4365 subjunxit
3249 4311 3264 4350 :
3302 4292 3389 4348 16.
3422 4293 3549 4347 Aliis
3577 4291 3781 4364 quidem

2189 4391 2316 4444 odor
2343 4390 2520 4445 mortis
2545 4390 2598 4442 in
2628 4397 2860 4454 mortem,
2891 4388 3007 4442 aliis
3033 4397 3201 4441 autem
3229 4387 3356 4441 odor
3381 4389 3500 4440 vita:
3518 4387 3570 4440 in
3601 4386 3779 4442 vitam.

2190 4482 2339 4536 lianc
2367 4481 2510 4536 enim
2540 4480 2881 4551 fragrantiam
2904 4479 3119 4549 quidam
3149 4479 3220 4532 ita
3248 4478 3548 4548 suscipiunt
3569 4484 3625 4530 ut
3645 4476 3777 4531 salvi

2191 4573 2359 4640 ﬁant;
2393 4571 2610 4643 quidam
2659 4584 2848 4626 rursus
2874 4569 2968 4636 ita,
3000 4577 3059 4624 ut
3087 4577 3331 4640 pereant.
3364 4567 3545 4637 Itaque
3570 4566 3782 4622 etiamsi

2190 4673 2378 4737 pereat
2406 4664 2598 4732 aliquis
2624 4705 2639 4731 ,
2693 4663 2807 4732 ipse
2835 4664 2888 4717 in
2934 4662 3088 4732 culpa
3121 4669 3226 4717 est.
3269 4660 3401 4714 Nam
3433 4669 3488 4714 et
3518 4672 3643 4714 sues
3675 4675 3778 4713 un-

2190 4769 2391 4831 guento
2420 4757 2669 4814 sull‘ocari
2703 4757 2995 4823 dicuntur;
3028 4765 3083 4810 et
3111 4756 3290 4810 lumen
3318 4795 3332 4818 ,
3367 4762 3428 4808 ut
3456 4761 3614 4806 antea
3646 4751 3782 4817 dixi,

2192 4851 2421 4906 infirmis
2450 4849 2621 4906 oculis
2660 4848 2912 4904 tenebras
2958 4847 3205 4903 oﬂ'undit.
3247 4848 3424 4916 Atque
3471 4844 3782 4916 hujnsmodi

2191 4943 2457 4999 bonorum
2485 4953 2673 4997 natura
2718 4951 2833 5008 est,
2883 4949 2943 4996 ut
2971 4955 3077 5004 non
3108 4954 3171 4995 ea
3203 4947 3444 5004 tantum,
3493 4953 3613 5006 quae
3657 4936 3802 5004 ipsis.

2192 5037 2477 5093 familiaria
2505 5044 2650 5100 sunt,
2681 5042 2893 5100 sanent,
2923 5033 3018 5088 sed
3040 5032 3200 5089 etiam
3225 5032 3493 5086 contraria
3520 5027 3782 5098 perdant:

2193 5129 2422 5199 hincque
2450 5127 2681 5182 maxime
2711 5125 2786 5180 vis
2817 5139 3004 5180 eorum
3035 5123 3362 5178 declaratur.
3405 5118 3685 5190 Siquidem
3733 5127 3790 5172 et

2192 5223 2368 5292 ignis,
2414 5236 2522 5276 non
2554 5220 2727 5275 solum
2755 5233 2876 5273 cum
2928 5217 3233 5279 illuminat,
3275 5222 3368 5268 aut
3413 5227 3539 5268 cum
3591 5225 3784 5265 aurum

2193 5322 2425 5384 purgat,
2457 5312 2552 5379 sed
2581 5312 2742 5365 etiam
2773 5324 2895 5364 cum
2937 5308 3120 5376 Spinas
3151 5304 3429 5372 absumit,
3479 5303 3588 5358 vim
3633 5315 3785 5356 suam

2196 5408 2431 5464 maxime
2461 5406 2701 5471 indicat,
2753 5413 2915 5474 atque
2959 5401 3062 5457 hac
3090 5401 3301 5455 ratione
3333 5400 3508 5469 ignem
3556 5412 3615 5452 se
3667 5408 3788 5451 esse

2196 5501 2546 5555 demonstrat.
2589 5497 2793 5551 Eodem
2825 5494 2985 5550 modo
3009 5492 3252 5547 Christus
3282 5492 3408 5545 111110
3433 5503 3647 5561 quoque
3672 5502 3787 5542 ma-

2193 5591 2406 5662 jestatis
2431 5605 2542 5644 sum
2565 5589 2835 5658 specimen
2863 5585 2993 5649 edit,
3025 5599 3147 5638 cum
3173 5583 3284 5638 oris
3313 5581 3395 5636 sui
3416 5581 3604 5651 spiritu
3636 5577 3787 5632 Auti-

2198 5685 2460 5740 christum
2489 5681 2744 5753 Opprimit
2763 5722 2776 5746 ,
2808 5694 2870 5734 ac
2900 5694 2996 5749 per
3022 5678 3312 5733 adventum
3346 5673 3648 5746 praesentia:
3674 5684 3786 5724 sua:

2199 5775 2268 5832 de
2297 5774 2476 5830 medio
2524 5773 2682 5826 tollit.
2729 5768 2797 5826 Et
2839 5770 2907 5822 ad
2939 5769 3046 5822 luce
3071 5772 3184 5838 quis
3212 5764 3473 5819 idoneus?
3517 5761 3785 5828 Quoniam

2201 5866 2482 5939 magniﬁce
2504 5866 2760 5935 loquutus
2790 5871 2911 5918 erat
2941 5863 3126 5917 dicens
3152 5902 3166 5924 ,
3198 5858 3396 5914 Christi
3426 5855 3786 5921 sacriﬁcium,

2205 5977 2306 6042 ac,
2358 5959 2535 6015 Bonus
2581 5956 2714 6017 odor
2742 5970 2962 6024 sumus,
3014 5963 3206 6029 atque,
3254 5950 3462 6024 Ubique
3491 5946 3782 6020 triun‘ipha-
