4068 6470
352 453 410 506 δι
1042 444 1101 501 s.
1137 438 1413 501 JOANNIS
1447 438 1918 496 CHRYSOSTOMI
1956 437 2271 495 ARCHIEP.
2311 438 2827 499 consummet:

314 580 438 619 mus
462 608 477 632 ,
510 581 693 621 rursus
723 560 1083 619 moderatione
1126 557 1331 621 utitur,
1384 554 1493 609 Deo
1536 563 1726 608 cuncta
1769 552 1903 606 assi-

318 672 508 726 gnans,
532 657 601 710 ob
628 655 786 724 idque
807 654 900 719 ait,
919 650 981 704 Et
1002 649 1069 703 ad
1090 649 1199 703 [nec
1218 646 1330 717 quis
1353 646 1565 700 idoneus
1584 646 1608 697 ἰ)
1630 643 1738 699 lloc
1757 644 1902 699 enim

318 757 492 803 totum
522 748 716 803 Christi
743 756 822 800 est
842 782 862 810 ,
896 742 1067 813 inquit
1102 759 1114 794 :
1142 738 1274 795 nihil
1301 748 1386 794 est
1410 737 1551 809 quod
1577 739 1733 793 nobis
1753 752 1904 793 arro-

317 856 526 912 gemus.
576 839 763 894 Vidcn'
807 834 1079 907 quomodo
1121 847 1281 890 secus
1305 846 1465 903 quam
1498 830 1901 902 psendapostoli

316 932 609 1004 loquatur?
640 930 849 986 Etenim
881 930 952 985 illi
981 927 1370 999 gloriabantur,
1405 924 1628 995 perinde
1656 939 1719 979 ac
1749 925 1793 979 si
1834 925 1903 980 ad

318 1023 750 1092 praedicationem
776 1019 980 1090 aliquid
1013 1034 1078 1072 ex
1107 1033 1166 1074 se
1187 1017 1479 1084 afferrent;
1514 1015 1603 1071 hic
1631 1024 1811 1071 autem
1838 1031 1903 1070 eo

320 1117 538 1170 nomine
567 1129 624 1169 se
655 1114 873 1184 gloriari
901 1114 978 1167 ait
1004 1121 1032 1177 ,‘
1053 1110 1195 1182 quod
1223 1109 1355 1166 nihil
1385 1110 1556 1179 ipsius
1582 1109 1651 1163 sit
1680 1125 1693 1161 :
1725 1107 1904 1162 Gloria

316 1208 458 1263 enim
489 1215 661 1260 nostra
693 1205 801 1261 [nec
831 1214 905 1259 est
929 1247 943 1271 ,
976 1205 1182 1274 inquit,
1214 1201 1557 1258 testimonium
1582 1201 1905 1255 conscientia:

315 1305 521 1364 nostra,
553 1297 791 1362 quoniam
824 1313 924 1350 non
950 1296 1006 1349 in
1030 1294 1280 1365 sapientia
1304 1290 1521 1359 carnali,
1545 1291 1635 1345 sed
1655 1292 1707 1344 in
1737 1291 1903 1362 gratia

318 1388 411 1443 Dei
439 1389 720 1444 conversati
748 1404 922 1442 sumus
955 1388 1007 1441 in
1052 1386 1239 1440 mundo
1267 1384 1354 1455 (2.
1390 1381 1508 1439 Cor.
1562 1383 1609 1437 Ι.
1661 1383 1772 1454 12).
1821 1381 1904 1437 Ob

314 1478 468 1549 cujus
493 1479 610 1545 rei,
644 1478 743 1533 hoc
770 1487 853 1534 est
876 1487 1115 1533 externa:
1143 1475 1425 1546 sapientiae
1456 1515 1471 1539 ,
1503 1472 1850 1544 adeptionem
1884 1513 1900 1540 ,

313 1570 648 1641 gloriandum
674 1570 776 1624 sibi
805 1568 880 1624 illi
911 1567 1314 1630 existimabant,
1339 1564 1406 1620 de
1427 1564 1587 1634 hujus
1613 1564 1692 1619 rei
1722 1563 1901 1619 subla-

318 1664 463 1718 tione
491 1662 578 1717 hic
604 1662 866 1733 gloriatur
895 1676 909 1715 :
945 1660 1087 1716 unde
1110 1661 1271 1715 etiam
1304 1658 1408 1714 hoc
1442 1659 1563 1715 loco
1592 1659 1705 1724 ait,
1739 1655 1806 1709 Et
1832 1656 1899 1709 ad

316 1759 424 1809 hare
450 1755 562 1825 quis
603 1753 859 1808 idoneus?
904 1751 1060 1820 Quod
1100 1752 1145 1808 si
1194 1752 1415 1806 minime
1446 1750 1627 1806 idonei
1675 1764 1859 1804 sumus
1885 1788 1900 1811 ,

316 1845 502 1914 gratias
536 1844 778 1915 profecto
809 1844 861 1899 id
891 1853 974 1899 est
1014 1843 1156 1914 quod
1184 1843 1409 1912 geritur.
1461 1844 1550 1897 i7.
1601 1840 1723 1895 Non
1770 1841 1903 1894 enim

318 1924 491 1990 smnus
517 1937 646 1990 sicut
673 1935 853 2008 reliqui
879 1933 1226 1990 adulterantes
1257 1935 1463 1989 verbum
1495 1933 1612 1988 Dei.

386 2030 433 2083 5.
463 2028 594 2083 Nam
620 2028 720 2083 etsi
749 2042 937 2098 magna
962 2026 1204 2097 quredam
1236 2026 1525 2096 loquimur,
1559 2034 1736 2079 tamen
1762 2022 1895 2077 nihil

319 2129 504 2175 nostra
530 2134 694 2191 opera
718 2130 867 2174 recte
898 2118 1096 2173 factum
1146 2117 1332 2184 fuisse,
1364 2116 1458 2171 sed
1499 2116 1676 2171 omnia
1702 2113 1903 2168 Christi

316 2230 438 2271 esse
468 2214 739 2269 diximus:
766 2228 940 2282 neque
985 2212 1129 2267 enim
1178 2208 1626 2281 pseudapostolos
1670 2206 1904 2262 imitabi-

316 2323 456 2373 mur,
488 2307 578 2377 qui
605 2306 859 2378 pleraque
884 2320 978 2360 sua
1006 2320 1125 2360 esse
1153 2304 1353 2358 dicunt.
1386 2304 1498 2357 lloc
1517 2302 1658 2358 enim
1682 2310 1906 2356 estcau-

317 2400 528 2473 ponari,
558 2415 678 2455 cum
706 2401 826 2470 quis
852 2400 1032 2454 vinum
1061 2396 1360 2462 adulterat;
1393 2411 1513 2452 cum
1544 2395 1663 2466 quis
1682 2394 1904 2464 pecunia

319 2494 370 2548 id
404 2492 606 2558 vendit,
637 2492 779 2562 quod
801 2493 967 2563 gratis
994 2490 1120 2545 dare
1155 2488 1406 2545 debebat.
1444 2488 1554 2542 lloc
1593 2489 1736 2541 enim
1785 2485 1905 2539 loco

317 2594 372 2640 et
400 2584 465 2639 de
482 2593 689 2654 quaestu
719 2598 813 2638 eos
841 2582 1207 2657 perstringere
1239 2581 1471 2648 videtur,
1511 2587 1565 2635 et
1593 2593 1800 2642 rursus,
1852 2574 1941 2632 id‘

316 2678 461 2749 quod
490 2677 621 2743 dixi,
652 2677 1016 2743 subindicare,
1077 2689 1271 2745 nempe
1316 2671 1458 2744 quod
1490 2687 1583 2727 sua
1616 2671 1689 2725 illi
1712 2669 1907 2724 divinis

319 2770 676 2825 admisceant.
710 2769 824 2838 Qua
856 2768 924 2824 de
954 2783 1016 2822 re
1043 2767 1207 2822 lsaias
1234 2766 1395 2822 etiam
1426 2763 1736 2827 accusabat,
1766 2761 1905 2818 Cea.

316 2878 473 2933 panes
507 2861 582 2916 tui
610 2861 782 2915 vinum
811 2875 946 2932 aqua
972 2860 1183 2914 miscent
1236 2856 1389 2930 (Isai.
1428 2857 1477 2912 1.
1503 2856 1621 2927 22).
1644 2854 1778 2910 Nam
1806 2853 1906 2909 etsi

318 2956 387 3009 de
412 2954 535 3009 vino
566 2952 672 3009 hoc
698 2952 902 3009 dictum
928 2959 1031 3018 est,
1064 2965 1169 3005 non
1201 2957 1378 3004 tamen
1408 2947 1693 3013 aberrarit,
1716 2945 1808 3017 qui
1839 2945 1906 3001 de

317 3046 559 3102 doctrina
587 3044 693 3100 hoc
721 3059 935 3115 quoque
956 3041 1300 3098 intellexerit.
1332 3042 1403 3095 At
1429 3054 1536 3094 non
1564 3053 1684 3105 nos,
1714 3038 1906 3109 inquit,

316 3135 385 3192 ad
416 3135 557 3190 hunc
591 3135 842 3201 modum;
874 3134 969 3189 sed
995 3133 1173 3204 qualia
1224 3141 1424 3187 nostra;
1466 3129 1590 3185 fidei
1619 3129 1907 3185 commissa

316 3236 465 3295 sunt,
497 3227 623 3282 talia
645 3240 857 3298 quoque
894 3241 957 3282 ea
989 3225 1312 3296 praebemus,
1354 3222 1656 3279 doctrinam
1699 3235 1905 3277 meram

322 3318 707 3390 pr0pinantes:
733 3316 875 3372 unde
903 3315 1199 3385 sultjunxit,
1248 3312 1356 3370 Sed
1374 3330 1440 3369 ea:
1459 3312 1746 3368 sinceritate
1772 3321 1878 3366 tam
1895 3340 1909 3355 ο

318 3428 472 3483 quam
496 3428 563 3466 ea:
586 3410 719 3478 Deo,
747 3426 920 3465 coram
942 3407 1051 3464 Deo
1079 3408 1134 3462 in
1157 3406 1358 3463 Christo
1388 3406 1660 3478 loquimur.
1701 3403 1819 3459 Non
1851 3412 1910 3459 ut

318 3518 416 3560 vos
462 3504 793 3573 decipiamus
822 3501 894 3556 ita
940 3500 1296 3571 prmdieamus
1326 3539 1344 3565 ,
1395 3497 1605 3567 inquit,
1639 3504 1906 3566 tamquam

318 3597 470 3652 vobis
497 3596 857 3667 gratificantes
878 3637 892 3662 ,
924 3602 1014 3649 aut
1047 3603 1314 3664 tamquam
1343 3606 1374 3646 a
1425 3590 1579 3646 nobis
1599 3587 1797 3659 aliquid
1826 3584 1911 3641 af;

320 3691 557 3746 ferentes
595 3698 757 3760 atque
783 3688 1146 3744 admiscentes
1165 3730 1179 3753 ,
1218 3684 1630 3755 scd,Tamquam
1658 3700 1720 3739 ea:
1748 3682 1859 3738 Deo
1888 3701 1908 3749 ;

321 3780 373 3836 id
400 3790 505 3847 est,
530 3795 636 3835 non
669 3780 897 3835 dicimus
926 3794 1024 3834 nos
1042 3777 1243 3848 aliquid
1274 3785 1516 3831 nostrum
1549 3775 1781 3845 elargiri,
1815 3775 1907 3829 sed

318 3874 490 3930 Deum
519 3874 697 3928 omnia
749 3873 964 3928 dedisse
989 3914 1005 3938 ,
1038 3872 1142 3927 hoc
1182 3872 1326 3927 enim
1377 3869 1477 3925 sibi
1509 3869 1622 3924 vult
1647 3867 1800 3936 illud,
1828 3867 1914 3923 Ea:

314 3965 427 4020 Deo
452 3982 472 4032 ,'
500 3974 557 4021 ut
596 3980 703 4020 non
731 3965 1025 4036 gloriemur
1046 3964 1197 4034 quasi
1227 3962 1432 4033 aliquid
1468 3960 1782 4028 habeamus,
1816 3959 1910 4015 sed

320 4059 496 4112 omnia
527 4058 626 4128 ipsi
658 4059 973 4123 referentes,
1003 4053 1071 4109 In
1096 4055 1297 4110 Christo
1323 4053 1612 4124 loquimur;
1654 4065 1760 4105 non
1809 4064 1909 4105 no-

322 4161 436 4209 stra
463 4152 746 4223 sapientia,
774 4151 867 4207 sed
920 4150 1062 4205 illius
1094 4150 1328 4219 potentia
1373 4147 1555 4202 afﬂati.
1593 4145 1693 4213 Qui
1730 4152 1911 4199 autem

281 4245 616 4315 -gloriantur
637 4285 653 4311 ,
705 4260 811 4298 non
836 4243 1071 4298 adhunc
1115 4241 1331 4297 modum
1363 4255 1422 4296 se
1461 4246 1692 4310 gerunt,
1726 4250 1911 4291 verum

325 4336 547 4406 perinde
582 4349 646 4389 ac
669 4337 712 4389 si
747 4334 946 4406 aliquid
974 4349 1003 4387 a
1033 4333 1226 4404 seipsis
1274 4331 1520 4400 atferapt.
1554 4329 1707 4386 Unde
1747 4328 1912 4384 etiam

325 4440 420 4482 eos
448 4427 554 4482 alio
575 4427 695 4481 loco
722 4426 807 4481 his
838 4426 1016 4482 verbis
1058 4425 1329 4489 traducit,
1366 4421 1501 4488 Quid
1547 4422 1681 4476 enim
1711 4419 1865 4473 habes
1895 4459 1911 4485 ,

326 4521 463 4588 quod
490 4537 591 4575 non
617 4519 915 4589 acceperis?
940 4518 1005 4574 Si
1030 4527 1199 4571 autem
1230 4514 1494 4585 accepisti,
1522 4512 1645 4584 quid
1673 4504 1914 4584 gloriaris

328 4615 471 4686 quasi
492 4630 594 4668 non
622 4614 881 4684 acceperis
908 4614 988 4683 (1.
1019 4609 1140 4665 Cor.
1170 4611 1224 4664 4.
1250 4609 1306 4678 7)
1332 4608 1356 4662 ?

406 4704 583 4759 Virtus
638 4705 861 4757 maxima
902 4703 1076 4757 omnia
1100 4700 1209 4754 Deo
1236 4698 1542 4753 adscribere.
1587 4696 1683 4752 Dei
1710 4698 1918 4754 oculum

314 4812 471 4851 nemo
501 4796 652 4867 fugit.
677 4824 751 4836 —-
781 4794 904 4849 Haec
948 4793 1180 4847 maxima
1203 4791 1371 4846 virtus
1419 4800 1500 4845 est
1529 4832 1545 4855 ,
1595 4789 1773 4845 omnia
1808 4789 1917 4844 Deo

312 4887 657 4953 adscribere,
693 4886 828 4942 nihil
871 4901 1027 4941 suum
1049 4899 1170 4940 esse
1191 4884 1411 4951 ducere,
1443 4882 1574 4939 nihil
1604 4882 1790 4954 gloria:
1812 4882 1913 4937 hu-

320 4998 502 5037 mana:
528 4996 690 5038 causa
720 4979 919 5047 facere,
949 4966 1370 5035 sed'secundum
1399 4978 1493 5035 Dei
1525 4980 1856 5035 voluntatem
1893 4996 1908 5034 :

317 5076 417 5131 :hie
441 5074 583 5131 enim
613 5082 696 5129 est
725 5115 738 5139 ,
772 5075 861 5145 qui
886 5073 1007 5128 vitze
1050 5084 1185 5129 acta:
1236 5074 1474 5130 rationes
1502 5082 1789 5129 exacturus
1812 5081 1913 5129 est.

318 5166 483 5224 .Nuuc
510 5181 640 5221 vero
661 5167 738 5221 rei
769 5166 900 5220 ordo
923 5165 1170 5221 inversus
1191 5176 1274 5221 est
1302 5183 1315 5221 :
1345 5176 1504 5236 atque
1522 5166 1670 5221 illum
1699 5165 1914 5234 quidem

320 5264 418 5332 qui
446 5275 547 5330 pro
573 5260 825 5315 tribunali
876 5275 1124 5317 sessurus
1148 5301 1164 5327 ,
1195 5274 1258 5315 ac
1285 5259 1522 5315 rationes
1587 5259 1915 5328 repetiturus

320 5364 435 5419 est,
464 5368 569 5409 non
598 5353 753 5408 valde
779 5353 1067 5410 metuimus
1094 5369 1108 5417 ;
1137 5367 1231 5407 eos
1252 5360 1431 5407 autem
1455 5393 1470 5418 ,
1510 5350 1600 5421 qui
1631 5349 1910 5404 nobiscum

325 5449 552 5504 stabunt
599 5463 662 5503 ac
700 5446 961 5516 judicium
1016 5446 1243 5500 subituri
1289 5455 1444 5511 sunt,
1485 5442 1909 5512 expavescimus.

325 5539 486 5596 Unde
509 5538 665 5609 igitur
696 5540 780 5593 hic
801 5538 1064 5593 morbus?
1095 5536 1234 5591 unde
1260 5535 1313 5589 in
1340 5518 1554 5590 nostras
1583 5534 1790 5589 animas
1823 5533 1914 5586 iu-

325 5633 512 5687 vasit?
539 5630 676 5687 Hinc
695 5632 969 5696 nimirum,
997 5628 1139 5700 quod
1170 5642 1278 5682 non
1301 5626 1517 5681 assidue
1545 5641 1633 5682 res
1660 5626 1779 5680 illas
1803 5623 1920 5679 ani-

330 5738 424 5780 mo
483 5723 821 5787 volutcmus,
862 5721 960 5777 sed
1011 5718 1367 5790 prmsentibus
1424 5717 1567 5772 affixi
1611 5726 1913 5772 teneamur.

329 5815 567 5882 Iliuclit,
586 5824 705 5872 utet
734 5815 786 5870 in
808 5814 1064 5870 exitiosus
1089 5812 1330 5866 actiones
1360 5810 1513 5866 facile
1547 5809 1916 5881 prolabamur,

322 5917 385 5966 et
414 5912 459 5965 sl
480 5907 607 5980 quid
634 5906 761 5966 boni
788 5908 1012 5980 agimus,
1044 5903 1416 5962 ostentationis
1443 5917 1597 5960 causa
1632 5901 1916 5972 faciamus,

3497 444 3601 501 433

2017 562 2177 621 atque
2206 552 2260 606 id
2282 567 2493 624 quoque
2525 555 2574 608 in
2598 555 2983 611 detrimentum
3030 554 3185 611 nobis
3212 555 3386 612 cedat.
3419 556 3599 629 Siquis

2012 641 2134 698 dem
2162 644 2294 699 vidit
2320 644 2548 701 fortasse
2576 647 2842 717 quispiam
2873 646 3156 717 impudicis
3202 648 3377 704 oculis
3404 651 3600 707 mulie-

2014 749 2150 801 rem,
2186 751 2284 791 nec
2313 735 2366 791 id
2396 747 2488 791 aut
2513 738 2708 793 mulier
2727 755 2848 809 qua:
2877 749 3165 809 conspecta
3187 750 3290 807 est,
3319 753 3410 796 aut
3442 744 3476 796 ii
3498 748 3590 814 qui

2013 843 2116 881 una
2160 829 2566 899 gradiebantur,
2595 842 2916 899 senserunt;
2950 849 3137 889 verum
3185 836 3399 892 oculum
3450 838 3598 894 illum

2012 921 2320 991 pervigilem
2349 923 2571 979 minime
2616 925 2769 996 fugit.
2798 926 2930 980 Nam
2955 927 3045 982 ille
3069 928 3217 997 prius
3244 930 3406 984 etiam
3435 946 3596 1000 quam

2014 1025 2293 1081 peccatum
2344 1015 2636 1072 admissum
2687 1028 2872 1086 esset,
2905 1020 3228 1090 impudicam
3281 1023 3514 1077 animam
3545 1033 3600 1078 et

2013 1102 2280 1158 internum
2324 1104 2562 1162 furorem
2591 1117 2645 1162 et
2672 1110 3025 1179 cogitationes
3074 1111 3128 1166 in
3176 1120 3493 1181 tempestate
3537 1129 3600 1169 ac

2011 1194 2244 1261 procella
2301 1211 2423 1251 sese
2462 1200 2850 1255 convolventes
2906 1203 3197 1272 perspexit.
3230 1203 3412 1274 Neque
3453 1206 3597 1260 enim

2012 1287 2237 1342 testibus
2265 1298 2318 1343 et
2344 1291 2669 1360 conjecturis
2696 1292 2786 1347 ille
2815 1307 2952 1364 Opus
2983 1294 3165 1362 habet,
3196 1297 3281 1350 cui
3301 1298 3478 1351 omnia
3506 1312 3598 1352 ex—

2011 1377 2217 1444 plorata
2249 1390 2394 1435 sunt.
2453 1383 2713 1448 Quocirca
2741 1401 2809 1440 ne
2831 1386 3016 1441 oculos
3040 1386 3106 1441 ad
3139 1402 3430 1444 conserves
3477 1398 3598 1445 tuos

2010 1480 2336 1525 convertas:
2389 1487 2511 1527 nam
2559 1475 2767 1531 etiamsi
2811 1475 2973 1532 homo
3018 1477 3220 1546 laudet,
3252 1478 3387 1533 nihil
3419 1488 3597 1536 tamen

2011 1558 2112 1616 hoc
2130 1562 2497 1631 prodest,cum
2515 1566 2657 1622 Deus
2680 1569 3085 1639 non'approbat;
3104 1585 3205 1626 nec
3217 1571 3261 1626 si
3279 1570 3600 1627 condemnet

2010 1651 2192 1720 humo,
2221 1656 2508 1727 quidquam
2527 1657 2652 1715 hinc
2677 1659 2984 1716 detrimenti
3014 1662 3171 1728 redit,
3191 1677 3314 1718 cum
3335 1663 3472 1719 Deus
3489 1678 3598 1719 non

2010 1745 2349 1802 condemnat.
2370 1747 2447 1803 Ne
2463 1750 2561 1805 hac
2586 1765 2802 1821 quoque
2832 1753 3040 1807 ratione
3057 1752 3370 1823 judicemad
3385 1754 3597 1810 iracun-

2009 1835 2149 1892 diam
2162 1840 2547 1906 concites,dum
2559 1856 2937 1898 conservorum
2951 1844 3166 1914 quidem
3184 1859 3425 1915 magnam
3444 1847 3597 1900 ratio-

2010 1946 2131 1985 nem
2141 1933 2633 2005 babes,ipsoautem
2650 1936 3083 2007 indignante,nec
3098 1947 3241 1992 metu
3254 1952 3353 1993 nec
3370 1947 3599 1995 tremore

2010 2023 2256 2082 afficeris.
2286 2026 2463 2094 Quare
2488 2027 2701 2084 laudem
2717 2044 2861 2095 eam,
2887 2044 3007 2098 qua:
3027 2028 3094 2084 ab
3114 2029 3420 2084 hominibus
3437 2031 3599 2100 proti-

2010 2118 2245 2185 ciscitur,
2270 2131 2690 2179 contemnamus.
2714 2122 3004 2193 Quousque
3023 2121 3237 2178 tandem
3266 2122 3401 2179 viles
3426 2131 3480 2178 et
3506 2122 3603 2178 ab-

2012 2208 2136 2277 iecti
2164 2212 2405 2266 erimus?
2433 2227 2712 2284 quousque
2738 2213 2846 2269 Deo
2877 2213 2944 2269 ad
2969 2214 3159 2270 cznlum
3192 2228 3291 2269 nos
3321 2214 3601 2271 attollente

2012 2303 2114 2372 ipsi
2145 2304 2292 2358 humi
2320 2319 2540 2375 serpere
2561 2306 2951 2363 contendamus
2981 2309 3003 2362 ?
3025 2307 3239 2362 Fratres
3268 2307 3495 2378 Josephi
3514 2350 3530 2375 ,
3554 2309 3600 2364 si

2014 2394 2111 2450 Dei
2153 2397 2397 2451 timerent
2430 2406 2552 2452 ante
2598 2399 2788 2454 oculos
2832 2398 3165 2463 habuissent,
3190 2409 3249 2454 ut
3277 2398 3474 2455 habere
3505 2415 3603 2471 par

2011 2497 2148 2555 erat,
2179 2503 2283 2544 non
2313 2499 2527 2558 captum
2552 2492 2605 2546 in
2637 2491 2929 2547 solitudine
2959 2492 3180 2548 fratrem
3204 2493 3601 2553 interemissent

2012 2581 2182 2653 (Gen.
2214 2582 2282 2637 57
2310 2583 2349 2651 ).
2379 2580 2512 2638 Cain
2543 2598 2753 2650 rursus,
2777 2585 2825 2639 si
2854 2586 3175 2640 sententiam
3207 2587 3396 2656 ipsius,
3429 2596 3483 2642 ut
3503 2603 3600 2659 par

2015 2684 2154 2741 erat,
2178 2676 2535 2743 extimuisset,
2565 2692 2671 2731 non
2702 2677 2928 2734 dixisset
2952 2696 2967 2733 ;
3008 2677 3136 2735 Veni
3150 2690 3197 2733 et
3214 2681 3534 2750 egrediantur
3549 2682 3601 2735 in

2012 2782 2190 2837 agrum
2220 2766 2370 2837 (Gen.
2394 2769 2450 2823 4.
2477 2768 2558 2838 8).
2581 2767 2718 2835 Quid
2739 2771 2905 2837 enim,
2934 2785 2966 2824 ο
2996 2771 3161 2826 miser
3183 2780 3237 2826 et
3264 2773 3598 2839 calamitose,

2013 2872 2043 2912 a
2072 2867 2222 2928 patre
2269 2858 2442 2928 ipsum
2489 2860 2746 2916 distrahis
2796 2869 2956 2932 atque
2980 2864 3031 2917 in
3062 2877 3312 2933 campum
3338 2863 3601 2919 abducis?

2014 2965 2192 3006 annon
2234 2951 2376 3009 Deus
2418 2954 2581 3009 etiam
2613 2954 2664 3009 in
2706 2969 2899 3026 campo
2943 2954 3150 3011 facinus
3191 2964 3339 3013 tuum
3379 2956 3603 3014 cernit?

2015 3058 2193 3100 annon
2221 3044 2289 3100 ab
2316 3046 2381 3101 iis
2405 3086 2421 3114 ,
2470 3061 2590 3115 quae
2648 3047 2787 3118 patri
2844 3056 2936 3103 tuo
2975 3047 3311 3116 acciderunt,
3343 3048 3596 3117 didicisti,

2014 3136 2157 3207 quod
2183 3137 2366 3191 omnia
2397 3137 2560 3204 norit,
2591 3146 2752 3209 atque
2774 3138 3023 3194 omnibus
3046 3154 3166 3209 qua:
3188 3139 3324 3194 fiunt
3351 3140 3599 3196 intersit?

2014 3229 2154 3296 Quid
2180 3239 2360 3285 autem
2386 3243 2564 3285 causae
2588 3242 2692 3297 eSt,
2728 3244 2828 3286 cur
2855 3244 2961 3286 non
3002 3229 3069 3285 ad
3108 3246 3233 3287 eum
3261 3231 3439 3287 scelus
3484 3232 3602 3286 inti-

2013 3323 2249 3379 ciantem
2274 3323 2346 3376 ita
2374 3321 2626 3392 loquutus
2650 3322 2743 3387 sit,
2767 3321 2921 3378 Mene
2940 3322 3109 3389 celas,
3140 3325 3229 3393 qui
3259 3323 3455 3394 ubique
3500 3323 3600 3379 ad-

2014 3430 2132 3470 sum
2160 3423 2214 3469 et
2237 3427 2434 3470 arcana
2464 3413 2588 3468 novi
2615 3413 2638 3469 ?
2666 3412 2801 3482 Quia
2831 3413 3072 3469 nondum
3103 3415 3193 3469 ille
3226 3414 3342 3470 haec
3366 3422 3514 3469 recte
3535 3428 3602 3469 ac

2014 3506 2288 3576 sapienter
2327 3506 2609 3575 percipere
2661 3514 2891 3575 poterat.
2944 3505 3083 3574 Quid
3115 3514 3290 3562 autem
3318 3506 3436 3559 ait?
3492 3504 3604 3559 l’ax

2015 3598 2278 3670 sanguinis
2298 3601 2473 3670 fratris
2512 3598 2585 3651 tui
2611 3599 2798 3653 clamat
2826 3598 2895 3652 ad
2920 3616 2998 3654 me
3031 3598 3210 3671 (Ibid.
3239 3616 3286 3653 υ.
3320 3597 3420 3670 10)
3447 3616 3461 3664 ;
3495 3615 3602 3654 uou

2017 3689 2159 3760 quod
2185 3689 2405 3760 sanguis
2454 3704 2643 3744 vocem
2670 3689 2884 3757 habeat,
2915 3690 3009 3745 sed
3041 3689 3231 3745 eodem
3281 3689 3463 3756 modo,
3497 3705 3604 3760 quo

2018 3782 2083 3836 de
2128 3780 2425 3853 perapicuis
2447 3795 2510 3835 ac
2536 3779 2834 3836 manifestis
2868 3781 3054 3836 dicere
3078 3780 3336 3846 solemus,
3365 3779 3473 3835 Res
3498 3780 3606 3836 cla-

2017 3883 2148 3929 mat.
2200 3875 2279 3929 Ac
2298 3872 2525 3943 proinde
2568 3873 2662 3928 Dei
2711 3874 3036 3928 sententiam
3064 3873 3133 3929 ob
3166 3873 3353 3927 oculos
3394 3888 3606 3943 semper

2019 3965 2220 4021 habere
2248 3980 2385 4037 opus
2410 3975 2514 4032 est;
2533 3980 2766 4035 moxque
2792 3965 2968 4019 omnia
2987 3964 3124 4020 mala
3143 3965 3403 4019 exstincta
3426 3974 3601 4019 erunt.

2020 4056 2109 4111 Sic
2137 4056 2190 4111 in
2223 4055 2473 4126 precibus
2501 4070 2715 4126 quoque
2745 4054 3056 4126 vigilantem
3082 4056 3318 4110 animum
3342 4064 3605 4125 prazstare

2020 4160 2325 4217 possumus,
2369 4146 2412 4200 si
2441 4160 2599 4217 quem
2645 4145 2982 4216 alloquamur
3027 4146 3359 4216 cogitemus,
3392 4146 3439 4200 si
3476 4146 3605 4201 illud

2018 4247 2353 4308 reputemus,
2406 4251 2507 4292 nos
2554 4235 2878 4293 sacrificium
2911 4236 3130 4305 offerre,
3190 4238 3530 4308 gladiumque
3553 4239 3605 4294 in

2026 4327 2292 4395 inanibus,
2323 4328 2498 4399 ignem
2531 4342 2595 4383 ac
2623 4327 2767 4399 ligna
2802 4328 3035 4395 habere;
3071 4328 3115 4384 si
3157 4330 3273 4383 cadi
3302 4340 3485 4400 portas
3514 4345 3607 4400 per

2021 4421 2400 4493 cogitationem
2438 4404 2777 4486 reseramus,
2820 4421 2866 4477 si
2917 4422 3042 4477 illuc
3101 4423 3411 4493 migretnus,
3457 4438 3607 4478 acce-

2022 4524 2283 4584 ptumque
2311 4513 2538 4584 Spiritus
2566 4513 2799 4585 gladium
2833 4514 2884 4570 in
2932 4516 3162 4570 victimae
3191 4516 3376 4586 jugulo
3405 4516 3606 4586 defiga—

2030 4622 2152 4662 mus
2175 4649 2191 4673 ,
2223 4606 2433 4678 ipsique
2486 4606 2816 4677 vigilantiam
2869 4607 3228 4672 immolemus,
3260 4623 3323 4661 ac
3349 4608 3610 4680 lacrymas

2022 4696 2379 4753 effundamus.
2404 4697 2503 4752 llic
2533 4699 2676 4753 enim
2709 4697 2866 4769 hujus
2886 4698 3115 4753 victimae
3137 4698 3353 4768 sanguis
3370 4708 3487 4754 est:
3520 4699 3609 4754 tali

2029 4792 2199 4847 altare
2229 4790 2359 4847 illud
2389 4791 2537 4847 cmde
2567 4792 2806 4861 tingitur.
2860 4790 2937 4846 Ne
2964 4791 3125 4862 igitur
3147 4791 3292 4846 sinas
3322 4791 3614 4862 quidquam

2026 4886 2382 4938 humanarum
2439 4882 2825 4953 cogitationum
2850 4882 3083 4938 animam
3114 4893 3258 4939 tuam
3293 4892 3403 4938 tum
3452 4896 3615 4940 occu-

2024 4991 2174 5046 pare.

2095 5069 2151 5125 4.
2175 5068 2377 5125 Subeat
2394 5070 2445 5123 in
2466 5077 2728 5135 mentem,
2754 5067 3137 5135 Abrahamum,
3152 5083 3270 5126 cum
3291 5070 3608 5126 sacrificium

2024 5159 2268 5224 oil'erret,
2298 5175 2405 5214 non
2452 5159 2638 5224 uxori,
2672 5175 2778 5214 non
2802 5175 2979 5227 servo,
3031 5176 3136 5215 non
3164 5162 3254 5216 alii
3280 5162 3525 5232 cuiqnam
3557 5168 3611 5214 ut

2024 5251 2243 5307 adesset
2270 5250 2607 5321 permisisse.
2646 5250 2848 5306 Eodem
2870 5251 3031 5305 modo
3058 5261 3112 5308 tu
3129 5267 3342 5322 quoque
3364 5268 3438 5308 ne
3467 5254 3610 5308 siuas

2025 5356 2082 5399 ut
2110 5343 2320 5400 servilis
2350 5343 2488 5399 ullus
2526 5352 2579 5399 et
2617 5342 2894 5398 illiberalis
2931 5340 3160 5399 ati‘ectus
3186 5343 3277 5399 tibi
3308 5344 3469 5407 adsit,
3518 5344 3609 5401 sed

2029 5436 2176 5491 solus
2201 5436 2255 5490 in
2276 5417 2525 5490 montem.
2574 5434 2827 5501 ascende,
2858 5433 2923 5489 ad
2965 5449 3124 5505 quem
3156 5436 3246 5491 ille
3269 5434 3532 5503 ascendit,
3563 5445 3613 5490 et

2030 5527 2095 5583 ad
2121 5544 2279 5599 quem
2307 5527 2457 5584 nefas
2480 5537 2561 5584 est
2587 5527 2748 5582 alium
2772 5541 3096 5597 quemquam
3119 5526 3428 5586 ascendere.
3460 5524 3612 5593 Quod

2027 5619 2074 5673 si
2096 5636 2217 5691 qua:
2249 5619 2555 5692 hujusmodi
2605 5619 2961 5691 cogitationes
2987 5634 3092 5674 una
3122 5615 3489 5675 conscendere
3517 5632 3612 5672 eo-
3709 5673 3712 5676 .

2027 5725 2250 5781 nentur,
2285 5716 2486 5784 impera
2518 5712 2596 5769 eis
2624 5728 2744 5767 cum
2771 5713 3115 5779 auctoritate,
3147 5727 3208 5767 ac
3228 5709 3316 5766 die
3345 5728 3357 5769 :
3415 5708 3615 5766 Sedete

2026 5807 2132 5872 hic,
2159 5821 2258 5878 ego
2278 5815 2456 5862 autem
2480 5814 2534 5862 et
2562 5805 2723 5874 filius,
2761 5816 3044 5877 postquam
3076 5804 3502 5870 adoraverimus,
3529 5817 3613 5857 re-

2029 5900 2335 5972 vertemur(
2360 5897 2488 5955 Gen.
2520 5897 2610 5955 9.3.
2646 5900 2679 5957 5
2706 5900 2756 5972 ):
2791 5908 2955 5971 atque
2997 5897 3144 5953 asina
3171 5908 3222 5952 ct
3252 5895 3452 5967 pueris,
3480 5903 3536 5952 et
3562 5892 3608 5950 si
