4068 6430
427 460 526 516 ιτει

431 575 495 633 Ἡ
522 573 631 650 γὰρ
657 568 957 643 καύχησις
994 571 1162 642 ἡμῶν
1198 570 1348 639 αὕτη
1388 568 1539 635 ἐστὶ,
1578 569 1642 623 τό
1677 566 2005 638 μαρτύριον

420 670 532 739 τῆς
592 667 1023 734 συνειδήσεως,
1078 664 1166 716 ὅτι
1213 664 1324 717 οὐκ
1370 662 1440 716 ἐν
1488 660 1676 730 σοφίᾳ
1717 654 2003 728 σαρκικῇ,

420 763 561 819 ἀλλ’
584 762 655 815 ἐν
685 758 877 830 χάριτι
906 758 1055 813 Θεοῦ
1088 755 1551 824 ἀνεστράφημεν
1570 754 1641 807 ἐν
1667 751 1747 818 τῷ
1776 752 2001 819 κόσμῳ.

422 848 617 909 Καλοῦ
645 851 744 923 τὴν
784 851 976 923 κτῆσιν
1028 850 1276 919 ἐνόμιζον
1317 849 1515 901 ἐκεῖνοι
1545 842 1682 898 εἶναι
1722 842 2002 914 καύχημα,

422 941 524 1012 τῆς
553 939 745 1010 σοφίας
776 939 921 1008 λέγω
963 938 1066 1009 τῆς
1098 937 1318 1003 ἔξωθεν,
1349 930 1503 998 οὗτος
1546 934 1645 1005 τὴν
1686 933 1968 1006 ἀναίρεσιν
1988 947 2001 962 ·

423 1031 503 1084 διὸ
524 1031 618 1084 καὶ
643 1028 879 1083 ἐνταῦθά
904 1045 1059 1099 φησι,
1092 1027 1204 1083 Καὶ
1240 1027 1389 1096 πρὸς
1420 1027 1608 1083 ταῦτα
1638 1026 1730 1091 τίς
1757 1023 2005 1090 ίκανός;

423 1116 487 1175 EE
513 1121 569 1175 δέ
601 1121 678 1192 μὴ
708 1119 905 1187 ἱκανοὶ,
934 1118 1157 1189 χάριτος
1196 1117 1258 1171 τὸ
1300 1116 1605 1187 γινόμενον.
1653 1118 1735 1170 Οὐ
1766 1112 1877 1184 γάρ
1903 1114 2007 1167 ἐσ-

417 1228 554 1281 μεν,
577 1209 782 1281 ὥσπερ
802 1211 855 1263 οἱ
874 1207 1074 1263 ,λοιποὶ
1094 1208 1542 1278 καπηλεύοντες
1565 1207 1673 1262 τόν
1689 1208 1877 1277 λόγον
1900 1203 2008 1259 τοῦ

428 1302 596 1358 Θεοῦ.

496 1484 565 1550 γ’.
586 1477 649 1535 Et
677 1481 787 1553 γὰρ
815 1481 911 1536 καὶ
939 1481 1150 1553 μεγάλα
1180 1479 1554 1554 φθεγγόμεθα,
1574 1480 1687 1534 ἀλλ’
1705 1478 2011 1551 οῦδένήμέ-

426 1589 584 1644 τερον
622 1573 831 1645 ἔφαμεν
859 1569 1000 1628 εἶναι
1047 1572 1399 1644 κατόρθωμα,
1431 1572 1566 1627 ἀλλά
1594 1572 1662 1625 τὰ
1705 1571 1880 1625 πάντα
1911 1567 2007 1623 τοῦ

427 1660 701 1736 Χριστσῦ⁴
747 1667 869 1721 ούδέ
914 1666 1023 1739 γὰρ
1075 1665 1430 1738 μιμησόμεθα
1470 1666 1596 1729 τοὺς
1638 1661 2010 1734 ψευδαποστό-

427 1752 573 1823 λους,
620 1759 747 1824 τοὺς
789 1759 857 1813 τά
896 1759 1065 1813 πολλά
1104 1759 1284 1814 αὐτῶν
1326 1752 1469 1813 εἶναι
1515 1756 1788 1826 λέγοντας.
1841 1755 2010 1808 Τοῦτο

427 1850 534 1922 γάρ
558 1853 673 1904 ἐστι
700 1851 1063 1923 καπηλεῦσαι,
1086 1852 1214 1906 ὅταν
1244 1869 1327 1915 τις
1348 1851 1544 1925 νοθεύῃ
1571 1850 1660 1905 τὸν
1686 1845 1849 1911 οἶνον,
1880 1850 2010 1903 ὅταν

427 1956 511 2004 τις
537 1941 835 2012 χρημάτων
868 1943 1049 2015 πωλῇ,
1089 1943 1229 2015 ὅπερ
1259 1941 1470 2014 δωρεὰν
1502 1941 1610 1995 ἔδει
1640 1939 1848 1995 δοῦναι.
1894 1939 2013 1992 Ἐν-

426 2032 598 2087 ταῦθα
627 2035 737 2105 γὰρ
759 2035 851 2088 καὶ
883 2038 963 2099 είς
989 2035 1246 2108 χρήματα
1269 2036 1468 2098 αὐτοὺς
1498 2035 1776 2088 σκώπτειν
1810 2049 1900 2104 μοι
1925 2030 2010 2084 δο-

428 2126 533 2189 κεῖ,
585 2125 679 2178 καὶ
709 2126 847 2197 ὅπερ
880 2121 1032 2180 εἷπον
1074 2126 1408 2181 αἰνίττεσθαι
1460 2125 1644 2193 πάλιν,
1671 2118 1802 2189 οἷον,
1829 2124 1910 2177 ὅτι
1943 2121 2013 2176 τά

428 2216 610 2271 αὑτῶν
642 2217 1039 2288 ἀναμιγνύουσι
1064 2220 1179 2283 τοῖς
1208 2218 1374 2283 θείοις
1409 2235 1427 2253 ο
1460 2219 1598 2289 ὅπερ
1649 2216 1745 2271 καὶ
1777 2213 2011 2278 Ἥσαϊας

428 2307 673 2376 ἐγκαλῶν
700 2307 909 2379 ἔλεγεν,
941 2313 1004 2365 Οἱ
1029 2308 1293 2380 κάπηλοι
1320 2326 1438 2366 σου
1467 2311 1762 2381 μίσγουσι
1792 2307 1902 2362 τὸν
1930 2303 2012 2361 οἷ-

426 2414 538 2453 νον
558 2399 749 2454 ὕδατι.
779 2400 843 2454 Εἰ
869 2401 976 2474 γὰρ
1002 2403 1097 2456 καὶ
1131 2401 1260 2473 περὶ
1292 2402 1433 2456 οῐνου
1464 2402 1622 2455 τοῦτο
1649 2401 1884 2473 είρηται,
1914 2400 2013 2452 οὐκ

429 2490 493 2544 ἀν
532 2506 615 2554 τις
647 2491 883 2564 ἁμάρτοι
919 2494 1012 2547 καὶ
1058 2495 1138 2558 είς
1172 2492 1523 2548 διδασκαλίαν
1560 2492 1691 2547 αὐτὸ
1728 2489 2010 2563 ἐκλαμϐά-

430 2599 556 2638 νων.
610 2582 751 2636 Ἀλλ’
789 2584 885 2654 οὐχ
916 2584 1098 2655 ἡμεῖς,
1140 2582 1328 2656 φησιν,
1379 2584 1582 2648 οὕτως’
1627 2583 1743 2637 ἀλλ’
1771 2578 1859 2637 οἷα
1898 2585 2015 2636 ἐπι-

433 2674 756 2746 στεύθημεν,
795 2675 1024 2730 τοιαῦτα
1073 2677 1407 2747 παρέχομεν,
1441 2677 1680 2747 ἄκρατον
1718 2675 2014 2745 κιρνῶντες

432 2765 522 2821 τὸν
537 2767 691 2838 λόγον
714 2785 729 2801 ο
756 2768 836 2822 διὸ
857 2770 1137 2840 ἐπήγαγεν
1163 2787 1177 2801 ·
1221 2770 1384 2824 Ἀλλ’
1412 2771 1493 2835 ὡς
1517 2770 1586 2832 ἐξ
1613 2768 2013 2837 εὶλικρινείας,

431 2858 567 2912 ἀλλ’
597 2858 678 2925 ὡς
695 2860 764 2913 ἐκ
792 2860 960 2927 Θεοῦ,
985 2860 1357 2916 κατενώπιον
1383 2861 1491 2916 τοῦ
1522 2860 1668 2916 Θεοῦ
1691 2861 1763 2916 ἐν
1784 2859 2016 2929 Χριστῷ

433 2951 762 3021 λαλοῦμεν.
791 2953 905 3006 Οὐκ
949 2952 1268 3019 ἀπατῶντες
1304 2954 1472 3025 ὑμᾶς,
1511 2953 1699 3025 φησὶν,
1736 2952 1876 3007 οὓτω
1919 2969 2019 3022 κη·

436 3039 726 3111 ρύττομεν,
756 3035 866 3095 οἷον
895 3040 971 3107 ὡς
1003 3043 1352 3115 χαριζόμενοι
1398 3044 1548 3114 ὑμῖν,
1574 3043 1608 3113 ἦ
1646 3042 1776 3114 παρ’
1810 3043 2018 3097 ἑαυτῶν

435 3146 485 3185 τι
515 3132 860 3204 εἰσφέροντες
888 3131 1040 3206 [469]
1088 3135 1182 3188 καὶ
1228 3133 1646 3204 ἀναμιγνύντες,
1677 3132 1793 3187 ἀλλ’
1832 3133 1925 3198 Ὡς
1951 3132 2020 3186 ἐκ

440 3222 587 3277 Θεοῦ
611 3237 624 3252 ⁸
661 3224 965 3292 τουτέστιν,
992 3227 1067 3279 Οὐ
1113 3224 1345 3296 λέγομεν
1382 3226 1462 3279 ὅτι
1488 3225 1697 3278 οἴκοθέν
1722 3242 1776 3278 τι
1805 3223 2022 3295 χαριζό-

441 3314 599 3387 μεθα,
629 3316 742 3370 ἀλλ’
771 3317 855 3371 ὅτι
895 3317 1073 3371 πάντα
1099 3319 1127 3370 ὁ
1164 3318 1297 3383 Θεὸς
1335 3317 1503 3372 ἔδωκε
1537 3334 1550 3348 ·
1581 3316 1739 3371 τοῦτο
1767 3316 1878 3388 γάρ
1907 3318 2022 3369 ἐστι

436 3406 519 3474 τὸ,
563 3407 658 3461 Ἐκ
683 3408 832 3463 Θεοῦ
862 3426 876 3439 ·
907 3409 970 3462 τὸ
999 3408 1164 3480 μηδὲν
1192 3409 1500 3480 καυχᾶσθαι
1528 3408 1604 3473 ὡς
1628 3408 1756 3462 ἴδιον
1778 3407 2022 3478 ἔχοντας,

439 3499 577 3554 ἀλλά
611 3500 791 3555 πάντα
825 3503 906 3564 είς
939 3500 1102 3555 αὑτὸν
1148 3500 1464 3574 ἀναφέρειν.
1514 3502 1618 3557 Ἐν
1646 3499 1880 3570 Χριστῷ
1918 3503 2026 3555 Ja-

438 3588 697 3660 λοῦμεν·
726 3592 882 3645 οὐδὲν
907 3595 972 3664 τῇ
995 3593 1244 3665 ἡμετέρα
1271 3592 1455 3665 σοφίᾳ,
1480 3590 1615 3645 ἀλλὰ
1630 3595 1698 3663 τῇ
1727 3594 1857 3664 παρ’
1879 3592 2025 3645 ἐκεί-

443 3697 536 3735 νου
592 3681 819 3753 δυνάμει
865 3684 1238 3756 ἐνηχούμενοι.
1299 3685 1363 3738 Οἱ
1418 3684 1477 3739 δὲ
1523 3683 1889 3754 καυχώμενοι,
1929 3683 2029 3753 οὐχ

446 3771 643 3838 οὕτως,
670 3774 783 3827 ἀλλ’
809 3773 884 3839 ῶς
920 3778 1052 3846 παρ’
1082 3777 1290 3829 ἑαυτῶν
1322 3793 1371 3828 τι
1411 3774 1777 3844 είσφέροντες.
1812 3773 1903 3825 Διὸ
1935 3775 2028 3826 καὶ

446 3863 681 3936 ἀλλαχοῦ
708 3868 903 3929 αὐτοὺς
933 3868 1188 3938 κωμῳδεῖ
1219 3868 1411 3936 λέγων,
1445 3867 1505 3920 Τί
1523 3866 1634 3936 γὰρ
1655 3865 1832 3934 ἔχεις,
1861 3864 1893 3919 ὃ
1917 3867 2029 3920 οὐκ

447 3957 692 4025 ἕλαϐεςς
721 3957 792 4017 Et
838 3957 908 4012 δὲ
940 3958 1040 4013 καί
1076 3959 1311 4027 ἔλαϐες,
1360 3961 1419 4013 τί
1454 3957 1780 4029 καυχᾶσαι,
1826 3957 1906 4023 ὡς
1942 3955 2028 4027 μὴ

444 4048 647 4105 λαϐὼν
657 4066 682 4117 ς

518 4229 668 4304 Α’ύτη
706 4232 941 4304 μεγίστη
973 4231 1165 4304 ἀρετὴ,
1204 4230 1266 4286 τὸ
1311 4231 1490 4285 πάντα
1513 4228 1591 4300 τῷ
1628 4228 1747 4300 Θεῷ
1779 4226 2033 4282 ἀνατιθέο

448 4340 559 4390 ναι,
591 4325 654 4378 τὸ
692 4325 859 4398 μηδὲν
888 4326 1088 4380 οἰκεῖον
1114 4320 1253 4378 εἶναι
1297 4323 1561 4395 νομίζειν,
1600 4322 1662 4376 τὸ
1698 4321 1866 4393 μηδὲν
1897 4319 2034 4389 πρὸς

451 4413 753 4486 ἀνθρώπων
797 4417 955 4481 δόξαν
995 4419 1190 4478 ποιεῖν,
1232 4415 1370 4469 ἀλλὰ
1416 4415 1553 4487 πρὸς
1581 4414 1644 4467 τὸ
1681 4413 1759 4483 τῷ
1798 4413 1916 4484 Θεῷ
1957 4412 2037 4465 δο-

453 4501 582 4557 κοῦν
601 4519 615 4533 ο
653 4498 804 4569 οὗτος
834 4505 943 4574 γάρ
983 4506 1130 4558 ἐστιν
1167 4506 1194 4558 ὁ
1219 4503 1319 4568 τὰς
1347 4503 1576 4567 εὐθύνας
1607 4503 1875 4560 ἀπαιτῶν.
1922 4505 2037 4559 Νῦν

452 4595 510 4650 δέ
534 4598 568 4667 ἠ
599 4596 754 4664 τάξις
773 4598 1179 4668 ἀπέστραπται
1198 4613 1210 4626 ·
1237 4598 1331 4651 καὶ
1356 4599 1448 4652 τὸν
1477 4598 1577 4669 μὲν
1598 4597 1692 4651 ἐπὶ
1723 4597 1818 4650 τοῦ
1848 4597 2036 4669 βήμα-

453 4704 544 4751 τος
576 4688 962 4758 καθιούμενον,
1010 4689 1104 4742 καὶ
1148 4688 1246 4753 τάς
1284 4689 1514 4753 εὐθύνας
1562 4688 1937 4759 ἀπαιτήσοντα
1976 4689 2037 4742 οὐ

455 4780 662 4851 σφόδρα
692 4780 1033 4853 δεδοίκαμεν,
1072 4781 1199 4845 τοὺς
1231 4780 1288 4835 δὲ
1325 4781 1445 4853 μεθ’
1483 4781 1640 4852 ἡμῶν
1672 4778 1913 4843 ἑστῶτας
1946 4780 2041 4833 καὶ

454 4874 809 4945 κρινομένους
853 4874 1171 4946 φρίττομεν.
1223 4872 1395 4927 Πόθεν
1450 4868 1606 4942 οὖνὴ
1654 4871 1810 4936 νόσος
1860 4871 2040 4943 aii-cn;

456 4967 619 5022 πόθεν
654 4969 733 5032 είς
751 4967 852 5031 τὰς
882 4968 1162 5039 ἡμετέρας
1196 4965 1513 5038 κατέσκηψε
1542 4964 1755 5035 ψυχάς;
1791 4965 1927 5018 Ἀπὸ
1945 4962 2041 5017 τοῦ

461 5059 536 5131 μὴ
565 5059 826 5129 διηνεκῶς
859 5062 926 5114 τά
957 5062 1074 5113 ἐκεῖ
1108 5060 1440 5131 λογίζεσθαι,
1487 5058 1622 5113 ἀλλὰ
1659 5059 1772 5122 τοῖς
1805 5058 2042 5129 παροῦσι

459 5150 868 5220 προσηλῶσθαι.
914 5150 1196 5204 Ἐντεῦθεν
1229 5151 1324 5203 καὶ
1354 5151 1412 5202 ἐν
1444 5152 1564 5213 ταῖς
1602 5152 1869 5221 πονηραῖς
1898 5150 2043 5221 πρά-

461 5240 575 5307 ξεσι
611 5241 846 5303 εὐκόλως
895 5242 1173 5312 πίπτομεν
1214 5259 1228 5275 ·
1267 5241 1370 5300 κᾶν
1403 5241 1606 5311 ἀγαθόν
1640 5259 1692 5294 τι
1723 5241 2044 5312 πράξωμεν,

460 5332 598 5406 πρὸς
625 5332 884 5397 ἐπίδειξιν
912 5337 1197 5407 ποιοῦμεν,
1236 5337 1377 5392 ὥστε
1413 5333 1707 5390 κάντεῦθεν
1746 5336 1876 5406 ἡμῖν
1904 5336 2048 5403 γίνε-

465 5427 588 5482 σθαι
612 5426 708 5499 τὴν
737 5426 963 5497 ζημίαν.
994 5426 1119 5482 Εἷδε
1138 5428 1271 5498 γοῦν
1291 5445 1374 5493 τις
1396 5427 1719 5491 ἀκολάστοις
1747 5426 2047 5496 ὀφθαλμοῖς

460 5537 589 5575 τινα
615 5519 899 5587 πολλάκις,
935 5521 1029 5573 καὶ
1069 5519 1229 5574 ἔλαθε
1259 5521 1351 5574 καὶ
1388 5519 1487 5592 τὴν
1523 5518 1781 5588 ὀφθεῖσαν
1810 5519 2049 5582 καὶτοὺς

464 5612 896 5684 συμϐαδίζοντας
939 5628 952 5642 ⁸
1011 5610 1148 5666 ἀλλά
1198 5612 1289 5667 τὸν
1344 5612 1644 5683 ἀκοίμητον
1702 5610 1803 5664 οὐκ
1860 5609 2050 5663 ἔλαθεν

464 5704 763 5775 ὀφθαλμόν.
807 5704 1049 5767 Ἐκεῖνος
1094 5703 1205 5774 γὰρ
1240 5705 1335 5759 καὶ
1378 5706 1508 5777 πρὶν
1551 5704 1585 5775 ἢ
1639 5702 1736 5775 τὴν
1778 5704 2051 5775 ἁμαρτίαν
2092 5736 2097 5741 -

467 5796 808 5869 ἐργάσασθαι
837 5840 852 5863 ,
889 5793 997 5852 εἶδε
1024 5797 1124 5867 τὴν
1152 5796 1331 5867 ψυχὴν
1364 5797 1461 5867 τὴν
1485 5796 1807 5862 ἀκόλαστον,
1834 5797 1929 5851 καὶ
1956 5797 2051 5868 τὴν

473 5887 669 5961 μανίαν
700 5887 796 5957 τὴν
828 5888 996 5958 ἔνδον,
1030 5889 1123 5943 καὶ
1160 5887 1287 5950 τοὺς
1325 5887 1621 5959 λογισμοὺς
1665 5889 1791 5953 τοὺς
1834 5906 2051 5960 στρεφο-

1481 448 1548 506 ιΝ
1580 446 1801 506 EPIST.
1840 447 1881 501 ll
1927 440 2016 499 AD
2060 441 2218 500 COR.
2259 446 2500 503 ιιοιιιι..
2534 449 2594 504 ν.

3584 440 3692 494 43?.

2115 564 2310 634 μένους
2336 566 2394 618 ἐν
2426 564 2564 636 ζάλῃ
2588 564 2681 618 καὶ
2719 564 2968 619 κλύδωνι.
3000 560 3132 619 Οὐδὲ
3155 562 3263 633 γὰρ
3287 561 3455 613 δεῖται
3489 554 3694 628 μαρτύ-

2114 672 2223 725 ρων
2254 656 2348 709 καὶ
2373 655 2691 727 τεκμηρίων
2730 657 2758 709 ὁ
2790 657 2972 709 πάντα
3001 653 3179 718 εἰδώς.
3207 654 3299 722 Μὴ
3330 650 3508 703 τοίνυν
3557 645 3696 717 πρὸς

2111 746 2237 810 τοὺς
2268 746 2588 811 συνδούλους
2614 747 2714 818 δρα
2734 764 2748 778 ο
2799 747 2904 800 κᾶν
2940 746 3050 816 γάρ
3078 743 3347 815 ἐπαινέσῃ
3385 740 3691 811 ἄνθρωπος,

2111 834 2263 889 οὐδὲν
2288 834 2502 905 ὄφελος,
2528 837 2658 890 ὅταν
2684 837 2712 889 ὁ
2738 836 2871 900 Θεὸς
2904 836 2978 909 μὴ
3010 834 3337 905 ἀποδέξηται
3358 847 3370 860 ⁸
3405 832 3506 885 κᾶν
3528 845 3693 882 κατα-

2112 926 2226 998 γνῷ
2255 927 2558 998 ἄνθρωπος,
2591 929 2744 982 οὐδὲν
2783 928 2998 999 βλάϐος,
3040 928 3168 981 ὅταν
3198 927 3226 979 ὁ
3250 924 3384 986 Θεὸς
3417 922 3492 992 μὴ
3531 934 3688 973 κατα-

2117 1019 2253 1092 γνῷ.
2288 1019 2381 1093 Μὴ
2423 1021 2488 1093 δὴ
2519 1020 2688 1093 ταύτῃ
2719 1019 2993 1093 παρόξυνε
3025 1020 3116 1073 τὸν
3144 1016 3422 1087 δικαστὴν,
3447 1015 3556 1067 τῶν
3595 1011 3695 1082 μὲν

2116 1109 2416 1165 συνδούλων
2442 1110 2610 1165 πολὺν
2642 1109 2966 1181 ποιούμενος
3003 1109 3180 1178 λόγον,
3214 1106 3379 1160 αὑτοῦ
3408 1105 3463 1158 δέ
3493 1105 3698 1172 ἀγανα-

2117 1201 2377 1266 κτοῦντος
2398 1203 2459 1255 οὐ
2482 1200 2734 1266 δεδοικὼς
2774 1202 2866 1255 καὶ
2908 1202 3148 1272 τρέμων.
3183 1196 3699 1268 Καταφρονήσωμεν

2114 1295 2294 1349 τοίνυν
2322 1294 2418 1350 τοῦ
2454 1297 2585 1367 παρ’
2611 1295 2917 1366 ἀνθρώπων
2954 1293 3201 1348 ἐπαίνου.
3242 1292 3420 1362 Μέχρι
3453 1290 3581 1342 πότε
3611 1289 3702 1339 εύ-

2114 1387 2290 1451 τελεῖς
2326 1388 2420 1442 καὶ
2449 1387 2814 1459 χαμαίζηλοι;
2859 1387 3022 1459 μέχρι
3063 1385 3216 1449 πότε,
3250 1383 3345 1437 τοῦ
3394 1382 3528 1436 Θεοῦ
3565 1382 3700 1452 πρὸς

2115 1481 2208 1536 τὸν
2239 1480 2466 1551 οὐρανὸν
2501 1482 2649 1551 ἡμᾶς
2696 1479 2964 1552 αἴροντος,
3023 1477 3179 1532 αὐτοὶ
3226 1474 3401 1548 χαμαὶ
3441 1474 3700 1545 σύρεσθαι

2116 1572 2570 1644 ἐσπουδάκαμεν;
2617 1573 2678 1626 Ol
2718 1571 2816 1625 τοῦ
2865 1569 3063 1641 Ἰωσὴφ
3104 1567 3345 1637 ἀδελφοὶ,
3391 1567 3448 1618 εί,
3475 1565 3568 1618 τὸν
3606 1564 3699 1618 τοῦ

2115 1661 2251 1716 Θεοῦ
2275 1663 2438 1732 φόϐον
2465 1665 2573 1735 πρὸ
2610 1662 2905 1733 ὀφθαλμῶν
2952 1658 3116 1732 εἶχον,
3158 1659 3234 1724 ὡς
3280 1658 3422 1729 ἔχειν
3461 1657 3561 1721 δεῖ,
3601 1655 3701 1708 οὐκ

2116 1753 2183 1807 ἂν
2213 1753 2299 1806 ἐπ’
2327 1754 2565 1824 ἐρημίας
2588 1754 2680 1807 τὸν
2718 1753 2945 1823 ἀδελφὸν
2981 1752 3237 1815 λαϐόντες
3258 1750 3605 1804 ἀπέκτειναν.
3644 1746 3701 1800 'U

2116 1845 2259 1899 Κάῖν
2290 1844 2451 1897 πάλιν
2484 1846 2533 1897 εί
2584 1844 2688 1915 τὴν
2725 1844 2906 1915 ψῆφον
2955 1844 3167 1898 ἐκείνου
3206 1841 3480 1901 ἐδεδοίκει,
3516 1838 3591 1902 ὡς
3619 1836 3705 1891 δε-

2119 1937 2354 1990 δοικέναι
2382 1936 2510 2002 ἔδει,
2555 1936 2656 1989 οὐκ
2695 1934 2761 1989 ἂν
2806 1932 2949 2000 εἷπε,
2993 1934 3194 2002 Δεῦρο,
3228 1933 3327 1986 καὶ
3370 1930 3707 1999 ἐξέλθωμεν

2118 2030 2206 2094 είς
2235 2028 2302 2081 τὸ
2338 2027 2572 2081 πεδίον.
2606 2026 2671 2079 Τί
2698 2026 2828 2098 γὰρ,
2863 2018 2908 2078 ὧ
2939 2024 3079 2079 δειλέ
3111 2025 3205 2077 καὶ
3231 2022 3571 2091 ταλαίπωρε,
3599 2036 3707 2087 χω-

2122 2120 2293 2193 ρίζεις
2330 2120 2493 2175 αὐτὸν
2523 2117 2619 2173 τοῦ
2653 2117 3045 2189 γεγεννηκότος
3075 2115 3170 2170 καὶ
3212 2115 3292 2178 είς
3341 2112 3577 2185 ἐρημίαν
3614 2107 3704 2173 ἐξ-

2120 2214 2274 2281 ἀγεις
2298 2228 2313 2278 ;
2360 2211 2435 2283 μὴ
2484 2211 2593 2283 γὰρ
2626 2212 2656 2265 ὁ
2690 2209 2825 2273 Θεὸς
2853 2209 2951 2280 οὐχ
2979 2210 3081 2281 ὁρᾷ
3110 2210 3205 2261 καὶ
3243 2206 3300 2259 ἐν
3332 2202 3410 2274 τῷ
3449 2199 3616 2270 πεδίῳ
3645 2197 3705 2251 τὸ

2094 2303 2413 2375 ,τόλμημα;
2459 2303 2568 2358 ἀπὸ
2619 2302 2727 2356 τῶν
2770 2301 2852 2373 τῷ
2891 2300 3062 2370 πατρί
3113 2314 3208 2351 σου
3279 2291 3705 2366 συμϐεϐηκότων

2118 2399 2219 2451 οὐκ
2251 2395 2598 2467 ἐπαιδεύθης,
2646 2395 2727 2449 ὅτι
2784 2394 2965 2448 πάντα
3001 2388 3133 2456 οἵδε,
3172 2389 3267 2443 καὶ¹
3309 2388 3441 2439 πᾶσι
3475 2384 3705 2454 πάρεστι

2120 2491 2232 2555 τοῖς
2268 2488 2606 2560 γινομένοις;
2662 2487 2775 2542 Καὶ
2816 2488 2964 2548 τίνος
3009 2483 3198 2537 ἕνεκεν
3249 2480 3350 2534 οῦκ
3384 2472 3504 2530 εἷπε
3547 2472 3707 2527 τοῦτο

2122 2580 2260 2652 πρὸς
2296 2580 2457 2635 αὐτὸν
2500 2579 2530 2632 ὁ
2576 2578 2708 2642 Θεὸς
2749 2576 3099 2648 ἀρνούμενον·
3140 2572 3268 2642 Ἐμέ
3318 2567 3579 2641 κρύπτεις
3615 2563 3706 2616 τὸν

2124 2670 2401 2743 πανταχοῦ
2433 2670 2696 2743 παρόντα,
2738 2668 2833 2723 καὶ
2877 2666 2945 2720 τὰ
2984 2665 3272 2736 ἀπόρρητα
3311 2658 3704 2727 ἐπιστάμενονῖ

2127 2763 2249 2816 ’Ότι
2296 2760 2449 2815 οὔπω
2491 2759 2665 2814 ταῦτα
2733 2758 3044 2829 φιλοσοφεῖν
3092 2754 3299 2815 ἐκεῖνος
3335 2750 3449 2822 ᾔδει
3502 2745 3704 2808 καλῶς.

2136 2854 2299 2913 Ἀλλά
2323 2853 2378 2908 τί
2408 2870 2575 2925 φησι;
2614 2851 2788 2920 Φωνὴ
2837 2850 3088 2920 αἵματος
3138 2843 3248 2900 τοῦ
3297 2838 3564 2910 ἀδελφοῦ
3591 2852 3709 2892 σου

2120 2945 2243 3014 ,βοᾷ
2288 2946 2438 3015 πρός
2475 2960 2585 3015 με’
2642 2944 2741 3013 οὐχ
2788 2941 2863 3004 ὡς
2907 2939 3003 2993 τοῦ
3051 2938 3279 3009 αἵματος
3326 2930 3474 3006 [HO]
3525 2927 3710 2999 φωνὴν

2127 3039 2360 3111 ἔχοντος,
2390 3037 2505 3092 ἀλλ’
2531 3038 2667 3108 ὅπερ
2694 3037 2853 3107 ἡμεῖς
2876 3033 3128 3104 λέγομεν,
3156 3026 3314 3084 ὅτιτὸ
3334 3026 3564 3096 πρᾶγμα
3592 3020 3710 3091 βοᾷ,

2127 3131 2353 3187 ἐπὶτῶν
2394 3131 2570 3202 δήλων
2612 3128 2706 3183 καὶ
2752 3124 2962 3195 σαφῶν.
3012 3123 3104 3176 Διὸ
3156 3120 3221 3191 δὴ
3263 3119 3361 3189 τὴν
3404 3116 3584 3185 ψῆφον
3618 3111 3712 3163 τοῦ

2129 3222 2266 3277 Θεοῦ
2296 3221 2403 3294 πρὸ
2425 3218 2721 3291 ὀφθαλμῶν
2743 3215 2887 3286 ἔχειν
2919 3214 3028 3275 δεῖ,
3073 3211 3169 3264 καὶ
3204 3208 3385 3261 πάντα
3433 3204 3714 3294 σϐέννυται

2130 3315 2198 3369 τά
2234 3292 2403 3368 δεινά.
2446 3311 2602 3365 Οὕτω
2634 3308 2728 3363 καὶ
2766 3310 2825 3360 ἐν
2855 3307 3041 3376 εὐχαῖς
3088 3304 3281 3373 νήφειν
3313 3295 3612 3367 δυνάμεθα,
3650 3292 3716 3345 ἂν

2132 3408 2474 3478 ἐννοήσωμεν
2506 3402 2611 3457 τίνι
2676 3396 3037 3468 διαλεγόμεθα
3067 3434 3081 3461 ,
3144 3392 3211 3446 ἀν
3268 3381 3717 3478 ἀναλογισώμεθα

2132 3497 2215 3551 ὅτι
2274 3471 2487 3548 ’θυσίαν
2571 3489 2922 3562 προσάγομεν
2962 3526 2977 3552 ,
3040 3483 3135 3538 καὶ
3209 3480 3483 3552 μάχαιραν
3577 3471 3718 3543 μετά

2134 3592 2324 3661 χεῖρας
2387 3586 2604 3656 ἔχομεν,
2638 3582 2733 3636 καὶ
2793 3578 2904 3651 πῦρ
2959 3579 3054 3632 καὶ
3109 3574 3242 3642 ξύλα
3268 3614 3284 3639 ,
3323 3571 3407 3661 ,ἂν
3446 3564 3722 3661 ἀνα-πετά-

2136 3695 2319 3750 σωμεν
2381 3675 2475 3730 τοῦ
2532 3671 2765 3743 οὐρανοῦ
2818 3670 2916 3731 τὰς
2965 3665 3140 3728 πύλας
3181 3662 3260 3733 τῷ
3320 3653 3597 3727 λογισμῷ,
3653 3652 3720 3705 ἂν

2140 3748 2500 3842 μεταστῶμεν
2569 3765 2686 3818 ἐκεῖ
2720 3802 2736 3828 ,
2792 3761 2888 3815 καὶ
2945 3757 3202 3819 λαϐόντες
3276 3753 3377 3825 τὴν
3428 3748 3722 3842 ,μάχαιραν

2135 3835 2230 3918 τοῦ
2283 3835 2600 3931 Πνεῦματος
2660 3854 2995 3925 ἐμπήξωμεν
3060 3851 3139 3912 είς
3198 3844 3289 3899 τὸν
3355 3841 3450 3896 τοῦ
3519 3835 3720 3931 ἱερείου

2140 3954 2337 4025 λαιμὸν
2372 3993 2388 4019 ,
2435 3929 2555 4006 καὶ
2584 3946 2984 4015 καταθύσωμεν
3038 3938 3187 4008 αὐτῷ
3233 3935 3394 4005 νῆψιν
3427 3973 3443 3999 ,
3498 3930 3590 3983 καὶ
3615 3929 3724 4025 ,ἐκ-

2142 4013 2384 4118 κτέωμεν,
2422 4039 2573 4111 αὐτῷ
2630 4013 2893 4107 δάκρυα(
2949 4030 3204 4086 Τοιοῦτον
3266 4026 3375 4096 γὰρ
3444 4021 3505 4076 τὸ
3580 4013 3725 4118 αἷμα

2142 4136 2238 4191 τοῦ
2307 4133 2504 4206 ἱερείου
2581 4131 2770 4184 τούτου
2823 4144 2836 4159 ο
2912 4124 3135 4194 τοιαύτῃ
3210 4120 3272 4173 τὸ
3342 4113 3728 4183 θυσιαστήριον

2143 4232 2318 4283 ἐκεῖνο
2360 4204 2715 4297 φοινίσσεται
2793 4220 3000 4289 σφαγῇ.
3080 4213 3264 4285 Μηδὲν
3339 4208 3518 4262 τοίνυν
3580 4204 3729 4297 ἀφῇς

2144 4324 2251 4378 τῶν
2289 4294 2646 4393 ἀνθρωπίνων
2694 4310 2975 4383 λογισμῶν
3011 4306 3266 4377 κατέχειν
3300 4319 3390 4356 σου
3415 4300 3513 4373 τὴν
3544 4294 3726 4369 ψυχὴν

2142 4417 2283 4471 τότε.

2218 4595 2283 4650 δ’.
2317 4591 2601 4663 Ἐννόησον
2621 4590 2706 4642 ὅτι
2728 4586 2821 4640 καὶ
2849 4587 2876 4638 ὁ
2909 4580 3162 4653 Ἀϐραὰμ
3182 4576 3371 4630 θυσίαν
3398 4571 3634 4639 ἀνάγων,
3670 4568 3731 4623 οὐ

2149 4690 2404 4759 γυναῖκα,
2444 4685 2502 4737 οὐ
2529 4681 2737 4746 δοῦλον,
2765 4680 2865 4732 οὐκ
2894 4675 3051 4729 ἀλλον
3085 4670 3206 4725 τινὰ
3235 4670 3413 4738 ἀφῆκε
3456 4667 3729 4759 παρεῖναι.

2149 4755 2243 4852 Μὴ
2272 4779 2450 4834 τοίνυν
2492 4775 2628 4848 μηδέ
2679 4772 2743 4825 σὺ
2791 4770 2899 4823 τῶν
2928 4764 3187 4821 δουλικῶν
3222 4761 3318 4816 καὶ
3365 4755 3734 4826 ἀνελευθέρων

2151 4848 2340 4927 παθῶν
2384 4870 2528 4939 ἀφῇς
2557 4866 2680 4920 τινα
2719 4879 2803 4915 σοι
2835 4863 3124 4931 παρεῖναι·
3159 4855 3270 4909 ἀλλ’
3313 4849 3546 4919 ἀνάϐηθι
3577 4848 3743 4917 μόνος

2151 4967 2231 5028 είς
2254 4963 2318 5017 τὸ
2348 4962 2492 5035 ὅρος,
2525 4957 2654 5012 ἔνθα
2683 4957 2889 5017 ἐκεῖνος
2915 4949 3109 5019 ἀνέϐη,
3142 4946 3269 5001 ἔνθα
3290 4944 3555 5011 ἀναϐῆναι
3579 4940 3743 5035 θέμις

2152 5057 2344 5112 οὐδένα
2371 5032 2579 5124 ἕτερον.
2607 5049 2725 5104 Κᾶν
2758 5042 3079 5115 ἐπιχειρῶσι
3130 5035 3544 5092 συναναϐαίνειν
3593 5032 3738 5094 τινές

2152 5148 2263 5203 τῶν
2287 5122 2543 5200 τοιούτων
2571 5136 2815 5196 ἐννοιῶν,
2841 5132 3098 5198 ἐπίταξον
3116 5130 3305 5191 αὑταῖς
3329 5124 3445 5196 μετ’
3464 5122 3739 5188 ἐξουσίας,

2155 5242 2251 5297 καὶ
2283 5238 2425 5304 εἰπὲ,
2473 5233 2750 5288 Καθίσατε
2798 5227 2984 5292 αὐτοῦ,
3041 5222 3152 5292 ἐγὼ
3179 5223 3236 5276 δὲ
3284 5222 3379 5272 καὶ
3415 5218 3477 5271 τὸ
3524 5214 3739 5269 παιδίον

2157 5330 2636 5405 προσκυνήσαντες
2661 5317 3074 5390 ὑποστρέψομεν
3090 5330 3105 5344 ·
3125 5313 3219 5367 καὶ
3247 5310 3345 5383 τὴν
3363 5309 3485 5362 δνον
3507 5306 3741 5368 καὶτοὺς

2157 5394 2354 5485 παῖδας
2392 5419 2553 5489 ἀφεὶς
2583 5416 2756 5477 κάτω,
2791 5414 2885 5466 καὶ
2909 5411 2960 5462 εί
2985 5426 3036 5460 τι
3070 5408 3263 5473 ἄλογον
3286 5403 3379 5456 καὶ
3407 5399 3633 5469 ἀνόητον
3652 5413 3665 5426 ’
3689 5394 3745 5448 εἴ

2156 5537 2209 5573 τι
2230 5515 2469 5584 λογικὸν,
2495 5508 2676 5564 λαϐὼν
2693 5506 2949 5575 ἀνάϐηθι,
2986 5502 3176 5572 ῶσπερ
3197 5500 3402 5559 ἐκεῖνος
3420 5494 3512 5546 τὸν
3528 5490 3741 5546 Ἰσαάκ.

2159 5614 2269 5670 Καὶ
2291 5611 2352 5663 τὸ
2381 5605 2770 5675 θυσιαστήριον
2808 5599 3164 5668 οἰκοδόμησον
3204 5592 3377 5656 οῦτως
3409 5591 3483 5652 ὡς
3510 5587 3743 5648 ἐκεῖνος,

2160 5705 2234 5766 ὡς
2269 5699 2435 5771 μηδὲν
2466 5697 2603 5767 ἔχων
2627 5690 2988 5760 ἀνθρώπινον,
3023 5684 3136 5739 ἀλλ’
3162 5683 3266 5749 ἔξω
3289 5683 3388 5750 τῆς
3414 5677 3628 5745 φύσεως
3644 5689 3741 5741 γε·-

2160 5762 2418 5867 νό-μενος·
2449 5762 2569 5844 ἐπεὶ
2604 5788 2700 5841 καὶ
2733 5787 2958 5846 ἐκεῖιος,
2992 5783 3039 5833 εἰ
3066 5780 3139 5850 μὴ
3167 5775 3270 5839 ἔξω
3289 5774 3387 5842 τῆς
3418 5771 3631 5867 φύσεως
3650 5762 3742 5867 ᾖν,

2164 5858 2263 5947 οὐκ
2293 5886 2359 5941 ἂν
2398 5884 2487 5938 τὸν
2543 5879 2704 5934 παῖδα
2743 5870 3067 5943 κατέσφαξε.
3104 5867 3215 5922 Καὶ
3263 5865 3428 5936 μηδὲν
3458 5858 3743 5930 ἐνοχλεῖτα-
