4068 6478
335 454 443 510 435

342 583 427 619 σοι
455 568 599 632 τότε,
627 566 741 621 ἀλλ’
768 563 948 621 αὐτῶν
974 563 1125 633 γίνου
1156 564 1264 619 τῶν
1289 564 1532 636 οὐρανῶν
1562 563 1916 635 ὑψηλότεροςο

343 660 602 725 στέναξον
633 656 848 727 πικρὸν,
875 655 1179 710 κατάθυσον
1199 654 1588 726 ἐξομολόγησιν
1611 670 1624 684 ·
1649 654 1795 726 Λέγε
1813 655 1920 726 γάρ

341 752 424 806 σὺ
445 752 553 819 τὰς
577 750 826 818 ἀνομίας
846 763 962 803 σου
978 746 1227 815 πρῶτος,
1255 748 1441 819 φησὶν,
1460 748 1560 801 ἵνα
1580 745 1915 815 δικαιωθῇς-τ

342 840 649 896 κατάθυσον
676 839 968 912 συντριϐὴν
1011 840 1260 911 καρδίας.
1295 838 1483 894 Ταῦτα
1513 839 1580 893 τὰ
1609 842 1784 911 ἱερεῖα
1820 839 1919 891 οὐκ

342 934 422 995 είς
447 932 650 1003 τέφραν
687 931 937 1002 τελευτᾷ,
972 931 1095 985 ούδέ
1130 932 1211 994 είς
1238 929 1447 983 καπνὸν
1476 929 1774 993 διαλύεται,
1797 928 1917 983 ούδέ

341 1016 514 1082 ξύλων
542 1017 713 1070 δεῖται
738 1019 832 1071 καὶ⁵
867 1019 1058 1089 πυρὸς,
1103 1018 1238 1072 ἀλλά
1281 1018 1764 1090 κατανενυγμένης
1805 1018 1919 1073 δια-

339 1109 488 1171 νοίας
524 1109 692 1179 μόνης
711 1127 725 1139 ο
760 1109 920 1164 τοῦτο
944 1109 1099 1177 ξύλα,
1130 1110 1288 1164 τοῦτο
1318 1111 1429 1182 πῦρ
1461 1113 1615 1164 καῖον
1643 1109 1804 1174 αὐτὰ,
1824 1111 1919 1164 καὶ

338 1198 400 1249 οὐ
435 1200 756 1252 κατακαῖον.
814 1198 873 1252 '0
902 1199 1009 1270 γὰρ
1050 1197 1187 1269 μετά
1226 1199 1562 1270 θερμότητος
1600 1198 1916 1270 εὐχόμενος,

341 1288 577 1353 καίεται,
620 1290 714 1345 καὶ
763 1291 824 1345 ού
856 1292 1244 1357 κατακαίεται,
1293 1290 1410 1345 ἀλλ’
1466 1291 1654 1363 ὥσπερ
1695 1290 1918 1362 χρυσίον

340 1381 472 1450 περὶ
505 1380 948 1454 βασανιζόμενον,
973 1383 1352 1448 λαμπρότερος
1379 1384 1612 1453 γίνεται.

409 1565 567 1620 Μετά
590 1565 647 1619 δέ
676 1564 878 1620 τούτων
907 1567 1129 1621 κάκεῖνο
1150 1566 1443 1638 φυλάττου,
1464 1567 1527 1621 τὸ
1550 1567 1717 1639 μηδὲν
1742 1566 1919 1621 είπείν

339 1653 633 1724 εὐχόμενος
660 1654 766 1709 τῶν
797 1655 1204 1728 παροξυνόντων
1234 1673 1326 1711 σου
1348 1657 1438 1711 τὸν
1463 1657 1762 1729 Δεσπότην,
1785 1656 1920 1728 μηδέ

340 1746 461 1797 κατ’
502 1746 711 1817 ἐχθρῶν
742 1748 1067 1821 προσέλθῃς.
1130 1749 1191 1803 Εἰ
1233 1750 1341 1821 γάρ
1392 1749 1453 1803 τὸ
1500 1749 1645 1821 ἔχειν
1692 1748 1919 1820 ἐχθροὺς

340 1836 562 1901 ὄνειδος,
593 1838 655 1892 τὸ
688 1839 1049 1911 κατεύχεσθαι
1082 1841 1267 1895 αὐτῶν
1312 1842 1565 1912 ἐννόησον
1607 1841 1792 1913 ήλίκον
1818 1858 1919 1895 κα-

342 1927 458 1982 κόν.
488 1928 616 1982 Δέον
639 1930 748 2001 γάρ
778 1947 836 1983 σε
858 1930 1304 2003 ἀπολογήσασθαι
1320 1932 1408 1987 διά
1425 1932 1477 1985 τί
1502 1933 1731 2004 ἐχθροὺς
1754 1933 1919 2003 ἔχεις,

342 2023 407 2074 σὺ
437 2021 494 2075 δέ
514 2022 694 2077 αὐτῶν
719 2023 812 2078 καὶ
845 2028 1179 2097 κακηγορεῖς
1206 2038 1257 2080 ιι.
1286 2026 1398 2081 Kal
1424 2025 1583 2091 ποίας
1610 2024 1775 2099 τεύξῃ
1799 2041 1924 2093 συγ-

339 2113 590 2186 γνώμης,
629 2114 723 2169 καὶ
750 2116 1101 2188 κακηγορῶν,
1132 2118 1226 2171 καὶ
1256 2118 1315 2171 ἐν
1345 2116 1522 2190 καιρῷ
1548 2117 1795 2188 τοιούτῳ,
1831 2117 1921 2170 ὅτε

339 2202 491 2255 ἐλέου
515 2219 597 2255 σοι
619 2203 700 2257 δεῖ
726 2205 953 2270 πολλοῦς
986 2207 1096 2261 Kal
1123 2207 1231 2279 γὰρ
1263 2208 1405 2278 ὑπὲρ
1437 2209 1654 2263 οἰκείων
1681 2207 1922 2279 προσῆλ-

341 2296 434 2358 θες
453 2295 868 2368 ἁμαρτημάτων
889 2298 1144 2369 δεόμενος
1165 2316 1176 2329 ·
1216 2303 1291 2372 μὴ
1318 2299 1499 2354 τοίνυν
1539 2301 1922 2373 μνημονεύσῃς

340 2383 451 2436 τῶν
472 2384 789 2455 ἀλλοτρίων,
823 2386 909 2440 ἵνα
931 2386 1005 2458 μὴ
1028 2388 1135 2440 τῶν
1161 2388 1303 2441 ἰδίων
1326 2389 1664 2460 ἀναμνήσῃς.
1694 2391 1791 2444 “Av
1815 2390 1923 2464 γὰρ

340 2474 522 2545 εἴπῃς,
558 2475 799 2541 Πάταξον
823 2477 912 2532 τὸν
950 2478 1163 2550 ἐχθρὸν,
1194 2479 1496 2550 ἐνέφραξάς
1519 2497 1613 2536 σου
1634 2482 1694 2535 τὸ
1723 2482 1919 2552 στόμαο

338 2565 526 2621 οὐκέτι
559 2568 667 2640 γάρ
711 2570 1027 2642 παρρησίαν
1076 2570 1285 2635 ἔδωκας
1314 2574 1379 2645 τῇ
1413 2572 1656 2647 γλώττῃ·
1703 2574 1924 2646 πρῶτον

345 2661 467 2733 μὲν,
489 2663 571 2715 ὅτι
602 2661 961 2736 παρώργισας
984 2664 1075 2717 τὸν
1108 2664 1372 2738 δικαστὴν
1411 2669 1476 2721 ἐκ
1505 2668 1807 2740 προοιμίων
1830 2671 1922 2725 εύ-

343 2754 482 2819 θὲως
501 2771 515 2786 ο
542 2754 815 2827 δεύτερον,
855 2754 1006 2829 [671]
1037 2758 1119 2810 δτι
1148 2759 1368 2812 ἐναντία
1386 2761 1558 2825 αίτεῖς
1581 2761 1659 2832 τῷ
1684 2763 1923 2833 σχήματι

341 2846 444 2917 τῆς
496 2847 684 2918 εὐχῆς.
735 2848 799 2902 Εἰ
857 2850 966 2919 γάρ
1005 2849 1146 2920 ύπέρ
1196 2849 1447 2919 ἀφέσεως
1509 2852 1924 2925 ἁμαρτημάτων

343 2941 625 3010 προσεύχῃ
661 2939 711 3005 ιι,
761 2937 880 3003 πῶς
912 2938 1054 3009 ὑπὲρ
1086 2939 1362 3005 κολάσεως
1393 2941 1649 3016 διαλέγῃ;
1686 2944 1925 2999 Τούναν-

342 3029 461 3081 τίον
494 3030 590 3099 μὲν
616 3026 708 3083 οῦν
730 3030 838 3083 ἔδει
868 3033 1065 3098 ποιεῖν,
1092 3031 1186 3083 καὶ
1210 3031 1418 3086 δεῖσθαι
1451 3033 1595 3106 ύπέρ
1616 3034 1818 3100 αὐτῶν,
1839 3035 1928 3092 ἵνα

346 3120 507 3176 τοῦτο
538 3123 632 3175 καὶ
666 3121 806 3194 ὑπὲρ
838 3122 1050 3176 ἑαυτῶν
1078 3123 1217 3194 μετά
1256 3125 1572 3196 παρρησίας
1609 3128 1926 3199 παρακαλέ-

352 3230 555 3284 σωμεν.
588 3213 727 3268 Νυνὶ
752 3213 808 3267 δὲ
838 3214 1247 3286 προκατέλαϐες
1277 3216 1370 3272 τοῦ
1405 3217 1660 3273 δικαστοῦ
1694 3221 1793 3292 τὴν
1825 3222 1930 3293 ψῆ-

351 3324 450 3373 φον
476 3307 564 3362 διὰ
590 3307 693 3378 τῆς
720 3307 839 3377 σῆς,
868 3307 1034 3374 ἀξιῶν
1059 3310 1186 3374 τοὺς
1221 3310 1637 3382 ἁμαρτάνοντας
1655 3313 1926 3378 κολάζειν·

350 3396 380 3450 ὃ
409 3397 502 3450 καὶ
528 3394 856 3469 συγγνώμης
879 3399 1173 3469 ἀποστερεῖ
1202 3399 1404 3471 πάσης.
1440 3402 1536 3454 Ἂν
1562 3401 1618 3455 δέ
1659 3404 1800 3475 ὑπὲρ
1829 3406 1929 3460 αύ-

353 3486 462 3540 τῶν
500 3486 649 3561 εὔξῃ.
684 3488 789 3541 κάν
840 3488 1009 3559 μηδὲν
1040 3488 1181 3561 ὑπὲρ
1214 3489 1322 3543 τῶν
1351 3489 1462 3542 σῶν
1491 3490 1670 3563 εἴπῃς,
1723 3494 1784 3548 τὸ
1822 3498 1930 3551 πᾶν

353 3577 578 3648 ήνυσας.
627 3578 911 3649 Ἐννόησον
964 3580 1131 3633 πόσαι
1172 3579 1354 3634 θυσίαι
1385 3580 1522 3635 εἰσιν
1555 3584 1611 3636 ἐν
1637 3583 1715 3655 τῷ
1747 3586 1927 3659 νόμῳ·

355 3669 517 3724 θυσία
545 3670 825 3737 αἰνέσεως,
859 3671 1019 3725 θυσία
1052 3671 1525 3745 ἐξομολογήσεως,
1564 3675 1723 3731 θυσία
1755 3695 1932 3753 σωτη-

357 3763 496 3834 ρίου,
518 3763 676 3816 θυσία
698 3762 1021 3835 καθαρμῶν,
1046 3764 1141 3818 καὶ
1155 3764 1337 3835 ἐτεραι
1362 3768 1575 3840 μυρίαι,
1598 3769 1692 3823 καὶ
1707 3771 1932 3842 οὐδεμία

357 3855 479 3907 κατ’
511 3854 742 3926 ἐχθρῶν,
785 3854 902 3908 ἀλλ’
935 3856 1076 3928 ύπέρ
1111 3856 1219 3912 τῶν
1261 3859 1475 3913 οἰκείων
1518 3861 1932 3932 ἁμαρτημάτων

355 3948 584 4019 ἑκάστη.
611 3948 756 4019 ήκαὶ
776 3948 1236 4021 κατορθωμάτων.
1251 3952 1343 4024 Μὴ
1360 3952 1466 4023 γὰρ
1489 3952 1633 4025 ἄλλῳ
1653 3956 1932 4031 προσέρχῃ

356 4040 513 4112 Θεῷς
553 4041 779 4112 Ἐκείνῳ
810 4041 1090 4115 προσέρχῃ
1119 4042 1198 4113 τῷ
1221 4044 1451 4111 εἰπόντι,
1478 4047 1751 4117 Εὕχεσθε
1780 4049 1932 4120 ὑπὲρ

357 4130 477 4185 τῶν
497 4131 724 4201 ἐχθρῶν
750 4133 936 4203 ὑμῶν.
967 4135 1092 4199 Πῶς
1120 4132 1214 4189 οὖν
1251 4136 1431 4191 αὐτῶν
1462 4139 1767 4212 καταϐοᾷςς
1813 4141 1933 4206 πῶς

359 4222 699 4295 παρακαλεῖς
727 4225 818 4279 τὸν
846 4225 979 4279 Θεὸν
1011 4225 1104 4281 τὸν
1141 4227 1340 4282 οίκεῖον
1375 4228 1534 4283 λῦσαι
1571 4231 1767 4301 νόμονς
1819 4233 1935 4288 Ούκ

357 4314 472 4368 ἐστι
500 4315 658 4371 τοῦτο
694 4317 873 4371 ίκέτου
904 4318 1116 4389 σχῆμω
1151 4318 1326 4384 οὐδεὶς
1363 4319 1594 4374 ἱκετεύει
1640 4322 1728 4376 ἴνα
1777 4322 1934 4389 ἀλλος

320 4406 323 4407 ⁷
357 4404 781 4477 άπόληται,ἀλλ’
812 4407 901 4460 ἵνα
933 4405 1096 4472 αὐτὸς
1128 4407 1295 4481 σωθῇ.
1327 4409 1393 4462 Τί
1413 4411 1594 4466 τοίνυν
1621 4413 1807 4484 σχῆμα
1835 4414 1936 4484 μέν

361 4497 540 4551 ἱκέτου
562 4496 896 4569 περίκεισαι,
933 4501 1153 4570 ῥήματα
1183 4501 1239 4553 δέ
1269 4500 1413 4573 ἔχεις
1443 4505 1786 4576 κατηγόρου;
1823 4506 1936 4560 Kal

358 4590 488 4643 ὅταν
522 4590 622 4661 μέν
646 4590 785 4662 ὑπὲρ
813 4591 1020 4646 ἑαυτῶν
1057 4590 1345 4663 εὐχώμεθα
1369 4631 1384 4659 ,
1427 4595 1521 4648 καὶ
1551 4594 1808 4666 κνώμεθα
1841 4597 1937 4651 καὶΙ

360 4679 723 4752 Χασμώμεθαι
746 4684 843 4735 καὶ
865 4683 946 4747 εἷς
980 4683 1208 4753 μυρίους
1233 4684 1582 4756 ἐμπίπτομεν
1604 4686 1898 4758 λογισμούς
1916 4708 1931 4723 ο

359 4775 487 4826 ὅταν
506 4773 561 4826 δέ
592 4774 710 4826 κατ’
735 4773 967 4844 ἐχθρῶν,
990 4775 1252 4846 νήφοντες
1273 4773 1433 4830 τοῦτο
1455 4777 1740 4850 ποιοῦμεν.
1761 4782 1938 4837 Ἐπει-

358 4868 424 4936 δὴ
452 4866 562 4939 γάρ
603 4862 746 4921 οἶδεν
787 4867 1107 4933 όδιάϐολος,
1147 4870 1229 4923 ὄτι
1277 4870 1401 4924 καθ’
1440 4872 1649 4927 ἐαυτῶν
1693 4874 1755 4928 τὸ
1784 4875 1937 4947 ξίφος

358 4956 632 5028 ὡθοῦμεν,
659 4958 721 5011 ού
744 4958 1023 5030 περιέλκει
1046 4960 1167 5013 οὐδὲ
1192 4962 1437 5033 περισπᾷ
1465 4962 1610 5031 τότε,
1644 4965 1730 5019 ἵνα
1759 4966 1939 5037 μειζό-

361 5068 467 5115 νως
497 5053 629 5122 ἡμῖν
654 5050 979 5123 λυμήνηται.
1019 5052 1181 5107 Ἀλλά
1208 5052 1493 5124 ¹ήδίκημαι,
1514 5058 1669 5127 φησὶ,
1697 5058 1791 5112 καὶ
1824 5060 1939 5114 θλί-

361 5145 549 5215 ϐομαι.
581 5143 788 5198 Οὐκοῦν
817 5143 956 5199 κατά
985 5144 1080 5199 τοῦ
1108 5145 1356 5199 διαϐόλου
1375 5142 1552 5213 εὖξαι,
1580 5149 1674 5204 τοῦ
1704 5152 1940 5222 μάλιστα

365 5237 580 5290 πάντων
601 5235 912 5300 ἀδικοῦντος
935 5239 1102 5307 ἡμᾶς.
1131 5237 1304 5292 Τοῦτο
1320 5240 1414 5293 καὶ
1442 5241 1717 5313 ἐπετάγης
1739 5242 1936 5313 λέγειν,

375 5327 578 5380 Ῥῦσαι
611 5324 768 5396 ἡμᾶς
792 5328 911 5382 ἀπὸ
944 5329 1052 5384 τοῦ
1098 5330 1389 5398 πονηροῦ.
1440 5331 1678 5397 Ἐκεῖνός
1721 5336 1868 5390 ἐστιν
1912 5339 1941 5391 6

364 5420 774 5483 άκατάλλακτος
818 5420 1044 5492 ἐχθρός·
1083 5421 1369 5493 ἄνθρωπος
1409 5421 1499 5487 δὲ,
1550 5425 1649 5478 ὅσα
1675 5424 1741 5479 ἂν
1786 5428 1937 5498 ποιῇ,

367 5511 519 5580 φίλος
547 5511 664 5563 ἐστὶ
692 5511 786 5564 καὶ
814 5510 1058 5582 ἀδελφός.
1101 5510 1323 5586 Ἐκείνῳ
1354 5513 1533 5569 τοίνυν
1561 5514 1760 5580 πάντες
1786 5516 1940 5586 ὀργι-

428 5735 451 5797 f’
481 5731 735 5797 Legebalur
755 5734 1044 5797 κατηγορεῖς.

427 5793 454 5860 ξ’
482 5793 645 5860 Μέτνιξι
668 5809 820 5860 gnam.
857 5793 1030 5857 15—36in
1055 5795 1314 5859 προσέρχῃ.
1341 5797 1497 5848 Paulo
1540 5801 1651 5860 post
1690 5796 1822 5848 idem
1860 5800 1938 5849 ἵνα

368 5853 522 5905 τοῦτο.
552 5853 680 5906 lidili
702 5858 880 5907 τοῦτον.

1037 453 1093 511 S.
1134 451 1421 510 JOANNIS
1459 449 1952 509 CHRYSOSTOMI
1992 450 2321 512 ARCHIEP.
2363 454 2914 514 CONSTANTINOP.

3492 454 3599 512 εει

2014 562 2263 635 ζώμεθα,
2290 566 2412 621 κατ’
2434 567 2600 620 αὐτοῦ
2628 566 3034 639 παρακαλῶμεν
3052 565 3144 620 τὸν
3172 564 3306 622 Θεὸν
3323 564 3595 637 λέγοντες,

2021 652 2318 725 Σύντριψον
2339 656 2430 708 τὸν
2462 658 2700 710 σατανᾶν
2720 657 2826 711 ὑπὸ
2853 657 2980 721 τοὺς
3010 655 3176 720 πόδας
3217 655 3395 727 ήμῶν.
3427 652 3596 725 Οὗτος

2018 743 2127 813 γὰρ
2170 745 2344 800 τίκτει
2380 748 2474 800 καὶ
2516 749 2644 811 τοὺς
2681 748 2931 819 ἐχθρούς.
2969 749 3066 801 Ἂν
3118 747 3176 801 δέ
3209 748 3331 802 κατ’
3383 751 3597 823 ἐχθρῶν
3660 802 3679 807 ς

2019 833 2174 907 εῦξῃ,
2208 834 2306 907 τὴν
2335 837 2518 908 εύχὴν,
2550 838 2618 909 ἢν
2648 841 2854 904 ἐκεῖνος
2898 839 3167 909 βούλεται,
3208 839 3376 913 εὔχῃο
3404 841 3597 915 ῶσπερ

2017 924 2112 981 οὖν
2135 928 2201 982 ἂν
2231 928 2372 998 ὑπὲρ
2402 931 2632 1002 ἐχθρῶν,
2663 933 2805 987 κατά
2838 932 3053 987 τούτου.
3083 932 3149 986 Τί
3176 932 3355 987 τοίνυν
3394 934 3486 990 τὸν
3511 935 3595 990 δν-

2018 1038 2126 1084 τως
2170 1019 2367 1092 ἐχθρὸν
2406 1023 2586 1092 ἀφεὶς,
2623 1024 2692 1079 τά
2734 1025 2872 1096 μέλη
2903 1024 3123 1088 δάκνεις
3148 1024 3216 1078 τὰ
3257 1025 3346 1092 σά,
3387 1026 3596 1099 θηρίων

2017 1110 2398 1182 χαλεπώτερος
2424 1113 2597 1187 ταύτῃ
2630 1115 2946 1186 γινόμενος;
3000 1115 3140 1169 Ἀλλ’
3181 1113 3396 1187 ὕϐρισε,
3435 1118 3593 1188 φησι,

2019 1204 2112 1257 καὶ
2135 1205 2392 1276 χρήματα
2419 1207 2781 1278 ἀπεστέρησε.
2818 1206 2930 1262 Kal
2961 1206 3085 1261 τίνα
3119 1206 3202 1261 δεῖ
3229 1205 3469 1274 πενθεῖν,
3504 1207 3596 1263 τὸν

2020 1293 2264 1348 παθόντα
2301 1296 2508 1361 κακῶς,
2543 1297 2577 1368 ἢ
2607 1297 2700 1351 τὸν
2731 1298 3033 1369 ποιήσαντα
3060 1297 3282 1365 κακῶς;
3309 1299 3433 1352 Ὀτι
3461 1300 3597 1372 χρή-

2022 1401 2168 1455 ματα
2219 1396 2242 1425 ο
2282 1387 2567 1458 κερδάνας,
2613 1389 2715 1460 τῆς
2749 1390 2962 1455 εὐνοίας
2999 1391 3191 1445 ἐαυτὸν
3235 1389 3458 1457 ἐξέϐαλε
3498 1392 3594 1447 τοῦ
3634 1419 3640 1424 ·

2019 1476 2174 1544 Θεοῦ,
2205 1478 2301 1531 καὶ
2339 1479 2562 1550 μείζονα
2588 1480 2869 1536 ἀπώλεσεν
2898 1482 2931 1553 ἢ
2965 1482 3156 1536 ἔλαϐεν
3174 1499 3186 1513 ·
3216 1482 3356 1536 ὥστε
3390 1483 3595 1547 ἐκεῖνός

2020 1568 2169 1622 ἐστιν
2214 1571 2243 1623 6
2289 1570 2633 1642 ἠδικημένος.
2677 1573 2887 1628 Οὐκοῦν
2941 1573 3061 1644 ούχὶ
3093 1573 3453 1645 κατεύχεσθαι
3489 1574 3591 1641 δεῖ,

2021 1658 2138 1712 ἀλλ’
2167 1661 2564 1734 ύπερεύχεσθαι
2584 1663 2770 1734 αὐτοῦ,
2797 1665 2885 1721 ἵνα
2906 1666 2935 1720 6
2971 1664 3105 1731 Θεὸς
3148 1665 3303 1731 ίλεως
3328 1663 3478 1737 αὐτῷ
3502 1664 3597 1736 γέ·-

2021 1768 2199 1823 νηται.

2091 1926 2152 1974 ε’.
2179 1921 2322 1994 Ὅρα
2349 1922 2489 1977 πόσα
2506 1923 2707 1978 ἔπαθον
2730 1925 2778 1979 οί
2799 1924 2986 1991 παῖδες
3008 1927 3057 1979 οί
3080 1926 3247 1997 τρεῖς,
3269 1923 3421 1980 ούδέν
3441 1925 3601 1997 ποιήο

2023 2028 2215 2075 σαντες
2246 2012 2451 2067 δεινόν·
2487 2013 2746 2079 ἐξέπεσον
2811 2016 3089 2087 πατρίδος,
3130 2014 3472 2086 ἐλευθερίας,
3506 2011 3600 2079 ἐξα

2020 2103 2517 2175 ῃχμαλωτίσθησαν
2533 2106 2627 2159 καὶ
2644 2105 2892 2175 ἐγένοντο
2906 2105 3201 2171 δοῦλοι,καὶ
3217 2107 3297 2170 είς
3314 2104 3602 2177 ἀλλοτρίαν

2022 2193 2116 2245 καὶ
2147 2192 2424 2265 βάρϐαρον
2471 2196 2862 2266 ἀπενεχθέντες
2890 2195 3093 2268 χώραν,
3130 2196 3224 2252 καὶ
3268 2195 3603 2267 σφάττεσθαι

2021 2284 2245 2356 ἔμελλον
2276 2286 2362 2340 διὰ
2393 2287 2453 2341 τὸ
2472 2287 2605 2359 όναρ
2630 2288 2753 2357 είκῆ
2777 2289 2873 2343 καὶ
2899 2288 3098 2359 μάτην.
3130 2288 3196 2342 Τί
3223 2283 3317 2343 οῦν
3337 2285 3606 2342 εἰσελθόν-

2021 2394 2114 2440 τες
2138 2376 2277 2448 μετά
2299 2376 2392 2431 τοῦ
2412 2378 2630 2450 Δανιὴλ,
2651 2379 2704 2431 τί
2731 2379 2999 2450 ηῠξαντος
3025 2380 3153 2434 τίδὲ
3178 2375 3331 2433 εἷπον
3348 2396 3363 2446 ;
3383 2378 3607 2451 Κατάρ-

2025 2464 2187 2536 ραξον
2239 2466 2332 2521 τὸν
2385 2466 2892 2540 Ναϐουχοδονόσορ·
2941 2469 3294 2523 κατάσπασον
3345 2465 3509 2522 αὐτοῦ
3540 2466 3608 2519 τδ

2022 2557 2294 2628 διάδημα*
2350 2559 2625 2613 κατάϐαλε
2673 2560 2837 2615 αὐτὸν
2874 2560 2982 2615 ἀπὸ
3030 2559 3123 2615 τοῦ
3167 2559 3396 2633 θρόνους
3436 2557 3606 2613 Οὐδὲν

2021 2648 2262 2704 τοιοῦτον
2286 2667 2299 2680 ο
2362 2650 2478 2704 ἀλλ’
2523 2650 2746 2723 ἐξῄτουν
2779 2652 3097 2723 οἰκτιρμοὺς
3140 2649 3291 2722 παρὰ
3313 2647 3406 2703 τοῦ
3440 2646 3601 2702 Θεοῦ.

2024 2740 2173 2815 [472]
2196 2743 2310 2797 Kal
2335 2743 2423 2797 ὅτε
2450 2746 2507 2798 ἐν
2539 2746 2604 2816 τῇ
2635 2744 2851 2815 καμίνῳ
2887 2739 3050 2815 ἦσαν,
3079 2742 3296 2814 ὁμοίως.
3336 2740 3475 2795 Ἀλλ’
3503 2740 3604 2813 οὐχ

2023 2832 2202 2902 ὑμεῖς,
2234 2833 2371 2888 ἀλλά
2404 2833 2584 2905 πολλῷ
2623 2834 2880 2890 ἐλάττονα
2910 2834 3132 2888 ἐκείνων
3162 2833 3482 2904 πάσχοντες,
3507 2833 3606 2887 καὶ

2022 2923 2243 2990 δικαίως
2281 2925 2562 2990 πολλάκις.
2589 2927 2650 2980 οὐ
2691 2925 2930 2981 παύεσθε
2958 2924 3238 2996 ἀρώμενοι
3269 2924 3442 2995 μυρία
3462 2939 3474 2951 ·
3508 2922 3606 2978 καὶ

2022 3016 2051 3067 6
2079 3012 2178 3085 μέν
2205 3031 2357 3084 φησι,
2385 3014 2672 3069 Κατάϐαλε
2705 3015 2796 3069 τὸν
2825 3014 3019 3086 ἐχθρὸν
3039 3055 3055 3079 ,
3100 3014 3177 3079 ὡς
3212 3013 3605 3076 κατεπόντισας

2025 3106 2087 3159 τὸ
2108 3106 2259 3179 ἅρμα
2288 3105 2382 3160 τοῦ
2411 3105 2608 3178 Φαραώ
2626 3121 2643 3136 ·
2664 3108 2693 3161 6
2720 3106 2799 3170 δὲ,
2825 3104 3031 3176 Πλῆξον
3057 3103 3223 3159 αὐτοῦ
3267 3105 3363 3176 τὴν
3385 3104 3563 3174 σάρκα
3585 3118 3602 3134 ⁶

2025 3198 2211 3269 ἐτερος
2229 3199 2411 3265 πάλιν,
2452 3198 2673 3264 Ἀπόδος
2709 3200 2876 3264 είςτά
2903 3200 3091 3254 τέκνα.
3114 3195 3193 3253 Ἦ
3221 3197 3324 3253 οὐκ
3353 3193 3609 3267 ἐπιγινώ-

2030 3307 2188 3343 σκετε
2229 3290 2388 3345 ταυτὶ
2411 3290 2479 3345 τά
2498 3291 2722 3363 ῥήματα
2744 3307 2761 3358 ;

2100 3477 2272 3532 Πόθεν
2296 3471 2389 3532 οὖν
2429 3476 2558 3549 ὑμῖν
2599 3477 2629 3531 6
2670 3477 2844 3548 γέλως
2893 3472 3079 3543 οὗτος
3118 3474 3286 3549 Ὀρᾷς
3334 3475 3451 3539 πῶς
3487 3473 3605 3527 ἐστι

2029 3568 2431 3638 καταγέλαστα,
2458 3568 2587 3622 ὅταν
2606 3569 2777 3641 χωρὶς
2799 3568 3006 3632 πάθους
3026 3569 3287 3640 λέγηται;
3318 3567 3430 3622 Kal
3456 3567 3611 3621 πᾶσα

2029 3661 2086 3714 δὲ
2120 3660 2365 3732 ἁμαρτία
2412 3660 2533 3713 τότε
2562 3659 2839 3714 δείκνυται
2873 3659 2992 3723 πῶς
3027 3662 3177 3714 ἐστιν
3221 3657 3440 3729 αίσχρά,
3480 3658 3609 3711 ὅταν

2031 3751 2201 3822 αὐτὴν
2238 3748 2534 3821 γυμνώσῃς
2563 3750 2664 3820 τῆς
2697 3748 2989 3812 διαθέσεως
3021 3748 3117 3803 τοῦ
3153 3747 3481 3820 τολμῶντος,
3510 3746 3612 3800 Ἂν

2029 3842 2122 3895 τὸν
2161 3839 2483 3912 ὀργισθέντα
2522 3838 2843 3910 ὑπομνήσῃς
2887 3838 2998 3891 τῶν
3029 3837 3311 3909 ῥημάτων,
3340 3828 3416 3889 ὧν
3458 3830 3611 3888 εἶπεν

2031 3933 2089 3986 ἐν
2104 3933 2181 4003 τῷ
2210 3930 2387 4001 θυμῷ,
2410 3929 2792 3995 καταδύσεται,
2821 3929 2917 3984 καὶ
2932 3928 3362 3998 καταγελάσεται
3392 3924 3609 3990 ἑαυτοῦ,

2033 4025 2125 4079 καὶ
2157 4023 2479 4096 βουλήσεται
2537 4020 2706 4092 μυρία
2754 4020 3100 4085 πεπονθέναι,
3145 4019 3178 4092 ἢ
3213 4021 3396 4074 ἐκεῖνα
3444 4015 3610 4071 αὐτοῦ

2031 4113 2172 4171 εἶναι
2213 4116 2281 4169 τά
2332 4116 2583 4187 ῥήματα·
2633 4112 2736 4168 κᾶν
2761 4113 2851 4166 τὸν
2899 4112 3196 4167 ἀκόλαστον
3229 4111 3442 4182 ἀγάγῃς
3474 4107 3613 4181 μετά

2031 4208 2129 4280 τὴν
2155 4206 2300 4278 μίξιν
2320 4205 2457 4277 πρὸς
2482 4203 2581 4276 τὴν
2607 4204 3011 4278 πορνευομένην
3028 4206 3306 4273 γυναῖκα,,
3338 4202 3433 4255 καὶ
3456 4194 3611 4262 οὗτος

2033 4299 2236 4372 ταύτην
2260 4298 2747 4371 ἀποστραφήσεται
2776 4296 2853 4361 ὼς
2877 4297 3146 4368 μυσαράν.
3170 4295 3325 4349 Οὕτω
3340 4294 3434 4347 καὶ
3451 4292 3612 4361 ὑμεῖς

2033 4395 2082 4448 οί
2115 4391 2191 4464 μὴ
2222 4390 2373 4454 ὅντες
2395 4390 2455 4445 ἐν
2480 4388 2560 4462 τῷ
2588 4388 2776 4454 πάθει,
2812 4388 3151 4456 καταγελᾶτε
3194 4386 3291 4441 νῦν
3311 4402 3326 4417 ·
3378 4383 3615 4451 καταγέ-

2032 4483 2206 4538 λαστα
2232 4480 2361 4553 γὰρ,
2404 4482 2497 4536 καὶ
2522 4481 2783 4553 γραῖδίων
2814 4480 2883 4532 τά
2913 4480 3136 4551 ῥήματα
3173 4475 3347 4531 ταῦτα
3390 4473 3614 4546 μεθυόνα

2038 4591 2163 4639 των,
2188 4573 2280 4629 καὶ
2306 4571 2677 4641 γυναικώδους
2711 4570 3096 4642 μικροψυχίας.
3138 4569 3248 4623 Kal
3269 4570 3297 4623 6
3334 4566 3530 4638 Ἰωσὴφ
3555 4563 3613 4617 δέ

2035 4665 2267 4738 πραθεὶς
2296 4665 2390 4719 καί
2414 4663 2597 4728 δοῦλος
2629 4663 2919 4733 γενόμενος
2946 4663 3040 4716 xal
3066 4660 3438 4737 δεσμωτήριον
3461 4655 3615 4727 οἰκή-

2038 4775 2157 4823 σας,
2184 4757 2295 4811 οὐδ’
2314 4755 2488 4820 οὕτως
2515 4755 2737 4821 ἐξέϐαλε
2757 4756 2908 4827 ῥῆμα
2934 4752 3129 4825 πικρὸν
3160 4750 3301 4805 κατά
3327 4750 3436 4803 τῶν
3456 4749 3613 4802 λελυ-

2036 4849 2321 4920 πηκότων·
2374 4846 2514 4903 ἀλλά
2561 4846 2615 4901 τί
2642 4862 2808 4918 φησι;
2858 4844 3072 4913 κλοπῇ
3097 4841 3373 4910 ἐκλάπην
3403 4840 3472 4894 ἐκ
3502 4838 3616 4909 γῆς

2044 4942 2324 5011 Ἑϐραίων
2345 4957 2361 4973 ο
2391 4939 2482 4994 καὶ
2506 4939 2568 4993 ού
2592 4937 2949 5010 προστίθησιν
2971 4935 3075 4990 ὑπὸ
3092 4934 3234 4998 τίνος
3255 4950 3270 4966 ο
3299 4931 3613 5002 αἰσχύνεται

2036 5031 2143 5100 γὰρ
2176 5029 2316 5100 ὑπὲρ
2342 5028 2451 5082 τῶν
2483 5027 2785 5097 ἀδελφικῶν
2807 5026 2994 5081 κακῶν
3008 5024 3223 5096 μᾶλλον
3252 5024 3477 5078 ἐκείνων
3507 5020 3614 5075 τῶν

2038 5122 2382 5194 ποιησάντων
2422 5120 2582 5175 αύτά.
2638 5119 2796 5174 υῦτω
2845 5119 2940 5174 καὶ
2969 5119 3120 5190 ήμᾶς
3149 5114 3453 5170 διακεῖσθαι
3482 5115 3613 5185 χρὴ,

2040 5221 2239 5293 μᾶλλον
2261 5217 2290 5259 ἀ
2328 5217 2437 5272 τῶν
2475 5217 2889 5289 ἐπηρεαζόντων
2917 5215 3097 5269 αὐτῶν
3127 5213 3314 5281 ἀλγεῖν
3351 5209 3493 5281 ὑπὲρ
3518 5207 3612 5263 αὐ-

2037 5313 2175 5371 τῶν*
2210 5313 2244 5383 ή
2280 5310 2451 5382 βλάϐη
2481 5310 2590 5380 γὰρ
2612 5312 2691 5375 είς
2715 5310 2959 5371 ἐκείνους
2982 5306 3266 5361 διαϐαίνει.
3293 5304 3501 5370 Ὥσπερ
3518 5294 3609 5353 οὖν

2038 5409 2087 5461 οἱ
2114 5405 2459 5469 λακτίζοντες
2498 5402 2687 5473 ἥλους,
2735 5401 2830 5455 καὶ
2877 5398 3018 5469 μέγα
3070 5397 3390 5468 φρονοῦντες
3414 5435 3429 5462 ,
3460 5390 3605 5444 ἐλέου

2039 5496 2305 5564 ἄξιοικαὶ
2359 5495 2558 5566 θρήνου
2608 5493 2710 5564 τῆς
2755 5491 2952 5563 μανίας
3004 5490 3167 5543 ἕνεκα
3198 5486 3402 5556 ταύτης
3436 5480 3603 5536 εἰσιν·

2102 5811 2124 5839 ε
2149 5804 2355 5856 Videtur
2382 5803 2580 5856 omnino
2612 5804 2880 5865 legendum
2898 5806 2930 5854 ὁ
2952 5804 3010 5854 τὰ
3033 5803 3269 5868 χρήματα.

2101 5869 2126 5909 ά
2151 5870 2331 5919 Forsan
2357 5870 2457 5932 leg.
2480 5869 2560 5917 καὶ
2586 5869 2779 5929 μᾶλλον.
3226 5882 3231 5885 ‘
