4068 6416
405 389 512 445 433

405 503 530 575 quid
583 501 795 557 brutum
817 511 880 554 ac
904 493 1158 553 stolidum
1191 497 1306 557 est,
1337 486 1475 546 infra
1521 485 1759 549 relictis;
1788 483 1833 538 si
1860 479 1987 552 quid

402 598 614 652 ratione
645 593 924 666 praeditum
963 598 1048 645 est
1070 629 1086 653 ,
1115 585 1300 655 accipe
1328 592 1487 654 atque
1513 579 1766 644 ascende,
1799 591 1990 648 quem-

403 685 694 740 admodum
741 683 831 739 ille
878 677 1168 748 assumpsit
1206 677 1372 732 Isaac.
1412 672 1596 727 Altare
1647 683 1860 740 quoque
1891 681 1987 737 pe-

406 775 562 830 rinde
589 784 648 829 ut
676 773 800 839 ille,
827 779 1080 836 exstrue,
1114 779 1393 836 tamquam
1444 760 1664 817 humani
1713 757 1844 814 nihil
1891 757 1988 809 ha-

405 869 542 925 bens
560 908 576 934 ,
601 876 760 936 atque
788 874 940 920 extra
969 872 1213 916 naturam
1245 865 1457 927 raptus:
1484 850 1914 924 quandoquidem
1938 857 1994 903 et

407 959 518 1023 ille,
549 957 654 1012 nisi
675 971 704 1010 a
732 964 921 1011 natura
947 952 1270 1008 excessisset
1301 991 1316 1016 ,
1347 948 1512 1002 filium
1541 960 1646 1000 non
1668 943 1990 1014 jugulasset.

405 1051 516 1109 Nec
554 1049 846 1122 quidquam
875 1057 984 1103 tum
1034 1055 1086 1100 te
1133 1043 1454 1099 interturbet
1479 1080 1494 1105 ,
1525 1037 1622 1094 sed
1653 1051 1811 1107 supra
1847 1035 1992 1104 ipsos

406 1144 568 1198 etiam
597 1141 761 1196 czelos
805 1153 1026 1208 assurge
1055 1155 1070 1191 :
1100 1135 1294 1191 acerbe
1349 1132 1668 1202 ingemisce,
1691 1127 1990 1183 confessio-

407 1249 530 1290 nem
549 1242 740 1288 ntacta:
759 1230 854 1285 Dic
874 1231 1009 1286 enim
1029 1239 1083 1282 tu
1105 1228 1244 1298 prior
1261 1225 1548 1295 iniquitates
1564 1219 1899 1288 tuas,inquit,
1932 1226 1987 1270 ut

399 1325 698 1400 iustiﬁcari:
725 1340 744 1378 :
766 1331 939 1377 macta
979 1318 1359 1377 contritionem
1395 1314 1594 1370 cordis.
1635 1311 1730 1366 Ha:
1758 1309 1991 1364 victima:

409 1433 515 1474 non
541 1417 592 1472 in
623 1417 860 1471 cinerem
890 1413 1162 1476 desinunt,
1188 1424 1288 1464 nec
1314 1409 1366 1462 in
1397 1406 1596 1460 fumum
1627 1402 1942 1459 dilabuntur
1972 1439 1989 1466 ,

407 1525 508 1567 nec
536 1509 694 1580 lignis
714 1518 769 1564 et
801 1506 923 1578 igne
970 1519 1106 1575 opus
1133 1503 1352 1566 habent,
1385 1498 1479 1554 sed
1506 1497 1782 1552 dumtaxat
1810 1492 1992 1548 animo

406 1610 762 1673 compuncto:
797 1599 899 1656 hoc
929 1599 1096 1670 ligna,
1125 1596 1227 1652 hoc
1267 1594 1404 1665 ignis
1446 1599 1545 1656 est,
1568 1602 1728 1645 urens
1751 1587 1860 1652 illa,
1891 1585 1992 1642 sed

408 1711 514 1752 non
535 1709 812 1765 perurens.
829 1693 960 1749 Nam
987 1693 1076 1763 Qui
1104 1691 1370 1747 ferventer
1397 1695 1534 1754 orat,
1559 1686 1733 1740 uritur
1751 1682 1988 1753 quidem,

407 1797 462 1842 at
495 1803 600 1841 non
626 1787 916 1857 peruritur,
941 1785 1034 1840 sed
1064 1785 1203 1839 sicut
1228 1796 1419 1836 aurum
1449 1821 1464 1847 ,
1488 1776 1629 1848 quod
1661 1775 1781 1846 igne
1806 1772 1992 1844 explo-

407 1889 579 1946 ratur,
608 1878 942 1950 splendidius
979 1878 1230 1932 efficitur.

479 1967 605 2023 Non
657 1969 966 2040 precandum
1011 1977 1186 2021 contra
1221 1963 1472 2019 inimicos.
1500 1992 1571 2002 --
1613 1959 1692 2015 Ad
1718 1959 1832 2014 hare
1863 1955 1992 2012 illttd

407 2077 560 2127 cave,
592 2075 659 2116 ne
702 2061 868 2116 ullum
917 2061 968 2114 in
999 2059 1244 2114 oratione
1301 2055 1526 2111 vet-bum
1567 2053 1803 2114 emittas,
1849 2047 1990 2119 quod

408 2155 696 2211 Dominqu
741 2153 952 2220 irritet,
979 2152 1065 2206 vel
1092 2153 1145 2204 in
1173 2149 1406 2204 hostium
1459 2157 1670 2202 tuorum
1700 2140 1991 2214 perniciem

406 2246 583 2317 ipsum
606 2244 790 2300 adeas.
821 2243 950 2299 Nam
979 2244 1024 2298 si
1050 2241 1140 2296 vel
1171 2242 1352 2295 hostes
1393 2239 1614 2301 habere,
1661 2236 1860 2306 probro
1885 2250 1992 2290 non

405 2348 574 2406 caret,
598 2337 769 2407 cogita
791 2343 1047 2406 quantum
1076 2334 1274 2388 malum
1302 2333 1371 2387 sit
1395 2331 1655 2385 adversus
1681 2342 1778 2382 eos
1803 2325 1994 2381 orare?

406 2433 513 2488 Pro
533 2445 598 2486 eo
614 2428 898 2498 Oportebat
945 2439 1204 2485 excusare
1243 2435 1294 2479 te
1317 2423 1460 2494 quod
1506 2420 1689 2476 hostes
1714 2418 1902 2483 habes,
1936 2428 1990 2472 tu

407 2537 536 2577 vero
577 2530 763 2577 contra
808 2535 904 2574 eos
938 2533 1153 2589 quoque
1191 2528 1434 2570 accusas.
1485 2513 1550 2568 Et
1585 2527 1744 2583 quam
1776 2509 1991 2564 tandem

405 2615 618 2669 veniam
639 2612 882 2667 obtinere
911 2625 1096 2682 queas,
1125 2623 1246 2665 cum
1275 2623 1341 2663 eo
1366 2620 1576 2677 quoque
1604 2613 1845 2675 tempore
1873 2601 1994 2656 aliis

407 2706 697 2769 obtrectes,
720 2719 828 2776 quo
855 2705 1055 2775 ingenti
1087 2703 1202 2774 ipse
1231 2699 1595 2757 misericordia
1625 2715 1760 2770 opus
1788 2695 1994 2751 babes?

409 2795 625 2852 Etenim
655 2812 720 2852 eo
749 2795 1046 2858 aceessisti,
1072 2804 1132 2850 ut
1156 2809 1257 2866 pro
1289 2794 1392 2849 tuis
1424 2791 1656 2862 peccatis
1685 2803 1870 2846 orares
1893 2805 1905 2841 :
1927 2801 1994 2843 ne

409 2888 569 2958 igitur
589 2889 887 2943 alienorum
939 2895 1282 2957 peccatorum
1336 2883 1662 2950 recorderis,
1697 2898 1764 2938 ne
1794 2881 1994 2951 alioqui

409 2991 621 3036 tuorum
653 2982 768 3051 ipse
823 2979 1139 3035 memoriam
1193 2977 1439 3032 refrices.
1498 2975 1628 3029 Nam
1661 2975 1704 3030 si
1753 2973 1991 3039 dixeris,

415 3073 635 3128 Hostem
654 3080 898 3144 percute,
928 3085 991 3126 os
1016 3079 1162 3125 tuum
1191 3067 1529 3134 obstruxisti,
1550 3067 1660 3138 jam
1692 3066 1888 3136 linguas
1926 3067 1990 3120 fi-

411 3165 620 3221 duciam
676 3161 968 3234 prmcidisti
999 3179 1013 3216 :
1045 3161 1278 3232 primum
1309 3174 1538 3232 nempe,
1593 3159 1716 3228 quia
1764 3158 1832 3212 ab
1879 3159 1997 3230 ipso

409 3259 585 3314 statim
607 3257 759 3312 initio
783 3255 1066 3311 Dominum
1091 3253 1157 3309 ad
1183 3252 1510 3309 iracundiam
1531 3252 1781 3318 incitasti;
1799 3252 1996 3313 deinde

411 3350 533 3416 quia
583 3346 850 3404 contraria
879 3344 1140 3416 postulas,
1171 3359 1332 3413 quam
1385 3343 1559 3398 oratio
1604 3342 1760 3398 ferat.
1791 3343 1924 3398 Nam
1953 3344 1996 3398 si

410 3454 512 3511 pro
541 3448 886 3510 peccatorum
914 3435 1234 3490 remissione
1280 3433 1450 3488 Deum
1484 3433 1744 3503 precaris,
1775 3434 1866 3504 qui
1898 3434 1997 3502 fit,

413 3539 471 3584 tit
496 3545 595 3600 pro
621 3529 886 3600 supplicio
913 3527 1075 3582 verba
1097 3525 1308 3582 facias?
1333 3525 1472 3594 Quin
1503 3535 1688 3580 contra
1713 3526 1891 3596 potius
1915 3525 1996 3581 fa-

412 3624 663 3679 ciendum
695 3634 831 3689 erat,
863 3638 961 3694 pro
988 3622 1118 3693 ipsis
1160 3635 1372 3690 quoque
1402 3630 1595 3690 preces
1626 3619 1888 3686 fundere,
1932 3630 1991 3675 ut

417 3713 518 3769 hoc
546 3729 643 3784 pro
671 3715 828 3770 nobis
847 3729 1061 3785 quoque
1089 3728 1211 3768 cum
1243 3711 1436 3767 fiducia
1461 3719 1788 3782 peteremus.
1846 3709 2001 3766 Nunc

417 3819 548 3860 vero
595 3805 801 3860 Judicis
831 3806 1150 3861 sententiam
1199 3820 1297 3875 per
1352 3813 1495 3858 tuam
1549 3805 1842 3874 occupasti,
1872 3803 2000 3858 dum

418 3897 555 3967 petis
583 3907 640 3952 ut
667 3896 734 3952 de
758 3895 1102 3966 precantibus
1128 3895 1447 3966 supplicium
1475 3904 1650 3948 sumat
1674 3911 1686 3947 :
1719 3894 1860 3964 quod
1886 3895 2004 3965 qui-

418 3990 540 4046 dem
562 4004 779 4046 omnem
825 3989 918 4043 tibi
949 3989 1160 4043 veniam
1187 3988 1396 4044 adimit.
1451 3986 1649 4044 Contra
1670 3987 1714 4040 si
1749 4003 1845 4058 pro
1875 3987 2005 4058 ipsis

419 4082 675 4153 preceris,
702 4081 908 4138 etiamsi
938 4095 1036 4152 pro
1067 4079 1302 4150 peccatis
1330 4080 1434 4135 tuis
1455 4081 1654 4135 nullum
1678 4081 1897 4137 verbum
1927 4079 2007 4136 fe-

416 4175 579 4241 ceris,
622 4188 734 4230 rem
758 4181 923 4229 totam
952 4171 1254 4228 confecisti.
1301 4171 1486 4242 Cogita
1532 4181 1786 4242 quotnam
1809 4173 1861 4227 in
1890 4171 2008 4244 lege

415 4266 676 4321 sacrificia
703 4267 844 4322 siut:
877 4263 1199 4320 sacrificium
1225 4263 1420 4329 laudis,
1450 4263 1772 4320 sacrificium
1795 4266 2009 4321 confes-

418 4359 609 4419 sionis,
638 4354 962 4411 sacrificium
990 4354 1204 4420 salutis,
1235 4354 1556 4410 sacrificium
1587 4356 1963 4426 purgationum
1987 4397 2006 4425 ,

420 4465 483 4503 ac
506 4457 755 4503 sexcenta
786 4448 890 4502 alia
917 4465 933 4503 :
965 4457 1126 4518 atque
1153 4447 1368 4503 interim
1397 4449 1602 4503 nullum
1630 4459 1713 4505 est
1741 4449 2008 4506 adversus

422 4540 670 4594 inimicos
699 4539 840 4606 ,.sed
871 4554 967 4608 pro
996 4539 1225 4610 propriis
1272 4541 1508 4609 peccatis
1547 4549 1640 4595 aut
1681 4541 1842 4597 etiam
1865 4553 2011 4598 recte

421 4631 595 4686 factis.
610 4631 745 4686 Num
761 4632 924 4686 alium
945 4633 1113 4688 Deum
1131 4631 1286 4688 adis?
1306 4637 1499 4689 Annon
1517 4633 1584 4688 ad
1604 4634 1752 4689 illum
1773 4635 2010 4704 accedis,

421 4725 514 4796 qui
532 4726 685 4792 dixit,
707 4726 864 4781 Orate
884 4743 977 4798 pro
997 4727 1214 4782 inimicis
1228 4728 1402 4784 vestris
1423 4726 1644 4800 (Matth.
1665 4728 1719 4785 5.
1744 4730 1859 4797 44).
1875 4728 2012 4796 ους»

424 4833 547 4873 nam
576 4818 736 4889 igitur
758 4817 918 4875 modo
944 4817 1204 4874 adversus
1228 4818 1353 4874 illos
1377 4818 1666 4875 clamitas?
1693 4834 1789 4874 cur
1819 4820 2007 4889 Deum,

424 4917 483 4963 ut
510 4908 679 4979 legem
707 4925 858 4964 suam
888 4907 1161 4980 infringat,
1191 4923 1348 4980 rogas
1374 4909 1398 4963 ?
1423 4911 1467 4964 A
1499 4910 1757 4980 supplicis
1785 4925 2012 4982 persona

424 4999 565 5054 istud
595 5000 830 5056 alienum
861 5008 987 5055 est:
1020 5015 1182 5055 nemo
1227 5001 1495 5070 supplicat
1520 5009 1580 5057 ιιι
1600 5001 1739 5058 alius
1791 5013 2010 5074 pereat,

425 5093 524 5144 sed
546 5099 604 5146 ut
632 5091 744 5160 ipse
770 5090 1000 5147 salutem
1028 5099 1410 5162 consequatur.
1441 5093 1577 5162 Quid
1604 5094 1763 5165 igitur
1811 5097 2018 5166 supplio

426 5183 505 5236 cis
543 5181 781 5251 ejusdem
810 5197 1096 5253 personam
1128 5184 1292 5255 geris,
1323 5183 1451 5239 dum
1499 5187 1830 5243 accusatoris
1852 5189 2014 5246 verba

427 5275 639 5332 habes?
700 5278 778 5331 Ac
827 5277 1043 5347 quidem
1084 5293 1207 5334 cum
1236 5293 1336 5350 pro
1387 5278 1546 5334 nobis
1590 5280 1722 5350 ipsis
1771 5295 2015 5352 oramus,

425 5368 693 5423 scabimus
715 5381 835 5434 nos,
855 5369 1171 5440 oscitamus,
1194 5382 1250 5428 et
1272 5372 1324 5427 in
1345 5380 1630 5428 sexcentas
1660 5374 2016 5443 cogitationes

425 5460 698 5524 labimur;
727 5474 851 5514 cum
873 5469 1054 5516 autem
1105 5462 1366 5519 adversus
1403 5463 1684 5531 inimicos,
1717 5467 1911 5519 attenti
1953 5480 2016 5521 ac

426 5553 706 5623 vigilantes
728 5553 830 5608 hoc
860 5551 1107 5611 facimus.
1140 5555 1275 5623 Quia
1309 5557 1454 5611 enim
1482 5555 1728 5612 diabolus
1749 5556 1880 5612 illud
1911 5572 2014 5614 no-

427 5647 525 5714 vit,
557 5646 701 5717 quod
731 5648 783 5703 in
816 5663 915 5703 nos
943 5647 1088 5716 ipsos
1115 5648 1349 5718 gladium
1390 5651 1753 5721 impellimus;
1779 5665 1884 5706 non
1915 5652 2017 5706 mi-

427 5740 571 5797 nime
614 5741 867 5798 distrahit
907 5741 995 5797 vel
1023 5751 1235 5810 avocat,
1286 5743 1467 5799 uthac
1498 5743 1707 5799 ratione
1753 5743 2012 5813 majorem

427 5833 582 5889 nobis
603 5837 897 5908 perniciem
927 5834 1116 5892 ali'crat
1171 5837 1270 5907 At,
1319 5838 1559 5908 inquies,
1603 5839 1761 5895 laesus
1793 5853 1913 5895 sum
1953 5849 2007 5898 et

1468 371 1534 429 ιΝ
1575 369 1787 429 EPIST.
1835 368 1875 424 ll
1941 366 2032 422 AD
2070 365 2227 423 COR.
2273 367 2497 425 IIOMIL
2543 367 2606 424 ν.

3586 375 3691 430 tsi

2096 481 2328 551 affligor.
2364 485 2507 554 Ergo
2537 484 2798 540 adversus
2840 484 3114 541 diabolum
3145 502 3238 543 ora
3261 532 3274 554 ,
3314 489 3403 560 qui
3445 495 3685 547 omnium

2102 577 2333 632 maxime
2363 593 2460 631 nos
2489 578 2680 647 injuria
2707 579 2894 634 afficit.
2953 581 3066 636 iloc
3095 582 3256 637 etiam
3284 582 3466 639 dicere
3497 588 3692 655 princi-

2099 668 2243 737 pcris
2272 709 2288 734 ,
2338 668 2522 722 Libera
2549 686 2640 723 nos
2665 687 2696 722 (ι
2721 671 2856 725 malo
2887 671 3101 743 (Matth.
3131 673 3185 728 6.
3218 675 3284 729 i5
3307 674 3350 745 ).
3379 675 3470 730 Ille
3501 677 3691 746 impla-

2097 759 2284 814 cabilis
2305 759 2474 815 hostis
2501 771 2616 826 est;
2649 772 2704 816 at
2731 762 2912 827 homo,
2937 763 3196 834 quidquid
3217 764 3310 819 tibi
3335 766 3511 832 faciat,
3543 769 3684 822 ami-

2097 867 2192 906 cus
2213 867 2277 908 ac
2303 851 2468 908 frater
2514 864 2616 910 est.
2666 854 2930 922 Quocirca
2983 871 3171 913 omnes
3223 858 3484 914 adversus
3536 861 3684 916 illum

2099 944 2680 1011 irascamur,adrersus
2697 963 2820 1002 eum
2838 949 3002 1003 Deum
3028 951 3395 1017 Obsecremus,
3409 953 3649 1008 dicentes
3669 973 3683 1006 :

2096 1032 2327 1092 Contere
2348 1037 2599 1092 Satanam
2630 1039 2729 1094 sub
2762 1040 2986 1108 pedibus
3014 1041 3232 1097 nostris.
3263 1043 3362 1099 Ille
3402 1046 3544 1101 enim
3576 1046 3688 1101 iui-

2097 1128 2267 1183 mieos
2288 1146 2501 1200 quoque
2534 1133 2690 1187 nobis
2718 1135 2878 1202 parit.
2913 1134 3067 1202 Quod
3102 1135 3148 1189 si
3183 1135 3468 1192 adversum
3501 1138 3684 1194 inimi-

2097 1232 2192 1272 cos
2219 1221 2456 1288 preceris
2477 1263 2492 1289 ,
2525 1221 2575 1276 id
2605 1223 2842 1292 precaris
2865 1265 2882 1288 ,
2911 1224 3052 1293 quod
3082 1225 3195 1293 ipse
3221 1241 3436 1296 quoque
3457 1227 3510 1283 in
3541 1230 3686 1284 votis

2097 1311 2259 1368 habet
2287 1332 2300 1370 :
2336 1323 2391 1368 ut
2413 1316 2455 1370 si
2486 1331 2581 1385 pro
2611 1317 2842 1372 inimicis
2865 1331 2989 1373 ores
3009 1358 3024 1382 ,
3057 1317 3314 1373 adversus
3341 1335 3461 1375 eum
3491 1337 3683 1390 preca-

2097 1407 2192 1460 ris.
2223 1405 2358 1472 Quid
2397 1407 2557 1477 igitur
2588 1408 2776 1463 relicto
2813 1425 2942 1464 vero
2969 1409 3123 1464 hoste
3150 1410 3389 1465 membra
3415 1421 3502 1466 tua
3533 1429 3682 1469 mor-

2097 1496 2214 1564 dcs,
2247 1506 2407 1568 atque
2432 1498 2534 1553 hac
2584 1499 2791 1554 ratione
2839 1499 2969 1555 feris
3012 1501 3141 1570 ipsis
3197 1501 3568 1560 immaniorcm
3627 1517 3687 1562 te

2097 1591 2462 1662 praebes?At,
2497 1591 2674 1661 inquis
2699 1632 2714 1655 ,
2759 1593 3139 1648 centumeliam
3187 1594 3317 1649 mihi
3345 1595 3562 1665 intulit,
3614 1613 3678 1654 ae

2095 1683 2236 1739 bona
2265 1682 2484 1738 ademit.
2518 1684 2584 1737 Et
2604 1698 2763 1753 quem
2783 1683 2928 1738 luctu
2949 1685 3203 1755 prosequi
3231 1688 3503 1755 convenit,
3528 1703 3681 1743 eum-

2096 1789 2164 1829 ne
2191 1774 2282 1843 qui
2325 1773 2576 1842 injuriam
2613 1773 2844 1843 accepit,
2877 1789 2944 1828 an
2981 1775 3073 1845 qui
3107 1776 3323 1831 intulit?
3373 1778 3474 1853 Qui
3516 1795 3681 1849 pecu-

2095 1865 2213 1921 nias
2243 1865 2478 1920 lucratus
2505 1874 2606 1930 est,
2627 1879 2656 1918 a
2674 1865 2765 1920 Dei
2783 1865 3149 1920 benevolentia
3177 1867 3412 1936 scipsum
3429 1871 3680 1940 exclusit,

2096 1957 2361 2028 pluraque
2414 1957 2649 2028 perdidit
2700 1972 2860 2027 quam
2908 1960 3162 2029 accepit:
3209 1973 3274 2015 ac
3309 1961 3532 2030 proinde
3569 1964 3684 2033 ipse

2097 2052 2285 2122 estqui
2317 2051 2480 2105 lassus
2504 2058 2606 2104 est.
2631 2047 2712 2104 0b
2741 2048 2902 2119 idque
2929 2064 3036 2104 non
3085 2050 3345 2106 adversus
3393 2067 3537 2122 cum,
3583 2055 3679 2109 sed

2099 2156 2195 2211 pro
2217 2156 2282 2197 eo
2318 2141 2494 2211 potius
2522 2139 2784 2195 orandum
2815 2147 2916 2209 est,
2947 2150 3002 2195 ut
3032 2141 3173 2197 Deus
3199 2142 3488 2214 propitium
3515 2160 3574 2202 se
3606 2146 3682 2201 illi

2096 2233 2351 2303 praebeat.

2165 2327 2220 2382 5.
2263 2325 2396 2381 Vide
2422 2333 2554 2397 quot
2579 2325 2973 2381 calamitatibus
2996 2325 3171 2382 affecti
3212 2327 3319 2382 sint
3362 2337 3470 2384 tres
3507 2334 3682 2400 pueri,

2095 2431 2217 2473 cum
2247 2427 2423 2472 tamen
2447 2416 2577 2471 nihil
2610 2417 2734 2471 mali
2757 2416 3102 2472 admisissent
3132 2436 3144 2471 :
3180 2420 3346 2487 patria
3365 2430 3419 2475 et
3440 2421 3685 2479 libertate

2096 2513 2424 2579 exciderant,
2469 2511 2662 2581 captivi
2690 2511 2908 2565 abducti
2936 2527 2999 2566 ac
3030 2513 3171 2567 servi
3204 2512 3402 2580 effecti,
3444 2524 3602 2585 atque
3629 2516 3684 2572 iit

2095 2607 2322 2662 alienam
2375 2622 2439 2662 ac
2487 2607 2766 2661 barbaram
2813 2607 3082 2677 regionem
3130 2609 3383 2664 abstracti
3438 2610 3670 2678 fuerant,

2098 2697 2400 2768 frustraque
2419 2712 2481 2752 ac
2504 2707 2705 2752 temere
2735 2707 2950 2767 propter
2980 2698 3299 2754 insomnium
3329 2701 3683 2759 obtruncandi

2096 2798 2269 2844 erant.
2304 2789 2441 2855 Quid
2472 2789 2630 2859 igitur
2656 2803 2777 2842 cum
2800 2787 3018 2843 Daniele
3046 2789 3294 2859 ingressi,
3313 2791 3682 2862 quid,inquam

2097 2882 2365 2936 orarum?
2416 2881 2546 2952 quid
2576 2881 2869 2938 dixerunt?
2895 2880 3128 2936 Contere
3167 2881 3683 2952 Nabuchodonosor,

2098 2975 2265 3045 ipsius
2294 2976 2539 3030 diadema
2569 2974 2772 3044 abripe,
2805 2989 2836 3029 e
2889 2975 3039 3044 regio
3081 2975 3217 3029 solio
3258 2990 3378 3030 cum
3411 2977 3633 3032 deturba
3662 2980 3686 3030 ?

2097 3067 2238 3122 Nihil
2282 3067 2578 3137 ejusmodi;
2608 3082 2794 3122 verum
2828 3067 2920 3122 Dei
2955 3067 3377 3122 miscricordiam
3431 3070 3687 3138 implora-

2099 3161 2246 3216 bant.
2279 3160 2488 3215 Etcum
2519 3159 2571 3214 in
2602 3159 2817 3214 fornace
2843 3167 3042 3225 essent,
3071 3159 3264 3215 eodem
3290 3159 3450 3216 modo
3475 3175 3533 3216 se
3561 3177 3690 3231 ges-

2099 3261 2304 3308 serunt.
2349 3252 2419 3306 At
2455 3265 2552 3307 vos
2605 3266 2718 3307 non
2761 3250 3022 3321 perinde;
3073 3251 3170 3306 sed
3222 3251 3380 3321 longe
3425 3267 3584 3322 quam
3616 3253 3690 3309 illi

2101 3347 2308 3402 minora
2340 3345 2503 3416 passi,
2536 3359 2600 3400 ac
2640 3344 2958 3415 plerumque
2988 3344 3180 3400 nterito
3203 3385 3219 3409 ,
3269 3355 3520 3400 sexcenta
3551 3347 3691 3401 mala

2101 3437 2384 3506 imprecari
2417 3452 2521 3490 non
2553 3435 2798 3489 desinitis
2831 3452 2844 3488 :
2878 3444 3038 3504 atque
3081 3434 3216 3489 alius
3255 3433 3468 3504 quidem
3501 3437 3578 3490 sic
3609 3436 3692 3490 lo-

2102 3529 2302 3598 quitur,
2347 3525 2639 3581 Prosterne
2684 3525 2983 3589 inimicum,
3029 3533 3088 3579 ut
3133 3525 3426 3578 Pharaonis
3475 3542 3691 3581 currum

2102 3617 2444 3683 demersisti;
2474 3618 2629 3680 alius,
2660 3615 2888 3671 Carnem
2937 3615 3079 3670 illitis
3133 3614 3268 3680 feri;
3300 3617 3436 3670 alius
3484 3632 3691 3684 rursus,

2105 3710 2289 3766 Redde
2313 3710 2394 3766 illi
2438 3711 2494 3766 in
2546 3709 2707 3764 filius.
2740 3711 2934 3764 Annon
2983 3707 3290 3780 hujusmodi
3320 3708 3479 3764 verba
3524 3725 3695 3781 agno-

2105 3806 2257 3862 scitis
2282 3805 2306 3859 ?

2183 3897 2484 3952 Auditorum
2525 3893 2872 3968 Chrysestomi
2897 3895 3049 3950 risus.
3080 3926 3151 3937 —
3179 3893 3333 3950 Unde
3361 3895 3520 3966 igitur
3544 3896 3698 3951 vobis

2108 3992 2197 4047 hic
2225 3991 2402 4046 risus?
2426 3990 2589 4044 Vides
2615 4004 2777 4060 quam
2820 3988 3048 4043 ridicula
3095 3987 3212 4042 haec
3238 3988 3385 4052 sinit,
3412 4004 3534 4042 cum
3562 3989 3696 4045 citra

2109 4084 2272 4138 animi
2315 4081 2772 4153 perturbationem
2817 4079 3110 4134 dicuntur?
3159 4079 3226 4134 Et
3263 4095 3391 4134 sane
3420 4091 3699 4149 peccatum

2111 4191 2273 4232 omne
2299 4184 2410 4230 tum
2438 4175 2673 4244 denique
2716 4189 2875 4244 quam
2925 4173 3127 4228 fmdum
3169 4173 3240 4228 sit
3289 4182 3453 4244 patet,
3482 4190 3604 4229 etim
3633 4175 3702 4231 ab

2111 4286 2198 4337 eo,
2229 4269 2319 4341 qui
2359 4268 2414 4325 id
2453 4268 2710 4332 admittit,
2733 4267 2988 4323 affectum
3033 4267 3362 4323 detraxeris.
3411 4269 3469 4323 Si
3513 4270 3562 4324 ci
3609 4270 3701 4339 qui

2114 4363 2280 4418 iratus
2307 4355 2442 4426 fuit,
2467 4359 2521 4414 in
2567 4359 2888 4415 memoriam
2932 4373 2994 4414 ea
3025 4358 3189 4414 verba
3218 4359 3431 4430 redigas
3451 4402 3466 4426 ,
3500 4376 3618 4429 qua:
3646 4361 3701 4415 in

2113 4453 2385 4510 iracundia
2418 4453 2662 4523 protulit,
2697 4451 2980 4508 erubescet
3005 4462 3060 4507 et
3083 4454 3318 4524 scipsum
3347 4453 3608 4514 irridebit,
3639 4469 3704 4508 ac

2115 4547 2262 4602 mille
2291 4545 2430 4600 mala
2462 4544 2692 4615 perpeti,
2715 4558 2874 4614 quam
2897 4543 3058 4598 verba
3080 4543 3173 4598 illa
3202 4543 3488 4612 protulisse
3516 4543 3702 4598 malet.

2113 4639 2170 4696 Si
2203 4637 2530 4709 impudicum
2574 4635 2844 4691 hominem
2877 4644 3001 4706 post
3045 4634 3244 4690 coitum
3295 4633 3362 4688 ad
3414 4634 3699 4689 mulierem

2115 4747 2258 4797 eam,
2290 4731 2375 4786 cui
2405 4739 2648 4800 stuprum
2671 4727 2886 4796 obtulit,
2919 4727 3236 4792 adduxeris,
3267 4726 3356 4782 hic
3382 4741 3592 4797 quoque
3641 4737 3698 4783 ut

2118 4821 2501 4880 exsccrandam
2548 4821 2718 4892 ipsam
2756 4820 3145 4876 adversabitur.
3189 4819 3391 4875 Eodem
3421 4819 3581 4875 modo
3608 4834 3707 4874 vos

2117 4915 2207 4985 qui
2236 4913 2304 4970 ab
2333 4914 2436 4969 hoc
2477 4913 2670 4968 affectu
2701 4912 2856 4967 liberi
2901 4912 3056 4978 estis,
3097 4909 3405 4982 hujusmodi
3437 4911 3598 4966 verba
3628 4912 3704 4965 ri-

2119 5008 2259 5063 detis
2290 5025 2304 5062 :
2340 5007 2558 5062 ridicula
2609 5006 2752 5062 enim
2809 5013 2968 5070 sunt,
3023 5020 3087 5060 ac
3151 5004 3458 5060 temulentis
3505 5004 3706 5058 vetulis

2120 5099 2302 5170 digna,
2343 5098 2700 5168 muliebrique
2751 5097 3047 5151 simultate.
3087 5095 3226 5162 Quin
3269 5096 3430 5150 etiam
3467 5093 3704 5165 Josepli,

2119 5193 2247 5248 licet
2271 5190 2521 5246 venditus
2543 5204 2605 5245 ac
2649 5203 2835 5244 servus
2862 5187 3118 5254 effectus,
3165 5197 3325 5257 atque
3355 5186 3406 5240 in
3433 5201 3705 5241 carcerem

2121 5282 2420 5353 eoujectus,
2473 5297 2542 5336 ne
2589 5281 2667 5336 sic
2705 5289 2884 5334 tamen
2930 5278 3183 5333 acerbum
3222 5277 3479 5332 adversus
3517 5291 3632 5340 eos,
3677 5287 3709 5326 a

2122 5375 2316 5447 quibus
2368 5374 2529 5430 laesus
2575 5372 2771 5438 fuerat,
2801 5371 3021 5426 verbum
3071 5370 3290 5436 emisit;
3319 5369 3414 5424 sed
3442 5367 3568 5439 qttid
3599 5367 3716 5422 ait?

2125 5469 2327 5524 Furtim
2355 5467 2584 5522 sublatus
2611 5483 2724 5520 sum
2769 5464 2832 5518 de
2872 5473 3007 5518 terra
3037 5461 3370 5516 Hebrwurum
3413 5462 3431 5528 (
3457 5460 3583 5516 Gm.
3619 5460 3709 5515 ιο.

2127 5561 2214 5628 15)
2241 5576 2256 5625 ;
2284 5574 2383 5614 nec
2409 5557 2593 5624 addit,
2641 5573 2670 5612 a
2714 5572 2822 5626 quo
2854 5576 2869 5612 :
2899 5554 3057 5624 pudet
3083 5555 3226 5608 enim
3277 5569 3399 5608 eum
3443 5552 3706 5607 malorum

2123 5653 2370 5716 fratrum,
2403 5651 2572 5720 magis
2594 5665 2752 5720 quam
2777 5663 2870 5704 eos
2896 5647 3062 5718 ipsos,
3095 5647 3184 5716 qui
3215 5646 3332 5700 lucc
3366 5653 3708 5714 perpetrave-

2126 5753 2266 5800 rant.
2293 5744 2366 5798 Ita
2397 5758 2496 5799 nos
2525 5757 2740 5813 quoque
2780 5741 2920 5797 affici
2972 5740 3245 5806 convenit,
3276 5747 3332 5792 ut
3366 5751 3461 5806 pro
3506 5735 3591 5800 iis,
3618 5733 3711 5805 qui

2125 5837 2280 5895 nobis
2307 5836 2552 5910 injuriam
2573 5833 2827 5905 inferunt,
2856 5829 3228 5890 vehementius
3250 5843 3528 5901 angantur,
3552 5840 3712 5899 quam
