4068 6478
327 401 428 455 435
996 398 1058 471 s.
1097 394 1375 453 JOANNIS
1411 384 1886 449 cnursosrom
1925 381 2242 439 AltCllIEP.
2282 383 2813 444 CONSTANTINOP.
3512 386 3616 447 itas

324 515 398 568 illi
433 514 534 584 ipsi
571 514 995 572 :detrimentum
1038 509 1184 565 enim
1235 508 1301 563 ad
1347 505 1470 561 illos
1515 502 1726 559 transit.
1758 498 1911 555 Sicut

318 609 467 661 enim
494 608 585 678 qui
610 609 788 663 clavos
813 603 1051 662 calcibus
1077 603 1361 671 impetunt,
1376 599 1650 667 altumque
1675 594 1911 663 sapiunt,

325 698 632 769 hujusmodi
660 698 860 753 furoris
899 710 1027 766 ergo
1055 691 1530 749 commiseratione
1567 704 1632 745 ac
1659 685 1917 759 lacrymis

324 791 470 859 digni
500 799 663 845 sunt:
696 788 890 845 eodem
938 785 1099 842 modo
1124 785 1214 857 qui
1257 798 1351 840 eos
1394 781 1617 848 laedunt,
1646 794 1676 834 a
1717 778 1913 850 quibus

325 884 458 937 nihil
488 882 699 953 injuriae
726 887 1052 952 acceperunt
1075 921 1090 945 ,
1125 879 1307 934 multis
1331 875 1583 931 lamentis
1608 887 1673 929 ac
1700 871 1916 928 ﬂetibus

327 974 520 1041 potius,
554 988 715 1044 quam
736 971 1204 1029 exsecrationibus
1224 969 1367 1040 digni
1396 976 1543 1033 sunt,
1573 975 1633 1021 ut
1658 964 1749 1037 qui
1791 977 1919 1019 suas

327 1063 541 1133 ipsimet
585 1063 794 1119 animas
839 1062 1053 1119 feriant.
1106 1061 1249 1116 Nihil
1294 1060 1438 1115 enim
1481 1057 1794 1115 sceleratius
1834 1063 1920 1111 est

218 1174 223 1177 ‘
322 1154 500 1211 anima
532 1154 729 1208 malum
758 1153 1111 1224 imprecante,
1153 1166 1253 1208 nec
1283 1151 1542 1221 impurius
1568 1148 1747 1219 lingua
1768 1190 1783 1215 ,
1812 1145 1917 1200 hu-

320 1244 559 1313 iusmodi
584 1244 847 1301 sacrificia
873 1244 1156 1301 oil‘erente.
1202 1244 1375 1299 llomo
1416 1256 1515 1307 es;
1557 1256 1626 1296 ne
1673 1237 1918 1310 aspidum

323 1329 470 1390 virus
497 1350 716 1391 evomas
748 1352 763 1389 :
796 1335 958 1391 homo
987 1350 1086 1402 es;
1118 1349 1188 1389 ne
1211 1332 1388 1389 bellua
1422 1332 1537 1387 tias.
1582 1329 1711 1386 ldeo
1739 1343 1802 1385 os
1824 1328 1919 1384 tibi

319 1426 505 1482 datum
537 1435 641 1493 est,
670 1438 780 1482 non
811 1434 868 1481 ut
897 1424 1181 1493 mordeas,
1210 1424 1306 1480 sed
1332 1431 1391 1478 ut
1420 1422 1645 1478 aliorum
1671 1421 1917 1478 vulneri-

322 1519 422 1572 bus
451 1518 736 1575 medearis.
768 1519 1075 1575 Recordare
1118 1517 1248 1589 quid
1288 1517 1384 1572 tibi
1430 1515 1805 1587 prmceperim,
1838 1514 1921 1570 in-

321 1614 436 1683 quit
474 1613 634 1677 Deus,
666 1613 943 1668 remittere
987 1626 1183 1682 nempe
1216 1626 1283 1666 ac
1322 1609 1651 1665 condonare.
1682 1608 1765 1663 Tu
1792 1621 1922 1663 vero

322 1720 409 1760 me
439 1705 717 1771 obsecras,
743 1715 801 1760 ut
828 1705 1033 1761 socium
1083 1720 1171 1760 mc
1215 1703 1309 1759 tibi
1344 1702 1410 1758 ad
1454 1700 1743 1757 evertenda
1774 1715 1922 1771 pra-

323 1809 482 1869 cepta
527 1814 646 1854 mea
696 1798 1005 1869 adjungam,
1036 1812 1099 1853 ac
1128 1795 1349 1852 fratrem
1376 1794 1620 1851 corrodis
1641 1836 1655 1860 ,
1682 1794 1920 1864 linguam

323 1900 602 1956 cruentas,
664 1905 772 1945 non
826 1904 983 1946 secus
1029 1903 1094 1944 ac
1146 1888 1333 1943 furiosi
1392 1887 1623 1956 propriis
1668 1886 1922 1941 carnibus

325 1982 516 2037 dentes
568 1996 762 2036 cruore
807 1979 1154 2050 perfundunt.
1201 1980 1411 2045 Quanta
1456 1976 1731 2033 diabolum
1758 1976 1916 2032 volu-

1754 2180 2091 2244 HOMILIA
2136 2186 2243 2248 VI.

324 2330 450 2386 Car.
481 2331 531 2385 5.
574 2346 623 2383 v.
657 2330 708 2384 l.
737 2327 1025 2397 Incipimus
1066 2327 1252 2381 iterum
1291 2325 1624 2395 nosmetipsos
1650 2340 1913 2379 commen-

394 2422 560 2476 dare?
600 2432 689 2475 aut
717 2420 962 2491 numquid
988 2435 1209 2491 egemus,
1248 2419 1376 2472 sicut
1401 2417 1631 2487 quidam,
1656 2432 1919 2470 commen-

394 2514 587 2569 datitiis
614 2513 840 2582 epistolis
866 2514 934 2568 ad
960 2529 1067 2579 vos,
1100 2521 1189 2565 aut
1211 2528 1274 2565 ea:
1293 2511 1430 2565 vobis
1448 2509 1474 2563 ?

400 2606 453 2660 l.
484 2603 638 2672 Quod
669 2603 905 2660 futurum
936 2612 1072 2668 erat,
1102 2611 1159 2658 ut
1192 2602 1293 2673 ipsi
1322 2602 1391 2657 ab
1420 2601 1539 2655 aliis
1570 2600 1920 2671 objiceretur,

325 2713 519 2768 nempe
540 2697 680 2768 quod
707 2698 942 2766 seipsum
973 2695 1243 2751 attolleret
1268 2736 1280 2761 ,
1314 2693 1415 2749 hoc
1441 2692 1556 2764 ipse
1584 2700 1926 2748 antevertens

326 2789 546 2860 posuit:
576 2789 822 2860 quamvis
850 2788 1009 2843 etiam
1039 2795 1183 2841 tanta
1214 2784 1622 2856 prmmonitione
1646 2792 1771 2839 ante
1797 2795 1926 2839 usus

328 2881 539 2948 fuisset,
573 2896 637 2936 ac
663 2880 927 2936 dixisset:
960 2877 1027 2933 Et
1053 2878 1123 2933 ad
1153 2879 1260 2933 hwc
1297 2878 1410 2947 quis
1436 2877 1651 2932 idoneus
1690 2886 1763 2931 est
1784 2876 1810 2929 ?
1848 2883 1923 2941 et,

330 2973 414 3029 Ex
440 2973 726 3029 sinceritate
755 2972 1042 3040 loquimur;
1077 2969 1171 3026 sed
1203 2979 1381 3024 tamen
1410 2967 1529 3024 haec
1567 2967 1670 3039 ipsi
1705 2966 1929 3023 minime

332 3063 626 3120 sufiiciunt.
661 3063 733 3118 Ea
763 3062 907 3118 enim
936 3062 1104 3130 ipsius
1133 3059 1472 3117 consuetudo
1508 3069 1593 3117 est
1622 3077 1636 3115 :
1666 3067 1726 3117 ut
1770 3059 1929 3130 longe

334 3157 493 3222 absit,
524 3165 580 3210 ut
607 3154 783 3226 magni
810 3154 1086 3226 quidpiam
1126 3152 1196 3209 de
1224 3167 1284 3209 se
1314 3152 1498 3210 dicere
1532 3153 1801 3218 videatur,
1823 3166 1925 3207 ve-

310 3247 727 3316 “hementerque
770 3252 933 3315 atque
987 3244 1360 3300 incredibilem
1387 3243 1679 3315 quemdam
1723 3244 1777 3298 in
1807 3258 1927 3300 mo-

337 3338 463 3403 dum
514 3336 656 3393 i~tud
692 3336 844 3407 fugit.
892 3335 975 3391 Tu
1021 3350 1151 3390 vero
1181 3334 1307 3390 hinc
1347 3350 1560 3406 quoque
1603 3334 1929 3405 singularem

335 3427 504 3500 ipsius
542 3428 860 3498 sapientiam
887 3425 1277 3482 animadverte.
1309 3426 1442 3481 Rem
1487 3425 1654 3490 enim,
1684 3440 1806 3497 qua:
1837 3424 1933 3479 tri-

335 3523 495 3578 stitiae
526 3523 758 3594 speciem
785 3521 968 3590 habet,
998 3520 1101 3577 hoc
1121 3529 1204 3578 est
1230 3520 1571 3585 afﬂictiones,
1598 3533 1768 3591 usque
1794 3517 1930 3573 adeo

337 3613 546 3679 estulit,
574 3627 639 3669 ac
664 3612 992 3668 luculentam
1015 3624 1067 3667 et
1089 3610 1353 3667 illustrem
1377 3624 1495 3666 rem
1524 3623 1645 3665 esse
1669 3606 1930 3676 ostendit,

340 3717 399 3777 ut
437 3722 505 3762 ex
536 3706 637 3771 his,
669 3721 790 3776 quas
834 3704 1065 3771 dixerat,
1113 3703 1231 3758 haec
1262 3703 1311 3758 ei
1355 3701 1588 3773 objectio
1625 3699 1930 3755 emerserit.

340 3797 493 3868 Quod
540 3798 704 3852 etiam
749 3797 803 3852 in
845 3796 1088 3866 epistola:
1131 3795 1237 3849 fine
1269 3794 1415 3850 facit.
1461 3793 1750 3865 Postquam
1788 3790 1932 3847 enim

341 3893 621 3947 innumera
671 3889 930 3960 pericula,
975 3887 1353 3954 contumelias,
1399 3887 1721 3950 anxietates,
1767 3898 1936 3954 angu-

342 3985 492 4049 etias,
523 3998 586 4037 ac
620 3991 816 4037 caitera
846 3980 1111 4051 ejusmodi
1141 3979 1434 4046 recensuit,
1464 3977 1583 4034 haec
1612 3977 1777 4034 verba
1808 3990 1935 4033 mox

341 4077 619 4148 subjuuxit
650 4093 663 4129 :
694 4074 817 4130 Non
846 4076 1078 4144 nosipsos
1108 4075 1545 4139 commendamus,
1577 4071 1666 4127 scd
1709 4069 1938 4125 occasio-

342 4186 461 4223 nem
507 4167 645 4224 vobis
682 4167 864 4221 damus
911 4167 1170 4239 gloriandi
1213 4166 1290 4239 (2.
1338 4164 1457 4223 Cor.
1502 4166 1557 4221 5.
1608 4164 1723 4236 1‘2).
1761 4163 1938 4232 Atque

346 4260 486 4317 istud
530 4275 745 4332 quoque
794 4274 980 4317 rursus
1025 4261 1136 4316 illic
1182 4261 1557 4325 vehementer,
1604 4266 1768 4328 atque
1810 4269 1935 4311 cum

346 4354 535 4427 majori
563 4354 931 4410 consolatione
956 4353 1123 4424 ponit.
1158 4352 1366 4408 Etenim
1395 4351 1484 4408 hic
1506 4350 1749 4406 caritatis
1776 4345 1940 4404 verba

344 4455 471 4504 sunt
501 4465 514 4502 :
545 4447 643 4500 Aut
672 4444 917 4517 numquid
942 4461 1166 4517 egemus,
1195 4444 1327 4500 sicut
1354 4444 1583 4514 quidam,
1616 4439 1940 4498 commenda-

344 4541 469 4596 titiis
495 4538 760 4610 epistolis?
791 4539 899 4594 illic
923 4547 1104 4594 autem
1132 4537 1442 4594 necessario
1478 4550 1610 4592 sane
1648 4548 1713 4589 ac
1739 4533 1942 4589 utiliter

347 4646 511 4687 sensu
556 4641 613 4686 et
658 4629 837 4686 animo
868 4629 1023 4700 plena
1064 4636 1192 4684 sunt
1230 4642 1351 4699 quas
1395 4625 1524 4681 dicit
1552 4645 1566 4681 :
1598 4624 1721 4680 Non
1767 4625 1937 4690 enim,

350 4723 544 4791 inquit,
572 4737 747 4775 rursus
769 4736 861 4774 nos
885 4720 1319 4787 commendamus,
1345 4719 1435 4774 sed
1460 4718 1775 4774 occasionem
1800 4717 1941 4772 vobis

348 4815 533 4871 damus
561 4813 856 4884 gloriandi;
893 4828 957 4869 ac
996 4828 1205 4878 rursus,
1241 4812 1438 4868 Putatis
1475 4813 1612 4884 quod
1640 4812 1777 4867 vobis
1819 4828 1943 4868 nos-

348 4909 489 4975 ipsos
532 4906 862 4962 excusemus?
908 4904 1092 4961 Coram
1146 4903 1252 4959 Deo
1300 4906 1355 4959 in
1403 4903 1606 4960 Christo
1660 4906 1938 4977 loquimur.

351 4998 527 5055 Timeo
552 5009 720 5054 autem
749 5014 812 5054 n‘e
839 5003 989 5070 forte,
1024 5015 1139 5053 cum
1161 5014 1366 5065 venero,
1389 5014 1491 5053 non
1519 4999 1692 5069 quales
1717 4999 1828 5054 volo
1858 4999 1942 5051 in-

350 5095 553 5150 veniam
581 5109 685 5154 vos.
727 5102 775 5147 et
815 5110 907 5164 ego
934 5093 1163 5147 inveniar
1189 5110 1222 5147 a
1260 5091 1400 5148 vobis
1430 5094 1630 5165 qualem
1659 5110 1760 5147 non
1791 5092 1943 5147 uultis

349 5186 432 5260 (2.
464 5186 584 5242 Cor.
618 5185 706 5242 12.
742 5186 829 5242 19.
862 5185 979 5257 20).
1022 5184 1303 5256 Siquidem
1336 5200 1405 5241 ne
1444 5184 1772 5241 adulationis
1820 5183 1941 5253 opi-

354 5281 573 5337 nionem
605 5279 813 5343 subeat,
842 5288 902 5335 ut
927 5282 1016 5351 qui
1043 5279 1304 5336 honorem
1333 5280 1403 5335 ab
1433 5280 1565 5352 ipsis
1600 5280 1825 5345 ambiat,
1861 5278 1945 5336 his

352 5372 531 5427 verbis
557 5367 725 5425 utitur
752 5387 765 5424 :
797 5369 969 5426 Timeo
998 5388 1061 5425 ne
1087 5371 1239 5441 forte,
1268 5387 1384 5425 cum
1416 5387 1617 5436 venero,
1646 5389 1747 5425 non
1771 5370 1946 5441 quales

352 5469 469 5517 volo
495 5462 746 5517 inveniam
788 5477 894 5528 vos,
926 5472 971 5517 et
996 5479 1086 5534 ego
1125 5463 1352 5518 inveniar
1387 5480 1421 5517 a
1451 5463 1591 5517 vobis
1620 5464 1819 5534 qualem
1845 5479 1947 5515 non

352 5554 524 5609 sultis.
560 5552 760 5609 Verum
788 5552 904 5607 lucc
928 5553 1143 5624 quidem
1170 5569 1279 5609 non
1305 5554 1425 5610 sine
1455 5554 1623 5608 multa
1654 5553 1948 5623 reprehen-

353 5648 541 5714 sione;
570 5648 720 5702 initio
749 5656 927 5703 autem
958 5662 1063 5701 non
1097 5647 1189 5713 ita,
1220 5646 1313 5703 sed
1341 5646 1540 5702 mitiori
1566 5661 1815 5701 sermone
1843 5646 1948 5699 uti-

357 5749 463 5793 tur.
487 5740 753 5808 Quidnam
787 5748 967 5795 autem
998 5739 1081 5795 his
1108 5740 1288 5794 verbis
1326 5739 1429 5796 sibi
1458 5737 1616 5792 vult?
1655 5738 1731 5792 De
1770 5746 1946 5792 tenta-

361 5830 597 5900 tionibus
634 5847 695 5888 ac
725 5830 976 5904 periculis
1003 5831 1257 5887 loouutus
1286 5837 1389 5901 est,
1417 5828 1667 5900 quodque
1694 5828 1888 5900 ubique
1917 5845 1947 5886 a

2024 503 2169 566 ptate
2215 496 2375 562 allici,
2416 508 2618 569 quanto
2656 498 2768 555 risu
2815 499 3116 569 existimas,
3167 517 3293 558 cum
3340 505 3611 575 ejusmodi

2019 603 2209 660 preces
2238 590 2425 645 audit?
2481 607 2641 663 quam
2695 594 2860 651 Deum
2918 595 3100 663 irasci,
3157 605 3320 667 teque
3369 603 3610 656 aversari

2021 688 2182 750 atque
2207 680 2406 749 odisse,
2436 696 2559 737 cum
2593 683 2716 738 talia
2745 685 2943 755 rogas?
2973 700 3080 756 quo
3101 687 3225 757 quid
3246 691 3462 759 gravius
3490 703 3615 750 esse

2019 773 2222 843 queat?
2251 771 2385 828 Nam
2411 773 2457 829 si
2485 773 2632 829 nefas
2653 783 2740 831 est
2783 790 2906 831 eum
2945 776 3013 832 ad
3040 780 3296 850 mysteria
3321 780 3603 849 accedere,

2022 862 2111 932 qui
2156 864 2404 921 inimicos
2434 864 2630 931 habet;
2662 881 2844 922 annon
2896 868 2961 935 is,
2995 868 3086 938 qui
3128 884 3233 925 non
3282 878 3490 926 tantum
3522 872 3618 928 ho-

2021 960 2158 1007 stem
2188 952 2366 1017 habet,
2397 955 2491 1010 sed
2530 956 2691 1010 etiam
2716 958 2767 1011 ei
2791 957 3135 1027 imprecatur,
3166 960 3234 1015 ab
3261 962 3378 1030 ipso
3405 976 3617 1033 quoque

2026 1043 2206 1115 templi
2233 1045 2436 1101 ambitu
2469 1046 2739 1103 arcendus
2766 1048 2884 1103 est?
2911 1049 3039 1106 Haac
3083 1050 3247 1122 igitur
3284 1054 3614 1124 cogitantes,

2023 1143 2183 1206 atque
2214 1136 2372 1207 hujus
2420 1136 2675 1194 sacriﬁcii
2726 1152 2944 1194 causam
2994 1153 3387 1212 agnoscentes,
3423 1159 3619 1216 nempe

2024 1226 2167 1298 quod
2198 1243 2296 1297 pro
2327 1228 2575 1286 hostibus
2604 1239 2869 1289 mactatus
2899 1233 3146 1290 Christus
3187 1234 3279 1303 s'it,
3325 1228 3377 1292 id
3428 1237 3616 1296 demta

2025 1332 2264 1389 operam,
2310 1329 2369 1376 ut
2416 1336 2483 1378 ne
2514 1322 2787 1379 inimicum
2831 1325 3048 1395 quidem
3094 1327 3418 1396 habeamus;
3466 1345 3530 1386 ac
3571 1332 3619 1389 si

2028 1408 2343 1480 habeamus,
2377 1428 2477 1483 pro
2521 1414 2615 1470 illo
2657 1430 2942 1485 precemur
2972 1434 2986 1471 :
3022 1426 3080 1473 ut
3120 1434 3219 1474 nos
3245 1435 3458 1491 quoque
3499 1437 3619 1493 pec-

2025 1514 2270 1559 catorum
2301 1514 2610 1562 nostrorum
2639 1508 2853 1564 veniam
2882 1512 3223 1583 consequuti,
3269 1529 3394 1569 cum
3428 1514 3623 1571 ﬁducia

2032 1594 2283 1651 tribunali
2331 1595 2529 1653 Christi
2583 1598 2894 1665 adstemus;
2940 1602 3026 1656 cui
3078 1602 3268 1672 gloria,
3312 1605 3615 1673 imperium,

2030 1686 2237 1756 honor,
2292 1705 2435 1747 nunc
2477 1698 2533 1747 et
2575 1704 2812 1763 semper,
2855 1700 2912 1748 et
2950 1693 3004 1748 in
3042 1695 3241 1750 smcula
3270 1697 3620 1756 executorum.

2030 1780 2227 1836 Amen.

3430 1831 3470 1842 ρ·

3212 2111 3620 2129 ψ

2030 2322 2140 2377 Deo
2171 2323 2528 2394 triumphatur
2561 2327 2614 2381 in
2655 2327 2891 2411 Christo,
2934 2338 3096 2401 atque
3141 2331 3288 2389 orbis
3337 2333 3619 2389 universus

2030 2413 2128 2470 hos
2158 2415 2459 2487 triumphos
2482 2419 2650 2474 novit.
2683 2419 2947 2487 Quoniam
2980 2422 3140 2491 igitur
3168 2423 3448 2494 magnifica
3474 2441 3623 2495 quae-

2028 2507 2152 2563 dam
2178 2508 2247 2564 de
2276 2524 2337 2565 se
2369 2511 2720 2583 proloquutus
2739 2523 2877 2581 erat,
2902 2515 3105 2571 idcirco
3130 2516 3489 2586 objectionem
3520 2518 3622 2574 sibi

2033 2598 2263 2669 ipsemet
2311 2603 2512 2670 struit,
2560 2604 2748 2661 dicens
2778 2623 2791 2659 :
2818 2605 3105 2677 Incipimus
3154 2609 3338 2663 iterum
3390 2611 3624 2680 nosipsos

2031 2692 2421 2747 commendare?
2448 2693 2603 2762 Quod
2633 2705 2814 2752 autem
2854 2696 2949 2764 ait,
2990 2697 3132 2754 hunc
3160 2713 3377 2754 sensum
3416 2700 3578 2757 habet
3605 2718 3622 2755 :

2034 2779 2285 2838 Fortasse
2330 2784 2597 2855 quispiam
2646 2786 2748 2843 hoc
2790 2786 2948 2845 nobis
2996 2789 3257 2859 objeccrit
3293 2789 3476 2857 :Quid
3522 2790 3626 2847 hoc

2033 2884 2136 2942 est,
2171 2875 2373 2933 Paule?
2412 2877 2527 2934 haec
2551 2878 2620 2937 de
2653 2889 2707 2938 te
2742 2880 2997 2953 loqueris,
3047 2898 3111 2939 ac
3140 2883 3370 2953 teipsum
3422 2883 3626 2940 eﬂers?

2036 2965 2185 3022 llauc
2214 2968 2375 3040 igitur
2400 2971 2761 3041 suspicionem
2788 2973 3026 3039 solvens,
3053 2974 3128 3029 ait
3153 2992 3167 3029 :
3195 2974 3316 3031 Non
3341 2976 3446 3031 hoc
3469 2975 3627 3031 volu-

2036 3073 2178 3128 mus,
2219 3075 2414 3131 nempe
2461 3064 2710 3135 nosipsos
2744 3064 2946 3135 jactare
2990 3074 3154 3137 atque
3195 3068 3441 3124 attollere
3469 3084 3484 3122 :
3514 3068 3627 3123 imo

2036 3157 2242 3206 tantum
2268 3151 2422 3210 abest
2442 3164 2500 3210 ut
2524 3156 2978 3213 commendatitiis
3006 3158 3074 3214 ad
3102 3174 3199 3216 vos
3225 3161 3466 3232 epistolis
3486 3175 3629 3231 opus

2036 3239 2353 3311 habeamus,
2398 3252 2459 3301 ut
2503 3260 2600 3302 vos
2641 3247 2743 3317 ipsi
2785 3248 2944 3305 nobis
2982 3250 3230 3321 epistolas
3273 3253 3447 3308 instar
3484 3254 3626 3309 sitis.

2035 3332 2093 3388 2.
2124 3332 2265 3388 Nam
2293 3337 2507 3405 epistola
2535 3348 2709 3395 nostra
2733 3356 2820 3396 vos
2837 3342 2976 3411 estis,
3010 3342 3202 3414 inquit.
3223 3344 3359 3413 Quid
3382 3354 3487 3413 est,
3530 3345 3631 3405 γω

2038 3427 2194 3482 estis?
2221 3426 2280 3483 Si
2308 3430 2780 3489 commendatione
2810 3435 2952 3504 apud
2995 3435 3131 3493 alios
3169 3451 3306 3507 opus
3333 3437 3464 3492 mihi
3492 3436 3629 3493 fuis-

2038 3528 2141 3585 set,
2176 3534 2272 3576 vos
2294 3520 2536 3591 epistola:
2558 3524 2680 3581 loco
2699 3525 2755 3580 in
2782 3525 3016 3582 medium
3044 3527 3413 3598 produxissem
3441 3545 3456 3582 :
3483 3527 3631 3598 quod

2038 3618 2096 3666 et
2138 3610 2190 3666 in
2223 3612 2386 3682 priori
2425 3613 2654 3684 epistola
2679 3615 2900 3673 dicebat
2921 3634 2937 3675 :
2961 3616 3298 3690 Signaculum
3326 3620 3462 3674 enim
3498 3635 3630 3691 apo-

2039 3704 2254 3760 stolatas
2282 3707 2380 3761 mei
2406 3722 2492 3763 vos
2511 3708 2630 3764 estis
2653 3708 2729 3779 (l.
2754 3708 2873 3766 Cor.
2896 3710 2952 3767 9.
2979 3709 3058 3783 2).
3086 3713 3157 3767 At
3176 3712 3279 3768 hoc
3302 3713 3420 3769 loco
3446 3713 3501 3769 id
3522 3727 3628 3769 non

2042 3795 2115 3852 ita
2140 3797 2412 3869 exprimit,
2454 3798 2549 3855 sed
2576 3814 2674 3870 per
2698 3799 2928 3856 ironiam
2956 3801 3264 3873 quamdam,
3310 3812 3369 3859 ut
3394 3803 3629 3874 majores

2041 3891 2258 3946 aculeos
2291 3892 2522 3948 orationi
2570 3891 2733 3949 addat
2763 3912 2777 3949 :
2808 3895 2913 3949 Aut
2951 3896 3198 3966 nutuquid
3237 3912 3440 3968 egemus
3484 3912 3628 3952 com-

2043 3985 2352 4041 mendatitiis
2391 3986 2663 4057 epistolis?
2704 3988 2881 4059 Atque
2910 3988 3354 4059 pseudapostolos
3379 3991 3628 4055 innuens,

2043 4076 2306 4147 subjecit:
2338 4077 2486 4134 Sicut
2512 4078 2722 4148 quidam
2747 4079 2817 4135 ad
2854 4096 2963 4148 uos,
2994 4089 3082 4136 aut
3112 4096 3175 4135 ea:
3194 4080 3335 4136 vobis
3376 4098 3631 4137 comma.

2045 4166 2237 4222 datitiis
2261 4168 2510 4237 epistolis,
2534 4169 2599 4226 ad
2621 4169 2773 4226 alios.
2802 4170 3009 4227 Deinde
3026 4171 3278 4243 quoniam
3304 4187 3465 4243 grave
3491 4182 3628 4240 erat,

2045 4262 2187 4332 quod
2211 4262 2442 4329 dixerat,
2463 4262 2515 4318 id
2532 4263 2761 4335 mitigat,
2785 4265 2903 4320 haec
2924 4265 3091 4321 verba
3113 4265 3443 4337 subjungens
3464 4283 3478 4321 :
3500 4266 3630 4338 Epi-

2045 4355 2179 4410 stola
2201 4363 2377 4410 nostra
2401 4371 2488 4410 vos
2513 4358 2632 4410 estis
2650 4357 2840 4428 scripta
2858 4358 2913 4412 in
2931 4358 3168 4412 cordibus
3189 4360 3395 4427 nostris,
3412 4374 3527 4430 qua
3544 4359 3635 4414 sci-

2048 4455 2131 4503 tur
2146 4457 2191 4502 et
2207 4447 2390 4519 legitur
2407 4448 2470 4502 ab
2492 4449 2725 4505 omnibus
2751 4448 3035 4504 hominibus
3052 4465 3073 4504 :
3094 4451 3147 4507 5.
3168 4450 3477 4521 manifestati
3500 4450 3635 4521 quod

2047 4541 2263 4611 epistola
2290 4541 2408 4599 estis
2430 4540 2646 4597 Christi.
2678 4540 2792 4598 Hoc
2818 4542 2941 4597 loco
2968 4557 3075 4597 non
3094 4542 3272 4598 solum
3301 4543 3521 4611 amoris,
3541 4542 3636 4598 sed

2048 4633 2210 4689 etiam
2230 4641 2374 4689 recte
2394 4632 2654 4691 factorum
2677 4634 3042 4689 testimonium
3064 4634 3195 4704 ipsis
3217 4633 3423 4703 tribuit,
3441 4635 3639 4706 quippe

2048 4725 2138 4797 qui
2175 4725 2442 4796 ejusmodi
2480 4725 2618 4791 sint,
2649 4734 2703 4783 ut
2727 4725 2969 4796 magistri
2999 4726 3312 4796 dignitatem
3344 4740 3441 4797 per
3469 4725 3640 4781 virtu-

2050 4825 2157 4872 tem
2204 4831 2356 4871 suam
2380 4816 2754 4875 demonstrare
2782 4824 3003 4887 queant.
3036 4816 3151 4873 Hoc
3185 4817 3343 4872 enim.
3373 4817 3643 4888 signiﬁcat

2049 4908 2194 4977 quod
2236 4908 2333 4975 ait,
2379 4906 2618 4977 Epistola
2663 4917 2837 4962 nostra
2876 4923 2965 4963 vos
3000 4908 3139 4962 estis.
3186 4907 3245 4963 ld
3284 4908 3427 4978 quod
3472 4907 3643 4964 litem

2050 4998 2330 5065 fecissent,
2360 5014 2557 5068 nempe
2584 5007 2644 5055 ut
2671 5013 2771 5057 nos
2799 4990 3264 5064 commendarent,
3291 5013 3356 5054 ac
3384 5015 3645 5055 revereri.

2052 5092 2180 5149 tiam
2225 5092 2381 5149 nobis
2426 5091 2814 5169 conciliarent;
2862 5090 2966 5147 hoc
3022 5092 3124 5161 ipsi
3173 5092 3463 5163 praestatis,
3515 5093 3644 5147 dum

2053 5183 2298 5239 homines
2350 5199 2447 5240 vos
2494 5183 2677 5241 vident
2728 5192 2889 5254 atque
2942 5183 3186 5239 audiunt.
3246 5183 3640 5255 Discipulorum

2052 5276 2195 5331 enim
2238 5276 2429 5344 virtus,
2465 5276 2721 5347 magistro
2761 5276 2881 5345 plus
2916 5276 3244 5340 ornamenti,
3290 5286 3453 5347 atque
3496 5292 3642 5332 com-

2054 5366 2410 5425 mendationis
2460 5366 2650 5432 ailert,
2696 5381 2858 5437 quam
2903 5366 3009 5421 ulla
3053 5367 3303 5437 epistola.
3337 5368 3542 5438 Scripta
3584 5367 3641 5420 in

2053 5459 2290 5513 cordibus
2315 5461 2520 5514 nostris.
2564 5458 2677 5514 Hoc
2703 5468 2807 5524 est,
2838 5473 2999 5529 quam
3027 5473 3216 5516 omnes
3244 5469 3440 5515 norunt
3466 5476 3481 5511 :
3505 5457 3642 5513 adeo

2056 5550 2307 5606 nimirum
2348 5566 2445 5607 vos
2470 5565 2682 5621 quoquo
2709 5550 2949 5622 gentium
2988 5552 3438 5615 circumferimus,
3478 5560 3644 5623 atque

2055 5646 2236 5704 animo
2279 5658 2576 5701 versamus.
2627 5644 2742 5700 Non
2788 5660 2946 5703 secus
2989 5661 3054 5703 ac
3082 5647 3135 5703 si
3168 5647 3372 5702 diceret
3403 5664 3416 5699 :
3448 5645 3643 5701 Nostra

2055 5737 2192 5807 apud
2223 5738 2355 5792 alios
2376 5736 2776 5793 commendatio
2796 5752 2892 5794 vos
2917 5740 3051 5795 estis
3079 5756 3094 5793 :
3116 5754 3216 5793 vos
3241 5738 3384 5794 enim
3407 5736 3460 5792 in
3482 5737 3647 5793 corde

2057 5844 2272 5902 semper
2301 5828 2584 5900 habemus,
2629 5843 2694 5885 ac
2720 5839 2897 5888 vestra
2937 5840 3085 5889 recte
3124 5830 3261 5887 facta
3291 5827 3434 5902 apud
3463 5843 3652 5885 omnes
