4068 6438
392 348 501 405 455

388 462 560 528 οὕτως
588 460 638 515 οἰ
667 458 982 527 ἀδικοῦντες
1008 464 1136 529 τοὺς
1158 465 1313 521 οὐδὲν
1354 472 1642 539 ποιοῦντας
1672 477 1857 543 αὐτοῖς
1883 497 1979 535 κα-

263 628 271 636 .
387 556 504 623 κδν,
535 556 632 611 an
655 555 754 643 τὰς
779 552 993 610 ἑαυτῶν
1019 557 1345 630 πλήττοντες
1365 562 1564 635 ψυχὰς,
1589 569 1802 626 πολλῶν
1827 571 1979 644 ὀδυρ.

390 648 507 720 μῶν
543 648 687 714 ἄξιοι
712 630 808 703 καὶ
842 648 1079 721 θρήνων,
1101 652 1203 705 οὐκ
1225 630 1396 724 ἀρῶν.
1433 630 1601 712 δύδέν
1627 660 1737 732 γὰρ
1763 630 1976 735 μιαρῶ-

384 756 439 791 τε
450 756 541 810 ρον
563 739 746 811 ψυχῆς
769 740 1084 812 ἀρωμένης,
1113 744 1237 798 ούδέ
1266 745 1512 821 γλώττης
1537 751 1977 828 ἀκαθαρτότερον

382 832 606 886 τοιαῦτα
624 832 880 905 θυούσης.
912 834 1231 920 Ιᾏνθρωπος
1264 835 1337 904 εἰ,
1375 841 1448 912 μὴ
1474 844 1719 899 ἀσπίδων
1752 846 1829 901 ἰὸν
1854 849 1976 920 ἐμέ-

386 936 518 995 σῃς·
572 922 859 994 ἄνθρωπος
906 919 992 995 εἴ,
1027 926 1102 997 μὴ
1138 927 1268 1001 γένῃ
1317 930 1523 1002 θηρίον.
1568 937 1666 991 Διά
1699 937 1859 994 τοῦτό
1891 919 1974 995 σοι

385 1014 557 1106 στόμα
584 1015 829 1085 γέγονεν,
858 1017 955 1088 οὐχ
1004 1019 1089 1072 ἵνα
1118 1019 1339 1093 δάκνῃς,
1382 1024 1499 1079 ἀλλ’
1536 1026 1624 1081 ἵνα
1662 1029 1975 1106 θεραπεύῃς

381 1105 447 1160 τὰ
474 1106 677 1177 ἐτέρων
700 1108 1009 1179 τραύματα.
1045 1111 1449 1185 Ἀναμνήσθητι
1474 1117 1527 1169 τί
1556 1134 1637 1171 σοι
1663 1105 1970 1192 παρῄνεσα,

383 1198 547 1268 φησιν
572 1199 598 1251 ό
638 1199 772 1267 Θεός
793 1217 807 1231 ·
845 1205 1151 1273 συγχωρεῖν
1184 1205 1278 1259 καὶ
1311 1206 1552 1275 ἀφιέναι.
1578 1210 1650 1263 Σὺ
1673 1210 1844 1266 δὲκαὶ
1868 1214 1972 1284 ἐμὲ

380 1291 722 1359 παρακαλεῖς
769 1293 1029 1349 κοινωνὸν
1079 1293 1335 1364 γενέσθαι
1367 1300 1467 1366 τῆς
1502 1301 1822 1374 ἀνατροπῆς
1861 1305 1972 1359 τῶν

380 1381 528 1452 ἐμῶν
563 1384 1023 1455 προσταγμάτων,
1062 1387 1155 1441 καὶ
1195 1387 1399 1454 ἐσθίεις
1429 1391 1524 1445 τὸν
1566 1393 1827 1463 ἀδελφὺν,
1878 1398 1971 1450 καὶ

378 1477 671 1544 φοινίττεις
700 1476 800 1548 τὴν
832 1478 1101 1547 γλῶτταν,
1130 1479 1387 1552 καθάπερ
1422 1485 1471 1536 οἱ
1510 1486 1830 1556 μαινόμενοι
1859 1489 1970 1543 ἀπὸ

377 1576 487 1632 τῶν
517 1578 736 1633 οἰκείων
771 1579 949 1650 μελῶν
978 1582 1103 1646 τοὺς
1158 1581 1396 1646 ὀδόντας.
1444 1584 1568 1649 Πῶς
1598 1586 1699 1640 οἴει
1733 1587 1823 1642 τὸν
1848 1588 1969 1643 διά-

388 1847 1123 1869 hum

1390 354 1459 410 ΙΝ
1494 355 1603 411 EPI
1623 357 1727 415 ST.
1770 362 1816 417 ll
1846 363 1941 419 AD
1978 365 2135 423 (ΞΟΠ.
2177 368 2412 427 HOMIL.
2468 372 2557 428 Vl.

3561 369 3669 433 £56

2083 486 2238 540 ϐολον
2267 489 2491 559 ἥδεσθαι
2520 489 2614 542 καὶ
2648 490 2834 563 γελᾷν,
2863 493 2992 546 ὅταν
3020 492 3276 564 τοιαύτης
3320 492 3482 564 εὐχῆς
3506 495 3672 548 ἀκού⁴

2083 595 2188 650 σῃ;
2224 581 2342 644 πῶς
2375 581 2467 634 τὸν
2493 582 2625 635 Θεὸν
2662 584 3061 654 παροξύνεσθαι
3093 586 3187 640 καὶ
3227 585 3671 657 ἀποστρέφεσθαι

2081 671 2177 724 καὶ
2200 675 2401 741 μισεῖν,
2426 674 2810 739 ὅταν-τοιαῦτα
2840 677 3162 748 παρακαλῇς
3187 692 3202 740 ;
3223 670 3283 730 οὗ
3306 674 3358 728 τί
3380 675 3580 745 γένοιτ’
3603 673 3672 728 ἂν

2080 759 2498 832 χαλεπώτερον;
2531 762 2597 815 Εἰ
2633 762 2743 834 γὰρ
2778 765 3102 837 μυστηρίοις
3136 767 3196 819 ού
3237 766 3343 836 χρὴ
3386 765 3667 839 προσιέναι

2079 851 2306 923 ἐχθροὺς
2336 853 2530 923 ἔχοντα
2552 872 2566 886 ·
2595 858 2687 910 τὸν
2713 858 2813 911 οὐκ
2842 857 3031 928 ἔχοντα
3062 858 3244 930 μόνον.
3274 858 3407 911 ἀλλὰ
3432 859 3524 911 καὶ
3542 875 3671 914 κατ-

2078 944 2388 1015 ευχόμενον,
2417 946 2535 1011 πῶς
2553 949 2675 1020 οὐχὶ
2703 951 2798 1004 καὶ
2822 950 2928 1004 τῶν
2948 950 3251 1021 περιϐόλων
3275 950 3452 1003 αὐτῶν
3474 949 3671 1021 ἀπείρο

2076 1037 2269 1106 γεσθαι
2295 1039 2408 1106 δεῖ;
2440 1039 2604 1095 Ταῦτ’
2634 1037 2727 1096 οὖν
2759 1043 3089 1110 ἐννοοῦντες,
3110 1045 3207 1097 καὶ
3234 1041 3332 1114 τῆς
3354 1043 3545 1107 θυσίας
3568 1043 3668 1113 τὴν

2077 1130 2338 1186 ὑπόθεσιν
2364 1133 2587 1200 εἰδότες,
2616 1136 2697 1188 ὅτι
2722 1136 2863 1207 ὑπὲρ
2893 1137 3102 1207 ἐχθρῶν
3129 1136 3318 1209 ἐτύθη.
3349 1137 3488 1209 μήτε
3512 1134 3665 1209 [475]

2074 1222 2268 1293 ἐχθρὸν
2297 1224 2533 1297 ἔχωμεν,
2560 1229 2666 1281 κᾶν
2689 1228 2922 1299 ἔχωμεν,
2954 1230 3389 1301 ὑπερευχώμεθα
3407 1245 3420 1258 ·
3452 1231 3538 1284 ἵνα
3569 1229 3667 1283 καὶ

2075 1317 2236 1386 ἡμεῖς
2268 1317 2379 1370 τῶν
2405 1318 2812 1389 ἡμαρτημένων
2842 1321 2972 1390 ἡμῖν
3001 1320 3257 1384 λαϐόντες
3292 1319 3663 1391 συγχώρησιν,

2076 1409 2212 1478 μετά
2247 1409 2558 1481 παρρησίας
2583 1409 2661 1480 τῷ
2699 1409 2905 1482 βήματι
2948 1412 3043 1465 τοῦ
3091 1411 3328 1482 Χριστοῦ
3370 1411 3664 1482 παραστῶ-

2075 1517 2209 1571 μεν·
2243 1494 2287 1569 ᾧ
2318 1503 2352 1572 ἡ
2383 1502 2530 1568 δόξα,
2574 1502 2795 1574 κράτος,
2861 1503 2996 1577 τιμὴ
3033 1502 3129 1557 νῦν
3161 1504 3255 1558 καὶ
3295 1505 3404 1570 ἀεὶ,
3446 1506 3539 1559 καὶ
3584 1507 3667 1571 εἰς

2070 1593 2197 1655 τοὺς
2221 1593 2424 1657 αἰῶνας
2447 1594 2556 1649 τῶν
2588 1595 2822 1650 αἰώνων.
2868 1597 3065 1668 Ἀμήν.

1862 2070 2107 2126 ΟΜΙΛΙΑ
2146 2071 2238 2142 ις’.

385 2250 713 2321 Ἀρχόμεθα
766 2250 956 2306 πάλιν
990 2251 1247 2318 ἑαυτοὺς
1297 2251 1739 2315 συνιστάνεινῖ
1777 2254 1827 2307 ει
1876 2252 1962 2323 μὴ

442 2343 756 2414 χρῄζομεν,
812 2344 894 2412 ὥς
949 2362 1130 2413 τινες,
1189 2346 1576 2400 συστατικῶν
1622 2345 1965 2401 ἐπιστολῶν

442 2437 593 2507 πρὸς
628 2436 801 2506 ὑμᾶς,
829 2437 867 2506 ἢ
892 2436 962 2502 ἐξ
990 2437 1194 2509 ὑμῶν;

440 2534 506 2580 α’.
534 2528 712 2600 Ὅπερ
742 2526 967 2599 ἔμελλεν
1004 2528 1151 2600 αὐτῷ
1181 2530 1313 2602 παρ’
1349 2530 1553 2602 ἐτέρων
1592 2531 1963 2605 ἀνθυποφέρε-

373 2620 516 2683 σθαι,
535 2620 616 2674 ὅτι
642 2621 923 2693 Ἐπαίρεις
956 2622 1170 2688 σαυτὸν,
1196 2622 1352 2677 τοῦτο
1380 2623 1664 2695 προλαϐὼν
1684 2626 1845 2691 αὐτὸς
1875 2627 1965 2682 τέ-

371 2712 541 2767 θεικε·
558 2713 735 2768 καίτοι
753 2713 993 2787 τοσαύτῃ
1010 2714 1384 2787 ἐπιδιορθώσει
1401 2718 1749 2790 χρησάμενος
1763 2718 1963 2791 ἔμπρο-

372 2804 517 2872 σθεν,
560 2807 655 2861 καὶ
693 2805 884 2872 εἰπὼν,
930 2807 1086 2878 Πρὸς
1112 2808 1299 2864 ταῦτα
1328 2811 1418 2877 τίς
1447 2812 1655 2877 ἱκανός
1681 2829 1703 2877 ;
1733 2813 1846 2879 καὶ,
1878 2813 1959 2867 ὅτι

382 2897 487 2964 Ἓξ
508 2900 895 2969 εἰλικρινείας
917 2901 1249 2972 λαλοῦμενο
1273 2903 1386 2958 ἀλλ’
1409 2903 1559 2975 ὅμως
1580 2906 1681 2960 οὐκ
1710 2909 1960 2979 ἀρκεῖται

371 2990 620 3055 ἐκείνοις.
669 2991 923 3047 Τοιοῦτον
972 2992 1080 3063 γὰρ
1114 2994 1280 3048 αὑτοῦ
1335 2997 1397 3049 τὸ
1448 2991 1608 3068 ἦθος*
1638 2997 1733 3051 τοῦ
1782 2999 1960 3053 δοκεῖν

371 3082 501 3154 περὶ
530 3081 726 3137 ἑαυτοῦ
783 3082 925 3153 μέγα
968 3102 1021 3138 τι
1051 3084 1230 3155 λέγειν
1272 3087 1461 3158 πόρρω
1502 3087 1831 3160 καθέστηκε,
1866 3090 1961 3144 καὶ

374 3173 516 3245 μετὰ
555 3173 755 3246 πολλῆς
783 3175 883 3247 τῆς
911 3178 1228 3248 περιουσίας
1257 3177 1388 3231 αὐτὸ
1422 3178 1614 3248 φεύγει
1654 3181 1749 3233 καὶ
1792 3181 1961 3253 ὑπερο

371 3264 556 3338 ϐολῆς.
606 3267 679 3318 Σὺ
719 3265 776 3318 δέ
829 3283 921 3336 μοι
961 3266 1259 3321 κάντεῦθεν
1284 3267 1478 3322 σκόπει
1518 3269 1618 3341 τὴν
1641 3272 1959 3345 περιουσίαν

370 3356 538 3411 αὐτοῦ
565 3358 664 3428 τῆς
697 3357 909 3426 σοφίας.
930 3358 1172 3430 Πρᾶγμα
1198 3357 1309 3431 γὰρ
1329 3360 1521 3414 δοκοῦν
1542 3357 1682 3416 εῖναι
1708 3364 1958 3435 σκυθρω-

370 3449 494 3513 πὸν,
519 3449 618 3512 τάς
647 3449 857 3521 θλίψεις
883 3450 1047 3520 λέγω,
1071 3450 1244 3515 οὓτως
1270 3453 1466 3526 ἐπῆρε,
1501 3455 1597 3509 καὶ
1624 3455 1791 3522 ἔδειξε
1820 3458 1959 3529 λαμ-

371 3543 507 3614 πρὺν
544 3542 604 3596 ὃν
638 3544 729 3597 καὶ
758 3544 1078 3616 περιφανὲς,
1104 3543 1178 3608 ὡς
1200 3547 1406 3618 ταύτην
1430 3547 1581 3620 αὐτῷ
1611 3548 1711 3621 τὴν
1746 3550 1959 3604 ἀντίθε-

373 3651 458 3687 σιν
488 3635 553 3687 ἐκ
589 3634 698 3688 τῶν
725 3636 1032 3706 εἰρημένων
1074 3636 1372 3707 ἀνακύψαι.
1406 3640 1558 3693 Ποιεί
1604 3641 1660 3694 δὲ
1690 3642 1823 3695 αὐτὸ
1861 3643 1956 3697 καὶ

372 3725 509 3796 πρὸς
534 3724 612 3795 τῷ
636 3725 800 3780 τέλει.
837 3726 991 3781 Μετά
1011 3727 1121 3798 γὰρ
1150 3728 1212 3782 τὸ
1242 3730 1473 3803 μυρίους
1506 3732 1810 3805 ἀριθμῆσαι
1836 3751 1955 3788 κιν-

369 3818 581 3882 δύνους.
608 3818 814 3890 ὕϐρεις,
843 3822 1223 3892 στενοχωρίας,
1246 3824 1512 3893 ἀνάγκας,
1541 3826 1637 3879 καὶ
1652 3828 1752 3880 ὅσα
1772 3826 1957 3881 τοιαῦ-

370 3929 461 3976 τα,
495 3912 745 3982 ἐπήγαγε
768 3912 963 3981 λέγων,
1007 3916 1131 3983 Οὐχ
1160 3915 1417 3983 ἑαυτοὺς
1461 3918 1913 3989 συνιστάνομεν
1936 3961 1952 3988 ,

369 4005 507 4059 ἀλλ’
526 4002 807 4074 ἀφορμὴν
834 4004 1104 4072 διδόντες
1130 4006 1273 4076 ὑμῖν
1297 4010 1706 4078 καυχήματος,
1734 4011 1847 4064 Καὶ
1873 4011 1954 4064 τί-

370 4096 527 4169 θησιν
554 4097 685 4151 αὐτὸ
713 4098 876 4152 πάλιν
906 4098 1025 4152 ἐκεῖ
1068 4099 1336 4170 σφοδρῶς,
1383 4101 1479 4154 καὶ
1528 4102 1667 4173 μετὰ
1708 4102 1953 4167 πλείονος

368 4188 743 4260 παραμυθίας.
792 4188 1060 4244 Ἐνταῦθα
1099 4190 1198 4261 μὲν
1225 4190 1334 4263 γὰρ
1361 4192 1583 4264 ἀγάπης
1614 4194 1731 4249 ἐστὶ
1756 4193 1825 4247 τὰ
1855 4195 1954 4265 ρή..

369 4296 536 4350 ματα,
575 4282 647 4335 Εἰ
671 4279 758 4350 μὴ
782 4278 1076 4351 χρῄζομεν
1101 4279 1184 4349 ὥς
1214 4298 1374 4349 τινες
1410 4283 1798 4339 συστατικῶν
1824 4287 1952 4341 ἐπι-

365 4370 607 4425 στολῶν
622 4389 641 4435 ;
672 4372 789 4426 ἐκεῖ
815 4372 872 4426 δὲ
896 4373 1058 4445 γέμει
1098 4373 1244 4438 τινὸς
1272 4372 1368 4428 τοῦ
1395 4377 1742 4448 φρονήματος
1770 4376 1837 4431 τὰ
1868 4376 1953 4432 λε-

366 4462 575 4533 γόμενα
608 4464 925 4534 ἀναγκαίως
971 4464 1069 4520 καὶ
1109 4466 1398 4539 χρησίμως
1437 4469 1530 4521 καὶ
1560 4467 1736 4540 θυμοῦ
1776 4480 1825 4523 ³.
1868 4472 1950 4524 Οὐ

366 4552 478 4623 γὰρ
509 4552 717 4620 πάλιν,
770 4555 956 4625 φησιν,
1010 4556 1267 4625 ἑαυτοὺς
1310 4557 1781 4629 συνιστάνομεν,
1810 4559 1948 4614 ἀλλ’

365 4643 649 4712 ἀφορμὴν
685 4643 959 4711 διδόντες
992 4646 1137 4716 ὑμῖν
1159 4648 1546 4720 καυχήματος
1567 4669 1580 4682 ο
1614 4652 1733 4716 καὶ,
1754 4650 1950 4706 Πάλιν

360 4734 613 4803 δοκεῖτε,
638 4738 729 4791 ὅτι
749 4737 893 4808 ὑμῖν
912 4739 1404 4812 ἀπολογούμεθα;
1428 4743 1557 4796 Ὅτι
1577 4743 1948 4798 κατενώπιον

360 4828 466 4882 τοῦ
502 4828 650 4884 Θεοῦ
680 4830 752 4884 ἐν
778 4831 1012 4900 Χριστῷ
1030 4834 1359 4904 λαλοῦμεν.
1406 4835 1707 4907 Φοϐοῦμαι
1735 4835 1845 4907 γὰρ
1861 4837 1947 4908 μή

360 4936 486 4988 πως
517 4920 713 4977 ἐλθὼν
741 4924 855 4993 οὐχ
899 4925 1069 4991 οἵους
1093 4925 1249 5008 θέλω
1295 4926 1449 4997 εὕρω
1497 4926 1679 5001 ὑμᾶς,
1710 4930 1808 4984 καὶ
1834 4929 1950 5000 ἐγὼ

358 5012 580 5082 εὑρεθῶ
611 5015 756 5083 ὑμῖν
781 5014 912 5071 οἷον
938 5020 1010 5071 οὐ
1034 5013 1261 5075 θέλετε.
1292 5020 1412 5075 Ἵνα
1451 5021 1559 5096 γὰρ
1590 5023 1666 5095 μὴ
1694 5021 1820 5094 δόξῃ
1853 5040 1947 5077 κο-

357 5101 580 5167 λακείας
608 5105 767 5171 δόξαν
796 5105 1119 5178 λαμϐάνειν,
1149 5108 1224 5174 ὡς
1247 5111 1533 5182 ἐφιέμενος
1556 5113 1655 5184 τῆς
1680 5115 1811 5185 παρ’
1845 5114 1944 5168 αὖ-

354 5194 465 5248 τῶν
487 5196 673 5265 τιμῆς,
720 5198 896 5253 ταῦτά
923 5217 1079 5272 φησι,
1130 5201 1430 5273 Φοϐοῦμαι
1462 5203 1548 5273 μή
1596 5220 1723 5271 πως
1749 5203 1947 5259 ἐλθὼν

353 5286 470 5355 οὐχ
505 5285 673 5351 οἵους
703 5288 854 5342 θέλω
897 5292 1051 5360 εὕρω
1078 5293 1256 5364 ὑμᾶς,
1304 5296 1467 5369 κάγὼ
1511 5296 1735 5366 εὑρεθῶ
1778 5300 1942 5371 ὑμῖν,

355 5375 486 5431 οἷον
504 5378 577 5432 οὐ
597 5375 819 5434 θέλετε.
859 5382 1021 5443 Ἀλλὰ
1056 5387 1233 5442 ταῦτα
1279 5390 1377 5460 μὲν
1427 5391 1569 5462 μετά
1605 5394 1944 5465 κατηγορίας

355 5470 557 5542 πολλῆς
582 5488 596 5503 ⁸
625 5473 685 5525 ὲν
708 5473 850 5545 ἀρχῇ
876 5475 933 5529 δὲ
967 5478 1067 5548 οὐχ
1098 5478 1274 5545 οὕτως
1297 5521 1313 5549 ,
1335 5483 1452 5537 ἀλλ’
1476 5483 1849 5556 ἡμερώτερον.
1876 5485 1942 5537 Τί

352 5561 410 5616 δέ
433 5565 579 5619 ἐστιν
603 5567 634 5619 ὃ
662 5583 863 5637 φησιν;
892 5563 1028 5623 Εἴπε
1063 5572 1333 5643 περὶ-τῶν
1354 5578 1678 5648 πειρασμῶν
1702 5579 1796 5632 καὶ
1829 5577 1939 5632 τῶν

353 5652 634 5715 κινδύνων.
664 5658 760 5711 καὶ
809 5658 892 5712 ὅτι
949 5663 1228 5732 πανταχοῦ
1261 5666 1604 5740 πομπεύεται
1656 5668 1810 5740 παρά
1841 5666 1936 5721 τοῦ

423 5826 450 5856 ⁸
476 5826 735 5891 Legebamr
757 5832 1067 5895 φρονήματος.

2067 2252 2204 2307 Θεοῦ
2239 2255 2298 2308 ὲν
2338 2254 2415 2326 τῷ
2466 2256 2712 2327 Χριστῷ,
2767 2257 2860 2311 καὶ
2907 2257 2940 2328 ἡ
2982 2256 3274 2328 οἰκουμένη
3331 2259 3479 2312 πᾶσα
3536 2259 3663 2323 τοὺς

2067 2345 2375 2417 θριάμϐους
2399 2343 2508 2401 οἶδε
2535 2348 2779 2413 τούτους.
2821 2348 2975 2401 Ἐπεὶ
3006 2344 3101 2402 οὖν
3131 2349 3345 2418 μεγάλα
3389 2350 3519 2420 περὶ
3559 2352 3659 2404 αύ-

2064 2437 2160 2490 τυῦ
2195 2436 2536 2507 ἐφθέγξατο,
2582 2440 2955 2511 ἀνθυποφέρει
2992 2439 3169 2509 ἐαυτῷ
3210 2439 3412 2507 λέγων’
3460 2441 3660 2509 Ἀρχό-

2060 2532 2215 2598 μεθα
2258 2529 2448 2584 πάλιν
2487 2530 2743 2596 ἑαυτοὺς
2789 2530 3226 2595 συνιστάνειν;
3286 2531 3350 2584 "O
3382 2530 3439 2585 δὲ
3487 2531 3656 2599 λέγει,

2062 2620 2225 2675 τοῦτό
2263 2624 2440 2677 ἐστιν’
2503 2622 2668 2686 Ἴσως
2704 2638 2789 2686 τις
2822 2623 2954 2693 ἡμῖν
2997 2623 3233 2693 ἀντερεῖ,
3270 2622 3336 2676 Τί
3392 2622 3572 2687 τοῦτο,
3611 2617 3658 2676 ὦ

2064 2713 2278 2780 Παῦλε;
2302 2713 2476 2768 ταῦτα
2506 2732 2573 2767 πε
2583 2714 2637 2785 ρί
2672 2712 2903 2768 σεαυτοῦ
2931 2713 3129 2781 λέγεις,
3164 2713 3257 2767 καὶ
3281 2713 3476 2768 σαυτὸν
3497 2715 3658 2767 ἐπαί-

2067 2816 2210 2872 ρεις;
2238 2800 2457 2873 Ταύτην
2486 2797 2583 2856 οὖν
2627 2802 2770 2857 λύων
2802 2802 2901 2873 τὴν
2934 2803 3211 2868 ὑπόνοιαν,
3243 2804 3429 2874 φησὶν,
3466 2803 3543 2857 ὅτι
3579 2803 3657 2857 Οὐ

2062 2892 2221 2946 τοῦτο
2247 2890 2578 2963 βουλόμεθα,
2598 2888 2711 2947 οἷον
2740 2893 3049 2965 κομπάζειν
3086 2894 3180 2947 καὶ
3230 2895 3457 2958 ἑαυτοὺς
3497 2895 3659 2949 ἐπαί-

2066 3000 2216 3054 ρειν’
2274 2982 2429 3057 [474]
2469 2983 2608 3039 ἀλλά
2659 2985 2915 3039 τοσοῦτον
2955 2985 3232 3056 ἀπέχομεν
3275 2984 3370 3038 τοῦ
3398 2984 3658 3056 δεηθῆναι

2063 3074 2200 3147 πρὸς
2224 3076 2368 3147 ὑμᾶς
2392 3076 2735 3131 συστατικῶν
2765 3076 3089 3142 ἐπιστολῶν,
3115 3077 3192 3140 ὡς
3217 3078 3362 3147 ὑμᾶς
3388 3076 3509 3130 ἀντὶ
3537 3080 3657 3131 ἐπιο

2064 3167 2259 3239 στολῆς
2288 3167 2455 3238 ἔχειν.
2496 3170 2567 3223 ἸΙ
2592 3168 2702 3240 γὰρ
2729 3169 3028 3237 ἐπιστολὴ
3067 3168 3237 3237 ἡμῶν
3274 3169 3447 3239 ὑμεῖς
3491 3169 3654 3235 ἐστε,

2062 3259 2216 3330 φησί.
2247 3260 2312 3312 Τί
2353 3262 2522 3327 ἐστιν,
2579 3260 2779 3330 Ὑμεῖς
2806 3262 2985 3325 ἐστε;
3016 3261 3079 3314 Εἰ
3119 3259 3229 3313 ἔδει
3261 3259 3395 3332 πρὸς
3433 3259 3656 3330 ἐτέρους

2062 3355 2210 3424 ἡμᾶς
2239 3354 2600 3425 συσταθῆναι,
2652 3355 2798 3425 ὑμᾶς
2833 3354 2899 3409 ἂν
2937 3354 3337 3425 παρηγάγομεν
3376 3354 3458 3416 εἰς
3490 3352 3657 3424 μέσον

2060 3446 2175 3500 ἀντ’
2195 3447 2506 3518 ἐπιστολῆς·
2528 3446 2556 3499 ὃ
2578 3448 2672 3501 καὶ
2694 3450 2755 3501 ἐν
2780 3449 2844 3519 τῇ
2870 3446 3112 3518 προτέρᾳ
3128 3445 3417 3517 Ἐπιστολῇ
3437 3445 3652 3513 ἔλεγεν*

2077 3540 2148 3593 Ἠ
2173 3540 2283 3608 γὰρ
2306 3540 2568 3609 σφραγὶς
2604 3538 2717 3606 τῆς
2733 3538 2884 3608 ἐμῆς
2904 3536 3261 3605 ἀποστολῆς
3289 3536 3460 3605 ὑμεῖς
3489 3536 3652 3593 ἐστε.

2077 3628 2215 3683 Ἀλλ’
2240 3628 2385 3683 οὕτω
2423 3630 2521 3700 μὲν
2556 3627 2795 3682 ἐνταῦθα
2826 3629 2886 3680 οὐ
2918 3628 3088 3697 λέγει,
3130 3630 3247 3701 μετ’
3272 3629 3555 3698 εἰρωνείας
3570 3630 3649 3694 δὲ,

2062 3720 2204 3775 ὥστε
2233 3720 2680 3792 πληκτικώτερον
2714 3720 2940 3790 ποιῆσαι
2961 3720 3051 3775 τὸν
3071 3719 3258 3790 λόγον’
3289 3723 3360 3775 Εἰ
3382 3722 3466 3793 μὴ
3505 3724 3653 3792 χρῄ-

2063 3813 2237 3884 ζομεν
2282 3811 2674 3868 συστατικῶν
2716 3810 3090 3877 ἐπιστολῶν;
3138 3814 3250 3867 Καὶ
3277 3813 3652 3884 αἰνιττόμενος

2061 3905 2187 3967 τοὺς
2212 3903 2708 3973 ψευδαποστόλους,
2754 3903 3066 3973 ἐπήγαγεν⁹
3118 3902 3227 3970 ’Ὧς
3273 3920 3454 3969 τινες,
3500 3903 3651 3972 πρὸς

2061 3996 2236 4066 ὑμᾶς,
2262 3998 2299 4065 ἢ
2319 3997 2390 4062 ἐξ
2405 3993 2574 4066 ὑμῶν
2596 3994 2980 4050 συστατικῶν
3000 3994 3364 4060 ἐπιστολῶν,
3393 3996 3530 4066 πρὸς
3549 3996 3645 4051 ἄλ-

2060 4086 2205 4152 λους.
2234 4085 2389 4149 Εἶτα.
2423 4085 2613 4156 ἐπειδὴ
2646 4086 2784 4156 βαρὺ
2819 4080 2887 4156 ἦν
2924 4085 2986 4138 τὸ
3028 4084 3347 4155 εἰρημένον,
3383 4103 3648 4159 παραμυ-

2061 4179 2235 4234 θεῖται
2257 4178 2388 4233 αὐτὸ
2408 4177 2633 4246 ἐπάγων
2662 4177 2758 4230 καὶ
2792 4175 2970 4243 λέγων
2990 4191 3007 4206 ·
3055 4176 3119 4229 Ἡ
3152 4174 3446 4243 ἐπιστολὴ
3476 4176 3649 4247 ἡμῶν

2056 4272 2231 4343 ὑμεῖς
2256 4271 2419 4334 ἐστε,
2448 4268 2894 4341 ἐγγεγραμμέφή
2919 4268 2988 4321 ἐν
3008 4266 3139 4332 ταῖς
3163 4267 3438 4335 καρδίαις
3453 4268 3643 4339 ἡμῶν,

2057 4361 2474 4435 γινωσκομένη
2524 4360 2644 4417 ὑπὸ
2702 4360 2979 4415 πάντων·
3027 4362 3492 4431 φανερούμενοι,
3556 4362 3646 4417 ὅτι

2057 4456 2199 4512 ἐστέ
2227 4453 2523 4523 ἐπιστολὴ
2564 4452 2849 4521 Χριστοῦ.
2887 4451 3154 4506 Ἐνταῦθα
3177 4452 3237 4505 οὐ
3269 4453 3430 4523 μόνον
3459 4454 3645 4517 αὐτοῖς

2057 4546 2303 4619 ἀγάπην,
2355 4544 2492 4599 ἀλλά
2537 4542 2634 4597 καὶ
2682 4539 3093 4613 κατορθώματα
3144 4544 3449 4613 μαρτυρεῖ,
3487 4542 3543 4596 εῖ
3578 4560 3644 4613 γε

2057 4638 2232 4693 ἰκανοί
2260 4636 2368 4692 εἰσι
2404 4635 2571 4705 δεῖξαι
2605 4637 2769 4689 πᾶσιν
2816 4633 3125 4706 ἀνθρώποις
3172 4633 3262 4688 διὰ
3293 4633 3392 4704 τῆς
3434 4636 3644 4699 οἰκείας

2056 4732 2258 4804 ἀρετῆς
2284 4729 2380 4784 τοῦ
2403 4727 2731 4784 διδασκάλου
2757 4727 2819 4780 τὸ
2846 4724 3084 4797 ἀξίωμα.
3122 4726 3293 4780 Τοῦτο
3331 4727 3439 4797 γάρ
3468 4729 3643 4795 ἐστιν,

2062 4824 2133 4878 Ἠ
2160 4821 2461 4891 ἐπιστολὴ
2496 4820 2668 4891 ἡμῶν
2700 4819 2871 4889 ὑμεῖς
2891 4819 3055 4873 ἐστε.
3085 4818 3266 4886 Ὅπερ
3301 4817 3369 4872 ἂν
3417 4820 3643 4889 ἐποίησε

2047 4916 2116 4970 τὰ
2137 4915 2446 4988 γράμματα
2477 4910 2813 4966 συνιστῶντα
2851 4911 3001 4981 ἡμᾶς
3030 4908 3123 4963 καὶ
3159 4909 3473 4979 αἰδεσίμους
3518 4927 3642 4963 ποι-

2044 5008 2232 5075 οῦντα,
2258 5006 2417 5062 τοῦτο
2453 5007 2613 5077 ὑμεῖς
2642 5005 2868 5069 ποιεῖτε,
2899 5003 2993 5057 καὶ
3020 5001 3289 5074 ὁρώμενοι
3321 5002 3416 5054 καὶ
3443 5002 3640 5055 ἀκουό-

2048 5116 2222 5171 μενοι.
2259 5096 2536 5168 Μαθητῶν
2556 5097 2665 5165 γὰρ
2688 5093 2860 5165 ἀρετὴ
2880 5094 2970 5147 τὸν
3010 5092 3330 5147 διδάσκαλον
3359 5094 3517 5147 εἴωθε
3543 5112 3639 5148 κο-

2046 5194 2206 5263 σμεῖν
2238 5192 2335 5245 καὶ
2375 5188 2635 5259 συνιστᾷν
2677 5187 2862 5257 πάσης
2913 5185 3114 5257 μᾶλλον
3153 5186 3465 5257 ἐπιστολῆς.
3518 5187 3639 5255 Ἐγ-

2041 5281 2415 5354 νεπραμμένη
2434 5280 2503 5335 ἐν
2535 5280 2666 5346 ταῖς
2700 5278 2974 5348 καρδίαις
3004 5276 3196 5347 ἡμῶν.
3234 5279 3549 5342 Τουτέστιν,
3570 5277 3641 5348 ἢν

2042 5374 2244 5436 πάντες
2275 5371 2454 5425 ἴσασιν
2474 5388 2486 5401 '
2524 5369 2695 5433 οὕτως
2717 5369 2863 5440 ὑμᾶς
2893 5366 3170 5440 πανταχοῦ
3213 5368 3587 5439 περιφέρομεν
3617 5406 3638 5434 ,

2042 5468 2136 5521 καὶ
2158 5469 2217 5521 ὲν
2242 5465 2318 5537 νῷ
2340 5465 2533 5537 ἔχομεν
2554 5482 2567 5496 ·
2603 5463 2678 5527 ὡς
2702 5463 2769 5518 ἂν
2790 5464 2839 5516 εἰ
2862 5461 3068 5530 ἔλεγεν,
3104 5462 3168 5515 Ἡ
3195 5460 3455 5525 σύστασις
3475 5460 3635 5531 ἡμῶν

2045 5558 2184 5631 πρὸς
2224 5557 2447 5627 ἐτέρους
2497 5556 2657 5625 ὑμεῖς
2696 5555 2849 5607 ἐστε·
2888 5554 2981 5607 καὶ
3015 5551 3125 5622 γὰρ
3165 5550 3365 5622 ἔχομεν
3397 5552 3541 5620 ὑμᾶς
3573 5550 3637 5603 ἐν

2044 5653 2113 5722 τῇ
2149 5648 2347 5719 καρδίᾳ
2393 5645 2679 5719 διηνεκῶς,
2711 5646 2807 5700 καὶ
2846 5645 2984 5717 πρὸς
3015 5644 3262 5705 ἅπαντας
3292 5641 3363 5694 τὰ
3391 5639 3633 5710 ὑμέτερα

2046 5740 2496 5812 ἀνακηρύττομεν
2526 5737 2944 5813 κατορθώματα.
2974 5735 3050 5789 Οὐ
3076 5733 3255 5789 τοίνυν
3272 5731 3351 5802 τῷ
3373 5731 3464 5785 καὶ
3493 5728 3633 5798 πρὸς

2046 5835 2267 5907 ἐτέρους
2301 5834 2445 5905 ὑμᾶς
2474 5827 2612 5887 εἶναι
2646 5832 2902 5885 σύστασιν
2937 5826 3114 5902 ἡμῶν,
3152 5823 3386 5896 δεόμεθα
3414 5824 3628 5876 ἐπιστο-
