4068 6420
462 349 565 406 457

464 462 838 537 prtedicamus.
868 458 988 525 Quo
1028 455 1105 514 ﬁt,
1134 461 1190 506 ut
1234 464 1338 502 non
1383 447 1543 502 modo
1567 447 1689 515 quia
1735 444 1875 515 apud
1917 443 2050 496 alios

466 570 681 626 quoque
712 546 1194 606 commendationis
1241 546 1408 597 instar
1451 541 1606 595 nobis
1635 541 1782 601 estis,
1814 537 2056 609 epistolis

465 649 659 704 vestris
703 645 920 699 minime
965 640 1328 709 indigeamus;
1379 635 1471 689 sed
1515 635 1634 688 ideo
1663 648 1874 702 quoque
1904 646 2056 685 com-

468 738 815 796 mendatione
866 733 1021 787 nobis
1050 731 1189 800 apud
1232 744 1328 783 vos
1357 728 1576 780 minime
1619 739 1753 793 Opus
1782 734 1884 785 est,
1913 721 2056 792 quod

465 847 562 886 vos
583 829 827 898 apprime
854 841 1049 880 amem.
1081 823 1293 878 Etenim
1318 821 1381 875 ad
1407 822 1617 890 ignotos
1645 819 1858 888 quidem
1889 816 2058 870 literis

466 924 730 996 quispiam
777 936 914 990 Opus
958 918 1156 982 habet;
1207 931 1303 970 vos
1346 923 1523 967 autem
1571 912 1726 966 nobis
1771 912 1823 964 in
1876 909 2062 964 animo

466 1019 616 1073 estis.
651 1016 758 1070 Nec
791 1029 918 1067 vero
949 1012 1120 1066 solum
1151 1009 1305 1071 dixit,
1342 1008 1499 1071 Estis,
1529 1005 1622 1061 sed
1661 1004 1920 1071 Inscripti,
1955 1003 2057 1056 hoc

466 1118 569 1170 est,
605 1121 703 1160 nec
731 1103 861 1158 mihi
893 1119 957 1157 ex
989 1102 1168 1155 animo
1196 1098 1445 1154 excidere
1468 1096 1708 1166 potestis.
1739 1095 1883 1149 Sicut
1916 1092 2057 1146 enim

467 1217 529 1253 ex
561 1197 748 1262 literis,
777 1196 863 1264 qui
893 1209 987 1247 eas
1007 1193 1210 1262 legunt.
1230 1191 1308 1244 sic
1329 1205 1393 1244 ex
1420 1187 1584 1242 corde
1611 1195 1815 1248 nostro,
1845 1183 1933 1252 qui
1959 1181 2060 1236 hoc

468 1300 688 1358 norunt,
735 1299 970 1344 nostram
1013 1301 1138 1356 erga
1191 1299 1288 1338 vos
1331 1281 1675 1337 dilectionem
1723 1285 2058 1348 perspectam

470 1383 692 1437 habent.
952 1437 960 1446 ,

539 1476 594 1528 2.
637 1472 898 1541 Quocirca
948 1471 990 1524 si
1019 1470 1293 1524 literarum
1319 1466 1422 1519 hoc
1453 1477 1649 1518 mumis
1675 1471 1779 1527 est,
1815 1470 1870 1516 ut
1901 1477 1964 1516 ex
1996 1460 2060 1515 iis

472 1568 673 1637 liqueat
700 1567 837 1618 hunc
857 1572 946 1616 aut
969 1562 1117 1616 iiilllll
1144 1559 1271 1614 mihi
1301 1559 1531 1612 amicum
1556 1554 1790 1618 esse,hic
1815 1554 2062 1608 libertate

471 1659 698 1725 fruatur,
740 1658 806 1712 ad
853 1658 904 1710 id
939 1665 1104 1710 totum
1149 1652 1539 1708 conﬁciendum
1586 1649 1717 1704 satis
1761 1656 1844 1703 est
1885 1656 2060 1702 vestra

471 1765 597 1821 erga
626 1765 710 1804 me
731 1749 944 1801 caritas.
973 1745 1102 1800 Nam
1125 1745 1238 1800 sive
1268 1743 1332 1798 ad
1360 1759 1452 1794 vos
1476 1741 1904 1810 proﬁciscamur,
1930 1737 2064 1791 alio-

473 1858 592 1895 rum
621 1838 1086 1894 commeudatione
1128 1836 1350 1890 minime
1382 1833 1702 1904 indigemus,
1733 1829 1876 1901 quod
1908 1841 2064 1882 amor

473 1950 599 2004 erga
630 1949 717 1988 me
743 1942 922 1988 vester
966 1931 1016 1986 id
1064 1930 1300 1985 numeris
1321 1929 1432 1998 jam
1478 1926 1754 1996 occuparit
1785 1944 1798 1980 :
1829 1925 1947 1979 sive
1995 1923 2062 1977 ad

473 2027 628 2090 alios,
662 2024 828 2078 literis
858 2038 1044 2078 rursus
1071 2021 1198 2076 nihil
1231 2021 1386 2075 nobis
1425 2035 1560 2089 opus
1587 2027 1689 2082 est,
1735 2027 1919 2087 utpote
1947 2015 2068 2085 qui-

476 2118 576 2171 bus
611 2115 797 2172 eadem
818 2115 1038 2169 dilectio
1066 2129 1252 2168 earqu
1279 2113 1397 2167 loco
1428 2111 1557 2166 satis
1587 2111 1657 2164 sit
1682 2127 1698 2167 :
1727 2107 2067 2164 circumieri-

477 2226 596 2264 mus
627 2209 767 2265 enim
792 2209 1072 2278 epistolam
1100 2207 1152 2260 in
1203 2205 1454 2260 cordibus
1495 2204 1712 2258 nostris.
1743 2203 1858 2256 Mox
1905 2201 2065 2255 altius

477 2302 652 2357 adhuc
676 2316 770 2357 eos
795 2296 1064 2360 attollens,
1083 2298 1366 2366 epistolam
1389 2310 1601 2366 quoque
1623 2293 1825 2348 Christi
1855 2307 1949 2345 eos
1975 2306 2068 2344 vo-

477 2403 583 2459 cat,
625 2393 856 2448 dicens:
901 2389 1216 2460 Manifestati
1253 2389 1387 2458 quod
1425 2387 1639 2458 epistola
1686 2385 1803 2440 estis
1853 2383 2060 2437 Christi.

478 2487 654 2554 Atque
702 2483 753 2537 id
801 2482 1051 2552 loquutus
1093 2481 1430 2535 occasionem
1481 2477 1606 2534 hinc
1653 2487 1814 2546 atque
1855 2476 2066 2530 initium

479 2576 641 2632 sumit
674 2577 846 2646 legem
870 2573 1233 2629 examinandi.
1265 2576 1436 2642 Atque
1467 2570 1572 2625 alio
1605 2569 1765 2623 modo
1792 2584 1944 2623 suam
1975 2581 2068 2622 eos

481 2668 762 2738 epistolam
791 2681 912 2721 esse
933 2665 1020 2720 hic
1046 2665 1153 2718 ait:
1176 2663 1421 2735 superius
1444 2664 1587 2717 enim
1617 2678 1711 2718 eos
1743 2661 1942 2716 idcirco
1965 2659 2070 2730 cpio

483 2762 676 2815 stolam
726 2759 1072 2830 appellabat,
1103 2757 1243 2826 quod
1289 2757 1357 2810 ab
1399 2756 1530 2826 ipsis
1557 2753 2066 2809 commendaretur:

484 2853 572 2907 hic
615 2861 793 2906 autem
837 2849 1118 2918 epistolam
1149 2847 1351 2902 Christi
1392 2863 1486 2902 eos
1527 2856 1702 2907 vocat,
1752 2853 1810 2898 ut
1839 2844 1929 2915 qui
1978 2843 2068 2896 Dei

482 2945 654 3015 legem
709 2943 1018 3012 inscriptam
1076 2939 1328 2995 habeant.
1386 2939 1518 2994 Nam
1572 2955 1691 3009 quae
1749 2937 1891 2993 Deus
1947 2950 2069 2990 cum

483 3036 733 3091 omnibus
773 3035 924 3100 aliis,
973 3043 1086 3088 tum
1117 3033 1266 3088 vobis
1314 3033 1476 3087 etiam
1519 3041 1640 3086 nota
1685 3045 1808 3085 esse
1837 3029 2068 3094 volebat,

484 3126 600 3182 haec
622 3127 674 3181 in
704 3124 960 3180 cordibus
986 3125 1176 3178 vestris
1209 3124 1461 3193 inscripta
1490 3132 1632 3176 sunt.
1664 3121 1773 3176 Nos
1804 3135 1965 3191 porro
1997 3121 2068 3173 ita

484 3232 582 3271 vos
623 3217 1073 3286 comparavimus,
1123 3227 1180 3269 ut
1211 3216 1392 3270 literas
1437 3215 1779 3284 exeiperetis.
1810 3211 1880 3266 Ut
1926 3211 2070 3266 enim

483 3314 658 3370 Moses
697 3313 902 3383 lapides
944 3322 1000 3368 et
1042 3312 1253 3367 tabulas
1306 3310 1550 3380 sculpsit,
1593 3310 1671 3364 sic
1721 3322 1821 3363 nos
1859 3320 2072 3376 quoque

483 3407 690 3461 animas
729 3415 936 3460 vestras
970 3403 1130 3458 :ideo
1158 3404 1253 3470 ait,
1303 3401 1594 3456 Ministrata
1643 3417 1673 3452 a
1717 3401 1881 3453 nobis.
1918 3401 1987 3454 At
2018 3400 2071 3451 in

487 3500 590 3553 hoc
617 3497 729 3568 pari
771 3495 1082 3551 conditione
1124 3503 1317 3550 erant:
1351 3510 1473 3548 nam
1517 3502 1570 3547 et
1599 3491 1702 3546 illae
1731 3507 1762 3544 a
1803 3492 1913 3545 Deo
1938 3505 2070 3544 cono

485 3592 704 3661 scriptae
740 3599 918 3657 erant,
950 3598 1005 3644 et
1034 3588 1150 3643 hmo
1191 3604 1221 3641 a
1247 3586 1472 3657 Spiritu.
1502 3586 1741 3661 Quanam
1770 3598 1896 3654 ergo
1927 3584 1978 3636 in
2010 3599 2069 3636 re

486 3681 777 3737 discrimen
803 3681 966 3734 situm
990 3679 1113 3734 est?
1143 3677 1350 3748 Scripta
1381 3696 1482 3732 non
1511 3657 1816 3740 atramento,
1835 3675 1922 3729 sed
1948 3675 2074 3742 Spi-

487 3775 590 3826 ritu
624 3772 714 3826 Dei
738 3771 944 3825 viventis
972 3783 992 3825 :
1016 3785 1119 3823 non
1143 3769 1197 3822 in
1223 3769 1404 3823 tabulis
1426 3769 1669 3837 lapideis,
1694 3767 1782 3821 sed
1809 3767 1861 3818 in
1888 3765 2074 3818 tabulis

487 3867 657 3922 cordis
695 3862 1007 3918 carnalibus.
1052 3860 1318 3928 Quantum
1349 3869 1528 3913 autem
1561 3859 1698 3911 inter
1722 3857 1980 3927 Spiritum
2021 3865 2076 3910 et

488 3969 868 4020 atramentum,
896 3965 1054 4026 atque
1080 3955 1218 4009 inter
1251 3952 1488 4023 lapideas
1513 3961 1567 4006 et
1591 3952 1834 4005 carnales
1866 3949 2076 4004 tabulas

489 4054 732 4116 interest,
769 4059 972 4105 tantum
999 4048 1158 4101 etiam
1191 4046 1330 4101 inter
1355 4045 1452 4099 bas
1477 4054 1531 4100 et
1558 4043 1676 4096 illas
1697 4052 1778 4096 est
1801 4041 2075 4096 discrimi-

493 4147 579 4202 nis
609 4164 622 4200 ε
655 4157 718 4199 ac
760 4139 984 4213 proinde
1027 4138 1167 4192 inter
1206 4151 1299 4191 eos
1323 4151 1553 4206 quoque,
1582 4136 1673 4205 qui
1717 4133 1798 4188 his
1841 4149 2060 4202 operam

485 4245 771 4298 navatunt,
800 4244 848 4290 et
877 4249 1022 4296 eum.
1053 4232 1143 4303 qui
1167 4230 1274 4286 illis
1298 4246 1513 4300 operam
1539 4229 1771 4285 navavit.
1803 4229 1884 4283 Ob
1923 4244 2072 4283 eant-

491 4346 595 4402 que
639 4341 879 4392 causam,
911 4325 1036 4396 quia
1078 4320 1356 4393 magniﬁce
1381 4321 1634 4391 loquutus
1661 4317 1852 4384 fuerat,
1892 4319 2079 4372 conle-

497 4422 627 4476 stim
685 4419 922 4486 seipsum
965 4414 1176 4485 carpit,
1221 4413 1448 4469 dicens:
1482 4414 1538 4468 4.
1591 4412 1862 4465 Fiduciam
1910 4422 2077 4464 autem

502 4511 654 4564 talem
685 4507 926 4561 habemus
964 4521 1052 4574 per
1077 4503 1335 4559 Christum
1361 4505 1428 4557 ad
1467 4503 1668 4568 Deum;
1697 4519 1759 4556 ac
1788 4518 1970 4556 rnrsns
2000 4511 2080 4554 to-

494 4612 606 4659 tum
654 4602 708 4657 id
753 4601 864 4656 Deo
891 4599 1150 4655 adscribit
1181 4616 1195 4652 :
1229 4600 1420 4654 horum
1465 4600 1608 4653 enim
1653 4598 1806 4652 nobis
1835 4597 2080 4650 Christus

492 4710 652 4751 causa
706 4701 830 4760 est,
878 4692 1069 4762 inquit.
1120 4692 1174 4748 5.
1238 4690 1362 4745 Non
1406 4691 1542 4761 quod
1587 4689 1884 4760 suﬁcientes
1923 4689 2082 4742 simus

436 4805 447 4812 '
489 4787 711 4858 cogitare
726 4784 920 4857 aliquid
944 4799 1008 4837 ea:
1027 4785 1169 4838 nobis
1187 4792 1443 4852 tamquam
1465 4798 1527 4836 ea:
1546 4781 1709 4835 nobis.
1737 4780 1868 4836 Vide
1895 4793 2082 4833 rursus

491 4879 718 4932 alteram
745 4877 905 4930 etiam
931 4876 1430 4945 praemunitionem;
1455 4873 1717 4944 siquidem
1742 4873 1842 4928 bac
1860 4873 2078 4940 virtute,

495 4967 598 5021 hoc
624 4975 710 5021 est
733 4965 1058 5028 humilitate,
1088 4966 1143 5020 in
1179 4966 1370 5036 primis
1400 4966 1596 5020 Paulus
1623 4965 1861 5020 excellit.
1891 4964 2086 5033 quue

497 5057 575 5120 ﬁt,
605 5067 665 5112 ut
693 5058 907 5125 quoties
934 5057 1002 5111 de
1031 5057 1210 5128 seipso
1254 5057 1540 5128 magniﬁce
1587 5057 1790 5126 aliquid
1821 5057 1916 5120 ait,
1951 5054 2080 5108 nihil

497 5164 604 5202 non
643 5149 803 5204 studii
830 5149 1104 5215 adhibeat,
1137 5157 1196 5204 ut
1226 5150 1278 5205 id
1320 5150 1508 5220 quovis
1553 5149 1716 5204 modo
1769 5150 1976 5220 mitiget
2020 5165 2084 5203 ac

499 5240 724 5294 molliat.
759 5242 911 5309 Quod
939 5245 1101 5297 etiam
1134 5244 1237 5298 hoc
1278 5242 1398 5298 loco
1440 5242 1522 5297 his
1546 5242 1723 5298 verbis
1753 5241 1881 5296 facit
1915 5259 1928 5295 ε
1962 5240 2084 5295 Νοη

497 5335 634 5406 quod
660 5338 818 5392 simus
854 5338 1150 5408 suﬁcientes
1173 5339 1396 5410 cogitare
1420 5337 1615 5406 aliquid
1656 5353 1720 5392 ea;
1744 5336 1908 5400 nobis,
1955 5346 2084 5387 tam-

497 5443 651 5495 quam
680 5443 743 5481 ea:
783 5430 948 5484 nobis.
979 5430 1092 5485 Hoc
1132 5439 1235 5498 est,
1265 5429 1382 5486 Non
1413 5429 1483 5484 ita
1523 5429 1655 5492 dixi,
1690 5425 1966 5480 Fiduciam
1993 5426 2086 5480 ha-

503 5519 696 5583 bemus,
728 5533 791 5573 ac
815 5520 859 5573 si
885 5519 1030 5574 aliud
1056 5530 1297 5575 nostrum
1340 5521 1430 5588 sit,
1458 5519 1597 5575 aliud
1635 5518 1757 5581 Dei;
1789 5518 1881 5572 sed
1914 5525 2084 5572 totum

503 5608 645 5663 istud
676 5610 787 5664 Deo
829 5608 1103 5664 adscribo.
1138 5611 1334 5666 Nostra
1359 5614 1494 5668 enim
1535 5610 1831 5680 sufﬁcientia
1876 5624 1938 5662 ex
1975 5606 2086 5661 Deo

501 5711 596 5764 est,
622 5702 677 5758 6.
703 5701 792 5772 qui
809 5711 856 5756 et
882 5702 1091 5756 idoneos
1113 5719 1203 5757 nos
1225 5707 1341 5776 fecit
1363 5707 1618 5761 ministros
1646 5704 1760 5758 novi
1783 5704 2087 5758 testamenti.

503 5795 644 5860 Quid
678 5809 783 5864 est,
817 5797 1036 5852 Idoneos
1086 5814 1176 5852 nos
1215 5802 1373 5869 fecit?
1416 5799 1565 5855 Fecit
1603 5808 1665 5855 ut
1707 5799 1830 5855 huic
1877 5799 2084 5854 muneri

843 5896 1111 5954 PATROL.
1159 5896 1274 5955 Gn.
1325 5899 1482 5962 LXI.

1487 333 1552 388 IN
1594 332 1810 387 EPIST.
1853 331 1891 383 ll
1957 331 2050 386 AD
2090 329 2243 385 COR.
2287 330 2519 386 llOMlL.
2566 330 2652 384 Vl.
3645 339 3745 392 .533

2161 459 2318 513 pares
2343 461 2464 502 esse
2487 449 2773 516 possimus.
2805 448 3031 502 Parvum
3058 464 3219 520 porro
3252 452 3352 505 hoc
3381 466 3487 504 non
3525 459 3631 516 est,
3674 451 3753 504 ui-

2165 538 2356 591 mirum
2402 539 2536 593 tales
2581 539 2787 594 tabulas
2836 549 2890 594 et
2935 542 3210 610 epistolas,
3260 542 3530 611 prioribus
3578 540 3747 595 multo

2164 629 2395 699 majores
2421 645 2484 684 ac
2515 634 2917 699 prmstantiores
2959 633 3074 687 orbi
3102 635 3345 687 attulisse
3380 651 3392 686 ε
3425 632 3566 687 unde
3591 633 3755 686 etiam

2163 720 2457 791 subiunxit,
2489 722 2610 777 Non
2647 725 2825 786 literte,
2869 726 2958 779 sed
2999 727 3230 794 spiritus.
3273 727 3350 781 En
3384 741 3572 780 rursus
3613 725 3752 778 aliud

2165 813 2478 891 discrimen.
2510 814 2647 881 Quid
2692 818 2911 872 autem?
2955 834 3133 870 annon
3165 819 3247 872 lex
3276 833 3492 888 quoque
3536 817 3625 872 illa
3657 817 3758 886 spi‘

2165 905 2372 961 ritualis
2423 908 2576 962 erat?
2615 910 2883 978 quomodo
2926 926 3054 980 ergo
3101 911 3221 963 ait:
3256 909 3459 964 Scimus
3497 908 3636 978 quod
3678 908 3759 961 lar

2167 1002 2448 1070 spiritualis
2475 1013 2545 1056 est
2574 1000 2748 1075 (Rom.
2780 1004 2836 1058 7.
2871 1003 3002 1071 id)?
3039 1003 3346 1072 Spiritualis
3375 1001 3589 1072 quidem
3617 1011 3756 1061 erat,

2167 1095 2259 1149 sed
2289 1097 2535 1165 spiritum
2585 1098 2804 1151 minime
2834 1099 3105 1166 prtebebat
3136 1118 3149 1154 :
3184 1115 3289 1153 non
3332 1099 3474 1152 enim
3508 1098 3755 1165 Spiritum

2167 1185 2363 1254 Moses,
2406 1187 2500 1242 sed
2532 1188 2714 1243 literas
2740 1191 2954 1255 attulit;
2994 1199 3194 1245 nostra:
3231 1202 3408 1244 autem
3437 1189 3560 1244 ﬁdei
3605 1204 3752 1243 com-

2169 1281 2390 1334 missum
2423 1289 2526 1344 est,
2577 1289 2634 1334 ut
2673 1283 2918 1351 Spiritum
2968 1281 3156 1337 demus
3191 1299 3203 1334 :
3233 1283 3376 1337 unde
3419 1282 3578 1335 etiam
3612 1279 3752 1333 isuul

2168 1372 2407 1427 studiose
2454 1374 2823 1444 prosequitur,
2876 1372 3097 1436 dicens,
3145 1373 3316 1428 Litera
3356 1375 3488 1425 enim
3533 1370 3755 1433 occidit,

2168 1465 2379 1532 spiritus
2405 1475 2570 1519 autem
2600 1467 2834 1535 viviﬁcat.
2865 1466 2992 1522 Hinc
3015 1475 3192 1520 autem
3221 1482 3323 1519 non
3356 1475 3558 1518 temere
3599 1463 3755 1525 dixit,

2170 1557 2264 1611 sed
2290 1572 2384 1611 eos
2413 1557 2756 1612 subindieans
2786 1559 2872 1628 qui
2901 1559 2966 1612 de
2993 1558 3228 1613 .ludaicis
3254 1559 3416 1612 altum
3453 1553 3753 1624 sapiebaut.

2171 1651 2275 1706 Per
2315 1651 2524 1706 literam
2569 1662 2745 1706 autem
2795 1652 2896 1706 hoc
2946 1653 3066 1705 loco
3108 1652 3277 1721 legem
3325 1647 3594 1718 intelligit,
3643 1661 3760 1716 quae

2173 1753 2459 1812 peccantes
2509 1745 2772 1813 supplicio
2815 1743 3112 1808 afﬁciebat;
3145 1759 3241 1813 per
3286 1742 3532 1812 Spiritum
3576 1749 3755 1793 autem

2171 1837 2398 1906 gratiam
2435 1837 2710 1908 baptismi,
2740 1853 2843 1908 qua
2889 1838 2946 1904 ii,
2993 1839 3080 1908 qui
3125 1854 3154 1889 a
3199 1845 3420 1906 peccato
3451 1833 3759 1902 interempti

2171 1937 2314 1994 sunt,
2360 1928 2428 1982 ad
2469 1929 2630 1983 vitam
2683 1938 3024 1984 revocantur.
3059 1928 3349 1997 Postquam
3397 1925 3542 1979 enim
3573 1922 3763 1978 discri-

2171 2037 2292 2076 men
2325 2021 2455 2076 illud
2500 2022 2961 2088 commemoravit,
2995 2021 3138 2092 quod
3178 2021 3316 2074 inter
3362 2019 3642 2090 utriusque
3685 2025 3762 2072 ta-

2173 2113 2314 2168 bulzn
2348 2125 2592 2168 naturam
2629 2121 2766 2181 erat,
2811 2129 2918 2168 non
2957 2115 3012 2168 in
3053 2129 3119 2168 eo
3151 2113 3338 2180 haeret,
3395 2111 3493 2168 sed
3532 2111 3760 2168 ulterius

2176 2219 2534 2276 progressus,
2588 2205 2690 2260 hoc
2735 2206 2896 2260 latius
2945 2205 3288 2275 prosequitur
3334 2221 3346 2256 :
3396 2217 3500 2272 qua
3552 2201 3759 2257 ratione

2173 2299 2470 2353 auditorem
2506 2299 2672 2368 magis
2692 2313 2887 2368 capere
2909 2306 3137 2366 poterat,
3167 2297 3415 2351 nimirum
3443 2295 3511 2350 ab
3533 2293 3759 2348 utilitate

2174 2399 2228 2445 et
2260 2390 2527 2446 facilitate.
2561 2390 2741 2460 Neque
2783 2390 2925 2444 enim
2957 2389 3194 2443 laborem
3238 2377 3418 2451 habet,
3469 2386 3662 2456 inquit,
3706 2395 3760 2438 et

2175 2482 2433 2552 majorem
2478 2483 2704 2552 gratiam
2736 2482 2910 2536 affert.
2943 2481 3076 2535 Nam
3101 2481 3145 2536 si
3173 2481 3240 2535 de
3265 2481 3482 2536 Christo
3513 2480 3760 2550 loquens,

2174 2589 2237 2628 ea
2281 2573 2618 2644 potissimum
2652 2573 2803 2641 ponit
2828 2587 2946 2642 quze
2990 2571 3332 2642 benignitatis
3365 2571 3528 2640 ipsius
3557 2571 3755 2640 potius,

2175 2679 2334 2734 quam
2366 2664 2533 2718 nostri
2565 2663 2739 2717 meriti
2786 2673 2928 2726 sunt,
2961 2679 3186 2734 quaeque
3237 2664 3375 2717 inter
3415 2678 3474 2718 se
3514 2661 3761 2716 devincta

2175 2766 2338 2823 sunt,
2372 2756 2542 2810 multo
2599 2758 2768 2826 magis
2819 2756 2920 2810 hoc
2965 2757 3271 2812 necessario
3320 2756 3466 2817 facit,
3512 2770 3634 2809 cum
3694 2753 3763 2807 de

2181 2859 2504 2904 testamento
2531 2848 2788 2919 loquitur.
2839 2849 3104 2914 Quidnam
3151 2849 3312 2918 igitur
3355 2849 3469 2904 lucc
3496 2845 3660 2902 verba
3694 2847 3764 2900 si-

2178 2939 2454 3010 gniﬁcant,
2500 2939 2672 2994 Litera
2715 2939 2938 2994 occidit?
2971 2940 3185 2994 Dixerat
3211 2939 3424 3010 quidem
3475 2939 3526 2992 iu
3571 2937 3768 2991 tabulis

2179 3033 2403 3103 lapideis
2449 3043 2504 3090 et
2553 3034 2806 3088 cordibus
2840 3034 3091 3098 carneis;
3144 3044 3199 3087 at
3239 3033 3476 3086 nomium
3516 3046 3764 3099 magnum

2179 3127 2450 3197 quoddam
2511 3127 2803 3182 discrimen
2861 3128 3099 3194 proferre
3154 3127 3456 3180 videbatur.
3507 3125 3766 3194 Adjunxit

2180 3220 2381 3290 itaque,
2402 3219 2542 3287 quod
2566 3220 2655 3273 illa
2673 3220 2825 3273 litera
2844 3229 2936 3272 aut
2958 3227 3281 3283 atramento,
3306 3219 3422 3272 hzec
3439 3217 3626 3287 spiritu
3657 3232 3770 3284 per-

2180 3315 2377 3384 scripta
2407 3314 2496 3368 sit.
2553 3313 2664 3366 lloe
2691 3323 2868 3367 autem
2902 3327 3009 3366 non
3038 3327 3132 3366 cos
3159 3311 3445 3365 admodum
3477 3309 3766 3364 excitabat.

2183 3405 2297 3460 Hoc
2324 3421 2453 3476 ergo
2480 3405 2694 3460 domum
2727 3405 2879 3469 dicit,
2912 3403 3054 3474 quod
3087 3403 3167 3456 vel
3197 3417 3402 3472 pennas
3444 3402 3550 3455 illis
3578 3400 3770 3454 afferre

2179 3507 2362 3567 queat,
2394 3513 2608 3566 nempe,
2643 3496 2815 3550 Litera
2847 3497 3050 3561 occidit,
3087 3496 3296 3565 spiritus
3336 3505 3505 3548 autem
3529 3495 3767 3556 vivi/ictu.

2253 3589 2307 3642 3.
2353 3588 2619 3655 Quidnam
2651 3596 2825 3641 autem
2868 3587 2970 3641 hoc
3007 3587 3132 3641 est?
3165 3585 3218 3639 In
3253 3587 3368 3654 lege
3393 3585 3437 3640 is
3462 3585 3551 3654 qui
3575 3599 3770 3655 pecca-

2183 3691 2293 3736 tum
2329 3682 2508 3745 habet,
2543 3682 2798 3750 punitur;
2847 3681 2935 3735 hie
2965 3681 3053 3748 qui
3085 3688 3363 3750 peccatum
3393 3679 3572 3745 habet,
3618 3693 3773 3730 arce-

2185 3774 2320 3828 dens
2368 3773 2688 3843 baptizatur,
2737 3789 2799 3826 ac
2844 3773 3021 3842 justus
3066 3771 3296 3825 eflicitur
3324 3787 3338 3822 :
3367 3769 3548 3840 justus
3589 3780 3768 3822 autem

2183 3866 2431 3928 cﬁ‘ectus,
2477 3865 2628 3928 vivit,
2673 3873 2857 3934 utpote
2888 3865 3091 3933 peccati
3138 3873 3311 3917 morte
3342 3863 3622 3916 liberatus.
3655 3859 3766 3914 Lex

2183 3963 2227 4016 si
2261 3959 2581 4015 homicidam
2605 3959 2913 4029 arripuerit.
2945 3972 3068 4011 eum
3099 3965 3272 4010 morte
3298 3955 3467 4010 afﬁcit
3493 3973 3505 4008 :
3531 3953 3698 4024 gratia
3727 3954 3771 4006 si

2184 4051 2504 4107 homicidam
2527 4048 3033 4120 ceperit,illuminat
3061 4063 3124 4102 ac
3151 4045 3401 4101 viviﬁcat.
3426 4047 3563 4115 Quid
3593 4055 3772 4100 autem

2184 4145 2506 4201 homicidam
2546 4143 2702 4198 dico?
2749 4142 2858 4197 Lex
2905 4157 3064 4205 eum,
3109 4140 3199 4210 qui
3247 4140 3452 4195 sabbati
3501 4139 3586 4194 die
3633 4139 3772 4207 ligna

2184 4237 2496 4306 collegerat,
2549 4242 2821 4305 arreptum
2874 4231 3138 4300 lapidibus
3181 4231 3359 4286 obruit
3401 4229 3592 4298 (Num.
3641 4231 3772 4298 15);

2186 4330 2289 4382 hoc
2333 4327 2476 4381 enim
2513 4333 2600 4382 est
2623 4324 2763 4393 quod
2796 4325 2891 4388 ait,
2915 4322 3089 4380 Litera
3119 4323 3300 4377 occidit
3327 4339 3346 4376 :
3375 4324 3544 4394 gratia
3587 4331 3772 4378 contra

2186 4428 2469 4476 sexcentos
2499 4417 2792 4473 homicidas
2830 4425 2886 4471 et
2915 4416 3152 4470 latrones
3180 4417 3402 4484 accepit,
3433 4429 3496 4467 ac
3525 4412 3774 4484 baptismi

2188 4529 2324 4586 aqua
2358 4513 2552 4568 tinctos
2581 4511 2850 4583 prioribus
2875 4509 3032 4564 malis
3060 4509 3286 4572 liberat;
3316 4509 3418 4562 hoc
3461 4516 3564 4575 est,
3595 4507 3770 4577 Spiri-

2189 4616 2271 4662 tus
2309 4605 2548 4673 viviﬁcat.
2582 4602 2674 4658 llla
2701 4618 2848 4670 eum,
2895 4603 2985 4672 qui
3015 4601 3389 4671 deprehensus
3418 4609 3522 4665 est,
3561 4615 3625 4654 ex
3653 4599 3776 4653 vivo

2188 4707 2458 4754 mortuum
2484 4693 2695 4751 reddit:
2724 4694 2840 4748 haec
2866 4709 3018 4749 reum
3043 4709 3112 4749 ex
3139 4701 3350 4747 mortuo
3376 4693 3557 4746 vivum
3587 4689 3772 4746 efﬁcit.

2201 4790 2372 4844 Venite
2406 4789 2571 4852 enim,
2621 4787 2812 4857 inquit,
2865 4787 2934 4840 ad
2985 4801 3064 4840 me
3109 4801 3280 4840 omnes
3321 4785 3406 4855 qui
3449 4783 3690 4837 laboratis
3733 4790 3776 4834 et

2187 4881 2385 4936 onerati
2407 4880 2529 4934 estis
2553 4894 2571 4932 :
2597 4889 2651 4934 et
2681 4893 2784 4932 non
2824 4877 2978 4942 dixit,
3019 4876 3341 4934 excruciabo
3367 4889 3482 4940 vos,
3515 4874 3631 4938 sed,
3659 4875 3778 4941 refi-

2189 4972 2323 5027 ciam
2347 4988 2433 5025 vos
2453 4969 2668 5039 (Matth.
2693 4971 2782 5024 11.
2807 4969 2925 5037 28).
2954 4969 3167 5024 Etenim
3193 4969 3244 5022 in
3265 4967 3530 5038 baptismo
3556 4977 3778 5037 peccata

2191 5063 2544 5132 sepeliuntur,
2574 5061 2754 5133 priora
2777 5061 3046 5126 delentur,
3075 5061 3236 5115 homo
3256 5059 3578 5123 viviﬁcatur,
3605 5057 3782 5114 omnis

2189 5155 2357 5224 gratia
2390 5153 2441 5208 iu
2474 5154 2643 5223 ipsius
2669 5161 2910 5223 pectore,
2944 5162 3216 5223 tamquam
3262 5151 3318 5206 in
3359 5151 3557 5210 tabulis
3588 5151 3779 5205 inscri-

2192 5248 2357 5304 bitur.
2377 5248 2562 5318 !taque
2585 5259 2824 5318 reputes,
2859 5245 3042 5311 velim,
3065 5255 3262 5315 quanta
3291 5247 3523 5316 Spiritus
3547 5244 3780 5315 dignitas

2193 5339 2284 5405 sit,
2301 5339 2500 5409 quippe
2519 5353 2641 5392 cum
2671 5339 2840 5410 ipsius
2861 5338 3055 5393 tabula:
3076 5338 3348 5410 prioribus
3375 5340 3626 5394 meliores
3649 5337 3779 5399 sint,

2194 5440 2357 5500 atque
2404 5430 2518 5499 ipsa
2558 5429 2720 5484 etiam
2764 5429 3162 5486 resurrectione
3201 5431 3541 5500 prrestantius
3583 5428 3781 5498 aliquid

2203 5522 2473 5578 ostendat.
2501 5521 2634 5577 Nam
2661 5531 2715 5578 et
2739 5537 2884 5580 mors
2919 5538 3004 5589 ea,
3035 5538 3065 5577 a
3090 5539 3193 5594 qua
3225 5524 3338 5593 ipsa
3366 5523 3576 5588 liberat,
3608 5524 3784 5593 prio-re

2196 5616 2414 5686 gravior
2445 5627 2546 5680 est,
2580 5627 2635 5671 et
2663 5617 2879 5687 quidem
2927 5625 3096 5684 tanto,
3127 5629 3328 5688 quanto
3356 5619 3528 5674 anima
3567 5619 3782 5686 corpori

2201 5717 2421 5778 praestat
2453 5726 2467 5765 :
2496 5717 2656 5779 atque
2695 5723 2756 5763 ea
2787 5709 2916 5775 vita,
2949 5723 3108 5780 quam
3139 5710 3373 5780 Spiritus
3401 5708 3656 5778 impertit,
3689 5725 3782 5778 per

2201 5816 2317 5856 eam
2369 5799 2648 5856 conﬂatur.
2690 5801 2843 5867 Quod
2878 5802 2923 5857 si
2967 5801 3102 5857 hanc
3147 5801 3342 5857 allerre
3373 5808 3564 5866 potest,
3611 5801 3782 5856 multo

3332 5900 3414 5962 28
