4068 6436
360 326 464 385 ιω

360 444 532 512 magis
555 442 817 498 minorem
845 461 858 495 :
883 442 1024 496 illam
1051 438 1248 494 etenim
1281 436 1558 508 prophetat
1583 447 1795 506 quoque
1814 447 1946 488 con-

359 536 617 596 tulerunt.
651 534 788 588 banc
814 542 991 586 autem
1021 544 1126 586 non
1152 529 1394 600 perinde.
1426 527 1597 582 Nemo
1637 526 1806 589 enim,
1835 522 1948 578 Deo

359 641 468 680 uno
494 637 740 696 excepto,
770 635 986 694 peccata
1018 623 1293 677 remittere
1321 629 1516 690 potest.
1541 617 1679 687 Quin
1711 632 1780 672 ne
1801 615 1950 670 illam

357 721 572 790 quidem
599 722 727 774 citra
750 720 978 788 Spiritus
1000 733 1155 786 opem
1177 718 1486 786 praebebant
1509 715 1806 786 prOphette.
1831 715 1944 769 Nec

361 827 492 867 vero
530 811 641 865 “hoe
669 811 945 864 dumtaxat
985 811 1178 863 tuiruttt
1224 819 1328 874 est,
1369 809 1510 878 quod
1538 807 1793 874 vivilicet,
1845 805 1944 862 sed

358 904 520 958 etiam
551 903 693 973 quod
729 902 777 956 id
800 900 1036 956 faciendi
1061 911 1378 970 potestatem
1405 901 1526 956 aliis
1551 915 1766 972 quoque
1800 915 1942 970 pra:-

354 995 552 1050 buerit.
609 992 836 1064 Accipite
897 994 1078 1059 enim,
1135 994 1345 1062 inquit,
1401 991 1655 1061 Spiritum
1710 1000 1946 1045 sanctum

367 1085 545 1155 (Joau.
569 1084 657 1140 ‘20.
685 1084 795 1154 2‘2).
827 1084 962 1154 Quid
986 1087 1054 1138 ita
1076 1085 1100 1137 ?
1126 1102 1192 1139 an
1226 1084 1274 1139 id
1306 1085 1422 1139 sine
1447 1083 1646 1153 Spiritu
1677 1097 1780 1138 non
1810 1082 1940 1138 lice-

355 1175 486 1230 bat?
513 1177 616 1231 Sed
650 1185 705 1229 ut
730 1176 1039 1231 ostenderet
1068 1177 1205 1230 Deus
1250 1174 1400 1230 illnnt
1442 1190 1709 1245 supremae
1748 1184 1940 1245 poten-

357 1267 443 1321 tiae
484 1282 548 1322 ac
575 1268 735 1337 regite
777 1269 920 1322 illius
964 1271 1212 1322 essentia:
1255 1283 1397 1334 esse,
1440 1267 1795 1336 eamdemque
1835 1268 1941 1321 vim

355 1360 576 1426 habere,
603 1359 684 1414 bis
706 1360 881 1413 verbis
905 1361 1069 1414 utitur
1093 1377 1106 1413 :
1128 1360 1352 1428 idecque
1380 1359 1674 1429 subjungit,
1711 1359 1944 1425 Quorum

355 1452 646 1506 remiseritis
673 1463 896 1523 peccata,
926 1453 1248 1506 remittuntur
1275 1453 1382 1514 eis;
1405 1461 1451 1504 et
1471 1467 1684 1521 quorum
1711 1452 1940 1504 retinue-

354 1542 488 1609 rilis,
519 1550 710 1597 retenta
739 1554 875 1598 sunt.
906 1543 1347 1613 Quandoquidem
1381 1543 1541 1610 igitur
1573 1557 1676 1595 nos
1703 1543 1808 1594 vita
1839 1540 1940 1595 do-

354 1636 523 1704 navit,
556 1637 794 1691 viventes
837 1651 1171 1700 maneamus,
1207 1651 1306 1689 nec
1336 1635 1401 1688 ad
1432 1635 1662 1702 priorem
1711 1643 1941 1687 mortem

352 1744 541 1784 rursus
587 1729 914 1783 redeamus:
949 1728 1180 1782 Christus
1229 1727 1372 1781 enim
1410 1727 1526 1796 jam
1572 1742 1674 1779 non
1726 1725 1943 1778 moritur

355 1822 532 1891 (Rom.
558 1823 611 1879 6.
646 1823 759 1894 10).
782 1821 934 1890 Quod
964 1823 1106 1877 enim
1141 1831 1382 1875 mortuus
1409 1829 1511 1885 est,
1544 1827 1762 1888 peccato
1789 1833 1935 1871 mor-

355 1924 478 1968 tuus
504 1923 586 1968 est
614 1915 803 1978 semel,
834 1927 933 1967 nec
963 1914 1073 1966 vult
1095 1927 1308 1980 semper
1337 1925 1435 1965 nos
1463 1911 1647 1980 gratia:
1675 1909 1941 1964 beneficio

353 2005 579 2060 salutem
609 2005 899 2074 consequi;
929 2004 1128 2074 alioqui
1152 2004 1294 2058 enim
1325 2004 1564 2056 omnium
1600 2001 1747 2055 vacui
1776 1999 1940 2054 futuri

352 2110 541 2151 sumus
571 2114 584 2148 :
615 2111 678 2150 ae
707 2095 935 2165 proinde
963 2111 995 2149 a
1035 2094 1190 2149 nobis
1216 2109 1430 2164 quoque
1460 2093 1660 2163 aliquid
1703 2092 1938 2147 conferri

348 2190 486 2244 vult.
521 2189 703 2259 Itaque
749 2188 854 2245 hoc
888 2188 1250 2254 conferamus,
1298 2195 1355 2241 ut
1397 2187 1631 2241 animam
1665 2188 1935 2240 viventem

341 2298 752 2338 conservemus.

423 2376 620 2428 Anium
643 2375 767 2439 vita,
798 2388 931 2442 quis.
958 2402 1030 2412 —
1055 2371 1192 2439 Quid
1219 2381 1397 2426 autem
1429 2371 1620 2424 animm
1647 2370 1750 2424 vita
1783 2371 1871 2435 sit,
1905 2384 1935 2424 a

348 2481 577 2538 corpore
624 2468 790 2522 disce.
836 2466 1044 2520 Etenim
1093 2482 1288 2533 corpus
1333 2474 1442 2519 tum
1493 2464 1708 2518 demum
1759 2466 1936 2519 vivere

347 2561 545 2614 dicitur
573 2575 692 2615 cum
727 2573 859 2613 sano
889 2557 1119 2627 quodam
1148 2573 1336 2626 gressu
1363 2556 1596 2612 incedit:
1620 2567 1674 2611 at
1705 2558 1790 2611 ubi
1822 2557 1934 2611 dis-

346 2651 579 2706 solutum
605 2652 766 2720 jacet,
796 2637 858 2705 ac
881 2660 1206 2720 prmpostere
1233 2659 1498 2714 movetur,
1524 2650 1731 2703 etiamsi
1757 2651 1936 2704 vivere

346 2755 438 2798 aut
466 2741 740 2800 ambulare
770 2743 1019 2798 videatur
1040 2785 1055 2808 ,
1104 2753 1280 2796 tamen
1311 2743 1499 2811 quavis
1526 2750 1697 2795 morte
1720 2740 1936 2810 gravior

346 2848 428 2892 est
455 2837 760 2907 hujusntodi
789 2837 920 2892 vita.
952 2836 1156 2891 Eodem
1190 2835 1350 2890 modo
1377 2836 1421 2889 si
1447 2835 1576 2888 nihil
1603 2837 1717 2889 sani
1750 2836 1935 2905 loqua-

351 2939 457 2994 tur,
489 2930 580 2983 sed
611 2945 818 2996 eorum,
851 2931 939 2996 qui
973 2929 1168 2982 mentis
1197 2937 1394 2981 emotm
1421 2938 1573 2990 sunt,
1606 2927 1781 2980 verbis
1813 2936 1933 2980 uta-

347 3030 434 3075 tur
455 3064 470 3087 ,
513 3031 674 3090 atque
703 3020 806 3074 alia
839 3035 935 3088 pro
959 3020 1080 3072 aliis
1109 3028 1294 3072 cernat
1313 3059 1326 3080 ,
1358 3033 1546 3071 rursus
1579 3018 1936 3071 miserabilior

346 3123 431 3166 est
458 3111 545 3165 ille
567 3152 581 3172 ,
613 3125 769 3181 quam
803 3111 1017 3164 mortui.
1046 3109 1142 3164 'Sic
1170 3110 1346 3163 anima
1377 3125 1589 3178 quoque
1610 3151 1623 3169 .
1655 3124 1774 3163 cum
1803 3107 1934 3162 nihil

347 3206 463 3259 sani
499 3205 676 3265 habet.
709 3203 917 3258 etiamsi
951 3203 1176 3256 viventis
1203 3201 1436 3271 speciem
1469 3201 1720 3270 praebeat,
1756 3210 1933 3254 tamen

347 3305 557 3351 mortua
588 3307 668 3350 est
693 3311 706 3347 :
731 3311 850 3348 ctnu
883 3309 1073 3348 aurum
1109 3309 1212 3347 non
1245 3303 1298 3346 ut
1327 3304 1546 3357 aurum,
1577 3292 1674 3346 sed
1725 3299 1784 3346 ut
1822 3306 1934 3345 tna-

345 3404 510 3459 guum
556 3387 752 3458 aliquid
785 3401 846 3442 ac
876 3387 1170 3456 pretiosum
1208 3387 1415 3450 cernit;
1462 3400 1583 3439 cum
1624 3386 1794 3438 futura
1828 3397 1933 3436 non

347 3483 582 3553 cogitat,
626 3480 718 3534 sed
757 3481 900 3534 humi
949 3479 1154 3550 serpit;
1193 3493 1316 3534 cum
1350 3493 1444 3546 pro
1481 3477 1602 3531 aliis
1630 3477 1732 3531 alia
1781 3475 1929 3530 facit.

349 3573 503 3630 Unde
531 3572 678 3628 enim
710 3585 810 3625 nos
839 3571 1012 3624 anima
1057 3568 1308 3637 praeditos
1335 3583 1456 3622 esse
1484 3565 1726 3622 constat?
1755 3582 1933 3620 annon

339 3681 412 3722 ex
442 3663 786 3719 actionibus?
815 3663 949 3718 Cum
987 3663 1148 3732 igitur
1190 3662 1302 3716 suis
1332 3661 1446 3730 ipsa
1486 3660 1796 3716 muneribus
1826 3675 1934 3714 non

347 3759 620 3830 fungitur,
649 3772 828 3812 annon
859 3766 1068 3809 mortua
1098 3755 1217 3810 est?
1248 3753 1405 3809 Verbi
1434 3755 1602 3825 gratia
1623 3794 1638 3820 ,
1666 3768 1786 3808 cum
1822 3753 1934 3807 vir-

336 3853 480 3907 Itutis
505 3866 631 3906 cura
676 3865 780 3904 non
815 3857 1026 3904 tenetur
1048 3890 1064 3915 ,
1107 3847 1199 3902 sed
1229 3847 1366 3916 rapit
1395 3861 1458 3902 ac
1484 3845 1745 3916 ﬂagitiose
1771 3846 1932 3911 vivit,

345 3944 492 3999 unde
517 3957 708 4013 queam
737 3942 921 3997 dicere
945 3940 1178 3994 animam
1200 3939 1292 3993 tibi
1321 3939 1537 3993 inesse?
1561 3954 1628 3991 an
1650 3937 1790 4008 quod
1818 3953 1936 3991 am-

356 4034 554 4089 bules?
579 4035 650 4088 At
679 4033 779 4087 hoc
811 4033 962 4087 bruta
993 4032 1150 4086 etiam
1185 4030 1405 4084 habent.
1438 4031 1519 4083 An
1548 4029 1688 4098 quod
1716 4028 1844 4084 edas
1874 4043 1936 4083 ac

348 4126 541 4184 bibas?
581 4129 652 4181 At
696 4125 798 4180 hoc
841 4126 1072 4180 ferarum
1114 4137 1327 4194 quoque
1355 4131 1455 4177 est.
1489 4126 1570 4176 An
1601 4121 1742 4192 quod
1790 4133 1938 4177 recto

345 4234 581 4289 corpore
607 4219 794 4282 sis,'ac
820 4216 1028 4271 duobus
1059 4216 1282 4285 pedibus
1309 4215 1561 4270 insistas?
1587 4217 1653 4269 At
1678 4215 1780 4269 hoc
1808 4215 1937 4269 mihi

351 4313 531 4383 potius
575 4310 852 4365 indicatte
882 4308 1113 4364 belluam
1155 4307 1394 4362 humana
1428 4305 1598 4360 forma
1626 4321 1770 4361 eSse.
1805 4306 1937 4360 Nam

346 4417 474 4460 cum
498 4413 695 4459 caetera
717 4403 907 4458 eadem
923 4401 1024 4456 tibi
1047 4416 1167 4455 cum
1193 4399 1368 4454 bellua
1394 4402 1520 4460 sint,
1541 4399 1740 4452 erectio
1761 4410 1938 4453 autem

360 4511 465 4550 non
513 4497 637 4550 item
665 4537 680 4559 ,
715 4497 816 4548 hoc
849 4495 964 4564 ipso
993 4492 1364 4548 vehementius
1393 4506 1480 4546 me
1511 4491 1692 4545 turbas
1721 4505 1784 4545 ac
1811 4505 1939 4560 per-

349 4587 646 4650 ter‘reﬁtcis,
675 4587 948 4656 magisque
971 4594 1272 4653 portentum
1295 4584 1345 4636 id
1363 4597 1483 4636 esse
1507 4585 1775 4648 existimo,
1799 4583 1939 4651 quod

351 4692 537 4732 cerno.
584 4675 797 4730 Etenim
837 4675 885 4730 si
933 4676 1097 4728 feram
1134 4673 1375 4727 humana
1405 4673 1591 4743 'ltngua
1638 4672 1940 4742 loquentem

351 4783 631 4824 cernerem
658 4809 674 4832 ,
720 4782 826 4822 nou
872 4777 1153 4836 prepterea
1201 4765 1472 4819 hominem
1508 4781 1630 4820 esse
1659 4766 1938 4821 dicerem:

356 4863 484 4931 quin
507 4861 616 4916 hoc
637 4861 756 4930 ipso
783 4861 1003 4914 nomine
1035 4859 1212 4929 potius
1239 4859 1427 4924 feram,
1453 4860 1561 4914 fera
1585 4859 1941 4930 prodigiosio-

356 4970 493 5010 rem.
527 4953 680 5009 Unde
708 4969 836 5023 ergo
861 4953 992 5007 mihi
1021 4953 1358 5020 exple-ratum
1388 4965 1508 5006 esse
1533 4961 1713 5022 queat,
1743 4952 1942 5005 huma-

355 5061 480 5102 nam
507 5047 741 5100 animam
776 5045 871 5100 tibi
916 5045 1130 5111 inesse,
1161 5059 1284 5099 cum
1313 5052 1376 5098 ut
1413 5043 1548 5097 asini
1575 5044 1854 5109 calcitres,
1887 5053 1946 5098 ut

353 5138 544 5194 cameli
589 5152 798 5192 memor
834 5137 910 5192 sis
949 5137 1285 5206 iniuriarum,
1328 5143 1386 5190 u't
1429 5135 1538 5190 utsi
1583 5133 1858 5201 mordeas,
1888 5143 1947 5189 ut

355 5232 467 5304 lupi
498 5233 676 5302 rapias
696 5272 714 5299 ,
742 5239 803 5285 ut
827 5231 1018 5301 vulpes
1045 5229 1246 5285 fureris
1269 5270 1285 5294 ,
1316 5237 1375 5283 ut
1402 5239 1682 5298 serpentes
1707 5228 1858 5283 vafer
1875 5243 1945 5282 ac

354 5323 729 5379 fraudulentus
745 5324 844 5388 sis,
866 5332 925 5377 ut
947 5323 1095 5376 canis
1115 5321 1457 5392 impudenter
1477 5329 1530 5374 te
1551 5319 1752 5388 geras?
1777 5319 1943 5384 unde,

357 5423 599 5488 inquam,
628 5424 684 5472 te
715 5417 946 5471 humana
975 5416 1151 5470 anima
1192 5413 1473 5484 praeditum
1501 5426 1622 5467 esse
1650 5411 1946 5482 intelligere

359 5509 595 5582 queam?
625 5506 799 5563 Vultis
821 5515 1092 5562 mortuam
1118 5521 1182 5561 ac
1201 5507 1476 5560 viventem
1503 5502 1736 5556 animam
1767 5511 1948 5556 osten-

360 5602 530 5658 dam?
558 5601 636 5656 Ad
669 5609 872 5672 priscos
901 5600 1020 5654 illos
1047 5598 1195 5652 viros
1224 5609 1531 5651 sermonem
1559 5591 1902 5647 conferamus
1925 5631 1945 5657 ,

361 5711 447 5763 ac,
476 5695 523 5751 si
551 5695 745 5766 placet,
774 5695 991 5748 divitem
1023 5692 1170 5748 illum
1189 5734 1204 5760 ,
1230 5692 1319 5761 qui
1343 5687 1534 5743 Lazari
1563 5695 1810 5756 tempore
1831 5691 1949 5738 erat

367 5794 520 5865 (lac.
553 5791 643 5863 t6)
663 5833 677 5857 ,
713 5789 764 5845 in
797 5787 1030 5844 medium
1062 5782 1427 5859 proferamus;
1455 5787 1659 5852 atque,
1692 5773 1944 5847 quidnam

1145 324 1202 382 S.
1243 322 1522 380 JOANNIS
1559 314 2032 376 CHRYSOSTOMI
2071 314 2388 375 ARCHIEP.
2427 315 2965 378 CONSTANTINOP.

2057 429 2270 488 tandem
2311 447 2456 488 mors
2492 434 2686 489 anitum
2729 435 2837 501 sit,
2885 435 3267 506 intelligemus.
3307 440 3514 495 Etenim
3556 443 3645 498 ille

2061 531 2323 578 mortuam
2351 525 2584 580 animam
2613 525 2846 581 habebat
2871 544 2886 592 ;
2911 528 3071 596 idque
3092 543 3156 584 ex
3185 528 3250 583 iis
3272 545 3393 600 quas
3419 531 3645 590 faciebat

2051 611 2260 683 liquet:
2290 630 2478 670 eorum
2518 618 2669 674 enim
2712 634 2999 694 munerum
3024 660 3040 686 ,
3087 636 3208 689 qua:
3249 623 3444 678 animae
3484 637 3640 691 sunt,

2052 706 2255 761 nullum
2282 709 2713 779 exsequebatur,
2759 712 2856 767 sed
2895 713 3068 768 solum
3097 712 3293 770 edebat
3321 731 3384 772 ac
3424 715 3643 775 bibebat

2051 811 2106 858 et
2133 802 2494 872 voluptatibus
2519 820 2736 875 operam
2763 805 2946 863 dabat.

2131 896 2173 948 l.
2209 895 2365 950 Tales
2395 913 2539 952 nunc
2576 900 2739 953 etiam
2783 909 2948 968 sunt,
2982 900 3073 971 qui
3113 899 3554 961 immisericordta
3581 913 3638 964 et

2049 984 2366 1042 crudelitate
2403 987 2649 1043 laborant
2682 1007 2697 1044 :
2729 1000 2995 1044 mortuam
3023 991 3164 1046 enim
3195 992 3249 1046 hi
3277 1009 3489 1065 quoque
3517 997 3633 1050 ani-

2049 1092 2190 1130 mam
2219 1077 2441 1147 habent,
2472 1091 2529 1135 ut
2556 1091 2611 1136 et
2641 1080 2752 1138 ille.
2783 1081 3079 1140 Universus
3103 1086 3244 1141 enim
3275 1087 3319 1142 is
3344 1089 3509 1156 calor,
3540 1091 3630 1160 qui

2050 1165 2120 1221 ab
2139 1185 2323 1226 amore
2343 1188 2468 1242 erga
2494 1175 2794 1243 proximum
2823 1185 3025 1244 manat,
3042 1178 3354 1248 absumptus
3376 1193 3476 1246 est,
3494 1183 3630 1252 ipsa-

2047 1274 2154 1328 que
2184 1263 2354 1331 magis
2377 1279 2534 1334 quam
2558 1266 2804 1322 exanime
2826 1284 3020 1338 corpus
3046 1280 3256 1324 mortua
3283 1281 3384 1325 est.
3413 1275 3480 1328 At
3509 1290 3634 1342 pau-

2051 1368 2151 1424 per
2193 1370 2301 1411 non
2350 1356 2462 1424 ita;
2505 1360 2597 1414 sed
2637 1360 2690 1415 in
2732 1361 2843 1432 ipsa
2889 1364 3244 1434 pltilosOpltite
3290 1379 3414 1420 arce
3461 1370 3629 1434 stans,

2048 1447 2294 1504 elucebat
2318 1468 2333 1504 :
2362 1459 2418 1505 et
2445 1455 2689 1522 quamvis
2728 1464 2985 1524 perpetua
3018 1457 3159 1511 fame
3186 1457 3590 1514 conflictaretur
3612 1501 3628 1526 ,

2044 1556 2110 1596 ae
2131 1557 2198 1598 ne
2222 1545 2557 1601 necessarius
2577 1547 2790 1616 quidem
2809 1550 2960 1604 cibus
2981 1550 3080 1619 ipsi
3105 1559 3434 1620 suppeteret,
3455 1561 3631 1607 tamen

2048 1651 2116 1691 ne
2142 1638 2220 1692 sic
2249 1639 2470 1708 quidem
2513 1641 2810 1711 blasphemi
2841 1645 3128 1714 quidquam
3174 1644 3434 1700 adversus
3466 1647 3630 1702 Deum
3692 1696 3697 1702 .

2045 1728 2297 1799 loquutus
2340 1740 2461 1796 est,
2495 1733 2589 1788 sed
2618 1736 2795 1788 omnia
2840 1751 3103 1805 generoso
3145 1739 3324 1792 animo
3352 1739 3489 1793 tulit.
3521 1740 3633 1796 lloc

2049 1835 2210 1888 porro
2236 1837 2341 1876 non
2373 1838 2593 1892 parvum
2621 1827 2812 1882 animae
2842 1843 2977 1898 opus
3004 1837 3107 1892 est,
3135 1829 3228 1884 sed
3258 1831 3549 1885 maximum
3576 1841 3635 1887 et

2045 1925 2333 1967 nervorum
2363 1924 2417 1968 et
2443 1917 2689 1971 sanitatis
2717 1930 3112 1988 argumentum.
3144 1919 3275 1975 Cum
3306 1931 3483 1976 autem
3516 1921 3633 1978 haec

2044 2000 2456 2071 desiderantur,
2492 2006 2660 2076 liquet
2706 2007 2828 2063 ideo
2858 2025 2917 2063 ea
2951 2010 3252 2075 interiisse,
3299 2012 3420 2081 quia
3454 2015 3630 2068 anima

2044 2101 2253 2147 mortua
2285 2096 2372 2149 sit.
2403 2098 2594 2151 Annon
2618 2110 2883 2154 mortuam
2907 2103 3139 2156 animam
3164 2103 3306 2156 illam
3334 2117 3456 2158 esse
3479 2104 3628 2160 dice-

2044 2199 2182 2248 mus,
2211 2201 2369 2252 quam
2394 2189 2597 2244 invadit
2619 2189 2883 2259 diabolus,
2909 2192 3130 2257 feriens,
3162 2193 3457 2261 lanciuans,
3483 2211 3630 2250 mor-

2041 2278 2178 2332 dens
2203 2319 2218 2344 ,
2264 2280 2502 2336 calcibus
2551 2283 2817 2352 impetens
2842 2327 2857 2348 ,
2890 2301 2990 2340 nec
3032 2295 3208 2340 tamen
3247 2302 3307 2341 ea
3337 2287 3626 2357 quidquam

2043 2371 2233 2426 borum
2265 2374 2466 2441 sentit,
2497 2373 2590 2431 sed
2621 2389 2829 2432 mortua
2853 2379 3028 2448 jacet,
3061 2395 3192 2444 nec,
3223 2396 3342 2435 cum
3372 2382 3468 2450 ipsi
3494 2397 3626 2452 opes

2041 2481 2154 2521 sum
2183 2469 2491 2524 adimuntur
2514 2512 2530 2538 ,
2563 2470 2709 2525 dolet
2741 2489 2754 2524 :
2787 2488 2973 2525 verum
3006 2473 3094 2527 ille
3123 2473 3336 2542 quidem
3368 2474 3621 2541 insultat,

2042 2556 2156 2613 lucc
2182 2571 2357 2614 autem
2385 2562 2673 2616 immobilis
2699 2574 2898 2628 manet,
2922 2572 2975 2617 et
3002 2565 3169 2618 instar
3189 2567 3430 2633 corporis
3450 2567 3625 2620 anima

2041 2648 2213 2704 orbati
2242 2650 2389 2704 nullo
2417 2667 2577 2706 sensu
2609 2651 2875 2708 afficitur?
2900 2652 3032 2707 Nam
3063 2669 3183 2708 cum
3215 2653 3308 2708 Dei
3339 2655 3496 2709 timor
3523 2671 3626 2710 una

2039 2756 2162 2795 cum
2208 2757 2336 2796 cura
2379 2758 2440 2796 ac
2484 2743 2754 2814 diligentia
2799 2761 2906 2799 non
2954 2745 3136 2809 adest,
3171 2747 3329 2799 talem
3364 2761 3482 2800 eam
3509 2761 3630 2801 esse

2040 2852 2265 2892 necesse
2289 2847 2406 2903 est,
2437 2852 2499 2891 ac
2528 2839 2753 2892 mortuis
2784 2838 3135 2891 miseriorem.
3176 2836 3359 2906 Neque
3402 2837 3543 2892 enim
3575 2837 3626 2892 in

2047 2930 2251 2982 saniem
2287 2939 2340 2982 et
2365 2931 2597 2983 cinerem
2626 2945 2688 2983 ac
2717 2930 3010 2998 pulverem,
3035 2928 3276 2998 corporis
3303 2929 3356 2983 in
3386 2929 3624 2995 modum,

2040 3019 2216 3072 anima
2239 3015 2510 3084 dilabitur,
2538 3019 2632 3074 sed
2659 3021 2711 3073 in
2737 3034 2820 3084 ea,
2849 3035 2965 3090 qua:
2991 3019 3074 3073 his
3101 3017 3363 3074 fmtidiora
3394 3031 3537 3085 sunt,
3569 3021 3626 3075 in

2040 3111 2355 3166 ebrietatem
2377 3154 2392 3177 ,
2421 3109 2474 3165 in
2500 3113 2781 3165 avaritiam
2807 3153 2820 3175 ,
2855 3111 2908 3165 itt
2936 3111 3199 3167 absurdos
3225 3128 3436 3168 amores
3464 3122 3520 3168 et
3548 3114 3628 3167 in-

2043 3203 2390 3272 tempestivas
2416 3203 2756 3272 cupiditates.
2787 3201 2940 3268 Quod
2973 3205 3016 3258 si
3051 3205 3215 3273 ipsius
3241 3205 3484 3261 faetorem
3512 3220 3627 3260 cer-

2043 3295 2149 3348 tius
2181 3296 2372 3348 intueri
2400 3296 2552 3364 cupis
2576 3337 2589 3360 ,
2632 3294 2699 3348 da
2729 3293 2856 3348 mihi
2890 3310 3076 3364 puram
3119 3297 3352 3350 animam
3378 3338 3392 3363 ,
3424 3311 3488 3350 ac
3516 3309 3626 3351 tum

2043 3387 2322 3457 ρει-διήριιο
2344 3401 2534 3440 cernes
2555 3401 2713 3456 quam
2744 3385 2923 3440 fmtida
2945 3386 3014 3439 sit
3036 3387 3203 3455 turpis
3218 3386 3304 3439 illa
3327 3396 3380 3440 et
3397 3386 3626 3456 impura.

2038 3478 2192 3533 Nunc
2218 3479 2360 3532 enim
2389 3477 2438 3531 id
2459 3477 2677 3532 minime
2699 3477 3011 3546 perspicere
3034 3477 3262 3546 poteris;
3293 3492 3412 3531 nam
3435 3489 3630 3547 quam-

2040 3571 2130 3624 diu
2174 3570 2346 3626 [αξιοι-ἰ
2378 3571 2579 3624 assueti
2608 3584 2793 3624 sumus
2816 3612 2831 3635 ,
2885 3568 2934 3623 id
2969 3585 3075 3624 non
3103 3569 3362 3624 sentimus
3391 3581 3481 3625 :at
3504 3586 3626 3625 cum

2042 3666 2405 3736 spiritualibus
2450 3665 2790 3718 sermonibus
2830 3663 3022 3718 alimur
3046 3702 3061 3726 ,
3111 3672 3237 3716 tunc
3269 3662 3465 3717 malum
3497 3663 3628 3717 illttd

2041 3759 2381 3827 agnoscimus
2401 3802 2415 3824 ,
2442 3756 2652 3810 etiamsi
2678 3754 2958 3826 permultis
2980 3753 3287 3808 indifferens
3308 3769 3426 3808 esse
3451 3755 3631 3809 videa-

2044 3859 2150 3904 tur.
2186 3853 2261 3904 Ae
2301 3849 2368 3904 de
2411 3849 2654 3917 geltenna
2707 3846 2940 3901 nondum
2991 3846 3212 3916 loquor;
3253 3846 3347 3900 sed
3391 3847 3434 3900 si
3486 3847 3632 3901 lubet

2044 3931 2322 4012 prtesentia
2347 3939 2733 4009 expendamus,
2759 3952 2860 3992 nec
2882 3952 3002 3992 eum
3028 3937 3117 4006 qui
3143 3937 3312 4005 turpia
3335 3945 3626 4006 perpetrat,

2044 4033 2138 4088 sed
2183 4048 2303 4086 eum
2349 4031 2440 4100 qui
2485 4030 2656 4098 turpia
2705 4028 2971 4097 loquitur,
3003 4026 3438 4092 consideremus.
3470 4041 3628 4095 quam

2045 4123 2305 4179 ridiculus
2334 4123 2424 4188 sit,
2458 4136 2727 4190 quantque
2755 4134 2874 4175 sese
2903 4118 3135 4188 primum
3164 4117 3484 4171 contumelia
3515 4115 3632 4170 affi-

2044 4216 2169 4280 ciat,
2201 4223 2382 4283 atque,
2417 4222 2474 4266 ttt
2499 4212 2587 4281 qui
2617 4225 2828 4266 cmnum
2856 4208 3070 4279 aliquod
3097 4223 3161 4262 ex
3189 4223 3282 4262 ore
3310 4209 3525 4274 emittit,
3554 4207 3631 4262 sic

2045 4321 2106 4361 se
2145 4307 2256 4374 ipse
2286 4303 2634 4359 contaminet.
2665 4301 2878 4356 Etenim
2905 4301 2951 4355 si
2982 4299 3145 4354 ilttxio
3173 4314 3340 4368 usque
3365 4299 3501 4352 adeo
3529 4299 3630 4352 im-

2049 4412 2179 4467 pura
2209 4406 2312 4460 ρει,
2338 4395 2532 4464 cogita,
2565 4407 2749 4462 qumso
2768 4434 2783 4457 ,
2812 4391 2986 4462 qualis
3017 4389 3174 4459 hujus
3200 4390 3338 4444 caeni
3365 4389 3634 4457 scaturigo

2047 4489 2117 4543 sit
2142 4506 2154 4542 :
2183 4487 2264 4542 Ea:
2285 4488 2598 4540 abundantia
2619 4487 2752 4538 enim
2779 4485 2948 4538 cordis
2976 4501 3030 4537 os
3058 4482 3278 4552 loquitur
3307 4480 3516 4550 (Matth.
3543 4479 3630 4535 12.

2047 4580 2161 4650 54).
2193 4579 2306 4649 Ego
2332 4595 2460 4633 vero
2504 4593 2607 4632 non
2655 4577 2756 4631 hoc
2801 4585 3004 4630 tantum
3053 4573 3268 4628 nomine
3317 4573 3504 4642 lugeo,
3537 4571 3632 4626 sed

2048 4671 2190 4740 quod
2219 4671 2357 4739 apud
2389 4669 2675 4723 nonnullos
2704 4684 2770 4721 ne
2795 4677 2946 4732 turpe
2967 4665 3181 4734 quidem
3205 4663 3341 4718 istud
3371 4663 3632 4717 videatur.

2051 4763 2183 4818 Hinc
2215 4762 2350 4816 mala
2382 4762 2559 4815 omnia
2591 4761 2977 4812 incrementum
3007 4757 3241 4824 capiunt.
3274 4769 3397 4808 cum
3426 4763 3481 4809 et
3507 4769 3636 4824 pec-

2050 4869 2257 4918 camus,
2287 4868 2387 4906 nec
2419 4861 2593 4905 tamen
2624 4855 2850 4919 peccare
2875 4847 3162 4916 nobisipsis
3191 4845 3458 4899 videmur.

2127 4945 2371 4998 Obscaena
2394 4943 2532 5010 loqui
2550 4950 2792 5011 quantum
2813 4939 3024 4993 malum.
3047 4968 3120 4981 -—
3136 4937 3298 4992 Visne
3319 4937 3478 5007 igitur
3497 4937 3638 4991 scire

2051 5046 2306 5107 quantttm
2339 5035 2536 5088 malum
2567 5034 2634 5087 sit
2668 5033 2840 5102 turpia
2871 5028 3061 5100 loqui?
3088 5027 3473 5082 Animadverte
3499 5042 3640 5098 quo-

2053 5127 2214 5183 modo
2237 5141 2335 5181 eos
2353 5166 2367 5190 ,
2397 5125 2488 5193 qui
2517 5132 2571 5177 te
2599 5122 2820 5176 audiunt
2843 5161 2858 5184 ,
2890 5118 3259 5176 obscenitatis
3288 5127 3394 5172 tuae
3419 5119 3638 5187 pudeat.

2052 5219 2187 5288 Quid
2206 5221 2348 5271 enim
2377 5215 2553 5276 vilius,
2575 5214 2701 5284 quid
2722 5212 3083 5280 contemptius
3115 5209 3330 5263 homine
3357 5209 3530 5278 turpia
3561 5209 3641 5263 Ιοο

2053 5308 2284 5381 quente?
2310 5307 2442 5361 Nam
2471 5306 2559 5375 qui
2590 5305 2725 5358 tales
2753 5311 2915 5369 sunt,
2948 5302 2998 5354 itt
3029 5299 3349 5353 histrionum
3372 5298 3597 5353 classem
3617 5341 3636 5364 ,

2053 5412 2214 5472 atque
2242 5400 2293 5452 in
2325 5397 2625 5468 prostitutae
2655 5391 2922 5464 pudicitia:
2943 5390 3229 5445 mulierum
3255 5388 3498 5443 ordinem
3520 5401 3640 5441 sese

2054 5492 2415 5549 contruduttt:
2437 5491 2547 5544 imo
2567 5489 2728 5543 etiam
2751 5485 2871 5556 plus
2891 5485 3020 5550 illis,
3045 5498 3203 5553 quam
3229 5481 3399 5547 vobis,
3422 5480 3640 5550 pudoris

2055 5588 2214 5642 inest.
2243 5584 2485 5650 Quonam
2529 5589 2706 5633 autem
2747 5576 2910 5631 modo
2955 5589 3177 5629 uxorem
3221 5571 3288 5626 ad
3331 5569 3639 5640 pudicitiam

2056 5680 2271 5738 erudire
2297 5691 2483 5749 queas,
2507 5690 2626 5730 cum
2653 5688 2748 5742 per
2773 5669 3077 5740 huiusmodi
3098 5666 3259 5721 verba
3280 5679 3397 5719 eam
3423 5663 3489 5715 ad
3519 5660 3641 5716 libi-

2056 5775 2235 5832 dinem
2276 5767 2562 5828 instituas?
2592 5765 2818 5825 Praestat
2861 5760 3068 5821 saniem
3105 5773 3173 5817 ex
3213 5770 3309 5815 ore
3354 5753 3636 5818 emittere,
