4068 6412
501 499 714 568 ἐκείνην
745 496 801 551 δὲ
834 497 1015 569 ,χωρὶς
1049 493 1367 563 Πνεύματος
1397 494 1656 562 παρεῖχον
1703 492 1751 541 οἱ
1784 488 2081 560 προφῆται.

500 592 572 645 οο
604 586 765 642 τοῦτο
791 589 849 641 δέ
880 591 997 641 ἐστι
1029 587 1189 656 μόνον
1216 584 1278 637 τὸ
1311 583 1644 653 θαυμαστὸν,
1679 585 1760 636 ὃτι
1808 580 2080 644 ζωοποιεῖ,

497 681 612 736 ἀλλ’
637 680 721 733 ὅτι
763 680 859 733 καὶ
901 679 1108 749 ἑτέροις
1151 677 1309 730 τοῦτο
1350 674 1592 744 παρέσχε
1621 675 1813 729 ποιεῖν.
1863 670 2084 726 Λάϐετε

504 773 625 841 γὰρ,
661 770 821 841 φησὶ,
849 768 1090 836 Πνεῦμα
1118 767 1306 836 ἄτιον.
1334 767 1431 819 Διά
1462 767 1545 827 τίς
1575 767 1743 836 χωρὶς
1767 764 2082 833 Πνεύματος

496 862 604 931 γὰρ
640 861 744 913 οὐκ
793 860 959 927 ἐνῆν;
1011 858 1171 913 ’Λλλά
1197 858 1409 920 δεικνὺς
1446 857 1476 909 ὁ
1506 856 1660 921 Θεὸς,
1686 857 1768 909 ὃτι
1800 853 1957 907 τοῦτο
1982 854 2083 922 τῆς

499 948 748 1015 ἐξουσίας
783 948 902 1002 ἐστὶ⁹
931 948 1031 1018 τῆς
1057 948 1341 1011 ἀνωτάτω,
1372 947 1466 999 καὶ
1496 945 1597 1015 τῆς
1632 945 1820 1007 οὐσίας
1851 944 1951 1012 τῆς
1981 942 2078 1013 βα-

497 1041 712 1111 σιλικῆς
749 1039 965 1110 ἐκείνης
994 1040 1091 1094 καὶ
1114 1040 1215 1109 τὴν
1244 1039 1413 1109 αὐτὴν
1444 1038 1557 1108 ἔχει
1591 1038 1764 1106 ἰσχὺν,
1799 1035 1895 1090 καὶ
1922 1034 2081 1087 τοῦτό

497 1146 663 1202 φησι·
682 1129 763 1184 διδ
786 1131 883 1185 καὶ
908 1130 1125 1197 ἐπάγει,
1152 1124 1267 1185 Ὦν
1288 1129 1397 1183 ἐὰν
1418 1128 1610 1197 ἀφῆτε
1638 1128 1749 1193 τὰς
1767 1127 2074 1196 ἁμαρτίας,

496 1219 812 1290 ἀφέωνται,
833 1219 934 1274 καὶ
950 1214 1040 1273 ὧν
1056 1220 1163 1274 ἐὰν
1178 1218 1452 1288 κρατῆτε,
1475 1217 1890 1285 κεκράτηνται.
1925 1218 2078 1270 Ἐπεὶ

496 1308 589 1365 οὖν
642 1311 1008 1382 ἐζωοποῐησεν
1057 1313 1226 1381 ἡμᾶς,
1282 1311 1532 1381 μένωμεν
1582 1309 1805 1373 ζῶντες,
1858 1309 1953 1363 καὶ
2000 1308 2075 1379 μὴ

498 1402 663 1457 πάλιν
696 1402 792 1455 ἐπὶ
823 1403 922 1473 τὴν
952 1402 1222 1473 προτέραν
1275 1402 1586 1471 ἐπανίωμεν
1622 1400 1923 1470 νεκρότητα
1948 1416 1961 1430 ·
2011 1401 2074 1452 '0

498 1490 757 1558 Χριστὸς
779 1491 889 1561 γὰρ
923 1490 1121 1544 οὐκέτι
1148 1490 1541 1557 ἀποθνήσκει.
1585 1491 1650 1542 '0
1678 1488 1784 1559 γὰρ
1813 1487 2072 1551 ἀπέθανε,

497 1583 563 1649 τῇ
597 1580 841 1649 ἁμαρτίᾳ
885 1578 1155 1632 ἀπέθανεν
1198 1576 1449 1646 ἐφάπαξ·
1484 1577 1665 1631 καὶοὺ
1709 1576 1954 1645 βούλεται
1986 1577 2075 1629 ἀεὶ

494 1672 678 1741 χάριτι
725 1672 874 1740 ἡμᾶς
924 1670 1212 1736 σώζεσθαι,
1271 1670 1393 1724 ἐπεί¹
1436 1670 1584 1723 κενοὶ
1643 1669 1861 1723 πάντων
1909 1670 2073 1737 ἡμεῖς

492 1760 755 1831 ἐσόμεθα·
785 1760 864 1813 διὸ
891 1762 986 1815 καὶ
1007 1765 1135 1831 παρ’
1157 1760 1315 1831 ἡμῶν
1343 1759 1691 1831 είσφέρεσθαί
1715 1777 1769 1812 τι
1799 1759 2068 1829 βούλεται.

492 1851 908 1922 Εἰσενέγκωμεν
943 1852 1142 1919 τοίνυν,
1198 1853 1293 1907 καὶ
1342 1852 1438 1923 τὴν
1465 1853 1642 1925 ψυχὴν
1669 1854 1849 1918 ζῶσαν
1885 1853 2071 1923 διατη-

495 1942 699 2013 ρῶμενο

561 2053 629 2106 τί
656 2054 714 2107 δέ
738 2056 853 2107 ἐστι
878 2056 1055 2127 ψυχῆς
1102 2057 1235 2128 ζωὴ,
1272 2059 1379 2114 ἀπὸ
1405 2061 1497 2115 τοῦ
1522 2062 1773 2133 σώματος
1806 2063 2065 2133 μάνθανε.

492 2142 603 2193 Καὶ
639 2143 748 2212 γὰρ
791 2144 852 2196 τὸ
901 2146 1061 2216 σῶμα
1103 2149 1225 2201 τότε
1263 2149 1493 2221 λέγομεν
1545 2152 1663 2224 ζῇν,
1706 2154 1836 2208 ὅταν
1876 2153 2067 2226 βαδίζῃ

493 2233 621 2303 ὑγιῆ
661 2252 780 2289 τινα
813 2235 1051 2306 βάδισιν·
1087 2240 1215 2294 ὅταν
1249 2241 1304 2295 δὲ
1339 2245 1671 2315 κατακέηται
1700 2244 1849 2317 [477]
1886 2246 2068 2300 διαλυ-

490 2325 600 2390 θὲν,
637 2328 730 2380 καὶ
765 2329 917 2399 παρά
942 2329 1096 2395 τάξιν
1125 2332 1364 2401 κινῆται,
1400 2334 1504 2388 κάν
1534 2335 1664 2407 δοκῇ
1699 2336 1798 2407 ζῇν
1831 2335 1864 2405 ἦ
1915 2334 2064 2405 βαδί-

488 2416 621 2480 ζειν,
658 2417 860 2481 παντὸς
896 2418 1127 2474 θανάτου
1182 2423 1537 2496 χαλεπωτέρα
1575 2429 1609 2497 ἠ
1655 2428 1876 2498 τοιαύτη
1924 2427 2060 2499 ζωή.

485 2506 605 2559 Κᾶν
636 2506 1135 2579 φθέγγηταιιμηδὲν
1167 2514 1338 2581 ὑγιὲς,
1384 2516 1520 2569 ἀλλά
1543 2518 1650 2571 τῶν
1686 2519 2063 2590 παραπλήγων

484 2594 728 2665 ῥήματα,
779 2596 876 2650 καὶ
919 2598 1082 2669 ἕτερα
1110 2600 1228 2653 ἀνθ’
1280 2602 1483 2674 ἐτέρων
1528 2605 1724 2681 βλέπῃ,
1757 2608 1919 2662 πάλιν
1952 2609 2060 2662 τῶν

482 2683 947 2754 τετελευτηκότων
975 2688 1330 2763 ἐλεεινότερος
1360 2696 1389 2745 ό
1419 2695 1676 2760 τοιοῦτος.
1722 2697 1877 2752 Οὕτω
1904 2699 1997 2752 καὶ
2025 2701 2058 2767 ἡ

482 2772 651 2844 Ψυχὴν
691 2775 819 2829 ὅταν
873 2777 1037 2849 μηδὲν
1084 2781 1237 2850 ὑγιὲς
1266 2784 1385 2857 ἔχῃ,
1414 2787 1518 2842 κᾶν
1547 2788 1676 2861 δοκῇ
1704 2788 1825 2860 ζῇν,
1870 2791 2061 2862 τέθνη-

482 2882 610 2919 κεν·
653 2867 782 2921 ὅταν
833 2869 892 2922 τὸ
926 2871 1149 2942 χρυσίον
1196 2877 1270 2946 μὴ
1324 2876 1494 2951 βλέπῃ
1540 2881 1616 2945 ὡς
1652 2883 1894 2953 χρυσίον,
1940 2885 2056 2938 ἀλλ’

482 2955 556 3018 ὼς
588 2957 729 3027 μέγα
772 2976 825 3011 τι
857 2962 950 3014 καὶ
991 2963 1192 3033 τίμιον,
1225 2967 1355 3020 ὅταν
1386 2970 1452 3022 τὰ
1482 2970 1742 3041 μέλλοντα
1774 2975 1849 3046 μὴ
1877 2976 2052 3048 ἐποῇ,

481 3047 618 3101 ἀλλά
640 3051 814 3120 χαμαὶ
838 3052 1090 3124 σύρηται,
1115 3056 1243 3111 ὅταν
1263 3059 1381 3112 ἀνθ’
1404 3061 1605 3132 ἑτέρων
1625 3063 1786 3134 ἕτερα
1817 3082 2050 3138 πραττῃ.

482 3139 651 3194 Πόθεν
697 3140 808 3213 γὰρ
855 3144 1014 3214 δῆλον
1061 3148 1144 3200 ὃτι
1174 3148 1353 3221 ψυχὴν
1404 3151 1631 3223 ἔχομενς
1670 3155 1769 3209 οὐκ
1810 3157 1920 3211 ἀπὸ
1944 3157 2054 3211 τῶν

480 3228 803 3298 ἐνεργειῶν;
838 3233 1005 3287 Ὅταν
1046 3231 1137 3289 οὖν
1175 3239 1239 3290 τά
1272 3239 1441 3311 αὐτῆς
1467 3242 1540 3312 μὴ
1570 3244 1788 3317 ἐνεργῇ,
1816 3247 1936 3317 οὐχὶ
1962 3248 2051 3302 τέ-

480 3319 707 3389 θνηκεν;
738 3317 881 3387 Οἶον,
916 3325 1044 3379 ὅταν
1080 3326 1153 3398 μὴ
1182 3330 1504 3403 ἐπιμελῆται
1536 3334 1763 3406 ἀρετῆς,
1790 3337 1928 3392 ἀλλά
1953 3340 2054 3409 ἀρο

481 3410 627 3484 πάζῃ
658 3413 751 3467 καὶ
783 3421 1097 3489 παρανομῇ,
1128 3420 1291 3476 πόθεν
1317 3422 1549 3495 δύναμαι
1576 3429 1749 3481 εἰπεῖν
1767 3428 1849 3482 δτι
1873 3430 2051 3501 ψυχὴν

478 3502 656 3572 ἐχειςς
692 3507 775 3560 ὅτι
825 3508 1094 3577 βαδίζειςς
1150 3513 1306 3568 Ἀλλά
1344 3515 1503 3571 τοῦτο
1539 3519 1769 3574 καὶτῶν
1814 3522 2045 3592 ἀλόγων.

490 3595 627 3649 Ἀλλ’
667 3597 749 3651 ὃτι
793 3598 993 3664 ἐσθίεις
1022 3604 1115 3656 καὶ
1168 3605 1377 3674 πίνεις;
1428 3610 1587 3664 Ἀλλά
1629 3613 1785 3667 τοῦτο
1810 3615 1902 3668 καὶ
1940 3617 2049 3670 τῶν

480 3684 704 3755 θηρίων.
747 3689 883 3742 Ἀλλ’
906 3692 986 3744 ὅτι
1010 3693 1166 3763 ὀρθὸς
1191 3696 1425 3767 ἕστηκας
1452 3699 1546 3754 ἐπὶ
1573 3701 1667 3756 δύο
1693 3704 1853 3769 ποσί;
1878 3705 2050 3760 Τοῦτό

482 3791 572 3842 μοι
606 3777 806 3845 μᾶλλον
837 3781 1124 3849 δείκνυσιν,
1151 3787 1233 3839 δτι
1262 3788 1448 3859 θηρίον
1476 3786 1528 3842 εί
1556 3790 2044 3865 ἀνθρωπόμορφον.

482 3868 647 3922 Ὅταν
679 3872 778 3941 μὲν
809 3874 917 3944 γὰρ
947 3876 1013 3928 τά
1045 3877 1179 3932 ἄλλα
1218 3879 1347 3953 ἔχῃς
1372 3882 1603 3948 ἐκείνου,
1629 3885 1729 3952 τὴν
1771 3885 1827 3940 δὲ
1859 3886 2045 3941 διανάο

479 3977 661 4017 στασιν
712 3966 929 4036 μηκέτι,
980 3970 1179 4037 μᾶλλόν
1217 3990 1284 4042 με
1321 3976 1750 4047 ταράττειςκαὶ
1791 3980 2046 4050 ἐκδειμα-

473 4056 603 4119 τοῖς,
634 4058 728 4110 καὶ
764 4058 964 4128 μᾶλλον
995 4062 1159 4134 τέρας
1206 4060 1346 4120 εἶναι
1377 4068 1582 4137 νομίζω
1608 4071 1669 4122 τὸ
1698 4067 2041 4142 φαινόμενον.

475 4145 581 4197 Καὶ
622 4147 730 4218 γὰρ
752 4150 799 4202 εί
832 4149 1020 4220 θηρίον
1064 4149 1201 4207 εἶδον
1232 4157 1547 4231 ἀνθρωπίνῃ
1574 4158 1946 4232 φθεγγόμενον
1975 4166 2042 4233 τῇ

472 4240 644 4308 φωνῇ,
678 4240 778 4293 οὐκ
805 4241 872 4294 ἂν
901 4240 968 4293 δι’
997 4244 1129 4297 αὐτὸ
1156 4246 1316 4299 τοῦτο
1344 4248 1479 4319 ἔφην
1511 4251 1796 4322 ἄνθρωπον
1829 4250 1969 4309 εἶναι
1992 4268 2042 4318 ⁸,

471 4327 606 4380 ἀλλά
634 4329 701 4381 δι’
730 4332 860 4384 αὐτὸ
883 4334 983 4402 μὲν
1013 4332 1104 4388 οὖν
1128 4337 1286 4392 τοῦτο
1317 4340 1503 4411 θηρίον
1527 4342 1714 4413 θηρίου
1747 4346 2047 4416 τερατωδέο

473 4430 685 4485 στερον.
710 4420 880 4474 Πόθεν
901 4418 991 4477 οὖν
1017 4425 1314 4497 δυνήσομαι
1347 4431 1558 4498 μαθεῖν,
1592 4433 1671 4486 ὅτι
1700 4434 1874 4506 ψυχὴν
1899 4436 2043 4505 ἔχεις

469 4509 781 4580 ἀνθρώπου,
814 4514 940 4569 ὅταν
981 4516 1238 4590 λακτίζῃς
1268 4521 1343 4584 ὼς
1385 4525 1432 4575 οἱ
1458 4523 1589 4587 ὄνοι,
1617 4525 1745 4580 ὅταν
1775 4544 2044 4597 μνησικαο

470 4602 573 4671 κῇς
599 4601 675 4665 ὡς
703 4604 761 4656 αί
800 4606 1056 4675 κάμηλοι,
1084 4610 1212 4662 ὅταν
1248 4612 1450 4686 δάκνῃς
1482 4616 1557 4677 ῶς
1589 4617 1646 4669 αί
1672 4614 1882 4687 ἀρκτοι,
1911 4620 2042 4673 ὅταν

466 4692 719 4765 ἁρπάζῃς
738 4695 814 4759 ὡς
848 4699 897 4749 οί
927 4698 1098 4764 λύκοι,
1127 4701 1254 4756 ὅταν
1290 4704 1523 4777 κλέπτῃς
1549 4705 1624 4770 ὡς
1650 4708 1708 4760 αί
1737 4708 2039 4774 ἀλώπεκες,

465 4783 592 4838 ὅταν
637 4785 852 4855 δολερὸς
881 4786 946 4860 ᾖς
973 4790 1050 4853 ὡς
1073 4793 1122 4846 οί
1141 4793 1313 4862 ὄφεις,
1352 4796 1481 4849 ὅταν
1509 4798 1873 4872 ἀναισχυντῇς
1905 4803 1981 4864 ὡς
2013 4806 2040 4856 ό

465 4872 640 4938 κύων;
676 4876 839 4929 πόθεν
875 4878 1174 4951 δυνήσομαι
1220 4884 1409 4952 μαθεῖν
1449 4887 1530 4941 ὃτι
1562 4887 1739 4960 ψυχὴν
1769 4890 1914 4961 ἔχεις
1939 4895 2039 4948 ἀν-

470 4961 720 5032 θρώπου;
764 4967 1027 5024 Βούλεσθε
1060 4972 1219 5039 δείξω
1263 4976 1461 5046 νεκράν
1484 4977 1663 5048 ψυχὴν
1694 4980 1788 5033 καὶ
1818 4980 2036 5047 ζῶσαν;

474 5054 726 5145 Ἄγωμεν
771 5058 863 5113 τὸν
905 5061 1061 5130 λόγον
1091 5065 1253 5118 πάλιν
1283 5068 1376 5121 ἐπὶ
1403 5070 1527 5134 τοὺς
1557 5071 1813 5143 ἀρχαίους
1845 5073 2041 5145 ἄνδρας
2070 5120 2073 5123 λ

470 5144 727 5210 ἐκείνους,
772 5150 887 5213 καὶ,
932 5154 983 5204 εί
1027 5154 1194 5220 δοκεῖ,
1225 5156 1316 5209 τὸν
1363 5158 1615 5213 πλούσιον
1643 5162 1721 5224 εἰς
1755 5164 1917 5232 μέσον
1941 5181 2030 5216 κα.

467 5233 757 5306 ταθὼμεθα
805 5242 899 5295 τὸν
948 5244 1041 5298 ἐπὶ
1088 5246 1183 5299 τοῦ
1240 5248 1514 5321 Λαζάρου,
1569 5252 1661 5305 καὶ
1698 5253 1954 5323 εἰσόμεθα
1984 5253 2039 5307 τί

465 5326 598 5414 ποτέ
639 5329 754 5383 ἐστι
778 5331 958 5403 ψυχῆς
1000 5337 1291 5408 νέκρωσις.
1327 5342 1435 5394 Καὶ
1468 5343 1575 5411 γὰρ
1606 5343 1811 5406 ἐκεῖνος
1839 5345 2037 5414 νεκρὰν

462 5407 573 5485 εἶχε
616 5418 818 5492 ψυχὴν,
871 5426 963 5479 καὶ
991 5426 1151 5496 δῆλον
1186 5431 1280 5499 ἀφ’
1310 5426 1385 5486 ὧν
1417 5407 1619 5487 ἐποίει·
1657 5434 1763 5487 τῶν
1796 5437 1894 5505 μὲν
1929 5407 2036 5509 γὰρ

460 5681 877 5798 τεῖιίῃέιῗὶἰόῗῦτο
920 5691 1034 5754 ἔφην
1071 5695 1314 5759 ἄνθρωπον
1339 5701 1475 5764 εἶναι,
1501 5708 1597 5756 etc.
1625 5698 1834 5760 deerant
1856 5706 1904 5760 in
1929 5711 2032 5764 Mo-

1550 373 1616 428 IN
1659 370 1876 427 EPIST.
1918 373 1958 425 11
2002 370 2090 423 Αἰ)
2131 368 2289 425 COH.
2334 370 2567 425 HOMIL.
2615 371 2699 426 Vl.

3638 376 3787 430 "0'

2186 486 2363 555 ψυχῆς
2402 486 2583 556 ἔργων
2604 487 2754 540 οὐδὲν
2784 486 3069 558 ἔπραττεν,
3103 487 3256 558 ἤσθιε
3290 488 3345 541 δὲ
3372 490 3461 543 καὶ
3491 489 3638 544 ἔπινε
3672 494 3770 547 καὶ

2187 576 2396 647 ἐτρύφα
2422 577 2601 647 μόνον.

2250 668 2312 720 δ’.
2344 665 2588 720 Τοιοῦτοί
2616 668 2722 719 εἰσι
2749 668 2842 719 καὶ
2872 666 2969 721 νῦν
2990 670 3039 720 οί
3070 668 3432 740 ἀνελεήμονες
3462 670 3554 723 καὶ
3587 672 3728 740 ὠμοί
3748 692 3762 703 ·

2182 756 2381 827 νεκρὰν
2407 757 2515 827 γὰρ
2544 758 2727 827 έχουσι
2766 760 2861 812 καὶ
2888 753 3032 812 οὗτοι
3063 758 3264 831 ψυχὴν,
3303 759 3491 832 ὥσπερ
3536 763 3762 825 ἐκεῖνος.

2181 847 2255 899 Τὸ
2280 846 2390 918 γάρ
2410 847 2611 918 θερμὸν
2634 849 2804 919 αὐτῆς
2827 849 2972 903 ἅπαν
2999 850 3061 903 τὸ
3085 851 3191 903 ἀπὸ
3219 854 3319 921 τῆς
3347 852 3528 921 φιλίας
3557 854 3656 923 τῆς
3682 858 3763 918 εἰς

2178 936 2271 990 τὸν
2304 938 2531 1009 πλησίον
2572 938 2867 1009 ἀνήλωται,
2923 941 3018 993 καὶ
3066 940 3212 995 ἐστιν
3259 941 3470 1011 ἀψύχου
3510 942 3763 1012 σώματος

2179 1030 2493 1101 νεκροτέρα.
2537 1030 2594 1083 'O
2617 1030 2673 1084 δὲ
2700 1031 2866 1101 πένης
2885 1032 2947 1085 οὐ
2975 1032 3238 1099 τοιοῦτος,
3274 1033 3392 1087 ἀλλ’
3418 1036 3476 1088 έν
3503 1035 3653 1107 αύτῷ
3683 1036 3762 1105 τῷ

2178 1122 2333 1193 ἄκρῳ
2358 1123 2456 1193 τῆς
2485 1122 2800 1193 φιλοσοφίας
2823 1124 2995 1187 ἐστὼς
3018 1124 3282 1196 διέλαμπε
3302 1144 3318 1159 ·
3347 1128 3442 1181 καὶ
3473 1128 3618 1199 λιμῷ
3652 1148 3758 1183 πα-

2176 1212 2341 1266 λαίων
2391 1213 2650 1283 διηνεκεῖ,
2694 1214 2790 1266 καὶ
2833 1214 2955 1267 οὐδὲ
3005 1215 3105 1281 τῆς
3157 1217 3463 1284 ἀναγκαίας
3512 1218 3761 1289 εὐπορῶν

2174 1304 2401 1374 τροφῆς,
2427 1304 2547 1356 οὐδὲ
2581 1303 2752 1367 οὕτως
2786 1302 2906 1357 εἶπέ
2940 1324 2992 1359 τι
3030 1306 3347 1378 βλάσφημον
3374 1310 3452 1371 είς
3480 1309 3572 1362 τὸν
3602 1308 3757 1372 Θεὸν,

2174 1395 2286 1448 ἀλλ’
2317 1395 2510 1466 ἔφερεν
2549 1396 2763 1449 ἅπαντα
2809 1399 3088 1464 γενναίως.
3142 1400 3217 1453 Οὐ
3272 1402 3467 1472 μικρὸν
3495 1401 3551 1455 δὲ
3601 1401 3760 1456 τοῦτο

2171 1486 2348 1558 ψυχῆς
2393 1486 2574 1557 ἔργον,
2611 1488 2747 1542 ἀλλά
2774 1487 2865 1547 γε
2902 1490 3001 1559 τῆς
3028 1490 3268 1554 εὐτονίας
3310 1492 3404 1545 καὶ
3433 1491 3535 1560 τῆς
3569 1492 3759 1560 ὑγείας

2169 1578 2469 1648 τεκμήριον
2516 1577 2791 1647 μέγιστον.
2838 1577 3006 1661 Ὅταν
3053 1578 3109 1632 δὲ
3152 1580 3324 1633 ταῦτα
3378 1582 3452 1651 μὴ
3486 1578 3541 1656 ᾗ,
3595 1582 3754 1652 δῆλον

2170 1667 2252 1721 δτι
2285 1667 2434 1738 παρά
2469 1668 2530 1720 τὸ
2578 1668 2945 1741 νενεκρῶσθαι
2999 1669 3302 1725 ἀπόλωλεν.
3336 1671 3410 1724 Ἦ
3458 1674 3520 1726 ού
3554 1674 3755 1745 νεκράν

2170 1761 2381 1828 ἐκείνην
2419 1754 2557 1812 εἶναι
2581 1762 2850 1831 φήσομεν,
2880 1762 3005 1814 εἰπέ
3031 1778 3141 1831 μοι,
3246 1762 3423 1815 ἔπεισι
3460 1764 3558 1833 μὲν
3581 1766 3612 1816 ό
3636 1764 3753 1816 διά-

2169 1851 2322 1914 6ολος
2351 1851 2622 1921 πλήττων,
2647 1851 2873 1917 κεντῶν,
2904 1852 3137 1917 δάκνων,
3168 1853 3463 1919 λακτίζων,
3491 1854 3747 1909 αἰσθάνε-

2167 1958 2258 1992 ται
2289 1940 2344 1992 δὲ
2378 1940 2559 2009 ἐκείνη
2597 1940 2809 2003 οὐδενὸς
2839 1940 2992 2013 [478]
3028 1945 3252 2007 τούτων,
3277 1942 3415 1996 ἀλλά
3449 1946 3623 1997 κεῖται
3653 1962 3745 1997 νε·-

2166 2031 2510 2099 νεκρωμένη,
2545 2030 2760 2100 καὶτῆς
2795 2030 3113 2101 περιουσίας
3138 2032 3307 2102 αὐτῆς
3339 2034 3747 2105 ἀφαιρουμένης

2165 2123 2263 2175 οὐκ
2294 2121 2468 2189 ἀλγεῖ,
2493 2120 2609 2173 ἀλλ’
2630 2121 2923 2189 ἐφάλλεται
2953 2122 3052 2191 μὲν
3085 2124 3308 2201 ἐκεῖνος,
3345 2125 3497 2194 μένει
3525 2125 3580 2178 δὲ
3614 2124 3746 2198 αὕτη

2162 2214 2436 2283 ἀκίνητος,
2477 2212 2665 2284 ὥσπερ
2712 2214 2871 2285 σῶμα
2898 2214 3079 2285 ψυχῆς
3115 2214 3479 2288 ἀπελθούσης,
3512 2220 3631 2273 ούδέ
3662 2224 3749 2274 αἰ-

2165 2305 2499 2375 σθανομένη;
2537 2306 2708 2358 Ὅταν
2762 2306 2871 2376 γάρ
2912 2309 2938 2360 ό
2965 2307 3060 2359 τοῦ
3088 2306 3223 2362 Θεοῦ
3278 2310 3445 2379 φόϐος
3477 2312 3551 2382 μὴ
3594 2316 3747 2384 ποιρῇ

2164 2396 2301 2466 μετὰ
2342 2396 2647 2466 ἀκριϐείας,
2683 2398 2937 2467 τοιαύτην
2978 2398 3149 2472 αὐτὴν
3192 2396 3332 2455 εἶναι
3379 2403 3616 2473 ἀνάγκη,
3653 2406 3750 2458 καὶ

2160 2488 2371 2560 νεκρῶν
2407 2488 2746 2560 ἀθλιωτέραν
2811 2492 2946 2545 Οὐδὲ
2997 2494 3105 2564 γὰρ
3134 2495 3213 2557 είς
3261 2494 3433 2565 ἰχῶρα
3466 2495 3747 2551 διαλύεται

2160 2585 2254 2637 καὶ
2288 2584 2492 2652 τέφραν
2534 2583 2627 2636 καὶ
2658 2584 2805 2638 κόνιν
2850 2587 2882 2656 ἡ
2932 2586 3098 2656 ψυχὴ,
3147 2587 3400 2660 καθάπερ
3447 2588 3510 2641 τὸ
3560 2588 3743 2659 σῶμα,

2157 2676 2273 2728 ἀλλ’
2327 2677 2405 2738 είς
2443 2674 2510 2728 τὰ
2559 2674 2766 2730 τούτων
2824 2676 3217 2750 δυσωδέστερα,
3274 2680 3357 2743 είς
3414 2679 3587 2751 μέθην
3648 2683 3745 2735 καὶ

2157 2766 2326 2836 θυμὸν
2351 2768 2442 2820 καὶ
2474 2765 2807 2832 πλεονεξίαν,
2839 2768 2919 2831 είς
2945 2769 3183 2833 ἀτόπους
3210 2768 3421 2841 ἔρωτας
3452 2772 3547 2825 καὶ
3582 2773 3741 2827 ἀκαί-

2157 2876 2284 2929 ρους
2330 2857 2646 2930 ἐπιθυμίας.
2694 2861 2758 2913 Et
2807 2860 2864 2913 δὲ
2901 2860 3081 2930 βούλει
3126 2862 3298 2933 αὐτῆς
3340 2865 3737 2935 ἀκριϐέστερον

2157 2949 2287 3003 ἰδεῖν
2313 2950 2372 3003 τὸ
2408 2950 2668 3013 δυσῶδες,
2713 2950 2801 3014 δός
2833 2969 2924 3022 μοι
2965 2952 3143 3024 ψυχὴν
3185 2955 3455 3025 καθαρὰν,
3496 2958 3591 3010 καὶ
3619 2960 3742 3012 τότε

2152 3040 2271 3109 ὄψει
2322 3041 2509 3110 σαφῶς
2559 3042 2677 3104 πῶς
2728 3045 2844 3096 ἐστι
2882 3043 3126 3115 δυσώδης
3175 3048 3209 3116 ή
3240 3047 3443 3119 αἰσχρά
3475 3048 3613 3119 αὕτη
3646 3052 3742 3103 καὶ

2151 3133 2481 3203 ἀκάθαρτος.
2516 3133 2629 3188 Νῦν
2675 3136 2774 3205 μὲν
2808 3136 2916 3206 γὰρ
2962 3136 3023 3189 ού
3075 3137 3280 3212 δυνήσῃ
3333 3139 3599 3194 συνιδεῖν·
3634 3142 3740 3206 ἓως

2151 3224 2259 3295 γὰρ
2289 3225 2355 3279 ἂν
2377 3219 2526 3294 ὦμεν
2549 3227 2605 3279 ἐν
2632 3226 2889 3299 συνηθείᾳ
2907 3229 3190 3294 δυσωδίας,
3213 3233 3315 3285 οὐκ
3345 3232 3735 3305 αἰσθανόμεθα·

2148 3318 2277 3371 όταν
2308 3317 2363 3371 δὲ
2413 3323 2804 3389 πνευματικοῖς
2830 3322 3162 3393 τρεφώμεοα
3193 3326 3421 3396 ῥήμασι,
3452 3327 3574 3381 τότε
3597 3329 3740 3381 εἰσό-

2153 3407 2295 3476 μεθα
2345 3411 2522 3462 ἐκεῖνο
2571 3409 2633 3463 τὸ
2688 3412 2892 3481 κακόν·
2950 3413 3123 3466 καίτοι
3175 3416 3391 3479 πολλοῖς
3446 3417 3736 3492 ἀδιάφορον

2146 3496 2307 3553 τοῦτο
2355 3495 2490 3554 εἶναι
2526 3501 2692 3555 δοκεῖ.
2732 3502 2841 3555 Καὶ
2872 3504 3084 3557 οὐδέπω
3128 3506 3272 3575 λέγω
3301 3507 3431 3578 περὶ
3473 3509 3695 3580 γεέννης
3718 3529 3733 3543 -

2148 3590 2286 3654 ἀλλ’,
2319 3592 2369 3643 εί
2418 3591 2695 3659 βούλεσθε,
2744 3592 2815 3645 τὰ
2848 3593 3094 3663 παρόντα
3134 3595 3497 3667 ἐξετάσωμεν,
3531 3600 3625 3652 καὶ
3656 3600 3734 3671 μὴ

2144 3679 2236 3733 τὸν
2285 3681 2487 3753 αἰσχρά
2532 3684 2864 3752 πράττοντα,
2897 3685 3033 3740 ἀλλά
3064 3687 3155 3740 τὸν
3199 3688 3401 3760 αἰσχρά
3428 3689 3733 3761 φθεγγόμε-

2145 3790 2255 3835 νον,
2283 3774 2397 3838 πῶς
2431 3776 2547 3827 ἐστι
2579 3776 3002 3846 καταγέλαστος,
3045 3779 3161 3843 πῶς
3188 3780 3382 3835 ἑαυτὸν
3412 3782 3730 3854 καθυδρίζει

2146 3864 2392 3934 πρῶτον·
2433 3866 2684 3937 καθάπερ
2709 3886 2793 3933 τις
2830 3868 3089 3940 βόρϐορόν
3117 3888 3238 3925 τινα
3265 3872 3374 3926 ἀπὸ
3399 3872 3494 3927 τοῦ
3526 3876 3730 3946 στόμα-

2141 3972 2234 4019 τος
2260 3956 2464 4024 ἀφιεὶς,
2501 3956 2675 4022 οὕτως
2704 3960 2895 4013 ἑαυτὸν
2932 3960 3172 4031 μολύνει.
3204 3963 3267 4017 ΕΞ
3290 3964 3397 4035 γάρ
3426 3965 3486 4018 τὸ
3512 3966 3727 4037 ῥεῖθρον

2142 4046 2317 4112 οὕτως
2355 4048 2686 4118 ἀκάθαρτον,
2711 4050 2965 4123 ἐννόησον
2996 4053 3084 4106 οἵα
3107 4056 3139 4124 ή
3164 4056 3314 4127 πηγὴ
3342 4057 3726 4131 τοῦηβορὸόρου

2142 4136 2333 4190 τούτου
2354 4153 2367 4167 ·
2416 4139 2517 4193 Ἐκ
2555 4139 2665 4208 γὰρ
2694 4141 2802 4195 τοῦ
2828 4146 3306 4213 περισσεύματος
3336 4146 3444 4215 τῆς
3475 4149 3719 4218 καρδίας

2142 4227 2208 4279 τό
2235 4228 2429 4296 στόμα
2454 4228 2651 4283 λαλεῖ.
2698 4230 2839 4299 Ἐγὼ
2868 4231 2925 4285 δὲ
2944 4233 3004 4285 οὐ
3030 4234 3117 4287 διὰ
3141 4234 3300 4288 τοῦτο
3322 4236 3505 4290 πενθῶ
3539 4224 3724 4309 μόνον,

2140 4315 2258 4369 ἀλλ’
2304 4319 2386 4372 ὅτι
2435 4320 2558 4373 οὐδὲ
2609 4316 2927 4376 εἶναιδοκεῖ
2970 4323 3080 4377 τῶν
3125 4326 3342 4382 ἀτόπων
3381 4328 3539 4383 τοῦτο
3572 4334 3724 4403 παρά

2141 4425 2304 4463 τισιν.
2347 4409 2630 4464 Ἐντεῦθεν
2660 4411 2876 4467 ἅπαντα
2901 4413 3121 4479 αὔξεται
3149 4417 3217 4471 τά
3262 4402 3447 4481 κακάξ
3470 4419 3597 4473 ὅταν
3628 4425 3722 4473 καὶ

2142 4501 2563 4573 ἀμαρτάνωμεν,
2593 4506 2688 4560 καὶ
2712 4506 2845 4577 μηδὲ
2880 4507 3219 4579 πλημμελεῖν
3242 4511 3577 4582 νομίζωμεν.

2214 4595 2399 4648 Βούλει
2447 4591 2541 4649 οὖν
2598 4597 2789 4667 μαθεῖν
2834 4601 2960 4654 ὅσον
2995 4602 3165 4656 κακὸν
3210 4604 3272 4657 τὸ
3301 4605 3505 4676 αἰσχρά
3543 4606 3709 4675 φθέγ·

2143 4686 2380 4751 γεσθαι;
2430 4686 2714 4759 Ἐννόησον
2736 4690 2864 4752 τοὺς
2890 4691 3211 4759 ἀκούοντας,
3242 4695 3361 4759 πῶς
3389 4697 3715 4767 ἐρυθριῶσιν

2140 4775 2200 4829 ἐν
2230 4778 2297 4848 τῇ
2338 4778 2696 4852 ἀσχημοσύνῃ
2738 4781 2805 4851 τῇ
2844 4785 2933 4853 σῇ.
2982 4783 3049 4837 Τί
3081 4784 3191 4855 γὰρ
3213 4786 3595 4860 εὐτελέστερον
3622 4790 3719 4841 ἀνο

2140 4864 2266 4936 δρὸς
2295 4868 2685 4939 αἰσχρολόγους
2714 4870 2766 4921 τί
2824 4873 3150 4945 ἀτιμότερον
3172 4892 3197 4941 ;-
3218 4876 3313 4940 Είς
3340 4876 3451 4948 γὰρ
3473 4877 3572 4948 τὴν
3607 4878 3718 4931 τῶν

2142 4955 2327 5026 μίμων
2355 4957 2587 5012 ὠθοῦσιν
2618 4959 2846 5025 ἑαυτοὺς
2870 4965 3162 5018 οίτοιοῠτοι
3185 4965 3361 5033 τάξιν,
3391 4967 3486 5023 καὶ
3519 4970 3596 5032 είς
3616 4968 3715 5038 τὴν

2138 5044 2246 5098 τῶν
2281 5048 2740 5118 πεπορνευμένων
2778 5053 3084 5119 γυναικῶν·
3115 5055 3317 5127 μᾶλλον
3366 5057 3423 5110 δὲ
3447 5099 3463 5125 ,
3502 5059 3712 5113 ἐκεῖναι

2135 5134 2433 5204 ἐρυθριῶσι
2469 5136 2687 5206 μᾶλλον,
2719 5140 2751 5209 ἢ
2782 5140 2961 5211 ὑμεῖς.
2993 5143 3116 5207 Πῶς
3137 5144 3363 5200 δύνασαι
3385 5145 3592 5212 διδάξαι
3613 5163 3712 5214 γυ·-

2134 5227 2298 5275 καίκα
2334 5227 2653 5294 σωφρονεῖν,
2689 5228 2960 5282 παιδεύων
2994 5232 3164 5304 αὐτὴν
3196 5234 3273 5291 είς
3308 5233 3597 5304 ἀσέλγειαν
3623 5236 3710 5289 διά

2136 5311 2340 5366 τούτων
2387 5316 2660 5369 ἐκϐαίνειν
2702 5319 2813 5371 τῶν
2845 5321 3109 5392 ῥημάτων
3138 5340 3153 5387 ς
3194 5325 3412 5381 Βέλτιον
3441 5328 3708 5399 σηπεδόνα

2137 5405 2244 5457 ἀπὸ
2292 5404 2386 5458 τοῦ
2416 5407 2679 5477 στόματος
2700 5410 2942 5478 ἀφιέναι,
2978 5413 3011 5484 ἢ
3036 5415 3187 5486 ῥῆμα
3217 5419 3460 5490 αἰσχρόν.
3491 5418 3605 5473 Νῦν
3626 5420 3703 5485 δὲ,

2134 5494 2201 5546 ἂν
2254 5496 2353 5564 μὶν
2378 5494 2479 5569 ὖζῃ
2514 5498 2575 5552 τὸ
2600 5501 2798 5570 στόμα,
2825 5504 2944 5558 οὐδὲ
2975 5505 3084 5558 τῶν
3119 5509 3312 5562 κοινῶν
3335 5510 3581 5582 μετέχεις
3622 5528 3706 5564 σικ-

2133 5587 2290 5638 τίων·
2324 5588 2591 5659 τοσαύτης
2622 5591 2680 5645 δέ
2707 5594 2971 5659 δυσωδίας
3016 5596 3184 5671 οὔσης
3212 5601 3270 5653 ἐν
3296 5605 3360 5673 τῇ
3388 5602 3531 5674 ψυχῇ
3552 5643 3566 5664 ,
3596 5619 3699 5672 μυ-

2134 5675 2370 5747 στηρίων
2420 5680 2622 5752 τολμᾷς
2675 5688 2983 5753 κοινωνεῖν,
3020 5690 3141 5742 είπέ
3188 5708 3319 5760 μοι;
3363 5692 3471 5745 Καὶ
3513 5695 3560 5746 εί
3599 5695 3700 5764 μιν

2138 5765 2330 5833 σκεῦος
2352 5769 2659 5844 ἀκάθαρτόν
2675 5791 2757 5840 τις
2774 5775 2953 5832 λαϐὼν
2972 5819 2987 5845 ,
3020 5780 3111 5834 ἐπὶ
3133 5782 3230 5852 τῆς
3251 5783 3529 5855 τραπέζης
3566 5801 3707 5839 κατε
