4068 6486
345 413 448 471 ιιι

347 532 502 584 έθετο
529 528 630 598 τῆς
659 530 780 597 σῆς,
815 528 993 594 ξυλο.ς
1015 532 1177 586 αὐτὸν
1199 533 1265 586 ἂν
1293 534 1473 587 παίων
1499 534 1709 605 ῆλασας
1726 551 1740 565 ο
1769 536 1859 588 τὸν
1876 535 1933 590 δὲ

346 622 484 675 Θεὸν
514 622 610 674 ἐπὶ
640 622 743 692 τῆς
773 622 1054 692 τραπέζης
1073 622 1174 692 τῆς
1205 624 1374 677 αὑτοῦ
1407 625 1678 698 (τράπεζα
1705 629 1814 698 γὰρ
1839 628 1936 681 αύ-

345 711 444 765 τοῦ
473 751 488 774 ,
510 712 574 765 τὸ
602 713 776 782 στόμα
807 712 867 764 τὸ
905 713 1173 784 ἡμέτερον
1204 715 1561 786 εὐχαριστίας
1616 717 1934 788 πληρούμε-

347 802 495 874 νον),
524 803 754 866 σκεύους
788 804 1101 873 ἀκαθάρτου
1143 807 1344 871 παντδς
1386 809 1609 879 ῥήματα
1657 809 1930 882 βδελυρώ-

347 913 483 968 τερα
498 897 808 966 προφέρων,
826 898 927 950 ούκ
943 897 1043 950 οἴει
1064 915 1135 951 πα
1145 899 1405 970 ροξύνειν,
1427 901 1552 954 είπὲ
1570 919 1660 970 μοι
1678 918 1691 965 ;
1710 902 1934 966 καὶπῶς

348 987 429 1041 ἔνι
460 985 648 1053 τοῦτος
668 988 835 1041 Οὐδὲν
866 990 976 1060 γὰρ
997 988 1142 1044 οὕτω
1180 993 1502 1065 παροργίξει
1525 993 1618 1047 τὸν
1652 994 1809 1062 ἅγιον
1838 995 1934 1048 καὶ

347 1080 440 1133 τὸν
455 1078 798 1151 καθαρὸν,ὼς
811 1082 880 1133 τά
897 1082 1117 1153 ῥήματα
1131 1083 1306 1138 ταῦτα
1321 1100 1334 1116 ·
1353 1084 1504 1138 οὐδὲν
1516 1083 1690 1150 οὕτως
1707 1086 1934 1156 ἰταμοὺς

347 1172 446 1226 καὶ
497 1172 895 1243 ἀναισχύντους
939 1177 1119 1238 ποιεῖ,
1156 1175 1233 1240 ὼς
1282 1176 1342 1229 τὸ
1379 1176 1559 1246 λέγειν
1582 1176 1809 1230 τοιαῦτα
1837 1179 1934 1232 καὶ

345 1263 568 1319 ἀκούειν
593 1281 606 1297 ο
641 1264 792 1317 οὐδὲν
819 1264 994 1329 οὕτως
1013 1265 1196 1320 ἐκλύει
1234 1275 1258 1302 ⁸
1289 1267 1359 1320 τά
1391 1266 1566 1338 νεῦρα
1590 1269 1689 1338 τῆς
1721 1285 1934 1338 σωφρο-

346 1354 533 1426 σύνης,
594 1354 671 1419 ὡς
717 1357 752 1427 ἡ
786 1356 875 1409 διὰ
910 1356 1119 1410 τούτων
1160 1358 1515 1428 ἀναπτομένη
1561 1357 1711 1427 φλόξ.
1745 1358 1934 1429 Μύρον

344 1449 560 1504 ἐνέθετό
587 1467 682 1504 σου
709 1451 788 1522 τῷ
813 1451 1041 1522 στόματι
1068 1454 1097 1504 6
1129 1451 1261 1516 Θεός
1279 1466 1292 1481 ⁸
1318 1453 1383 1506 σὺ
1405 1451 1462 1504 δέ
1489 1449 1685 1521 νεκροῦ
1703 1450 1933 1503 δυσωδέ-

345 1559 514 1614 στερα
558 1544 885 1598 ἀποτίθεσαι
930 1546 1172 1616 ῥήματα,
1206 1545 1301 1598 καὶ
1333 1543 1506 1613 αὐτὴν
1545 1542 1795 1612 ἀναιρεῖς
1833 1539 1933 1611 τὴν

342 1633 642 1706 ψυχὴν,καὶ
654 1637 913 1706 ἀκίνητον
928 1636 1079 1708 [479]
1095 1639 1286 1708 ποιεῖς.
1301 1634 1670 1705 Καὶγάρὸταν
1685 1632 1929 1705 ύὸρίζῃς,

343 1726 444 1778 οὐκ
484 1724 602 1779 ἐστι
643 1725 800 1778 τοῦτο
830 1726 1011 1796 ψυχῆς
1051 1725 1238 1796 φωνὴ,
1277 1724 1414 1778 ἀλλὰ
1441 1721 1649 1793 θυμοῦ·
1685 1723 1812 1775 ὅταν
1849 1723 1934 1774 al-

345 1813 487 1885 σχρά
517 1814 704 1889 λέγῃς,
733 1816 834 1869 οὐκ
868 1815 1052 1887 ἐκείνη
1083 1814 1407 1885 ἐφθέγξατο,
1430 1812 1546 1867 ἀλλ’
1571 1813 1604 1881 ἡ
1634 1810 1896 1864 ἀκολασία
1915 1827 1929 1840 ·

343 1906 472 1958 ὅταν
507 1909 848 1978 κακηγορῇς,
881 1907 916 1978 ἡ
949 1905 1253 1978 βασκανία·
1293 1905 1425 1958 ὅταν
1465 1899 1830 1971 ἐπιϐουλεύῃς
1854 1941 1870 1963 ,
1897 1901 1933 1970 ἡ

343 1998 646 2064 πλεονεξία.
675 1998 861 2052 Ταῦτα
889 1999 1002 2069 γὰρ
1030 1999 1131 2052 οὐκ
1162 1996 1399 2066 ἐκείνης,
1433 1992 1571 2048 ἀλλά
1598 1992 1706 2046 τῶν
1739 1991 1930 2046 παθῶν

341 2090 533 2160 αὐτῆς.
557 2091 652 2144 καὶ
676 2091 788 2144 τῶν
813 2091 1160 2162 νοσημάτων.
1182 2090 1395 2157 Ὠσπερ
1415 2081 1508 2140 οὖν
1525 2083 1584 2138 τὺ
1605 2081 1927 2150 φθείρεσθαι

339 2183 442 2254 οὐχ
481 2184 672 2248 ἁπλῶς
703 2183 802 2238 τοῦ
837 2183 1092 2254 σώματος
1119 2227 1132 2250 ,
1162 2180 1301 2236 ἀλλά
1325 2179 1420 2234 τοῦ
1443 2176 1679 2233 θανάτου
1711 2175 1807 2230 καὶ
1833 2174 1930 2229 τοῦ

401 2485 430 2516 ιι
454 2473 564 2534 M5,,
586 2473 785 2524 διαλύει.

352 2704 658 2724 *-

997 416 1056 473 3.
1096 416 1381 475 JOANNIS
1413 418 1902 478 CHRYSOSTOMI
1930 420 2249 481 ABCHIEP.
2286 426 2839 487 CONSTANTINOP.

3523 442 3630 497 με

2040 539 2254 604 πάθους
2293 541 2389 594 τοῦ
2422 543 2480 595 ἐν
2513 542 2590 613 τῷ
2627 543 2876 614 σώματιο
2905 543 3052 598 οὕτω
3077 545 3144 616 δὴ
3173 545 3489 612 καὶταῦτα,
3518 555 3630 607 τῶν

2041 631 2494 701 προσγινομένων
2531 634 2669 703 αὐτῇ
2720 634 2930 688 παθῶν.
2956 636 3022 687 El
3067 637 3180 706 γὰρ
3240 636 3418 706 βούλει
3449 640 3629 714 ψυχῆς

2036 720 2268 775 ἀκοῦσαι
2315 723 2499 792 φωνῆς
2535 722 2752 794 ζώσης,
2793 725 3028 779 ἀγουσον
3071 726 3291 779 Παύλου
3340 729 3620 798 λέγοντος·

2041 815 2332 883 Ἔχοντες
2351 815 2580 884 τροφὰς
2598 817 2696 869 καὶ
2720 818 3126 886 σκεπάσματα
3152 858 3168 882 ,
3195 821 3430 888 τούτοις
3457 825 3628 892 ἀρκε-

2035 908 2389 976 σθησόμεθα
2413 925 2426 938 ο
2463 911 2558 962 καὶ
2579 953 2594 976 ,
2631 911 2807 964 Ἔστι
2842 911 3140 980 πορισμὸς
3152 911 3348 982 μέγας
3376 916 3416 982 ἡ
3445 917 3626 971 εὐσέ-

2038 1002 2168 1054 ϐεια
2203 1017 2216 1030 ·
2251 1002 2345 1054 καὶ
2371 1041 2386 1064 ,
2425 1002 2592 1070 Ἐμοί
2621 1003 2852 1072 κόσμος
2888 1004 3282 1072 ἐσταύρωται,
3331 1008 3498 1076 κάγὼ
3543 1010 3626 1076 τῷ

2035 1094 2263 1161 κόσμῳ.
2296 1097 2564 1149 ’Ἄκουσον
2600 1096 2812 1167 Πέτρου
2856 1096 3138 1164 λέγοντος,
3185 1101 3498 1168 Ἀργύριον
3519 1104 3619 1156 καί

2037 1189 2302 1253 χρυσίον
2341 1189 2455 1256 οὐχ
2484 1187 2739 1257 ὑπάρχει
2754 1207 2856 1258 μοι
2877 1206 2892 1221 ο
2936 1189 2968 1243 ὃ
3008 1188 3079 1242 δὲ
3129 1190 3248 1259 ἔχω
3268 1232 3284 1256 ,
3314 1192 3493 1246 τσῦτό
3517 1207 3621 1246 σοι

2039 1275 2289 1346 δίδωμ’
2336 1277 2570 1332 ἄκουσον
2601 1279 2698 1331 τοῦ
2745 1279 2866 1332 Ἰὼϐ
2899 1280 3352 1350 εὐχαριστοῦντος
3392 1283 3485 1336 καὶ
3532 1283 3621 1337 λέ·
3665 1263 3674 1270 κ

2034 1382 2244 1434 γοντος,
2261 1369 2326 1421 Ὃ
2343 1369 2561 1436 Κύριος
2574 1368 2820 1436 ἔδωκεν,
2838 1373 2871 1424 ὁ
2887 1372 3103 1438 Κύριος
3115 1371 3418 1439 ἀφείλετο.
3434 1372 3620 1428 Ταῦτα

2037 1458 2222 1530 ψυχῆς
2259 1458 2444 1530 ζώσης
2477 1459 2549 1514 τά
2583 1462 2829 1532 ῥήματα,
2855 1463 3032 1516 ταῦτα
3060 1464 3396 1535 ἐνεργούσης
3410 1466 3508 1537 τὴν
3537 1469 3619 1521 oi-

2035 1550 2191 1604 κείαν
2203 1551 2503 1622 ἐνέργειαν.
2521 1552 2677 1606 Οὕτω
2693 1553 2790 1606 καὶ
2803 1552 2997 1607 Ἰακὼό
3015 1555 3200 1623 ἔλεγεν
3216 1572 3229 1584 ·
3261 1557 3408 1610 Ἐὰν
3423 1555 3506 1622 δῷ
3517 1575 3620 1627 μοι

2035 1642 2254 1709 Κύριος
2289 1643 2472 1710 ἄρτον
2504 1644 2739 1712 φαγεῖν,
2771 1645 2872 1698 καὶ
2897 1645 3129 1714 ἱμάτιον
3154 1647 3618 1714 περιϐαλέσθαιο

2040 1733 2191 1788 οὕτω
2231 1736 2325 1788 καὶ
2375 1735 2576 1806 Ἰωσὴφ
2599 1775 2613 1799 ,
2645 1736 2775 1802 Πῶς
2804 1737 3040 1803 ποιήσω
3069 1737 3136 1791 τὸ
3160 1737 3331 1807 ῥῆμα
3351 1739 3415 1792 τὸ
3442 1757 3624 1810 πονη-

2032 1825 2149 1894 ρὸν
2184 1825 2364 1880 τοῦτο
2385 1868 2399 1891 ,
2438 1825 2537 1879 καὶ
2573 1827 2994 1898 ἁμαρτήσομαι
3018 1827 3275 1883 ἐνώπιον
3295 1830 3403 1885 τοῦ
3434 1831 3624 1895 Θεοῦ;

2052 1917 2194 1970 Ἀλλ’
2224 1918 2323 1988 οὐχ
2363 1920 2396 1989 ἡ
2424 1918 2704 1990 βάρϐαρος
2727 1919 2934 1991 ἐκείνη,
2971 1919 3088 1974 ἀλλ’
3119 1919 3310 1993 ὥσπερ
3346 1923 3622 1992 μεθύουσα

2036 2009 2132 2061 καὶ
2174 2011 2587 2079 παραπαίουσα,
2639 2010 2815 2076 οὕτως
2860 2013 3162 2082 ἐφθέγγετο
3205 2014 3460 2083 λέγουσα,
3497 2020 3624 2071 Koc-

2028 2097 2247 2166 μήθητι
2265 2101 2387 2165 μετ’
2409 2101 2578 2169 ἐμοῦ.
2599 2101 2642 2153 Τ
2643 2101 2764 2155 αὖτ’
2779 2101 2875 2156 οὖν
2895 2103 3099 2167 εἰδότες
3115 2145 3128 2168 ,
3160 2103 3498 2176 ζηλώσωμεν
3521 2109 3623 2178 τὴν

2029 2188 2209 2253 ζῶσαν
2234 2190 2435 2263 ψυχὴν,
2474 2191 2740 2263 φύγωμεν
2779 2194 2878 2264 τὴν
2909 2197 3348 2266 νενεκρωμένην,
3397 2199 3486 2251 ἵνα
3521 2201 3616 2252 καὶ

2029 2285 2130 2355 τῆς
2164 2286 2471 2359 μελλούσης
2487 2287 2838 2359 ἐπιτύχωμεν
2873 2289 3021 2360 ζωῆς
3040 2307 3055 2321 ·
3089 2286 3158 2362 ἧς
3182 2294 3396 2360 γένοιτο
3414 2295 3624 2358 πάντας

2030 2379 2183 2448 ἡμᾶς
2238 2383 2554 2452 μετασχεῖν,
2593 2382 2782 2454 χάριτι
2829 2383 2927 2436 καὶ
2963 2383 3371 2458 φιλανθρωπίᾳ,
3416 2388 3509 2441 καὶ
3551 2389 3624 2442 τὰ

2034 2469 2184 2540 ἑξῆς.

1883 2917 2129 2973 ΟΜΙΛΙΑ
2169 2913 2243 2971 Ζ’.

333 3034 406 3088 El
434 3031 506 3088 δὲ
535 3033 574 3103 ἠ
613 3032 890 3090 διακονία
920 3036 1029 3090 τοῦ
1061 3036 1322 3092 θανάτου
1343 3037 1415 3091 ἐν
1446 3037 1793 3109 γράμμασιν
1827 3037 1926 3092 ἐν·

410 3126 799 3197 τετυπωμένη
835 3128 907 3182 ἐν
938 3130 1157 3196 λίθοις,
1190 3129 1448 3199 ἐγενήθη
1483 3130 1553 3184 ἐν
1580 3130 1729 3198 δόξῃ
1767 3129 1927 3184 ὥστε

406 3219 491 3290 μὴ
532 3218 834 3274 δύνασθαι
869 3220 1148 3275 ἀτενίσαι
1181 3223 1326 3290 τοὺς
1360 3224 1534 3289 υἱοὺς
1561 3224 1813 3292 Ἰσραὴλ
1838 3226 1927 3290 εις

409 3310 478 3364 τὸ
544 3311 874 3378 πρόσωπον
920 3310 1240 3378 Μωῢσέως,
1287 3312 1387 3366 διὰ
1423 3313 1542 3379 τὴν
1578 3313 1768 3380 δόξαν
1817 3315 1927 3368 τοῦ

409 3401 742 3470 προσώπου
808 3401 998 3456 αὑτοῦ
1053 3402 1172 3472 τὴν
1224 3406 1725 3476 καταργουμένην
1750 3424 1763 3437 ·
1797 3406 1928 3474 πῶς

409 3495 543 3565 οὐχὶ
567 3492 811 3565 μᾶλλον
838 3493 878 3565 ἡ
905 3495 1184 3550 διακονία
1227 3497 1337 3552 τοῦ
1371 3499 1715 3569 πνεύματος
1750 3500 1927 3554 ἔσται

406 3584 477 3637 ἐν
522 3583 672 3652 δόξῃ
697 3601 716 3650 ;

406 3681 474 3728 α’.
497 3671 686 3740 Εἶπεν,
718 3676 802 3730 ὅτι
829 3673 1025 3731 λίθιναι
1045 3679 1102 3732 αί
1122 3677 1331 3743 πλάκες
1354 3681 1410 3732 αί
1427 3680 1729 3747 Μωῦσέως,
1748 3681 1824 3745 ὡς
1844 3682 1928 3734 ὅτι

336 3766 644 3838 γράμματα
671 3763 839 3838 εἶχον,
876 3769 971 3823 καὶ
1001 3770 1084 3823 ὅτι
1119 3769 1383 3841 σάρκιναι
1403 3766 1586 3836 αὗται,
1615 3774 1671 3825 αἱ
1706 3771 1928 3843 καρδίαι

334 3859 444 3914 τῶν
461 3859 798 3924 ἀποστόλων,
818 3860 914 3914 καὶ
938 3859 1213 3930 πνεύματι
1239 3857 1384 3934 ἦσαν
1409 3863 1871 3935 ἐγγεγραμμέναι
1905 3878 1922 3894 ·

339 3951 438 4007 καὶ
485 3952 568 4006 ὅτι
614 3952 676 4008 τὸ
728 3953 827 4025 μὲν
878 3955 1116 4025 γράμμα
1161 3956 1496 4020 ἀποκτείνει,
1531 3957 1674 4010 τὸδὲ
1708 3956 1929 4028 πνεῦμα

336 4039 634 4108 ζωοποιεῖ·
665 4043 914 4098 ἐλείπετο
930 4044 1118 4099 λοιπὸν
1138 4048 1204 4118 τῇ
1231 4047 1522 4118 συγκρίσει
1544 4047 1720 4120 ταύτῃ
1757 4064 1929 4119 προσ-

333 4134 510 4189 θεῖναι
536 4137 631 4190 καὶ
658 4135 846 4207 ἕτερον
875 4137 938 4191 οὐ
970 4138 1184 4209 μικρὸν,
1209 4139 1270 4192 τὸ
1288 4139 1388 4211 τῆς
1415 4138 1574 4211 δόξης
1601 4139 1884 4204 Μωΰσέως
1909 4157 1923 4170 ·

336 4227 476 4298 ὅπερ
520 4228 754 4283 ἐνταῦθα
783 4229 959 4294 οὐδεὶς
985 4227 1128 4284 εἶδεν
1166 4232 1260 4286 ἐπὶ
1298 4235 1398 4304 τῆς
1437 4233 1651 4303 Καινῆς
1685 4234 1799 4298 τοῖς
1827 4231 1923 4286 τοῦ

339 4320 600 4390 σώματος
626 4319 952 4392 ὀφθαλμοῖς.
976 4320 1071 4375 Διὸ
1095 4321 1186 4376 καὶ
1215 4321 1362 4394 μέγα
1386 4323 1564 4378 ἐδόκει
1584 4319 1744 4388 εῖναι,
1778 4325 1928 4378 ἐπει-

334 4407 402 4481 δὴ
422 4411 655 4482 αίσθητὴ
680 4406 749 4484 ἦν
770 4411 898 4478 δόξα
918 4430 933 4445 ο
968 4413 1268 4484 ὀφθαλμοῖς
1288 4413 1396 4486 γὰρ
1416 4416 1628 4487 ἑωρᾶτο
1653 4415 1926 4486 σώματος,

335 4502 388 4554 εί
419 4501 517 4556 καὶ
534 4503 830 4574 ἀπρόσιτος
846 4500 946 4578 ἦν’
980 4505 1090 4577 ἠδὲ
1115 4504 1217 4575 τῆς
1243 4505 1457 4577 Καινῆς
1489 4507 1679 4578 νοητή.
1710 4508 1785 4560 Ού
1817 4509 1927 4578 γὰρ

338 4593 518 4664 σαφὴς
545 4597 658 4660 τοῖς
677 4596 1092 4667 ἀσθενεστέροις
1132 4593 1236 4668 τῆς
1282 4598 1544 4669 τοιαύτης
1598 4599 1928 4671 ύπεροχῆςή

337 4687 677 4758 κατάληψις·
704 4689 822 4742 ἀλλ’
856 4689 1040 4759 ἐκείνη
1071 4689 1275 4758 μᾶλλον
1299 4690 1498 4754 αὐτοὺς
1516 4691 1531 4710 ⁶
1561 4684 1689 4760 ἦρε,
1707 4690 1802 4743 καὶ
1827 4691 1928 4741 έπ-

338 4776 577 4848 έστρεφε
609 4779 747 4850 πρὸς
779 4777 1004 4850 ἐαυτήν.
1054 4781 1208 4835 Ἐπεὶ
1233 4777 1327 4836 οὖν
1357 4782 1438 4845 είς
1471 4781 1680 4853 ταύτην
1702 4781 1928 4836 ἐνέπεσε

335 4871 440 4940 τὴν
481 4871 774 4944 σύγκρισιν
793 4915 808 4938 ,
834 4873 929 4928 καὶ
954 4873 1250 4939 σπουδάζει
1283 4874 1456 4942 δεῖξαι
1483 4875 1583 4945 τὴν
1610 4876 1886 4948 ὑπεροχὴν
1911 4916 1926 4940 ,

339 4963 547 5037 σφόδρα
583 4965 642 5019 δὲ
672 4965 931 5020 δύσκολον
967 4961 1037 5038 ἦν
1067 4966 1155 5021 διὰ
1183 4965 1245 5020 τὸ
1278 4967 1426 5038 παχὺ
1453 4966 1560 5020 τῶν
1599 4967 1887 5037 ἀκροατῶν
1911 4983 1926 4998 ο

337 5057 443 5128 δρα
470 5056 523 5111 τί
544 5059 708 5123 ποιεῖ,
728 5059 821 5114 καὶ
836 5059 955 5124 πῶς
970 5060 1103 5114 αὐτὸ
1131 5059 1432 5132 μεθοδεύει,
1455 5060 1673 5130 πρῶτον
1703 5061 1813 5114 ἀπὺ
1840 5061 1929 5114 λο-

337 5149 552 5222 γισμῶν
571 5149 723 5225 [480]
737 5153 834 5224 τὴν
848 5153 1112 5224 διαφορὰν
1127 5153 1486 5222 είσάγων,καὶ
1500 5153 1715 5208 πλέκων
1731 5154 1930 5218 αὐτοὺς

338 5240 450 5295 ἀπὸ
495 5242 606 5295 τῶν
640 5242 952 5316 ἔμπροσθεν
989 5245 1318 5318 εἰρημένων.
1371 5246 1434 5299 Εί
1474 5245 1585 5318 γὰρ
1610 5247 1794 5318 ἐκείνη
1829 5246 1930 5317 μὲν

287 5358 293 5378 ι
339 5333 599 5398 θανάτου,
637 5334 775 5408 αῦτη
802 5337 860 5390 δὲ
885 5335 1034 5405 ζωῆς
1059 5340 1093 5408 ἡ
1127 5338 1394 5402 διακονία,
1429 5338 1803 5409 ἀναμφίόολον
1846 5339 1930 5392 ὅτι

341 5427 498 5499 καὶὴ
537 5427 662 5495 δόξα
714 5427 852 5501 αὕτη
906 5431 1110 5500 μείζων
1158 5431 1398 5500 ἐκείνης,
1445 5431 1632 5500 φησίν.
1695 5431 1923 5504 Ἐπειδὴ

341 5517 452 5590 γάρ
489 5519 592 5576 ούκ
625 5519 772 5591 εἶχεν
815 5523 987 5594 αὐτὴν
1016 5522 1190 5589 δεῖξαι
1215 5526 1327 5586 τοῖς
1353 5523 1650 5594 ὀφθαλμοῖς
1680 5526 1792 5587 τοῖς
1820 5541 1930 5578 σωο

345 5615 617 5682 ματικοῖς,
671 5613 750 5684 τῷ
816 5614 1164 5685 συλλογισμῷ
1223 5616 1569 5686 παρέστησεν
1632 5615 1807 5686 αὐτῆς
1861 5614 1925 5667 τὸ

341 5703 611 5776 ὑπερέχον
637 5746 652 5770 ,
691 5704 866 5775 λέγων
893 5724 907 5737 ·
941 5711 1010 5762 El
1039 5707 1107 5761 δὲ
1142 5709 1181 5778 ἡ
1216 5708 1494 5762 διακονία
1523 5707 1631 5762 τοῦ
1665 5707 1930 5764 θανάτου

344 5796 599 5867 ἐγενήθη
627 5798 702 5852 ἐν
729 5799 879 5868 δόξῃ
909 5841 923 5863 ,
957 5800 1084 5866 πῶς
1129 5800 1267 5869 οὐχὶ
1302 5798 1551 5870 μᾶλλον
1578 5799 1614 5866 ἡ
1652 5799 1929 5854 διακονία

346 5887 454 5942 τοῦ
483 5891 828 5961 πνεύματος
846 5893 1019 5946 ἔσται
1045 5893 1113 5945 ἐν
1139 5892 1327 5960 δόξῃ;
1365 5891 1651 5946 Διακονίαν
1680 5893 1736 5945 δὲ
1766 5890 1933 5944 θανά-

2043 3050 2140 3087 του
2172 3033 2266 3087 τὸν
2296 3032 2463 3102 νόμον
2492 3031 2664 3102 λέγει.
2685 3031 2798 3086 Καὶ
2814 3032 3010 3086 σκόπει
3041 3031 3159 3096 πῶς
3183 3032 3277 3086 καὶ
3306 3033 3363 3085 ἐν
3391 3035 3457 3104 τῇ
3488 3049 3612 3102 συγ-

2031 3125 2216 3196 κρίσει
2269 3123 2472 3195 πολλὴν
2517 3127 2753 3178 ποιεῖται
2799 3125 2898 3197 τὴν
2959 3125 3284 3194 ἀσφάλειαν,
3327 3124 3469 3178 ὥστε
3511 3144 3619 3196 μη-

2029 3216 2224 3288 δεμίαν
2259 3215 2446 3271 δοῦναι
2475 3220 2590 3280 τοῖς
2621 3219 2920 3289 αἰρετικοῖς
2960 3217 3154 3287 λαϐήν.
3199 3217 3276 3270 υύ
3307 3217 3416 3288 γὰρ
3438 3212 3616 3282 εἶπεν,

2040 3309 2101 3364 '0
2125 3309 2410 3382 ποιητικὸς
2450 3308 2546 3363 τοῦ
2583 3309 2848 3376 θανάτου,
2883 3308 3018 3372 ἀλλ’,
3086 3310 3158 3364 Ἠ
3207 3308 3483 3363 διακονία
3512 3314 3621 3365 τοῦ

2035 3399 2339 3454 θανάτουο
2379 3400 2621 3454 διακονεῖ
2667 3401 2776 3472 γὰρ
2837 3401 2921 3464 είς
2978 3400 3227 3464 θάνατον,
3279 3401 3378 3454 οὐκ
3440 3401 3622 3455 ἔτικτε

2033 3490 2285 3546 θάνατον.
2339 3490 2405 3545 Ἢ
2438 3491 2549 3564 γάρ
2576 3490 2672 3546 τοῦ
2717 3491 2950 3546 θανάτου
2993 3493 3274 3563 ποιητικὴ,
3310 3495 3341 3563 ή
3375 3494 3623 3564 ἁμαρτία

2037 3580 2108 3656 ἦν
2129 3599 2142 3614 ⁸
2176 3578 2335 3648 οὗτος
2377 3585 2436 3638 δὲ
2480 3584 2580 3656 τὴν
2613 3584 2837 3638 κόλασιν
2867 3584 3063 3656 ἐπῆγε,
3100 3585 3197 3639 καὶ
3224 3585 3323 3656 τῆς
3346 3585 3619 3658 ἁμαρτίας

2030 3677 2306 3740 δεικτικδς
2324 3673 2392 3749 ἦν
2414 3716 2430 3740 ,
2453 3677 2516 3730 οὐ
2547 3677 2835 3748 ποιητικός
2859 3693 2875 3708 ο
2907 3677 3266 3732 ἀπεκάλυπτε
3312 3680 3420 3750 γὰρ
3451 3677 3619 3746 σαφέ-

2034 3785 2127 3823 στε
2137 3785 2228 3841 ρον
2251 3768 2310 3823 τὸ
2332 3769 2504 3823 κακὸν
2523 3770 2620 3822 καὶ
2640 3769 2923 3835 ἐκόλαζεν,
2955 3769 3057 3824 οὐκ
3087 3768 3218 3823 ὤθει
3239 3771 3319 3834 είς
3339 3771 3399 3824 τὸ
3427 3769 3619 3824 κακόν-

2035 3862 2132 3915 καὶ
2161 3860 2428 3928 διηκόνει,
2463 3861 2528 3915 οὐ
2556 3862 2694 3932 πρὸς
2726 3865 2789 3915 τὸ
2817 3861 3077 3929 γενέσθαι
3104 3862 3379 3934 ἁμαρτίαν
3400 3861 3432 3931 ἢ
3455 3862 3618 3916 θάνα-

2031 3971 2146 4019 τον,
2202 3953 2340 4007 ἀλλά
2398 3953 2537 4025 πρὸς
2593 3954 2656 4007 τὸ
2705 3953 2895 4009 δοῦναι
2950 3955 3110 4027 δίκην
3150 3957 3241 4010 τὸν
3267 3954 3612 4025 ἁμαρτόνταο

2031 4045 2174 4099 ὥστε
2204 4047 2300 4098 καὶ
2336 4045 2684 4116 ἀναιρετικδς
2702 4041 2773 4116 ἦν
2803 4047 2976 4118 ταύτῃ
3016 4049 3116 4116 τῆς
3151 4046 3442 4115 ἁμαρτίας.
3636 4119 3638 4121 γ

2119 4135 2180 4187 '0
2223 4133 2335 4206 γὰρ
2362 4133 2505 4188 οὕτω
2533 4134 2776 4205 φοϐερὰν
2808 4135 2982 4206 αὐτὴν
3013 4135 3247 4196 δεικνὺς,
3281 4131 3504 4202 εὖδηλον
3533 4133 3621 4188 ὅτι

2035 4226 2132 4280 καὶ
2160 4227 2402 4297 φευκτὴν
2448 4229 2614 4280 ποιεῖ.
2652 4227 2865 4296 Ὥσπερ
2905 4220 2997 4280 οὖν
3023 4227 3050 4278 6
3088 4225 3150 4278 τὸ
3174 4224 3328 4294 ξίφος
3362 4241 3608 4296 μεταχει-

2035 4317 2237 4389 ρίζων,
2267 4317 2483 4372 καὶτὸν
2521 4319 2818 4373 κατάδικον
2867 4319 3216 4390 ἀποτέμνων,
3259 4319 3498 4374 διακονεῖ
3540 4319 3622 4391 τῷ

2030 4410 2261 4482 δικαστῇ
2290 4411 2734 4481 ἀποφαινομένῳ,
2763 4413 2858 4465 καὶ
2893 4411 2997 4465 οὐκ
3023 4412 3194 4476 αὐτός
3219 4415 3367 4466 ἐστιν
3390 4415 3419 4466 ὁ
3453 4414 3614 4467 ἀναι-

2036 4503 2182 4574 ρῶν,
2209 4503 2389 4557 καίτοι
2425 4520 2489 4572 γε
2535 4504 2701 4569 αὐτὸς
2744 4503 3091 4575 ἀποτέμνων,
3127 4504 3245 4557 ἀλλ’
3274 4504 3394 4558 οὐδὲ
3431 4505 3458 4557 6
3483 4506 3619 4558 ἀπο-

2033 4596 2362 4668 φαινόμενος
2411 4597 2508 4650 καὶ
2557 4596 2942 4663 καταδικάζων
2967 4636 2982 4660 ,
3026 4597 3146 4650 ἀλλ’
3181 4599 3214 4667 ἡ
3247 4596 3340 4650 τοῦ
3392 4598 3620 4661 κολαζο-

2036 4689 2201 4758 μένου
2224 4700 2250 4730 ι
2271 4689 2529 4760 πονηρίασ
2549 4688 2690 4744 οὕτω
2717 4689 2784 4760 δὴ
2805 4690 2902 4744 καὶ
2919 4689 3154 4743 ἐνταῦθα
3173 4689 3274 4742 οὐκ
3289 4689 3451 4752 αὐτὸς
3467 4691 3620 4743 ἀναι-

2033 4783 2141 4853 ρεῖ,
2159 4780 2275 4834 ἀλλ’
2297 4783 2331 4852 ή
2353 4782 2603 4852 ἁμαρτία
2621 4799 2636 4814 ο
2665 4781 2807 4852 αὕτη
2828 4781 2922 4834 καὶ
2938 4780 3130 4851 ἀνῄρει
3153 4781 3248 4834 καὶ
3259 4781 3580 4846 κατεδίκαζε
3602 4798 3617 4810 ·

2033 4871 2454 4944 τιμωρούμενος
2503 4873 2563 4926 δέ
2616 4865 2793 4938 οὗτος,
2849 4873 3070 4942 ἐκείνης
3129 4872 3466 4942 ὑπετέμνετο
3521 4873 3614 4942 τὴν

2034 4967 2194 5038 ἰσχὺν
2216 5006 2231 5032 ,
2259 4965 2340 5036 τῷ
2375 4965 2527 5036 φόϐῳ
2561 4966 2663 5037 τῆς
2693 4965 2970 5035 τιμωρίας
3003 4965 3350 5019 ἀναστέλλων
3392 4967 3566 5036 αὐτήν
3598 5003 3614 5019 .

2032 5059 2148 5112 Οὐκ
2172 5057 2421 5128 ἠρκέσθη
2450 5057 2508 5111 δὲ
2531 5056 2708 5127 τούτῳ
2744 5055 2894 5128 μόνῳ
2918 5058 2999 5120 είς
3030 5057 3130 5127 τὴν
3153 5058 3499 5128 παράστασιν
3519 5057 3621 5127 τῆς

2032 5150 2332 5221 ὑπεροχῆς,
2365 5147 2503 5204 ἀλλά
2531 5149 2626 5204 καὶ
2657 5150 2846 5221 ἕτερον
2887 5149 3235 5220 προστίθησι,
3264 5150 3439 5220 λέγων
3459 5167 3471 5180 ’
3515 5150 3621 5204 Ἐν
3647 5153 3656 5168 ⁸

2030 5242 2376 5314 γράμμασιν
2424 5242 2885 5315 ἐντετυπωμένη
2941 5242 3011 5297 ἑν
3054 5243 3274 5308 λίθοις.
3303 5241 3449 5314 Ὅρα
3499 5241 3616 5304 πῶς

2031 5337 2199 5393 πάλιν
2227 5337 2601 5409 ὑποτέμνεται
2633 5337 2696 5390 τὸ
2729 5337 2985 5409 φρόνημα
3017 5335 3078 5390 τὸ
3117 5334 3423 5388 Ἰουδαϊκόν.
3453 5334 3619 5389 Ούδέν

2031 5430 2140 5501 γὰρ
2165 5430 2352 5502 ἓτερον
2380 5425 2447 5502 ἦν
2481 5429 2515 5499 ἦ
2546 5431 2855 5501 γράμματα
2879 5431 2907 5480 6
2936 5429 3102 5498 νόμος
3123 5445 3137 5458 θ
3181 5427 3242 5480 ού
3276 5425 3502 5498 βοήθειά
3531 5441 3616 5488 τις

2033 5522 2141 5576 ἀπὸ
2163 5521 2274 5575 τῶν
2301 5522 2650 5594 γραμμάτων
2678 5520 2998 5592 ἐκπηδῶσα.
3034 5520 3130 5574 καὶ
3161 5520 3474 5590 ἐμπνέουσα
3502 5518 3618 5580 τοῖς

2032 5613 2484 5682 ἀγωνιζομένοις,
2519 5613 2774 5684 καθάπερ
2807 5611 2897 5664 ἐπὶ
2930 5610 3025 5664 τοῦ
3052 5611 3451 5681 βαπτίσματος,
3479 5607 3620 5661 ἀλλὰ

2039 5703 2234 5774 στῆλαι
2268 5703 2365 5758 καὶ
2393 5704 2608 5774 γραφαὶ
2638 5703 2871 5757 θάνατον
2911 5703 3178 5774 φέρουσαι
3206 5703 3319 5765 τοῖς
3337 5700 3408 5754 τὰ
3436 5699 3620 5771 γράμ-

2039 5815 2183 5867 ματα
2235 5795 2686 5869 παραϐαίνουσιν.
2738 5789 2892 5860 Εἶδες
2947 5794 3065 5858 πῶς
3111 5791 3492 5863 διορθούμενος
3519 5790 3623 5863 τὴν

2101 5901 2126 5929 ⁸
2156 5902 2188 5948 Α
2199 5937 2213 5959 ,
2244 5897 2688 5958 καταδικαζομένου.
