4068 6478
401 524 502 584 ιιι
1434 503 1500 564 IN
1537 505 1752 564 EPIST.
1793 505 1836 562 Il
1899 504 1993 561 AD

2117 504 2184 560 ιι.
2223 503 2455 562 nomn.
2499 502 2609 561 vn.
2996 575 3000 580 θ
3589 498 3693 554 iis

405 650 567 708 quam
597 631 820 689 verbum
850 627 1189 684 obscaenum.
1222 621 1301 680 Ae
1327 637 1492 687 nunc,
1519 625 1566 679 sl
1595 622 1782 680 fceteat
1811 638 1894 690 os,
1928 639 1998 679 ne

410 726 478 782 ad
507 735 824 780 communes
861 718 1082 790 quidem
1110 716 1261 772 cibos
1289 714 1590 771 admitteris
1607 757 1622 780 ,
1663 730 1786 770 cum
1814 723 1996 771 autem

402 819 583 874 anima
606 828 778 885 usque
796 812 933 867 adeo
953 809 1159 874 fteteat,
1179 807 1312 862 heus
1333 815 1412 873 tu,
1437 807 1692 878 mysteria
1715 807 1994 877 percipere
2029 847 2039 860 .

405 927 516 967 non
551 905 812 964 dubitas?
846 905 926 958 Ac
951 903 996 956 si
1022 899 1215 970 aliquis
1258 912 1354 954 vas
1394 899 1660 968 impurum
1689 899 1997 968 acciperet,

405 1011 568 1071 alque
589 1001 642 1054 in
665 1011 850 1052 mensa
874 1005 962 1048 tua
987 991 1294 1052 collocaret,
1321 989 1550 1044 fustibus
1568 1003 1782 1059 quoque
1800 1003 2000 1044 caesum

405 1095 561 1147 illum
591 1092 839 1160 exigeres
864 1104 877 1138 :
905 1095 961 1139 tu
984 1098 1116 1138 vero
1135 1083 1301 1137 Deum
1324 1079 1532 1136 habens
1550 1080 1602 1135 in
1627 1094 1812 1136 mensa
1833 1080 2001 1149 ipsius

405 1188 620 1250 (mensa
645 1181 788 1233 enim
817 1175 987 1246 ipsius
1030 1187 1093 1228 os
1140 1181 1383 1227 nostrum
1413 1179 1517 1235 est,
1549 1185 1668 1224 cum
1708 1169 2000 1239 gratiarum

407 1275 628 1344 plenum
656 1271 785 1340 est),
805 1267 995 1337 quovis
1021 1265 1232 1334 impuro
1253 1278 1379 1318 vase
1401 1263 1813 1318 exsecrabiliora
1837 1261 2000 1317 verba

410 1366 690 1435 proferens
710 1403 724 1426 ,
755 1374 939 1430 quaeso
983 1368 1034 1412 te
1057 1398 1070 1421 ,
1119 1371 1227 1410 non
1267 1370 1391 1409 eum
1417 1355 1484 1409 ad
1523 1354 1851 1408 iracundiam
1878 1366 2003 1424 pro-

409 1471 606 1512 vocare
635 1454 826 1523 putas?
855 1463 908 1507 et
934 1450 1021 1520 qui
1044 1448 1150 1502 hoc
1173 1447 1288 1501 fieri
1311 1446 1506 1516 queat?
1524 1445 1665 1500 Nihil
1686 1445 1830 1500 enim
1849 1459 2004 1514 atque

410 1558 658 1605 sanctum
687 1545 835 1600 illum
863 1556 924 1597 ac
954 1554 1149 1611 purum
1188 1535 1476 1592 exacerbat
1501 1576 1517 1599 ,
1561 1543 1621 1589 ut
1654 1535 1818 1591 verba
1843 1533 1961 1589 haec
1983 1577 1998 1591 .

413 1631 550 1686 nihil
599 1631 671 1684 ita
703 1624 1020 1681 temerarios
1048 1632 1105 1678 et
1133 1619 1476 1691 impudentes
1507 1617 1752 1673 homines
1784 1617 2000 1686 reddit,

409 1734 469 1779 ut
502 1718 808 1792 bujusmodi
838 1717 1001 1772 verba
1035 1715 1180 1784 loqui
1210 1722 1265 1768 et
1292 1711 1518 1766 audire:
1543 1709 1678 1764 nihil
1717 1724 1870 1779 teque
1900 1725 1998 1779 pu-

404 1815 606 1870 dicitiae
636 1826 834 1868 nervos
863 1806 1131 1876 refringit.
1155 1815 1215 1861 ut
1237 1804 1472 1868 ﬂamma,
1491 1819 1611 1872 qua:
1637 1817 1734 1872 per
1761 1817 1825 1858 ea
1852 1802 2002 1858 exci-
2033 1817 2062 1830 ο

410 1915 573 1961 tatur.
607 1904 749 1959 Deus
779 1907 1111 1971 unguentum
1142 1897 1223 1952 ori
1267 1906 1360 1950 tuo
1406 1893 1692 1963 imposuit;
1736 1901 1830 1948 tuo
1873 1907 2005 1948 vero

409 1997 675 2053 cadavere
703 1991 973 2048 fmtidiora
1007 1989 1170 2044 verba
1201 1988 1253 2041 in
1284 2000 1352 2041 eo
1383 1985 1667 2050 recondis,
1699 1993 1862 2054 atque
1889 1984 2003 2038 ani-

410 2107 556 2147 mam
601 2091 769 2161 ipsam
815 2085 1016 2142 occidis
1063 2093 1118 2137 et
1163 2080 1491 2136 immobilem
1542 2077 1744 2132 reddis.
1791 2077 2002 2132 Etenim

413 2200 535 2240 cum
561 2183 794 2252 aliquem
821 2175 1145 2234 contumelia
1175 2172 1367 2236 afficis,
1397 2171 1499 2225 hoc
1528 2185 1633 2224 non
1662 2170 1878 2234 animae,
1906 2168 2002 2223 sed

415 2275 710 2332 iracundiae
735 2288 837 2326 vox
866 2279 982 2335 est;
1013 2283 1139 2323 cum
1165 2265 1421 2320 obscaena
1452 2262 1708 2332 loqueris,
1741 2276 1845 2314 non
1874 2261 1961 2315 illa
1984 2302 2002 2326 ,

415 2368 509 2423 sed
547 2365 714 2421 libido
741 2365 956 2434 loquuta
986 2369 1107 2425 est;
1139 2372 1261 2414 cum
1290 2355 1582 2419 obtrectas,
1616 2352 1810 2408 invidia
1836 2369 1851 2418 ;
1881 2369 2001 2408 cum

414 2457 636 2514 insidias
665 2455 852 2522 struis,
885 2449 1132 2509 avaritia.
1164 2448 1292 2503 Haec
1318 2446 1463 2502 enim
1495 2460 1602 2500 non
1631 2445 1826 2498 animo:
1855 2453 2001 2512 sunt,

411 2553 507 2608 sed
529 2548 993 2622 perturbationum
1013 2543 1183 2613 ipsius
1202 2556 1266 2596 ac
1288 2540 1620 2594 morborum.
1640 2536 2002 2605 Quemadmo-

411 2645 538 2697 dum
570 2641 715 2697 enim
745 2635 1016 2707 corrumpi
1045 2675 1060 2703 ,
1096 2648 1201 2686 non
1241 2629 1557 2698 simpliciter
1596 2629 1841 2698 corporis
1877 2639 1960 2683 est
1983 2669 2000 2696 ,

2111 622 2210 678 sed
2238 623 2430 678 mortis
2455 631 2510 677 et
2537 621 2649 677 vitii
2675 619 2820 692 quod
2848 619 2902 675 in
2926 632 3155 690 corpore
3175 627 3264 674 est
3283 637 3295 672 :
3315 617 3507 673 eodem
3540 615 3700 671 modo

2109 712 2210 768 ista
2248 727 2461 782 quoque
2484 755 2504 780 ,
2546 711 2962 767 adventitiarum
3008 709 3205 765 animae
3235 708 3699 781 perturbationum

2108 812 2253 859 sunt.
2284 804 2418 859 Nam
2447 805 2494 859 si
2519 805 2750 860 viventis
2775 805 2970 858 animm
3001 817 3187 858 vocem
3213 802 3400 856 audire
3425 802 3509 855 vis
3530 843 3545 866 ,
3577 799 3704 855 audi

2111 894 2335 950 Paulum
2361 895 2630 952 dicentem
2657 915 2671 951 :
2698 895 2955 950 Habentes
2979 895 3220 948 alimenta
3237 936 3251 957 ,
3281 904 3330 949 et
3353 894 3534 964 quibus
3559 903 3702 964 tega-

2107 1001 2224 1061 ntur
2246 1026 2260 1050 ,
2287 987 2369 1042 his
2394 987 2622 1042 contenti
2647 1004 2823 1042 sumus
2863 985 2940 1060 (l.
2973 985 3106 1040 Tim.
3135 988 3188 1042 5.
3217 988 3274 1058 8)
3298 1005 3313 1052 ;
3346 997 3434 1054 et,
3468 987 3706 1052 Quantus

2110 1095 2328 1150 magnus
2353 1091 2427 1135 est
2455 1081 2617 1152 pietas
2644 1079 2808 1153 (Ibid.
2837 1096 2887 1134 υ.
2921 1079 2976 1152 6)
3005 1097 3021 1148 ;
3051 1089 3130 1147 et,
3158 1079 3309 1147 Mihi,
3342 1081 3564 1135 mundus
3587 1095 3703 1134 eru-

2109 1174 2296 1243 ciﬁxus
2325 1185 2435 1240 est,
2466 1184 2515 1229 et
2539 1192 2632 1245 ego
2661 1174 2852 1229 mundo
2881 1172 3026 1244 (Gal.
3072 1173 3128 1229 6.
3172 1173 3288 1245 N).
3317 1172 3455 1228 Audi
3486 1172 3704 1228 Petrum

2109 1265 2399 1332 dicentem,
2420 1268 2700 1338 Argentum
2720 1275 2770 1321 et
2788 1281 2973 1320 aurum
2993 1275 3184 1320 nonest
3204 1265 3330 1319 mihi
3347 1279 3367 1329 ;
3383 1263 3520 1336 quod
3539 1272 3708 1318 autem

2109 1357 2269 1412 habeo
2287 1399 2304 1426 ,
2334 1358 2430 1413 hoc
2459 1361 2550 1414 tibi
2577 1359 2644 1414 do
2672 1357 2812 1433 (Act.
2842 1359 2898 1414 ὅ.
2924 1358 2982 1430 6)
3008 1375 3022 1412 :
3045 1357 3169 1413 audi
3193 1356 3296 1413 Job
3320 1357 3519 1429 gratias
3545 1371 3708 1426 agen-

2109 1459 2216 1505 tem
2262 1466 2328 1507 ac
2364 1451 2672 1518 dicentem,
2704 1452 2960 1506 Dominus
2999 1451 3178 1518 dedit,
3214 1449 3467 1505 Dominus
3499 1448 3708 1503 abstulit

2108 1540 2254 1612 (Job
2285 1542 2337 1599 1.
2381 1542 2495 1613 21).
2530 1543 2658 1598 Haec
2693 1542 2922 1598 viventis
2965 1542 3160 1597 anima:
3202 1540 3368 1596 verba
3398 1549 3557 1606 sunt,
3587 1539 3705 1594 hare

2107 1649 2258 1689 suam
2283 1635 2390 1689 vim
2417 1637 2734 1691 exserentis.
2763 1635 2853 1692 Sic
2877 1633 3046 1691 Jacob
3072 1635 3238 1689 etiam
3267 1632 3501 1701 dicebat,
3527 1633 3590 1688 Si
3617 1633 3706 1686 de-

2107 1725 2240 1779 derit
2266 1726 2390 1780 milii
2417 1725 2666 1782 Dominus
2701 1743 2882 1796 panem
2904 1725 2974 1780 ad
2999 1725 3410 1780 manducandum
3429 1765 3444 1789 ,
3485 1734 3532 1778 et
3559 1726 3708 1778 vesti-

2107 1827 2333 1871 mentum
2362 1817 2430 1871 ad
2466 1817 2782 1872 induendum
2815 1815 2967 1889 (Gen.
2997 1817 3090 1873 28.
3122 1817 3216 1889 9.0)
3246 1835 3261 1871 :
3287 1817 3367 1871 sic
3393 1825 3450 1872 et
3477 1815 3706 1886 Ioseph,

2113 1907 2225 1974 Quo
2247 1918 2394 1978 pacto
2421 1910 2610 1979 faciant
2633 1910 2837 1964 verbum
2857 1908 2954 1963 hoc
2978 1909 3195 1974 malum,
3226 1920 3271 1963 et
3298 1909 3513 1978 peccabo
3535 1925 3707 1963 coram

2108 1997 2220 2052 Deo
2251 1998 2412 2069 (Ibid.
2447 2000 2534 2055 59.
2567 1999 2665 2070 9)?
2695 2001 2762 2054 At
2792 2015 2899 2054 non
2923 1999 3148 2070 perinde
3183 1998 3410 2054 barbara
3448 2000 3535 2054 illa
3561 2041 3576 2065 ,
3607 1999 3706 2056 sed

2111 2091 2262 2147 velut
2286 2091 2436 2147 ebria
2466 2107 2530 2148 ac
2554 2092 2817 2160 delirans,
2847 2094 2917 2147 ita
2945 2093 3266 2162 loquebatur
3289 2093 3498 2161 dicens,
3526 2093 3707 2148 Dormi

2109 2198 2305 2235 mecum
2331 2181 2492 2252 (Ibid.
2522 2199 2572 2238 υ.
2604 2184 2682 2253 7).
2731 2183 2856 2237 Ilaec
2887 2183 3048 2253 igitur
3083 2199 3204 2237 cum
3243 2184 3556 2238 noverimus
3579 2224 3595 2248 ,
3624 2183 3705 2237 vi-

2108 2283 2322 2330 ventem
2351 2275 2587 2329 animam
2622 2275 2978 2342 aemulemur,
3021 2283 3284 2328 mortuam
3317 2274 3583 2343 fugiamus
3604 2315 3621 2342 ,
3653 2284 3713 2329 ut

2110 2361 2341 2421 futuram
2373 2380 2586 2436 quoque
2613 2365 2778 2420 vitam
2823 2379 3224 2434 consequamur
3256 2382 3269 2416 :
3301 2381 3466 2433 quant
3499 2366 3706 2420 utinam

2109 2459 2269 2514 nobis
2313 2459 2565 2514 omnibus
2608 2458 2864 2528 consequi
2908 2457 3207 2527 contingat,
3247 2471 3343 2527 per
3383 2457 3610 2526 gratiam
3653 2465 3711 2514 et

2112 2549 2520 2621 benignitatem,
2548 2559 2652 2606 etc.

1808 2815 2158 2879 HOMILIA
2202 2819 2340 2881 VII.

416 2971 619 3026 Camb.
641 2985 695 3022 ν.
741 2968 795 3018 7.
825 2963 976 3030 Quod
1016 2963 1060 3016 si
1093 2961 1403 3014 ministratio
1450 2959 1627 3013 mortis
1657 2958 1812 3013 literis
1851 2959 2008 3026 θίγοι·-

493 3071 630 3114 mata
670 3059 724 3113 in
753 3055 1030 3126 lapidibus,
1058 3054 1156 3122 fuit
1184 3053 1238 3105 in
1279 3052 1466 3121 gloria,
1492 3051 1565 3104 ita
1591 3060 1646 3103 ut
1686 3067 1786 3104 non
1813 3062 2012 3121 possent

491 3155 588 3224 ﬁlii
609 3149 778 3206 Israel
806 3147 1068 3204 intendere
1093 3147 1147 3199 in
1177 3145 1361 3214 faciem
1406 3141 1623 3214 Moysis,
1653 3154 1859 3213 propter
1896 3145 2013 3214 glo-

490 3247 621 3300 riam
649 3243 818 3297 uultus
859 3240 992 3310 ejus,
1035 3252 1148 3308 qua:
1187 3245 1461 3290 evacuatur
1483 3250 1502 3288 :
1531 3233 1585 3289 8.
1631 3234 1884 3304 quomodo
1914 3252 2015 3290 non

491 3337 654 3407 magis
680 3331 984 3388 ministratio
1014 3329 1225 3394 spiritus
1250 3327 1345 3382 erit
1372 3327 1427 3379 in
1453 3326 1660 3396 gloria?

494 3429 546 3484 1.
583 3427 802 3481 Dixerat
829 3421 973 3492 quod
1005 3420 1167 3475 Mosis
1215 3418 1412 3473 tabula:
1461 3417 1688 3487 lapidea:
1728 3428 1931 3483 essent,
1961 3427 2019 3473 ut

417 3522 581 3575 etiam
608 3516 752 3588 quod
775 3515 959 3570 literas
985 3509 1271 3575 haberent,
1296 3517 1352 3562 et
1375 3508 1520 3578 quod
1551 3509 1795 3563 carnales
1813 3519 2012 3576 essent,

419 3608 788 3680 apostolorum
811 3602 1000 3667 corda,
1018 3609 1073 3655 et
1095 3599 1287 3669 spiritu
1310 3597 1598 3667 descripta,
1628 3599 1841 3666 etquod
1866 3598 2017 3653 litera

421 3699 720 3762 occideret,
751 3694 970 3764 spiritus
1014 3699 1195 3746 autem
1240 3688 1562 3743 vivificaret.
1591 3687 1883 3758 Supererat
1907 3690 2017 3758 jam

426 3792 553 3846 huic
595 3783 988 3857 comparationi
1018 3781 1161 3838 aliud
1193 3797 1300 3836 non
1344 3780 1611 3835 modicum
1634 3779 2015 3848 adjiciendum,

427 3897 622 3951 nempe
671 3878 834 3934 Mosis
881 3876 1051 3946 gloria
1081 3892 1096 3930 :
1126 3888 1288 3945 quam
1336 3871 1555 3942 quidem
1604 3885 1766 3924 nemo
1814 3868 1918 3924 hoc
1965 3871 2018 3924 in

428 3976 578 4031 Novo
608 3971 952 4026 Testamento
980 3965 1260 4035 corporeis
1288 3962 1459 4017 oculis
1487 3959 1639 4014 vidit.
1671 3958 1826 4014 Unde
1855 3960 2018 4013 etiam

428 4080 620 4136 magna
651 4060 954 4124 videbatur,
984 4057 1237 4128 quoniam
1266 4051 1436 4124 gloria
1462 4067 1524 4108 ca
1555 4051 1656 4106 sub
1691 4065 1909 4105 sensum
1931 4064 2020 4104 ca-

425 4159 629 4215 debat:
673 4153 921 4224 corporis
973 4150 1119 4206 enim
1168 4147 1341 4203 oculis
1388 4145 1731 4211 cernebatur,
1781 4144 1906 4199 licet
1951 4143 2018 4197 ad

425 4269 544 4309 eam
587 4248 849 4306 accedere
878 4257 1040 4300 nemo
1070 4250 1274 4313 posset,
1314 4255 1438 4295 cum
1464 4247 1652 4294 contra
1678 4238 1846 4309 gloria
1885 4237 2018 4292 Novi

427 4340 765 4401 Tcstamenti
812 4337 1094 4394 intellccm
1134 4341 1475 4389 cerneretur.
1508 4330 1693 4400 Neque
1737 4330 1880 4383 enim
1919 4329 2019 4383 im-

428 4433 799 4491 becillioribus
844 4428 1124 4500 perspicua
1163 4433 1249 4480 est
1289 4421 1592 4492 hujusmodi
1645 4420 2020 4489 praecellentia:

428 4525 664 4596 cognitio
691 4540 707 4588 ;
752 4537 937 4576 verum
965 4519 1132 4589 gloria
1161 4517 1248 4570 illa
1278 4514 1448 4584 magis
1475 4527 1569 4568 eos
1606 4511 1914 4578 attollebat,
1938 4520 2019 4566 at-

429 4633 536 4686 que
563 4615 630 4670 ad
657 4631 717 4669 se
746 4611 1118 4668 convertebat.
1142 4606 1405 4675 Quoniam
1432 4605 1595 4674 igitur
1634 4604 1688 4658 in
1715 4602 2018 4672 bujusmodi

428 4707 886 4780 comparationem
927 4703 1208 4766 inciderat,
1237 4708 1398 4769 atque
1425 4706 1682 4767 quantum
1722 4695 1836 4749 haec
1876 4694 2016 4748 illam

427 4799 718 4856 antecellat
761 4796 1136 4852 demonstrare
1176 4789 1447 4852 studebat,
1482 4787 1641 4856 idque
1681 4795 1900 4855 propter
1924 4802 2018 4840 au-

430 4893 661 4947 ditorum
691 4888 996 4945 crassitiem
1024 4884 1243 4940 difficile
1275 4891 1427 4946 erat;
1462 4880 1582 4933 vide
1609 4879 1733 4948 quid
1764 4879 1941 4945 faciat,
1966 4888 2020 4933 et

427 5000 532 5055 qua
553 4992 671 5039 arte
707 4981 758 5037 id
786 4979 1039 5034 moliatur
1067 4996 1079 5032 :
1113 4977 1288 5047 primo
1319 4975 1575 5037 rationes,
1603 4988 1666 5025 ex
1691 4973 1882 5042 quibus
1911 4972 2021 5026 dis-

429 5077 630 5130 crimen
677 5081 1040 5144 agnOscatur,
1090 5069 1382 5129 inducens,
1433 5080 1632 5132 easque
1680 5081 1745 5118 ex
1797 5065 1861 5118 iis
1901 5081 2018 5135 quae

385 5190 393 5197 -
429 5178 554 5223 ante
577 5167 784 5222 dixerat
820 5174 1137 5219 contexens.
1171 5162 1305 5216 Nam
1354 5161 1396 5214 si
1443 5159 1532 5213 illa
1583 5160 1792 5221 mortis,
1825 5159 2012 5228 inquit,

431 5260 547 5314 hinc
593 5269 771 5313 autem
804 5258 929 5312 vita:
960 5253 1285 5309 ministratio
1314 5260 1432 5315 est;
1477 5250 1696 5304 dubium
1746 5265 1866 5304 esse
1913 5265 2017 5303 non

429 5361 629 5424 potest,
656 5351 790 5420 quin
806 5350 922 5404 haec
943 5362 1156 5418 quoque
1183 5345 1350 5417 gloria
1381 5343 1526 5396 illam
1557 5342 1862 5395 antecellat.
1885 5340 2017 5407 Quia

424 5444 568 5499 enim
618 5441 796 5497 facere
843 5456 950 5494 non
979 5446 1218 5509 poterat,
1250 5447 1324 5515 ut‘
1351 5434 1630 5502 corporeis
1685 5433 1853 5486 oculis
1897 5448 2015 5486 eam

425 5535 770 5606 spectandam
805 5538 1150 5602 proponeret,
1174 5529 1340 5598 ipsius
1367 5525 1675 5597 praestantia
1703 5534 2018 5594 argumento

424 5625 721 5680 declaravit
749 5621 978 5676 dicens:
1013 5620 1164 5686 Quod
1209 5620 1253 5672 si
1285 5615 1595 5671 ministratio
1623 5615 1798 5667 mortis
1831 5616 1924 5685 fuit
1963 5615 2019 5667 in

425 5718 614 5788 gloria,
646 5714 901 5786 quomodo
938 5729 1040 5766 non
1072 5713 1234 5781 magis
1281 5707 1588 5764 ministratio
1614 5707 1822 5776 spiritus
1850 5707 1943 5759 erit
1966 5707 2018 5760 in

426 5811 593 5878 gloria
617 5809 642 5861 .’
693 5809 796 5862 Per
824 5806 1014 5861 mortis
1043 5812 1226 5858 autem
1255 5802 1613 5858 ministerium
1644 5800 1813 5868 legem
1857 5799 2016 5853 intel-

427 5901 562 5968 ligit.
596 5899 769 5970 Atque
797 5896 1012 5952 interim
1051 5894 1192 5962 vide,
1225 5909 1382 5965 quam
1431 5891 1620 5947 sedulo
1663 5892 1715 5946 in
1746 5891 1845 5944 ista
1871 5905 2018 5943 cotu-

431 5990 709 6062 paratione
735 5997 944 6054 caveat,
966 6003 1032 6044 ne
1063 5986 1223 6043 ullam
1251 5981 1518 6041 hiereticis
1543 5999 1727 6040 ansam
1759 5981 2009 6052 praebeat.

2118 2961 2235 3018 Non
2278 2965 2423 3020 enim
2468 2966 2643 3033 dixit,
2684 2966 2796 3021 Lex
2840 2977 3067 3022 mortem
3106 2967 3291 3033 efficit,
3341 2966 3473 3031 sed,
3504 2965 3708 3039 (Mortis

2118 3056 2423 3111 ministratio
2448 3068 2524 3112 est
2544 3075 2562 3112 :
2592 3068 2820 3114 mortem
2848 3058 2991 3114 enim
3017 3060 3380 3123 ministrabat,
3401 3074 3508 3114 non
3532 3068 3709 3113 autem

2120 3149 2383 3219 pariebat.
2416 3150 2547 3205 Nam
2581 3160 2858 3218 peccatum
2900 3150 2950 3205 id
2982 3160 3120 3216 erat,
3149 3150 3293 3221 quod
3332 3162 3559 3206 mortem
3598 3149 3713 3205 efli-

2117 3239 2332 3302 ciebat;
2374 3241 2462 3296 lex
2492 3251 2671 3296 autem
2701 3242 3019 3312 supplicium
3073 3241 3384 3303 invehebat,
3413 3257 3477 3296 ac
3518 3256 3710 3311 pec-ca:

2121 3339 2230 3382 tmn
2256 3329 2548 3396 indicabat,
2567 3348 2674 3386 non
2701 3341 2881 3388 autem
2906 3332 3153 3387 faciebat.
3170 3331 3367 3386 Malum
3387 3332 3530 3387 enim
3557 3346 3716 3401 aper-

2122 3421 2228 3476 tius
2253 3421 2558 3492 detegebat,
2600 3439 2664 3477 ac
2691 3425 2989 3493 plcetebat,
3021 3439 3130 3477 non
3173 3433 3354 3476 autem
3400 3420 3468 3475 ad
3512 3421 3712 3476 malum

2121 3513 2430 3583 impellebat
2462 3534 2476 3571 :
2508 3531 2684 3585 neque
2744 3516 2810 3569 ad
2862 3516 2913 3569 id
2949 3514 3310 3579 ministrabat,
3338 3521 3395 3567 ut
3436 3524 3713 3582 peccatum

2122 3606 2297 3672 fieret,
2329 3617 2422 3662 aut
2452 3622 2599 3662 mors
2628 3608 2938 3674 exsisteret,
2965 3607 3060 3662 sed
3087 3616 3144 3660 ut
3174 3620 3360 3676 poenas
3385 3604 3537 3658 daret
3560 3606 3602 3658 is
3622 3606 3713 3675 qui

2121 3709 2429 3768 peccasset:
2459 3715 2524 3754 ac
2552 3699 2779 3770 proinde
2804 3699 2909 3754 hac
2934 3714 3149 3770 quoque
3179 3698 3390 3753 ratione
3429 3707 3709 3767 peccatum

2121 3790 2356 3844 delebat.

2196 3881 2301 3936 Lex
2324 3883 2576 3951 quomodo
2620 3893 2833 3936 mortem
2877 3881 3144 3948 a/Ierebat.
3165 3910 3234 3921 —
3261 3880 3394 3934 Nam
3426 3879 3552 3935 dum
3601 3880 3716 3950 ipsa

2121 3983 2400 4042 peccatum
2424 3973 2559 4027 adeo
2584 3973 2980 4028 formidandqu
3008 3987 3130 4028 esse
3152 3971 3480 4036 ostenderet,
3504 3972 3718 4040 procul-

2121 4062 2284 4117 dubio
2330 4062 2433 4118 hoc
2463 4063 2626 4117 etiam
2672 4062 2921 4128 faciebat,
2956 4073 3013 4118 ut
3053 4062 3227 4132 ipsum
3255 4061 3566 4130 fugiendum
3595 4076 3719 4118 esse

2121 4153 2416 4208 videretur.
2443 4153 2592 4209 Sicut
2616 4153 2778 4223 igitur
2803 4154 2868 4218 is,
2892 4154 2980 4222 qui
3004 4168 3188 4208 ensem
3221 4153 3273 4207 in
3302 4167 3495 4206 manus
3528 4151 3714 4225 sumit,

2122 4261 2186 4299 ac
2207 4245 2348 4300 sonti
2368 4255 2530 4316 caput
2553 4255 2813 4316 amputat,
2832 4247 2999 4316 judici
3027 4245 3386 4316 pronuntianti
3410 4245 3716 4300 ministrum

2122 4352 2181 4390 se
2207 4335 2447 4404 praebet;
2482 4351 2654 4406 neque
2685 4337 2802 4406 ipse
2825 4345 2910 4392 est
2937 4339 3028 4406 qui
3056 4337 3336 4404 interimit,
3367 4337 3575 4392 etiamsi
3603 4339 3720 4409 ipse

2126 4435 2288 4496 caput
2313 4426 2629 4491 abscindat;
2660 4443 2759 4482 nec
2782 4443 2994 4484 rursum
3027 4428 3092 4490 is,
3123 4428 3214 4498 qui
3243 4428 3564 4484 sententiam
3588 4443 3716 4498 pro-

2123 4515 2227 4572 fert
2253 4527 2309 4572 et
2335 4517 2681 4585 condemnat,
2713 4518 2807 4572 sed
2833 4517 2950 4586 ejus
2979 4517 3047 4573 de
3074 4533 3180 4589 quo
3203 4518 3522 4588 supplicium
3551 4521 3719 4574 sumi-

2125 4618 2210 4663 tur
2236 4610 2552 4680 improbitas
2594 4627 2609 4663 :
2658 4610 2730 4663 ita
2771 4609 2860 4663 hic
2885 4625 3099 4680 quoque
3123 4625 3229 4664 non
3260 4611 3345 4664 lex
3370 4625 3559 4665 necem
3586 4609 3716 4667 all‘c-

2122 4700 2295 4767 rebat,
2322 4701 2419 4756 sed
2446 4709 2724 4770 peccatum
2755 4701 2934 4771 ipsum
2961 4709 3097 4768 erat,
3128 4701 3272 4771 quod
3293 4711 3348 4757 et
3374 4701 3719 4757 interimebat

2122 4799 2178 4846 et
2205 4791 2634 4857 condemnabat;
2681 4792 2796 4848 haec
2841 4807 2992 4859 vero,
3023 4794 3077 4848 in
3124 4803 3333 4848 sontem
3378 4793 3720 4850 animadver-

2125 4897 2263 4953 tens,
2294 4888 2402 4941 vim
2429 4888 2574 4943 illius
2603 4888 2932 4954 succidebat,
2961 4887 3209 4958 supplicii
3241 4898 3390 4943 metu
3417 4904 3541 4943 eum
3566 4903 3720 4943 coer-

2122 4993 2278 5033 cens.
2327 4977 2438 5033 Nec
2479 4993 2609 5033 vero
2653 4979 2782 5034 satis
2813 4979 3001 5034 habuit
3030 4979 3226 5034 Paulus
3257 4980 3577 5049 praestantia:
3618 4981 3718 5036 de-

2122 5067 2387 5122 clarandae
2418 5083 2577 5122 causa
2611 5071 2714 5123 hoc
2738 5068 2914 5122 solum
2955 5068 3266 5138 protulisse,
3295 5068 3389 5122 sed
3416 5069 3557 5124 aliud
3584 5085 3718 5139 quo-

2122 5176 2227 5230 que
2247 5159 2512 5230 adjungit,
2533 5159 2719 5215 dicens
2744 5177 2756 5212 :
2785 5158 2852 5214 In
2875 5160 3034 5214 literis
3053 5160 3337 5228 deformata
3358 5161 3412 5214 in
3435 5161 3712 5233 lapidibus.

2125 5249 2260 5305 Vide
2287 5250 2560 5320 quomodo
2610 5265 2800 5304 rursus
2852 5249 3110 5305 Judaicos
3159 5251 3383 5320 spiritus
3427 5251 3712 5323 deprimat.

2123 5340 2261 5394 Nihil
2286 5341 2432 5395 enim
2460 5339 2606 5395 aliud
2633 5341 2741 5397 .lex
2768 5351 2907 5406 erat,
2939 5355 3099 5410 quam
3147 5340 3354 5406 literae;
3397 5357 3504 5396 non
3536 5353 3713 5396 autem

2123 5432 2425 5487 subsidium
2475 5433 2641 5486 ullum
2675 5449 2706 5488 e
2742 5433 2913 5488 literis
2962 5431 3239 5502 prodiens,
3271 5443 3430 5502 atque
3473 5434 3718 5504 aspirans

2122 5527 2187 5581 iis
2217 5527 2306 5596 qui
2355 5525 2642 5593 dimicant,
2688 5527 2831 5580 sicut
2870 5526 2925 5580 in
2977 5525 3268 5594 baptismo,
3298 5525 3392 5579 sed
3441 5525 3636 5580 tabula:
3661 5534 3717 5581 et

2122 5619 2427 5687 scripturaz,
2455 5629 2686 5672 mortem
2733 5617 2800 5671 iis
2829 5617 2919 5688 qui
2951 5616 3135 5673 literas
3179 5618 3450 5672 violabant
3487 5615 3718 5672 atl'ercn-
3769 5623 3797 5670 ί.

2126 5719 2229 5765 tes.
2264 5709 2430 5764 Vides
2454 5725 2561 5780 quo
2590 5719 2749 5780 pacto
2775 5709 3054 5765 Iudaicum
3084 5709 3446 5765 contentionis
3474 5708 3713 5765 studium

2123 5803 2439 5868 retundens,
2471 5819 2568 5874 per
2607 5803 2720 5872 ipsa
2766 5818 2984 5874 quoque
3031 5803 3290 5857 vocabula
3340 5801 3715 5857 auctoritatem

2127 5895 2262 5964 legis
2291 5909 2436 5948 nunc
2461 5894 2700 5964 dejiciat,
2743 5894 2976 5965 lapidem
3021 5894 3210 5949 dicens
3239 5903 3294 5949 et
3324 5893 3508 5949 literas
3533 5903 3588 5948 et
3614 5894 3718 5948 mi-

2128 5983 2510 6040 nistrationem
2541 5984 2753 6052 mortis,
2785 5984 3096 6054 addensque
3139 5992 3424 6056 praetcrea,
3455 5983 3595 6051 quod
3624 5983 3719 6037 do-

3868 3496 3907 3519 Ι
