2034 3241
188 247 247 274 τιὶἰῑ

193 306 309 332 foriuala
322 308 402 339 atque
417 302 566 337 impressa?
593 301 660 329 lline
678 302 750 329 eniin
772 301 807 327 nil
830 300 901 327 aliud
917 299 987 327 desi-

195 354 278 384 gnat,
295 357 374 383 quam
390 347 461 383 quod
483 347 526 374 lex
548 347 575 373 in
597 354 650 374 uno
665 346 726 373 loco
739 346 828 374 deﬁxa
844 350 912 377 erat,
934 352 988 372 non

186 394 422 428 quemadmodum
440 393 560 426 spiritus,
576 393 620 426 qui
636 392 735 426 ubique
747 391 851 422 aderat,
865 392 918 417 vim
932 398 990 417 ma-

193 448 274 474 gnam
288 440 393 467 cunctis
405 439 538 473 inspirans
552 448 558 464 :
575 438 616 465 vel
636 442 711 465 certe
726 437 777 464 hoc
796 437 905 469 indicat,
917 436 987 471 quod

195 486 279 512 litera:
302 486 389 511 minas
412 485 509 511 multas
531 483 669 516 efﬂabant,
686 488 714 510 et
733 483 843 518 quidem
856 481 988 517 ejusmodi

193 530 281 558 minas
292 539 353 565 qua:
363 530 447 557 deleri
460 537 511 556 non
526 534 647 564 possent,
659 529 705 556 sed
721 537 826 563 semper
837 532 987 560 manerent,

193 582 289 612 utpote
311 578 386 605 saxis
409 577 561 612 insculptm.
587 576 689 603 Deinde
703 576 796 607 etiam,
811 575 873 601 dum
896 578 988 601 vetera

194 623 320 651 laudibus
341 622 439 650 elTerre
460 622 575 655 videtur,
591 629 684 649 rursus
708 621 860 648 .lndtcorum
876 627 988 647 accusa-

152 665 157 683 ³
193 670 293 697 tionem
305 669 385 696 simul
401 669 539 703 inspergit.
552 668 617 696 Cum
633 669 703 695 enim
713 668 837 699 dixisset,
853 666 884 693 In
897 667 985 698 literis,

149 706 155 731 ί
192 716 338 751 deformata
351 716 378 743 in
399 716 537 751 lapidibus,
552 716 600 750 fuit
615 716 641 741 iu
661 714 765 749 gloria;
781 714 929 748 subjunxit,
948 712 988 739 lla

192 767 221 788 ut
240 769 291 788 non
305 766 406 796 possent
429 761 478 795 ﬁlii
496 760 579 788 Israel
591 761 720 787 intendere
734 761 761 786 in
777 760 869 794 facient
891 758 985 793 Moysi.

192 808 269 841 Quod
284 808 393 842 quidem
410 815 533 842 magnam
554 814 647 834 eorum
663 805 873 833 imbecillitatem
888 803 988 830 animi-

191 862 245 888 que
260 853 293 881 ad
309 861 353 881 res
378 858 502 881 terrenas
525 852 734 887 propensionem
757 851 922 878 declarabat.
949 850 988 877 Ac

191 906 287 926 rursus
302 898 378 932 dicit,
394 906 458 930 non,
476 898 590 932 Propter
615 897 763 925 tabularum
786 896 910 931 gloriam,
928 895 985 927 sed,

191 945 306 980 Propter
324 945 435 980 gloriam
449 945 534 971 uultus
545 945 608 980 ejus,
621 952 678 979 quat
701 948 845 970 evacuatur.
865 941 988 969 Ostendit

190 991 263 1019 enim
274 999 348 1024 eum,
362 992 408 1027 qui
424 992 527 1019 tabulas
544 991 658 1023 ferebat,
675 990 759 1025 gloria
776 989 858 1021 afﬁci,
872 996 924 1016 non
937 996 986 1015 au-

191 1042 248 1065 tem
264 1037 333 1065 illas.
351 1037 410 1065 Non
424 1039 496 1065 enim
507 1037 585 1069 dixit,
600 1037 668 1070 Quia
693 1044 745 1063 non
772 1040 882 1070 possent
897 1036 985 1061 inten-

190 1083 257 1111 dere
282 1083 308 1110 in
332 1083 448 1116 tabulas,
461 1083 521 1116 sed,
537 1082 570 1109 In
589 1083 688 1109 vultum
714 1081 812 1116 Moysis
824 1089 833 1107 :
848 1088 879 1107 ac
893 1087 985 1106 rursus

189 1136 244 1155 non
259 1128 337 1161 dixit,
353 1129 467 1163 Propter
479 1128 592 1164 gloriam
610 1128 771 1158 tabularum,
793 1126 854 1160 sed,
876 1125 985 1159 Propter

188 1174 300 1209 gloriam
313 1174 396 1201 vultus
412 1175 503 1209 ipsius.
526 1174 627 1201 Deinde
652 1178 792 1208 postquam
805 1179 864 1199 eam
877 1172 983 1201 extulit,

186 1218 248 1246 vide
256 1227 309 1255 quo
320 1224 396 1254 pacto
404 1227 465 1248 eam
476 1219 793 1254 rursnsdejieiatdieens,
803 1218 865 1251 ante
876 1225 985 1244 evacua-

186 1270 245 1291 tur:
254 1265 479 1300 quamquam'hoc
491 1264 671 1292 accusationis
684 1264 816 1291 rationem
827 1271 880 1290 non
892 1263 983 1296 habet,

186 1310 236 1338 sed
250 1311 459 1338 extenuationis.
471 1310 528 1338 Non
539 1311 611 1338 enim
622 1310 702 1341 dixit,
716 1310 781 1343 Quae
791 1313 917 1343 corrupta
929 1313 981 1340 est,

186 1360 244 1388 aut,
259 1355 325 1389 Qua:
347 1357 417 1384 mala
429 1362 490 1389 est;
511 1356 570 1388 sed,
584 1357 649 1390 Qua:
668 1355 776 1388 desinit,
797 1362 828 1382 ac
844 1355 924 1381 linem
939 1361 984 1380 ac-

185 1401 261 1436 cipit.
277 1400 410 1434 Quomodo
430 1410 482 1429 non
497 1403 578 1437 magis
594 1402 745 1429 ministratio
768 1401 875 1436 spiritus
889 1401 936 1427 erit
956 1400 983 1426 in

186 1447 291 1481 gloria?
318 1447 423 1475 Fidenti
440 1448 511 1474 enim
535 1448 625 1474 animo
647 1448 702 1481 jam
725 1447 792 1474 Novi
817 1445 983 1474 Testamenti

186 1492 344 1527 dignitatem
366 1494 475 1526 attollit,
494 1497 524 1520 ut
536 1494 624 1521 omnis
639 1493 813 1520 dubitationis
828 1496 979 1526 expertem.

186 1539 227 1566 Ae
241 1539 303 1566 vide
314 1540 377 1574 quid
393 1541 446 1575 agit
459 1549 465 1567 ς
483 1541 609 1575 opposuit
627 1540 740 1575 lapidem
752 1540 875 1573 eordi,et
887 1540 981 1566 literas

186 1585 304 1619 spiritui.
327 1585 430 1613 Deinde
443 1594 504 1613 cum
521 1594 552 1613 ea
574 1595 633 1621 qua:
654 1595 688 1614 ex
711 1587 832 1620 utrisque
849 1586 983 1612 orirentur

185 1631 343 1663 iudicasset,
359 1639 412 1658 non
427 1632 481 1666 jam
498 1640 559 1667 qua:
572 1641 604 1659 ex
616 1633 738 1667 utrisque
754 1633 807 1659 sint
821 1632 914 1667 ponit;
935 1631 982 1658 sed

186 1681 279 1709 postea
293 1684 373 1711 quain
386 1677 411 1704 id
423 1678 494 1712 quod
514 1686 528 1704 a
548 1678 623 1705 litera
639 1683 727 1705 ortum
743 1677 824 1705 habet
838 1677 979 1711 expressit,

185 1729 283 1756 nempe
296 1727 411 1750 mortem
423 1728 450 1750 et
461 1723 725 1753 condemnationem.
739 1724 764 1750 id
776 1723 846 1757 quod
858 1731 873 1750 a
886 1723 981 1758 spiritu

184 1767 376 1801 proficiscitur,
393 1776 446 1795 non
473 1769 537 1796 item
560 1770 697 1804 exprimit,
714 1769 764 1796 hoc
781 1774 834 1801 est,
849 1769 930 1795 vitam
954 1771 981 1795 et

181 1814 324 1848 justitiam,
340 1815 388 1842 sed
402 1815 490 1850 ipsum
505 1815 629 1850 spiritum
643 1825 650 1843 :
667 1816 738 1850 quod
753 1816 860 1850 quidem
875 1822 980 1843 sermo-

184 1867 247 1886 nem
267 1860 459 1895 ampliﬁcabat.
475 1861 579 1888 Novum
605 1862 675 1888 enim
701 1862 902 1889 Testamentum
926 1868 978 1887 non

184 1905 267 1933 vitam
281 1907 366 1933 solam
390 1907 480 1940 dabat,
495 1907 542 1934 sed
557 1907 637 1934 etiam
661 1908 796 1942 spiritum,
813 1915 828 1934 a
851 1915 905 1942 quo
927 1907 979 1934 vita

183 1952 357 1986 all‘crcbatur,
374 1954 597 1981 subministrabat
613 1964 619 1981 :
635 1954 706 1989 quod
723 1956 776 1981 vita
794 1954 878 1981 multo
893 1953 979 1988 majus

183 2003 253 2026 erat.
269 1998 334 2026 Ideo
349 1999 426 2031 dixit,
442 1999 600 2026 Ministratio
625 2000 740 2034 spiritus.
759 2000 797 2026 Ac
812 2004 903 2033 postea
921 2007 979 2025 rur-

182 2051 229 2071 sus
244 2044 366 2072 eamdem
383 2052 439 2072 rem
456 2045 580 2078 inculcat,
597 2044 710 2072 dicens:
731 2045 760 2072 9.
783 2044 852 2071 Nam
866 2045 888 2071 si
903 2045 978 2071 nilni-

183 2091 274 2117 stratio
285 2091 469 2125 damnationis,
481 2092 575 2127 gloria.

218 2137 247 2164 2.
263 2137 302 2164 Ac
312 2137 457 2165 dilucidius
470 2139 582 2173 exponit
594 2138 720 2173 quidnam
737 2137 780 2165 his
795 2139 884 2166 verbis
896 2137 980 2173 signi-

183 2183 289 2217 ﬁcetur,
307 2183 393 2211 Litera
414 2184 526 2216 occidit;
549 2184 600 2212 hoc
615 2184 741 2212 videlicet
755 2185 889 2220 inquietis,
906 2184 977 2219 quod

182 2233 246 2256 ante
260 2228 387 2262 diximus,
403 2238 502 2265 nempe
516 2230 602 2265 legem
625 2236 765 2266 peccatum
782 2230 910 2263 indicare,
924 2238 976 2257 non

184 2280 275 2303 autem
288 2276 407 2304 efﬁcere.
422 2276 505 2304 Multo
517 2278 597 2312 magis
613 2277 765 2304 ministratio
773 2278 882 2312 justitite
894 2277 974 2303 abun-

180 2320 226 2346 dat
239 2320 364 2356 ingloria.
376 2321 483 2349 Etenim
504 2322 600 2349 tabulae
616 2322 670 2349 illa:
680 2327 837 2357 peccatores
846 2323 975 2350 ostende-

182 2365 259 2398 bant,
272 2373 304 2393 ac
318 2367 450 2401 supplicio
470 2366 646 2395 afficiebant:
664 2367 721 2395 lucc
741 2373 830 2396 autem
853 2373 977 2403 peccato-

181 2419 229 2439 res
242 2419 296 2439 non
309 2412 390 2440 modo
405 2421 458 2440 non
473 2414 610 2448 puniebat,
621 2413 668 2442 sed
682 2415 764 2442 etiam
775 2415 863 2449 justos
878 2414 979 2442 elﬁcie-

184 2458 248 2491 bat;
268 2459 418 2494 baptismus
432 2461 503 2488 enim
524 2460 575 2488 hoc
587 2461 761 2496 largiebatur.
780 2462 823 2490 10.
841 2462 978 2489 Nonenim

184 2504 356 2539 gloriﬁcantia
380 2509 427 2538 est,
444 2506 511 2540 quod
534 2506 706 2541 gloriﬁcalum
728 2511 764 2533 est
778 2507 805 2534 in
828 2507 875 2534 liae
895 2513 976 2542 parte,

184 2556 288 2585 propter
309 2552 469 2579 excellentem
491 2553 610 2587 gloriam.
633 2552 824 2587 Superioribus
846 2554 937 2581 verbis
952 2554 978 2581 id

183 2596 293 2630 quidem
307 2597 433 2629 ostendit,
447 2598 518 2632 quod
535 2598 585 2625 hoc
599 2606 706 2634 quoque
727 2599 754 2626 in
768 2600 853 2634 gloria
867 2600 912 2632 sit,
929 2607 979 2627 nec

183 2642 374 2676 simpliciterin
383 2643 530 2677 gloria,sed
538 2644 609 2678 quod
618 2644 697 2671 etiam
705 2645 822 2672 abundet
832 2654 837 2671 :
846 2653 898 2672 non
906 2645 978 2672 enim

185 2687 266 2720 dixit,
281 2687 422 2721 Quomodo
436 2697 489 2715 non
503 2690 586 2724 magis
607 2690 769 2717 ministratio
793 2691 903 2725 spiritus
928 2691 980 2719 erit

186 2733 329 2768 ingloria?
342 2734 400 2766 sed,
415 2734 534 2761 Abundat
548 2736 573 2761 in
588 2736 692 2770 gloria;
717 2737 878 2771 supradictis
902 2737 980 2764 nimi-

186 2786 246 2807 rum
267 2780 432 2814 argumentis
455 2780 482 2807 id
497 2781 623 2814 probans.
648 2781 696 2808 Hic
720 2789 785 2809 vero
799 2782 980 2817 prmcellentia

187 2832 293 2859 quoque
309 2829 408 2860 quanta
423 2826 468 2858 sit,
485 2826 525 2852 his
541 2827 629 2853 verbis
640 2827 777 2854 ostendit:
793 2828 815 2854 si
831 2826 902 2854 hanc.
914 2835 978 2854 cum

189 2870 233 2897 illa
248 2878 414 2905 comparem,
434 2879 467 2899 ne
484 2871 567 2906 gloria
582 2872 689 2906 quidem
703 2878 745 2900 est
761 2872 864 2900 Veteris
880 2872 978 2899 Testa-

188 2916 271 2943 menti
291 2917 386 2951 gloria.
400 2917 504 2950 Quibus
518 2919 607 2946 verbis
627 2927 679 2946 non
695 2920 745 2946 hoc
758 2919 915 2953 simpliciter
927 2919 977 2946 ad-

189 2962 279 2994 struit,
288 2962 357 2996 quod
370 2963 453 2998 gloria
464 2971 516 2991 non
529 2965 572 2999 sit,
582 2964 628 2993 sed
638 2965 844 3000 comparationis
858 2965 961 2994 ratione
971 2974 977 2993 ι

560 243 587 271 S.
609 242 748 271 10.“le
766 242 1002 270 CIIRYSOSTOMI
1023 241 1179 270 ARCIHEP.
1200 242 1466 271 CONSTANTlNOP.

1790 243 1842 273 ιιι

1045 299 1115 327 unde
1128 300 1208 327 etiam
1222 300 1372 335 subjunxit,
1388 300 1421 328 In
1437 301 1485 328 hac
1499 305 1581 336 parte.
1598 301 1649 328 hoc
1661 305 1713 334 est,
1728 302 1752 329 si
1766 309 1843 330 com-

1043 346 1144 379 paratio
1167 345 1305 373 habeatur.
1333 345 1388 373 Nee
1402 351 1490 373 tamen
1513 347 1563 373 hoc
1578 346 1661 373 Vetus
1683 346 1841 375 Testamen-

1045 395 1101 417 tum
1122 390 1247 423 traducit,
1261 392 1309 418 sed
1323 391 1497 419 vehementer
1511 392 1591 419 etiam
1602 391 1689 427 ipsum
1702 399 1841 420 commen-

1042 436 1108 463 dat:
1124 438 1224 464 ctenim
1240 438 1457 472 comparationes
1476 437 1510 465 de
1536 438 1618 465 rebus
1642 439 1763 473 cognatis
1782 438 1841 465 fieri

1042 489 1251 511 Consueverunt.
1274 484 1334 511 Mox
1359 484 1432 511 aliud
1455 489 1644 518 argumentum
1657 490 1757 517 movet,
1768 484 1840 519 quod

1042 530 1093 555 alia
1109 538 1217 563 quoque
1232 531 1335 556 ratione
1358 530 1540 563 prmstautiau’i
1557 531 1733 556 demonstrat.
1756 530 1839 563 Quale

1043 575 1133 602 istud?
1148 576 1278 602 Nimirum
1296 584 1308 602 a
1328 582 1447 610 tempore
1459 576 1566 603 dicens:
1584 577 1626 603 li.
1637 577 1666 603 Si
1679 577 1839 611 autemquod

1042 626 1188 653 l’l'thlHIltlt',
1205 630 1249 655 per
1261 622 1369 655 gloriam
1383 627 1417 647 est
1431 631 1438 653 ;
1461 623 1541 648 multo
1564 631 1643 657 magis
1665 623 1690 648 id
1703 623 1770 656 quod
1781 631 1838 648 ma-

1043 672 1092 698 nrt,
1108 672 1145 693 est
1159 669 1183 693 in
1199 668 1291 702 gloria.
1305 668 1370 694 illud
1386 668 1456 694 enim
1475 669 1552 694 linem
1568 669 1689 702 acet-pit;
1712 669 1762 695 hoc
1776 676 1838 702 per-

1043 719 1121 746 petuo
1139 719 1237 739 manet.
1266 715 1307 740 l2.
1332 714 1460 740 llubrnles
1474 715 1551 748 igitur
1567 715 1641 741 talem
1655 724 1734 749 spem,
1757 716 1837 741 multa

1042 759 1135 791 [illlll‘lll
1150 760 1254 785 utimur.
1267 761 1332 791 Quia
1346 761 1416 786 enim
1432 761 1537 786 auditor
1549 765 1586 786 tot
1597 769 1628 787 ac
1640 766 1709 787 tanta
1721 760 1754 787 de
1763 761 1835 787 Novo

1041 805 1215 832 Testamento
1229 807 1359 837 audierat,
1369 811 1449 841 atque
1462 807 1530 833 hanc
1540 807 1651 840 gloriam
1667 807 1752 833 oculis
1767 806 1831 840 ipsis

1042 859 1171 883 usurpare
1186 852 1321 885 cupit-hat,
1338 852 1397 878 vide
1412 860 1528 886 quonam
1545 858 1622 886 pacto
1644 852 1729 887 ipsum
1745 851 1779 878 ad
1794 851 1834 877 fu-

1042 902 1129 922 Ιιιιιιιιι
1144 906 1228 924 :rvnm
1247 898 1359 931 rejiciai.
1374 898 1435 924 Ideo
1448 906 1521 932 spem
1539 898 1563 924 in
1580 898 1695 924 medium
1711 897 1831 931 protulit,

1039 943 1141 973 dicetis,
1163 944 1290 970 [labentes
1310 945 1387 979 igitur
1399 945 1563 978 talentspem.
1578 944 1689 976 Qualem
1706 943 1833 969 laudent?

1039 989 1115 1021 Quod
1134 990 1262 1022 majorem
1284 990 1440 1023 dignitatem
1464 997 1542 1024 quam
1566 990 1651 1016 Moses
1675 988 1834 1022 consequuti

1038 1043 1141 1064 sumus,
1165 1038 1216 1061 non
1237 1040 1338 1061 taulmn
1354 1044 1402 1061 nos
1418 1036 1542 1069 apostoli,
1567 1035 1613 1062 sed
1636 1034 1716 1061 etiam
1740 1042 1834 1061 omnes

1040 1081 1142 1107 Iidelcs.
1161 1081 1244 1108 Multa
1261 1082 1356 1115 ﬁducia
1378 1082 1483 1107 utimur.
1507 1081 1584 1115 Apud
1608 1082 1704 1115 quem?
1721 1088 1831 1115 qiueso;

1038 1128 1105 1161 apud
1126 1128 1219 1159 Deum,
1235 1136 1268 1154 an
1290 1128 1360 1161 apud
1375 1127 1541 1160 discipulos?
1563 1126 1638 1160 Apud
1664 1133 1721 1156 vos.
1738 1126 1832 1159 inquit,

1037 1181 1104 1206 quos
1115 1174 1262 1207 discipulos
1274 1173 1360 1200 habeo
1373 1182 1379 1199 :
1391 1174 1441 1199 hoc
1453 1178 1494 1200 est
1506 1181 1513 1199 :
1525 1173 1589 1199 Cum
1602 1173 1723 1199 libertate
1736 1172 1834 1206 ubique

1038 1220 1182 1254 loquimur,
1195 1221 1260 1246 nihil
1275 1221 1451 1251 occultantes,
1466 1220 1529 1246 nihil
1545 1220 1755 1249 dissimulantes,
1766 1219 1833 1245 nihil

1037 1267 1217 1299 suspicantes,
1234 1267 1280 1292 sed
1297 1267 1437 1300 perspicue
1458 1267 1599 1300 loquentes
1615 1274 1620 1290 :
1640 1273 1689 1292 nec
1709 1273 1833 1292 veremur

1038 1320 1070 1338 HC
1085 1312 1225 1338 ()(‘llltll'lllll
1240 1317 1389 1338 \‘CSll‘Ol‘lllll
1406 1312 1489 1338 aciem
1509 1312 1728 1345 pCl'Sll'lllglllllllS,
1739 1318 1832 1345 quem~

1036 1358 1179 1384 admodum
1197 1359 1284 1385 Moses
1299 1359 1465 1385 Judzuortun.
1488 1358 1553 1384 Nam
1567 1358 1637 1392 quod
1655 1358 1722 1384 istud
1739 1357 1831 1383 subiu-

1037 1404 1142 1431 dic..:rit.
1167 1404 1227 1429 audi
1254 1412 1313 1437 qum
1337 1409 1501 1437 sequuntur;
1529 1404 1581 1430 imo
1604 1411 1667 1429 vero
1691 1403 1829 1429 historiam

1037 1450 1111 1483 prius
1135 1449 1234 1475 rcl‘crre
1253 1450 1433 1475 necessarium
1450 1454 1490 1475 cst
1504 1458 1509 1475 :
1528 1457 1586 1475 nam
1603 1455 1625 1475 et
1642 1449 1698 1482 ipse
1712 1456 1770 1475 eam
1786 1455 1829 1474 as-

1037 1494 1112 1521 sidua
1128 1500 1226 1520 versat.
1240 1495 1367 1527 Qtlit‘llillll
1383 1495 1462 1529 igitur
1478 1499 1519 1521 est
1534 1494 1589 1521 lure
1606 1493 1737 1520 historia?
1761 1492 1826 1518 Cum

1035 1539 1123 1566 Moses
1146 1541 1262 1575 acceptis
1285 1540 1372 1566 denuo
1401 1541 1497 1567 tabulis
1521 1540 1714 1571 descenderet,
1743 1539 1827 1572 gloria

1035 1586 1157 1619 quwdmu
1175 1594 1204 1610 es
1232 1586 1314 1620 ipsius
1342 1586 1412 1612 \‘ulltt
1430 1586 1569 1616 exsilieus,
1586 1585 1653 1612 adeo
1675 1584 1826 1618 cll‘ulgebat,

1036 1636 1063 1656 nt
1080 1631 1163 1657 .iudmi
1179 1639 1229 1657 nec
1243 1631 1274 1656 ad
1291 1639 1350 1657 eum
1372 1631 1512 1661 accede-ie,
1529 1638 1578 1657 nec
1591 1638 1650 1657 cum
1667 1637 1699 1656 eo
1713 1629 1829 1663 colloqui

1037 1682 1160 1710 posst-ut,
1179 1685 1316 1711 quomque
1331 1678 1406 1704 faciei
1423 1686 1478 1703 sua:
1503 1678 1622 1703 velamen
1647 1676 1827 1711 imposuisset.

1035 1723 1078 1750 Sic
1092 1724 1162 1750 enim
1181 1725 1205 1749 in
1230 1723 1324 1750 Exodo
1347 1723 1475 1757 scriptum
1494 1728 1536 1750 est
1553 1733 1559 1749 :
1576 1723 1639 1749 Cum
1660 1722 1829 1748 descendisset

1036 1770 1139 1805 Moyses
1153 1770 1184 1796 de
1199 1775 1291 1802 ntonte,
1308 1770 1365 1797 dita:
1380 1770 1473 1796 tabula:
1494 1774 1564 1795 erant
1580 1770 1605 1795 in
1627 1770 1742 1795 manibus
1762 1770 1826 1803 ejus.

1037 1816 1069 1842 Et
1082 1816 1214 1850 ignorabat
1228 1816 1295 1851 quod
1305 1816 1463 1851 glori/ieatus
1472 1821 1534 1842 esset
1545 1820 1660 1849 asper/us
1672 1816 1744 1850 ﬁu‘ici
1757 1815 1810 1850 ejus
1820 1822 1829 1840 :

1034 1867 1058 1889 et
1072 1863 1207 1888 timuerunt
1223 1863 1428 1896 appropinquare
1440 1862 1472 1888 ei.
1496 1860 1527 1887 lit
1549 1862 1644 1887 vocarit
1658 1869 1699 1887 ens
1715 1860 1826 1895 Moyses,

1034 1915 1056 1936 et
1071 1910 1188 1944 loquutus
1204 1915 1240 1935 est
1261 1910 1294 1935 ml
1309 1918 1360 1935 eos.
1386 1909 1417 1934 Et
1436 1914 1567 1943 postquam
1591 1908 1695 1935 cessaiit
1715 1907 1781 1939 loqui
1795 1906 1827 1932 (ιιι

1033 1965 1084 1987 eos,
1100 1957 1218 1990 imposuit
1233 1956 1308 1990 faciei
1322 1964 1375 1981 sure
1389 1956 1512 1981 velmurn.
1529 1955 1592 1980 (.‘um
1606 1960 1690 1981 autem
1701 1953 1824 1988 ingredie-

1033 2003 1108 2029 batur
1128 2009 1154 2029 ut
1174 2003 1318 2037 loqueretur
1340 2011 1425 2029 coraut
1447 2002 1567 2033 Domino,
1592 1994 1694 2028 tollebat
1715 2001 1825 2026 uelamen

1031 2057 1161 2084 quousque
1178 2049 1337 2084 egrederetur
1358 2049 1367 2083 (
1382 2048 1467 2075 Exod.
1480 2049 1523 2075 55.
1535 2048 1570 2074 ‘29
1581 2063 1592 2068 -
1602 2047 1665 2082 54).
1682 2046 1764 2080 Hujus
1784 2045 1824 2071 lti-

1030 2095 1119 2122 stori;e
1135 2096 1298 2121 mentionem
1317 2094 1417 2121 faciens
1432 2094 1468 2120 ait
1483 2102 1489 2120 :
1506 2094 1548 2120 i5.
1566 2092 1597 2118 Et
1609 2100 1658 2118 non
1673 2091 1738 2117 sicut
1750 2090 1823 2124 Μομ-

1031 2149 1069 2167 ses
1086 2141 1192 2174 ponebat
1207 2140 1318 2166 velamen
1332 2148 1409 2174 super
1429 2139 1517 2174 {aciem
1533 2146 1615 2169 suum,
1631 2142 1658 2162 ut
1677 2145 1726 2163 non
1742 2137 1823 2162 inten-

1032 2187 1119 2213 derent
1140 2186 1187 2219 ﬁlii
1202 2186 1285 2213 Israel
1298 2187 1324 2212 in
1337 2187 1427 2221 faciem
1442 2186 1496 2221 ejus
1508 2185 1574 2217 quod
1587 2189 1732 2211 evacuatur.
1748 2183 1824 2216 Quod

1031 2237 1119 2259 autem
1134 2232 1208 2263 dicit,
1226 2237 1267 2259 est
1283 2233 1413 2267 ejusmodi
1431 2241 1437 2259 :
1453 2232 1521 2258 Nihil
1537 2238 1646 2257 necesse
1661 2234 1712 2262 est,
1730 2235 1759 2256 ut
1771 2229 1826 2256 Mo-

1031 2279 1068 2305 sis
1085 2279 1169 2305 instar
1181 2279 1304 2313 nosipsos
1318 2279 1474 2306 olivelemns
1490 2289 1495 2305 ;
1511 2278 1622 2312 potestis
1637 2277 1708 2304 cuitu
1732 2277 1781 2311 ipsi
1800 2276 1825 2303 iu

1030 2325 1142 2358 gloriam
1160 2325 1297 2359 hanc,qua
1312 2325 1392 2352 cincti
1402 2329 1429 2351 et
1439 2325 1526 2351 ornati
1538 2331 1641 2354 sumus,
1655 2323 1762 2354 intueri,
1775 2322 1825 2350 etsi

1031 2369 1116 2396 multo
1131 2369 1216 2404 major
1235 2377 1265 2396 ac
1283 2369 1448 2404 splendidior
1463 2373 1504 2396 est
1519 2376 1598 2403 quam
1613 2368 1656 2394 illa
1673 2368 1763 2395 illusis.
1780 2366 1825 2393 Vi-

1030 2417 1113 2444 desne
1126 2423 1253 2452 quantum
1274 2418 1311 2444 illi
1340 2416 1522 2451 profecerim?
1546 2417 1611 2443 Nam
1625 2417 1668 2451 qui
1688 2416 1714 2442 in
1734 2414 1822 2449 priore

1031 2463 1146 2496 epistola
1163 2462 1280 2494 diccbat,
1303 2462 1356 2488 Lac
1370 2462 1438 2488 vobis
1464 2466 1550 2495 potum
1575 2462 1644 2494 dedi,
1669 2468 1718 2487 non
1740 2458 1823 2485 cibum

1031 2507 1068 2541 (1.
1093 2507 1152 2534 Cor.
1177 2507 1204 2534 5.
1230 2507 1271 2541 ἓ),
1292 2507 1336 2534 hic
1354 2508 1413 2533 ait:
1433 2507 1514 2533 Multa
1538 2507 1633 2540 ﬁducia
1655 2506 1771 2532 utimur:
1795 2512 1826 2531 ac

1031 2552 1132 2579 Mosem
1150 2552 1176 2578 in
1192 2551 1309 2578 medium
1325 2552 1459 2586 producit,
1474 2558 1680 2585 sermonemque
1693 2558 1739 2585 per
1754 2557 1830 2577 com-

1031 2597 1196 2633 parationem
1223 2599 1356 2633 provehit,
1374 2604 1402 2625 ut
1422 2599 1472 2625 hac
1486 2605 1592 2632 quoque
1607 2599 1711 2625 ratione
1725 2596 1831 2624 audito-

1032 2652 1088 2671 rem
1106 2644 1131 2671 in
1158 2644 1241 2671 altum
1266 2645 1408 2672 subducat.
1431 2646 1469 2671 Ac
1494 2644 1607 2678 priumm
1631 2643 1734 2671 Judaais
1757 2643 1831 2677 ipsos

1031 2691 1281 2725 anteponitdicens,
1292 2691 1348 2718 Non
1359 2699 1426 2726 opus
1439 2691 1569 2717 habemus
1581 2690 1724 2721 velamine,
1735 2696 1830 2723 quem-

1031 2737 1176 2764 admodum
1201 2739 1245 2765 ille
1269 2738 1339 2773 apud
1355 2745 1413 2769 eos,
1430 2738 1528 2772 quibus
1553 2742 1687 2771 przeerat:
1704 2742 1763 2770 qua:
1784 2741 1828 2759 se-

1032 2788 1150 2817 quuntur
1165 2788 1255 2810 autem
1270 2783 1303 2810 ad
1327 2783 1487 2817 lcgislatoris
1503 2783 1659 2817 dignitatem
1674 2781 1785 2810 ducunt,
1802 2782 1830 2804 et

1032 2828 1118 2855 multo
1144 2828 1245 2862 majora
1274 2833 1345 2855 sunt.
1373 2827 1482 2854 Interim
1509 2831 1681 2861 amem,quae
1700 2823 1829 2855 deinCeps

1033 2879 1194 2909 sequuntur,
1212 2873 1363 2900 audiamus.
1381 2873 1425 2900 Mt.
1442 2873 1494 2900 Sed
1508 2872 1590 2899 obtusi
1609 2875 1669 2898 sunt
1685 2876 1771 2897 sensus
1786 2876 1829 2894 eo-

1031 2928 1099 2946 rum.
1118 2919 1203 2953 Usque
1225 2919 1251 2945 in
1266 2918 1415 2945 hodiernum
1429 2919 1496 2945 enim
1510 2919 1576 2944 diem
1593 2917 1703 2951 idiprum
1717 2914 1829 2940 velamen

1033 2967 1058 2992 in
1074 2965 1181 2993 lectione
1200 2964 1295 2991 Veteris
1322 2964 1474 2991 Trstamruti
1500 2967 1581 2990 manet
1605 2970 1655 2989 non
1680 2960 1829 2992 revelatum,
