4068 6416
404 476 513 536 με

417 590 717 662 Ἶουδαῖκὴν
762 588 1118 659 φιλονεικίαν,
1169 589 1265 645 καλ⁸
1308 590 1398 644 διὰ
1422 591 1532 646 τῶν
1562 592 1848 664 ὀνομάτων
1877 592 1982 647 αὐ-

404 685 515 739 τῶν
535 683 789 756 καθαιρεῖ
807 683 868 737 τὸ
892 682 1111 752 ἀξίωμα
1136 682 1281 737 λίθον
1319 686 1511 750 εἱπὼν,
1529 687 1626 739 καὶ
1645 687 1977 757 γράμματα,

410 779 507 833 καὶ
536 776 816 831 διακονίαν
838 774 1098 841 θανάτου,
1130 777 1226 831 καὶ
1260 778 1522 850 προσθεὶς
1558 780 1644 833 ὄτι
1675 782 1983 833 ἐντετυπω-

411 870 549 942 μένη
575 886 591 934 ;
635 868 919 923 Ἐντεῦθεν
952 869 1063 940 γὰρ
1090 868 1244 922 οὐδὲν
1274 870 1405 925 ἀλλο
1424 871 1718 943 ἐμφαίνει,
1746 871 1782 943 ἢ
1815 873 1896 925 ὅτι
1925 872 1985 925 ἐν

408 962 489 1015 ἐνὶ
538 961 723 1032 χωρίῳ
753 962 782 1014 ό
807 961 970 1033 νόμος
1016 962 1220 1032 ἵδρυτο,
1255 961 1317 1014 οὐ
1365 963 1616 1034 καθάπερ
1650 964 1713 1016 τὸ
1765 960 1984 1031 πνεῦμα

407 1049 687 1121 πανταχοῦ
729 1051 915 1123 παρῆν
940 1050 1143 1121 πολλὴν
1167 1050 1402 1121 ἐμπνέον
1430 1052 1526 1124 τὴν
1556 1053 1708 1124 ἰσχὺν
1736 1053 1940 1107 ἅπασιν
1964 1066 1979 1083 ·

405 1142 440 1213 ἢ
468 1142 552 1196 ὃτι
593 1141 792 1214 πολλὴν
827 1144 1027 1214 ἐμπνεῖ
1051 1144 1149 1213 τὴν
1172 1143 1401 1216 ἀπειλὴν
1430 1143 1502 1197 τὰ
1535 1144 1861 1215 γράμματα,
1886 1142 1984 1198 καὶ

404 1228 635 1301 ἀπειλὴν
650 1230 771 1283 οὐδὲ
793 1230 1153 1302 ἀφανισθῆναι
1181 1232 1507 1305 δυναμένην,
1530 1233 1668 1287 ἀλλά
1693 1234 1984 1298 διαπαντὸς

410 1320 685 1390 μένουσαν
708 1361 724 1387 ,
752 1320 848 1375 ἀτε
870 1321 1037 1385 λίθοις
1082 1322 1588 1395 ἐγκεκολαμμένην.
1618 1319 1751 1378 Εἶτα
1772 1327 1866 1379 καὶ
1894 1325 1984 1379 δο-

407 1410 524 1464 κῶν
549 1412 920 1483 ἐγκωμιάζειν
941 1415 1010 1468 τὰ
1037 1414 1264 1481 παλαιὰ,
1296 1418 1631 1489 κατηγορίαν
1660 1418 1821 1472 πάλιν
1848 1421 1983 1473 ἀναο

411 1500 665 1571 μίγνυσιν
719 1501 992 1558 ιουδαίων.
1019 1502 1202 1558 Εἱπὼν
1231 1505 1362 1576 γὰρ,
1400 1507 1505 1561 Ἐν
1521 1505 1861 1577 γράμμασιν
1882 1509 1983 1562 ἐν-

406 1590 788 1659 τετυπωμένη
802 1592 1094 1660 ἐνλίθοις,
1116 1594 1369 1664 ἐγενήθη
1386 1595 1456 1649 ἐν
1474 1597 1649 1666 δόξῃ,
1673 1598 1976 1669 ἐπήγαγεν,

409 1680 590 1734 Ὥστε
602 1680 691 1750 μὴ
721 1681 1017 1739 δύνασθαι
1036 1686 1309 1742 ἀτενίσαι
1346 1688 1488 1754 τοὺς
1519 1690 1689 1756 υἱοὺς
1734 1690 1981 1759 Ἰσραὴλ

399 1772 490 1837 είς
533 1772 603 1826 τὸ
640 1775 972 1841 πρόσωπον
1005 1778 1308 1845 Μωυσέως
1330 1796 1343 1810 ·
1373 1780 1403 1833 ὃ
1427 1780 1632 1852 πολλῆς
1671 1776 1741 1852 ἦν
1770 1782 1980 1836 ,αὐτῶν

399 1858 690 1924 ἀσθενείας
715 1862 812 1916 καὶ
849 1862 1239 1936 χαμαιζηλίας.
1273 1869 1384 1922 Καὶ
1417 1870 1599 1934 πάλιν,
1628 1873 1721 1939 οὐ,
1755 1874 1856 1927 Διά
1877 1874 1978 1946 τὴν

397 1949 564 2017 δόξαν
578 1951 686 2006 τῶν
714 1953 960 2009 πλακῶν·
990 1958 1147 2024 ἀλλὰ,
1176 1960 1281 2015 Διὰ
1299 1960 1417 2031 τὴν
1444 1962 1635 2029 δόξαν
1661 1964 1768 2019 τοῦ
1789 1982 1978 2035 προσ-

397 2040 564 2097 ώπου
601 2045 790 2101 αὑτοῦ
822 2047 938 2116 τὴν
968 2052 1486 2123 καταργουμένην,
1541 2056 1695 2125 φησί.
1728 2058 1977 2113 Δείκνυσι

398 2132 509 2223 γάρ
553 2135 645 2191 τὸν
673 2138 908 2211 φέροντα
941 2142 1332 2215 δοξαζόμενον,
1365 2148 1467 2201 οὐκ
1501 2150 1736 2213 ἐκείνας.
1764 2152 1837 2204 Οὐ
1865 2152 1977 2223 γάρ

400 2219 546 2288 εἶπε,
580 2226 681 2281 Διὰ
717 2227 779 2282 τὸ
811 2230 886 2301 μὴ
935 2230 1195 2288 δύνασθαι
1215 2234 1463 2290 ἀτενίσαι
1485 2240 1568 2302 εἱς
1599 2239 1699 2303 τὰς
1733 2219 1972 2306 πλάκας,

395 2312 535 2406 ἀλλ’,
560 2318 665 2406 εἰς
683 2317 750 2371 τὸ
773 2320 1102 2388 πρόσωπον
1127 2326 1427 2394 Μωῠσέως
1444 2345 1459 2358 ·
1493 2330 1589 2384 καὶ
1618 2331 1800 2394 πάλιν,
1822 2330 1971 2406 [481]

391 2403 478 2468 οὐ,
501 2404 602 2460 Διὰ
618 2405 718 2478 τὴν
738 2407 897 2474 δόξαν
925 2411 1035 2465 τῶν
1053 2412 1298 2482 πλακῶν,
1330 2417 1487 2481 ἀλλὰ,
1514 2418 1618 2473 Διὰ
1636 2418 1754 2489 τὴν
1781 2403 1973 2486 δόξαν

390 2495 501 2551 τοῦ
536 2499 868 2567 προσώπου
902 2504 1114 2559 αὐτοῦ.
1146 2502 1282 2561 Εἶτα
1323 2509 1512 2581 ἐπειδὴ
1547 2512 1751 2583 ἐπῆρεν
1773 2513 1968 2584 αὐτὴν,

389 2587 498 2659 ὅρα
532 2589 654 2654 πῶς
674 2592 839 2647 πάλιν
877 2594 1129 2667 καθαιρεῖ
1154 2597 1329 2668 λέγων
1353 2642 1369 2667 ,
1412 2602 1533 2669 Τὴν
1563 2606 1969 2675 καταργουμέ-

388 2699 528 2751 νην.
558 2685 634 2738 Οὐ
667 2685 774 2757 μὴν
800 2687 961 2743 τοῦτο
994 2692 1332 2761 κατηγορίας
1360 2693 1535 2759 ἐστὶν,
1562 2694 1701 2749 ἀλλὰ
1733 2697 1971 2751 ἐλαττώ-

390 2790 533 2837 σεως
559 2791 576 2807 ·
615 2775 738 2831 οὐδέ
769 2776 878 2849 γὰρ
904 2774 1050 2845 εἷπε,
1092 2780 1205 2850 Τὴν
1229 2782 1655 2855 διεφθαρμένην,
1678 2787 1777 2858 τὴν
1802 2805 1971 2860 πονη-

392 2865 519 2935 ρὰν,
572 2865 736 2935 ἀλλά,
761 2869 873 2940 Τὴν
891 2873 1231 2943 παυομένην,
1261 2876 1356 2929 κα)⁵
1383 2876 1538 2941 τέλος
1559 2877 1966 2946 λαμϐάνουσαν.

392 2958 527 3025 Πῶς
571 2961 706 3030 οὺχὶ
747 2961 993 3031 μᾶλλον
1049 2967 1091 3033 ἡ
1139 2967 1416 3023 διακονία
1470 2971 1579 3025 τοῦ
1626 2974 1971 3042 πνεύματος

386 3051 562 3107 ἔσται
607 3054 680 3109 ἐν
721 3055 872 3125 δόξῃ
896 3073 916 3121 ;
944 3058 1316 3132 Τεθαρρηκὼς
1369 3063 1477 3134 γὰρ
1515 3064 1706 3119 λοιπὸν
1760 3068 1830 3120 τὰ
1866 3067 1968 3135 τῆς

386 3144 599 3215 Καινῆς
647 3146 812 3218 αίρει,
850 3148 927 3214 ὼς
980 3151 1467 3227 ἀναμφισϐήτητα.
1512 3159 1625 3212 Καὶ
1674 3159 1865 3213 σκόπει
1913 3161 1968 3215 τί

389 3242 539 3293 ποιεῖ
572 3256 584 3269 ·
613 3242 914 3313 ἀντέστησε
951 3244 1099 3298 λίθον
1152 3247 1373 3320 καρδίᾳ,
1407 3249 1504 3302 καὶ
1532 3251 1770 3322 γράμμα
1802 3252 1970 3305 πνεύ-

389 3346 543 3399 ματι.
597 3328 733 3387 Εἶτα
767 3333 950 3399 δείξας
980 3335 1051 3388 τὰ
1078 3337 1137 3403 ἐξ
1174 3338 1525 3410 ἀμφοτέρων,
1561 3341 1747 3394 οὐκέτι
1786 3342 1968 3413 τίθησι

384 3423 451 3477 τὰ
479 3423 539 3491 ἐξ
569 3426 899 3499 ἀμφοτέρων
921 3445 937 3462 ·
969 3429 1107 3483 ἀλλὰ
1119 3431 1181 3484 τὸ
1210 3432 1320 3485 ἀπὸ
1338 3434 1432 3486 τοῦ
1460 3435 1792 3505 γράμματος
1817 3436 1931 3500 θεὶς
1949 3477 1965 3501 ,

385 3516 481 3569 τὸν
533 3516 767 3573 θάνατον
805 3520 901 3574 καὶ
932 3522 1032 3592 τὴν
1076 3522 1426 3595 κατάκρισιν,
1464 3525 1525 3579 τὸ
1552 3524 1660 3578 ἀπὸ
1687 3525 1783 3579 τοῦ
1807 3527 1969 3581 πνεύ-

389 3627 559 3680 ματος
578 3613 978 3684 οὐκέτιτίθησι,
1008 3614 1110 3687 τὴν
1154 3616 1299 3687 ζωὴν
1330 3618 1424 3671 καὶ
1452 3619 1549 3688 τὴν
1579 3620 1929 3691 δικαιοσύνην
1948 3664 1964 3688 ,

388 3697 506 3752 ἀλλ’
538 3700 671 3753 αὐτὸ
696 3702 758 3756 rb
786 3703 1005 3773 πνεῦμα
1032 3721 1047 3736 ·
1080 3706 1217 3777 ὅπερ
1241 3706 1466 3776 μείζονα
1481 3710 1654 3763 ἐποίει
1670 3710 1763 3763 τὸν
1784 3710 1963 3779 λόγον.

402 3790 465 3844 Ἦ
482 3792 591 3861 γὰρ
617 3794 779 3864 καινὴ
798 3795 1042 3867 Διαθήκη
1058 3799 1118 3850 οὐ
1144 3798 1288 3869 ζωὴν
1320 3800 1491 3853 ἐδίδου
1511 3802 1693 3870 μόνον,
1718 3802 1853 3857 ἀλλὰ
1873 3804 1966 3858 καὶ

391 3883 610 3955 πνεῦμα
639 3886 895 3957 ἐχορήγει
950 3888 1011 3942 rb
1056 3890 1157 3961 τὴν
1199 3890 1345 3963 ζωὴν
1390 3892 1665 3964 παρέχον·
1697 3894 1728 3947 ὃ
1771 3896 1956 3968 πολλῷ

391 3976 579 4047 μεῖζον
602 3979 701 4049 τῆς
730 3980 877 4049 ζωῆς
903 3976 972 4053 ἦν
991 3997 1006 4013 ·
1040 3983 1231 4055 διόπερ
1268 3980 1444 4052 εἶπεν,
1482 3987 1544 4041 Ἡ
1562 3986 1836 4042 διακονία
1859 3991 1966 4046 τοῦ

386 4071 757 4140 πνεύματος.
793 4070 927 4127 Εἶτα
976 4076 1140 4129 πάλιν
1181 4077 1243 4131 rb
1285 4078 1419 4131 αὐτὸ
1465 4081 1841 4152 περιστρέφει,
1872 4082 1967 4136 λέ-

384 4176 520 4230 γων,
556 4164 625 4217 El
648 4164 760 4232 γὰρ
788 4164 828 4232 ἠ
864 4165 1143 4220 διακονία
1166 4166 1278 4237 τῆς
1302 4172 1742 4241 κατακρίσεως,
1768 4171 1943 4240 δοξα.

458 4252 525 4322 β’.
544 4256 654 4309 Καὶ
687 4256 981 4327 ἐρμηνεύει
1010 4258 1344 4327 σαφέστερον
1366 4259 1419 4312 τί
1440 4262 1579 4325 ἐστι,
1619 4261 1692 4316 Τὸ
1727 4262 1966 4333 γρᾰμμα

386 4346 747 4409 ἀποκτείνει.
776 4345 936 4401 τοῦτο
955 4347 1126 4417 λέγων
1151 4351 1288 4422 ὅπερ
1312 4350 1621 4423 ἔμπροσθεν
1640 4356 1964 4427 εἰρήκαμεν,

392 4435 471 4489 ὅτι
511 4437 778 4501 δεικτικδς
829 4439 1104 4511 ἁμαρτίας
1142 4435 1212 4510 ἦν
1256 4443 1286 4494 ό
1323 4442 1509 4513 νόμος,
1556 4443 1617 4496 οὐ
1662 4448 1961 4517 ποιητικός.

389 4527 607 4593 nam
664 4527 906 4597 μᾶλλον
960 4533 1000 4600 ἡ
1066 4532 1343 4587 διακονία
1398 4533 1509 4601 τῆς
1569 4536 1966 4609 δικαιοσύνης

387 4620 736 4687 περισσεύει
779 4620 851 4673 ἐν
886 4619 1055 4690 δόξῃ.
1096 4623 1330 4679 Ἐκείναι
1369 4624 1470 4696 μὲν
1515 4626 1625 4698 γὰρ
1669 4630 1727 4683 αἱ
1755 4631 1964 4697 πλάκες

384 4712 512 4774 τοὺς
558 4711 915 4783 ἁμαρτωλοὺς
954 4713 1226 4769 ἐδείκνυον
1282 4715 1377 4770 καὶ
1404 4716 1682 4782 ἐκόλαζον·
1729 4719 1866 4793 αῦτη
1904 4722 1964 4776 δέ

382 4803 510 4865 τοὺς
562 4802 922 4873 ἁμαρτωλοὺς
959 4804 1020 4858 οὐ
1065 4807 1223 4876 μόνον
1271 4808 1372 4861 οὐκ
1402 4808 1681 4875 ἐκόλαζεν,
1705 4811 1842 4867 ἀλλὰ
1870 4814 1965 4867 καὶ

382 4893 626 4958 δικαίους
666 4896 859 4949 ἐποίει·
910 4896 1068 4951 τοῦτο
1093 4897 1204 4971 γὰρ
1241 4899 1303 4953 τὸ
1332 4899 1614 4973 βάπτισμα
1657 4904 1962 4975 ἐχαρίζετο.

384 4985 494 5038 Καὶ
554 4985 664 5054 γὰρ
706 4985 851 5041 οὐδὲ
908 4986 1269 5053 δεδόξασται
1311 4990 1380 5044 τὸ
1421 4992 1872 5063 δεδοξασμένον
1894 4999 1965 5052 ἐν

385 5078 574 5144 τούτῳ
609 5078 690 5145 τῷ
715 5078 904 5150 μέρει,
940 5080 1151 5137 ἕνεκεν
1181 5081 1291 5149 τῆς
1314 5085 1821 5156 ὑπερϐαλλούσης
1866 5092 1966 5145 δό-

386 5165 523 5234 ξης.
576 5170 665 5224 Ἐν
719 5171 818 5241 μὲν
856 5166 950 5226 οῦν
1006 5176 1119 5236 τοῖς
1169 5175 1457 5246 προτέροις
1495 5176 1716 5243 ἔδειξεν,
1753 5181 1836 5234 ὅτι
1871 5184 1967 5235 καὶ

382 5257 543 5312 τοῦτο
592 5261 649 5314 ἐν
703 5260 851 5336 δόξῃ,
901 5264 994 5318 καὶ
1047 5266 1147 5336 οὐχ
1183 5265 1370 5331 ἁπλῶς
1408 5269 1468 5321 ἐν
1502 5268 1649 5341 δόξῃ,
1684 5271 1822 5325 ἀλλὰ
1871 5274 1967 5326 καὶ

383 5351 718 5423 περισσεύει·
755 5354 814 5407 οὐ
849 5355 959 5427 γὰρ
987 5352 1131 5421 εἷπε,
1175 5359 1299 5422 Πῶς
1331 5359 1451 5429 οὐχὶ
1481 5360 1682 5427 μᾶλλον
1714 5363 1747 5433 ή
1776 5363 1965 5417 διακο-

382 5441 469 5496 νία
497 5442 592 5496 τοῦ
626 5444 937 5516 πνεύματος
964 5448 1117 5503 ἐσται
1151 5451 1211 5503 ἐν
1235 5450 1390 5522 δόξῃ,
1419 5450 1575 5516 ἀλλὰ,
1608 5456 1967 5522 Περισσεύει

379 5535 452 5587 ἐν
476 5534 652 5606 δόξῃ,
672 5537 773 5606 τὴν
802 5538 913 5591 ἀπὸ
931 5539 1040 5592 τῶν
1069 5540 1346 5613 λογισμῶν
1368 5543 1477 5597 τῶν
1495 5544 1806 5616 εἰρημένων
1827 5548 1966 5619 ἔχων

381 5627 677 5693 ἀπόδειξιν.
718 5629 988 5685 Ἐνταῦθα
1013 5634 1108 5686 καὶ
1125 5632 1224 5705 τὴν
1256 5635 1551 5707 ὑπεροχὴν,
1581 5637 1703 5708 ὅση,
1726 5639 1963 5695 δείκνυσι

382 5718 575 5789 λέγων,
604 5722 687 5776 ὃτι
728 5722 856 5776 Ἐὰν
893 5724 1168 5796 συγκρίνω
1212 5727 1419 5801 ταύτην
1448 5730 1653 5802 ἐκείνῃ,
1686 5731 1807 5785 οὐδὲ
1838 5732 1964 5796 δόξα

381 5811 585 5884 ἐστὶνή
610 5810 738 5876 δόξα
765 5813 867 5885 τῆς
901 5814 1164 5879 Παλαιᾶς·
1186 5818 1286 5887 οὐχ
1311 5818 1498 5883 ἁπλῶς
1521 5819 1583 5873 rb
1611 5821 1685 5893 μὴ
1712 5816 1848 5875 εἶναι
1878 5822 1964 5876 δό-

384 5898 483 5965 ξαν
520 5903 966 5973 κατασκευάζων,
998 5904 1137 5960 ἀλλά
1175 5906 1254 5978 τῷ
1294 5908 1390 5981 τῆς
1423 5911 1764 5983 συγκρίσεως
1792 5911 1956 5985 λόγῳ·

1430 473 1506 533 ια
1543 474 1765 533 ιιιηετ.
1800 435 1893 541 ἰι,
1917 474 2008 529 AD
2047 473 2207 535 con.
2251 440 2641 565 uomufm;

3561 476 3673 531 tu

2090 590 2172 644 διὸ
2210 592 2305 644 καὶ
2341 592 2609 664 ἐπήγαγε,
2648 591 2842 657 Τούτῳ
2884 589 2964 657 τῷ
2989 582 3187 660 μέρει·
3223 587 3493 651 τουτέστι,
3525 589 3667 642 κατά

2084 683 2180 737 τὸν
2218 683 2320 752 τῆς
2360 683 2703 756 συγκρίσεως
2724 682 2900 753 λόγον.
2936 683 3011 736 Οὐ
3061 681 3165 753 μὴν
3193 680 3354 734 τοῦτο
3388 678 3667 733 διαϐάλλει

2085 777 2186 846 τὴν
2214 775 2480 841 Παλαιὰν,
2512 775 2649 830 ἀλλά
2678 775 2772 830 καὶ
2807 775 3014 845 σφόδρα
3040 772 3216 844 αὐτὴν
3240 776 3576 842 συνίστησιν·
3606 771 3666 824 αἱ

2082 866 2195 937 γάρ
2223 868 2543 940 συγκρίσεις
2571 870 2663 922 ἐπὶ
2687 867 2798 923 τῶν
2831 866 3109 937 συγγενῶν
3137 865 3362 919 εἰώθασι
3394 862 3662 933 γίνεσθαι.

2084 955 2219 1013 Εἶτα
2244 961 2340 1013 καὶ
2366 959 2523 1013 ἀλλον
2548 963 2685 1013 κινεί
2711 958 2972 1028 λογισμὸν
3012 957 3107 1011 τὸν
3140 955 3537 1011 ἀποδεικνύντα
3561 955 3665 1026 τὴν

2085 1050 2358 1122 ὑπεροχὴν
2409 1052 2503 1105 καὶ
2542 1050 2826 1122 ἑτέρωθεν.
2870 1051 3029 1103 Ποῖον
3066 1047 3132 1118 δὴ
3157 1040 3382 1112 τοῦτον;
3414 1045 3519 1098 Τὸν
3556 1044 3666 1099 ἀπὸ

2083 1141 2177 1195 τοῦ
2213 1144 2426 1214 χρόνου,
2460 1142 2654 1209 λέγων·
2694 1145 2765 1196 Et
2806 1142 2875 1194 δὲ
2912 1141 2982 1195 τὸ
3027 1140 3532 1208 καταργούμενον,
3565 1135 3666 1191 διὰ

2083 1232 2289 1299 δόξης,
2326 1230 2540 1297 πολλῷ
2554 1230 2798 1301 μᾶλλον
2826 1231 2891 1286 τὸ
2920 1231 3129 1301 μένον,
3159 1230 3229 1284 ἐν
3255 1229 3426 1297 δόξῃ.
3455 1227 3530 1282 Tb
3564 1226 3666 1293 μὲν

2081 1323 2193 1394 γάρ
2220 1323 2521 1387 ἐπαύσατο,
2555 1324 2616 1376 rb
2647 1325 2704 1379 δέ
2734 1324 2884 1395 μένει
2922 1324 3205 1394 διηνεκῶς.
3240 1324 3521 1392 Ἔχοντες
3549 1315 3665 1376 οὖν

2081 1416 2369 1484 τοιαύτην
2425 1413 2666 1479 ἐλπίδα,
2730 1415 2933 1483 πολλῇ
3002 1415 3310 1483 παρρησίᾳ
3370 1412 3661 1482 χρώμεθα.

2096 1507 2316 1579 Ἐπειδὴ
2368 1508 2478 1578 γὰρ
2539 1506 2774 1562 τοσαῦτα
2833 1508 2928 1561 καὶ
2987 1506 3288 1579 τηλικαῦτα
3333 1505 3572 1569 ἀκούσας
3632 1506 3667 1557 ό

2081 1600 2358 1671 ἀκροατὴς
2399 1600 2529 1671 περὶ
2554 1599 2704 1672 [48ἳ]
2738 1600 2836 1670 τῆς
2872 1600 3103 1669 Καινῆς,
3131 1598 3313 1670 ἐζήτει
3343 1598 3438 1652 καὶ
3461 1596 3664 1666 ὀφθαλ-

2084 1692 2345 1762 μοφανῶς
2379 1695 2480 1763 τὴν
2505 1692 2663 1756 δόξαν
2700 1692 2904 1764 ταύτην
2945 1692 3093 1756 ίδεῖν,
3120 1692 3220 1761 ὅρα
3253 1690 3356 1744 ποῦ
3390 1689 3552 1744 αὐτὸν
3576 1689 3665 1753 ἐξ·-

2079 1784 2355 1849 ακοντίξει
2380 1784 2519 1855 πρδς
2545 1784 2640 1838 τὸν
2671 1784 2934 1854 μέλλοντα
2964 1783 3156 1839 αἰῶνα.
3203 1783 3297 1836 Διὸ
3326 1783 3422 1837 καὶ
3448 1782 3547 1853 τὴν
3574 1781 3664 1835 ἐλ-

2082 1877 2209 1932 πίδα
2236 1880 2316 1942 εἱς
2352 1878 2514 1948 μέσον
2552 1877 2718 1948 ἔθηκε
2750 1876 2945 1947 λέγων,
2976 1877 3260 1945 Ἔχοντες
3297 1870 3413 1929 οὖν
3449 1874 3664 1928 τοιαύ-

2078 1985 2192 2036 την
2240 1968 2481 2023 ἐλπίδα.
2533 1968 2841 2039 Τοιαύτην;
2897 1968 3185 2038 ποταπήν;
3223 1967 3346 2020 Ὅτι
3399 1963 3662 2035 μειζόνων

2076 2057 2393 2130 ἠξιώθημεν
2420 2060 2454 2131 ἢ
2483 2058 2745 2129 Μωῦσῆς,
2778 2058 2877 2129 οὐχ
2909 2058 2958 2111 οἱ
2983 2057 3268 2111 ἀπόστολοι
3297 2055 3455 2126 μόνον
3477 2056 3660 2128 ἡμεῖς,

2077 2148 2215 2202 ἀλλὰ
2241 2149 2338 2202 καὶ
2370 2150 2571 2212 πάντες
2603 2150 2651 2201 οἱ
2683 2148 2886 2202 πιστοί.
2927 2146 3139 2215 Πολλῇ
3170 2145 3477 2216 παρρησίᾳ
3512 2143 3664 2215 χρώ-

2070 2244 2243 2312 μεθα.
2279 2241 2425 2312 Πρὸς
2454 2241 2755 2305 τίνα,·εἱπέ
2804 2257 2929 2310 μοις
2964 2239 3104 2310 πρὸς
3130 2237 3221 2294 τὸν
3251 2237 3407 2302 Θεὸν,
3449 2236 3483 2309 ἢ
3523 2237 3662 2309 πρὸς

2076 2333 2202 2395 τοὺς
2231 2332 2508 2404 μαθητάς;
2538 2332 2681 2403 Πρὸς
2712 2333 2856 2401 ὑμᾶς
2878 2331 3008 2394 τοὺς
3035 2329 3532 2401 μαθητευομένους,
3556 2344 3661 2398 φη·

2079 2425 2150 2477 σί·
2184 2425 2453 2485 τουτέστι,
2476 2425 2610 2478 Μετ’
2638 2423 2950 2495 ἐλευθερίας
2979 2421 3253 2492 πανταχοῦ
3281 2419 3657 2491 φθεγγόμεθα,

2075 2516 2227 2572 οὐδὲν
2258 2515 2737 2586 ὑποστελλόμενοι,
2775 2514 2927 2569 οὐδὲν
2956 2513 3435 2586 ἀποκρυπτόμενοι
3454 2553 3471 2579 ,
3505 2512 3658 2567 οὑδέν

2075 2608 2440 2680 ὑφορώμενοι,
2464 2607 2601 2663 ἀλλὰ
2622 2608 2808 2677 σαφῶς
2833 2606 3104 2673 λέγοντες·
3133 2605 3227 2661 καὶ
3255 2605 3316 2659 οὐ
3338 2605 3660 2676 δεδοίκαμεν

2076 2702 2150 2772 μὴ
2177 2701 2470 2772 πλήξωμεν
2497 2700 2653 2771 ὑμῶν
2678 2700 2777 2763 τὰς
2809 2698 2982 2769 δψεις,
3020 2697 3273 2770 καθάπερ
3293 2698 3532 2768 Μωῦσῆς
3557 2698 3671 2761 τὰς,

2084 2791 2375 2845 Ἰουδαίων.
2425 2792 2549 2845 Ὅτι
2612 2792 2721 2861 γὰρ
2776 2791 2933 2845 τοῦτο
2980 2791 3218 2862 ᾐνίξατο,
3273 2789 3506 2847 ἄκουσον
3547 2788 3675 2843 τῶν.

2071 2883 2215 2955 ἐξῆς·
2251 2883 2451 2953 μᾶλλον
2483 2884 2540 2937 δέ
2569 2883 2667 2954 τήν
2698 2885 2941 2955 ἱστορίαν
2980 2883 3199 2955 πρῶτον
3232 2883 3531 2949 ἀναγκαῖον
3573 2882 3656 2933 εἱ-

2071 2979 2212 3030 πεῖν.
2249 2976 2361 3030 Καὶ
2396 2976 2505 3047 γὰρ
2552 2977 2715 3040 αὐτὸς
2754 2976 2925 3047 αὐτὴν
2979 2975 3222 3045 συνεχῶς
3270 2973 3654 3047 περιστρέφει.

2069 3066 2168 3129 Τίς
2217 3061 2312 3120 οῦν
2375 3068 2408 3136 ἡ
2470 3066 2714 3137 ἱστορίας
2741 3067 2871 3121 Ὅτε
2910 3068 2975 3120 ἐκ
3016 3065 3271 3135 δευτέρου
3316 3065 3415 3128 τὰς
3440 3062 3657 3124 πλάκας

2069 3158 2263 3229 κατῄει
2318 3156 2500 3211 λαϐὼν
2555 3159 2585 3210 ὁ
2636 3157 2898 3229 Μωῦσῆς,
2932 3156 3060 3222 δόξα
3103 3174 3190 3221 τις
3222 3154 3519 3227 ἐκπηδῶσα
3559 3155 3656 3207 τοῦ

2069 3250 2366 3320 προσώπου
2402 3249 2569 3307 αὐτοῦ
2601 3248 2857 3304 τοσοῦτον
2904 3248 3253 3318 ἀπέλαμπεν,
3282 3246 3358 3308 ὡς
3386 3246 3461 3318 μὴ
3498 3245 3659 3299 δύναυ

2070 3341 2198 3395 σθαι
2220 3341 2347 3404 τοὺς
2381 3341 2669 3404 Ἰουδαίους
2698 3339 2980 3411 προσιέναι
3004 3337 3153 3408 αὐτῷ
3174 3339 3267 3392 καὶ
3287 3335 3654 3405 διαλέγεσθαι,

2069 3435 2175 3499 ἕως
2202 3437 2290 3489 ὅτε
2321 3434 2557 3505 ἐπέθηκε
2579 3433 2846 3504 κάλυμμα
2867 3432 2945 3502 τῷ
2975 3431 3272 3503 προσώπῳ.
3307 3428 3419 3483 Καὶ
3451 3428 3657 3499 γέγρα-

2070 3543 2205 3581 πται
2238 3526 2413 3588 οὕτως
2442 3528 2500 3579 ἐν
2532 3528 2597 3595 τῇ
2636 3526 2854 3595 Ἐξόδῳ·
2894 3524 3104 3579 Ἦνίκα
3136 3521 3354 3588 κατέϐη
3388 3518 3655 3587 Μωῦσῆς

2067 3617 2137 3671 ἐκ
2176 3617 2283 3671 τοῦ
2318 3617 2517 3686 ὄρους,
2551 3619 2612 3669 αἱ
2644 3616 2754 3670 δύο
2786 3616 3020 3680 πλάκες
3044 3614 3114 3667 ἐν
3147 3612 3277 3678 ταῖς
3302 3609 3516 3682 χερσίν
3545 3612 3654 3665 αὑ-

2068 3710 2195 3765 τοῦ.
2220 3710 2330 3764 Καὶ
2361 3711 2473 3763 οὐκ
2504 3708 2635 3776 ᾔδει
2660 3705 2919 3773 Μωῦσῆς
2945 3705 3035 3758 ὅτι
3062 3704 3421 3769 δεδόξασται
3447 3703 3486 3770 ἠ
3514 3702 3656 3771 ὄψις

2067 3799 2175 3854 τοῦ
2208 3798 2436 3869 χρωτὸς
2470 3797 2577 3851 τοῦ
2606 3795 2931 3864 προσώπου
2972 3792 3189 3850 αὑτοῦ·
3223 3793 3320 3847 καί
3355 3790 3655 3861 ἐφοϐήθη-

2068 3909 2189 3946 σαν
2231 3890 2467 3960 ἐγγίσαι
2507 3887 2687 3953 αὐτῷ.
2731 3887 2842 3942 Καὶ
2884 3886 3180 3941 ἐκάλεσεν
3213 3884 3435 3950 αὐτοὺς
3486 3887 3655 3938 Mm!)-

2068 3983 2210 4053 σῆς,
2242 3983 2342 4037 καὶ
2369 3979 2642 4047 ἐλάλησε
2673 3982 2823 4049 πρὸς
2856 3980 3099 4045 αὐτούς.
3134 3977 3246 4033 Καὶ
3274 3975 3479 4043 ἐπειδὴ
3513 3991 3654 4033 κατ-

2066 4074 2301 4129 έπαυσε
2342 4072 2608 4141 Μωῦσίῆς
2647 4073 2855 4127 λαλῶν
2893 4072 3046 4140 πρὸς
3085 4071 3328 4136 αὐτοὺς,
3359 4067 3655 4135 ἐπέθηκεν

2066 4167 2164 4221 ἐπὶ
2200 4166 2266 4221 τό
2298 4167 2624 4234 πρόσωπον
2650 4163 2836 4219 αὐτοῦ
2865 4162 3166 4233 κάλυμμα.
3206 4161 3407 4223 Ἡνίκα
3430 4160 3499 4215 δὲ
3530 4163 3654 4215 εἱσ-

2066 4259 2384 4328 επορεύετο
2417 4257 2697 4310 ἐναντίον
2724 4256 2832 4311 τοῦ
2859 4257 3083 4324 Κυρίου
3112 4255 3348 4318 λαλεῖν,
3388 4255 3654 4323 περιῄρει

2067 4352 2132 4406 τὸ
2159 4350 2443 4421 κάλυμμα
2467 4350 2580 4417 ἕως
2603 4350 2710 4404 τοῦ
2731 4350 3165 4419 ἐκπορεύεσθαι
3196 4350 3405 4403 αὐτόν.
3435 4347 3652 4417 Ταύτης

2066 4448 2160 4506 οῦν
2189 4453 2514 4523 ἀναμνήσας
2540 4452 2641 4521 τῆς
2668 4451 2929 4522 ἱστορίας,
2963 4446 3117 4519 φησί·
3141 4443 3255 4499 Καὶ
3285 4443 3358 4497 οὑ
3385 4437 3651 4506 καθάπερ

2067 4540 2332 4610 Μωῦσῆς
2352 4542 2531 4597 ἐτίθει
2552 4541 2833 4611 κάλυμμα
2852 4538 2951 4621 ἐξπὶ
2970 4539 3035 4592 τὸ
3057 4537 3384 4605 πρόσωπον
3408 4529 3648 4593 ἑαυτοῦ,

2066 4633 2224 4689 ὥστε
2242 4632 2333 4703 μὴ
2361 4634 2634 4687 ἀτενίσαι
2656 4632 2799 4699 τοὺς
2817 4620 2989 4697 υίοὺς
3018 4627 3257 4698 Ἰσραὴλ
3279 4627 3364 4691 εις
3389 4622 3453 4678 τό
3476 4620 3653 4686 τέλος

2069 4725 2175 4779 τοῦ
2203 4724 2712 4793 καταργουμένου.
2750 4724 2815 4775 Ὃ
2838 4721 2895 4775 δέ
2919 4720 3090 4789 λέγει,
3121 4716 3360 4774 τοιοῦτόν
3383 4717 3555 4769 ἐστιν·-
3573 4712 3650 4766 οὐ

2068 4816 2227 4887 χρεία
2259 4815 2633 4872 καλύπτεσθαι
2658 4815 2830 4886 ἡμᾶς,
2860 4811 3113 4883 καθάπερ
3140 4808 3404 4878 Μωῦσῆς·
3433 4804 3652 4859 δυνατοὶ

2067 4910 2181 4979 γὰρ
2224 4908 2382 4978 ὑμεῖς
2427 4908 2554 4961 ἱδείν
2582 4907 2683 4976 τὴν
2718 4906 2876 4972 δόξαν
2904 4904 3129 4975 ταύτην,
3164 4902 3230 4973 ἢν
3263 4894 3648 4971 περικείμεθα,

2067 5000 2247 5054 καίτοι
2267 4997 2448 5069 πολλῷ
2475 4997 2697 5068 μείζονα
2722 4997 2817 5050 καί
2842 4994 3200 5065 φαιδροτέραν
3221 4987 3386 5047 οὖσαν
3411 4986 3650 5058 ἐκείνης.

2067 5088 2223 5154 Εἶδες
2256 5090 2357 5157 τὴν
2388 5090 2717 5160 προκοπήν;
2764 5088 2821 5142 '0
2847 5085 2956 5157 γὰρ
3001 5086 3059 5138 ἐν
3087 5088 3154 5156 τῇ
3189 5082 3431 5154 προτέρᾳ
3455 5078 3648 5144 εἰπὼν,

2065 5179 2240 5234 Γάλα
2266 5180 2424 5250 ὑμᾶς
2450 5181 2728 5244 ἐπότισα,
2759 5180 2831 5233 οὐ
2854 5177 3086 5247 βρῶμα,
3119 5173 3355 5228 ἐνταῦθα
3375 5170 3546 5240 λέγει,
3568 5170 3651 5224 ὅτι

2066 5270 2278 5340 Πολλῇ
2316 5271 2622 5341 παρρησίᾳ
2650 5270 2945 5341 χρώμεθα·
2973 5267 3070 5321 καὶ
3098 5265 3338 5323 Μωῦσέα
3371 5264 3451 5327 είς
3483 5262 3650 5333 μέσον

2066 5363 2328 5436 παράγει,
2360 5362 2505 5418 κατά
2555 5363 2845 5435 σύγκρισιν
2889 5361 3148 5432 προάγων
3193 5358 3287 5414 τὸν
3335 5357 3513 5425 λόγον,
3556 5353 3650 5407 καὶ

2064 5455 2240 5527 ταύτῃ
2269 5455 2360 5509 τὸν
2392 5454 2669 5528 ἀκροατὴν
2692 5454 2932 5522 ἀνάγων.
2958 5452 3071 5508 Καὶ
3094 5450 3233 5514 τέως
3260 5448 3529 5502 Ἰουδαίων
3554 5444 3649 5499 αὑ-

2064 5550 2192 5611 τοὺς
2222 5548 2514 5620 προτίθησι
2545 5547 2742 5617 λέγων,
2771 5546 2851 5603 ὅτι
2890 5546 2965 5600 ού
2995 5542 3231 5615 δεόμεθα
3262 5539 3643 5610 καλύμματος,

2065 5639 2316 5709 καθάπερ
2332 5641 2538 5702 ἐκεῖνος
2560 5638 2780 5692 ἐπὶτῶν
2800 5636 3139 5708 ἀρχομένων·
3159 5633 3228 5687 τὰ
3242 5632 3298 5686 δὲ
3317 5629 3454 5702 μετὰ
3472 5626 3646 5681 ταῦτα

2062 5731 2161 5784 ναὶ
2198 5732 2279 5794 εἱς
2307 5730 2441 5784 αὐτὸ
2462 5730 2558 5785 τοῦ
2583 5730 2877 5801 νομοθέτου
2904 5729 2967 5783 rb
2991 5726 3207 5796 ἀξίωμα
3234 5722 3447 5790 ἀνάγει,
3484 5718 3519 5790 ἢ
3550 5719 3647 5773 καὶ

2066 5821 2247 5890 πολλῷ
2284 5821 2488 5891 μεῖζον.
2528 5822 2679 5885 Τέως
2708 5821 2767 5875 δὲ
2793 5819 2904 5873 τῶν
2935 5819 3064 5890 ἑξῆς
3103 5815 3446 5886 ἀκούσωμεν·
3489 5807 3646 5868 Ἀλλ’

2071 5912 2353 5985 ἐπωρώθη
2381 5916 2455 5971 τὰ
2485 5914 2753 5985 νοήματα
2779 5910 2995 5967 αὐτῶν.
3039 5911 3215 5978 Ἀχρι
3250 5907 3359 5977 γὰρ
3392 5903 3503 5975 τῆς
3526 5904 3642 5974 σή-
