4068 6482
361 506 470 562 M5

354 637 544 690 μερον
568 619 638 673 τὸ
667 620 817 674 αὐτὸ
842 619 1124 688 κάλυμμα
1153 618 1225 672 ἐν
1245 617 1324 687 τῇ
1346 619 1684 688 ἀναγνώσει
1709 616 1818 686 τῆς
1834 620 1953 671 Πα-

360 713 537 780 ,λαιᾶς
559 714 860 782 Ammich
889 712 1060 780 μένει
1103 711 1190 780 μὴ
1224 712 1827 780 ἀνακαλυπτόμενον,
1864 709 1956 764 ὅτι
2060 715 2454 781 καταργεῖταις
2490 717 2604 769 Οὐκ
2637 712 2760 770 εἷπε
2787 717 2968 787 μόνον,
2992 718 3130 772 ἀλλά
3160 720 3255 773 καὶ
3281 719 3370 773 διά
3389 724 3650 794 πραγμά-
3749 778 3752 782 ,

1054 505 1112 562 S.
1156 503 1445 562 JOANNIS
1485 499 1986 561 CHRYSOSTOMI
2023 499 2354 564 ARCHIEP.
2400 507 2952 569 CONSTANTINOP.

3544 519 3650 578 μϐ

2063 615 2308 674 ἅπασαν.
2349 622 2462 676 Καὶ
2493 623 2597 676 ποῦ
2631 625 2792 678 τοῦτο
2821 621 2965 689 εἷπε,
3005 624 3194 696 φησὶν,
3217 627 3303 680 ὅτι
3338 628 3397 682 ὲν
3429 629 3653 702 Χριστῷ

358 809 428 860 ἐν
457 803 692 873 Χριστῷ
731 802 1128 872 καταργεῖται.
1162 802 1305 874 Ὅρα
1339 804 1393 856 τί
1426 802 1829 867 κατασκευάζει
1864 802 1958 858 διὰ
2059 818 2168 854 των
2201 801 2394 870 ἔδειξε·
2428 805 2522 858 καλ⁵
2543 805 2762 878 πρῶτον
2793 806 2916 877 μὲν.
2942 807 3022 879 τῷ
3062 808 3162 872 τὰς
3203 809 3395 874 θυσίας
3429 813 3524 865 καὶ
3551 813 3652 883 τὴν

356 897 582 953 τούτοιν.
614 898 792 966 Ὅπερ
816 897 926 967 γὰρ
945 896 1167 965 γέγονεν
1195 897 1289 949 ἐπὶ
1313 897 1596 960 Μωῦσέως
1628 897 1750 950 τότε
1781 895 1953 962 ἅπαξ,

358 989 520 1044 τοῦτο
550 988 644 1044 ἐπὶ
674 988 770 1042 τοῦ
811 989 975 1058 νόμου
1008 987 1220 1056 γίνεται
1249 987 1534 1058 διηνεκῶς.
1563 988 1678 1042 Οὐκ
1708 987 1819 1059 ἄρα
1856 986 1952 1041 τοῦ

358 1084 525 1153 νόμου
563 1078 786 1152 διαϐολὴ
829 1081 892 1134 τὸ
929 1082 1242 1153 εἰρημένον,
1276 1081 1467 1153 ὥσπερ
1511 1081 1634 1136 οὐδὲ
1667 1080 1954 1144 Μωῦσέως

356 1176 478 1228 τότε
510 1175 944 1245 καλυπτομένου,
975 1174 1112 1229 ἀλλά
1149 1175 1257 1228 τῶν
1290 1177 1623 1246 ἀγνωμόνων
1657 1175 1953 1230 Ἰουδαίων·

355 1268 562 1329 ἐκεῖνος
593 1267 691 1335 μὲν
721 1266 829 1337 γάρ
852 1265 966 1336 ἔχει
997 1266 1097 1337 τὴν
1129 1265 1338 1319 οἰκείαν
1363 1265 1543 1331 δόξαν,
1575 1257 1724 1320 οὗτοι
1756 1265 1814 1319 δὲ
1847 1265 1947 1320 αὐ-

353 1358 455 1428 τὴν
508 1357 639 1411 ἰδεῖν
689 1359 789 1412 οὐκ
844 1359 1208 1428 ἠδυνήθησαν.
1263 1358 1414 1432 [485]
1469 1359 1535 1412 Τί
1596 1358 1780 1412 τοίνυν
1833 1359 1944 1412 διαο

356 1452 602 1522 πορείτε,
646 1450 834 1522 φησὶν,
861 1453 910 1504 εἰ
934 1453 1034 1520 τὴν
1066 1450 1224 1515 δόξαν
1256 1451 1465 1521 ταύτην
1501 1453 1632 1504 ίδεῖν
1665 1451 1728 1503 οὐ
1755 1450 1951 1504 δύναν-

353 1559 444 1595 ται
475 1543 572 1616 τὴν
594 1546 693 1616 τῆς
731 1545 978 1616 χάριτος,
1012 1545 1145 1598 ὅπου
1179 1561 1242 1613 γε
1269 1545 1370 1615 τὴν
1402 1543 1610 1598 ἐλάττω
1643 1545 1744 1614 τὴν
1776 1546 1947 1598 Μωῦ-

357 1635 497 1698 σέως
537 1636 638 1688 οὐκ
687 1630 848 1700 εἷδον,
898 1635 1020 1688 οὐδὲ
1063 1635 1200 1706 πρὸς
1251 1635 1313 1688 τὸ
1374 1635 1668 1706 πρόσωπον
1720 1635 1950 1705 ἴσχυσαν

354 1727 602 1781 ἀτενίσαι
648 1726 712 1781 τὺ
765 1727 1006 1795 ἐκείνους
1055 1727 1108 1780 τί
1151 1727 1208 1780 δὲ
1252 1727 1605 1799 ταράττεσθε,
1656 1731 1705 1781 εί
1752 1731 1815 1782 οὐ
1857 1746 1949 1783 πι-

359 1819 650 1874 στεύουσιν
681 1820 928 1874 Ἰουδαῖοι
962 1819 1204 1890 Χριστῷ,
1239 1821 1374 1873 ὅπου
1415 1837 1480 1889 γε
1511 1820 1631 1873 οὐδὲ
1673 1821 1752 1892 τῷ
1797 1822 1950 1893 νόμῳ

356 1910 705 1977 πιστεύουσις
728 1912 830 1965 Διά
856 1911 968 1983 γάρ
993 1911 1151 1965 τοῦτο
1187 1913 1281 1966 καὶ
1311 1914 1410 1984 τὴν
1450 1913 1612 1984 χάριν
1650 1915 1946 1985 ἠγνόησαν.

357 2002 549 2076 ἐπειδὴ
586 2003 711 2057 οὐδὲ
759 2003 859 2075 τὴν
896 2004 1132 2059 παλαιὰν
1173 2004 1451 2076 Διαθήκην
1485 2003 1646 2070 είδον,
1696 2007 1817 2060 οὐδὲ
1849 2008 1952 2078 τὴν

357 2097 416 2148 έν
444 2095 583 2166 αὐτῇ
617 2093 776 2162 δόξαν
796 2111 814 2128 ·
845 2095 978 2161 δόξα
1014 2096 1125 2167 γὰρ
1157 2097 1342 2168 νόμου,
1372 2099 1508 2167 πρὸς
1552 2098 1786 2170 Χριστὸν
1829 2101 1952 2152 ὲπιο

361 2188 614 2260 στρέψαι.

427 2286 500 2349 γ’.
529 2280 692 2352 Ὁρᾷς
720 2281 840 2345 πῶς
863 2281 1159 2336 κάντεῦθεν
1178 2283 1433 2356 καθαιρεῖ
1453 2284 1513 2338 τὺ
1533 2286 1644 2338 τῶν
1676 2284 1946 2339 Ἰουδαίων

357 2373 624 2447 φύσημας
661 2376 780 2444 Ἀφ’
809 2368 886 2429 ὧν
918 2377 1026 2447 γὰρ
1062 2376 1284 2430 ἐδόκουν
1315 2377 1682 2443 πλεονεκτεῖν,
1720 2376 1816 2430 τοῦ
1848 2377 1948 2450 τὴν

355 2469 477 2538 ὄψιν
516 2469 796 2533 Μωῦσέως
835 2467 1259 2540 ἔξαστράπτειν,
1293 2470 1402 2523 ἀπὸ
1436 2470 1645 2524 τούτων
1675 2471 1948 2524 δείκνυσιν

355 2557 536 2614 αὐτῶν
577 2560 639 2613 τὸ
680 2562 828 2632 παχὺ
877 2561 972 2615 καὶ
1019 2562 1378 2634 χαμαίζηλον.
1427 2563 1519 2635 Μὴ
1552 2563 1734 2617 τοίνυν
1771 2561 1951 2634 τούτῳ

357 2651 907 2717 καλλωπιζέσθωσαν·
937 2653 989 2707 τί
1016 2653 1127 2726 γὰρ
1151 2654 1314 2707 τοῦτο
1337 2654 1476 2726 πρὸς
1511 2654 1800 2718 Ἰουδαίους
1823 2658 1950 2719 τοὺς

357 2745 436 2816 μὴ
459 2744 904 2812 άπολαύσανταςς
945 2746 1038 2800 Διὸ
1070 2748 1164 2800 καὶ
1207 2747 1447 2819 συνεχῶς
1485 2748 1620 2802 αὐτὸ
1655 2748 1949 2821 περιστρέ-

355 2853 466 2903 φει,
487 2836 584 2891 νῦν
605 2836 705 2907 μὲν
721 2838 915 2908 λέγων,
939 2840 1020 2893 ὅτι
1066 2840 1138 2894 T6
1160 2841 1305 2895 αὐτὸ
1328 2841 1614 2912 κάλυμμα
1627 2843 1697 2896 ἐν
1709 2842 1784 2912 τῇ
1806 2841 1952 2897 ἀνα-

355 2929 577 2997 γνώσει
609 2929 720 2998 τῆς
737 2931 1007 2997 Παλαιᾶς
1022 2933 1324 3001 Διαθήκης
1339 2935 1507 3004 μένει
1528 2935 1614 3004 μὴ
1641 2936 1950 2990 ἀνακαλυ-

357 3021 685 3089 πτόμενον,
726 3020 817 3075 ὅτι
839 3023 910 3076 ἐν
942 3024 1178 3091 Χριστῷ
1201 3027 1710 3095 καταργεῖται·νῦν
1747 3027 1825 3093 δὲ,
1867 3029 1950 3082 ὅτι

363 3115 516 3180 "Ean;
545 3115 838 3183 σήμερον.
872 3117 1056 3183 ἡνίκα
1077 3117 1553 3187 ἀναγινώσκεται
1578 3121 1862 3190 Μωϋσῆς,
1883 3123 1952 3174 τὸ

357 3223 394 3260 α
405 3207 505 3260 ὺτὸ
527 3206 814 3276 κάλυμμα
827 3207 925 3260 ἐπὶ
945 3207 1059 3275 τὴν
1074 3210 1328 3278 καρδίαν
1346 3211 1543 3265 αὐτῶν
1559 3213 1764 3278 κεῖται,
1783 3214 1881 3268 καὶ
1893 3216 1949 3266 ἐν

357 3301 425 3370 τῇ
448 3299 760 3368 ἀναγνώσει
777 3301 873 3355 καὶ
893 3303 954 3354 ὲν
971 3305 1036 3372 τῇ
1067 3304 1269 3374 καρδία
1294 3305 1473 3357 αὐτῶν
1497 3305 1712 3369 δεικνὺς
1733 3307 1946 3360 ἐπικεί-

361 3392 822 3465 μενον·ἀνωτέρω
836 3393 1102 3460 δὲ,Ὧστε
1117 3395 1202 3466 μὴ
1219 3397 1491 3450 ἀτενίσαι
1505 3398 1648 3464 τοὺς
1659 3399 1827 3465 υἱοὺς
1844 3401 1951 3453 ἰσ-

353 3483 520 3552 ραὴλ
547 3487 639 3552 εἰς
671 3485 738 3540 τὸ
768 3485 1096 3555 πρόσωπον
1127 3487 1444 3556 Μωῦσέως,
1481 3490 1580 3544 διὰ
1617 3490 1732 3558 τὴν
1760 3491 1952 3556 δόξαν

357 3578 464 3632 τοῦ
487 3578 816 3647 προσώπου
858 3581 1047 3635 αὐτοῦ
1094 3581 1210 3648 τὴν
1242 3585 1756 3653 καταργουμένην·
1791 3581 1851 3640 οῦ
1895 3586 1950 3639 τί

357 3671 556 3737 γένοιτ’
600 3671 668 3726 ἂν
704 3672 1118 3744 εὐτελέστερον;
1162 3677 1292 3729 ὅταν
1329 3676 1464 3748 μηδὲ
1497 3679 1952 3749 καταργουμένης

357 3763 540 3834 δόξης,
583 3763 783 3834 μᾶλλον
820 3765 877 3818 δὲ
910 3767 1010 3836 τῆς
1051 3767 1186 3836 μηδὲ
1215 3766 1382 3840 οὔσης
1419 3772 1483 3840 τῇ
1522 3771 1830 3840 συγκρίσει,
1863 3771 1953 3823 δύ-

357 3872 557 3909 νωνται
582 3855 773 3909 θεαταὶ¹
793 3857 1066 3926 γενέσθαι,
1089 3858 1226 3912 ἀλλά
1243 3861 1591 3932 καλύπτηται
1623 3863 1719 3916 ἀπ’
1746 3863 1947 3929 αὐτῶν,

359 3950 440 4011 είς
467 3948 528 4001 τὺ
563 3948 640 4021 μὴ
673 3950 917 4003 ἀτενίσαι
956 3953 1036 4015 είς
1066 3953 1128 4004 τὸ
1154 3955 1308 4017 τέλος
1349 3953 1442 4007 τοῦ
1478 3958 1949 4027 καταργουμένου,

357 4041 627 4105 τουτέστι,
659 4040 754 4094 τοῦ
785 4043 974 4112 νόμου,
1009 4045 1036 4096 ὅ
1063 4063 1114 4096 τι
1141 4045 1292 4108 τέλος
1321 4044 1454 4115 ἔχει.
1493 4047 1648 4100 Ἀλλ’
1667 4047 1949 4117 ἐπωρώθη

359 4132 433 4185 τὰ
459 4134 732 4203 νοήματα
762 4135 979 4189 αὐτῶν.
1003 4135 1116 4190 Καὶ
1137 4137 1192 4190 τί
1220 4139 1380 4190 τοῦτο
1410 4139 1545 4206 πρὸς
1577 4139 1638 4191 τὸ
1660 4139 1948 4210 κάλυμμα,

361 4221 518 4292 φησὶ,
541 4223 702 4291 τότε;
735 4223 856 4277 Ὀτι
885 4224 954 4277 τά
988 4226 1248 4296 μέλλοντα
1279 4227 1698 4298 προδιέγραφεν.
1733 4231 1808 4282 υὺ
1843 4231 1952 4299 γάρ

363 4314 532 4384 μόνον
555 4317 677 4369 τότε
707 4316 808 4371 οὐκ
843 4313 1004 4383 εἶδον,
1039 4318 1155 4372 ἀλλ’
1183 4319 1305 4373 οὐδὲ
1334 4319 1427 4374 νῦν
1453 4321 1621 4391 ὁρῶσι
1650 4321 1740 4375 τὸν
1763 4323 1947 4392 νόμον.

361 4409 474 4462 Καὶ
501 4410 535 4481 ἡ
569 4410 716 4462 αίτία
743 4412 874 4481 παρ’
911 4412 1090 4473 αὐτοῖς
1121 4425 1148 4454 ι
1175 4432 1188 4446 ·
1220 4415 1252 4482 ὴ
1291 4413 1402 4486 γὰρ
1437 4415 1696 4484 πώρωσις
1722 4415 1952 4486 γνώμης

360 4500 511 4555 ἐστὶν
538 4502 866 4576 ἀναισθήτου
898 4505 991 4558 καὶ
1029 4506 1362 4576 ἀγνώμονος.
1402 4509 1564 4561 Ὥστε
1584 4511 1749 4579 ἡμεῖς
1779 4510 1952 4578 ἐσμεν

359 4597 409 4648 οἱ
437 4596 532 4649 καὶ
562 4595 653 4649 τὸν
678 4597 842 4666 νόμον
869 4597 1092 4662 εἰδότες·
1122 4599 1354 4663 ἐκείνοις
1382 4601 1439 4654 δὲ
1472 4602 1572 4672 οὐχ
1600 4602 1634 4672 ἡ
1665 4603 1824 4672 χάρις
1853 4603 1950 4670 μό-

360 4705 474 4754 νον,
505 4689 642 4744 ἀλλά
680 4692 775 4744 καὶ
825 4685 980 4754 οὗτος
1020 4693 1427 4748 συνεσκίασται.
1466 4695 1640 4764 ’Ἄχρι
1685 4695 1796 4763 γὰρ
1838 4695 1950 4762 τῆς

361 4779 635 4848 σήμερον
664 4781 732 4834 τὸ
763 4783 908 4836 αὐτύ
954 4782 1238 4854 κάλυμμα
1273 4787 1343 4840 ἐν
1375 4787 1448 4855 τῇ
1473 4785 1809 4853 ἀναγνώσει
1839 4785 1951 4853 τῆς

361 4870 633 4937 Παλαιᾶς
669 4872 966 4941 Διαθήκης
990 4874 1177 4944 μένει,
1212 4878 1367 4946 φησὶ,
1395 4877 1481 4946 μὴ
1528 4876 1950 4930 ἀνακαλυπτό-

359 4979 567 5030 μενον,
599 4963 689 5018 ὄτι
747 4965 817 5019 ἐν
858 4966 1091 5034 Χριστῷ
1142 4969 1534 5038 καταργεῖται.
1573 4971 1636 5020 Ὃ
1674 4969 1730 5020 δὲ
1774 4968 1943 5036 λέγει,

361 5051 523 5107 τοῦτό
554 5055 694 5108 ἐστι·
719 5055 889 5111 Τοῦτο
923 5060 1055 5113 αὐτὸ
1087 5061 1146 5113 οὐ
1178 5061 1435 5115 δύνανται
1477 5061 1708 5114 συνιδεῖν
1738 5062 1819 5114 ὅτι
1847 5061 1943 5113 πέ-

365 5163 593 5211 παυται,
615 5148 804 5220 ἐπειδὴ
826 5151 902 5222 τῷ
925 5151 1145 5223 Χριστῷ
1169 5154 1229 5205 οὑ
1258 5153 1626 5207 πιστεύουσιν.
1643 5153 1704 5205 Εἰ
1735 5152 1841 5222 γάρ
1864 5153 1952 5206 διά

363 5239 458 5293 τοῦ
487 5241 724 5312 Χριστοῦ
751 5243 1044 5308 πέπαυται,
1072 5245 1262 5314 ὥσπερ
1288 5241 1382 5297 οὖν
1410 5243 1503 5297 καὶ
1525 5245 1824 5304 πέπαυται.
1855 5245 1950 5299 καὶ

364 5331 394 5384 6
420 5331 583 5402 νόμος
609 5333 768 5388 τοῦτο
791 5335 820 5375 ιι
845 5336 1135 5407 προλαϐὼν
1167 5331 1308 5398 εἷπε,
1342 5335 1460 5400 πῶς
1493 5337 1543 5389 οἱ
1571 5335 1644 5406 μὴ
1669 5337 1950 5407 δεχόμενοι

365 5424 456 5475 τὸν
486 5425 721 5495 Χριστὸν
743 5425 832 5479 τὸν
857 5430 1285 5500 καταργήσαντα
1312 5427 1402 5481 τὸν
1423 5429 1605 5499 νόμον,
1630 5429 1949 5499 δυνήσονται

370 5513 518 5581 ίδεῖν,
573 5517 656 5569 ὅτι
717 5521 1062 5589 κατήργηται
1115 5521 1144 5572 ὁ
1192 5519 1389 5590 νόμος;
1425 5522 1498 5574 Οὐ
1539 5522 1843 5593 χωροῦντες
1891 5523 1948 5574 δὲ

367 5607 528 5660 τοῦτο
563 5606 710 5672 ἰδεῖν,
747 5607 969 5678 εὔδηλον
1011 5611 1092 5663 ὅτι
1144 5611 1239 5663 καὶ
1287 5611 1450 5664 αὑτοῦ
1503 5610 1597 5666 τοῦ
1645 5612 1810 5682 νόμου
1853 5611 1947 5664 τοῦ

367 5697 541 5751 ταῦτα
586 5697 837 5767 λέγοντος
873 5698 972 5768 τὴν
1025 5702 1178 5772 ἰσχὺν
1213 5701 1488 5770 ἀγνοοῦσι,
1522 5704 1614 5756 καὶ
1661 5705 1763 5774 τὴν
1792 5701 1950 5767 δόξαν

434 5891 458 5958 ξ
479 5887 627 5958 Edili2
652 5891 762 5952 παρ’
785 5891 969 5958 αὐτούς,
993 5892 1079 5944 Ms.
1107 5893 1216 5958 παρ’
1239 5892 1408 5949 αὐτοῖς.

433 5948 461 5990 δ
495 5948 751 6014 Legeth
775 5953 830 6001 τὸ
849 5948 980 6003 αὐτό.

2059 895 2340 963 ἀγιστείαν
2378 896 2599 953 ἃπασαν
2627 902 2686 953 ὲν
2709 900 2790 953 ἑνὶ
2819 901 3182 954 κατακλεῖσαι
3213 903 3390 973 τόπῳ,
3414 903 3492 974 τῷ
3513 903 3650 976 ναῷ,

2056 989 2153 1042 καὶ⁵
2185 990 2348 1042 αὐτὸν
2378 989 2606 1062 ὕστερον
2631 991 2899 1046 καθελεῖν.
2930 993 2993 1045 El
3015 995 3127 1065 γὰρ
3154 995 3230 1066 μὴ
3266 995 3522 1049 ἐϐούλετο
3548 999 3651 1051 a6-

2058 1081 2158 1146 τάς
2193 1081 2510 1138 παύσασθαι
2550 1084 2644 1138 καὶ
2675 1084 2766 1137 τὸν
2798 1085 2931 1156 περὶ
2962 1085 3172 1141 τούτων
3209 1087 3376 1158 νόμον
3405 1088 3645 1154 ἅπαντα,

2055 1174 2200 1228 δυοῖν
2228 1174 2458 1247 θάτερον
2479 1175 2546 1229 ἂν
2573 1177 2847 1246 ἐποίησεν,
2876 1177 2910 1248 ἢ
2937 1179 3038 1232 οὐκ
3058 1179 3125 1232 ἂν
3145 1179 3364 1234 καθεῖλε
3383 1179 3476 1234 τὸν
3496 1182 3643 1247 ναὸν,

2057 1265 2389 1336 ῆκαθελὼν,
2429 1267 2530 1321 οὐκ
2569 1267 2636 1321 ἂν
2679 1269 3064 1340 ἀπηγόρευσεν
3106 1270 3342 1342 ἀλλαχοῦ
3395 1271 3640 1326 θύεσθαι.

2058 1358 2208 1431 1484]
2237 1357 2354 1412 Νῦν
2385 1359 2443 1413 δὲ
2480 1361 2580 1432 τὴν
2610 1361 2937 1433 οἰκουμένην
2962 1363 3203 1430 ἅπασαν,
3234 1364 3333 1418 καὶ
3372 1365 3546 1437 αὐτὴν
3586 1366 3643 1419 δὲ

2053 1449 2151 1520 τὴν
2192 1450 2553 1524 Ἰερουσαλὴμ
2580 1453 2780 1508 ἄϐατον
2817 1457 2940 1517 ταῖς
2985 1455 3267 1520 τοιαύταις
3311 1457 3641 1529 κατέστησεν

2055 1541 2411 1612 ἱερουργίαις·
2445 1543 2607 1614 μόνον
2632 1543 2690 1597 δὲ
2717 1543 2811 1599 τὸν
2844 1547 2972 1600 ναὸν
3001 1547 3190 1611 αὑταῖς
3212 1547 3362 1611 ἀνείς
3390 1549 3486 1602 καὶ
3516 1549 3645 1602 ἀπο-

2051 1630 2241 1697 τάξας,
2272 1629 2394 1687 εἶτα
2435 1635 2599 1688 αὑτὸν
2635 1635 2828 1691 τοῦτον
2863 1636 3090 1709 ὓστερον
3128 1637 3393 1702 καθελὼν,
3431 1639 3529 1694 καὶ
3565 1641 3646 1703 είς

2049 1725 2206 1789 τέλος
2235 1726 2405 1792 ἔδειξε
2429 1726 2518 1781 διά
2539 1729 2649 1782 τῶν
2670 1730 3010 1798 πραγμάτων
3037 1730 3240 1794 αὐτῶν,
3264 1732 3345 1784 ὅτι
3367 1731 3644 1784 πέπαυται

2050 1817 2122 1870 τά
2159 1817 2254 1870 τοῦ
2281 1817 2448 1889 νόμου
2488 1818 2578 1871 διὰ
2607 1819 2865 1889 Χριστοῦ·
2897 1821 2992 1873 καὶ
3018 1820 3128 1891 γὰρ
3158 1821 3250 1874 τὸν
3283 1820 3409 1874 ναὸν
3453 1823 3480 1874 6
3509 1823 3642 1891 Χρι-

2055 1911 2180 1968 στὸς
2213 1910 2485 1964 καθεῖλεν.
2525 1912 2587 1964 Et
2617 1913 2674 1964 δὲ
2721 1911 2902 1982 βούλει
2939 1912 3036 1967 καὶ
3069 1913 3158 1966 διὰ
3197 1913 3460 1984 ῥημάτων
3510 1913 3643 1966 ἰδεῖν

2052 2003 2171 2066 πῶς
2193 2003 2282 2057 διά
2300 2003 2396 2056 τοῦ
2425 2004 2666 2075 Χριστοῦ
2686 2008 3068 2075 καταργεῖται,
3097 2005 3329 2060 ἄκουσον
3356 2005 3523 2059 αὐτοῦ
3545 2003 3642 2058 τοῦ

2051 2096 2344 2167 νομοθέτου
2373 2096 2627 2166 λέγοντος
2657 2097 2822 2152 οὕτω·
2848 2098 3177 2168 Προφήτην
3201 2098 3346 2166 ὑμῖν
3368 2097 3641 2165 ἀναστήσ-

2057 2204 2155 2242 σει
2186 2190 2402 2258 Κύριος
2431 2190 2500 2243 ἐκ
2523 2187 2646 2243 τῶν
2669 2188 2952 2259 ἀδελφῶν
2977 2189 3163 2259 ὑμῶν,
3192 2191 3272 2255 ὡς
3299 2189 3420 2259 ἐμέ·
3453 2188 3644 2244 αὐτοῦ

2058 2281 2400 2336 ἀκούσεσθε
2436 2280 2590 2336 κατὰ
2615 2280 2834 2345 πάντα,
2871 2280 2990 2335 ὅσα
3022 2281 3100 2336 ἂν
3131 2279 3445 2349 ἐντελῆται
3477 2279 3641 2350 ὑμῖν.

2054 2374 2164 2428 Καὶ
2190 2372 2387 2437 ἔσται,
2424 2373 2594 2429 πᾶσα
2630 2374 2803 2443 ψυχὴ
2833 2373 2967 2441 ἥτις
3016 2373 3092 2427 ἂν
3125 2373 3212 2442 μὴ
3255 2374 3494 2440 ἀκούσῃ
3535 2372 3645 2426 τοῦ

2051 2465 2366 2535 προφήτου
2406 2467 2669 2531 ἐκείνου,
2711 2467 3305 2534 ἐξολοθρευθήσεται.
3341 2463 3490 2530 Εἶδες
3525 2465 3645 2530 πῶς

2050 2557 2250 2625 ἔδειξεν
2277 2562 2306 2612 6
2325 2559 2489 2630 νόμος
2519 2561 2602 2614 ὅτι
2636 2561 2695 2612 ὲν
2721 2559 2944 2629 Χριστῷ
2983 2558 3248 2624 παύεται;
3291 2559 3350 2612 '0
3379 2557 3490 2629 γὰρ
3513 2574 3647 2628 προ-

2051 2649 2230 2720 φήτης
2262 2645 2438 2714 οὗτος,
2465 2649 2747 2704 τουτέστιν
2779 2651 2807 2702 6
2831 2651 3068 2720 Χριστὸς
3097 2649 3158 2702 τὸ
3185 2647 3327 2703 κατὰ
3356 2649 3555 2720 σάρκα,
3581 2640 3643 2702 οὗ

2052 2743 2274 2797 ἀκούειν
2314 2743 2570 2797 ἐκέλευσε
2600 2744 2862 2813 Μωῦσῆς,
2903 2744 2997 2796 καὶ
3029 2743 3300 2797 σάϐϐατον
3342 2741 3438 2796 καὶ
3486 2758 3644 2808 περι-

2052 2834 2228 2905 τομὴν
2273 2836 2368 2888 καὶ
2409 2835 2581 2888 τάλλα
2612 2836 2792 2890 πάντα
2825 2835 3052 2888 ἔπαυσε.
3087 2835 3200 2888 Καὶ
3233 2835 3261 2886 6
3291 2832 3456 2886 Δαυῒδ
3492 2832 3549 2884 δὲ
3581 2831 3644 2884 τὸ

2053 2925 2186 2979 αὐτὸ
2208 2925 2365 2980 τοῦτο
2389 2926 2586 2996 δηλῶν,
2609 2927 2766 2996 ἔλεγε
2790 2927 2918 2997 περὶ
2938 2924 3032 2980 τοῦ
3057 2923 3314 2996 Χριστοῦ·
3341 2925 3425 2977 Σὺ
3449 2922 3642 2991 ἱερεὺς

2051 3021 2140 3086 εὶς
2186 3019 2296 3072 τόν
2333 3019 2541 3083 αἰῶνα,
2583 3021 2735 3074 κατὰ
2770 3021 2889 3089 τὴν
2921 3018 3098 3084 τάξιν
3131 3016 3531 3088 Μελχισεδὲκ,
3577 3016 3638 3068 οὐ

2053 3113 2196 3167 κατά
2221 3113 2322 3182 τὴν
2356 3113 2509 3180 τάξιν
2532 3112 2765 3184 ’Δαρών.
2798 3113 2889 3167 Διὸ
2924 3115 3015 3168 καὶ
3039 3111 3226 3180 σαφῶς
3257 3115 3283 3164 6
3305 3109 3517 3172 Παῦλος
3544 3110 3637 3179 έρ-

2057 3205 2307 3278 μηνεύων
2337 3205 2488 3267 αὐτὸ,
2520 3207 2708 3276 φησὶν,
2736 3206 2818 3260 ὃτι
2841 3205 3322 3274 Μετατιθεμένης
3356 3200 3462 3270 τῆς
3481 3206 3639 3269 ἱερω-

2051 3299 2268 3364 σύνης.
2295 3300 2365 3364 ἐξ
2397 3298 2668 3369 ἀνάγκης
2697 3298 2795 3352 καί
2821 3299 3012 3368 νόμου
3033 3297 3356 3367 μετάθεσις
3391 3296 3640 3366 γίνεται.

2055 3393 2164 3446 Καὶ
2199 3393 2436 3462 ἀλλαχοῦ
2465 3392 2521 3446 δὲ
2560 3393 2723 3446 πάλιν
2757 3391 2890 3460 φησί
2911 3409 2925 3422 ·
2963 3393 3198 3446 Θυσίαν
3230 3390 3328 3444 καὶ
3371 3404 3642 3457 προσφοο

2045 3484 2165 3552 ρὰν
2187 3486 2299 3539 οὐκ
2317 3485 2648 3553 ἠθέλησας,
2681 3482 3146 3552 ὁλοκαυτώματα
3170 3482 3270 3536 καὶ
3299 3481 3433 3549 περὶ
3458 3481 3643 3549 ἀμαρ-

2052 3577 2185 3642 τίας
2213 3578 2325 3630 οὐκ
2357 3575 2732 3644 ηὐδόκησας·
2771 3577 2905 3630 τότε
2929 3571 3123 3638 εἷπον,
3161 3574 3318 3629 Ἰδοὺ
3347 3574 3492 3641 ἥκω.
3531 3572 3640 3626 Καὶ

2053 3668 2244 3738 ἑτέρας
2273 3667 2328 3721 δὲ
2363 3665 2544 3737 πολλῷ
2575 3668 2780 3721 τούτων
2806 3666 3026 3729 πλείους
3051 3665 3276 3719 δυνατὸν
3305 3667 3372 3718 ὲκ
3403 3666 3500 3734 τῆς
3524 3665 3638 3717 Πα-

2051 3761 2212 3824 λαιᾶς
2240 3761 2590 3831 παραγαγεῖν
2624 3760 2952 3832 μαρτυρίας.
2987 3758 3254 3828 δηλούσας
3283 3757 3401 3820 πῶς
3429 3755 3516 3808 διὰ
3544 3755 3640 3808 τοῦ

2051 3851 2291 3924 Χριστοῦ
2327 3856 2688 3924 καταργεῖται
2735 3854 2764 3905 6
2806 3852 2988 3919 νόμος.
3030 3852 3192 3903 Ὥστε
3225 3851 3353 3904 ὅταν
3395 3851 3640 3920 ἀποστῇς

2052 3945 2147 4000 τοῦ
2178 3945 2370 4014 νόμου,
2399 3946 2522 3998 τότε
2552 3946 2671 4013 ὄψει
2700 3945 2791 3998 τὸν
2818 3945 2983 4014 νόμον
3021 3943 3221 4006 καλῶς·
3258 3943 3362 4004 ἓως
3385 3941 3431 3996 δ’
3453 3941 3519 3995 ἂν
3545 3941 3641 3994 αύ-

2050 4038 2144 4091 τὸν
2183 4038 2444 4108 κατέχῃς,
2487 4036 2584 4089 καὶ
2636 4035 2711 4106 μὴ
2761 4035 3022 4106 πιστεύῃς
3053 4033 3292 4104 Χριστῷ,
3343 4033 3444 4086 οὐκ
3491 4026 3640 4096 οἶδας

2053 4128 2172 4182 οὐδὲ
2195 4128 2359 4182 αὑτὸν
2392 4127 2484 4179 τὺν
2515 4126 2700 4197 νόμον.
2733 4124 2826 4178 Διὸ
2849 4127 2944 4178 καὶ
2977 4125 3277 4194 ἐπήγαγεν,
3307 4122 3640 4190 σαφέστερον

2051 4217 2212 4271 τοῦτο
2237 4217 2369 4270 αὐτὸ
2398 4216 2852 4280 κατασκευάζων,
2871 4217 3022 4269 Ἀλλ’
3047 4215 3158 4280 ἕως
3187 4215 3475 4282 σήμερον,
3507 4211 3638 4278 ἠνί-

2052 4327 2130 4364 κα
2183 4308 2660 4376 ἀναγινώσκεται
2716 4308 2997 4375 Μωυσῆς,
3052 4307 3336 4375 κάλυμμα
3387 4306 3490 4359 ἐπὶ
3526 4305 3641 4372 τὴν

2052 4399 2306 4468 καρδίαν
2327 4399 2528 4452 αὐτῶν
2557 4398 2766 4452 κεῖται.
2801 4396 3021 4467 Ἐπειδὴ
3041 4396 3150 4467 γὰρ
3177 4392 3353 4459 εἶπεν,
3378 4396 3461 4448 ὅτι
3489 4397 3547 4448 ὲν
3572 4396 3639 4465 τῇ

2052 4487 2359 4557 ἀναγνώσει
2383 4487 2486 4558 τῆς
2514 4487 2754 4552 Παλαιᾶς
2781 4487 3057 4558 Διαθήκης
3091 4487 3244 4555 μένει
3267 4485 3330 4539 τὸ
3352 4485 3638 4556 κάλυμμα·

2055 4580 2141 4633 ἵνα
2176 4581 2248 4650 μή
2277 4595 2362 4642 τις
2391 4578 2588 4649 νομίσῃ
2614 4579 2713 4648 τῆς
2751 4578 3015 4646 ἀσαφείας
3059 4575 3153 4629 τοῦ
3193 4577 3359 4645 νόμου
3396 4569 3540 4630 εἶναι
3581 4575 3644 4630 τὸ

2055 4672 2366 4744 εἰρημένον,
2414 4673 2506 4724 καὶ
2534 4671 2602 4724 δι’
2632 4671 2836 4740 ἑτέρων
2888 4670 2986 4740 μὲν
3026 4669 3159 4723 αὐτὸ
3197 4668 3291 4722 καὶ
3329 4667 3640 4739 ἔμπροσθεν

2055 4764 2224 4829 ἔδειξε
2252 4763 2352 4833 (τῷ
2379 4763 2486 4834 γὰρ
2523 4765 2721 4827 εἰπεῖν,
2763 4760 3075 4829 Ἐπωρώθη
3111 4763 3185 4814 τὰ
3219 4759 3490 4829 νοήματα
3527 4755 3636 4808 αὒ-

2054 4857 2194 4919 τῶν,
2222 4856 2494 4910 δείκνυσιν
2542 4855 2723 4909 αὐτῶν
2749 4853 2809 4906 τὸ
2841 4853 3092 4924 ἔγκλημα
3125 4851 3230 4924 ὃν),
3263 4849 3360 4904 καὶ
3397 4847 3458 4900 ἐν
3481 4839 3630 4911 αὐτῷ

2053 4952 2109 5004 δὲ
2141 4951 2317 5018 τούτῳ
2367 4950 2550 5004 πάλιν.
2589 4949 2662 5000 Οὐ
2697 4948 2806 5018 γάρ
2829 4943 3004 5010 εἶπεν,
3057 4947 3146 5000 Ἐν
3169 4943 3292 5004 ’τοῖς
3335 4937 3632 5009 γράμμασι

2057 5043 2207 5112 μένει
2255 5042 2315 5094 τὺ
2356 5042 2642 5111 κάλυμμα,
2675 5040 2812 5105 ἀλλ’,
2859 5041 2962 5093 Ἑν
3000 5037 3075 5106 τῇ
3114 5029 3473 5102 άνατπῦσει·
3513 5031 3548 5099 ἡ
3578 5029 3637 5080 δὲ

2055 5134 2365 5200 ἀνάγνωσις
2401 5132 2652 5202 ἐνέργεια
2698 5132 2806 5184 τῶν
2836 5125 3313 5196 ἀναγινωσκόντων
3353 5121 3498 5174 ἐστὶ·
3541 5120 3639 5174 καὶ

2053 5223 2238 5285 πάλιν,
2271 5223 2482 5276 Ἢνίκα
2496 5221 2968 5290 ἀναγινώσκεται
2992 5211 3273 5280 Μωῠσῆς.
3295 5210 3643 5280 Σαφέστερον

2051 5315 2109 5368 δὲ
2129 5313 2260 5366 αὐτὸ
2280 5316 2348 5384 τῇ
2372 5312 2515 5377 λέξει
2540 5315 2604 5382 τῇ
2631 5311 2758 5380 ἑξῆς
2786 5310 3073 5380 ἐδήλωσεν,
3099 5297 3644 5369 ἀνακεκαλυμμένως

2052 5407 2245 5471 εἰπὼν,
2277 5406 2574 5476 Κάλυμμα
2619 5406 2718 5460 ἐπὶ
2745 5404 2860 5472 τὴν
2888 5401 3141 5472 καρδίαν
3183 5397 3385 5455 αὐτῶν
3432 5392 3636 5448 κεῖται.

2065 5501 2219 5553 Ἐπεὶ
2249 5502 2342 5553 καὶ
2367 5502 2425 5554 ἐν
2450 5503 2517 5572 τῇ
2540 5499 2661 5568 δψει
2692 5497 2993 5560 Μωῦσέως,
3026 5495 3087 5546 ού
3114 5491 3206 5545 διὰ
3236 5485 3478 5545 Μωῦσέα
3507 5482 3644 5572 ἐκει-

2051 5606 2134 5652 το,
2176 5589 2314 5642 άλλά
2346 5589 2435 5642 διὰ
2480 5569 2580 5658 τὴν
2627 5587 2831 5641 τούτων
2867 5583 3160 5654 παχύτητα
3214 5579 3312 5633 καὶ
3369 5569 3638 5643 σαρκικὴν

2122 5699 2166 5732 ω
2289 5722 2301 5735 .

2053 5696 2617 5843 γνδ’ῗιιτὲἒιτηγορήσας
2637 5768 2816 5822 τοίνυν
2837 5766 3018 5823 αὐτῶν
3040 5762 3262 5825 ἱκανῶς,
3281 5758 3522 5813 δείκνυσι
3546 5757 3639 5810 καὶ

2125 5961 2143 5988 ‘
2171 5957 2312 6020 1.93.,
2335 5956 2620 6014 ἐντέλληται,
2643 5955 2724 6004 vel
2759 5952 3033 6006 ἐντείληται.
