4068 6412
319 483 423 539 445

320 599 558 671 ciconiam
578 597 632 650 in
657 594 859 649 Christo
883 598 1177 645 evacuatur.
1193 583 1329 640 Vide
1344 582 1468 653 quid
1490 597 1583 652 per
1608 583 1723 634 haec
1749 577 1911 632 verba

321 695 584 750 adstruat.
611 687 745 745 Nam
773 685 917 756 quod
949 694 1060 738 tum
1092 679 1260 736 semel
1289 678 1345 732 in
1371 677 1520 732 Mose
1544 673 1789 742 contigit,
1805 671 1908 726 hoc

320 794 582 856 perpetuo
636 782 690 836 in
739 786 860 849 lege
899 775 1181 844 contingit.
1227 771 1338 827 Nec
1389 779 1569 824 tamen
1600 767 1686 822 his
1729 761 1908 820 verbis

323 880 492 950 legem
534 874 876 936 criminatur,
909 863 1361 939 quemadmodum
1416 876 1516 916 nec
1560 859 1766 914 Mosem
1796 865 1906 950 tum

317 949 439 1027 sese
453 967 817 1027 obvelantem,
831 961 926 1017 sed
948 959 1254 1016 Judteorum
1273 953 1577 1010 vecordiam
1605 970 1619 1006 :
1647 951 1736 1005 illa
1757 949 1903 1004 enim

319 1075 470 1116 suam
491 1057 719 1130 gloriam
752 1053 947 1117 habet;
967 1059 1022 1106 at
1043 1049 1131 1105 isti
1155 1062 1274 1102 eam
1303 1045 1498 1100 intueri
1524 1043 1903 1119 nequiverunt.

318 1153 456 1221 Quid
486 1152 646 1221 igitur
689 1148 884 1203 mirum
922 1144 1076 1198 vobis
1101 1150 1205 1205 est,
1237 1139 1431 1209 inquit,
1461 1138 1506 1190 si
1533 1136 1672 1191 hanc
1718 1135 1908 1206 gratiae

319 1245 550 1316 gloriam
577 1253 806 1295 cernere
831 1243 1124 1304 nequeant,
1141 1247 1264 1286 cum
1287 1230 1550 1284 minorem
1571 1227 1717 1281 illam
1743 1224 1907 1280 Mosis

323 1350 427 1389 non
462 1328 860 1402 perspexerint,
889 1337 990 1380 nec
1033 1323 1181 1379 illius
1209 1321 1413 1375 vultum
1459 1317 1670 1372 obtueri
1718 1325 1908 1385 potue-

322 1425 470 1482 rint?
499 1422 628 1495 quid
659 1419 973 1486 turbamini,
1002 1416 1048 1471 si
1078 1413 1248 1470 Judaei
1269 1410 1488 1468 Christo
1509 1425 1617 1464 non
1658 1406 1903 1472 credant,

322 1533 443 1573 cum
473 1530 541 1571 ne
571 1513 678 1584 legi
717 1509 931 1581 quidem
975 1505 1237 1562 credant?
1277 1502 1411 1559 Nam
1457 1501 1528 1554 ob
1579 1499 1632 1553 id
1679 1497 1904 1568 gratiam

320 1607 483 1662 etiam
525 1604 858 1673 ignorarunt,
882 1599 1134 1666 quoniam
1177 1611 1245 1650 ne
1275 1594 1437 1648 Vetus
1470 1591 1688 1655 quidem
1719 1589 1908 1644 Testa-

316 1699 561 1745 mentum
595 1703 696 1742 nec
729 1687 902 1757 ipsius
935 1685 1164 1755 gloriam
1195 1689 1596 1754 cognoverunt;
1626 1680 1897 1751 siquidem

315 1783 452 1854 legis
479 1781 652 1853 gloria
687 1780 738 1833 in
775 1779 880 1833 hoc
907 1779 1012 1832 sita
1042 1785 1150 1842 est,
1190 1775 1337 1844 quod
1372 1773 1440 1828 ad
1469 1773 1745 1829 Christum
1775 1773 1900 1826 ani-

316 1889 439 1928 ωοε
465 1880 774 1927 convertat.

388 1967 442 2020 5.
466 1963 630 2019 Vides
652 1972 713 2017 ut
747 1962 874 2017 hinc
906 1955 1454 2031 quoqueludaeorum
1475 1954 1678 2010 fastum
1711 1963 1902 2010 retun-

319 2058 447 2111 dat?
466 2054 678 2110 Etenim
704 2053 848 2109 unde
870 2053 947 2106 illi
971 2049 1347 2121 priestantiore
1366 2047 1680 2102 conditione
1698 2062 1759 2102 se
1771 2061 1902 2103 esse

321 2146 728 2211 existimabant,
744 2159 935 2212 nempe
951 2140 1096 2211 quod
1110 2138 1274 2193 Musis
1289 2139 1456 2193 facies
1473 2135 1738 2206 fulgorem
1752 2135 1904 2190 emit-

323 2251 484 2306 teret,
510 2240 637 2294 hiuc
651 2253 836 2294 eorum
861 2235 1169 2291 crassitiem
1187 2243 1243 2287 et
1256 2231 1618 2300 abjectionem
1637 2228 1903 2284 ostendit.

321 2332 402 2389 Ne
419 2348 552 2406 ergo
570 2333 676 2388 hoc
693 2332 916 2388 nomine
933 2330 1007 2385 illi
1026 2327 1334 2398 glorientur
1357 2343 1370 2378 :
1395 2325 1524 2395 quid
1545 2325 1692 2378 enim
1710 2323 1817 2378 hoc
1837 2321 1905 2376 ad

320 2424 541 2482 Judaeos
570 2424 665 2495 qui
697 2424 803 2478 t'rui
833 2437 939 2478 non
964 2418 1305 2492 potuerunt?
1345 2415 1690 2473 Undeetiam
1729 2414 1786 2471 id
1817 2429 1909 2470 as-

311 2518 464 2572 sidue
519 2515 789 2580 inculcat.
833 2527 975 2567 nunc
1022 2511 1274 2566 videlicet
1327 2509 1498 2579 ipsum
1552 2508 1792 2563 velamen
1846 2509 1901 2563 in

319 2610 527 2666 Veteris
565 2607 899 2664 Testamenti
943 2605 1174 2660 lectione
1211 2617 1320 2658 non
1355 2602 1653 2658 revelatum
1683 2617 1902 2657 manere

311 2701 499 2756 dicens
519 2740 535 2767 ,
562 2701 686 2770 quia
732 2699 785 2753 in
819 2695 1034 2752 Christo
1069 2705 1389 2762 evacuetur;
1434 2709 1576 2750 nunc
1598 2737 1614 2762 ,
1647 2710 1816 2765 usque
1846 2695 1898 2750 in

313 2793 630 2848 hodiernum
651 2791 817 2855 diem,
836 2804 942 2860 quo
964 2798 1202 2857 tempore
1227 2786 1417 2856 legitur
1438 2787 1633 2849 Moses.
1653 2786 1704 2840 id
1727 2787 1899 2856 ipsum

312 2886 556 2941 velamen
599 2885 652 2939 in
693 2884 930 2952 ipsorum
961 2881 1124 2936 corde
1166 2882 1394 2950 positum
1425 2895 1579 2945 esse;
1611 2895 1674 2934 ac
1703 2890 1815 2933 tum
1846 2879 1898 2933 in

313 2978 544 3033 lcetione
563 3018 578 3044 ,
610 2987 721 3030 tum
759 2976 811 3030 in
840 2987 1028 3029 eorum
1057 2971 1220 3028 corde
1249 2972 1450 3042 imponi
1486 2971 1692 3026 dicens.
1723 2969 1898 3040 Supe-

312 3071 426 3125 rius
447 3084 578 3125 vero
602 3068 812 3122 dixerat
838 3083 854 3122 :
887 3064 952 3120 Ut
976 3064 1233 3120 intendere
1256 3080 1356 3116 non
1387 3073 1586 3132 possent
1610 3062 1709 3130 ﬁlii
1733 3061 1902 3116 Israel

311 3164 366 3217 in
397 3162 577 3234 faciem
614 3159 775 3215 Mosis
793 3201 809 3225 ,
839 3167 1044 3230 propter
1070 3157 1284 3228 gloriam
1309 3156 1478 3208 vultus
1505 3158 1617 3224 ejus
1640 3170 1754 3225 qua:
1780 3171 1898 3208 eva-

313 3266 494 3310 cuatur
517 3271 535 3308 :
563 3268 668 3324 quo
700 3251 829 3323 quid
858 3250 1116 3320 abiectius
1147 3249 1270 3320 (iugi
1299 3249 1507 3319 possit?
1535 3265 1655 3302 cum
1687 3263 1753 3302 ne
1783 3248 1900 3316 ejus

312 3349 526 3420 quidem
572 3346 756 3418 gloria:
780 3384 798 3412 ,
839 3359 959 3414 qua:
999 3341 1306 3407 evanescit,
1342 3341 1450 3394 imo
1489 3341 1531 3394 si
1573 3355 1696 3393 cum
1734 3339 1898 3392 altera

310 3440 639 3505 conferatur,
673 3437 816 3492 nulla
855 3442 942 3491 est
967 3443 1295 3504 spectatores
1322 3448 1442 3487 esse
1467 3442 1684 3501 queant,
1715 3433 1807 3487 sed
1831 3432 1900 3485 ab

309 3532 525 3602 ipsisea
552 3532 869 3599 obtegatur,
905 3535 963 3580 ut
1005 3541 1110 3579 non
1161 3524 1439 3579 intendant
1481 3524 1535 3577 in
1581 3525 1738 3578 ﬁnem
1784 3526 1901 3592 ejus

311 3622 455 3692 quod
477 3630 766 3676 evacuatur
789 3661 804 3685 ,
837 3619 938 3672 hoc
961 3617 1119 3672 estin
1150 3617 1343 3685 legem,
1376 3633 1495 3685 qua:
1526 3615 1685 3670 ﬁnem
1719 3615 1896 3669 habet.

315 3712 421 3765 Sed
443 3711 607 3764 obtusi
631 3719 748 3764 sunt
773 3725 947 3763 sensus
975 3724 1165 3762 eorum.
1193 3707 1259 3760 Et
1282 3707 1406 3777 quid
1435 3707 1558 3772 hoc,
1581 3705 1777 3761 dixerit
1802 3705 1899 3760 ali-

317 3805 456 3872 quis,
479 3802 546 3857 ad
575 3803 823 3857 velamen
850 3801 1015 3856 illud?
1037 3801 1298 3869 Quoniam
1321 3800 1497 3854 futura
1519 3800 1897 3869 przesignabat.

318 3895 498 3965 Neque
526 3894 666 3949 enim
697 3903 820 3947 tunc
846 3901 1048 3948 tantum
1081 3910 1186 3948 non
1217 3893 1504 3958 viderunt,
1539 3893 1634 3948 sed
1663 3907 1731 3946 ne
1759 3908 1900 3949 nunc

314 3986 527 4056 quidem
557 3987 728 4057 legem
761 3986 966 4041 vident.
1001 3987 1114 4040 lloc
1137 3995 1317 4040 autem
1360 3986 1596 4054 ipsorum
1633 3985 1763 4038 vitio
1790 3985 1845 4039 ﬁt
1883 4004 1896 4041 :

311 4081 524 4136 obtusio
544 4081 686 4136 enim
711 4079 905 4134 mentis
929 4091 1201 4148 Stuporetn
1227 4094 1291 4134 ac
1313 4080 1617 4134 vecordiam
1637 4079 1896 4134 declarat.

310 4170 496 4241 itaque
533 4186 634 4226 nos
677 4185 864 4226 sumus
887 4210 902 4235 ,
950 4169 1040 4241 qui
1083 4170 1252 4240 legem
1291 4171 1558 4240 cognitam
1591 4171 1850 4226 habemus
1882 4189 1895 4225 :

311 4278 434 4316 nam
466 4261 570 4316 illis
609 4277 716 4316 non
749 4261 910 4317 modo
937 4261 1105 4330 gratia
1128 4302 1144 4328 ,
1175 4261 1271 4316 sed
1305 4261 1416 4332 ipsa
1444 4277 1658 4332 quoque
1688 4263 1772 4317 lex
1801 4263 1900 4317 ob-

311 4351 556 4407 umbrata
582 4363 687 4408 est.
721 4351 895 4423 Usque
932 4353 986 4406 in
1027 4352 1326 4406 hodiernum
1355 4354 1488 4407 enim
1517 4353 1648 4406 diem
1676 4354 1900 4423 itlipsunt

311 4445 538 4499 uelamen
563 4447 617 4499 in
647 4446 856 4499 lectione
894 4444 1086 4498 Veteris
1123 4445 1431 4499 Testamenti
1456 4454 1660 4511 manet,
1693 4447 1898 4515 inquit,

312 4551 415 4588 non
440 4534 732 4599 revelatum,
764 4534 879 4602 quia
906 4535 958 4587 in
989 4533 1188 4589 Christo
1222 4543 1510 4588 evacuatur.
1538 4534 1690 4600 Quod
1719 4545 1900 4592 autem

309 4629 420 4694 ait,
456 4627 595 4682 hanc
623 4627 943 4682 sententiam
975 4626 1133 4682 habet
1166 4644 1181 4680 :
1217 4627 1328 4681 lloc
1355 4626 1525 4695 ipsum
1556 4641 1780 4682 cernere
1807 4643 1900 4682 ne-

308 4727 550 4791 queunt,
578 4734 697 4774 eam
729 4717 890 4774 ﬁnem
919 4719 1191 4790 accepisse
1211 4758 1226 4782 ,
1257 4718 1381 4787 quia
1405 4715 1621 4772 Christo
1651 4733 1756 4773 non
1783 4733 1902 4774 cre-

307 4814 465 4868 dunt.
496 4812 709 4868 Etenim
737 4813 781 4866 si
813 4827 910 4882 per
938 4810 1208 4867 Christum
1239 4812 1398 4866 tinem
1423 4812 1648 4882 accepit,
1682 4823 1740 4866 ut
1773 4829 1902 4869 vere

309 4904 549 4974 accepit,
578 4903 738 4972 idque
765 4904 930 4958 etiam
956 4903 1040 4958 lex
1069 4912 1195 4958 ante
1223 4903 1358 4957 dixit
1387 4921 1400 4957 :
1427 4903 1515 4973 qui
1548 4904 1665 4958 ﬁeri
1699 4914 1899 4974 queat,

312 4995 486 5064 utqui
513 4994 786 5050 Christum
808 5036 824 5058 ,
853 5010 882 5048 a
913 5010 1020 5063 quo
1056 4995 1141 5050 lex
1179 4995 1450 5064 antiquata
1482 5004 1596 5061 est,
1627 5012 1732 5050 non
1761 4997 1900 5050 reci-

315 5087 505 5153 piunt,
549 5086 722 5156 legem
770 5087 940 5155 ipsam
987 5089 1317 5157 antiquatum
1365 5103 1488 5142 esse
1537 5088 1901 5157 perspiciam?

293 5169 484 5229 'Porro
507 5176 598 5247 qui
627 5177 728 5232 hoc
755 5177 1065 5246 perspicere
1097 5188 1387 5246 nequeunt,
1424 5180 1594 5247 palam
1636 5195 1766 5235 sane
1796 5189 1900 5248 est,

311 5266 455 5337 quod
497 5267 663 5337 ipsius
691 5271 852 5324 etiam
883 5269 1013 5339 legis
1047 5286 1166 5339 quae
1206 5269 1321 5322 haec
1348 5269 1475 5323 dicit
1509 5271 1614 5323 vim
1646 5285 1709 5324 ac
1740 5271 1904 5326 robur

309 5360 645 5430 gloriamque
671 5362 974 5416 universam
1006 5363 1268 5432 ignorent.
1303 5367 1370 5415 At
1397 5361 1608 5415 ubinam
1637 5364 1791 5427 dixit,
1823 5364 1904 5418 in-

311 5452 497 5520 quies,
527 5453 611 5507 lex
641 5468 701 5507 se
745 5453 796 5506 in
827 5452 1045 5508 Christo
1084 5453 1326 5509 aboleri?
1362 5451 1478 5507 Non
1523 5453 1696 5508 solum
1729 5454 1900 5521 dixit,

310 5542 404 5598 sed
443 5543 608 5598 etiam
655 5559 751 5612 per
794 5559 882 5597 res
925 5545 1071 5613 ipsas
1109 5544 1497 5600 demonstravit
1529 5563 1541 5598 :
1572 5559 1635 5600 ac
1675 5546 1902 5615 primum

308 5633 530 5704 quidem
555 5635 699 5704 quod
725 5635 991 5692 sacriﬁcia
1019 5647 1074 5691 et
1101 5637 1574 5693 sanctiﬁcationem
1604 5653 1818 5692 onmem
1850 5640 1902 5692 in

309 5739 418 5778 uno
446 5724 598 5793 loco,
629 5725 734 5780 hoc
757 5735 842 5782 est
869 5725 926 5781 in
957 5729 1184 5798 templo,
1210 5729 1568 5794 concluserit,
1605 5741 1765 5801 atque
1803 5731 1906 5787 hoc

309 5816 488 5886 ipsum
515 5818 776 5890 templum
809 5830 994 5890 postea
1023 5821 1352 5877 destructum
1382 5823 1471 5878 sit.
1502 5823 1613 5878 Nisi
1641 5823 1783 5879 enim
1813 5838 1902 5879 sa-

312 5908 516 5967 crificia
540 5920 597 5968 et
623 5912 796 5983 legem
825 5928 1040 5970 omnem
1069 5914 1137 5971 de
1168 5917 1251 5969 his
1291 5915 1585 5971 institutam
1617 5918 1776 5972 ﬁnem
1809 5916 1906 5973 lia-

1389 467 1456 522 lN
1495 465 1710 522 EPIST.
1753 463 1794 519 ll
1861 462 1952 517 AD
1989 461 2144 517 (30R.
2189 463 2418 519 HOMIL.
2458 461 2572 518 νη.

3505 468 3610 524 ιω

2021 576 2149 632 bere
2172 578 2451 644 voluisset,
2475 577 2702 633 duorum
2723 577 2950 632 alterum
2977 576 3211 643 fecisset,
3235 586 3328 633 aut
3351 579 3607 651 templum

2018 685 2124 723 non
2161 669 2503 734 sustulisset,
2533 679 2620 723 aut
2642 712 2662 741 ,
2701 671 2746 724 si
2789 669 3132 736 sustulisset,
3161 672 3420 726 sacriﬁcia
3459 684 3608 730 certe

2014 761 2133 815 aliis
2164 760 2216 815 in
2253 760 2384 816 locis
2415 761 2529 816 ﬁeri
2560 776 2665 816 non
2695 761 3076 830 prohibuisset.
3111 761 3263 817 Nunc
3288 779 3418 818 vero
3437 805 3452 826 ,
3480 779 3605 818 eum

2014 852 2266 907 universo
2284 862 2548 907 terrarum
2571 853 2686 909 orbi
2714 863 2769 908 et
2799 854 2896 922 ipsi
2925 870 3141 924 quoque
3166 855 3464 909 Jerusalem
3488 855 3604 910 adi~

2013 953 2126 998 tum
2165 944 2230 998 ad
2270 943 2574 1013 hujusmodi
2622 945 2881 999 sacriﬁcia
2926 947 3254 1014 praeclusvrit
3279 987 3292 1009 ,
3323 948 3605 1016 solumque

2015 1037 2268 1106 templum
2319 1036 2448 1106 ipsis
2495 1037 2802 1106 permiserit
2840 1047 2896 1092 et
2942 1037 3258 1108 assignarit,
3299 1047 3459 1107 atque
3503 1036 3607 1094 hoc

2012 1129 2186 1197 ipsum
2217 1138 2397 1198 postea
2427 1128 2703 1182 sustulerit
2731 1145 2744 1181 :
2771 1143 2869 1198 per
2897 1143 2984 1183 res
3009 1129 3153 1197 ipsas
3184 1128 3396 1183 tandem
3423 1128 3607 1182 deela-

2011 1220 2181 1286 ravit,
2212 1219 2344 1288 legis
2372 1219 2506 1273 ritus
2534 1235 2630 1289 per
2657 1217 2927 1273 Christum
2973 1219 3134 1273 ﬁnem
3176 1219 3449 1288 accepisse
3481 1237 3493 1270 :
3524 1220 3602 1272 si—

2009 1312 2226 1382 quidem
2254 1311 2512 1380 templum
2541 1325 2570 1365 a
2595 1308 2811 1365 Christo
2837 1310 3106 1365 sublatum
3129 1319 3232 1364 est.
3256 1310 3409 1376 Quod
3436 1311 3480 1365 si
3507 1324 3605 1379 per

2012 1403 2173 1458 verba
2203 1417 2418 1473 quoque
2453 1401 2636 1458 videre
2674 1403 2838 1468 libet,
2884 1403 3154 1472 quomodo
3199 1418 3294 1472 per
3330 1391 3622 1458 Christum.

2009 1493 2096 1548 lex
2125 1494 2376 1566 abrogata
2403 1493 2495 1563 sit,
2525 1495 2813 1563 ipsummet
2851 1495 3212 1566 lcgislatorem
3239 1496 3383 1560 audi,
3409 1497 3487 1552 sic
3516 1497 3602 1551 lo-

2007 1597 2262 1658 quentem
2291 1605 2306 1645 :
2335 1587 2651 1659 Prophetam
2686 1588 2824 1643 vobis
2862 1588 3124 1644 suscitabt't
3162 1588 3303 1644 Deus
3339 1590 3402 1645 de
3435 1592 3603 1646 medio

2008 1686 2228 1752 fratrum
2271 1692 2550 1737 uestrorum
2572 1724 2589 1749 ,
2637 1691 2896 1754 tamquam
2941 1699 3020 1736 nte
3045 1699 3065 1737 :
3088 1683 3256 1750 ipsum
3293 1685 3510 1738 audietis
3546 1684 3602 1739 in

2008 1773 2260 1840 omnibus,
2289 1789 2616 1843 quiscumque
2652 1774 2965 1828 mandaverit
3003 1774 3161 1828 vobis.
3196 1772 3264 1828 Et
3293 1775 3407 1839 erit,
3438 1777 3603 1828 omnis

2007 1866 2180 1919 anima
2203 1881 2316 1935 qua:
2341 1866 2640 1937 prophetam
2668 1865 2816 1920 illum
2846 1882 2948 1919 non
2975 1865 3216 1932 audierit,
3246 1867 3605 1920 exterminabi-

2008 1970 2091 2014 tur
2119 1960 2302 2030 (Deut.
2336 1961 2422 2017 18.
2453 1961 2540 2016 18.
2572 1960 2684 2032 19).
2723 1960 2884 2016 Vides
2912 1976 3017 2030 quo
3043 1970 3202 2030 pacto
3229 1961 3314 2015 lex
3342 1960 3596 2015 ostende-

2009 2057 2112 2118 rit,
2139 2053 2282 2124 quod
2317 2053 2369 2108 in
2406 2052 2622 2109 Christo
2661 2052 2821 2108 ﬁnem
2864 2062 3150 2122 acceptura
3174 2053 3358 2108 esset?
3383 2051 3599 2108 Etenim

2008 2146 2264 2215 propheta
2307 2145 2430 2212 hic,
2475 2144 2528 2199 id
2569 2155 2686 2210 est,
2722 2143 2967 2200 Christus
3006 2143 3300 2200 secundum
3338 2160 3600 2209 carnem,

2006 2253 2166 2307 quem
2193 2237 2368 2293 Moses
2394 2239 2582 2294 audire
2620 2239 2810 2308 jussit,
2839 2247 2895 2292 et
2923 2237 3203 2292 sabbatum
3232 2249 3286 2292 et
3315 2238 3600 2293 circumci-

2005 2331 2216 2386 sionem
2247 2331 2457 2400 aliaque
2482 2331 2660 2385 omnia
2691 2329 2924 2385 sustulit.
2956 2329 3034 2383 Ac
3065 2329 3228 2382 David
3258 2328 3360 2383 hoe
3387 2345 3599 2399 quoque

2007 2420 2179 2490 ipsum
2207 2419 2471 2482 indicans,
2503 2420 2572 2475 de
2599 2419 2814 2476 Christo
2837 2419 3050 2473 dicebat
3073 2436 3086 2472 :
3111 2417 3193 2472 Tu
3215 2435 3268 2472 es
3287 2419 3599 2473 sacerdosin

2005 2524 2251 2568 wternum
2292 2513 2570 2567 secundum
2614 2512 2844 2566 ordinem
2885 2509 3221 2564 Melchisedcc
3252 2510 3271 2580 (
3289 2509 3438 2564 Psal.
3471 2510 3594 2566 109.

2003 2606 2086 2674 4),
2113 2621 2218 2658 non
2244 2612 2422 2658 autem
2447 2602 2743 2658 secundum
2767 2601 3008 2656 ordinem
3036 2603 3236 2656 Aaron.
3267 2601 3347 2655 0b
3371 2615 3597 2670 eamque

2003 2710 2219 2750 causam
2246 2695 2441 2750 Paulus
2467 2693 2749 2764 perspicue
2780 2691 2881 2746 hoc
2908 2707 3184 2760 exponens
3203 2731 3218 2758 ,
3250 2693 3325 2745 ait
3350 2709 3362 2746 :
3395 2691 3594 2746 Trans-

2004 2786 2109 2840 lato
2134 2786 2436 2852 sacerdotio,
2466 2801 2664 2838 necesse
2683 2795 2755 2838 est
2780 2793 2834 2838 ut
2858 2783 2983 2853 legis
3007 2783 3272 2837 translatio
3293 2784 3385 2852 fiat
3406 2783 3592 2854 (Hebr.

2005 2881 2057 2936 7.
2085 2881 2196 2951 12).
2219 2883 2394 2951 Atque
2414 2880 2520 2933 alio
2549 2880 2665 2933 loco
2693 2878 2776 2932 his
2797 2892 3010 2932 rursum
3035 2876 3214 2931 verbis
3246 2877 3410 2931 utitur
3441 2895 3454 2931 :
3487 2877 3592 2929 Sa-

2003 2974 2252 3042 criﬁcium
2281 2981 2326 3026 et
2351 2973 2650 3026 oblationem
2677 2969 2884 3024 noluisti
2909 2985 2928 3023 :
2955 2967 3252 3024 holocausta
3278 2978 3324 3021 et
3353 2985 3445 3037 pro
3477 2984 3596 3036 pec-

2001 3075 2116 3119 cato
2143 3081 2245 3118 non
2281 3063 2576 3132 placuerunt
2603 3061 2688 3114 tibi
2719 3075 2738 3113 :
2766 3071 2885 3115 tunc
2914 3060 3023 3115 dixi
3041 3101 3056 3125 ,
3083 3058 3218 3113 Ecce
3250 3059 3391 3113 venio
3420 3057 3593 3130 (Psal.

2003 3158 2093 3214 59.
2120 3157 2180 3215 7;
2227 3154 2387 3209 Ilebr.
2430 3153 2519 3207 10.
2547 3152 2709 3221 5-7).
2753 3153 2927 3221 Atque
2964 3151 3066 3205 alia
3111 3151 3280 3206 multo
3321 3150 3402 3205 his
3443 3150 3596 3220 plura

2005 3249 2310 3304 testimonia
2340 3264 2406 3301 ex
2441 3247 2616 3301 Veteri
2651 3244 2993 3300 Testamento
3023 3247 3265 3315 proferre
3295 3245 3438 3310 licet,
3472 3245 3595 3315 qui-

2003 3341 2123 3408 bus,
2152 3340 2421 3410 quomodo
2451 3340 2536 3394 lex
2570 3355 2664 3408 per
2688 3337 2957 3394 Christum
2987 3338 3240 3409 abrogata
3271 3339 3362 3403 sit,
3392 3339 3597 3408 perspi-

2003 3449 2162 3489 cuum
2190 3434 2298 3487 ﬁat.
2321 3433 2500 3501 itaque
2530 3441 2876 3500 posteaquam
2903 3445 2932 3482 a
2961 3430 3076 3499 lege
3102 3431 3448 3492 abscesseris.
3477 3442 3589 3485 tum

2001 3524 2219 3579 demum
2265 3525 2436 3592 legem
2488 3522 2709 3590 pulchre
2757 3521 3047 3590 perspicies
3075 3538 3090 3576 :
3117 3522 3368 3589 quamdiu
3411 3534 3590 3577 autem

2003 3631 2122 3672 eam
2149 3615 2457 3679 retinueris,
2489 3629 2589 3668 nec
2615 3612 2827 3668 Christo
2851 3613 3164 3678 credideris,
3190 3629 3258 3668 ne
3283 3614 3455 3683 legem
3477 3615 3595 3684 qui-

2002 3705 2124 3760 dem
2172 3705 2341 3774 ipsam
2388 3712 2726 3773 perspectam
2772 3703 3051 3757 habiturus
3089 3718 3167 3758 es.
3207 3703 3455 3767 ldeo,,ut
3493 3705 3595 3759 hoc

2006 3799 2178 3866 ipsum
2207 3796 2531 3851 luculentius
2559 3795 2819 3861 adsuuat,
2849 3795 3158 3864 subjunxit:
3185 3796 3270 3850 15.
3302 3795 3408 3850 Sed
3429 3798 3478 3849 in
3505 3799 3597 3850 lio-

2003 3890 2235 3943 diernum
2263 3905 2418 3959 usque
2446 3889 2598 3953 diem,
2628 3904 2744 3941 cum
2773 3887 2957 3957 legitur
2987 3886 3212 3956 Moyses,
3243 3889 3466 3942 velamen
3498 3906 3595 3958 po-

2003 3981 2153 4034 situm
2179 3988 2250 4033 est
2276 3995 2428 4047 super
2464 3995 2551 4030 cor
2589 3993 2781 4032 eorum.
2811 3978 3072 4044 Quoniam
3102 3981 3244 4032 enim
3275 3978 3512 4041 dixerat,
3542 3980 3595 4034 in

2006 4071 2214 4126 Veteris
2237 4071 2277 4123 Τ
2281 4070 2563 4124 estamenti
2588 4069 2817 4123 lectione
2843 4070 3082 4123 velamen
3111 4085 3362 4136 manere;
3389 4087 3456 4126 ne
3476 4073 3597 4141 quis

2005 4163 2122 4219 hmo
2147 4163 2306 4218 verba
2333 4161 2400 4218 de
2438 4163 2567 4230 legis
2596 4161 2922 4215 obscuritate
2961 4161 3300 4232 intelligenda
3331 4178 3451 4218 esse
3474 4166 3593 4219 exi-

2004 4258 2266 4317 sutnaret,
2301 4266 2409 4308 tum
2438 4271 2534 4325 per
2557 4256 2657 4308 alia
2685 4254 2842 4308 verba
2873 4256 2972 4310 hoc
2998 4256 3170 4324 ipsum
3200 4258 3347 4325 prius
3371 4258 3595 4312 demon-

2003 4349 2191 4404 stravit
2222 4347 2367 4420 (nam
2398 4363 2519 4402 cum
2550 4347 2795 4412 dixisset,
2828 4347 3002 4401 Obtusi
3043 4360 3162 4403 sunt
3187 4367 3366 4404 sensus
3399 4367 3594 4418 eorum,

2004 4442 2238 4496 ostendit
2262 4457 2356 4496 eos
2379 4441 2430 4496 iu
2457 4442 2612 4510 culpa
2633 4441 2809 4513 esse);
2845 4451 2952 4496 tuin
2982 4458 3165 4497 rursus
3190 4444 3242 4498 in
3277 4445 3358 4497 his
3384 4459 3597 4513 qu0que

2004 4534 2203 4586 verbis.
2252 4531 2366 4586 Non
2408 4533 2550 4586 enim
2592 4533 2759 4595 dixit,
2792 4533 2847 4587 In
2884 4533 3050 4588 literis
3089 4546 3270 4588 manet
3310 4535 3592 4602 velamen,

2006 4624 2122 4689 sed,
2152 4622 2218 4678 In
2249 4623 2500 4687 lectione;
2526 4623 2684 4678 lectio
2711 4639 2870 4692 porro
2899 4624 3185 4694 legentium
3213 4627 3354 4680 actio
3380 4639 3461 4680 est
3492 4645 3504 4682 :
3533 4643 3597 4682 ac

2006 4734 2249 4783 rursum,
2281 4719 2409 4773 Cum
2445 4719 2626 4788 legitur
2656 4717 2881 4788 Moyses.
2926 4719 3216 4774 Dilucidius
3244 4730 3420 4775 autem
3455 4721 3596 4780 istud

2005 4811 2260 4879 deinceps
2300 4811 2547 4864 indicavit
2576 4852 2592 4876 ,
2624 4821 2810 4880 aperte
2838 4811 3056 4876 dicens,
3100 4810 3335 4867 Velamen
3377 4816 3597 4882 positum

2005 4913 2080 4957 est
2107 4917 2260 4968 super
2284 4917 2370 4953 cor
2391 4917 2587 4953 eorum.
2616 4900 3055 4971 Quandoquidem
3095 4911 3149 4956 et
3186 4903 3240 4956 in
3271 4903 3430 4958 Musis
3461 4905 3598 4963 facie

2008 5013 2113 5052 non
2141 4997 2211 5051 ob
2237 4997 2436 5050 Mosem
2465 4996 2689 5064 positum
2712 5007 2847 5061 erat,
2872 4996 2966 5050 sed
2997 5006 3217 5067 prOplcr
3239 5013 3423 5053 eorum
3450 5015 3599 5054 eras-

2007 5089 2181 5143 sitiem
2209 5098 2261 5141 et
2293 5087 2562 5142 carnalem
2594 5098 2848 5141 mentem.

2079 5179 2134 5233 4.
2165 5177 2300 5232 Cum
2329 5179 2488 5249 igitur
2517 5193 2612 5232 eos
2643 5180 2772 5232 satis
2799 5178 3148 5247 coarguissct,
3170 5179 3281 5247 jam
3308 5183 3602 5236 correctio-

2009 5272 2094 5326 nis
2121 5271 2281 5327 etiam
2309 5271 2524 5326 modum
2551 5270 2806 5326 ostendit.
2834 5271 3060 5336 Quinam
3093 5282 3268 5328 autem
3300 5273 3384 5328 hic
3408 5275 3599 5329 modus

2005 5363 2123 5417 est?
2156 5363 2242 5416 16.
2274 5361 2403 5416 Cum
2431 5372 2599 5415 autem
2624 5377 2890 5416 conversus
2911 5362 3064 5432 fuerit
3083 5363 3151 5415 ad
3175 5362 3472 5429 Dominum,
3499 5367 3600 5419 hoc

2008 5464 2108 5519 est,
2139 5469 2169 5508 a
2200 5454 2317 5524 lege
2346 5453 2687 5519 abscesserit,
2721 5457 2977 5524 auferetur
3006 5454 3252 5508 velamen.
3287 5455 3473 5510 Viden’
3502 5472 3596 5511 ve-

2009 5547 2186 5600 lamen
2214 5544 2342 5600 illud
2373 5560 2477 5599 non
2506 5545 2694 5598 faciem
2732 5545 2922 5610 Musis,
2951 5546 3043 5600 sed
3073 5547 3261 5600 faciem
3291 5546 3595 5603 .lunazormv

2009 5639 2320 5694 obtexisse?
2344 5637 2458 5693 Non
2482 5639 2623 5692 enim
2645 5647 2703 5691 ut
2725 5637 2886 5692 Mosis
2909 5639 3074 5708 gloria
3097 5638 3473 5705 occultaretur,
3500 5639 3602 5694 hoc

2011 5733 2194 5794 ﬁebat,
2218 5731 2315 5787 sed
2335 5746 2403 5786 ne
2423 5731 2498 5786 illi
2521 5730 2800 5786 viderent:
2821 5745 2996 5800 neque
3015 5732 3159 5786 enim
3179 5745 3404 5799 capaces
3424 5743 3598 5786 erant.

2010 5823 2192 5894 Itaque
2232 5824 2445 5877 illorum
2493 5823 2593 5877 hoc
2633 5822 2818 5876 vitium
2863 5832 2981 5876 erat
3013 5839 3028 5876 :
3063 5837 3234 5889 neque
3262 5823 3404 5876 enim
3441 5823 3598 5891 fecit,

2011 5928 2068 5971 ut
2097 5917 2186 5972 ille
2211 5915 2496 5987 quidquam
2526 5915 2814 5986 ignoraret,
2842 5913 2937 5969 sed
2969 5923 3025 5967 ut
3052 5914 3152 5969 illi.
3183 5914 3289 5968 Nec
3317 5913 3456 5970 dixit
3483 5915 3599 5987 qui-
