4068 6418
444 491 544 546 H7

442 607 586 671 dem,
611 602 746 659 Cum
769 603 940 672 legem
960 594 1236 666 reliquerit
1259 609 1273 657 ;
1298 592 1394 647 sed
1415 591 1518 644 hoc
1537 585 1891 644 subindicavit
1913 597 2036 638 cum

445 702 648 756 diceret
678 717 694 754 :
721 695 849 752 Cum
881 694 1012 748 enim
1040 703 1308 744 conversus
1336 686 1488 756 fuerit
1515 681 1583 736 ad
1621 680 1916 742 Dominum,
1943 693 2040 730 auo

449 793 636 862 feretur
663 788 908 842 velamen.
935 783 1016 838 Ad
1042 791 1344 837 extremum
1377 790 1546 845 usque
1573 775 1627 828 in
1656 772 1876 827 historia
1913 786 2037 840 per-

450 881 600 936 stitit.
629 877 837 933 Etenim
859 890 982 929 cum
1001 873 1177 928 Moses
1196 869 1414 926 Iudaeos
1435 868 1820 936 alloqueretur,
1848 862 2038 916 faciem

451 986 598 1028 suam
626 968 940 1030 obvelabat;
965 981 1085 1019 cum
1115 971 1294 1016 autem
1323 960 1388 1014 ad
1418 958 1699 1012 Dominum
1729 969 1788 1008 se
1813 967 2037 1007 conver-

453 1065 626 1130 tebat,
655 1077 772 1116 eam
804 1058 1106 1129 detegebat.
1153 1056 1264 1109 lloe
1307 1065 1485 1106 autem
1529 1049 1608 1104 rei
1650 1047 1840 1100 futurae
1876 1045 2041 1112 ﬁgura

447 1165 602 1220 erat;
641 1167 834 1221 nempe
872 1150 1012 1218 qttod
1034 1189 1049 1213 ,
1081 1162 1202 1202 cum
1229 1145 1294 1199 ad
1326 1143 1608 1197 Dominum
1637 1138 1883 1207 nosipSos
1909 1151 2040 1189 con-

453 1246 773 1302 verterimus
796 1287 809 1306 ,
841 1250 966 1297 tunc
993 1241 1130 1310 legis
1157 1239 1384 1309 gloriam
1413 1251 1475 1289 ac
1507 1233 1701 1288 nudam
1729 1227 2045 1299 legislatoris

453 1342 644 1396 faciem
690 1337 1076 1408 perspiciemus
1108 1347 1124 1389 :
1154 1331 1260 1384 imo
1301 1345 1405 1382 non
1449 1326 1552 1380 hoc
1592 1333 1797 1378 tantum
1821 1362 1837 1386 ,
1867 1319 1958 1374 sed
1995 1319 2046 1372 in

455 1429 618 1486 Musis
646 1429 819 1482 classe
859 1433 1018 1493 atque
1059 1421 1248 1476 ordine
1286 1419 1506 1472 erimus.
1552 1413 1712 1468 Vides
1746 1426 1854 1481 quo
1889 1417 2048 1479 pacto

454 1524 699 1580 Judaeum
731 1521 796 1575 ad
832 1519 988 1572 ﬁdem
1017 1515 1254 1571 excitet?
1289 1513 1416 1567 dum
1446 1508 1681 1564 ostendit
1715 1521 1837 1561 eum
1863 1547 1876 1568 ,
1905 1506 1950 1558 si
1981 1503 2047 1558 ad

456 1617 616 1670 Iidem
648 1610 956 1673 accesserit,
981 1623 1086 1662 non
1110 1605 1268 1660 modo
1292 1603 1494 1659 Mosem
1523 1600 1715 1654 intueri
1746 1611 1925 1669 posse,
1953 1596 2048 1650 sed

455 1709 618 1762 etiam
647 1706 701 1758 in
728 1703 917 1758 eodem
943 1715 1048 1769 quo
1077 1697 1349 1766 legislator
1371 1695 1457 1748 ille
1477 1692 1646 1763 gradu
1674 1700 1833 1760 atque
1857 1688 2050 1743 ordine

455 1813 602 1854 esse.
631 1795 748 1850 Non
782 1793 940 1848 modo
978 1790 1123 1844 enim
1157 1802 1276 1842 eam
1317 1785 1540 1856 gloriam
1583 1796 1810 1846 cernes,
1841 1781 2050 1850 inquit,

463 1906 622 1962 quam
649 1898 762 1944 tum
792 1886 1012 1942 minime
1038 1883 1216 1938 vidisti
1242 1923 1258 1948 ,
1289 1880 1385 1937 sed
1414 1888 1469 1934 et
1504 1881 1620 1948 ipse
1654 1879 1707 1932 in
1737 1876 1923 1932 eadem
1951 1889 2053 1943 qua

459 1985 550 2038 ille
578 1981 744 2052 gloria
778 1979 986 2033 futurus
1013 1990 1090 2035 es.
1117 1975 1226 2030 into
1252 1973 1422 2027 multo
1446 1971 1606 2026 etiam
1641 1970 1865 2037 majore,
1897 1975 2056 2034 atque

459 2081 610 2127 tanta
631 2113 646 2136 ,
677 2079 736 2124 ttt
762 2085 830 2124 ne
869 2068 956 2121 illa
986 2065 1202 2136 quidem
1233 2064 1417 2132 gloria:
1446 2061 1681 2130 speciem
1719 2057 1983 2128 prazbeat,
2012 2053 2057 2108 si

460 2181 585 2221 cum
622 2163 722 2217 hac
761 2171 1124 2228 comparetur.
1164 2156 1407 2224 Quonam
1441 2153 1657 2208 tandem
1688 2149 1884 2205 modo?
1909 2148 2059 2216 Quo-

466 2260 610 2314 niam
636 2297 652 2321 ,
681 2270 803 2310 cum
832 2252 898 2306 ad
933 2251 1214 2306 Dominum
1257 2262 1552 2304 conversus
1578 2246 1744 2301 fueris
1766 2287 1782 2311 ,
1814 2255 1973 2314 atque
2004 2243 2058 2297 in

464 2349 635 2421 gratia
664 2361 787 2402 esse
815 2344 1066 2414 cteperis,
1097 2342 1186 2396 illa
1223 2341 1388 2412 gloria
1419 2339 1643 2406 frueris,
1669 2353 1788 2393 cum
1815 2351 1917 2406 qua
1944 2334 2062 2388 Mo-

465 2441 542 2495 sis
571 2438 736 2508 gloria
763 2435 978 2495 collata,
1008 2448 1178 2502 usque
1204 2430 1341 2485 adeo
1373 2427 1596 2483 inferior
1621 2435 1724 2493 est,
1753 2435 1813 2481 ut
1849 2440 1916 2480 ne
1943 2425 2060 2496 glo-

467 2531 546 2585 ria
573 2527 787 2598 quidem
818 2525 908 2581 sit.
943 2525 1006 2578 Et
1034 2532 1210 2577 tamen
1243 2521 1489 2592 quamvis
1513 2520 1708 2590 exigua
1734 2534 1796 2573 ea
1824 2518 1914 2582 sit,
1947 2517 2063 2571 lon-

467 2634 640 2692 geque
685 2618 861 2672 minor
899 2615 1036 2678 ista,
1070 2622 1246 2667 tamen
1287 2611 1542 2683 quamdiu
1576 2609 1794 2664 Iudaeus
1819 2609 1927 2663 eris
1951 2649 1964 2672 ,
1995 2623 2065 2662 ne

473 2713 616 2766 hanc
643 2708 856 2778 quidem
891 2706 1279 2774 consequeris;
1321 2716 1452 2771 ergo
1496 2715 1671 2772 neque
1719 2711 1844 2754 tunc
1891 2697 2066 2754 Judaei

472 2803 620 2859 illam
652 2800 922 2864 videbant,
955 2811 1128 2865 neque
1167 2809 1308 2849 nunc
1335 2793 1520 2847 vident
1549 2810 1562 2846 :
1601 2793 1646 2846 si
1689 2801 1864 2846 autem
1907 2790 2064 2844 iidem

475 2893 754 2961 amplexus
781 2890 960 2950 lueris,
992 2891 1090 2940 hac
1117 2886 1287 2939 multo
1313 2885 1573 2954 majorem
1600 2883 1781 2938 divino
1809 2880 2070 2937 beneﬁcio

478 2983 796 3055 perspicies.
825 2981 892 3034 Et
919 2979 1131 3048 quidem
1157 3019 1172 3042 ,
1199 2992 1321 3032 cum
1362 2976 1609 3031 ﬁdelibus
1638 2976 1800 3030 verba
1834 2975 2065 3040 faceret,

475 3076 832 3148 gloriﬁcatum
873 3073 1037 3126 fuisse
1064 3072 1293 3140 negabat
1319 3070 1371 3123 id
1397 3069 1538 3138 quod
1569 3067 1918 3138 gloriﬁcatum
1951 3067 2068 3121 foc-

476 3177 563 3224 rat
583 3182 599 3220 :
621 3165 710 3219 hic
733 3173 910 3217 autem
933 3176 1038 3215 non
1062 3161 1155 3226 ita,
1181 3158 1277 3214 sed
1303 3175 1408 3228 quo
1437 3159 1634 3228 pacto?
1658 3157 1782 3210 Cum
1803 3171 2071 3210 conversus

480 3258 633 3331 fuerit
658 3256 724 3310 ad
754 3253 1047 3318 Dominum,
1079 3253 1283 3305 tolletur
1308 3251 1531 3304 velamen
1553 3266 1572 3314 ;
1597 3251 1801 3303 sensim
1826 3249 2072 3302 videlicet

480 3351 630 3406 illum
669 3345 1008 3407 subvehens,
1040 3359 1104 3398 ac
1140 3342 1370 3412 primum
1400 3341 1614 3412 quidem
1648 3342 1700 3395 in
1731 3342 1918 3396 eodem
1947 3355 2069 3395 cum

483 3443 633 3498 alose
661 3439 827 3510 gradu
851 3438 1142 3499 collocans,
1168 3434 1364 3490 deinde
1389 3442 1566 3488 autem
1597 3434 1860 3502 majorum
1892 3449 2071 3488 rerum

481 3541 790 3590 cnnsortem
823 3544 944 3584 eum
977 3527 1196 3581 faciens.
1225 3531 1360 3581 Nam
1388 3540 1509 3580 cum
1543 3525 1762 3588 Mosem,
1797 3524 1985 3594 inquit,
2019 3525 2072 3578 in

482 3623 652 3695 gloria
692 3620 890 3674 videris
913 3661 928 3684 ,
971 3627 1080 3672 tum
1119 3616 1331 3672 demum
1366 3616 1433 3670 ad
1477 3617 1641 3671 Deum
1673 3625 1724 3670 te
1752 3624 2071 3682 convertes,

484 3713 851 3784 amplioreque
890 3724 1050 3779 quam
1093 3709 1209 3762 haec
1252 3707 1322 3763 sit
1359 3709 1526 3778 gloria
1574 3708 1786 3762 frueris.
1826 3707 2008 3777 Itaque
2043 3722 2074 3761 a

487 3805 748 3872 principio
777 3801 895 3854 vide
919 3809 1175 3868 quotnam
1213 3813 1300 3853 res
1337 3798 1608 3868 posuerit,
1637 3815 1756 3868 qua:
1783 3799 2074 3853 discrimen

485 3895 781 3960 efﬁcerent,
809 3902 968 3962 atque
991 3890 1120 3945 illud
1145 3889 1511 3954 ostenderent,
1535 3890 1740 3944 Novum
1763 3890 2077 3944 Testamen-

488 3999 599 4042 tum
648 3984 822 4040 Veteri
872 3991 1158 4053 praistare,
1203 3997 1307 4036 non
1351 3991 1530 4035 autem
1568 3996 1688 4036 cum
1729 3996 1797 4036 eo
1840 3995 2078 4051 pugnare

487 4090 647 4148 atque
673 4075 773 4144 ipsi
799 4075 1094 4128 adversari.
1129 4073 1284 4139 Illud,
1317 4074 1510 4144 inquit,
1539 4084 1594 4129 et
1624 4073 1800 4141 litera,
1830 4084 1885 4128 et
1918 4075 2074 4142 lapis,

483 4179 544 4225 et
571 4168 759 4224 mortis
792 4165 1112 4220 ministratio
1151 4173 1293 4231 erat,
1323 4175 1376 4220 et
1410 4165 1693 4230 aboletur;
1723 4175 1777 4220 et
1806 4177 1982 4219 tamen
2012 4180 2080 4220 ne

490 4261 593 4315 hac
611 4257 825 4328 quidem
848 4257 1014 4327 gloria
1035 4255 1203 4310 Judaei
1229 4256 1370 4324 digni
1398 4256 1562 4311 habiti
1590 4268 1712 4311 sunt
1737 4277 1751 4311 :
1777 4255 1878 4312 hoc
1898 4266 2076 4312 autem

483 4350 721 4406 carnalis
743 4349 920 4403 tabula
946 4357 1050 4412 est,
1078 4356 1132 4402 et
1156 4349 1397 4416 spiritus,
1423 4356 1480 4403 et
1500 4348 1727 4418 justitia,
1753 4359 1809 4403 et
1831 4359 2082 4403 constan-

493 4453 575 4497 ter
599 4450 780 4496 manet
803 4457 818 4504 ;
851 4450 1012 4509 atque
1038 4453 1226 4494 onmes
1251 4454 1316 4494 eo
1336 4439 1480 4508 digni
1504 4439 1782 4505 habemur,
1813 4457 1916 4495 non
1944 4454 2082 4494 unus

494 4540 719 4596 tantum,
753 4540 810 4585 ut
836 4539 948 4583 tum
974 4528 1149 4584 Moses
1178 4529 1270 4582 illo
1297 4529 1503 4584 minore
1533 4547 1547 4583 ε
1581 4528 1692 4583 Nos
1720 4532 1861 4584 enim
1887 4547 2078 4596 omnes,

493 4623 686 4694 inquit,
714 4621 936 4675 revelata
959 4621 1090 4690 facie
1111 4620 1347 4691 gloriam,
1377 4635 1481 4674 non
1507 4621 1726 4692 Moysis,
1755 4624 1849 4678 sed
1877 4623 2084 4678 Domini

492 4715 771 4770 intuemur.
816 4711 1013 4766 Verum
1061 4712 1310 4782 quoniam
1359 4715 1630 4779 nonnulli,
1674 4715 1832 4770 rebus
1871 4733 1989 4787 qua:
2031 4719 2084 4772 in

495 4806 745 4861 confesso
779 4813 933 4858 erant
971 4803 1334 4870 reluctantes,
1363 4803 1481 4858 haec
1521 4806 1718 4871 verba,
1754 4807 1883 4862 Cum
1917 4818 2086 4862 autem

496 4911 766 4950 conversus
789 4894 941 4965 fuerit
964 4893 1032 4946 ad
1053 4891 1329 4947 Dominum
1346 4936 1361 4961 ,
1385 4895 1453 4950 de
1480 4895 1614 4951 Filio
1640 4896 1780 4951 dicta
1805 4914 1922 4954 esse
1951 4914 2085 4954 con-

500 4986 742 5052 tendunt,
766 4988 1068 5041 accuratius
1093 4986 1229 5041 istud
1253 4987 1634 5058 expendamus,
1659 4991 1790 5046 illud
1818 4993 1964 5061 prius
1990 5009 2088 5063 po-

500 5087 691 5133 nentes
715 5119 728 5140 ,
758 5078 899 5132 unde
926 5078 977 5131 id
1001 5093 1062 5133 se
1091 5079 1371 5134 adstruere
1413 5096 1475 5135 ac
1507 5083 1833 5140 conlirmare
1877 5095 2087 5155 putant.

499 5169 765 5237 Quidnam
793 5177 968 5224 autem
1002 5171 1105 5225 hoc
1133 5171 1252 5226 est?
1281 5171 1772 5240 Quemadmodum,
1803 5176 2085 5247 inquiunt,

500 5261 775 5330 Scriptura
801 5261 947 5324 dicit,
972 5261 1202 5332 Spiritus
1221 5271 1299 5317 est
1327 5263 1466 5317 Deus
1491 5281 1503 5318 :
1529 5265 1718 5320 eodem
1741 5267 1902 5322 modo
1928 5268 2089 5323 etiam

504 5353 608 5408 hoc
633 5352 772 5416 loco,
799 5351 1026 5422 Spiritus
1053 5353 1309 5408 Dominus
1335 5365 1437 5410 est.
1458 5355 1572 5412 Non
1590 5359 1732 5412 enim
1752 5359 1906 5422 dixit,
1922 5362 2092 5430 Spiri-

505 5455 589 5498 tus
619 5452 704 5498 est
739 5443 1014 5509 Dominus,
1044 5444 1159 5507 sed,
1196 5445 1452 5501 Dominus
1481 5457 1563 5503 est
1591 5449 1838 5519 Spiritus.
1868 5451 2089 5508 Multum

501 5552 666 5609 porro
711 5536 849 5589 inter
894 5535 1030 5590 hanc
1072 5548 1126 5592 et
1166 5537 1313 5592 illam
1355 5540 1800 5609 compositionem
1843 5542 2085 5598 interest.

505 5627 634 5681 Nam
656 5641 778 5681 cum
809 5625 879 5679 ita
907 5625 1049 5698 loqui
1078 5628 1211 5694 vult,
1243 5638 1297 5680 ut
1323 5635 1378 5682 tu
1403 5630 1502 5692 ais,
1526 5631 1787 5701 adjectivo
1808 5632 2091 5689 articulum

505 5735 611 5774 non
656 5717 823 5773 addit.
861 5717 999 5784 Quin
1041 5719 1198 5774 aliter
1241 5721 1404 5774 etiam
1441 5723 1619 5778 omnia
1656 5739 1755 5788 ea,
1784 5740 1904 5794 qua:
1933 5740 2091 5796 supra

504 5819 922 5864 commemorata
963 5818 1126 5875 sunt,
1155 5810 1221 5865 de
1246 5826 1476 5881 quonam
1505 5813 1738 5881 dixerit,
1768 5816 2044 5872 videamus
2073 5835 2088 5873 :

506 5898 650 5956 velut
675 5914 797 5955 cum
825 5901 1052 5968 dicebat,
1086 5900 1256 5956 Litera
1286 5903 1488 5972 occidit,
1515 5904 1739 5975 Spiritus
1769 5921 1933 5964 autent
1965 5909 2091 5964 vivi-

541 5999 583 6022 α

1240 476 1297 534 S.
1339 471 1618 532 JOANNIS
1652 461 2127 526 CIIRYSOSTOMI
2163 463 2482 520 ARCHIEP.
2521 463 3057 527 CONSTANTINOP.

3630 480 3748 539 με

2146 580 2307 649 ﬁcat;
2333 597 2396 637 ac
2418 597 2640 650 rursus,
2671 585 2880 657 Scripta
2914 605 3019 644 non
3058 598 3340 647 atramento
3360 633 3377 660 ,
3411 596 3501 650 sed
3536 594 3750 668 Spiritu

2143 670 2243 725 Dei
2282 673 2493 728 viventis
2521 691 2542 728 :
2571 684 2749 731 utrum
2782 677 2850 734 de
2890 678 3030 734 Filio
3066 695 3134 735 an
3174 681 3243 737 de
3280 681 3520 752 Spiritu?
3547 686 3752 760 Liquet

2143 762 2386 836 profecto
2413 766 2555 835 quod
2583 767 2651 822 de
2678 767 2880 838 Spiritu
2914 788 2927 824 :
2959 770 3027 826 ad
3063 787 3188 827 eum
3227 775 3369 828 enim
3404 790 3435 830 a
3465 776 3615 833 litera
3644 793 3757 836 eos

2146 855 2390 911 vocabat.
2427 856 2640 912 Etenim
2690 875 2758 914 ne
2799 861 2918 930 quis
2945 903 2958 925 ,
2989 877 3111 916 cum
3155 863 3384 933 Spiritus
3422 868 3745 924 vocabulum

2145 944 2466 1014 audivisset,
2497 964 2562 1003 ac
2589 948 2786 1005 deinde
2812 952 2915 1007 hoc
2943 967 3126 1008 secum
3165 967 3443 1026 reputans,
3473 959 3530 1014 Si
3565 959 3751 1018 Moses

2147 1037 2214 1090 ad
2250 1037 2528 1093 Dominum
2558 1055 2851 1097 conversus
2882 1043 3068 1110 luerit,
3098 1046 3214 1116 ipse
3245 1058 3432 1103 autem
3457 1049 3534 1104 ad
3564 1050 3745 1120 Spiri-

2151 1139 2264 1184 tum
2287 1172 2302 1195 ,
2336 1131 2589 1186 inferiore
2628 1135 2934 1189 conditione
2972 1151 3092 1192 esse
3121 1139 3474 1195 arbitraretur
3506 1159 3518 1194 :
3551 1153 3608 1197 ut
3639 1143 3743 1197 ltu-

2147 1222 2383 1291 jusmodi
2425 1226 2716 1294 suspicioni
2749 1229 3060 1297 medeatur,
3093 1231 3175 1286 his
3207 1233 3383 1288 verbis
3411 1235 3618 1290 utitur:
3650 1237 3738 1291 17.

2155 1314 2402 1368 Dominus
2444 1325 2614 1369 autem
2660 1317 2887 1388 Spiritus
2927 1330 3018 1373 est.
3072 1321 3186 1376 Hoc
3224 1333 3340 1388 est,
3375 1324 3494 1391 Ipse
3533 1341 3746 1397 quoque

2157 1403 2412 1460 Dominus
2455 1419 2557 1462 est.
2599 1409 2774 1478 Atque
2814 1419 2871 1464 ttt
2916 1412 3181 1482 intelligas
3221 1415 3322 1484 ipsi
3361 1415 3429 1470 dc
3470 1416 3745 1472 Paracleto

2155 1509 2458 1553 sermonem
2490 1515 2638 1565 esse,
2678 1501 2980 1570 subjunxit,
3020 1504 3118 1559 Ubi
3159 1515 3326 1561 autent
3370 1508 3598 1579 Spiritus
3639 1510 3746 1564 Do-

2156 1590 2300 1654 mini,
2326 1591 2396 1644 ibi
2431 1592 2656 1646 libertas.
2687 1593 2872 1664 Neque
2898 1597 3040 1650 enim
3064 1597 3286 1664 dixeris,
3315 1615 3434 1654 eum
3463 1601 3532 1654 ita
3561 1603 3753 1672 loquu-

2158 1693 2270 1737 tum
2298 1683 2464 1739 fuisse
2493 1702 2505 1736 :
2538 1684 2635 1740 Ubi
2665 1697 2842 1742 autem
2874 1688 3132 1744 Dominus
3165 1690 3391 1745 Domini.
3416 1691 3749 1749 Libertatem

2158 1784 2334 1830 autem
2366 1775 2538 1842 dixit,
2572 1777 2750 1831 habita
2786 1779 2993 1833 ratione
3035 1780 3274 1849 pristinae
3313 1782 3602 1837 servitutis.
3639 1783 3752 1838 De-

2159 1867 2304 1931 inde,
2333 1883 2400 1922 ne
2429 1883 2551 1922 eum
2579 1867 2646 1923 de
2672 1868 2847 1923 futuro
2875 1878 3117 1940 tempore
3141 1871 3284 1941 loqui
3312 1880 3486 1940 putes,
3515 1873 3627 1927 ait:
3655 1873 3750 1928 18.

2163 1957 2274 2012 Nos
2299 1969 2464 2012 autem
2489 1975 2661 2014 omnes
2687 1961 2906 2015 revelata
2933 1963 3064 2032 facie
3096 1963 3313 2035 gloriam
3339 1962 3548 2018 Domini
3570 1981 3758 2033 specu-

2163 2047 2326 2103 lantes
2345 2066 2364 2113 ;
2396 2065 2504 2104 non
2545 2050 2690 2105 illam
2714 2091 2732 2117 ,
2764 2052 2978 2123 inquam
3002 2094 3018 2118 ,
3047 2069 3166 2124 qua:
3197 2054 3357 2110 ﬁnem
3399 2057 3628 2126 accipit,
3655 2057 3754 2112 sed

2163 2155 2282 2210 quae
2321 2151 2538 2207 manet;
2569 2143 2624 2195 in
2666 2143 2895 2198 eamdem
2937 2145 3208 2215 imaginem
3257 2146 3684 2214 transformamur
3721 2163 3759 2200 α

2163 2232 2394 2286 claritate
2415 2232 2471 2286 in
2495 2234 2778 2288 claritatem
2801 2245 3057 2306 tamquam
3077 2253 3110 2290 a
3134 2235 3356 2291 Domino
3388 2237 3609 2308 Spiritu.

2237 2326 2464 2395 Spiritus
2493 2337 2698 2382 sanctus
2722 2329 2774 2382 in
2793 2327 2891 2382 Dei
2914 2330 3093 2384 ordine
3114 2331 3447 2387 est.—Vides
3473 2347 3578 2402 quo
3599 2341 3766 2403 pacto-

2165 2434 2351 2473 rursus
2397 2419 2654 2488 Spiritum
2703 2421 2756 2475 in
2799 2421 2893 2477 Dei
2939 2422 3133 2478 ordine
3175 2424 3427 2492 collocet,
3469 2440 3672 2496 eosque
3701 2428 3758 2482 in

2165 2513 2531 2581 apostolorum
2579 2513 2808 2568 classem
2853 2513 3163 2569 subvehat?
3195 2516 3408 2571 Etenim
3439 2520 3587 2587 prius
3609 2519 3764 2574 dixe-

2167 2613 2272 2668 rat,
2305 2603 2538 2673 Epistola
2586 2605 2704 2660 estis
2734 2604 2962 2668 Christi;
3002 2616 3057 2662 et
3108 2606 3211 2662 hoc
3249 2610 3387 2676 loco,
3439 2608 3555 2665 Nos
3591 2621 3772 2664 autem-

2166 2712 2342 2754 omnes
2369 2697 2590 2750 revelata
2633 2698 2782 2768 facie.
2817 2699 2978 2769 Atqui
3021 2700 3120 2768 ipsi
3152 2702 3343 2771 legem,
3378 2701 3538 2757 Mosis
3569 2705 3760 2769 instar,

2171 2799 2442 2859 gestantes
2466 2803 2744 2846 venerant.
2785 2790 2892 2847 Sed
2920 2793 3394 2862 quemadmodum,
3431 2794 3618 2866 inquit,
3663 2811 3772 2850 nos

2171 2885 2436 2939 velamine
2468 2901 2572 2938 non
2604 2899 2738 2954 opus
2769 2885 3054 2940 habuimus
3084 2904 3098 2940 :
3132 2887 3211 2942 sic
3251 2903 3351 2942 nec
3380 2904 3477 2944 vos
3518 2889 3763 2959 quidem,

2174 2977 2262 3045 qui
2303 2977 2638 3046 evangelium
2680 2977 3014 3046 suscepistis.
3063 2978 3221 3048 Atqui
3266 2979 3424 3050 longe
3468 2981 3640 3048 major
3679 2991 3766 3036 est

2174 3065 2292 3120 lucc
2329 3067 2530 3136 gloria;
2563 3083 2736 3138 neque
2764 3069 2906 3122 enim
2935 3070 3112 3124 vultus
3142 3071 3309 3124 nostri
3338 3081 3442 3139 est,
3473 3073 3564 3127 sed
3596 3073 3768 3140 Spiri-

2177 3167 2262 3214 tus
2291 3177 2302 3212 :
2338 3168 2394 3213 et
2437 3168 2615 3214 tamen
2643 3177 2762 3228 vos,
2793 3178 2946 3232 aeque
2974 3179 3038 3218 ac
3083 3178 3202 3230 nos,
3250 3165 3300 3218 in
3332 3181 3451 3220 eam
3488 3166 3767 3221 oculorum

2177 3251 2346 3306 aciem
2375 3252 2654 3308 intendere
2679 3254 2923 3324 potestis.
2955 3253 3033 3308 Illi
3062 3271 3292 3324 namque
3321 3271 3418 3310 nec
3443 3273 3540 3326 per
3567 3259 3770 3313 media-

2180 3351 2390 3409 torem;
2418 3359 2512 3398 vos
2539 3355 2718 3400 autem
2745 3346 2861 3399 sine
2900 3345 3195 3400 mediatore
3239 3349 3461 3416 potestis
3506 3351 3767 3416 majorem

2182 3436 2409 3492 videre:
2440 3436 2515 3490 illi
2565 3435 2725 3490 Mosis
2771 3436 2960 3490 faciem
3015 3452 3239 3492 cernere
3289 3454 3392 3492 non
3438 3450 3768 3510 potuerunt;

2179 3537 2275 3580 vos
2292 3528 2522 3594 Spiritus
2540 3543 2752 3598 quoque
2767 3527 2992 3598 gloriam
3022 3530 3264 3598 potestis.
3289 3531 3440 3598 Quod
3468 3533 3512 3586 si
3538 3533 3772 3602 Spiritus

2180 3618 2490 3673 inferiorem
2537 3620 2713 3673 locum
2764 3619 3055 3686 obtineret,
3088 3619 3205 3675 ιιωο
3233 3632 3404 3690 certe,
3435 3632 3494 3679 ut
3521 3625 3624 3680 illis
3652 3642 3771 3681 ma-

2176 3709 2316 3780 jora,
2349 3711 2572 3764 minime
2604 3711 2891 3780 posuisset.

2347 3801 2613 3868 Quidnam
2648 3813 2828 3857 autem
2869 3812 2972 3869 est,
3003 3802 3231 3859 Gloriam
3268 3805 3474 3861 Domini
3501 3809 3772 3880 speculan-

2181 3903 2274 3956 tes,
2304 3895 2358 3947 in
2386 3894 2612 3947 eamdem
2640 3895 2914 3964 imaginem
2944 3900 3408 3967 transformamur?
3437 3901 3688 3971 Apertius
3718 3901 3770 3956 id

2181 3983 2397 4053 quidem
2427 3984 2916 4051 demonstrabatur,
2950 4001 3071 4041 cum
3105 3988 3480 4044 miraculorum
3503 3991 3641 4046 dona
3663 3992 3769 4046 vim

2182 4091 2333 4130 suam
2362 4086 2677 4131 exsererent
2706 4093 2720 4130 :
2755 4087 2934 4132 tamen
2966 4094 3033 4133 ne
3063 4095 3205 4134 nunc
3231 4081 3444 4150 quidem
3486 4081 3537 4137 id
3568 4083 3771 4152 perspi-

2183 4184 2310 4224 cere
2338 4167 2557 4224 dil‘ﬁcile
2603 4168 2763 4224 fuerit
2791 4171 2862 4237 ei,
2892 4171 2982 4241 qui
3015 4171 3138 4229 ﬁdei
3167 4175 3336 4228 oculis
3376 4175 3630 4245 praeditus
3661 4175 3776 4232 fue-

2183 4259 2275 4314 rit.
2306 4259 2439 4314 Nam
2471 4259 2629 4314 simul
2651 4269 2812 4329 atque
2840 4261 3190 4330 baptizamur,
3217 4279 3378 4332 supra
3405 4267 3574 4321 solem
3597 4267 3773 4323 anima

2183 4349 2601 4420 exsplendescit,
2648 4365 2679 4404 a
2725 4352 2924 4420 Spiritu
2975 4365 3293 4425 perpurgata
3327 4372 3340 4410 :
3372 4371 3437 4412 ac
3477 4373 3586 4414 non
3617 4359 3778 4416 modo

2185 4443 2413 4514 gloriam
2446 4443 2540 4497 Dei
2567 4444 2945 4512 prOSpicimus,
2979 4445 3074 4500 sed
3115 4447 3262 4502 illinc
3286 4465 3500 4519 quoque
3528 4452 3777 4521 splendo-

2187 4550 2300 4590 rem
2328 4535 2558 4605 aliquem
2587 4534 2884 4590 baurimus.
2916 4536 3066 4591 Sicut
3089 4539 3232 4592 enim
3261 4553 3450 4608 purum
3477 4550 3773 4612 argentum,

2189 4626 2256 4681 ad
2283 4626 2414 4681 solis
2439 4626 2621 4681 radios
2650 4626 2834 4690 situm,
2881 4627 3056 4696 ipsum
3084 4643 3298 4700 quoque
3337 4630 3515 4684 radios
3560 4630 3769 4694 emittit,

2189 4733 2297 4774 non
2327 4718 2398 4772 ob
2423 4732 2573 4772 suam
2602 4718 2883 4773 dumtaxat
2928 4728 3194 4786 naturam,
3227 4721 3319 4775 sed
3347 4722 3506 4774 etiam
3534 4719 3603 4772 ob
3631 4718 3768 4770 sola-

2191 4824 2305 4864 rem
2337 4809 2602 4879 fulgorem
2628 4827 2643 4862 :
2667 4808 2857 4864 eodem
2890 4809 3053 4864 modo
3081 4812 3253 4865 anima
3293 4807 3566 4871 def-.ecata,
3610 4813 3767 4874 atque

2191 4913 2413 4972 argento
2441 4903 2774 4973 splendidior
2799 4904 3010 4974 eﬁ‘ecta,
3039 4920 3069 4959 a
3115 4903 3335 4972 Spiritus
3362 4899 3532 4969 gloria
3563 4898 3770 4954 radium

2193 4995 2434 5064 suscipit,
2485 5010 2550 5050 ac
2587 4994 2824 5050 vicissim
2856 4995 3100 5052 remittit.
3135 4991 3282 5048 Unde
3309 4990 3471 5046 etiam
3501 4989 3599 5058 ait,
3643 4989 3775 5059 Spe-

2194 5089 2440 5152 culantes,
2473 5089 2528 5142 in
2573 5088 2802 5142 eamdem
2842 5089 3110 5160 imaginem
3139 5085 3633 5156 transformamur-tt
3671 5084 3776 5155 glo-

2195 5195 2294 5245 ria,
2324 5178 2577 5249 Spiritus,
2627 5179 2682 5233 in
2732 5181 2970 5250 gloriam,
3017 5187 3279 5244 nostram,
3309 5193 3471 5248 quam
3505 5176 3779 5233 contrahi-

2197 5288 2338 5334 mus,
2367 5287 2592 5342 quaeque
2621 5273 2741 5327 talis
2758 5281 2841 5327 est
2867 5273 3082 5343 qualem
3114 5285 3236 5327 esse
3264 5286 3363 5341 par
3389 5278 3494 5338 est,
3516 5269 3780 5324 aDominc

2197 5363 2422 5433 Spiritu.

2271 5457 2498 5527 Spiritus
2516 5465 2724 5511 sanctus
2745 5455 2971 5526 ejusdem
2993 5456 3257 5526 dignitatis
3283 5458 3430 5528 cujus
3451 5453 3605 5506 Pater
3622 5458 3762 5504 est.-

2199 5547 2336 5602 Vide
2369 5547 2640 5618 quomodo
2669 5547 2926 5601 hoc‘item
2957 5545 3078 5600 loco
3103 5547 3361 5617 Spiritum
3393 5541 3672 5597 Dominum
3697 5553 3780 5607 ap-

2201 5641 2383 5711 pellet.
2453 5643 2629 5710 Atque
2687 5640 2816 5693 alibi
2874 5655 3089 5710 quoque
3145 5641 3316 5710 ipsius
3367 5632 3776 5690 dominationem

2201 5732 2507 5802 perspicere
2553 5732 2721 5786 licet:
2754 5729 3172 5784 Ministrantibus
3208 5730 3352 5782 enim
3378 5726 3504 5794 ipsis
3545 5723 3777 5789 Domino,

2202 5823 2392 5892 inquit,
2424 5840 2485 5876 ac
2499 5821 2875 5892 jejunantibus,
2899 5823 3029 5876 dixit
3059 5819 3285 5889 Spiritus
3325 5825 3532 5872 sanctus
3559 5834 3580 5870 :
3609 5816 3782 5884 Segre-

2203 5927 2317 5985 gatc
2357 5914 2484 5967 milii
2523 5912 2748 5968 Paulum
2791 5924 2840 5969 et
2887 5910 3174 5968 Barnabam
3211 5908 3350 5980 (Act.
3381 5907 3472 5969 15.
3508 5906 3593 5981 2).
3629 5905 3712 5963 Ob
3735 5903 3780 5961 id
