4068 6412
341 423 462 481 4n

349 536 444 590 τὸν
462 535 664 605 τρόπον
680 537 777 606 τῆς
805 537 1167 608 διορθώσεως.
1189 539 1286 603 Τίς
1306 539 1361 593 δέ
1377 536 1530 605 οὗτός
1556 546 1703 597 ἐστιν
1723 563 1738 609 ;
1773 544 1931 599 Ἠνι-

348 642 428 682 κα
457 627 512 680 δ’
545 626 623 681 ἂν
644 627 983 698 ἐπιστρέψῃ
1015 628 1166 697 πρὸς
1203 632 1442 699 Κύριον,
1460 634 1598 704 ὅπερ
1623 636 1771 689 ἐστὶν
1800 637 1935 688 ἀπο-

349 717 547 789 στῆναι
580 718 680 771 τοῦ
708 719 898 789 νόμου,
925 722 1312 789 περιαιρεῖται
1338 723 1404 776 τὸ
1430 725 1733 794 κάλυμμα.
1770 727 1930 798 Ὁρᾷς

343 810 431 864 ὅτι
476 811 536 863 οὑ
563 810 658 864 τοῦ
700 811 998 882 προσώπου
1031 815 1312 878 Μωῦσέως
1343 817 1611 889 κάλυμμα
1638 815 1706 889 ἧν
1730 821 1927 884 ἐκεῖνο,

342 904 485 957 ἀλλά
503 906 603 975 τῆς
627 903 801 973 ὅψεως
833 905 935 976 τῆς
971 905 1302 977 Ἰουδαῖκῆς;
1340 909 1412 961 Οὐ
1444 909 1553 980 γὰρ
1574 910 1659 963 ’ίνα
1678 911 1930 982 κρύπτη-

345 1013 440 1050 ται
472 998 505 1065 ἠ
542 995 669 1061 δόξα
686 997 990 1062 Μωῦσέως,
1013 997 1172 1051 τοῦτο
1194 1000 1426 1067 ἐγίνετο,
1454 999 1581 1054 ἀλλ’
1610 1003 1697 1056 ἵνα
1731 1005 1929 1057 ἐκεῖνοι

350 1089 427 1161 μὴ
454 1089 745 1159 βλέπωσιν·
770 1089 891 1142 οὑδὲ
923 1091 1033 1159 γὰρ
1061 1090 1324 1159 ἐχώρουν.
1343 1092 1505 1145 Ὥστε
1522 1094 1746 1147 ἐκείνων
1772 1094 1929 1148 ἐλάτ-

344 1199 511 1251 τωμα
544 1181 720 1236 τοῦτο’
740 1182 891 1254 [485]
922 1182 1042 1235 οὑδὲ
1070 1183 1178 1253 γὰρ
1198 1184 1388 1237 τοῦτον
1410 1184 1583 1238 ἐποίει
1611 1202 1661 1238 τι
1690 1187 1926 1254 ἀγνοεῖν,

346 1274 465 1327 ἀλλ’
500 1273 762 1336 ἐκείνους.
806 1275 916 1327 Καὶ
947 1274 1048 1327 οὐκ
1071 1271 1192 1327 εἷπε
1226 1275 1326 1343 μὲν
1348 1315 1363 1337 ,
1400 1276 1593 1329 Ἢνίκα
1611 1276 1676 1330 ἂν
1698 1278 1809 1349 ἀφῇ
1836 1278 1926 1332 τὸν

346 1369 536 1437 νόμον,
566 1366 727 1419 τοῦτο
748 1367 804 1419 δὲ
831 1366 1070 1438 ᾐνίξατο.
1098 1368 1238 1420 ’Ὅτε
1266 1367 1375 1438 γάρ
1411 1360 1746 1438 ἐπιστρέψῃ
1776 1370 1928 1438 πρὸς

344 1458 569 1525 Κύριον
590 1498 606 1521 ,
634 1457 1021 1526 περιαιρεῖται
1064 1458 1131 1511 τὸ
1160 1458 1465 1527 κάλυμμα.
1512 1460 1691 1530 Μέχρι
1737 1460 1926 1525 τέλους

346 1549 605 1618 ἐπέμεινε
640 1552 706 1619 τῇ
744 1549 971 1620 ίστορίᾳ.
1009 1550 1119 1602 Καὶ
1147 1550 1254 1621 γὰρ
1291 1552 1380 1604 ὅτε
1416 1550 1694 1617 Ἰουδαίοις
1747 1553 1923 1606 διελέο

346 1663 476 1715 γετο
522 1647 765 1716 Μωῠσῆς
787 1685 802 1705 ,
837 1646 1142 1700 ἐκάλυπτεν
1186 1648 1352 1701 αὑτοῦ
1387 1648 1448 1701 τὸ
1475 1648 1766 1718 πρόσωπον
1790 1667 1805 1680 ’
1834 1651 1924 1704 ὅτε

342 1739 400 1791 δὲ
433 1739 570 1808 πρὸς
610 1738 702 1791 τὸν
732 1738 863 1792 Θεὸν
890 1739 1242 1810 ἐπέστρεφεν,
1271 1740 1801 1811 ἀποκεκαλυμμένον
1830 1737 1917 1814 ἦν.

339 1828 511 1882 Τοῦτο
537 1829 595 1882 δὲ
632 1828 807 1893 τύπος
841 1825 911 1900 ἦν
948 1831 1043 1883 τοῦ
1079 1830 1369 1901 μέλλοντος
1400 1831 1652 1897 ἔσεσθαι,
1680 1834 1763 1887 ὅτι
1793 1834 1922 1887 ὅταν

336 1919 766 1991 ἐπιστρέψωμεν
796 1921 934 1991 πρὸς
953 1921 1178 1990 Κύριον,
1206 1922 1328 1975 τότε
1367 1923 1611 1995 ὀψόμεθα
1633 1924 1733 1996 τὴν
1762 1925 1921 1992 δόξαν

335 2009 435 2062 τοῦ
470 2010 665 2079 νόμου,
703 2011 799 2063 καὶ¹
828 2011 1036 2082 γυμνὸν
1058 2011 1122 2065 τὸ
1155 2012 1448 2082 πρόσωπον
1475 2013 1568 2068 τοῦ
1591 2015 1881 2086 νομοθέτου
1901 2032 1918 2048 ·

343 2100 547 2170 μᾶλλον
597 2100 653 2154 δέ
695 2103 756 2154 οὑ
801 2102 961 2157 τοῦτο
996 2104 1178 2174 μόνον,
1218 2103 1356 2158 ἀλλά
1402 2105 1524 2158 τότε
1554 2107 1793 2178 ἐσόμεθα
1827 2110 1922 2163 καὶ

340 2192 400 2243 ἐν
437 2190 589 2254 τάξει
624 2191 925 2256 Μωῦσέως.
958 2190 1116 2254 Εἶδες
1153 2191 1270 2254 πῶς
1308 2193 1623 2248 ἐκκαλεῖται
1659 2195 1750 2248 τὸν
1785 2196 1921 2248 Ἰου-

336 2285 484 2338 δαῖον
510 2285 602 2337 ἐπὶ
641 2284 739 2355 τὴν
774 2285 981 2349 πίστιν,
1021 2286 1237 2349 δεικνὺς
1267 2287 1349 2340 ὅτι
1379 2287 1441 2339 οὑ
1481 2287 1644 2358 μόνον
1678 2288 1919 2342 Μωῦσέα

333 2378 555 2433 δύναται
599 2370 763 2445 ίδεῖῦ,
797 2381 936 2451 πρὸς
977 2381 1078 2451 τὴν
1109 2382 1272 2453 χάριν
1315 2381 1510 2450 ἐλθὼν,
1560 2382 1698 2436 ἀλλά
1729 2384 1824 2437 καὶ
1860 2385 1919 2437 ἐν

333 2471 469 2542 αὑτῇ
512 2471 770 2540 γενέσθαι
807 2475 875 2543 τῇ
928 2472 1080 2539 τάξει
1135 2471 1230 2525 τοῦ
1279 2473 1629 2543 νομοθέτου;
1684 2474 1758 2530 Οὑ
1808 2475 1919 2544 γὰρ

335 2561 519 2631 μόνον,
542 2563 705 2631 φησὶ,
735 2561 835 2633 τὴν
876 2561 1034 2628 δόξαν
1063 2562 1183 2632 ὄψει
1228 2564 1294 2635 ἣν
1322 2564 1444 2618 τότε
1468 2567 1567 2618 οὐκ
1591 2562 1751 2635 εἶδες,
1782 2566 1919 2620 ἀλλά

333 2652 432 2705 καὶ
479 2648 641 2714 αὐτὸς
690 2653 749 2705 ἐν
792 2651 919 2724 δόξῃ
952 2651 1050 2723 ἔσῃ
1078 2655 1145 2723 τῇ
1187 2653 1364 2724 αὑτῇ·
1392 2653 1591 2723 μᾶλλον
1639 2653 1695 2706 δέ
1736 2653 1916 2724 πολλῷ

334 2741 565 2806 πλείονι,
589 2741 685 2796 καὶ
716 2742 974 2813 τοσαύτῃ,
1005 2742 1146 2796 ὥστε
1182 2744 1318 2814 μηδέ
1344 2743 1502 2808 δόξαν
1530 2745 1748 2816 ἐκείνην
1781 2745 1914 2813 φαί-

332 2834 524 2887 νεσθαι
554 2833 728 2908 ταύτῃ
753 2833 1407 2906 παραϐαλλομένην.Πῶς
1442 2837 1534 2890 καὶ
1556 2836 1665 2890 τίνι
1687 2837 1911 2908 τρόπῳς

334 2924 460 2981 ’Ότι
490 2927 625 2997 πρὸς
658 2927 748 2980 τὸν
795 2926 999 2998 Κύριον
1026 2928 1385 3000 ἐπιστρέψας,
1414 2931 1510 2983 καὶ
1542 2930 1832 3001 γενόμενος
1855 2931 1914 2982 ἐν

330 3021 398 3088 τῇ
450 3017 633 3089 χάριτι
655 3059 670 3082 ,
696 3018 912 3087 ἐκείνης
952 3018 1243 3090 ἀπολαύσῃ
1271 3021 1373 3090 τῆς
1411 3020 1590 3092 δόξης,
1622 3020 1757 3092 πρὸς
1779 3021 1845 3091 ἢν
1879 3021 1913 3092 ἡ

331 3110 460 3176 δόξα
499 3110 780 3173 Μωῡσέως
833 3111 1234 3181 συγκρινομένη
1267 3110 1441 3175 οὕτως
1479 3112 1719 3164 ἐλάττων
1740 3112 1909 3178 ἐστὶν,

337 3200 418 3264 ὡς
467 3201 604 3272 μηδέ
661 3200 788 3265 δόξα
829 3195 991 3253 εἶναι.
1042 3201 1180 3254 Ἀλλ’
1216 3202 1366 3271 ὅμως
1410 3204 1456 3254 εἰ
1487 3203 1580 3255 καὶ
1617 3202 1791 3274 μικρὰ
1814 3202 1913 3256 καὶ

332 3291 539 3362 σφόδρα
588 3291 893 3345 ἀποδέουσα
933 3291 1171 3362 ἐκείνης,
1211 3290 1463 3354 Ἰουδαῖος
1516 3292 1613 3361 μὲν
1654 3290 1753 3350 ὢν,
1783 3290 1909 3344 οὑδέ

325 3383 530 3453 ταύτης
591 3381 874 3454 ἀξιωθήσῃ
918 3380 1058 3451 [οὐκ
1105 3379 1198 3435 οὖν
1235 3382 1345 3435 ίδον
1377 3382 1548 3453 αὐτὴν
1595 3381 1911 3435 Ἰουδαῖοιοὶ

322 3476 467 3540 τότε,
492 3475 552 3528 οὐ
579 3473 676 3528 νῦν
705 3486 730 3513 α
756 3472 778 3545 ]
803 3489 817 3502 ·
852 3474 1044 3535 πιστὸς
1070 3473 1127 3525 δέ
1152 3474 1462 3544 γένομενος,
1487 3474 1582 3526 καὶ
1608 3472 1707 3543 τὴν
1731 3471 1912 3542 πολλῷ

328 3566 560 3637 μείζονα
607 3566 783 3636 αὐτῆς
839 3564 1229 3637 καταξιωθὴσῃ
1286 3565 1609 3618 θεάσασθαι.
1658 3567 1768 3619 Καὶ
1817 3567 1908 3619 ὅτε

328 3660 427 3729 μὲν
449 3660 563 3721 τοῖς
593 3661 805 3721 πιστοῖς
825 3658 1096 3725 διελέγετο
1119 3697 1133 3720 ,
1164 3659 1224 3711 οὑ
1259 3658 1576 3723 δεδοξάσθαι
1606 3660 1666 3711 τὸ
1688 3659 1906 3726 δεδοξα-

330 3748 532 3819 σμένον
572 3748 759 3816 ἔλεγεν
781 3767 793 3777 ·
836 3747 1070 3802 ἐνταῦθα
1103 3748 1161 3800 δέ
1206 3749 1305 3818 οὑχ
1335 3747 1504 3810 οὕτως
1533 3789 1547 3814 ,
1574 3748 1711 3801 ἀλλά
1742 3748 1860 3812 πῶς
1886 3766 1901 3815 ;

329 3840 508 3893 Ὅταν
554 3837 889 3908 ἐπιστρέψῃ
945 3840 1096 3907 πρὸς
1125 3841 1349 3907 Κύριον
1375 3880 1389 3903 ,
1426 3839 1809 3907 περιαιρεῖται
1839 3840 1906 3893 τὸ

325 3925 641 3994 κάλυμμα’
683 3927 827 3980 κατά
857 3927 1052 3997 μικρὸν
1080 3927 1243 3980 αὑτὸν
1280 3926 1523 3994 ἀνάγων,
1557 3926 1650 3978 καὶ
1676 3928 1732 3978 ἐν
1753 3926 1905 3992 τάξει

322 4014 605 4078 Μωῦσέως
671 4016 890 4085 πρῶτον
940 4016 1095 4078 ἱστὰς
1127 4055 1144 4079 ,
1180 4016 1275 4069 καί⁹
1316 4016 1439 4069 τότε
1481 4015 1590 4067 τῶν
1641 4015 1905 4085 μειζόνων

322 4101 494 4156 ποιῶν
533 4102 814 4156 κοινωνόν.
869 4104 1036 4155 Ὅταν
1078 4102 1185 4173 γὰρ
1247 4102 1364 4174 ἴδῃς
1416 4102 1509 4154 τὸν
1563 4102 1803 4155 Μωῦσέα
1846 4105 1904 4156 ἐν

316 4189 445 4262 δόξῃ
471 4228 486 4253 ,
520 4190 643 4243 τότε
680 4189 870 4243 λοιπὸν
915 4189 1011 4242 καὶ¹
1052 4190 1190 4259 πρὸς
1238 4191 1328 4242 τὸν
1370 4190 1504 4243 Θεὸν
1531 4189 1900 4261 ἐπιστρέψεις,

319 4279 417 4330 καὶ
482 4277 730 4348 μείζονος
782 4278 1117 4343 ἀπολαύσεις
1158 4280 1388 4350 ταύτης.
1437 4281 1579 4351 Ὅρα
1620 4280 1803 4333 τοίνυν
1840 4281 1901 4347 ἐξ

317 4364 496 4433 ἀρχῆς
534 4365 676 4419 πόσα
710 4365 921 4419 τέθεικε
964 4367 1034 4420 τὰ
1073 4366 1331 4420 ποιοῦντα
1360 4368 1460 4437 τὴν
1486 4366 1779 4437 διαφορὰν,
1806 4367 1901 4421 καὶ

316 4451 607 4506 δεικνύντα
637 4454 739 4524 τῆς
767 4456 979 4524 Καινῆς
1030 4456 1167 4526 πρὸς
1195 4456 1296 4528 τὴν
1327 4456 1575 4509 Παλαιὰν
1603 4456 1700 4526 τὴν
1728 4457 1897 4529 ὑπερ-

316 4539 484 4609 οχὴν,
514 4540 576 4593 οὐ
618 4539 720 4610 τὴν
760 4540 965 4612 μάχην,
1007 4543 1128 4598 οὑδέ
1152 4542 1253 4614 τὴν
1295 4544 1635 4598 ἐναντίωσιν.
1683 4544 1902 4620 Ἐκείνη

316 4626 578 4697 γράμμα.
611 4628 766 4697 φησὶ,
793 4629 888 4682 καὶ
907 4628 1078 4692 λίθος.
1115 4630 1211 4684 καὶ
1236 4631 1473 4684 θανάτου
1503 4629 1771 4693 διακονία,
1802 4631 1899 4685 καὶ

313 4716 698 4783 καταργεῖται·
721 4716 818 4768 καὶ
843 4716 993 4786 ὅμως
1014 4717 1134 4771 οὑδὲ
1151 4717 1356 4788 ταύτης
1373 4716 1684 4788 ἠξιώθησαν
1703 4719 1753 4771 οί
1770 4719 1898 4772 Ἴου-

309 4798 448 4853 δαῖοι
468 4801 568 4872 τῆς
583 4800 763 4872 δόξηςο
789 4801 930 4873 αὕτη
957 4805 1238 4876 σαρκίνηὴ
1262 4804 1423 4870 πλάξ,
1449 4807 1546 4858 καί
1561 4804 1780 4874 πνεῦμα
1805 4807 1897 4859 καὶ

311 4886 627 4960 δικαιοσύνη
647 4927 661 4953 ,
688 4889 785 4942 καὶ
817 4889 969 4961 μένει
1000 4908 1014 4922 ·
1048 4891 1143 4944 καὶ
1172 4892 1375 4956 πάντες
1405 4893 1576 4962 αὑτῆς
1606 4892 1896 4959 καταξιού-

316 4973 475 5041 μεθα,
505 4976 606 5046 οὐχ
631 4971 718 5038 εἷς·
755 4977 919 5046 μόνος
943 5018 959 5041 ,
993 4977 1246 5048 καθάπερ
1278 4980 1525 5049 Μωῦσῆς
1544 4980 1643 5050 τῆς
1672 4980 1894 5033 ἐλάττο-

311 5077 400 5125 νος
436 5063 559 5116 τότε
590 5079 604 5093 ⁸
640 5064 841 5135 Ἡμεῖς
874 5067 1007 5139 γάρ,
1031 5069 1187 5139 φησὶ,
1219 5068 1443 5135 πάντες
1474 5070 1895 5140 ἀνακεκαλυμς

305 5148 470 5216 μένῳ
501 5153 803 5219 προσώπῳ
827 5153 942 5221 τὴν
983 5154 1175 5219 δόξαν
1196 5155 1303 5209 τοῦ
1332 5156 1555 5224 Κυρίου
1574 5173 1861 5226 κατοπτρι
1883 5187 1893 5199 -

307 5233 519 5303 ζόμεθα
548 5276 562 5300 ,
599 5239 658 5290 οὐ
713 5238 812 5310 τὴν
842 5242 1147 5306 Μωῦσέως.
1219 5242 1359 5295 Ἀλλ’
1396 5243 1585 5314 ἐπειδή
1620 5261 1763 5307 τινες
1792 5245 1887 5311 τὸ,

318 5318 531 5376 Ἠνίκα
555 5322 636 5376 ἂν
653 5325 997 5398 ἐπιστρέψῃ
1016 5329 1170 5398 πρὸς
1193 5333 1433 5399 Κύριον,
1470 5331 1715 5401 περὶτοῦ
1754 5331 1889 5385 Υξοῦ

302 5408 555 5478 είρῆσθαί
602 5429 755 5479 φασι,
786 5416 902 5477 τοῖς
932 5416 1138 5486 σφόδρα
1171 5416 1625 5488 ὡμολογημένοις
1667 5419 1887 5473 ἀντιπί-

302 5510 529 5560 πτοντες
561 5498 590 5538 δ
638 5499 1036 5574 ἀκριϐέστερον
1087 5504 1220 5559 αὐτὸ
1273 5498 1651 5573 ἐξετάσωμεν,
1702 5504 1886 5570 θέντες

300 5586 567 5657 πρότερον
580 5589 780 5653 ἐκεῖνο,
809 5590 902 5659 ἀφ’
919 5584 982 5645 οὗ
1008 5592 1258 5648 δοκοῦσιν
1273 5594 1405 5648 αὐτὸ
1426 5594 1788 5658 κατασκευάζι
1811 5612 1875 5650 ιιι.

300 5666 365 5721 Τί
392 5669 451 5722 δὲ
487 5670 649 5726 τοῦτό
677 5674 832 5742 ἐστι;
869 5676 1172 5750 Καθάπερ,
1201 5678 1373 5751 φησὶ,
1393 5679 1541 5747 λέγει
1584 5679 1811 5750 Πνεῦμα
1851 5681 1882 5733 ό

361 5775 537 5848 ξιξερο.
559 5782 649 5831 οὑκ
671 5784 754 5833 οὖν
773 5785 877 5848 ἴδον
899 5787 1048 5848 αὑτήν
1082 5786 1304 5837 Ἰουδαῖοι
1337 5793 1380 5839 οί
1402 5789 1530 5848 τότε,
1544 5789 1609 5838 ιοὺ
1649 5788 1733 5839 νῦν

295 5833 915 5912 ιιιερηρρεςιηιηριίιηις
942 5833 1056 5912 ἰτέέι.
1092 5833 1304 5912 πέτει
1341 5833 1871 5905 ἕκηιίιῑιίιυιίιέυίῑιῑῐ

290 5974 298 5980 1
348 5899 387 5975 rb
406 5899 557 5966 ΕΔΜ,
580 5899 949 5966 ἀιτιπίπτοντες.
974 5909 1085 5971 015.,
1109 5899 1454 5968 ἀν’τιτείνοντες.

1387 426 1450 481 IN
1495 427 1717 486 EPIST.
1744 422 1799 484 Il~
1821 429 1913 484 AD
1952 429 2110 487 (ΞΟΠ.
2155 432 2391 490 HOMIL.
2429 434 2548 490 ΥΠ.

3513 451 3624 508 468

2041 545 2194 632 Θεὸς,
2224 545 2368 600 οὕτω
2401 550 2495 602 καὶ
2526 550 2783 619 ἐνταῦθα,
2806 555 3030 627 Πνεῦμα
3061 558 3090 612 ό
3115 558 3342 632 Κύριος.
3372 562 3621 621 Ἀλλὀὑκ

2038 628 2160 685 εἶπε
2183 674 2197 697 ,
2230 634 2459 705 Πνεῦμα
2491 638 2518 689 ὁ
2549 637 2750 708 Κύριος
2776 681 2791 705 ,
2832 640 2985 716 [486]
3020 644 3157 711 ἀλλ’,
3201 628 3264 695 ὅο
3294 651 3507 718 Κύριος
3550 656 3621 708 τὸ

2041 719 2285 811 Πνεῦμά
2302 721 2452 776 ἐστι.
2474 723 2613 778 Πολὺ
2632 726 2689 779 δέ
2707 726 2911 798 ταύτης
2939 731 3203 803 κάκείνης
3217 734 3319 805 τῆς
3342 738 3623 811 συνθήκης

2038 805 2099 859 τὸ
2152 807 2338 876 μέσον.
2371 808 2544 863 Ὅταν
2588 811 2696 883 γὰρ
2738 812 2995 885 βούληται
3035 818 3177 873 οὕτω
3207 821 3412 890 λέγειν,
3439 805 3515 889 ὡς
3552 805 3620 881 σὺ

2041 981 2244 1052 ἴδωμεν
2314 985 2494 1039 πάντα
2560 987 2664 1041 ὅσα
2720 989 2966 1063 διελέχθη
3014 994 3241 1058 ἄνωθεν,
3302 998 3431 1068 περὶ
3474 999 3622 1062 τίνος

2037 1069 2259 1141 εἴρηκεν
2282 1086 2298 1100 ·
2329 1067 2460 1129 οἷον.
2492 1072 2581 1127 ὅτε
2616 1074 2790 1144 ἔλεγε,
2820 1078 2891 1131 Τὸ
2918 1081 3150 1150 ποάμμα
3181 1067 3620 1150 ἀποκτείνει,τὸ

2037 1157 2285 1227 Πνεῦμα
2332 1157 2636 1220 ζωοποιεῖ*
2666 1164 2762 1217 καὶ
2793 1165 2976 1231 πάλιν,
3026 1168 3521 1241 Ἐγγεγραμμένη,
3545 1175 3621 1229 οὐ

2029 1245 2249 1333 μέἒλανι
2271 1246 2474 1333 ,Αάλλὰ
2512 1252 2815 1320 Πνεύματι
2863 1253 3014 1308 Θεοῦ
3059 1254 3276 1324 ζῶντος
3297 1274 3314 1291 ’
3349 1256 3459 1330 ἆρα
3492 1263 3619 1333 περὶ

2032 1329 2131 1421 τοῦ
2191 1331 2347 1421 Υἱοῦ,
2382 1332 2415 1402 ἢ
2450 1335 2580 1406 περὶ
2613 1336 2708 1390 τοῦ
2748 1338 3100 1408 Πνεύματος;
3124 1342 3355 1415 Εὕδηλον
3370 1329 3451 1399 ὅτι
3488 1329 3619 1421 περὶ

2031 1417 2127 1470 τοῦ
2154 1419 2476 1489 Πνεύματος
2501 1438 2515 1452 ο
2552 1423 2688 1493 πρὸς
2716 1424 2824 1496 γὰρ
2847 1426 3008 1480 τοῦτο
3027 1430 3132 1483 ἀπὶ.
3170 1431 3265 1484 τοῦ
3288 1417 3618 1504 γράμματος

2035 1505 2237 1592 αὐτοὺς
2288 1506 2499 1562 ἐκάλει.
2527 1510 2645 1563 Ἵνα
2700 1513 2813 1583 γὰρ
2868 1514 2943 1585 μὴ
2981 1515 3225 1581 ἀκούσας
3244 1537 3329 1583 τις
3367 1520 3614 1592 Πνεῦμα,

2031 1587 2151 1646 εἶτα
2179 1593 2535 1666 λογισάμενος
2559 1637 2575 1660 ,
2607 1602 2656 1653 εί
2694 1601 2938 1672 Μωὺσῆς
2965 1603 3103 1674 πρὸς
3128 1605 3333 1678 Κύριον
3353 1587 3615 1678 ἐπέστρε-

2030 1679 2169 1768 ιίιεν,
2202 1682 2364 1768 αὑτὸς
2393 1683 2451 1736 δὲ
2494 1685 2631 1757 πρὸς
2677 1686 2933 1759 Πνεῦμα,
2965 1690 3187 1746 ἔλαττον
3215 1695 3363 1765 ἔχειν
3389 1698 3614 1768 νομίσῃ,

2029 1766 2418 1837 διορθούμενος
2469 1771 2567 1842 τὴν
2620 1774 2878 1847 τοιαύτην
2925 1778 3204 1855 ὑπόνοιαν,
3229 1783 3414 1851 φησὶν,
3451 1783 3515 1836 '0
3543 1766 3614 1837 δέ

2034 1855 2256 1923 Κύριος
2299 1857 2369 1910 τὸ
2402 1860 2647 1930 Πνεῦμα
2690 1863 2842 1917 ἐστι.
2899 1866 3012 1919 Καὶ
3057 1866 3216 1921 τοῦτο
3238 1868 3445 1940 Κύριός
3472 1871 3614 1935 ἐστι,

2018 1942 2185 2012 φησι.
2214 1944 2330 1998 Καὶ
2355 1945 2444 1999 ἵνα
2472 1947 2672 2018 μάθῃς,
2701 1950 2784 2003 ὅτι
2810 1952 2940 2021 περὶ
2963 1952 3059 2006 τοῦ
3087 1954 3452 2027 Παρακλήτου
3478 1957 3615 2012 ὁλό-

2029 2046 2146 2097 γος,
2192 2031 2474 2101 ἐπήγαγεν
2502 2049 2516 2063 ·
2559 2031 2642 2091 Οὗ
2683 2035 2754 2090 δὲ
2792 2039 2862 2090 τὸ
2910 2041 3155 2111 Πνεῦμα
3217 2045 3460 2112 Κυρίου,
3492 2045 3623 2099 ἐκεῖ

2027 2117 2361 2185 ἐλευθερία.
2392 2121 2466 2173 Οὐ
2495 2121 2604 2191 γὰρ
2634 2122 2808 2194 δήπου
2832 2125 2991 2181 τοῦτο
3026 2129 3093 2182 ἂν
3121 2129 3299 2193 εἴποις
3331 2131 3499 2186 αὑτὸν
3522 2131 3613 2185 λέ-

2027 2221 2168 2290 γειν,
2211 2199 2288 2259 Οῦ
2328 2206 2386 2260 δὲ
2420 2209 2448 2261 ὁ
2490 2209 2698 2280 Κύριος
2758 2212 2852 2266 τοῦ
2902 2214 3127 2281 Κυρίου.
3172 2217 3519 2290 Ἐλευθερίαν
3546 2218 3609 2272 δὲ

2027 2288 2150 2346 εἷπε
2201 2292 2341 2365 πρὸς
2373 2293 2471 2365 τὴν
2493 2294 2804 2369 ἔμπροσθεν
2835 2299 3101 2356 δουλείαν.
3133 2301 3267 2359 Εἶτα
3296 2288 3489 2376 ἵναμὴ
3519 2321 3612 2358 νο-

2031 2381 2218 2452 μίσῃς,
2277 2382 2358 2434 ὅτι
2407 2384 2536 2452 περὶ
2581 2384 2868 2454 μέλλοντος
2913 2390 3108 2460 χρόνου
3152 2392 3336 2460 λέγει,
3397 2393 3607 2462 φησιν’

2036 2469 2228 2536 Ἡμεῖς
2251 2468 2321 2522 δὲ
2345 2469 2571 2536 πάντες
2593 2474 3142 2547 ἀνακεκαλυμμένῳ
3168 2481 3467 2549 προσώπῳ
3492 2480 3610 2549 τὴν

2024 2554 2217 2621 δόξαν
2240 2559 2466 2626 Κιιοίου
2486 2560 3003 2634 κατοπτριζόμενοι
3026 2582 3038 2594 ·
3071 2567 3132 2619 οὑ
3163 2569 3261 2638 τὴν
3290 2569 3609 2639 παυομένην

2026 2643 2246 2715 ἐκείνην
2269 2687 2285 2712 ,
2318 2644 2456 2699 ἀλλὰ
2508 2645 2609 2718 τὴν
2661 2648 2931 2719 μένουσαν
2958 2668 2971 2681 ⁸
2996 2651 3112 2720 τὴν
3162 2655 3361 2723 αὐτὴν
3399 2656 3609 2710 εἰκόνα

2016 2734 2553 2803 μεταμορφούμεθα
2603 2736 2722 2790 ἀπὸ
2759 2736 2944 2805 δόξης
2976 2743 3065 2806 είς
3100 2740 3310 2808 δόξαν,
3342 2742 3609 2812 καθάπερ

2021 2819 2141 2873 ἀπὸ
2169 2822 2392 2889 Κυρίου
2416 2824 2789 2893 Πνεύματος.

2096 2900 2254 2969 Εἶδες
2278 2906 2397 2971 πῶς
2426 2909 2588 2963 πάλιν
2608 2910 2667 2964 ἐν
2695 2912 2847 2978 τάξει
2869 2912 2963 2967 τοῦ
2997 2914 3134 2969 Θεοῦ
3174 2918 3234 2970 τὸ
3272 2918 3499 2984 Πνεῦμα
3532 2921 3613 2973 τίς

2022 2993 2169 3064 θησι,
2201 2995 2296 3048 καὶ
2325 2996 2524 3060 αὐτοὺς
2552 2999 2631 3061 είς
2660 2999 2760 3069 τὴν
2783 3000 2939 3066 τάξιν
2958 3002 3278 3068 ἀναὸιὸάζει
3316 3006 3425 3058 τῶν
3460 3007 3607 3060 ἀπο-

2023 3082 2269 3146 στόλων;
2302 3083 2414 3136 Καὶ
2457 3084 2567 3157 γὰρ
2615 3085 2928 3157 ἔμπροσθεν
2972 3092 3215 3161 εἴρηκεν,
3264 3093 3598 3164 Ἐπιστολή

2020 3169 2168 3223 ἐστε
2214 3171 2518 3237 Χριστοῦ·
2570 3178 2668 3226 καὶ
2712 3174 2969 3241 ἐνταῦθα,
3029 3176 3226 3245 Ἡμεῖς
3274 3179 3343 3233 δὲ
3383 3180 3611 3249 πάντες

2019 3256 2576 3327 ἀνακεκαλυμμένῳ
2630 3260 2948 3330 προσώπῳ.
2993 3264 3189 3317 Καίτοι
3240 3267 3396 3320 αὑτοὶ
3442 3263 3609 3338 ἦλθον

2021 3344 2280 3417 φέροντες
2319 3346 2458 3400 κατά
2497 3349 2736 3403 Μωῡσέα
2775 3352 2959 3421 νόμον.
3008 3353 3148 3407 Ἀλλ’
3172 3352 3370 3425 ὥσπερ
3415 3358 3605 3426 ἡμεῖς,

2020 3434 2207 3502 φησὶν,
2248 3434 2349 3486 οὑκ
2374 3434 2674 3505 ἐδεήθημεν
2695 3439 3078 3508 καλύμματος,
3096 3439 3267 3505 οὕτως
3298 3442 3418 3495 οὑδὲ
3443 3445 3608 3511 ὑμεῖς

2017 3520 2068 3571 οἱ
2110 3519 2420 3590 δεξάμενοι.
2468 3522 2665 3574 Καίτοι
2692 3539 2757 3590 γε
2786 3523 2965 3595 πολλῷ
2995 3526 3200 3595 μείζων
3227 3526 3368 3597 αὕτη
3394 3530 3426 3598 ἡ
3451 3529 3599 3596 δόξα,

2017 3606 2079 3659 οὗ
2119 3610 2228 3676 γὰρ
2267 3605 2363 3659 τοῦ
2407 3606 2703 3677 προσώπου
2748 3610 2905 3680 ἡμῶν
2949 3611 3114 3682 αὕτη,
3142 3614 3283 3668 ἀλλὰ
3305 3615 3399 3667 τοῦ
3432 3618 3601 3670 Πνεύο

2019 3710 2191 3762 ματος
2217 3709 2232 3725 ο
2265 3692 2382 3746 ἀλλ’
2415 3694 2566 3763 ὅμως
2595 3695 2729 3766 ἡμῖν
2752 3696 2954 3767 ὁμοίως
2987 3701 3237 3755 ἀτενίσαι
3269 3701 3500 3756 δύνασθε
3519 3707 3603 3769 είς

2015 3779 2244 3851 ταύτην.
2300 3780 2530 3834 Ἐκεῖνοι
2573 3783 2674 3851 μὲν
2714 3783 2825 3855 γάρ
2870 3785 2991 3839 οὐδὲ
3035 3786 3122 3842 διὰ
3167 3790 3410 3858 μεσίτου,
3440 3791 3599 3861 ὑμεῖς

2013 3866 2071 3919 δὲ
2105 3867 2202 3920 καὶ
2254 3867 2425 3938 χωρὶς
2480 3869 2701 3938 μεσίτου
2725 3871 2957 3926 δύνασθε
2978 3874 3076 3945 τὴν
3108 3877 3334 3946 μείζονα
3353 3895 3368 3909 ·
3397 3881 3597 3934 ἐκεῖνοι

2013 3955 2093 4016 εἰς
2116 3953 2214 4025 τὴν
2245 3955 2525 4018 Μωῡσέως
2543 3957 2644 4010 οὑκ
2668 3958 2920 4029 ἴσχυσαν,
2955 3963 3112 4032 ὑμεῖς
3140 3964 3233 4017 καὶ
3259 3968 3340 4028 είς
3368 3966 3465 4037 τὴν
3499 3967 3596 4020 τοῦ

2012 4040 2332 4112 Πνεύματος
2360 4057 2374 4071 ’
2420 4043 2520 4096 οὑκ
2544 4042 2610 4097 ἂν
2639 4044 2717 4108 δὲ,
2764 4048 2814 4099 εί
2853 4049 3281 4121 καταδεέστερον
3309 4053 3371 4106 τὸ
3420 4054 3595 4108 Πνεῦ-

2014 4145 2090 4199 μα
2118 4126 2207 4199 ἧν,
2239 4130 2315 4193 ὡς
2355 4130 2580 4199 μείζονα
2609 4131 2783 4186 ταῦτα
2816 4135 3039 4189 ἐκείνων
3067 4137 3253 4208 ἔθηκε.

2078 4222 2140 4269 ε’.
2158 4217 2220 4269 Τί
2236 4217 2292 4270 δέ
2309 4219 2445 4283 ἐστι,
2470 4218 2589 4286 Τὴν
2609 4220 2800 4286 δόξαν
2812 4224 3034 4290 Κυρίου
3058 4229 3590 4300 κατοπτριζόμενοι,

2008 4302 2125 4392 τὴν
2148 4304 2345 4392 αὑτὴν
2388 4307 2606 4392 εἰκόνα
2641 4313 3206 4382 μεταμορφούμεθα;
3252 4316 3592 4392 Σαφέστερον

2010 4391 2108 4460 μὲν
2151 4390 2307 4443 τοῦτο
2350 4391 2643 4462 ἐδείκνυτο,
2681 4398 2842 4467 ἡνίκα
2885 4399 2994 4453 τῶν
3043 4403 3286 4472 σημείων
3331 4404 3395 4458 τὰ
3434 4390 3593 4477 χαρία

2007 4494 2191 4546 σματα
2222 4479 2484 4550 ἐνήργει·
2524 4481 2666 4553 πλὴν
2705 4483 2826 4538 οὐδὲ
2862 4485 2956 4538 νῦν
2997 4486 3254 4543 δύσκολον
3294 4492 3426 4546 αὑτὸ
3460 4510 3595 4547 κατ-

2009 4564 2136 4652 ιδεῖν
2179 4565 2258 4637 τῷ
2297 4568 2519 4632 πιστοὺς
2558 4570 2874 4642 ὀφθαλμοὺς
2924 4572 3122 4644 ἔχοντι.
3175 4575 3341 4647 Ὁμοῦ
3389 4595 3450 4631 τε
3481 4580 3592 4652 γὰρ

2008 4651 2402 4725 βαπτιζόμεθα,
2452 4656 2547 4709 καὶ
2594 4658 2737 4728 ὑπὲρ
2774 4660 2866 4713 τὸν
2903 4660 3055 4730 ἥλιον
3104 4664 3136 4732 ἡ
3180 4663 3326 4736 ψυχὴ
3362 4665 3588 4735 λάμπει,

2002 4739 2081 4809 τῷ
2108 4740 2388 4811 Πνεύματι
2418 4744 2792 4816 καθαιρομένη
2821 4765 2835 4777 ·
2865 4748 2960 4801 καὶ
2993 4750 3052 4802 οὑ
3086 4750 3247 4821 μόνον
3272 4753 3487 4823 ὁρῶμεν
3510 4758 3591 4818 εἰς

2003 4827 2103 4898 τὴν
2130 4827 2287 4892 δόξαν
2310 4829 2403 4882 τοῦ
2439 4830 2596 4892 Θεοῦ,
2638 4833 2776 4887 ἀλλά
2809 4836 2903 4888 καὶ
2932 4837 3140 4890 ἐκεῖθεν
3160 4838 3431 4909 δεχόμεθά
3468 4858 3589 4895 τινα

2001 4915 2218 4985 αἴγλην.
2273 4916 2483 4987 ’Ὠσπερ
2525 4919 2591 4972 ἂν
2633 4922 2682 4972 εί
2731 4922 2970 4992 ἄργυρος
3018 4925 3257 4995 καθαρὸς
3305 4927 3443 4999 πρὺς
3488 4930 3590 4994 τάς

2000 5004 2226 5067 ἀκτῖνας
2270 5006 2541 5075 κείμενος,
2598 5009 2691 5063 καὶ
2728 5011 2897 5075 αὐτὸς
2953 5014 3179 5077 ἀκτῖνας
3226 5016 3585 5087 ἐκπέμψειεν,

1999 5092 2100 5143 οὑκ
2124 5091 2232 5146 ἀπὸ
2258 5093 2359 5162 τῆς
2379 5095 2587 5158 οἰκείας
2611 5095 2828 5165 φύσεως
2861 5098 3044 5169 μόνον,
3074 5100 3208 5155 ἀλλὰ
3234 5105 3330 5156 καὶ
3356 5104 3465 5158 ἀπὸ
3489 5107 3586 5177 τῆς

1997 5179 2342 5252 λαμπηδόνος
2374 5183 2474 5254 τῆς
2505 5184 2735 5255 ἡλιακῆς
2753 5203 2767 5217 ·
2792 5186 2933 5240 οὕτω
2966 5190 3060 5243 καὶ
3088 5192 3121 5260 ἡ
3147 5192 3291 5264 ψυχὴ
3332 5195 3585 5267 καθαιρε-

2000 5273 2160 5343 μένη,
2204 5274 2296 5327 καὶ
2350 5274 2592 5346 ἀργύρου
2635 5276 2993 5351 λαμπροτέρα
3036 5285 3319 5356 γινομένη,
3367 5287 3580 5357 δέχεται

1991 5362 2189 5414 ἀκτῖνα
2227 5362 2336 5415 ἀπὸ
2376 5364 2477 5434 τῆς
2516 5365 2675 5435 δόξης
2719 5366 2815 5419 τοῦ
2853 5368 3193 5439 Πνεύματος,
3249 5374 3342 5427 καὶ
3377 5376 3581 5446 ταύτην

1993 5452 2344 5523 ἀντιπέμπει.
2391 5456 2482 5508 Διὸ
2520 5457 2612 5510 καί
2665 5474 2820 5529 φησι,
2870 5461 3417 5533 Κατοπτριζόμενοι,
3465 5466 3580 5535 τὴν

1990 5541 2190 5609 αὐτὴν
2209 5543 2412 5598 εἰκόνα
2433 5551 2963 5619 μεταμορφούμεθα
2989 5553 3107 5607 ἀπὸ
3126 5554 3332 5624 δόξης.
3355 5557 3453 5621 τῆς
3481 5558 3575 5614 τοῦ

1990 5630 2330 5701 Πνεύματος,
2371 5636 2459 5700 εἰς
2491 5633 2714 5702 δόξαν,
2756 5639 2854 5710 τὴν
2892 5642 3189 5714 ἡμετέραν,
3220 5646 3318 5715 τὴν
3359 5648 3573 5715 ἐγγινο-

1992 5722 2185 5793 μένην,
2223 5725 2317 5776 καὶ
2352 5724 2506 5800 [487]
2537 5734 2693 5787 τοιαύ
2706 5753 2794 5808 ιην
2824 5739 2942 5793 οἵαν
2974 5742 3154 5809 εἰκὸς,
3186 5743 3305 5799 ἀπὸ
3351 5747 3575 5814 Κυρίου

1765 5804 1878 5880 SH?
1987 5815 2356 5880 Πνεύματος.

2061 5908 2202 5979 Ὅρα
2237 5911 2351 5975 πῶς
2390 5915 2481 5970 καὶ
2513 5918 2747 5977 ἐνταῦθα
2796 5924 2854 5979 τὸ
2884 5926 3108 5998 Πνεῦμα
3147 5931 3348 6006 Κύριον
3395 5934 3566 5993 καλεῖ.
