4068 6430
500 459 606 514 ιω
1210 459 1268 514 8.
1310 456 1598 514 JOANNIS
1628 451 2119 511 CHRYSOSTUMI
2161 453 2483 511 ARCHIEP.
2523 450 3078 512 CONSTANTINOP.
3644 453 3754 510 £50

503 571 614 624 Καὶ
651 568 888 640 ἀλλαχοῦ
934 570 992 624 δέ
1045 567 1207 622 αὑτοῦ
1242 567 1340 640 τὴν
1380 567 1678 638 κυριότητα
1719 564 1866 618 ἐστιν
1906 563 2034 617 ἰδεῖν
2062 577 2079 593 ·

504 665 1015 732 Λειτουργούντων
1044 662 1155 732 7&9
1182 658 1401 726 αὐτῶν,
1441 658 1540 712 καί
1563 656 1986 726 νηστευόντων
2003 652 2087 718 τῷ

500 753 715 818 Κυρίῳ,
763 751 950 821 φησὶν,
998 746 1129 804 εἶπε
1173 750 1242 804 τὸ
1267 749 1540 820 Πνεῦμα·
1595 745 1939 818 Ἀφορίσατέ
1981 761 2086 814 μοι

499 845 748 896 Παῦλον
791 842 890 896 καί
915 843 1249 911 Βαρνάϐαν.
1287 842 1388 895 Διά
1411 843 1522 913 7&9
1559 840 1720 896 τοῦτο
1768 836 1911 904 εἷπε,
1951 843 2085 893 Aet»

499 935 909 1002 τουργούντων
947 933 1146 990 αὐτῶν
1188 932 1268 1000 τῷ
1298 935 1516 1002 Κυρίῳ,
1568 931 1924 1002 Ἀφορίσατέ
1956 948 2084 1001 μοι,

499 1022 586 1074 ῖνα
621 1023 682 1076 τὸ
705 1025 964 1095 ὁμότιμον
1010 1026 1180 1098 δείξῃ.
1215 1025 1324 1080 Καὶ
1367 1026 1528 1080 πάλιν
1567 1027 1595 1080 δ
1621 1024 1857 1094 Χριστός
1898 1040 2085 1093 φησιν,

507 1113 573 1166 '0
597 1113 820 1182 δοῦλος
846 1118 956 1171 οὐκ
985 1112 1110 1170 οἶδε
1139 1119 1196 1171 τί
1219 1117 1381 1171 ποιεῖ
1404 1119 1437 1171 ό
1464 1117 1668 1185 κύριος
1693 1115 1882 1170 αὑτοῦ
1905 1131 1919 1146 ο
1945 1113 2008 1167 τὸ
2027 1112 2086 1166 δέ

498 1206 745 1276 Πνεῦμα,
776 1207 850 1270 ὡς
879 1208 1162 1279 ἄνθρωπος
1189 1205 1294 1262 οἵδε
1329 1209 1400 1264 τά
1425 1207 1644 1272 ἐαυτοῦ,
1683 1207 1855 1269 οὕτως
1883 1201 1990 1258 οἵδε
2015 1204 2086 1258 τά

495 1296 592 1350 τοῦ
621 1297 778 1362 Θεοῦ,
801 1300 921 1370 οὐχ).
950 1299 1338 1370 διδασκόμενον
1360 1317 1376 1332 ο
1408 1301 1530 1355 ἐπεὶ
1564 1302 1598 1371 ἡ
1626 1298 1791 1354 εἰκῶν
1821 1299 1881 1351 ού
1909 1297 2081 1367 μένει.

499 1390 612 1444 Καὶ
640 1390 700 1444 τὸ
723 1392 968 1460 ἐνεργεῖν
1003 1393 1061 1446 δέ
1084 1392 1268 1458 καθὼς
1299 1392 1570 1463 βούλεται.
1608 1392 1882 1444 δείκνυσιν
1915 1389 2084 1443 αὑτοῦ

497 1483 598 1554 τὴν
621 1484 871 1550 ἐξουσίαν
905 1489 1000 1538 καὶ
1047 1487 1146 1556 τὴν
1178 1487 1495 1558 κυριότητα.
1523 1485 1695 1540 Τοῦτο
1722 1486 2081 1556 μεταμορφοῖ,

495 1575 658 1628 τοῦτο
686 1577 786 1629 οὐκ
820 1579 883 1648 ἐᾷ
931 1578 1434 1648 συσχηματίζεσθαι
1474 1579 1624 1648 ἡμᾶς
1654 1576 1733 1647 τῷ
1769 1576 1927 1629 αίῶνι
1962 1574 2086 1628 τού-

497 1685 597 1737 τῳ.
635 1667 794 1720 τοῦτο
823 1667 1152 1739 δημιουργὸν
1185 1669 1286 1739 τῆς
1311 1669 1568 1738 τοιαύτης
1591 1669 1840 1732 κτίσεως.
1869 1667 2086 1738 Ὠσπερ

498 1757 607 1828 γάρ
645 1775 798 1829 φησι,
835 1760 1192 1824 κτισθέντες
1229 1760 1301 1813 ἐν
1339 1759 1574 1829 Χριστῷ
1635 1759 1841 1827 Ἰησοῦ
1883 1775 1898 1790 ο
1941 1758 2086 1812 οὕτω

498 1847 653 1914 φησὶ,
688 1846 955 1916 Καρδίαν
1001 1849 1271 1917 καθαρὰν
1307 1851 1522 1904 κτίσον
1576 1849 1646 1902 ἐν
1684 1847 1836 1917 ἐμοὶ,
1859 1851 1892 1901 ὀ
1919 1848 2082 1914 Θεὸς,

497 1937 600 1991 καὶ
635 1937 874 2007 πνεῦμα
918 1940 1093 2004 εὺθὲς
1134 1940 1486 2011 ἑγκαίνισον
1532 1940 1603 1994 ἐν
1651 1939 1777 2004 τοῖς
1810 1939 2085 2009 ὲγκάτοις

493 2043 634 2096 μου.
667 2027 855 2082 Βούλει
883 2046 964 2082 σοι
987 2029 1144 2093 δείξω
1170 2029 1328 2084 τοῦτο
1362 2031 1456 2085 καὶ
1491 2031 1600 2085 ἀπὸ
1631 2031 1743 2085 τῶν
1765 2033 2084 2087 ἀποστόλων

500 2117 998 2191 αίσθητικώτερον;
1065 2121 1347 2192 Ἐννόησον
1402 2122 1634 2189 Παῦλον,
1682 2117 1743 2178 οὗ
1775 2124 1846 2177 τά
1893 2124 2084 2194 ἱμάτια

499 2213 741 2282 ἐνήργει.
779 2212 1006 2283 Πέτρον,
1037 2205 1098 2265 οὗ
1126 2213 1221 2268 καὶ
1249 2216 1304 2267 αί
1335 2215 1486 2268 σκιαὶ
1512 2214 1716 2285 ἴσχυον.
1758 2215 1834 2268 Οὐ
1863 2216 1973 2287 7&9
1993 2216 2081 2280 ἀν,

499 2306 547 2358 εί
584 2305 660 2374 μὴ
693 2304 958 2374 βασιλέως
999 2305 1194 2377 ἔφερον
1233 2307 1443 2370 είκόνα,
1481 2307 1576 2361 καὶ
1614 2309 1904 2378 ἀπρόσιτοι
1942 2304 2084 2380 ἦσαν

497 2395 678 2448 αὐτῶν
700 2397 755 2449 αί
781 2397 1164 2468 μαρμαρυγαὶ,
1195 2397 1451 2451 τοσοῦτον
1475 2399 1541 2452 τα
1570 2399 1761 2469 ἱμάτια
1789 2399 1970 2453 αὐτῶν
1991 2399 2085 2453 καὶ

497 2485 554 2537 αί
597 2486 747 2539 σκιαὶ
787 2488 1136 2558 ἐνήργησαν.’
1164 2487 1436 2552 Βασιλέως
1477 2489 1586 2559 γὰρ
1620 2491 1811 2560 ίμάτια
1841 2491 1934 2544 καὶ
1970 2493 2084 2554 τοῖς

497 2576 720 2648 λῃσταῖς
746 2577 863 2629 ἐστι
895 2577 1120 2650 φοόερά.
1153 2579 1340 2643 Θέλεις
1377 2579 1502 2633 ίδεῖν
1528 2581 1623 2632 καὶ
1647 2580 1737 2632 διά
1763 2579 1858 2633 τοῦ
1892 2580 2084 2649 σώμα-

496 2684 590 2731 τος
627 2666 951 2738 λάμπουσαν
987 2672 1226 2743 ταύτην;
1284 2673 1720 2740 Ἀτενίσαντες,
1765 2673 1952 2743 φησὶν,
1997 2676 2085 2740 είς

493 2758 562 2810 τὸ
589 2763 918 2826 πρόσωπον
946 2761 1280 2830 Στεφάνου,
1318 2759 1482 2817 εἶδον
1504 2763 1585 2829 ὡς
1616 2767 1945 2832 πρόσωπον
1979 2765 2085 2834 ἁγε

495 2848 700 2917 πυέλου.
751 2849 891 2903 Ἀλλ’
914 2851 1068 2903 οὐδὲν
1096 2851 1254 2904 τοῦτο
1278 2853 1418 2923 πρὸς
1455 2852 1555 2922 τὴν
1614 2853 1826 2906 ἔνδοθεν
1870 2854 2082 2924 ἀστρά-

497 2958 738 2994 τπουσαν
767 2941 1132 3012 δόξαν.”υπερ
1153 2943 1261 3014 γὰρ
1286 2942 1524 3010 Μωῡσῆς
1551 2944 1646 2997 ἐπὶ
1671 2946 1765 2997 τοῦ
1783 2943 2082 3016 προσώπου

497 3025 635 3100 εἶχε,
662 3029 819 3083 τοῦτο
839 3025 984 3083 οὗτοι
1021 3031 1114 3083 ἐπὶ
1149 3031 1248 3098 τῆς
1273 3032 1456 3102 ψυχῆς
1503 3033 1846 3104 περιέφερον,
1881 3033 2084 3104 μᾶλλον

494 3125 554 3178 δέ
583 3131 678 3178 καὶ
705 3123 884 3195 πολλῷ
938 3125 1119 3178 πλέον.
1155 3125 1228 3176 Τδ
1261 3127 1357 3194 μὲν
1384 3127 1492 3196 7&9
1525 3126 1806 3190 Μωῡσέως
1839 3127 2085 3199 αἰσθητι-

497 3216 740 3286 κώτερον
763 3211 852 3286 ἦν,
891 3217 1050 3268 τοῦτο
1090 3217 1145 3269 δὲ
1175 3216 1486 3286 ἀσώματον.
1524 3218 1635 3272 Καὶ
1663 3218 1914 3291 καθάπερ
1941 3238 2082 3292 πυρ-

495 3307 643 3378 αυγῆ
675 3306 903 3376 σώματα
950 3307 1060 3360 ἀπὸ
1101 3307 1211 3360 τῶν
1258 3307 1526 3380 λαμπρῶν
1567 3311 1836 3379 σωμάτων
1889 3314 1980 3364 ἐπὶ
2022 3314 2084 3366 τὸ

495 3397 728 3468 πλησίον
751 3399 1112 3468 ἀπορρέοντα,
1143 3401 1234 3451 καὶ
1278 3402 1508 3464 ἐκείνοις
1537 3401 1859 3471 μεταδίδωσι
1883 3405 1978 3474 τῆς
2005 3406 2084 3456 0!-

494 3489 648 3551 κείας
677 3490 743 3541 αὑ
755 3488 851 3558 γῆς
879 3509 889 3520 ι
918 3489 1058 3542 οὕτω
1081 3490 1145 3562 δὴ
1173 3493 1266 3543 καὶ
1286 3493 1378 3544 ἐπὶ
1398 3492 1509 3544 τῶν
1533 3495 1741 3546 πιστῶν
1771 3495 2079 3565 συμϐαίνει.

495 3582 595 3634 Διά
645 3581 710 3651 δὴ
752 3581 910 3633 τοῦτο
955 3582 1054 3651 τῆς
1082 3583 1184 3653 γῆς
1231 3584 1665 3638 ἀπαλλάττονται
1705 3587 1754 3639 οί
1791 3586 1947 3640 τοῦτο
1975 3588 2082 3641 πά-

496 3691 740 3743 σχοντες,
776 3675 871 3726 καὶ
898 3674 968 3727 τά
996 3677 1053 3726 ἐν
1078 3677 1190 3738 τοῖς
1216 3676 1468 3747 οὐρανοῖς
1497 3678 1954 3747 ὀνειροπολοῦσιν.
1993 3681 2085 3732 Οἴ-

497 3784 590 3836 μοι
627 3782 642 3796 θ
675 3765 838 3819 καλὸν
887 3767 997 3837 γὰρ
1038 3766 1272 3820 ἐνταῦθα
1317 3769 1412 3822 καὶ
1454 3770 1707 3834 στενάξαι
1741 3771 1957 3841 πικρὸν,
2000 3772 2082 3824 ὅτι

493 3858 763 3927 τοσαύτης
788 3859 1153 3924 ἀπολαύοντες
1186 3861 1465 3930 εὐγενείας
1486 3871 1528 3926 ⁸,
1563 3864 1684 3916 οὐδὲ
1717 3864 1782 3916 τά
1813 3864 2082 3935 λεγόμενα

495 3948 786 4019 ίσμεν,διά
813 3949 874 4002 τὸ
925 3952 1135 4021 ταχέως
1175 3952 1474 4006 ἀπολλύναι
1502 3953 1571 4008 τά
1621 3955 1942 4025 πράγματα,
1988 3954 2084 4009 καὶ

496 4041 634 4112 πρὸς
685 4040 753 4094 τά
799 4040 1033 4112 αίσθητά
1076 4043 1395 4113 ἐπτοῆσθαι.
1445 4045 1593 4116 Αὕτη
1643 4047 1753 4118 7&9
1792 4047 1824 4116 ἡ
1868 4047 1996 4111 δόξα
2046 4049 2080 4118 ή

494 4131 807 4200 ἀπόρρητος
829 4131 923 4182 καὶ
945 4129 1220 4201 φρικώδης
1248 4132 1410 4204 μέχρι
1435 4133 1533 4203 μὲν
1560 4136 1688 4202 μιᾶς
1709 4136 1803 4188 καὶ
1826 4135 2083 4206 δευτέρας

496 4221 712 4291 ἡμέρας
737 4222 794 4274 ἐν
823 4223 956 4291 ἡμῖν
998 4219 1170 4290 μένει,
1202 4221 1388 4276 λοιπὸν
1413 4225 1471 4276 δὲ
1511 4225 1679 4295 αὐτὴν
1719 4226 2085 4280 κατασϐέννυο

497 4330 621 4383 μεν,
656 4312 747 4366 τὸν
776 4311 1023 4382 χειμῶνα
1051 4314 1352 4382 ἐπάγοντες
1385 4315 1495 4369 τῶν
1527 4316 1799 4386 βιωτικῶν
1826 4320 2063 4390 πραγμά

494 4421 624 4468 των,
669 4405 763 4456 καὶ¹
807 4407 874 4476 τῇ
918 4405 1214 4475 πυκνότητι
1257 4406 1365 4458 τῶν
1415 4409 1594 4478 νεφῶν
1642 4411 2075 4482 ἀποκρουόμενοι

494 4497 594 4557 τὰς
620 4496 867 4559 ἀκτῖνας.

568 4585 789 4656 Χειμὼν
822 4585 930 4656 7&9
955 4585 1024 4638 τά
1055 4586 1308 4656 βιωτικά,
1343 4587 1438 4640 καὶ
1463 4589 1734 4659 χειμῶνος
1761 4592 2083 4662 σκυθρωπό-

497 4695 653 4747 τερα.
678 4677 752 4728 Ού
787 4675 894 4746 γὰρ
943 4677 1153 4746 κρυμὸς
1185 4676 1429 4729 τίκτεται
1457 4679 1727 4746 ἐντεῦθεν,
1759 4681 1877 4734 ούδέ
1904 4683 2078 4748 ὑετὸς,

495 4771 618 4823 ούδέ
647 4768 817 4839 πηλὸν
863 4771 1007 4820 ποιεῖ
1041 4770 1135 4820 καὶ
1174 4768 1348 4838 τέλμα
1391 4769 1548 4839 βαθὺ,
1584 4771 1718 4824 ἀλλά
1750 4773 1819 4825 τά
1864 4776 2084 4829 πάντων

499 4861 852 4934 χαλεπώτερα
875 4859 1102 4922 τούτων,
1135 4861 1360 4928 γέενναν
1397 4862 1698 4934 συνίστησι,
1747 4867 1839 4918 καὶ
1883 4867 1950 4919 τά
1983 4870 2082 4938 τῆς

495 4954 720 5022 γεέννης
753 4951 918 5005 κακά.
969 4952 1080 5004 Καὶ
1118 4952 1366 5022 καθάπερ
1407 4955 1465 5006 ἐν
1513 4955 1710 5025 κρυμῷ
1742 4957 1955 5027 σφοδρῷ
1989 4960 2084 5012 πέ-

497 5065 575 5116 πη
589 5063 643 5114 γε
671 5045 848 5098 πάντα
879 5044 952 5097 τά
988 5045 1147 5116 μέλη,
1178 5048 1275 5099 καὶ
1307 5045 1424 5098 ἐστι
1465 5049 1637 5118 νεκρά
1657 5064 1671 5078 ο
1719 5047 1858 5102 οὓτω
1888 5051 1952 5121 δὴ
1987 5053 2082 5104 καὶ

499 5138 558 5189 ἐν
589 5135 665 5204 τῷ
687 5135 916 5205 χειμῶνι
942 5135 1050 5189 τῶν
1076 5136 1488 5206 ἁμαρτημάτων
1529 5139 1823 5208 φρίττουσα
1849 5143 1882 5210 ἡ
1910 5141 2078 5212 ψυχὴ,

495 5228 648 5279 οὐδὲν
677 5227 782 5280 τῶν
813 5227 983 5297 αὐτῆς
1021 5228 1312 5298 ἐργάζεται
1337 5269 1350 5289 ,
1398 5232 1676 5298 πεπηγυῖα
1706 5230 1954 5301 καθάπερ
1977 5233 2082 5284 ὑπὸ

499 5316 654 5392 ι488]
694 5318 907 5389 κρυμοῦ
935 5319 1029 5371 τοῦ
1059 5320 1384 5383 συνειδότος.
1417 5320 1598 5390 Ὅπερ
1626 5322 1733 5390 γὰρ
1759 5321 1836 5390 τῷ
1872 5322 2081 5392 σώματι

497 5408 689 5477 ψῦχος,
724 5405 882 5460 τοῦτο
932 5409 1168 5480 πονηρὸν
1203 5409 1441 5473 συνειδὸς
1477 5414 1540 5480 τῇ
1585 5411 1768 5482 ψυχῇο
1819 5411 1941 5465 ὅθεν
1989 5415 2082 5467 καὶ

497 5497 669 5552 δειλία
690 5497 922 5566 γίνεται.
958 5498 1123 5552 Ούδέν
1149 5499 1257 5570 7&9
1282 5499 1582 5570 δειλότερον
1615 5501 1710 5554 τοῦ
1740 5503 1852 5564 τοῖς
1896 5502 2082 5571 βιωτι-

501 5593 617 5653 κοῖς
652 5589 1075 5662 προσηλωμένου
1099 5607 1114 5621 ·
1145 5591 1237 5646 τὸν
1267 5592 1376 5663 γὰρ
1409 5591 1500 5645 τοῦ
1541 5593 1680 5646 Κάῖν
1711 5592 1824 5664 βίον
1856 5595 1884 5646 ὁ
1916 5593 2080 5647 τοιοῦ-

500 5697 592 5743 τος
625 5679 715 5750 ζῇ,
754 5679 874 5733 καθ’
908 5679 1148 5750 ἑκάστην
1176 5680 1391 5752 ἡμέραν
1413 5681 1653 5752 τρέμων.
1690 5682 1801 5734 Καὶ
1842 5682 1896 5734 τί
1939 5683 2082 5750 λέγω

562 5847 590 5874 ⁸
620 5842 1114 5912 Εύγεγείαςριὶιχφε...
1133 5850 1186 5893 et
1212 5859 1364 5912 marg.
1408 5841 1582 5904 δεινὴ,
1603 5851 1657 5894 ει
1680 5842 1744 5893 ita
1775 5841 1898 5906 legit
1921 5843 2079 5894 Inter-

498 5917 618 5968 plcs
651 5905 867 5954 Latinus.
898 5905 1046 5965 Edili,
1071 5905 1355 5969 εὐεργεσίας.

2192 562 2454 626 θανάτους
2480 565 2573 618 καὶ
2587 563 2791 635 ζημίας
2809 564 2904 618 καὶ
2921 563 3350 634 προσκρούματα
3371 565 3465 619 καὶ
3485 565 3775 630 κολακείας

2191 654 2284 706 καὶ
2313 654 2608 726 θεραπείας
2629 673 2644 722 ;
2673 657 2768 709 καὶ
2790 655 2899 726 7&9
2922 656 3016 710 καὶ
3040 656 3243 709 τούτων
3270 656 3440 728 χωρὶς
3469 658 3671 728 μυρίας
3691 659 3776 712 δέ-

2189 745 2338 798 δοικε
2364 747 2688 816 μεταϐολάς.
2719 750 2830 802 και
2854 750 2916 802 τὸ
2937 749 3037 820 μέν
3059 751 3304 820 ταμιεῖον
3329 749 3492 821 γέμει
3521 751 3774 822 χρυσίου,

2191 837 2392 908 ἡψυχὴ
2425 839 2482 892 δὲ
2517 840 2618 893 οὐκ
2667 840 3009 911 ἀπήλλακται,
3053 840 3149 894 τοῦ
3192 841 3294 910 τῆς
3344 841 3536 907 πενίας
3565 843 3733 913 φόϐου
3755 856 3776 873 °

2191 930 2285 983 καὶ
2333 931 2479 1001 μάλα
2519 933 2764 998 εἰκότως.
2805 935 2892 998 Ὠς
2927 935 3020 988 ἐπὶ
3058 937 3402 1006 πραγμάτων
3428 935 3539 1008 γὰρ
3565 937 3778 1008 ὁρμεῖδ

2192 1023 2428 1094 σαθρῶν,
2455 1025 2550 1079 καὶ
2576 1026 3014 1097 εύμεταπτώτων
3033 1045 3048 1059 ο
3071 1027 3176 1081 κᾶν
3206 1027 3282 1098 μὴ
3317 1027 3478 1092 αὐτὸς
3503 1029 3776 1101 ὑπομείνῃ

2188 1115 2290 1184 τὴν
2317 1116 2640 1186 μεταδολὴν,
2669 1118 2728 1169 ἐν
2753 1116 2960 1188 ἐτέροις
2987 1119 3277 1189 γινομένην
3299 1117 3463 1191 ὁρῶν,
3487 1119 3733 1172 ἀπόλωλε
3753 1134 3772 1149 ⁸

2191 1206 2284 1261 καὶ
2323 1207 2493 1278 πολλὴ
2534 1209 2635 1278 μὲν
2668 1210 2702 1278 ἡ
2727 1207 2922 1275 δειλία,
2957 1209 3128 1280 πολλὴ
3168 1210 3225 1262 δέ
3259 1213 3292 1282 ἠ
3322 1212 3598 1283 ἀνανδρία.
3638 1212 3777 1267 Οὑδέ

2190 1303 2300 1371 7&9
2333 1301 2492 1369 μόνον
2530 1301 2667 1372 πρὸς
2696 1300 2973 1364 κινδύνους
3010 1301 3243 1373 ἄτολμος
3277 1304 3306 1355 ὁ
3334 1304 3598 1369 τοιοῦτος,
3635 1302 3776 1357 ἀλλά

2190 1391 2284 1443 καὶ
2316 1391 2454 1461 πρὸς
2487 1390 2556 1444 τά
2599 1391 2736 1445 ἄλλα
2767 1393 2943 1446 πάντα
2963 1407 2978 1422 ο
3025 1391 3130 1445 κᾶν
3170 1391 3438 1462 ἐπιθυμία
3475 1396 3772 1466 χρημάτων

2191 1483 2431 1554 ἐμπέσῃ,
2473 1483 2570 1552 οὐχ
2622 1482 2699 1546 ὡς
2751 1483 2892 1553 ἀνὴρ
2939 1482 3227 1555 ἐλεύθερος
3273 1485 3638 1556 ἀποκρούεται
3673 1484 3774 1554 τήν

2195 1574 2519 1645 προσϐολὴν,
2576 1575 2690 1628 ἀλλ’
2723 1575 2798 1638 ῶς
2845 1574 3234 1647 ἀργυρώνητος
3285 1577 3466 1630 πάντα
3518 1578 3772 1648 πράττει,

2191 1667 2444 1739 καθάπερ
2473 1668 2732 1741 δεσποίνῃ
2758 1667 2969 1740 χαλεπῇ
3000 1672 3067 1740 τῇ
3095 1669 3430 1740 φιλαργυρία
3457 1669 3723 1723 δουλεύων
3754 1687 3772 1702 ο

2191 1761 2297 1814 κᾶν
2328 1759 2603 1831 εὔμορφόν
2642 1777 2766 1814 τινα
2811 1761 2982 1830 κόρην
3023 1760 3130 1832 ἴδῃ,
3177 1761 3520 1831 κατέπτηχεν
3566 1762 3777 1824 εὐθέως

2191 1850 2375 1915 ἁλοὺς,
2410 1852 2502 1903 καὶ
2526 1849 2716 1922 ὥσπερ
2743 1851 2891 1905 κύων
2915 1852 3122 1906 λυττῶν
3154 1851 3365 1919 ἐπεται,
3407 1851 3524 1905 δέον
3549 1852 3779 1906 τούναν-

2188 1943 2305 1995 τίον
2343 1945 2538 1996 ποιεῖν.

2247 2063 2329 2111 ς’.
2349 2057 2517 2111 Ὀταν
2539 2060 2649 2130 7&9
2671 2057 2784 2130 ῖδῃς
2803 2061 3036 2126 γυναῖκα
3056 2057 3288 2128 ὡραίαν,
3310 2057 3384 2128 μὴ
3405 2056 3564 2112 τοῦτο
3582 2058 3777 2112 σκόπει

2189 2151 2337 2214 ὅπως
2357 2151 2670 2224 ἀπολαύσῃς
2691 2151 2792 2222 τῆς
2815 2151 3131 2222 ἐπιθυμίας,
3155 2151 3290 2205 ἀλλὰ
3312 2151 3430 2215 πῶς
3451 2150 3777 2220 ἀπαλλαγῇς

2189 2242 2288 2312 τῆς
2323 2243 2638 2313 ἐπιθυμίας.
2681 2244 2791 2295 Καὶ
2824 2242 2942 2306 πῶς
2979 2242 3135 2297 τοῦτο
3178 2243 3279 2304 ἐνι,
3322 2243 3518 2314 φησίν;
3567 2243 3628 2294 ού
3665 2241 3777 2312 γάρ

2190 2334 2306 2387 ἐστι
2336 2334 2398 2387 τὸ
2430 2337 2560 2406 ἐρᾷν
2585 2336 2737 2406 ἐμόν.
2779 2335 2943 2388 Ἀλλά
2978 2335 3146 2399 τίνος,
3178 2336 3318 2399 ,είπέ
3336 2352 3475 2406 μοις
3521 2335 3630 2404 Τῆς
3677 2332 3774 2387 τοῦ

2189 2426 2442 2497 δαίμονος
2468 2427 2757 2499 ἐπηρείας.
2789 2427 2967 2491 Ὀλως
3011 2427 3244 2498 δαίμονα
3282 2423 3422 2480 εἶναι
3445 2426 3688 2497 νομίζεις
3711 2425 3776 2478 τὸ

2190 2519 2585 2587 ἐπιϐουλεῦον;
2630 2519 2840 2573 Οὐκοῦν
2883 2520 3120 2574 πύκτευε
3153 2521 3247 2573 καὶ
3281 2521 3455 2591 μάχου
3483 2519 3771 2588 νοσήματι.

2203 2613 2340 2665 Ἀλλ’
2364 2615 2426 2666 οὐ
2453 2612 2709 2684 δύναμαι,
2743 2615 2897 2684 φησί.
2931 2615 3068 2685 Φέρε
3099 2610 3215 2679 οὖν,
3255 2613 3475 2683 πρῶτον
3504 2611 3662 2666 τοῦτό
3709 2627 3772 2663 σε

2188 2702 2496 2774 διδάξομεν,
2535 2704 2620 2757 ὅτι
2655 2704 2758 2774 τῆς
2794 2705 2893 2774 σῆς
2925 2704 3198 2776 ῥᾳθυμίας
3249 2705 3309 2756 τὸ
3346 2704 3649 2773 γινόμενον,
3678 2702 3774 2755 καί

2189 2795 2271 2848 ὅτι
2298 2795 2362 2847 σὺ
2393 2794 2544 2867 παρά
2573 2795 2672 2864 τὴν
2697 2796 2872 2867 ἀρχὴν
2893 2795 2972 2867 τῷ
3001 2796 3214 2866 δαίμονι
3238 2795 3484 2858 δέδωκας
3517 2793 3772 2864 πάροδον,

2189 2885 2287 2938 καὶ
2312 2884 2428 2950 νῦν,
2463 2884 2529 2938 ἂν
2563 2885 2754 2957 ἐθέλῃς
2779 2925 2794 2950 ,
2843 2885 2982 2956 μετά
3016 2885 3220 2955 πολλῆς
3259 2884 3422 2937 αὑτὸν
3451 2883 3648 2954 ἀπώσῃ
3675 2884 3773 2952 τῆς

2189 2976 2462 3040 εὐκολίας.
2525 2978 2661 3031 Είπέ
2702 2979 2811 3050 γάρ
2863 2996 2976 3049 μοι,
3026 2978 3076 3032 οί
3121 2977 3487 3048 μοιχεύοντες,
3542 2975 3774 3044 ἐρῶντες

2193 3067 2556 3138 μοιχεύουσιν,
2589 3067 2622 3138 ἢ
2669 3069 2855 3130 ἀπλῶς
2894 3068 3152 3121 κινδύνων
3185 3066 3618 3138 ἐπιθυμοῦντες;
3663 3063 3773 3116 Εὕ-

2189 3159 2348 3229 δηλον
2370 3159 2452 3212 ὃτι
2477 3157 2728 3230 ἐρῶντες.
2751 3155 2877 3230 'A9'
2904 3155 2996 3213 οὖν
3031 3158 3364 3230 συγγνώμης
3387 3157 3770 3226 τυγχάνουσιν;

2191 3249 2479 3320 Οὐδαμῶς.
2519 3251 2584 3303 Τί
2622 3249 2858 3320 δήποτες
2908 3253 3030 3304 Ὀτι
3073 3251 3252 3304 αὐτῶν
3281 3251 3397 3301 ἐστι
3428 3248 3488 3301 τὸ
3519 3248 3773 3317 ἁμάρτη-

2193 3360 2290 3413 μα.
2334 3343 2495 3396 Ἀλλά
2529 3343 2582 3395 τί
2607 3361 2696 3412 μοι
2736 3343 3128 3413 συλλογισμοὺς
3159 3342 3401 3404 πλέκεις,
3435 3340 3633 3410 φησίν;
3660 3338 3774 3407 ἐγὼ

2193 3434 2411 3488 σύνοιδα
2455 3435 2678 3506 ἐμαυτῷ
2726 3435 3047 3506 βουλόμενος
3101 3434 3547 3506 ἀποκρούσασθαι
3577 3432 3638 3485 τὸ
3667 3431 3774 3484 πά-

2191 3525 2303 3589 θος,
2335 3527 2426 3580 καὶ
2477 3527 2577 3580 οὐκ
2609 3526 2798 3596 ίσχύω,
2844 3527 2960 3580 ἀλλ’
3005 3527 3275 3596 ἐφέστηκε
3329 3527 3424 3578 καὶ
3457 3523 3633 3587 πιέζει
3676 3523 3774 3576 καὶ

2189 3617 2349 3688 ὀδυνᾷ
2373 3617 2645 3687 χαλεπῶς.
2669 3617 2855 3671 Βούλει
2885 3617 2983 3688 μέν
3003 3615 3472 3687 ἀποκρούσασθαι,
3495 3614 3771 3684 ἄνθρωπε,

2189 3711 2248 3764 ού
2281 3713 2452 3774 ποιεῖς
2479 3711 2536 3763 δὲ
2560 3711 2596 3764 ἃ
2620 3710 2729 3763 τῶν
2758 3709 3216 3781 ἀποκρουομένων
3245 3708 3393 3760 ἐστίν
3419 3723 3434 3738 ο
3475 3705 3611 3760 ἀλλὰ
3639 3705 3773 3757 ταύ-

2189 3803 2282 3856 τὸν
2313 3803 2562 3872 πάσχεις,
2603 3797 2715 3856 οἷον
2754 3803 2821 3856 ἀν
2859 3803 2912 3856 εί
2953 3820 3036 3863 τις
3078 3804 3379 3872 πυρέττων,
3419 3799 3512 3854 καὶ
3543 3796 3772 3868 ψυχρῶν

2190 3894 2598 3966 ἐμφορούμενος
2628 3894 2907 3963 ναμάτων,
2943 3893 3090 3962 λέγοι
3125 3909 3139 3924 ·
3175 3892 3325 3945 Πόσα
3352 3891 3551 3944 ἐπινοῶ
3586 3888 3771 3959 βουλό-

2194 4004 2352 4058 μενος
2387 3987 2578 4040 σὸέσαι
2601 3985 2692 4038 τὸν
2716 3985 2950 4055 πυρετὸν
2979 3986 3072 4038 καὶ
3099 3985 3199 4038 οὐκ
3234 3985 3424 4055 ἰσχύω,
3458 3983 3596 4037 ἀλλά
3635 3982 3770 4052 μᾶλ-

2189 4079 2282 4132 λόν
2311 4095 2414 4148 μου
2443 4078 2541 4149 τὴν
2571 4077 2744 4146 φλόγα
2767 4078 2994 4130 ἀνάπτω
3021 4101 3037 4152 ;

2265 4191 2493 4260 Ἴδωμεν
2508 4184 2603 4244 οὖν
2625 4189 2836 4260 μήποτε
2855 4189 2950 4242 καὶ
2969 4190 3033 4241 σὺ
3051 4188 3120 4240 τά
3147 4188 3247 4258 μὲν
3263 4190 3551 4244 ἐκκαίοντα
3573 4195 3766 4257 ποιεῖς,

2189 4281 2430 4352 νομίζεις
2455 4282 2512 4334 δὲ
2546 4283 2781 4334 ἐπινοεῖν
2804 4281 2873 4334 τά
2915 4281 3227 4335 σϐεννύντα.
3270 4281 3368 4346 Οὓ,
3405 4285 3588 4353 φησίν.
3633 4286 3768 4339 Είπέ

2188 4368 2304 4437 οὖν,
2332 4373 2386 4425 τί
2414 4389 2544 4424 ποτε
2577 4371 2943 4442 ἐπεχείρησας
2968 4372 3192 4442 ποιῆσαι
3219 4372 3356 4442 πρὸς
3383 4375 3446 4428 τὸ
3487 4377 3675 4429 σϐέσαι
3706 4376 3768 4428 τὸ

2189 4466 2398 4534 πάθος;
2428 4465 2482 4517 τί
2525 4465 2584 4518 δέ
2627 4466 2775 4517 ἐστιν
2813 4464 2950 4527 ὅλως
2982 4463 3076 4516 τοῦ
3107 4463 3314 4528 πάθους
3346 4467 3672 4536 αὐξητικόν;
3705 4467 3767 4519 El

2189 4559 2300 4628 7&9
2338 4557 2433 4609 καὶ
2473 4555 2548 4626 μὴ
2575 4556 2776 4618 πάντες
2805 4555 3099 4608 ὑπεύθυνοι
3131 4558 3244 4620 τοῖς
3289 4558 3600 4628 ἐγκλήμασι
3640 4557 3766 4611 τού-

2186 4667 2297 4712 τοις
2340 4649 2508 4720 ἐσμέν
2536 4648 2778 4718 (πλείους
2801 4647 2912 4720 γὰρ
2937 4647 3004 4701 ἂν
3038 4648 3298 4720 εὕροιμεν
3325 4651 3403 4720 τῷ
3426 4651 3533 4704 τῶν
3557 4650 3764 4718 χρημά-

2189 4760 2317 4805 των,
2347 4743 2380 4813 ἢ
2408 4741 2486 4812 τῷ
2517 4741 2625 4794 τῶν
2656 4742 2929 4812 σωμάτων
2959 4741 3350 4812 ἁλισκομένους
3381 4742 3583 4811 ἔρωτι),
3620 4739 3757 4789 ἀλλὰ

2189 4834 2367 4888 κοινὸν
2403 4835 2539 4886 πᾶσι
2577 4834 2928 4903 προκείσεται
2960 4833 3022 4886 τὸ
3054 4835 3360 4905 φάρμακον,
3408 4831 3498 4883 καὶ
3545 4827 3754 4890 τούτοις

2189 4927 2484 4990 κάκείνοις.
2512 4927 2624 4980 Καὶ
2662 4926 2767 4996 7&9
2800 4928 3021 4980 κάκεῖνο
3047 4927 3185 4999 ἐρως
3212 4928 3428 4984 ἄτοπος,
3456 4922 3551 4974 καὶ
3579 4918 3758 4984 τοῦτο,

2190 5019 2305 5072 ἀλλ’
2334 5014 2488 5080 οὗτος
2540 5018 2751 5071 ἐκείνου
2791 5017 2944 5090 [489]
2987 5017 3306 5089 δριμύτερος
3346 5015 3445 5067 καί⁸
3487 5012 3762 5081 ὀξύτερος.

2190 5113 2359 5166 Ὅταν
2399 5109 2491 5166 οὖν
2538 5112 2631 5165 τοῦ
2674 5111 2917 5182 μείζονος
2965 5107 3399 5182 περιγενώμεθα,
3434 5105 3654 5176 εῦδηλον
3685 5105 3767 5157 ὅτι

2191 5205 2285 5259 καὶ
2306 5205 2396 5257 τὸν
2425 5206 2631 5259 ἐλάττω
2663 5205 2863 5275 ῥαδίως
2894 5207 3216 5276 αἱρήσομεν.
3258 5202 3373 5255 Καὶ
3401 5201 3543 5265 πῶς,
3577 5202 3625 5253 εἱ
3658 5199 3772 5269 δρι-

2193 5297 2420 5367 μύτερος
2443 5293 2616 5359 οὗτος,
2651 5297 2836 5367 φησὶν.
2876 5297 2936 5348 οὐ
2979 5297 3177 5360 πάντες
3209 5295 3526 5350 ἁλίσκονται
3556 5293 3631 5362 τῷ
3673 5308 3772 5344 κα-

2189 5386 2289 5458 κῷ,
2318 5387 2431 5439 ἀλλ’
2471 5388 2520 5440 οἱ
2554 5387 2773 5450 πλείους
2811 5389 2940 5455 περὶ
2984 5389 3246 5458 χρήματα
3284 5389 3624 5458 μεμήνασιν;
3651 5383 3773 5434 Ὅτι

2191 5477 2405 5548 πρῶτον
2433 5479 2530 5548 μὲν
2559 5478 2847 5542 ἀκίνδυνος
2887 5477 3028 5547 αῦτη
3061 5473 3200 5531 εἶναι
3227 5478 3376 5532 δοκεῖ
3402 5479 3434 5545 ἡ
3469 5472 3730 5540 ἐπιθυμία
3756 5489 3769 5503 ·

2188 5571 2398 5638 ἔπειτα,
2434 5572 2480 5624 εί
2509 5570 2602 5624 καὶ
2638 5569 2869 5642 ὀξυτέρα
2908 5571 3056 5624 ἐστὶν
3101 5572 3136 5641 ἡ
3175 5571 3288 5623 τῶν
3318 5565 3605 5634 σωμάτων,
3634 5563 3772 5615 ἀλλά

2251 5724 2278 5760 ιι
2309 5720 2452 5787 Edim,
2482 5725 2619 5786 ὁρμᾷ,
2647 5737 2740 5787 ηις..
2761 5726 2902 5787 ὁρμῇ,
2927 5723 3080 5773 Savil.
3103 5721 3366 5787 legendan
3389 5713 3776 5787 putatﬁpgghfl

2188 5786 2318 5855 hang
2331 5775 2618 5852 jeqtion‘éu'n'
2639 5775 3040 5855 vgyiuéénrllpsse
3082 5775 3255 5855 ρι’ὄὺαι
3295 5775 3591 5855 ῼυιίωυιξηίιί
3606 5775 3775 5855 B39?

2189 5843 2470 5956 Savzlia‘qis,
2495 5845 2744 5908 exemplis
2787 5861 2849 5898 ex
2904 5836 3239 5898 Demodhene
3275 5849 3331 5891 et
3370 5854 3434 5890 ex
3483 5836 3774 5901 Thucydide

2193 5922 2272 5956 mu
2301 5920 2357 5956 ua
2385 5920 2446 5955 ns.
