4068 6480
230 424 344 480 αθ

236 546 386 602 enim
433 539 519 598 his
544 537 722 595 verbis
750 536 1022 604 Scriptura
1055 532 1240 599 utitur,
1277 531 1684 587 Ministrantibus
1709 533 1834 604 ipsis

242 635 484 699 Domino,
513 632 792 702 Segregate
824 628 972 694 mihi,
1011 635 1070 682 ut
1109 641 1232 681 eum
1272 624 1514 696 ejusdem
1562 626 1836 695 dignitatis

238 741 363 782 esse
389 723 659 780 ostendat.
689 726 768 778 Ac
808 735 1022 776 rursum
1049 721 1124 774 ait
1160 718 1428 782 Christus,
1465 719 1652 774 Servus
1682 719 1837 774 nescit

238 819 365 888 quid
405 819 561 888 faciat
589 815 828 869 dominus
871 815 981 882 ejus
1030 810 1209 883 (Joan.
1253 811 1342 865 15.
1393 812 1484 881 1ὃ)
1517 826 1530 864 :
1562 822 1619 865 ut
1656 821 1838 865 autem

240 911 405 966 homo
431 911 585 964 novit
612 923 674 962 ea
705 922 826 977 quae
855 920 949 959 sua
980 913 1123 972 sunt,
1165 906 1236 958 ita
1278 904 1507 973 Spiritus
1539 905 1686 958 novit
1719 919 1836 973 qua:

245 1003 339 1058 Dei
370 1011 497 1057 sunt
521 1001 598 1071 (1.
631 999 752 1055 Cor.
783 1000 838 1054 2.
870 999 986 1065 ll),
1031 1013 1138 1052 non
1175 998 1316 1067 quod
1348 999 1638 1052 edoceatur
1669 1014 1683 1052 :
1713 1013 1837 1051 nam

242 1095 314 1149 ita
345 1092 642 1148 similitudo
671 1091 773 1144 sibi
802 1104 910 1143 non
946 1097 1239 1144 constaret.
1278 1087 1416 1156 Quin
1465 1089 1589 1142 hinc
1628 1104 1840 1158 quoque

242 1186 617 1241 auctoritatem
649 1199 713 1239 ac
749 1183 1171 1238 dominationem
1205 1197 1355 1236 suam
1384 1183 1642 1248 ostendit,
1675 1183 1839 1252 quod,

243 1287 404 1348 prout
447 1278 582 1341 vult,
613 1285 885 1347 operatur.
932 1274 1029 1328 llic
1061 1288 1160 1328 nos
1204 1273 1570 1337 transfdrmat,
1619 1274 1706 1328 hic
1745 1289 1843 1328 nos

245 1368 372 1422 huic
416 1368 616 1421 smculo
659 1365 984 1420 conformari
1034 1378 1140 1419 non
1189 1365 1348 1428 sinit,
1407 1364 1492 1418 hic
1534 1363 1844 1434 hujusmodi

245 1461 538 1516 creationis
591 1457 785 1512 artifex
855 1465 955 1512 est.
1019 1453 1482 1522 Quemadmodum
1535 1455 1678 1509 enim
1732 1455 1841 1522 ait,

247 1552 421 1608 (ἔνθαιί
447 1553 501 1605 in
553 1550 756 1607 Christo
793 1549 920 1604 Iesu
951 1548 1166 1622 (Ephes.
1197 1549 1252 1603 2.
1288 1550 1381 1619 10)
1413 1567 1427 1603 :
1457 1549 1646 1606 eodem
1685 1552 1845 1604 modo

251 1645 348 1708 ait,
373 1643 473 1698 Cor
497 1642 740 1696 mundum
766 1658 880 1696 crea
905 1645 958 1696 in
987 1659 1090 1705 me,
1108 1641 1264 1707 Deus,
1300 1652 1346 1697 et
1384 1644 1623 1713 spiritum
1653 1652 1844 1696 rectum

250 1734 438 1787 innova
467 1734 519 1786 in
545 1732 816 1787 visceribus
850 1734 973 1787 meis
997 1732 1169 1802 (Psaf.
1203 1735 1293 1788 5U.
1325 1735 1439 1803 12).
1475 1734 1568 1789 Vis
1607 1733 1708 1788 hoc
1751 1732 1847 1788 tibi

250 1825 321 1878 ah
363 1825 623 1895 apostolis
681 1839 892 1894 quoque
943 1825 1264 1880 sensibiliori
1309 1827 1470 1881 modo
1517 1825 1849 1882 ostendam?

252 1916 472 1972 Paulum
503 1917 702 1986 cogita,
745 1918 899 1987 cujus
939 1927 1117 1973 vestes
1160 1920 1555 1987 operabantur;
1607 1919 1846 1986 Petrum,

248 2009 403 2078 cujus
429 2010 559 2078 ipsae
593 2023 807 2079 quoque
854 2009 1060 2065 umbrae
1107 2012 1310 2066 viribus
1343 2013 1635 2082 pollebant.
1664 2013 1851 2084 Neque

250 2101 419 2164 enim,
465 2101 568 2155 nisi
603 2100 766 2171 Regis
814 2101 1097 2172 imaginem
1127 2113 1452 2173 gestasseut,
1481 2115 1536 2160 et
1571 2105 1851 2176 incompa-

253 2192 440 2247 rabilis
469 2192 684 2262 quidam
714 2193 893 2263 fulgor
916 2209 984 2250 ex
1020 2194 1151 2264 ipsis
1185 2195 1497 2263 ell‘ulsisset,
1524 2213 1712 2253 eorum
1754 2214 1851 2254 ve-

257 2295 368 2342 stes
414 2294 576 2356 atque
630 2285 836 2340 umbrae
883 2293 960 2340 tot
1005 2287 1266 2343 miracula
1319 2289 1630 2345 edidissent.
1692 2289 1854 2359 Regis

256 2379 456 2449 quippe
479 2389 658 2434 vestes
685 2377 984 2452 latronibus
1028 2380 1190 2434 etiam
1230 2382 1424 2436 terrori
1453 2391 1596 2436 sunt.
1628 2382 1856 2440 Libetue

257 2471 442 2527 videre
462 2472 603 2527 hanc
629 2486 726 2542 per
747 2487 944 2542 corpus
981 2487 1194 2543 quoque
1217 2473 1609 2530 collucentem?
1637 2473 1854 2530 futuen-

257 2572 348 2627 tes,
382 2563 576 2632 inquit,
608 2563 794 2633 faciem
825 2561 1099 2632 Stephani,
1127 2564 1361 2619 viderunt
1385 2574 1644 2636 tamquam
1671 2568 1856 2638 faciem

255 2655 426 2724 angeli
456 2653 654 2724 (Actor.
677 2655 732 2709 5.
758 2654 869 2724 15).
897 2656 1229 2724 Quamquam
1269 2656 1403 2712 nihil
1433 2658 1572 2713 istud
1596 2668 1713 2713 erat
1747 2674 1855 2728 prae

258 2746 427 2816 gloria
448 2760 533 2811 ca,
566 2761 687 2814 qua:
725 2745 937 2802 interne
967 2747 1240 2803 rutilabat.
1270 2747 1404 2803 Nam
1432 2749 1573 2819 quod
1605 2750 1776 2804 Moses
1801 2749 1856 2804 in

261 2836 412 2890 vultu
454 2835 714 2901 habebat,
771 2837 871 2891 hoc
923 2838 1012 2893 isti
1057 2838 1108 2892 in
1153 2840 1332 2894 anima
1385 2841 1855 2907 circumferebant,

262 2937 424 2999 atque
449 2927 584 2983 adeo
610 2929 777 2983 multo
805 2929 1054 3000 amplius.
1090 2929 1302 2987 Etenim
1323 2932 1376 2988 id
1402 2933 1545 3003 quod
1575 2933 1707 2988 Mosi
1729 2949 1858 2987 eon-

265 3018 524 3088 tingebat,
555 3021 737 3074 sensui
763 3021 1063 3088 subjectum
1095 3031 1214 3077 erat
1239 3039 1254 3088 ;
1282 3022 1384 3078 hoc
1413 3035 1593 3079 autem
1614 3025 1859 3094 corporis

265 3125 458 3180 expers
484 3119 585 3166 est.
619 3110 688 3165 Et
720 3111 858 3166 sicut
893 3112 1047 3183 ignea
1073 3128 1326 3184 corpora,
1365 3131 1395 3169 a
1423 3115 1719 3184 splendidis
1739 3131 1860 3172 cor-

267 3201 490 3270 poribus
516 3203 570 3256 in
610 3202 661 3256 id
701 3202 846 3274 quod
869 3205 1230 3276 propinquum
1257 3215 1341 3261 est
1378 3205 1688 3273 defluentia,
1731 3208 1862 3277 ipsis

267 3309 482 3365 quoque
510 3294 849 3364 Splendorem
886 3309 1042 3350 suum
1074 3298 1388 3367 impertiant
1416 3314 1429 3350 :
1463 3299 1653 3354 eodem
1700 3301 1862 3354 modo

271 3386 322 3440 in
367 3384 617 3440 ﬁdelibus
657 3399 870 3456 quoque
911 3401 1009 3441 usu
1034 3389 1203 3442 venit.
1234 3387 1315 3442 Ob
1338 3404 1565 3458 eamque
1591 3405 1806 3444 causam
1831 3406 1864 3447 a

271 3485 412 3530 terra
438 3473 756 3540 abscedunt,
785 3476 876 3546 qui
901 3477 974 3532 ita
999 3477 1184 3533 affecti
1209 3487 1354 3545 sunt,
1383 3480 1726 3551 caslesuaque
1748 3481 1864 3536 sola

269 3569 402 3637 ipsis
431 3568 485 3624 in
512 3577 695 3625 mente
719 3579 1023 3625 versantur.
1052 3571 1153 3626 Hei
1182 3571 1348 3628 mihi!
1381 3574 1470 3630 hic
1495 3575 1640 3630 enim
1672 3575 1867 3632 acerbe

267 3675 483 3731 quoque
530 3660 887 3730 ingemiscere
942 3661 1226 3732 pulchrum
1282 3664 1464 3729 fuerit,
1522 3667 1688 3736 quod,
1743 3683 1866 3722 cum

271 3760 420 3807 tanta
448 3751 730 3808 nobilitate
756 3751 968 3822 praediti
994 3753 1188 3822 simus,
1232 3763 1408 3811 tamen
1442 3772 1508 3812 ne
1551 3771 1613 3812 ea
1650 3758 1867 3829 quidem

273 3857 395 3913 quae
420 3842 676 3898 dicuntur
698 3843 968 3911 novimus,
1010 3845 1136 3916 quia
1161 3845 1441 3903 confestim
1472 3848 1570 3904 has
1600 3863 1687 3904 res
1715 3850 1870 3905 nobis

275 3937 455 4008 perire
477 3935 722 4000 sinimus,
751 3928 912 4007 atque
939 3937 1004 3994 iis
1025 3953 1144 4008 quae
1166 3939 1219 3994 in
1246 3955 1462 3995 sensum
1483 3941 1680 3996 cadunt
1700 3940 1872 3996 inhia-

273 4043 416 4084 mus.
448 4029 656 4085 Arcana
682 4027 824 4085 enim
855 4028 969 4084 haec
1005 4039 1058 4086 et
1087 4032 1362 4087 tremenda
1406 4033 1572 4103 gloria
1612 4037 1678 4089 ad
1708 4052 1870 4092 unum

275 4124 494 4194 quidem
521 4133 613 4178 aut
640 4124 868 4178 alterum
907 4122 1050 4179 diem
1093 4123 1146 4178 in
1188 4125 1341 4180 nobis
1369 4135 1587 4192 manet;
1615 4128 1872 4199 deinceps

237 4227 454 4282 _autem
498 4230 616 4271 eam
658 4214 1068 4285 exstinguimus,
1098 4216 1228 4271 dum
1268 4218 1603 4288 negotiorum
1652 4219 1873 4289 hujusce

275 4307 398 4360 vita:
431 4315 803 4375 tempestatem
834 4305 1180 4372 accersimus,
1217 4322 1282 4362 ac
1310 4323 1404 4378 per
1443 4309 1661 4364 nubium
1690 4310 1875 4365 densi-

276 4406 442 4454 tatem
472 4399 650 4454 radios
668 4399 1061 4470 propulsamus.

352 4491 482 4546 Ηιεσ
507 4493 608 4546 vita
642 4502 912 4563 tempestas
939 4502 1116 4548 est.—
1134 4493 1448 4564 Tempestas
1476 4496 1617 4551 enim
1656 4511 1745 4552 res
1773 4496 1874 4551 hu-

276 4585 430 4654 jusce
453 4585 577 4638 vitae
606 4594 749 4649 sunt,
779 4599 843 4639 ac
869 4595 1182 4655 tempestate
1214 4586 1496 4642 tristiores.
1523 4587 1706 4658 Neque
1731 4588 1872 4643 enim

281 4679 410 4733 hinc
439 4676 606 4747 frigus
635 4677 823 4744 oritur,
853 4694 951 4733 nec
977 4679 1151 4749 pluvia
1183 4695 1284 4735 nec
1301 4681 1468 4734 lutum
1489 4695 1552 4735 ac
1583 4681 1876 4750 profundus

281 4773 464 4838 limus,
497 4771 614 4836 sed,
655 4787 775 4842 quae
816 4772 897 4827 his
927 4772 1176 4830 omnibus
1219 4772 1466 4842 graviora
1508 4783 1652 4840 sunt,
1683 4791 1878 4844 nempe

279 4865 525 4936 gebenna
569 4871 624 4920 et
664 4865 926 4934 gehennae
968 4865 1126 4918 mala.
1159 4864 1229 4920 Et
1254 4866 1702 4935 quemadmodum
1721 4883 1878 4938 gras-

284 4965 436 5010 sante
451 4955 717 5011 acerrimo
738 4954 936 5024 frigore
962 4955 1199 5011 membra
1217 4958 1397 5012 omnia
1414 4968 1789 5026 concrescunt,
1816 4975 1880 5017 ac

287 5058 494 5102 mortua
520 5057 646 5102 sunt
672 5063 686 5100 :
713 5048 792 5104 sic
819 5049 979 5103 etiam
1006 5047 1218 5105 animus
1244 5051 1296 5105 in
1312 5061 1652 5121 peccatorum
1680 5049 1881 5123 frigore

287 5139 732 5206 contremiscens,
750 5140 952 5195 nullum
974 5155 1169 5197 munus
1183 5158 1339 5198 suum
1370 5145 1698 5214 exsequitur,
1713 5155 1774 5199 ut
1788 5146 1880 5216 qui

286 5229 538 5285 videlicet
552 5232 875 5288 conscientia
890 5247 955 5287 ac
965 5233 1010 5287 si
1029 5233 1148 5304 gelu
1165 5246 1448 5291 concretus
1462 5235 1548 5288 sit.
1565 5235 1718 5304 Quod
1734 5238 1879 5292 enim

285 5320 501 5389 corpori
532 5318 700 5392 frigus
715 5331 819 5390 est,
842 5321 948 5379 hoc
975 5323 1156 5379 animo
1177 5324 1314 5378 mala
1341 5326 1667 5380 conscientia
1697 5345 1711 5381 :
1739 5327 1884 5384 unde

284 5411 450 5465 etiam
483 5410 734 5468 timiditas
761 5414 992 5470 exsistit.
1013 5413 1153 5470 Nihil
1184 5417 1327 5470 enim
1356 5416 1571 5470 homine
1598 5416 1884 5472 mundanis

285 5502 450 5558 rebus
473 5502 635 5559 affixo
662 5503 897 5562 timidius
933 5504 1060 5575 ﬁngi
1088 5517 1264 5576 potest
1295 5525 1308 5563 ;
1342 5522 1463 5561 nam
1503 5507 1592 5577 qui
1619 5505 1885 5575 ejusmodi

284 5603 392 5659 est,
432 5602 490 5647 ut
528 5593 662 5650 Cain
705 5595 858 5660 vivit,
892 5595 1130 5666 quotidie
1175 5607 1409 5652 tremens
1438 5595 1591 5670 (Gen.
1632 5596 1714 5668 4).
1746 5597 1885 5664 Quid

283 5695 463 5740 autem
503 5695 703 5741 mortes
740 5694 799 5742 et
825 5685 1146 5741 detrimenta
1175 5696 1230 5743 et
1257 5687 1582 5742 offensiones
1611 5696 1666 5742 et
1698 5703 1886 5743 assen-

287 5775 522 5831 tationes
562 5785 618 5833 et
662 5778 922 5847 obsequia
971 5781 1434 5834 commemorem?
1483 5794 1628 5845 nam,
1669 5789 1730 5834 ut
1773 5778 1888 5836 haec

285 5867 552 5930 omittam,
577 5877 858 5926 sexcentas
881 5868 1202 5926 mutationes
1225 5871 1544 5928 extimescit.
1571 5872 1743 5943 Atque
1761 5886 1884 5928 arca

1306 414 1374 472 IN
1411 413 1630 472 EPIST.
1671 415 1720 472 ll
1780 415 1872 473 AD
1907 416 2067 475 COR.
2109 418 2340 476 HOMIL.
2385 419 2495 476 VII.

3428 433 3539 490 450

1942 535 2156 606 quidem
2184 551 2317 591 auro
2349 537 2544 592 referta
2589 546 2694 602 est,
2739 538 2950 594 animus
2993 552 3169 598 autem
3208 553 3538 617 paupertatis

1941 639 2084 684 metu
2111 629 2331 684 minime
2352 639 2539 696 vacat;
2562 646 2624 686 ac
2651 633 2845 686 merito
2866 636 3100 704 quidem.
3125 637 3183 692 ln
3204 640 3366 693 rebus
3390 642 3534 696 enim

1942 721 2225 776 imbecillis
2275 730 2329 777 et
2375 739 2494 793 qum
2547 725 2700 780 facile
2749 736 3022 781 mutentur
3069 743 3321 785 ancoram
3371 731 3532 802 figit:

1940 817 2149 870 etiamsi
2182 817 2296 886 ipse
2337 817 2668 888 naufragium
2712 835 2818 874 non
2847 823 3095 890 patiatur,
3129 824 3178 876 in
3205 825 3325 880 aliis
3355 834 3536 882 tamen

1942 906 1994 961 id
2025 909 2374 976 perspiciens,
2406 910 2778 974 examinatur;
2812 921 2968 982 atque
2997 923 3055 966 ut
3085 914 3283 982 ingenti
3333 916 3536 969 timidi-

1945 1009 2073 1065 tate,
2115 1001 2184 1054 ita
2212 1001 2412 1070 ingenti
2444 1003 2650 1071 ignavia
2691 1003 2916 1057 laborat.
2948 1004 3134 1075 Neque
3162 1006 3307 1060 enim
3350 1007 3537 1076 hujus-

1944 1093 2086 1146 mudi
2127 1092 2288 1146 homo
2331 1094 2383 1146 in
2432 1094 2683 1162 periculis
2727 1097 3021 1159 dumtaxat,
3056 1097 3150 1151 sed
3190 1097 3246 1151 in
3287 1098 3538 1153 omnibus

1943 1184 2063 1238 aliis
2089 1185 2311 1254 ignavus
2338 1196 2436 1240 est.
2468 1185 2600 1240 Nam
2628 1188 2673 1240 si
2704 1189 3049 1256 pecuniarum
3078 1189 3344 1258 cupiditas
3365 1189 3538 1244 irrue-

1945 1278 2034 1342 rit,
2068 1294 2172 1332 non
2216 1287 2272 1332 ut
2299 1280 2560 1349 ingenuus
2587 1281 2670 1334 vir
2699 1282 2957 1350 impetum
3003 1283 3312 1352 propulsat;
3355 1283 3451 1338 sed
3481 1291 3538 1336 ut

1946 1369 2120 1437 pretio
2145 1377 2382 1439 emptum
2406 1372 2727 1439 mancipium
2747 1373 2958 1442 quidvis
2976 1372 3119 1440 facit,
3138 1374 3376 1428 avaritiae
3399 1381 3538 1427 tam-

1945 1475 2104 1529 quam
2132 1462 2340 1516 acerbae
2361 1463 2592 1518 domina:
2621 1466 2883 1520 serviens.
2911 1465 2968 1521 Si
2991 1466 3278 1521 formosam
3304 1467 3536 1536 aliquam

1947 1550 2177 1618 puellam
2192 1553 2529 1623 conspicatus
2543 1555 2720 1620 fuerit,
2742 1557 2983 1625 protinus
3001 1565 3188 1627 captus
3206 1557 3540 1626 trepidat,ra-

1947 1641 2166 1712 bidique
2197 1644 2348 1698 canis
2375 1643 2430 1697 in
2459 1659 2664 1700 morem
2688 1660 2804 1701 eam
2829 1648 3086 1717 sequitur,
3110 1657 3233 1698 cum
3253 1652 3444 1700 contra
3466 1648 3536 1698 fa-

1951 1727 2205 1783 ciendum
2229 1727 2322 1782 sit.

2030 1815 2085 1872 6.
2126 1814 2340 1871 Etenim
2369 1830 2496 1870 cum
2537 1814 2842 1874 formosam
2876 1817 3162 1874 mulierem
3211 1821 3430 1887 cernis,
3473 1838 3541 1878 ne

1959 1907 2064 1963 hoc
2095 1918 2312 1978 spectes
2335 1911 2612 1977 quomodo
2642 1909 2960 1980 cupiditatis
2994 1920 3100 1964 tuas
3141 1926 3369 1982 compos
3412 1914 3536 1976 fias,

1957 2002 2051 2058 sed
2071 2001 2347 2071 quomodo
2368 2001 2664 2072 cupiditate
2684 2002 2952 2059 libereris.
2985 2003 3049 2058 Et
3066 2019 3304 2074 quanam
3327 2006 3540 2060 ratione

1958 2096 2061 2151 hoc
2093 2097 2209 2167 fieri
2238 2096 2432 2165 possit,
2457 2098 2709 2167 inquies?
2735 2113 2913 2169 neque
2941 2099 3086 2153 enim
3116 2114 3303 2154 amare
3325 2101 3431 2154 mei
3455 2110 3542 2154 est

1958 2190 2190 2245 arbitrii.
2217 2189 2391 2260 Cujus
2420 2204 2552 2260 ergo
2579 2231 2596 2257 ,
2633 2190 2722 2245 dic
2757 2191 2928 2245 mihi?
2961 2191 3202 2246 lnsultus
3251 2191 3532 2245 daemonis.

1961 2282 2196 2339 Omnino
2215 2283 2380 2353 igitur
2393 2281 2697 2337 daemonem
2717 2297 2840 2338 esse
2859 2282 3170 2345 arbitraris,
3198 2283 3292 2352 qui
3312 2281 3540 2336 insidias

1958 2378 2178 2433 struat?
2200 2375 2432 2432 Luctare
2455 2377 2638 2447 igitur,
2663 2393 2726 2431 ac
2745 2390 2925 2444 pugna
2945 2393 3066 2430 cum
3094 2381 3308 2430 morho.
3334 2375 3401 2428 At
3427 2390 3536 2428 non

1958 2474 2198 2530 possum,
2241 2461 2470 2529 inquies.
2503 2463 2614 2530 Age
2645 2462 2804 2531 igitur
2840 2462 2941 2516 hoc
2982 2463 3214 2531 primum
3245 2474 3295 2519 te
3329 2465 3550 2521 docebi-

1957 2571 2099 2621 mus,
2131 2555 2355 2626 ignaviaa
2378 2563 2481 2608 tua:
2510 2570 2628 2610 esse
2660 2555 2711 2610 id
2739 2556 2882 2626 quod
2916 2557 3008 2611 tibi
3049 2558 3264 2624 accidit,
3301 2567 3460 2630 teque
3485 2560 3555 2614 ab

1960 2649 2112 2704 initio
2135 2648 2363 2702 daemoni
2391 2647 2592 2704 aditum
2622 2649 2934 2718 prmbuisse,
2963 2665 3026 2704 ac
3046 2665 3207 2713 nunc.
3235 2652 3280 2706 si
3306 2652 3557 2706 voluntas

1960 2741 2031 2796 ita
2061 2740 2262 2806 tulerit,
2291 2755 2414 2794 eum
2452 2739 2706 2796 facillime
2731 2741 3036 2810 propellere
3063 2757 3242 2812 posse.
3275 2744 3367 2797 Dic
3397 2743 3551 2808 mihi,

1959 2831 2047 2900 qui
2076 2830 2396 2886 adulterium
2425 2839 2756 2903 perpetrant,
2783 2841 2957 2886 utrum
2983 2848 3168 2889 amore
3191 2834 3334 2890 ducti
3359 2834 3410 2889 id
3435 2851 3556 2904 per-

1961 2932 2209 2995 petrant,
2268 2938 2335 2978 an
2388 2924 2531 2994 quod
2588 2925 2904 2994 simpliciter
2965 2927 3198 2996 pericula
3265 2930 3559 2998 expetant?

1963 3017 2162 3070 Amore
2208 3014 2352 3070 ducti
2395 3015 2534 3070 haud
2579 3014 2758 3071 dubie.
2791 3016 2927 3070 Num
2976 3017 3138 3087 igitur
3183 3019 3395 3072 veniam
3427 3034 3549 3089 pro-

1962 3115 2147 3175 pterea
2179 3106 2466 3162 obtinent?
2510 3108 2748 3163 Minime.
2789 3109 2926 3176 Quid
2963 3110 3078 3164 ita?
3107 3111 3371 3176 Quoniam
3416 3111 3559 3181 ipso-

1963 3213 2083 3253 rum
2124 3207 2208 3253 est
2253 3210 2552 3268 peccatum.
2587 3201 2655 3254 At
2687 3200 2816 3270 quid
2861 3201 3202 3273 syllogismos
3246 3202 3447 3266 nectis!
3480 3207 3561 3257 in-

1965 3296 2160 3363 quies;
2187 3294 2437 3349 conscius
2475 3293 2606 3347 mihi
2656 3293 2774 3364 ipse
2817 3309 2960 3358 sum,
2993 3311 3081 3351 me
3126 3296 3376 3351 affectum
3419 3296 3563 3352 hunc

1966 3385 2290 3440 submovere
2309 3385 2468 3449 velle,
2501 3400 2602 3440 nec
2628 3393 2806 3442 tamen
2835 3386 2886 3440 id
2917 3403 3157 3456 possum,
3181 3389 3276 3444 sed
3308 3389 3360 3444 id
3386 3389 3564 3444 immi-

1971 3486 2082 3540 net,
2111 3477 2454 3548 graviterque
2475 3493 2561 3532 me
2587 3479 2786 3546 premit
2813 3487 2861 3532 et
2890 3481 3186 3536 excruciat.
3212 3480 3306 3536 Vis
3344 3483 3562 3552 quidem

1970 3569 2124 3637 illud,
2157 3585 2190 3624 ο
2221 3571 2402 3637 homo,
2438 3570 2795 3636 submovere;
2826 3579 2882 3624 at
2912 3586 3018 3625 non
3048 3587 3109 3627 ea
3136 3572 3291 3640 facis,
3320 3590 3443 3644 quae
3473 3593 3563 3631 rc-

1973 3661 2176 3731 pellere
2203 3662 2444 3730 possint;
2469 3676 2655 3716 verum
2688 3660 2910 3731 perinde
2941 3662 3093 3730 facis,
3127 3672 3185 3718 ut
3207 3665 3253 3720 si
3275 3667 3394 3736 quis
3425 3668 3563 3724 fehri

1972 3762 2274 3822 correptus,
2306 3767 2369 3808 ac
2409 3766 2528 3807 sese
2567 3751 2759 3822 frigida
2795 3767 2932 3821 aqua
2976 3753 3327 3825 ingurgitans,
3369 3757 3510 3814 dicat
3541 3778 3553 3812 :

1973 3846 2179 3913 Quanta
2207 3846 2608 3911 comminiscor,
2640 3845 2768 3900 dum
2801 3845 2988 3899 febrim
3011 3847 3351 3918 exstinguere
3376 3853 3568 3907 studeo

1974 3952 2075 3993 nec
2100 3952 2343 4007 possum,
2372 3935 2468 3990 sed
2495 3935 2761 3988 flammam
2789 3935 2966 4005 putius
2993 3952 3166 3991 meam
3198 3941 3477 3995 accendo?

2045 4029 2352 4101 Cupiditatis
2373 4029 2752 4100 exstinguenda
2779 4028 2980 4082 modus.
3003 4059 3075 4069 —
3095 4029 3384 4089 Videamus
3411 4034 3572 4105 igitur

1977 4137 2102 4178 num
2136 4131 2193 4175 tu
2221 4135 2435 4191 quoque
2461 4134 2524 4174 ea
2568 4119 2755 4185 facias,
2783 4135 2903 4189 quae
2933 4122 3179 4176 morbum
3212 4123 3568 4193 inflamment,

1977 4230 2099 4270 cum
2133 4221 2186 4268 te
2225 4228 2288 4267 ea
2317 4212 2626 4283 excogitare
2667 4220 2842 4281 putes,
2883 4228 3004 4282 quae
3031 4215 3398 4285 exstinguanl.
3427 4217 3568 4286 Non,

1979 4307 2176 4376 inquis.
2201 4305 2294 4360 Die
2315 4305 2497 4374 igitur,
2525 4302 2800 4373 quidnam,
2827 4312 2885 4357 ut
2909 4306 3150 4360 morbum
3175 4310 3568 4380 exstingueres,

1980 4399 2157 4453 facere
2187 4411 2438 4467 umquam
2467 4411 2528 4451 es
2554 4403 2785 4450 conatus
2807 4395 2830 4447 ?
2852 4396 2977 4464 quid
3003 4408 3182 4453 autem
3215 4402 3435 4456 omnino
3463 4415 3570 4466 est,

1979 4489 2121 4562 quod
2162 4489 2408 4543 morbum
2448 4486 2943 4558 augeathtenim,
2985 4489 3109 4544 licet
3139 4506 3243 4545 non
3273 4507 3463 4548 onmes
3491 4497 3574 4550 his

1980 4581 2296 4638 criminibus
2331 4579 2550 4634 obnoxii
2576 4578 2746 4633 simus
2785 4578 2992 4649 (plures
3015 4582 3161 4636 enim
3199 4586 3438 4654 reperire
3465 4597 3572 4653 est,

1982 4675 2070 4743 qui
2103 4672 2452 4742 pecuniarum
2482 4684 2643 4740 quam
2688 4671 2779 4741 qui
2816 4685 3104 4740 corporum
3138 4688 3324 4732 amore
3354 4688 3578 4734 tenean-

1984 4766 2132 4836 tur);
2173 4777 2460 4819 commune
2491 4770 2669 4818 tamen
2699 4763 2970 4830 omnibus,
3019 4775 3126 4820 tam
3167 4767 3250 4822 his
3277 4783 3436 4838 quam
3469 4771 3578 4828 illis

1983 4857 2282 4916 remedium
2315 4863 2664 4924 proponatur.
2713 4853 2849 4910 Nam
2887 4865 2944 4910 et
2989 4855 3081 4911 ille
3115 4872 3272 4914 amor
3312 4861 3580 4920 absurdus

1985 4959 2090 5016 est,
2117 4959 2172 5003 et
2197 4947 2285 5002 hic
2322 4961 2569 5017 quoque;
2600 4960 2786 5001 verum
2821 4945 2907 5002 hic
2945 4946 3042 5002 illo
3073 4950 3252 5005 acrior
3278 4961 3363 5006 est
3398 4968 3462 5009 ac
3486 4969 3579 5009 ve~

1987 5040 2307 5098 bementior.
2330 5039 2694 5106 Quamobrem
2725 5039 2766 5092 si
2804 5038 3062 5110 majorem
3094 5038 3532 5111 'superaverimus
3558 5090 3577 5117 ,

1987 5150 2095 5189 non
2121 5143 2206 5188 eSt
2233 5131 2453 5186 dubium
2479 5131 2607 5202 quin
2651 5131 2915 5185 minorem
2949 5147 3162 5204 quoque
3202 5134 3358 5192 facile
3396 5139 3580 5194 vinca-

1989 5242 2130 5283 mus.
2174 5225 2264 5290 At,
2296 5223 2525 5294 inquies,
2562 5225 2605 5278 si
2633 5223 2809 5278 acrior
2847 5223 2934 5279 hic
2966 5241 3118 5280 amor
3143 5238 3246 5291 est,
3279 5231 3369 5299 qui
3411 5230 3488 5298 fit,
3523 5243 3580 5290 ut

1990 5334 2098 5374 non
2126 5332 2314 5372 omnes
2343 5316 2446 5372 hoc
2469 5316 2613 5371 malo
2638 5314 3021 5385 corripiantur,
3056 5318 3150 5373 sed
3196 5320 3377 5390 plures
3403 5323 3469 5378 ad
3498 5326 3578 5378 in-

1991 5410 2196 5464 saniam
2227 5422 2395 5478 usque
2420 5407 2676 5478 pecunias
2692 5416 2872 5461 ament
2893 5407 2916 5460 ?
2937 5407 3172 5463 Primum
3200 5413 3322 5481 quia
3343 5415 3577 5484 pericula

1993 5514 2179 5555 carere
2204 5499 2415 5554 videtur
2447 5498 2562 5553 haec
2600 5497 2899 5568 cupiditas;
2941 5498 3138 5556 deinde
3171 5505 3448 5573 quoniam,
3482 5509 3585 5562 etsi

1993 5605 2287 5663 corporum
2307 5589 2574 5662 cupiditas
2613 5589 2792 5645 acrior
2816 5601 2924 5657 est,
2969 5599 3148 5648 tamen
3181 5595 3342 5652 citius
3375 5598 3584 5652 exstin-

1995 5684 2196 5757 guitur.
2241 5683 2374 5739 Nam
2409 5684 2454 5739 si
2497 5693 2781 5754 perstaret.
2823 5692 2881 5739 ut
2909 5686 3258 5756 pecuniarum
3298 5689 3586 5760 cupiditas,

1997 5795 2120 5836 eum
2146 5779 2237 5850 qui
2267 5788 2455 5849 captus
2483 5787 2627 5833 esset
2663 5776 2904 5832 funditus
2945 5778 3214 5847 perderet.
3252 5781 3365 5854 Age
3401 5783 3581 5853 igitur,

2005 5873 2072 5928 dc
2099 5871 2201 5929 hoc
2228 5885 2515 5941 corporum
2539 5883 2723 5925 amore
2743 5869 2808 5924 ad
2832 5885 2927 5925 vos
2951 5870 3300 5941 disseramus,
3321 5888 3382 5930 ac
3405 5872 3588 5928 videa~
