4068 6498
486 460 601 520 451

494 594 618 635 mus
647 576 913 633 undenam
958 574 1343 628 incrementum
1371 576 1549 623 sumat
1592 567 1695 621 hoc
1737 565 1976 619 malum:
2006 564 2085 617 sic

495 672 639 726 enim
692 675 1032 739 perspectum
1080 662 1420 726 habebimus,
1474 670 1655 714 utrum
1697 656 1856 726 culpa
1903 667 2087 710 nosna

493 760 862 822 contrahatur,
899 769 1069 811 necne
1102 775 1117 811 :
1145 768 1229 816 ac,
1259 752 1305 807 si
1335 751 1491 821 culpa
1519 757 1702 804 nostra
1725 745 2085 812 contrahitur,

493 851 627 907 nihil
655 867 761 904 non
807 847 1086 911 faciamus,
1119 860 1228 915 quo
1242 844 1558 912 superiores
1587 855 1653 895 eo
1691 839 1897 901 simus;
1923 836 1967 891 si
1995 851 2091 889 au-

494 952 600 996 tem
628 948 779 995 extra
802 938 1017 1007 culpam
1054 950 1261 1002 sumus,
1291 932 1420 1003 quid
1451 930 1648 985 frustra
1683 929 1934 998 nosipsos
1974 941 2089 980 ma-

490 1032 775 1089 ceramus?
804 1029 932 1100 quid
956 1029 1086 1083 item
1116 1028 1202 1095 iis,
1240 1025 1333 1096 qui
1361 1038 1427 1079 eo
1454 1024 1765 1093 capiuntur,
1799 1035 1906 1073 non
1938 1017 2089 1088 igno—

491 1125 693 1182 scimus
742 1123 952 1194 potius,
1010 1134 1171 1191 quam
1238 1115 1666 1173 succensemus?
1719 1112 1875 1169 Unde
1929 1111 2090 1181 igitur

490 1217 730 1273 nascitur
776 1213 866 1269 hic
910 1211 1106 1267 amor?
1150 1210 1235 1266 Ab
1278 1209 1542 1279 elegantia
1595 1206 1803 1269 formae,
1853 1204 2087 1274 inquies-

491 1322 612 1362 cum
640 1305 850 1361 scilicet
876 1304 1096 1374 pulchra
1124 1310 1181 1357 et
1210 1309 1434 1356 venusta
1455 1313 1517 1354 ea
1541 1298 1720 1363 fuerit,
1750 1312 1871 1365 quae
1891 1294 2090 1349 vulnus

492 1398 674 1455 infert.
696 1396 917 1454 Frustra
932 1405 989 1452 et
1011 1406 1215 1450 temere
1237 1392 1522 1447 haecdicis.
1538 1389 1668 1444 Nam
1693 1389 1739 1444 si
1772 1389 1954 1443 formae
1978 1386 2089 1456 pul-

492 1489 743 1547 chritudo
769 1499 1037 1543 amatores
1058 1486 1317 1549 allicctet,
1348 1497 1539 1538 omnes
1565 1481 1790 1537 haberet
1817 1487 2087 1535 amatores

492 1583 611 1639 haec
639 1583 811 1655 puella
841 1599 855 1634 :
887 1580 1029 1652 quod
1056 1580 1102 1635 si
1138 1594 1242 1633 non
1283 1591 1474 1633 omnes
1505 1574 1688 1640 habet,
1720 1570 1947 1642 proinde
1984 1585 2086 1625 nec

492 1686 698 1731 naturae
722 1689 823 1730 nec
851 1672 1079 1743 eleganti
1103 1671 1308 1733 formae,
1332 1669 1426 1725 sed
1451 1666 1734 1737 impudicis
1754 1664 1925 1720 oculis
1944 1662 2085 1720 istud

491 1764 906 1823 adscribendum
933 1771 1035 1819 est.
1066 1761 1199 1818 Nam
1223 1775 1346 1817 cum
1369 1774 1491 1815 eam
1516 1761 1733 1817 curiose
1754 1758 1971 1811 intuens
1997 1769 2090 1810 su-

491 1857 757 1931 spexeris,
798 1866 957 1927 atque
991 1853 1281 1921 adamaris,
1309 1852 1474 1908 telum
1500 1849 1784 1921 excepisti.
1824 1848 2084 1916 Quisnam

490 1962 694 2019 autem,
725 1950 956 2020 inquies,
980 1947 1157 2002 facere
1186 1947 1374 2015 possit,
1408 1952 1465 1997 ut
1490 1943 1769 2014 pulchram
1800 1940 2085 1995 mulierem

490 2058 742 2107 cernens,
789 2056 897 2095 non
923 2053 1044 2094 eam
1088 2036 1297 2092 laudet?
1326 2035 1443 2103 Quo
1484 2035 1562 2100 fit,
1599 2042 1658 2088 ut
1695 2048 1819 2088 cum
1855 2046 1943 2087 res
1984 2030 2087 2085 ltu-

487 2133 724 2205 jusmodi
777 2130 984 2197 mirari,
1024 2126 1319 2183 voluntatis
1368 2134 1568 2180 nostrae
1616 2124 1839 2179 minime
1883 2122 1975 2188 sit,
2016 2135 2085 2176 ne

491 2243 645 2283 amor
670 2226 887 2297 quidem
927 2225 981 2277 in
1011 2234 1202 2278 nostro
1240 2220 1465 2275 arbitrio
1494 2219 1632 2273 situs
1661 2217 1753 2272 sit.
1782 2215 2020 2281 Absistc,
2051 2228 2086 2268 ο

489 2321 689 2375 homo!
734 2317 873 2385 Quid
903 2316 1083 2371 omnia
1109 2314 1268 2368 simul
1305 2310 1607 2377 confundis,
1640 2308 1877 2378 undique
1904 2307 1957 2361 in
1989 2321 2088 2361 or-

488 2412 612 2469 bem
634 2426 948 2475 excurrens,
976 2424 1077 2464 nec
1102 2406 1229 2462 mali
1256 2405 1491 2460 radicem
1523 2402 1832 2472 perspicere
1855 2399 2043 2454 volens
2059 2400 2085 2452 Ἰ

488 2504 752 2576 siquidem
802 2503 1091 2573 plerosque
1129 2497 1306 2563 video,
1355 2496 1447 2566 qui
1488 2495 1716 2548 formam
1747 2490 2087 2546 admirentur

488 2612 554 2653 ac
581 2596 828 2651 laudibus
875 2593 1123 2659 efferant,
1158 2606 1257 2646 nec
1285 2601 1465 2645 tamen
1503 2594 1706 2642 ament.
1752 2586 1818 2641 Et
1845 2585 1935 2656 qui
1966 2584 2085 2640 ﬁeri

489 2701 687 2762 potest,
720 2688 918 2759 inquis,
950 2696 1005 2741 ut
1025 2686 1116 2757 qui
1148 2685 1432 2743 mirantur,
1466 2697 1572 2737 non
1603 2681 1730 2735 item
1766 2678 1983 2733 ament?
2006 2676 2084 2732 Ne

487 2781 841 2845 tumultuare,
870 2793 1086 2849 quaeso;
1134 2776 1237 2830 hoc
1262 2774 1405 2830 enim
1444 2772 1623 2828 dicere
1662 2786 1831 2842 paro;
1862 2769 1958 2825 sed
1988 2784 2085 2824 ex-

487 2880 695 2944 specta,
725 2880 779 2925 et
807 2870 993 2924 audies
1033 2867 1260 2931 Mosetn,
1305 2864 1471 2919 filium
1512 2863 1680 2918 Jacob
1701 2861 2078 2927 admirantem,

487 2980 551 3018 ac
578 2965 845 3018 dicentem
872 2978 886 3014 :
916 2958 983 3014 Et
1006 2967 1113 3013 erat
1140 2958 1336 3026 Joseph
1363 2954 1579 3026 pulchra
1600 2954 1753 3024 facie,
1792 2962 1840 3007 et
1873 2961 2084 3022 aspectu

488 3056 706 3110 decorus
732 3052 879 3106 valde
908 3050 1061 3121 (Gen.
1101 3048 1190 3103 59.
1231 3047 1311 3116 6).
1347 3045 1489 3101 Num
1518 3046 1679 3115 igitur
1718 3056 2002 3114 propterea
2035 3043 2080 3100 is

486 3147 722 3212 amabat,
744 3144 835 3213 qui
856 3142 973 3197 haec
991 3140 1234 3195 dicebat?
1258 3138 1494 3193 Minime.
1517 3136 1633 3192 Non
1656 3137 1822 3204 enim,
1848 3136 2078 3206 inquies,

401 3261 409 3271 ’
487 3252 612 3293 eum
663 3248 822 3306 quem
877 3231 1128 3287 laudabat
1179 3231 1453 3285 cernebat.
1498 3229 1660 3299 Atqui
1704 3243 1832 3298 erga
1871 3228 2081 3281 auditas

485 3342 700 3401 quoque
728 3327 926 3380 formas
954 3325 1026 3378 ita
1054 3320 1451 3392 quodammodo
1475 3318 1762 3386 afticimur,
1792 3332 1900 3373 non
1920 3318 2081 3373 modo

486 3435 612 3488 erga
642 3426 980 3487 conspectas.
1022 3414 1219 3469 Verum
1249 3429 1316 3468 ne
1353 3412 1487 3467 mihi
1526 3413 1579 3466 in
1625 3411 1710 3465 his
1755 3410 1918 3466 rebus
1945 3425 2079 3466 con-

486 3512 780 3567 tentionem
805 3522 1020 3561 moveas
1048 3523 1064 3571 ;
1094 3519 1275 3560 annon
1299 3504 1465 3559 David
1490 3503 1781 3559 admodum
1811 3503 2080 3557 formosus

485 3615 622 3669 erat,
654 3618 719 3658 ac
748 3599 1001 3658 subrufus
1027 3614 1148 3654 cum
1179 3599 1457 3654 oculorum
1488 3595 1930 3667 pulchritudine?
1959 3612 2080 3666 quae

485 3698 764 3754 oculorum
802 3694 1066 3763 elegantia
1103 3692 1336 3746 maxime
1379 3691 1616 3744 violenta
1659 3688 2080 3759 pulchritudinis

485 3806 613 3862 pars
655 3796 758 3844 εει.
802 3785 939 3841 Num
980 3783 1141 3854 igitur
1178 3782 1445 3852 quispiam
1474 3780 1643 3851 ipsius
1673 3794 1863 3835 amore
1891 3787 2081 3849 captus

485 3883 609 3940 est?
638 3880 855 3936 Minime
882 3897 897 3934 :
925 3894 1030 3932 non
1057 3877 1215 3946 igitur
1242 3890 1347 3929 una
1376 3890 1498 3929 cum
1536 3874 1891 3929 admiratione
1926 3890 2081 3929 amor

484 3974 647 4030 etiam
676 3972 930 4026 nascitur.
966 3967 1099 4023 Nam
1139 3976 1194 4021 et
1222 3977 1421 4021 matres
1448 3966 1604 4021 multi
1630 3965 1935 4021 habuerunt
1959 3981 2083 4021 cor-

486 4068 632 4138 poris
673 4061 1066 4135 pulchritudine
1099 4058 1505 4114 florentissimas
1546 4075 1562 4111 :
1602 4073 1731 4112 num
1779 4058 1941 4128 igitur
1985 4059 2078 4114 lilii

483 4171 673 4213 earum
701 4169 885 4209 amore
913 4153 1115 4207 incensi
1145 4150 1301 4204 sunt?
1340 4149 1493 4204 Absit
1538 4148 1701 4203 istud.
1743 4149 2078 4221 Quamquam

484 4251 629 4308 enim
668 4247 719 4303 id
746 4245 888 4319 quod
929 4253 1159 4300 cernunt
1195 4241 1548 4306 admirentur,
1583 4251 1761 4297 tamen
1794 4242 1847 4296 in
1874 4242 2078 4298 foedum

485 4356 728 4398 antorem
765 4354 871 4394 non
901 4336 1158 4392 incidunt.
1186 4338 1277 4402 At,
1302 4350 1516 4389 rursum
1551 4334 1782 4406 inquies,
1817 4336 1920 4391 hoc
1946 4336 2078 4408 ipsis

484 4445 674 4491 natura
718 4438 957 4502 praestat.
997 4427 1404 4495 Quzenam,oro,
1421 4427 1656 4482 natura?
1691 4426 1828 4496 Quia
1877 4438 2078 4484 matres

483 4538 631 4595 sunt,
668 4525 897 4596 inquies.
941 4523 1133 4578 Annon
1164 4519 1319 4574 audis
1362 4517 1556 4574 Persas
1587 4518 1804 4574 nemine
1826 4528 2075 4589 cogente,

482 4634 606 4675 cutn
648 4616 906 4672 matribus
930 4613 1042 4669 suis
1079 4611 1319 4676 misceri,
1356 4624 1457 4664 nec
1479 4625 1643 4665 unum
1673 4619 1765 4663 aut
1789 4608 1948 4677 duos,
1980 4610 2078 4667 sed

482 4713 789 4767 universam
816 4717 1027 4780 gentem
1046 4706 1072 4760 Ἰ
1094 4705 1233 4772 Quin
1253 4704 1389 4758 citra
1416 4702 1533 4757 lucc
1560 4702 1766 4772 liquido
1791 4702 1919 4759 hinc
1946 4719 2071 4759 com

483 4813 591 4861 stat
623 4803 872 4858 morbum
899 4800 1041 4854 hunc
1065 4812 1173 4852 non
1201 4797 1447 4866 corporis
1468 4793 1774 4866 elegantiae,
1814 4811 1916 4851 nec
1943 4797 2078 4851 sim-

482 4897 695 4971 pliciter
720 4892 1105 4968 pulchritudini
1133 4887 1546 4945 adscribendum
1592 4903 1737 4955 esse,
1774 4890 1872 4946 sed
1906 4892 2076 4947 animi

482 4989 746 5047 socordiae
791 4998 951 5058 atque
996 4984 1347 5040 oberrationi.
1397 4982 1651 5038 Permulti
1691 4985 1916 5052 etenim,
1953 5001 2076 5043 cum

483 5086 791 5141 innumeras
829 5076 1104 5151 praestanti
1147 5075 1319 5130 forma
1364 5074 1619 5131 mulieres
1654 5077 2074 5145 praeteriissent,

481 5174 812 5231 deformibus
848 5184 972 5226 sese
999 5167 1302 5223 dederunt:
1330 5182 1398 5221 ex
1441 5181 1548 5236 quo
1583 5168 1927 5236 perspicuum
1965 5178 2071 5236 est,

481 5280 720 5325 amorem
749 5279 780 5318 a
816 5261 1001 5317 forma:
1041 5266 1318 5314 venustate
1360 5259 1586 5314 minime
1613 5259 1904 5330 proﬁcisci.
1939 5261 2083 5317 Nam‘

482 5364 528 5419 si
557 5363 628 5417 ita
658 5366 821 5422 esset,
845 5358 900 5421 ii,
931 5355 1021 5424 qui
1046 5354 1099 5409 in
1124 5367 1362 5407 amorem
1390 5351 1717 5419 inciderunt,
1740 5353 1809 5410 ab
1840 5354 1947 5410 illis
1975 5371 2076 5426 po-

484 5454 590 5509 tius
622 5465 780 5521 quam
811 5449 879 5503 ab
920 5446 1038 5500 istis
1065 5444 1206 5514 capti
1246 5443 1492 5499 fuissent.
1522 5443 1788 5511 Quidnam
1822 5445 1982 5517 igitur
2020 5449 2075 5503 in

482 5558 643 5601 causa
664 5538 1038 5609 est?inquies;
1078 5551 1200 5591 nam
1233 5537 1278 5591 si
1309 5535 1496 5591 formae
1525 5537 1782 5592 honestas
1810 5554 1916 5593 non
1949 5539 2078 5594 facit

483 5646 543 5692 ut
569 5635 833 5707 quispiam
855 5639 1020 5697 amet,
1052 5629 1195 5684 unde
1219 5628 1379 5700 igitur
1407 5644 1560 5683 amor
1589 5643 1807 5683 causam
1833 5645 1897 5684 ac
1924 5631 2069 5685 radi-

482 5744 602 5787 cem
631 5725 828 5782 habet?
848 5740 917 5779 an
947 5739 976 5778 a
1007 5721 1151 5779 malo
1168 5721 1450 5776 daemone?
1476 5720 1651 5777 Habet
1687 5734 1902 5791 quoque
1927 5721 2075 5777 illinc

486 5831 683 5887 ortttnt,
708 5818 805 5875 sed
827 5833 934 5873 non
957 5815 1061 5872 hoc
1079 5823 1163 5871 est
1189 5812 1333 5885 quod
1353 5814 1614 5883 quaeritur
1638 5826 1655 5877 ;
1678 5828 1865 5867 verum
1894 5827 2073 5869 annon

481 5916 581 5990 ipsi
609 5929 818 5989 quoque
843 5912 897 5969 itt
913 5926 1072 5969 causa
1103 5909 1291 5967 simus.
1315 5906 1499 5979 Neque
1518 5908 1661 5965 enim
1681 5906 1894 5964 illorum
1915 5905 2075 5963 dum-

1316 451 1593 509 JOANNIS
1621 443 2105 505 CllRYSOSTOMl
2143 442 2467 525 ARCHIEP.
2509 445 3053 505 CONSTANTINOP.

3684 457 3797 516 £52

2200 572 2346 620 taxat
2381 576 2506 620 sunt
2551 566 2778 631 insidiae,
2824 570 2919 623 sed
2962 583 3084 625 cum
3117 567 3224 626 illis
3269 585 3298 625 a
3342 572 3497 629 nobis
3534 575 3793 646 primum.

2196 653 2312 710 Non
2344 656 2560 713 aliunde
2586 659 2920 728 perniciosus
2941 660 3029 715 hic
3057 662 3279 717 morbus
3303 678 3456 734 atque
3476 678 3653 722 ortum
3683 679 3799 725 tra-

2197 746 2296 813 hit,
2328 759 2489 819 atque
2522 765 2553 805 a
2594 752 2985 807 consuetudine
3009 762 3064 807 et
3094 754 3378 809 verborum
3414 757 3708 824 blanditiis,
3740 772 3799 817 et

2195 840 2308 893 otio
2345 855 2409 895 ac
2437 843 2756 908 cessatione,
2789 844 3040 915 quodque
3081 844 3216 900 nihil
3245 847 3387 917 quod
3416 864 3656 919 agamus,
3689 851 3795 907 ha-

2194 928 2440 986 beamus.
3810 972 3813 973 ν

2269 1025 2321 1078 7.
2364 1023 2554 1080 Modus
2577 1026 2955 1097 exstinguenda:
2980 1027 3314 1084 libidinis.—
3335 1029 3522 1103 Magna
3566 1001 3825 1109 quippe}:

2195 1134 2408 1188 magna,
2458 1120 2700 1191 inquam,
2750 1122 3154 1179 consuetudinis
3194 1124 3274 1180 vis
3318 1137 3419 1190 εει,
3466 1135 3625 1198 atque
3655 1130 3795 1185 adeo

2195 1218 2363 1276 tanta,
2396 1220 2452 1264 ιιι
2474 1212 2527 1266 in
2556 1222 2759 1267 natura:
2780 1215 3156 1269 necessitatem
3185 1217 3398 1286 migret.
3421 1216 3572 1286 Quod
3596 1223 3638 1275 si
3670 1235 3794 1275 con-

2193 1301 2495 1357 suetudinis
2511 1313 2591 1358 cst
2614 1302 2750 1359 hanc
2773 1319 3077 1374 procreare,
3107 1322 3211 1360 non
3238 1307 3457 1362 dubium
3475 1311 3602 1379 quin
3626 1312 3789 1367 etiam

2193 1395 2554 1465 exstinguere.
2583 1394 2725 1452 Sane
2753 1396 2907 1451 multi
2933 1408 3176 1453 amantes
3195 1400 3272 1454 sic
3289 1414 3467 1456 amare
3487 1400 3789 1471 desierunt,

2192 1503 2314 1542 cum
2361 1505 2494 1559 quas
2531 1484 2803 1556 amabant,
2846 1507 2951 1546 non
2996 1502 3301 1547 cernerent.
3348 1493 3462 1549 Hoc
3501 1506 3677 1549 autem
3718 1496 3787 1554 ad

2194 1576 2356 1633 breve
2382 1580 2599 1650 quidem
2631 1590 2844 1653 tempus
2872 1581 3127 1637 acerbum
3157 1598 3220 1638 ac
3251 1599 3506 1653 perquam
3538 1584 3789 1657 injucun-

2191 1671 2319 1726 dum
2347 1688 2468 1728 esse
2496 1673 2744 1740 videtur;
2781 1684 2837 1730 at
2860 1690 3149 1747 progressu
3180 1678 3438 1745 temporis
3463 1694 3629 1735 suave
3665 1680 3787 1735 effi-

2191 1764 2354 1832 citur,
2398 1779 2463 1819 ac
2512 1781 2579 1821 ne
2625 1767 2669 1821 si
2716 1766 2886 1821 velint
2936 1767 3178 1839 quidem,
3230 1769 3478 1824 morbum
3528 1786 3787 1830 revocare

2191 1865 2413 1926 queant.
2446 1857 2584 1925 Quid
2625 1859 2808 1928 igitur,
2838 1860 3069 1930 inquies,
3100 1874 3225 1913 cum
3270 1860 3402 1915 citra
3442 1865 3789 1918 consuetudi—

2192 1962 2314 2002 nem
2344 1950 2506 2003 ullam
2536 1950 2605 2005 ab
2634 1949 2752 2018 ipso
2780 1949 2954 2019 primo
2997 1960 3219 2019 aspectu
3250 1963 3438 2021 captus
3466 1952 3653 2009 fuero?
3691 1953 3789 2009 Hic

2190 2055 2403 2110 quoque
2434 2042 2486 2095 in
2513 2057 2674 2097 causa
2700 2053 2783 2096 est
2812 2041 3059 2111 corporis
3079 2041 3307 2108 desidia,
3330 2053 3421 2097 aut
3443 2043 3670 2110 deliciae,
3693 2056 3789 2100 aut

2190 2132 2332 2203 quod
2364 2148 2427 2188 ea
2453 2148 2574 2203 quae
2602 2148 2738 2203 opus
2766 2141 2893 2188 sunt
2922 2148 3029 2188 non
3059 2148 3237 2197 cures,
3263 2148 3363 2188 nec
3386 2134 3438 2189 in
3462 2137 3788 2192 necessariis

2191 2225 2420 2295 negotiis
2441 2225 2694 2280 verseris.
2718 2224 2851 2279 Nam
2877 2223 2970 2295 qui
3001 2224 3125 2279 talis
3152 2232 3257 2287 est,
3283 2224 3453 2278 instar
3467 2225 3673 2280 erronis
3693 2241 3787 2280 cu-

2184 2314 2421 2385 juspiam
2454 2319 2645 2387 quovis
2675 2317 2819 2371 malo
2862 2316 3230 2387 transfigitur:
3272 2324 3435 2386 atque
3478 2316 3787 2387 hujusmodi

2189 2407 2447 2474 animam,
2481 2422 2589 2463 non
2620 2423 2779 2463 secus
2816 2423 2881 2462 ac
2925 2423 3150 2479 puerum
3195 2417 3498 2477 vagantem,
3542 2410 3786 2480 quisquis

2189 2500 2306 2554 vult
2334 2501 2387 2555 in
2418 2500 2736 2556 servitutem
2771 2500 2956 2555 trahit.
2989 2500 3253 2569 Quoniam
3283 2502 3425 2556 enim
3455 2502 3572 2571 ipsa
3602 2502 3706 2557 hoc
3728 2504 3784 2558 in

2189 2606 2342 2646 more
2368 2592 2600 2661 positum
2623 2591 2808 2657 habet,
2839 2601 2898 2646 ut
2917 2592 3123 2662 aliquid
3150 2602 3425 2663 operetur,
3451 2593 3496 2647 si
3528 2594 3695 2663 ipsius
3725 2594 3783 2648 in

2188 2682 2351 2737 rebus
2378 2681 2640 2749 honestis,
2660 2684 2925 2738 actionem
2945 2683 3293 2754 comprimas,
3322 2685 3444 2754 quia
3469 2684 3597 2740 nihil
3624 2700 3783 2755 agere

2188 2789 2295 2829 non
2322 2784 2523 2846 potest,
2550 2776 2653 2829 alia
2680 2775 2855 2845 pariat
2877 2790 3101 2831 necesse
3125 2783 3229 2831 est.
3262 2774 3414 2831 Sicut
3433 2778 3577 2831 enim
3615 2787 3778 2844 terra,

2187 2880 2313 2921 cum
2340 2881 2440 2922 nec
2456 2866 2654 2921 seritur
2674 2881 2775 2921 nec
2798 2866 3089 2936 plantatur,
3113 2866 3335 2921 herbam
3356 2866 3634 2922 dumtaxat
3660 2883 3783 2937 pro-

2186 2956 2327 3014 fert:
2360 2959 2433 3012 ita
2474 2967 2529 3012 et
2558 2960 2757 3026 anima,
2800 2972 2925 3013 cum
2972 2957 3401 3012 necessariarum
3434 2973 3615 3013 rerum
3647 2958 3781 3014 nihil

2186 3048 2350 3104 habet
2387 3048 2531 3118 quod
2581 3057 2723 3119 agat,
2754 3058 2918 3119 atque
2953 3048 3155 3119 aliquid
3183 3064 3343 3119 agere
3371 3050 3572 3119 cupiat,
3600 3052 3783 3121 pravis

2186 3141 2348 3195 rebus
2373 3154 2434 3196 se
2465 3140 2646 3195 tradit.
2676 3140 2745 3195 Et
2770 3141 2913 3196 sicut
2940 3139 3149 3206 oculus,
3174 3140 3267 3210 qui
3286 3156 3510 3197 cernere
3534 3157 3639 3197 non
3660 3157 3782 3198 ces.

2185 3241 2291 3299 sat,
2328 3247 2487 3303 prava
2514 3241 2701 3288 cernat
2721 3247 2946 3288 necesse
2972 3240 3077 3300 est,
3106 3246 3229 3286 cum
3253 3232 3409 3287 bonis
3436 3232 3660 3303 objectis
3685 3248 3783 3289 ca-

2185 3334 2301 3381 ret:
2327 3325 2404 3379 sic
2424 3326 2584 3380 etiam
2605 3325 2835 3390 animus,
2859 3339 2982 3378 cum
3005 3339 3063 3380 se
3084 3339 3115 3378 a
3138 3324 3457 3380 necessariis
3475 3325 3779 3390 abduxerit,

2180 3419 2292 3490 jam
2323 3419 2465 3473 circa
2488 3417 2693 3472 inutilia
2722 3426 2990 3472 versatur.
3015 3417 3227 3488 Alioqui
3256 3417 3401 3488 quod
3428 3418 3712 3490 occupatio
3727 3429 3785 3475 et

2183 3525 2313 3565 cura
2344 3510 2573 3580 primum
2600 3524 2811 3580 quoque
2836 3509 3095 3579 impetum
3115 3509 3418 3579 propellere
3443 3521 3625 3579 queat,
3646 3513 3784 3565 mul-

2186 3603 2252 3657 tis
2268 3602 2596 3673 argumentis
2619 3602 2802 3670 liquet.
2829 3601 3191 3669 Quamobrem
3215 3617 3337 3657 cum
3364 3602 3641 3672 pulchram
3663 3620 3784 3657 mu-

2186 3695 2376 3750 lierem
2402 3694 2775 3763 conspexeris,
2804 3693 2874 3748 ab
2921 3708 3091 3762 eaque
3136 3703 3189 3749 te
3229 3693 3482 3750 affectum
3522 3697 3780 3764 senseris,

2184 3802 2304 3842 eam
2333 3802 2400 3842 ne
2423 3787 2561 3843 ultra
2589 3800 2804 3852 cernas,
2833 3795 2887 3841 et
2915 3786 3178 3841 liberatus
3202 3801 3283 3842 es.
3314 3787 3384 3842 Et
3405 3788 3494 3858 qui
3531 3788 3646 3843 fieri
3679 3804 3781 3858 po-

2186 3882 2334 3947 terit,
2366 3881 2599 3950 inquies,
2625 3891 2681 3933 ut
2707 3895 2826 3934 eam
2856 3879 2990 3933 ultra
3020 3894 3126 3934 non
3152 3894 3392 3949 cernam,
3422 3896 3543 3936 cum
3574 3881 3782 3951 cupidi-

2187 3982 2296 4027 tate
2324 3971 2542 4027 trahar?
2573 3971 2707 4026 Aliis
2738 3971 2921 4035 rebus,
2948 3986 3067 4041 qua:
3091 3972 3330 4026 animum
3352 3972 3677 4041 distrahant,
3697 3973 3783 4030 fac

2185 4073 2239 4119 ιε
2260 4063 2496 4128 addicas,
2525 4063 2678 4118 libris
2700 4063 2975 4130 nimirum,
3004 4064 3325 4121 necessariis
3351 4067 3513 4133 curis,
3541 4069 3781 4138 patroci-

2184 4156 2310 4222 niis,
2333 4156 2777 4225 opitulationibus
2802 4171 3011 4220 eorum,
3043 4156 3239 4225 quibus
3283 4158 3479 4228 injuria
3527 4159 3778 4229 infertur,

2183 4246 2455 4317 precibus,
2480 4261 2661 4301 rerum
2686 4245 2987 4300 futurarum
3007 4245 3343 4303 meditationi
3374 4267 3387 4303 :
3432 4250 3515 4305 his
3540 4251 3779 4306 animum

2183 4337 2479 4407 adstringe.
2507 4337 2597 4392 Sic
2617 4352 2724 4391 non
2754 4350 2943 4392 recens
2970 4346 3177 4392 tantum
3199 4339 3393 4395 vulnus
3422 4341 3660 4408 curabis,
3683 4342 3782 4399 sed

2185 4441 2499 4486 concretum
2531 4430 2694 4485 etiam
2725 4440 2888 4501 atque
2919 4432 3284 4488 inveteratum
3312 4432 3473 4490 facile
3499 4426 3779 4494 discuties.

2183 4520 2316 4577 Nam
2343 4522 2389 4577 si
2414 4521 2765 4590 contumelia,
2798 4532 2858 4576 ut
2883 4529 2969 4577 est
2995 4522 3048 4576 in
3080 4526 3393 4594 proverbio,
3428 4528 3630 4582 amanti
3656 4544 3783 4599 per-

2183 4613 2397 4681 suadet,
2427 4623 2484 4669 ut
2522 4630 2764 4670 amorem
2804 4615 3110 4685 abrumpat,
3150 4618 3424 4687 quomodo
3468 4634 3574 4674 non
3607 4622 3782 4677 multo

2182 4708 2356 4778 magis
2377 4707 2681 4778 spirituales
2713 4707 2799 4761 hae
2841 4708 3237 4766 incantationes
3264 4711 3463 4769 malum
3498 4710 3645 4765 istud
3683 4726 3780 4766 su-

2182 4808 2395 4872 perent,
2418 4800 2712 4855 dummodo
2739 4800 2807 4856 ab
2831 4814 2899 4854 eo
2923 4817 3023 4857 nos
3048 4800 3405 4859 removeroﬂ
3428 4784 3664 4853 animum
3686 4800 3773 4853 in-

2182 4893 2475 4950 ducamus?
2502 4893 2660 4959 Quod
2681 4894 2726 4948 si
2754 4908 2876 4947 cum
2909 4895 3016 4949 illis
3341 4902 3406 4944 ac
3448 4884 3766 4943 confabule-

2183 5001 2324 5051 mur,
2357 5000 2478 5054 qute
2514 4983 2822 5054 huiusmodi
2867 4985 2972 5041 tela
2997 4970 3177 5038 iunci
3196 4986 3576 5048 contorquent,
3609 4994 3674 5034 ac
3703 4979 3772 5034 de

2183 5075 2291 5132 illis
2322 5085 2433 5129 tum
2455 5074 2761 5145 loquamur,
2792 5084 2910 5130 tum
2930 5070 3232 5137 audiamus,
3266 5069 3513 5125 morbum
3540 5068 3646 5126 hoc
3677 5086 3779 5140 pa-

2181 5176 2273 5223 cto
2302 5167 2515 5221 alimus.
2539 5167 2785 5232 Quonam
2810 5176 2939 5237 ergo
2972 5161 3135 5217 modo
3162 5161 3343 5232 ignem
3376 5161 3653 5232 exstingui
3683 5178 3783 5217 cu-

2184 5260 2289 5332 pis,
2319 5275 2441 5316 cum
2471 5259 2711 5330 quotidie
2736 5259 3006 5314 flammam
3031 5254 3333 5310 accendas?
3360 5256 3439 5308 Ac
3462 5253 3530 5309 de
3551 5268 3780 5308 consue-

2184 5353 2372 5409 tudine
2396 5352 2513 5406 hzec
2540 5352 2670 5406 mihi
2691 5350 2759 5406 ad
2783 5351 3016 5422 juvenes
3034 5348 3181 5405 dicta
3201 5349 3309 5403 sint
3336 5366 3351 5403 :
3381 5362 3506 5402 nam
3536 5347 3679 5418 quod
3716 5347 3784 5401 ad

2180 5446 2331 5499 viros
2360 5444 2574 5509 attinet,
2617 5457 2822 5513 eosque
2860 5441 2949 5511 qui
2981 5439 3375 5519 philosOphari
3399 5447 3618 5501 norunt,
3648 5438 3786 5493 nilnt

2182 5537 2409 5608 perinde
2428 5537 2602 5608 juvat,
2623 5547 2683 5591 ut
2700 5536 2795 5591 Dei
2816 5536 3000 5601 timor,
3023 5534 3299 5604 gehenna:
3314 5530 3606 5613 memoria,
3628 5533 3784 5601 regni

2182 5629 2437 5685 caelorum
2484 5627 2781 5698 cupiditas;
2837 5627 2957 5682 lucc
3008 5625 3173 5681 enim»
3214 5622 3284 5680 ad
3328 5621 3781 5691 exstinguendum

2183 5721 2362 5794 ignem
2388 5721 2681 5776 Sufﬁciunt.
2711 5721 2791 5775 Ac
2819 5728 3083 5790 praeterea
3114 5704 3246 5772 illud
3268 5722 3450 5797 tecum
3480 5723 3695 5782 reputa,
3729 5716 3783 5769 id

2183 5814 2329 5886 quod
2368 5814 2548 5870 cernis
2588 5812 2724 5868 nihil
2763 5812 2907 5869 aliud
2930 5824 3076 5879 esse,
3105 5820 3266 5880 quam
3298 5806 3545 5876 pituitam
3574 5815 3629 5861 et
3656 5823 3784 5862 san-

2184 5912 2402 5984 guinem
2448 5922 2511 5963 ac
2546 5907 2784 5979 corrupti
2824 5902 3065 5964 alimenti
3113 5894 3357 5956 succum.
3413 5900 3483 5954 At
3523 5899 3677 5956 lactus
3719 5916 3785 5957 ac
