4068 6500
246 416 352 477 ΞΜ

238 539 443 594 θᾶττον
468 530 659 599 ἐκείνη
689 527 978 583 σϐέννυται
1003 540 1016 554 ’
1045 522 1122 588 ώς
1161 520 1215 576 εί
1233 538 1299 590 γε
1330 520 1664 592 παρέμενεν,
1691 518 1767 583 ώς
1796 518 1833 587 ἡ

242 626 357 685 τῶν
398 622 722 698 χρημάτων,
773 617 875 673 κᾶν
936 614 1187 671 ἀπώλεσε
1242 614 1333 668 τὸν
1384 612 1583 667 ἁλόντα
1640 611 1832 683 ἄρδην.

242 723 381 793 Φέρε
408 713 522 783 οὖν,
576 714 706 786 περὶ
752 711 943 766 τούτου
1002 709 1132 778 ὑμῖν
1178 706 1571 778 διαλεχθῶμεν,
1597 703 1694 757 τοῦ
1724 702 1836 758 τῶν

245 811 540 882 σωμάτων,
575 806 670 860 καὶ
698 804 900 874 ῐδωμεν
926 800 1090 855 πόθεν
1115 798 1341 865 αὐξεται
1368 797 1431 851 τὸ
1460 797 1630 851 κακόν
1650 814 1664 828 ο
1692 794 1836 850 οὕτω

245 904 358 977 γὰρ
401 901 661 972 είσόμεθα
683 941 700 967 ,
740 896 850 950 εἴτε
891 893 1160 967 ἡμέτερον
1202 891 1360 945 τοῦτο
1406 890 1679 963 ἔγκλημα,
1724 890 1840 944 εἴτε

242 999 349 1070 οὐχ
373 996 676 1069 ἡμέτερονο
718 990 815 1045 καὶ
844 990 892 1042 εί
938 987 1035 1059 μὲν
1079 987 1367 1056 ἡμέτερον,
1407 984 1584 1038 πάντα
1613 981 1838 1055 πράξων

253 1101 418 1163 μενι,
444 1087 586 1141 ὥστε
632 1079 1023 1154 περιγενέσθαι
1059 1094 1075 1111 ⁸
1131 1076 1267 1131 εἰδὲ
1311 1077 1412 1147 οὐχ
1456 1075 1751 1147 ἡμέτερον,
1786 1074 1838 1127 τί

248 1181 434 1250 μάτην
462 1178 739 1244 κόπτομεν
772 1170 1037 1235 ἐαυτούςς
1069 1168 1124 1222 τί
1169 1167 1226 1221 δὲ
1259 1167 1322 1220 οὐ
1363 1164 1837 1236 συγγινώσκομεν,

248 1271 365 1325 ἀλλ’
394 1267 734 1339 ἐγκαλοῦμεν
781 1265 895 1327 τοῖς
942 1259 1367 1330 ἀλισκομένοις;
1408 1258 1579 1312 Πόθεν
1620 1253 1715 1311 οὖν
1757 1255 1839 1308 τίο

251 1376 443 1417 κτεται
470 1351 624 1422 οὗτος
675 1359 705 1410 ό
755 1354 928 1426 ἔρως-ς
981 1351 1113 1406 ’Λπὸ
1155 1350 1461 1423 εὐμορφίας
1518 1346 1840 1421 προσώπου,

253 1452 441 1525 φησὶν,
472 1452 600 1504 ὅταν
622 1445 766 1518 καλὴ
796 1447 889 1500 καὶ
913 1443 1124 1515 εὐειδὴς
1150 1444 1184 1513 ή
1217 1442 1593 1513 τιτρώσκουσα
1702 1442 1839 1512 Εἰκῆ

253 1544 432 1599 ταῦτα
459 1541 641 1610 λέγεις
673 1541 767 1594 καὶ
808 1539 1003 1610 μάτην.
1040 1537 1105 1589 Εί
1141 1535 1253 1608 γάρ
1298 1535 1397 1606 τῆς
1438 1534 1745 1605 εὐμορφίας
1781 1532 1841 1587 τὸ

253 1634 495 1706 ἐραστὰς
536 1628 963 1694 ἐπισπάσασθαι,
991 1626 1202 1691 ’πάντας
1235 1626 1301 1681 ἂν
1339 1626 1496 1699 ἔσχεν
1541 1627 1778 1698 ἐραστὰς
1807 1627 1840 1698 ἡ

256 1725 480 1796 τοιαύτη
513 1723 647 1795 κόρη
674 1740 686 1753 ·
716 1723 763 1775 εί
801 1721 860 1776 δέ
885 1722 946 1775 οὐ
977 1721 1187 1784 πάντας
1218 1720 1355 1792 ἔχει,
1378 1720 1442 1774 οὐ
1477 1720 1577 1791 τῆς
1625 1719 1842 1787 φύσεως

212 1858 217 1863 .
256 1816 436 1880 τοῦτο,
468 1815 592 1869 οὐδὲ
619 1813 683 1880 ἐξ
705 1814 1031 1886 εὐμορφίας,
1058 1813 1175 1868 ἀλλ’
1205 1812 1264 1879 ἐξ
1292 1812 1610 1867 ἀκολάστων
1640 1810 1844 1880 ὀφθαλ-

258 1909 410 1980 μῶνο
450 1908 580 1960 ὅταν
607 1906 718 1977 γάρ
755 1905 876 1959 ἰδὼν
908 1905 1219 1977 περιέργως
1250 1903 1539 1976 θαυμάσῃς
1578 1903 1674 1956 καὶ
1713 1904 1845 1974 ἐρα-

253 2000 413 2072 σθῇς,
442 1998 608 2063 ἐδέξω
640 1996 703 2050 τὸ
731 1996 904 2067 βέλος.
941 1995 1052 2049 Kal
1082 1996 1166 2058 τίς
1204 1994 1270 2049 ἂν
1295 1994 1511 2048 δύναιτο
1540 1992 1712 2064 καλὴν
1745 2010 1845 2061 γυ-

255 2094 419 2146 ναῖκα
446 2088 611 2161 ὁρῶν,
651 2089 726 2160 μὴ
756 2087 1044 2141 ἐπαινέσαι
1074 2085 1172 2157 τὴν
1200 2085 1522 2156 ὁρωμένην;
1560 2083 1741 2154 φησίν.
1781 2081 1844 2135 Ιόί

256 2182 436 2236 τοίνυν
456 2182 516 2234 οὐ
549 2179 650 2250 τῆς
684 2177 1060 2250 προαιρέσεως
1089 2175 1246 2248 ήμῶν
1274 2176 1337 2228 τὸ
1365 2174 1435 2229 τά
1464 2174 1688 2228 τοιαῦτα
1714 2173 1846 2228 θαυ-

255 2277 477 2348 μάζειν,
498 2275 608 2328 ὀὐκ
633 2275 690 2329 ἐν
714 2274 846 2345 ἡμῖν
866 2272 975 2343 ἄρα
999 2273 1028 2325 ό
1055 2270 1216 2342 ἔρως.
1262 2270 1535 2341 Ἐπίσχες,
1562 2269 1853 2341 ἄνθρωπε..

261 2369 328 2422 Τί
355 2369 533 2423 πάντα
575 2366 768 2438 φύρεις
816 2363 978 2436 ὁμοῦ,
1022 2362 1300 2434 πανταχοῦ
1345 2363 1708 2434 περιτρέχων,
1751 2362 1847 2416 xal

257 2459 354 2515 τοῦ
381 2459 551 2513 κακοῦ
574 2459 674 2529 τὴν
702 2457 859 2528 ῥίζαν
890 2456 992 2509 οὐκ
1024 2454 1224 2508 ἐθέλων
1253 2455 1419 2521 ίδεῖν;
1447 2456 1544 2508 καὶ
1571 2457 1682 2526 γὰρ
1716 2453 1847 2507 πολ-

258 2549 386 2614 λοὺς
418 2549 531 2622 ὁρῶ
561 2547 946 2618 θαυμάζοντας
992 2546 1086 2599 καὶ
1126 2542 1505 2608 ἐπαινοῦντας,
1542 2545 1642 2597 οὐκ
1675 2543 1846 2614 ἐρῶν-

253 2658 358 2703 τας
382 2641 460 2696 δέ.
487 2642 598 2696 Καὶ
633 2639 752 2703 πῶς
778 2638 857 2691 ἔνι
889 2635 1268 2708 θαυμάζοντας
1301 2636 1377 2709 μὴ
1413 2638 1584 2709 ὲρᾷνς
1624 2637 1716 2707 Μὴ
1761 2636 1850 2691 θο-

254 2735 419 2809 ρύϐει
444 2752 459 2766 ο
497 2733 657 2787 τοῦτο
701 2732 809 2802 γὰρ
845 2729 1078 2801 ἔρχομαι
1117 2730 1291 2781 εἰπεῖν
1314 2744 1332 2758 ⁸
1370 2727 1488 2782 ἀλλ’
1532 2729 1845 2799 ἀνάμεινον,

258 2829 361 2882 καὶ
387 2826 594 2897 ἀκούσῃ
625 2823 721 2879 τοῦ
748 2823 1026 2885 Μωῦσέως
1051 2819 1422 2892 θαυμάζοντος
1453 2820 1546 2874 τὸν
1568 2820 1732 2875 παῖδα
1752 2819 1846 2873 τοῦ

278 2915 495 2981 ἰακὼ6,
544 2916 636 2969 καὶ
669 2914 916 2982 λέγοντος
943 2928 958 2942 ’
1017 2912 1127 2967 Καὶ
1156 2909 1235 2984 ἦν
1274 2911 1498 2980 Ἰωσὴφ
1539 2910 1730 2974 καλὸς
1767 2909 1849 2975 τῷ

256 3011 431 3076 εῖδει,
463 3008 562 3063 καὶ
593 3007 804 3076 ὡραῖος
827 3004 900 3074 τῇ
930 3004 1066 3074 ὄψει
1097 3003 1356 3075 σφόδρα.
1379 3000 1529 3075 τΑρα
1557 2999 1650 3057 οὖν
1688 3002 1848 3073 ἡραό

255 3102 439 3159 ταῦτα
467 3103 640 3170 λέγων
667 3118 682 3167 ;
724 3097 1009 3169 Οὐδαμῶς.
1045 3098 1181 3153 Οὐδέ
1215 3097 1324 3168 γὰρ
1357 3095 1524 3168 ἐώρα,
1560 3095 1716 3167 φησὶ,
1756 3097 1849 3151 τὸν

260 3195 681 3266 ἐπαινούμενον.
724 3192 882 3246 ’Δλλά
916 3194 1009 3246 καὶ
1040 3191 1178 3263 πρὸς
1208 3191 1279 3245 τά
1320 3189 1633 3261 ἀκουόμενα
1672 3189 1847 3261 κάλλη

257 3286 548 3357 ’πάσχομέν
574 3301 627 3337 τι
671 3282 934 3349 τοιοῦτον,
974 3283 1036 3337 οὐ
1074 3283 1213 3353 πρὸς
1259 3282 1329 3335 τά
1371 3280 1629 3353 ὁρώμενα
1665 3281 1848 3352 μόνον.

257 3380 385 3433 Ἵνα
410 3379 467 3432 δὲ
500 3377 576 3450 μὴ
618 3376 927 3447 φιλονεικῇς
965 3377 1100 3447 ἡμῖν
1141 3377 1200 3428 ἐν
1229 3376 1463 3439 τούτοις,
1484 3376 1522 3427 Δὁ
1547 3373 1712 3428 Δαυτδ
1749 3374 1852 3427 οὐκ

264 3467 335 3543 ἦν
380 3470 581 3543 ώραῖος
620 3468 856 3541 σφόδρα,
917 3468 1014 3521 καὶ
1065 3465 1375 3538 ὑπέρυθρος
1428 3466 1570 3538 μετὰ
1621 3464 1852 3530 κάλλους

255 3562 597 3635 ’ὀφθαλμῶνς
637 3561 666 3616 ὃ
687 3561 752 3632 δὴ
776 3560 1015 3631 μάλιστά
1041 3562 1158 3614 ἐστι
1189 3558 1655 3631 τυραννικώτερον
1684 3557 1851 3630 μέρος

254 3655 367 3725 ’τῆς
391 3652 718 3724 εὐμορφίας,
754 3651 865 3706 τῶν
904 3651 1200 3723 ὀφθαλμῶν
1232 3652 1294 3705 τὸ
1337 3651 1555 3715 κάλλος.
1594 3647 1723 3721 Ἀρ*
1758 3647 1852 3706 οὖν

267 3745 486 3817 ἠράσθη
513 3762 597 3809 τις
624 3745 825 3811 αὐτοῦ;
850 3742 1138 3815 Οὐδαμῶς.
1167 3744 1280 3798 Οὐκ
1302 3744 1410 3813 ἄρα
1433 3742 1573 3815 μετὰ
1594 3742 1688 3796 τοῦ
1717 3743 1853 3796 θαυ-

270 3834 468 3907 μάζειν
486 3835 590 3888 ικαὶ
630 3835 693 3889 τὸ
730 3835 862 3906 ἐρᾷν
898 3834 1129 3904 γίνεται.
1175 3835 1284 3888 Kal
1319 3833 1429 3905 7&9
1468 3831 1568 3886 καὶ
1606 3834 1853 3904 μητέρας

271 3929 432 3999 ἔσχον
463 3926 648 3980 πολλοὶ
677 3926 885 3998 σφόδρα
909 3926 1177 3990 ἀνθούσας
1200 3928 1268 3997 τῇ
1299 3925 1393 3979 τοῦ
1426 3923 1678 3995 σώματος
1708 3923 1850 3996 ὥρᾳ.

273 4018 341 4071 Τί
374 4012 467 4071 οῦν
492 4034 508 4083 ;
532 4016 851 4088 ⁴ἠράσθησαν
881 4016 1062 4071 αὐτῶν
1093 4018 1142 4070 οί
1167 4018 1360 4082 παῖδες
1384 4034 1400 4083 ;
1439 4018 1656 4085 ’Ἄπαγε
1676 4033 1689 4047 ·
1717 4015 1854 4070 ἀλλά

273 4106 614 4179 θαυμάζουσι
651 4106 752 4177 μὲν
778 4105 839 4159 τὸ
860 4105 1159 4178 ὁρώμενον,
1189 4108 1290 4162 οὐκ
1325 4107 1658 4180 ἐμπίπτουσι
1687 4107 1746 4161 δέ
1773 4108 1853 4171 εἰς

272 4200 452 4275 ἔρωτα
484 4199 732 4270 αίσχρόν.
764 4199 934 4253 Πάλιν
964 4199 1072 4271 γὰρ
1097 4199 1200 4269 τῆς
1230 4200 1447 4269 φύσεως
1484 4199 1545 4253 τὸ
1573 4199 1853 4270 κατόρθω-

271 4293 356 4364 μά
382 4294 516 4346 ἐστι.
546 4292 715 4354 Ποίας
741 4289 978 4360 φύσεως,
1003 4291 1126 4344 είπέ
1151 4309 1241 4362 μοι
1264 4310 1280 4360 ;
1318 4291 1441 4346 ’Ότι
1468 4301 1704 4363 μητέρες
1722 4291 1851 4357 εἰσὶ,

273 4386 462 4458 φησίν.
500 4382 635 4441 Εἶτα
657 4385 758 4439 οὐκ
798 4384 1039 4449 ἀκούεις,
1082 4385 1166 4439 ὅτι
1198 4386 1426 4457 Πέρσαι,
1460 4385 1687 4457 μηδενὸς
1731 4402 1857 4439 κατ-

272 4476 699 4548 αναγκάζοντος,
748 4480 868 4542 ταῖς
902 4476 1081 4531 αὐτῶν
1133 4479 1419 4548 μίγνυνται
1468 4477 1729 4550 μητράσι,
1759 4478 1856 4532 καὶ

272 4571 375 4642 οὐχ
400 4563 482 4634 εἷς
510 4569 630 4624 οὐδὲ
656 4570 930 4640 δεύτερος,
970 4568 1086 4623 ἀλλ’
1115 4569 1411 4640 ὁλόκληρον
1449 4568 1599 4632 ἔθνος
1627 4585 1641 4634 ;
1670 4569 1856 4639 Χωρὶς

272 4662 333 4716 δὲ
360 4661 586 4728 τούτοιν,
611 4660 865 4715 κάκεῖθεν
888 4658 1043 4734 [490]
1066 4660 1245 4732 δῆλον,
1275 4662 1357 4714 ὅτι
1381 4660 1442 4712 τὸ
1463 4660 1677 4731 νόσημα
1697 4659 1856 4713 τοῦτο

272 4756 336 4809 οὐ
360 4754 463 4824 τῆς
491 4752 640 4825 ὥρας
668 4753 763 4807 τοῦ
803 4751 1074 4824 σώματος,
1104 4752 1226 4806 οὐδὲ
1247 4753 1350 4822 τῆς
1379 4752 1683 4824 εὐμορφίας
1706 4752 1856 4805 ἐστὶν

274 4846 482 4911 ἁπλῶς,
511 4845 647 4900 ἀλλά
676 4847 777 4917 τῆς
815 4844 1063 4917 ῥᾳθύμου
1114 4846 1210 4899 καὶ
1252 4844 1613 4915 πλανωμένης
1644 4843 1853 4916 ψυχῆς.

273 4938 467 4994 Πολλοὶ
498 4937 628 5008 γοῦν
676 4938 940 5001 πολλάκις
992 4938 1189 5011 μυρίας
1238 4939 1535 5009 εὐπρεπεῖς
1575 4939 1857 5009 παραδραο

280 5029 470 5100 μόντες
495 5033 782 5097 γυναῖκας,
813 5032 932 5095 ταῖς
959 5031 1342 5103 αίσχροτέραις
1369 5030 1576 5085 ἔδωκαν
1605 5027 1855 5093 ἑαυτούς’

274 5119 398 5173 ὅθεν
421 5118 576 5190 δῆλον
600 5122 683 5175 ὅτι
710 5122 773 5175 οὐ
803 5122 902 5193 τῆς
924 5122 1231 5193 εὐμορφίας
1266 5123 1328 5177 τὸ
1359 5124 1490 5195 ὲρᾷν
1535 5140 1548 5154 ·
1591 5123 1623 5195 ἢ
1657 5123 1767 5194 γὰρ
1792 5124 1858 5178 ἂν

276 5206 423 5266 εἷλον
449 5215 650 5267 ἐκεῖναι
673 5214 782 5285 πρὸ
804 5214 1010 5269 τούτων
1041 5218 1169 5279 τοὺς
1201 5216 1564 5287 ἐμπεσόντας.
1589 5216 1654 5268 Τί
1679 5213 1772 5270 οὖν
1795 5218 1858 5271 τὸ

276 5307 481 5370 αῖτιονς
534 5307 584 5359 εἰ
629 5307 740 5377 γάρ
788 5306 864 5379 μὴ
899 5307 1002 5378 τῆς
1036 5308 1336 5379 εὐμορφίας
1373 5308 1436 5361 τὺ
1486 5310 1639 5380 ἐρᾷν,
1693 5306 1858 5361 πόθεν

272 5400 389 5471 ἔχει
416 5399 516 5471 τὴν
541 5399 718 5472 ἀρχὴν
744 5401 838 5455 καί⁵
863 5401 961 5472 τὴν
992 5402 1169 5472 ῥίζαν,
1201 5402 1399 5473 φησίν;
1447 5402 1580 5454 Ἀπὸ
1604 5401 1860 5472 δαίμονος

275 5489 517 5562 πονηροῦ
542 5505 558 5555 ;
595 5489 749 5562 Ἔχει
775 5491 877 5563 μέν
908 5493 1005 5546 καὶ
1040 5493 1251 5547 ἐκεῖθεν
1274 5508 1289 5523 σ
1321 5491 1435 5547 ἀλλ’
1462 5493 1522 5545 οὐ
1557 5492 1715 5546 τοῦτό
1740 5494 1857 5547 ἐττι

271 5582 339 5636 τὺ
370 5581 730 5655 ζητούμενον,
761 5584 878 5638 ἀλλ’
906 5585 954 5636 εί
980 5584 1057 5655 μὴ
1096 5587 1191 5640 καὶ
1231 5588 1393 5658 ἡμεῖς
1419 5585 1600 5641 αἴτιοι.
1637 5587 1712 5640 Οὐ
1747 5587 1858 5658 γάρ

268 5675 499 5730 ὶκείνων
533 5675 697 5747 μόνον
735 5677 771 5748 ἠ
824 5674 1109 5749 ἐπιδουλὴ,
1155 5678 1293 5735 ἀλλά
1345 5680 1466 5753 μετ’
1502 5679 1728 5736 ἐκείνων
1761 5680 1858 5736 καὶ

333 5852 361 5917 ⁸,
380 5853 643 5922 tegebatur
671 5855 928 5922 πράξομεν.

1277 401 1351 459 ΙΝ
1392 399 1615 459 EPIST.
1652 400 1700 458 Il
1737 399 1830 458 AD
1860 399 2021 459 C08.
2058 401 2303 462 HOMIL.
2344 403 2461 461 VII.

3416 366 3526 467 ω

1951 518 2110 588 ἡμῶν
2136 519 2369 589 πρώτων
2391 520 2442 574 ι’.
2485 520 2797 590 Οὐδαμόθεν
2822 522 2931 594 7&9
2970 523 3243 593 ἑτέρωθεν
3276 522 3421 579 οὕτω
3444 528 3530 581 τί-

1945 626 2134 663 κτεται
2154 610 2216 665 τὸ
2245 612 2481 682 πονηρὸν
2501 614 2662 669 τοῦτο
2697 616 2932 685 νόσημα,
2959 615 3035 679 ὡς
3075 617 3184 670 ἀπὸ
3215 619 3528 690 συνηθείας,

1945 702 2041 754 καὶ
2068 701 2357 767 κολακείας
2388 705 2669 776 ῥημάτων,
2710 707 2805 761 καὶ
2830 705 3026 778 σχολῆς
3059 707 3165 762 καὶ
3188 709 3390 779 ἀργίας
3438 713 3534 766 καὶ

1946 792 2041 846 τοῦ
2070 794 2237 864 μηδὲν
2260 795 2407 865 ἔχειν
2438 800 2633 851 ποιεῖν.

2017 884 2083 950 ζ’.
2102 886 2330 958 Μεγάλη
2358 886 2489 959 γάρ,
2513 889 2724 961 μεγάλη
2752 891 2855 961 τῆς
2879 893 3168 965 συνηθείας
3188 897 3225 966 ἡ
3250 897 3531 966 τυραννὶς,

1947 979 2040 1031 καὶ
2067 978 2326 1049 τοσαύτη,
2356 980 2434 1044 ὡς
2455 983 2536 1043 είς
2562 982 2779 1051 φύσεως
2802 985 3051 1056 ἀνάγκην
3079 987 3448 1042 καθίστασθαι
3474 1000 3526 1041 ε.

1948 1071 2010 1123 Εἰ
2032 1069 2091 1123 δὲ
2126 1071 2385 1142 συνήθεια
2416 1072 2479 1126 τὸ
2499 1073 2707 1128 τίκτειν
2739 1075 2942 1148 αὐτὴν,
2972 1077 3196 1149 εῦδηλον
3220 1080 3303 1133 ὅτι
3329 1081 3425 1135 καὶ
3472 1078 3538 1135 τὺ

1949 1157 2261 1217 σϐεννύναι.
2293 1160 2490 1215 Πολλοὶ
2540 1163 2674 1232 γοῦν
2721 1164 2956 1236 ἐρῶντες
2997 1166 3173 1233 οὕτως
3199 1170 3535 1236 ἐπαύσαντο,

1952 1250 2027 1323 μὴ
2056 1252 2351 1322 δρωμένων
2377 1254 2488 1309 τῶν
2516 1256 2826 1327 ἐρωμένων.
2864 1258 3036 1314 Τοῦτο
3077 1261 3136 1315 δὲ
3165 1262 3302 1335 πρὸς
3359 1263 3538 1336 βραχὺ

1953 1343 2053 1414 μὲν
2075 1345 2223 1398 δοκεῖ
2244 1346 2442 1417 πικρὸν
2474 1345 2635 1414 εἶναι,
2669 1350 2764 1404 καὶ
2792 1352 2999 1425 σφόδρα
3020 1353 3187 1424 ἀηδές
3206 1368 3229 1384 '
3254 1355 3334 1425 τῷ
3356 1358 3538 1429 χρόνῳ

1950 1435 2008 1489 δὲ
2036 1437 2133 1509 ἡδὺ
2158 1437 2388 1506 γίνεται,
2425 1441 2661 1495 καὶούδέ
2693 1442 3045 1515 βουλομένοις
3074 1444 3261 1501 λοιπὸν
3293 1446 3374 1500 ενι
3406 1449 3539 1503 ἀνα-

1950 1531 2257 1602 κτήσασθαι
2275 1533 2336 1586 τὸ
2365 1533 2556 1598 πάθος.
2579 1535 2644 1588 Τί
2669 1531 2764 1589 οὖν
2782 1537 2912 1590 ὅταν
2928 1536 3221 1609 συνηθείας
3241 1539 3412 1611 χωρὶς
3428 1541 3540 1595 ἀπὸ

1950 1621 2176 1693 πρώτης
2205 1625 2306 1696 τῆς
2328 1625 2504 1695 ὅψεως
2533 1626 2646 1680 ἀλῶ
2666 1643 2680 1688 ;
2701 1629 3000 1683 Κάνταῦθα
3026 1631 3194 1702 ἀργία
3222 1632 3319 1686 τοῦ
3347 1631 3540 1701 σηώμα⁴

1950 1731 2060 1778 τος,
2073 1715 2107 1785 ἢ
2133 1715 2366 1788 τρυφὴά,
2387 1717 2556 1772 καὶτὸ
2576 1719 2651 1790 μὴ
2674 1719 2978 1791 φροντίζειν
2999 1722 3107 1776 τῶν
3126 1726 3537 1796 προσηκόντων,

1956 1806 2092 1877 μηδὲ
2122 1808 2180 1860 ἐν
2223 1808 2548 1876 ἀναγκαίοις
2594 1807 2736 1864 εἶναι
2772 1814 3083 1884 πράγμασι.
3120 1814 3390 1888 Καθάπερ
3428 1817 3542 1889 7&9

1953 1898 2156 1963 πλάνος
2170 1916 2255 1963 τις
2273 1902 2302 1953 ό
2333 1901 2578 1965 τοιοῦτος
2604 1904 3053 1975 περιερχόμενος,
3090 1907 3255 1960 παντὶ
3284 1907 3543 1977 περιπεί-

1958 2008 2109 2063 ρεται
2139 1991 2362 2064 πονηρῷ
2381 2008 2396 2021 ·
2421 1995 2515 2047 καὶ
2543 1994 2797 2067 καθάπερ
2823 1996 3032 2049 παιδίον
3055 1996 3272 2067 ἄφετον,
3299 1999 3330 2051 ό
3359 1997 3543 2069 βουλό⁴

1958 2099 2120 2152 μενος
2147 2084 2528 2153 ἀνδραποδίζει
2550 2086 2649 2158 τὴν
2670 2087 2927 2159 τοιαύτην
2949 2089 3146 2160 ψυχήν.
3187 2090 3408 2162 Ἐπειδὴ
3434 2091 3544 2163 γὰρ

1953 2174 2075 2238 ἔθος
2097 2176 2234 2248 αὐτῇ
2270 2179 2533 2247 ἐνεργεῖν,
2552 2178 2681 2231 ὅταν
2706 2179 2878 2250 αὐτῆς
2898 2181 3116 2254 παύσῃς
3135 2181 3235 2252 τὴν
3263 2182 3544 2254 ἐνέργειαν

1954 2266 2054 2337 τὴν
2083 2267 2142 2320 ἐν
2193 2270 2306 2330 τοῖς
2356 2267 2603 2336 ἀγαθοῖς,
2667 2270 2857 2343 ἐπειδὴ
2923 2273 3115 2343 ἀργεῖν
3168 2276 3231 2328 οὐ
3278 2274 3543 2340 δύναται,

1956 2358 2331 2427 ἀναγκάζεται
2365 2360 2530 2435 ἕτερα
2564 2361 2790 2416 τίκτειν.
2819 2363 3091 2435 Καθάπερ
3124 2366 3158 2435 ὴ
3186 2364 3281 2435 γῆ,
3308 2367 3437 2421 ὅταν
3467 2368 3545 2438 μὴ

1959 2451 2250 2523 σπείρηται
2315 2452 2452 2524 μηδὲ
2514 2453 2817 2525 φυτεύηται
2851 2494 2865 2518 ,
2924 2455 3161 2527 βοτάνην
3221 2457 3546 2513 ἀναδίδωσιν

1958 2542 2143 2605 ἁπλῶς
2166 2558 2179 2570 ’
2211 2541 2355 2595 οὕτω
2408 2542 2502 2596 καὶ
2553 2545 2585 2613 ή
2635 2543 2802 2614 ψυχὴ,
2835 2544 2965 2598 ὅταν
3002 2547 3076 2616 μὴ
3106 2546 3207 2618 ἔχῃ
3232 2563 3287 2600 τι
3341 2546 3548 2617 πρᾶξαι

1955 2634 2067 2689 τῶν
2116 2636 2452 2704 ἀναγκαίων,
2484 2638 2702 2700 πάντως
2740 2636 2834 2691 τοῦ
2888 2637 3151 2708 πράττειν
3178 2637 3545 2710 ἐπιθυμοῦσα,

1957 2731 2213 2800 πονηροῖς
2235 2728 2433 2801 ἑαυτὴν
2452 2728 2635 2782 δίδωσι
2669 2730 2977 2801 πράγμασι.
3010 2732 3118 2784 Καὶ
3140 2730 3552 2803 ὥσπερόφθαλ-

1961 2821 2062 2893 μδς
2091 2820 2187 2875 τοῦ
2228 2822 2327 2893 μὲν
2359 2823 2492 2892 όρᾷν
2520 2822 2581 2874 οὐ
2625 2822 2883 2885 παύεται,
2916 2823 3012 2875 καὶ
3038 2823 3125 2876 διά
3173 2822 3333 2877 τοῦτο
3358 2822 3548 2893 ὄψεται

1958 2915 2193 2985 πονηρὰ,
2240 2915 2367 2967 ὅταν
2401 2913 2585 2982 ἀγαθὰ
2618 2914 2692 2985 μὴ
2792 2915 3129 2985 ὑποκείμενα
3166 2931 3179 2945 ’
3204 2916 3350 2970 οὕτω
3396 2918 3490 2970 καὶ
3518 2920 3548 2970 ό

1958 3005 2217 3075 λογισμός
2241 3048 2255 3071 ,
2312 3007 2442 3060 ὅταν
2491 3006 2602 3059 τῶν
2650 3007 2964 3076 ἀναγκαίων
3014 3008 3203 3061 ἑαυτὸν
3258 3009 3546 3080 ἀπαγάγῃ,

1959 3098 2090 3169 περὶ
2117 3099 2183 3150 τά
2211 3098 2459 3170 ἀχρηστα
2484 3097 2777 3170 στρέφεται
2809 3097 2997 3151 λοιπόν
3022 3115 3038 3130 ο
3067 3098 3191 3151 ἐπεὶ
3219 3100 3299 3153 ὅτι
3323 3100 3421 3153 καὶ
3447 3100 3551 3172 τὴν

1959 3184 2184 3257 πρώτην
2238 3185 2547 3257 προσϐολὴν
2579 3186 2803 3242 δύναται
2835 3187 3285 3259 ἀποκρούσασθαι
3322 3190 3551 3261 ἀσχολία

1960 3278 2054 3331 καὶ
2091 3280 2333 3348 φροντὶς,
2369 3278 2698 3349 πολλαχόθεν
2736 3280 2925 3351 δῆλον.
2960 3280 3128 3334 Ὅταν
3157 3278 3250 3336 οὖν
3284 3282 3406 3354 ἴδῃς
3448 3299 3550 3351 7U-

1959 3375 2124 3425 ναῖκα
2147 3372 2342 3443 καλὴν,
2365 3371 2459 3424 καὶ
2475 3372 2656 3443 πάθῃς
2685 3389 2737 3426 τι
2773 3372 2911 3442 πρὸς
2935 3372 3125 3443 αὐτὴν,
3151 3373 3351 3444 μηκέτι
3402 3374 3545 3446 ἴδῃς,

1962 3463 2058 3515 καὶ
2084 3461 2432 3533 ἀπηλλάγης.
2458 3464 2567 3516 Kal
2593 3462 2712 3526 πῶς
2737 3462 3040 3534 δυνήσομαι
3064 3466 3263 3535 μηκέτι
3292 3466 3420 3518 ίδεῖν
3443 3466 3549 3520 ὐπὸ

1960 3553 2063 3625 τῆς
2100 3554 2401 3625 ἐπιθυμίας
2455 3556 2747 3623 ἑλκόμενος
2770 3597 2784 3621 ,
2815 3556 3009 3627 φησίν;
3054 3558 3294 3629 Ἐτέροις
3325 3559 3550 3612 σεαυτὸν

1959 3648 2051 3712 δὺς
2081 3686 2097 3712 ,
2162 3648 2512 3720 περιέλκουσι
2555 3648 2654 3720 τὴν
2683 3648 2862 3719 ψυχὴν
2893 3687 2911 3714 ,
2949 3648 3177 3720 βιϐλίοις
3204 3690 3220 3715 ,
3269 3653 3550 3723 φροντίσιν

1961 3738 2327 3808 ἀναγκαίαις,
2381 3739 2776 3812 προστασίαις,
2819 3739 3093 3812 βοηθείαις
3152 3740 3549 3811 ἀδικουμένων,

1962 3833 2170 3902 εὐχαῖς,
2206 3831 2496 3904 φιλοσοφίᾳ
2523 3833 2588 3902 τῇ
2617 3831 2745 3902 περὶ
2766 3831 2875 3886 τῶν
2905 3831 3207 3902 μελλόντων
3236 3851 3252 3867 ·
3287 3832 3551 3899 τοιούτοις

1962 3924 2267 3994 κατάδησον
2317 3923 2419 3993 τὴν
2469 3922 2672 3994 ψυχήν.
2739 3921 2923 3987 Οὕτως
2974 3924 3097 3996 οὐχὶ
3151 3926 3344 3996 νεαρὸν
3394 3925 3552 3991 ἐλκος

1962 4014 2233 4088 διορθώσῃ
2264 4014 2444 4084 μόνον,
2476 4014 2613 4068 ἀλλά
2665 4016 2842 4084 παγέν
2882 4019 2975 4070 καὶ
3021 4017 3234 4089 χρόνιον
3264 4018 3553 4090 γενόμενον

1965 4110 2242 4182 ἀποτρίψῃ
2265 4108 2642 4182 ῥᾳδίωςιμθη
2660 4110 2721 4164 El
2743 4110 2850 4182 7&9
2868 4110 3128 4182 ὐὸριςτὸν
3151 4113 3360 4185 ἐρῶντα
3374 4114 3554 4169 πείθει

1966 4202 2254 4257 καταλύειν
2284 4202 2376 4255 τὸν
2429 4202 2626 4274 ἔρωτα,
2662 4203 2805 4256 κατὰ
2831 4205 2930 4274 τὴν
2968 4206 3269 4277 παροιμίαν
3292 4250 3306 4271 ,
3340 4207 3457 4271 πῶς
3488 4209 3552 4261 οὐ

1967 4296 2147 4368 πολλῷ
2180 4296 2380 4367 μᾶλλον
2418 4297 2475 4349 αἱ
2528 4300 2901 4367 πνευματικαὶ
2934 4292 3094 4352 αὗται
3131 4300 3337 4371 ἐπῳδαὶ
3392 4320 3554 4373 περι-

1964 4390 2179 4443 έσονται
2210 4388 2305 4440 τοῦ
2354 4386 2558 4453 κακοῦ,
2589 4389 2749 4458 μόνον
2788 4388 2855 4442 ἂν
2897 4389 3169 4461 ἐθέλωμεν
3218 4392 3552 4464 ἀποστῆναις

1972 4482 2068 4533 Ἂν
2114 4479 2172 4531 δὲ
2224 4479 2311 4532 ἀεὶ
2371 4479 2795 4550 προσομιλῶμεν
2835 4480 2931 4534 καὶ
2982 4482 3556 4555 συναναστρεφώμεθα
3674 4546 3679 4553 ί

1965 4573 2088 4635 ταῖς
2131 4569 2477 4635 τοξευούσαις
2510 4571 2658 4641 ἡμᾶς
2701 4570 2770 4624 τά
2820 4572 3047 4627 τοιαῦτα
3079 4573 3408 4646 τοξεύματα,
3462 4578 3556 4629 καὶ

1966 4665 2215 4735 λέγοντες
2240 4666 2334 4719 καὶ
2366 4662 2657 4726 ἀκούοντες
2684 4663 2756 4718 τά
2810 4667 2941 4738 παρ’
2977 4667 3224 4730 ἐκείνων,
3283 4667 3557 4739 τρέφομεν

1965 4758 2029 4810 τὸ
2068 4758 2306 4827 νόσημα.
2348 4756 2472 4820 Πῶς
2504 4751 2601 4810 οὖν
2630 4755 2804 4821 ἀξιοῖς
2838 4756 3134 4829 σϐεσθῆναι
3167 4758 3228 4812 τὸ
3268 4758 3402 4831 πῦρ,
3433 4759 3557 4814 καθ’

1967 4851 2207 4921 ἑκάστην
2259 4850 2475 4921 ἡμέραν
2525 4851 2627 4918 τὴν
2676 4848 2850 4919 φλόγα
2894 4851 3195 4917 ἀνάπτων;
3240 4853 3353 4906 Καὶ
3380 4852 3559 4908 ταῦτα

1972 4943 2070 5014 μὲν
2098 4944 2229 5014 ἡμῖν
2255 4943 2325 4997 τὰ
2347 4943 2448 5012 τῆς
2474 4940 2765 5013 συνηθείας
2785 4943 2923 5012 πρὸς
2938 4944 3067 5007 τούς
3088 4946 3244 5008 νέους
3269 4943 3513 5016 εἰρήσθω
3540 4962 3557 4976 ’

1966 5035 2042 5102 ὡς
2100 5039 2213 5099 τοῖς
2268 5051 2333 5105 γε
2376 5034 2625 5108 ἀνδράσι,
2654 5037 2751 5087 καὶ
2805 5034 3118 5104 φιλοσοφεῖν
3149 5037 3556 5106 ἐπισταμένοις,

1967 5129 2188 5184 πάντων
2248 5126 2451 5199 μείζων
2499 5130 2528 5180 ὀ
2560 5125 2653 5179 τοῦ
2702 5125 2835 5179 Θεοῦ
2884 5125 3069 5194 φόϐος,
3107 5130 3141 5196 ἡ
3190 5127 3290 5199 τῆς
3334 5126 3561 5200 γεέννης

1972 5220 2264 5292 μνήμη,ἡ
2319 5218 2419 5288 τῆς
2482 5217 2761 5289 βασιλείας
2808 5217 2917 5271 τῶν
2971 5218 3215 5288 οὐρανῶν
3258 5219 3558 5290 ἐπιθυμία’

1972 5313 2134 5365 ἱκανὰ
2163 5311 2275 5382 γάρ
2310 5309 2486 5365 ταῦτα
2529 5310 2724 5365 σϐέσαι
2756 5309 2820 5364 τὸ
2873 5309 3006 5381 πῦρ.
3053 5311 3209 5365 Μετά
3251 5310 3309 5364 δὲ
3356 5312 3567 5369 τούτων

1970 5406 2194 5457 κάκεῖνο
2228 5403 2423 5468 ἐννόει,
2458 5404 2541 5457 ὅτι
2584 5402 2738 5456 οὐδὲν
2774 5401 2961 5473 ἕτερόν
3003 5401 3124 5454 ἐστι
3160 5401 3221 5455 τὸ
3259 5401 3561 5474 ὁρώμενον,

1969 5489 2004 5557 ἢ
2037 5488 2258 5560 φλέγμα
2280 5488 2378 5543 καὶ
2407 5482 2549 5559 αἷμα
2583 5491 2675 5542 καὶ
2695 5490 2905 5561 τροφῆς
2937 5489 3331 5563 διασεσηπυίας
3359 5493 3555 5563 χυμός.

1983 5581 2147 5635 Ἀλλά
2189 5580 2415 5652 φαιδρὸν
2460 5581 2523 5634 τὸ
2567 5581 2730 5647 ἄνθος
2790 5582 2893 5654 τῆς
2938 5582 3135 5653 ἕρψεως,
3180 5583 3364 5654 φησίν.
3418 5581 3558 5635 Ἀλλ’

1954 5753 1959 5759 ’
2034 5743 2065 5785 δ
2090 5744 2201 5813 Ms”
2219 5746 2300 5813 καὶ
2321 5749 2694 5813 ἡμῶν-πρῶτον.

2040 5817 2064 5872 ς
2092 5807 2695 5872 ζερεθαιιιτμεθίστασθαι.

2035 5868 2063 5910 «ι
2087 5868 2350 5932 agebatur
2373 5868 2544 5937 τροφή.
