4068 6506
555 320 669 378 455

1270 316 1332 373 S.
1367 314 1653 373 JOANNIS
1689 314 2184 397 CHRYSOSTOM!
2217 316 2544 376 ARCHIEP.
2582 315 3143 374 CONSTANTINOI’.

3709 321 3820 377 454

555 434 711 488 ούδέν
725 432 834 487 τῶν
861 430 1036 486 ἀνθῶν
1055 431 1164 485 τῶν
1192 431 1301 484 ἀπὸ
1321 432 1419 500 τῆς
1446 429 1552 498 γῆς
1582 429 1935 500 φαιδρότερον
1959 445 1976 461 ⁸
2010 430 2148 487 ἀλλά
2250 432 2529 505 θαυμάσαι
2551 448 2567 465 ’
2585 432 2727 487 οὕτω
2753 433 2976 487 δυνατὸν
3001 433 3179 503 ψυχῆς
3208 432 3405 498 κάλλος
3428 434 3598 506 χωρὶς
3623 435 3824 505 ὀφθαλ-

559 525 656 580 καὶ
684 523 861 577 ταῦτα
888 525 1120 593 σήπεται
1164 521 1259 575 καί¹
1295 522 1643 593 μαραίνεται.
1675 520 1768 592 Μὴ
1796 521 1978 574 τοίνυν
2010 522 2148 594 μηδέ
2251 523 2369 583 μῶν
2403 524 2555 579 ἰδεῖν.
2582 527 2694 595 Οὐχ
2721 525 3045 596 ύπέγραψας
3074 526 3333 590 πολλάκις
3372 528 3586 600 μορφὴν
3617 530 3819 599 εὐειδῆ,

565 616 801 670 ἐνταῦθα
831 615 912 686 τῷ
938 615 1089 670 ἄνθει
1135 614 1369 685 πρόσεχε
1406 630 1421 646 ο
1450 613 1566 667 ἀλλ’
1623 614 1898 686 ἐνδότερον
1927 616 2145 686 διάϐηθι

2247 615 2341 667 καὶ
2358 614 2563 679 ἐπαθές
2584 633 2638 669 τι
2659 616 2797 687 πρὸς
2825 615 2924 688 τὴν
2961 617 3281 683 διάπλασιν;
3323 618 3702 676 Ἀνατύπωσον
3727 623 3824 675 καὶ

557 703 638 774 τῷ
666 704 933 773 λογισμῷ,
981 702 1076 756 καὶ
1108 702 1168 755 τὸ
1197 702 1373 772 δέρμα
1400 702 1463 754 τὸ
1491 701 1656 755 καλὸν
1678 704 1854 754 ἐκεῖνο
1883 701 2147 773 περιελὼν
2244 703 2343 758 νῦν
2379 706 2558 776 ψυχῆς
2586 706 2801 771 κάλλος,
2843 710 2937 761 καὶ
2964 708 3206 779 ἐντρύφα
3234 711 3300 779 τῇ
3349 710 3644 782 εὐμορφία.
3679 713 3822 765 Ἀλλ’

550 795 632 864 τῷ
680 793 948 865 λογισμῷ.
995 793 1364 865 περιεργάζου
1415 794 1485 847 τά
1533 793 1639 847 ὑπὸ
1689 793 1848 847 τοῦτο
1891 795 2142 864 κείμενα.

569 880 719 939 Ἐπεὶ
746 886 923 939 καὶτὸ
946 885 1057 939 τῶν
1095 885 1432 956 ύδεριώντων
1465 885 1627 957 σῶμα
1651 885 1970 939 ἀποστίλϐει
1998 887 2143 956 λαμ-

558 978 715 1048 πρὸν.
753 979 849 1032 καὶ⁵
876 978 1026 1031 οὐδὲν
1070 981 1103 1048 ή
1136 978 1430 1047 ἐπιφάνεια
1486 978 1689 1046 φαῦλον
1726 979 1860 1049 ἔχει,
1896 978 2035 1032 ἀλλά
2075 983 2142 1050 τῇ

554 1071 733 1141 ἐννοίᾳ
780 1070 876 1123 τοῦ
918 1070 1066 1124 ἔνδον
1107 1072 1471 1140 ἀποκειμένου
1522 1070 1699 1143 χυμοῦ
1746 1070 2142 1142 πληττόμενοι,

552 1160 729 1231 φιλεῖν
772 1161 900 1224 τοὺς
945 1161 1221 1225 τοιούτους
1268 1164 1329 1215 οὐ
1387 1162 1687 1233 δυνάμεθα.
1728 1162 1868 1215 Ἀλλ’
1915 1163 2079 1234 ὑγρὸς
2114 1164 2143 1216 ὁ

548 1252 854 1322 ὀφθαλμὸς,
903 1255 997 1307 καὶ
1043 1254 1263 1324 γοργὸς,
1318 1255 1413 1309 καὶ⁵
1465 1254 1648 1317 καλῶς
1696 1254 2140 1325 ἀποτεταμένηή

550 1343 751 1415 όφρὺς,
774 1343 871 1396 καὶ
893 1348 1091 1398 κυαναῖ
1109 1346 1165 1397 αί
1204 1344 1544 1415 βλεφαρίδες,
1567 1346 1664 1399 καὶ
1679 1346 1888 1415 ἥμερος
1921 1346 1955 1414 ή
1979 1345 2140 1416 κόρη,

554 1436 650 1491 καὶ
679 1436 914 1506 γαληνὸν
950 1436 1012 1489 τὸ
1039 1435 1214 1506 δμμα.
1266 1437 1406 1488 Ἀλλ’
1437 1437 1541 1507 ὅρα
1565 1438 1648 1489 ὅτι
1689 1438 1824 1490 αὐτὸ
1855 1436 2014 1489 τοῦτο
2045 1435 2144 1489 πά·

552 1526 638 1579 λιν
691 1526 845 1580 οὐδὲν
896 1527 1083 1595 ἕτερόν
1134 1529 1302 1587 ἐστιν,
1356 1526 1389 1597 ἢ
1442 1526 1613 1598 νεῦρα
1657 1525 1756 1579 καὶ
1788 1526 1983 1595 φλέῆες
2039 1516 2140 1579 καὶ

553 1617 753 1688 ὑμένες
810 1619 906 1671 καὶ
939 1619 1218 1690 ἀρτηρίαι.
1255 1618 1326 1671 Σὺ
1372 1617 1429 1671 δέ
1473 1635 1563 1686 μοι
1598 1617 1691 1670 τὸν
1752 1618 1917 1672 καλὸν
1947 1617 2138 1672 τοῦτον

552 1708 837 1779 ὀφθαλμὸν
866 1709 1118 1776 ἐννόησον
1147 1707 1429 1775 νοσοῦντα,
1465 1707 1742 1778 γηρῶντα,
1776 1708 1881 1761 ὑπὸ
1899 1708 2138 1778 ἀθυμίας

555 1801 973 1873 μαραινόμενον,
1027 1801 1134 1854 ὑπὸ
1187 1800 1360 1872 ὀργῆς
1409 1798 1675 1865 οἰδοῦντα,
1708 1799 1826 1864 πῶς
1870 1800 2134 1873 εἰδεχθὴς,

555 1892 674 1957 πῶς
697 1893 907 1963 ταχέως
941 1891 1260 1953 ἀπόλλυται,
1283 1891 1378 1945 καὶ
1402 1893 1512 1944 τῶν
1531 1890 1931 1961 γεγραμμένων
1952 1893 2137 1962 τάχιον

553 1985 899 2054 ἀφανίζεται.
949 1983 1083 2037 Ἀπὸ
1105 1983 1311 2047 τούτων
1341 1983 1619 2052 μετάγαγε
1649 1982 1747 2053 τὴν
1772 1982 2012 2036 διάνοιαν
2044 1984 2137 2035 ἐπὶ

551 2078 614 2128 τὸ
657 2075 852 2139 κάλλος
878 2076 940 2129 τὸ
976 2074 1247 2146 ἀληθινόν.
1287 2074 1428 2127 Ἀλλ’
1459 2074 1559 2143 οὐχ
1587 2073 1718 2145 ὁρῶ,
1754 2074 1909 2144 φησὶ,
1947 2074 2142 2137 κάλλος

550 2167 753 2237 ψυχῆς.
820 2166 962 2220 Ἀλλ’
1018 2166 1085 2221 ἂν
1144 2165 1356 2236 ἐθέλῃς,
1405 2165 1527 2234 ὕψει
1560 2182 1572 2195 ·
1621 2165 1717 2218 καὶ
1770 2164 1960 2236 ὥσπερ
2017 2167 2142 2228 τοὺς

552 2260 792 2324 ἀπόντας
841 2259 1041 2323 καλοὺς
1097 2258 1245 2312 ἐστιν
1273 2257 1572 2329 ὀφθαλμοῖς
1608 2257 1685 2327 μὴ
1720 2256 1894 2310 ἰδόντα
1940 2256 2014 2327 τῷ
2064 2256 2141 2327 νῷ

2240 796 2341 864 οὐχ
2382 796 2514 867 ὁρῶ,
2551 796 2746 866 φησὶν,
2794 799 3083 868 ἀσώματα.
3116 797 3228 851 Καὶ
3277 800 3383 870 μὴν
3420 801 3529 853 τῶν
3553 803 3823 871 σωμάτων

2243 888 2385 940 αύτά
2426 888 2624 959 μᾶλλον
2651 888 2865 959 ὁρῶμεν
2893 888 2972 958 τῷ
2997 888 3089 958 νῷ.
3126 888 3226 942 Διά
3258 890 3415 943 τοῦτο
3446 890 3574 958 γοῦν
3607 891 3823 962 θαυμά-

2242 978 2410 1048 ζομεν
2449 978 2544 1032 καὶ
2574 978 2843 1047 ἀγγέλους
2879 978 2973 1032 καί¹
2999 978 3393 1050 ἀρχαγγέλους,
3442 980 3616 1034 καίτοι
3645 999 3706 1050 γε
3744 983 3819 1054 μὴ

2239 1069 2496 1140 ὁρῶντες,
2525 1071 2618 1123 καὶ
2670 1070 2889 1140 τρόπων
2926 1070 3029 1141 ἦθη
3088 1071 3182 1123 καὶ
3222 1070 3399 1141 ψυχῆς
3432 1072 3653 1142 ἀρετήν.
3701 1073 3854 1179 Κάνἢ

2240 1161 2359 1233 ἴδῃς
2381 1162 2669 1233 ἀνθρωπον
2693 1164 2910 1234 ἐπιεικῆ
2942 1162 3037 1215 καὶ
3062 1162 3302 1233 μέτριον,
3335 1163 3537 1233 μᾶλλον
3561 1163 3817 1236 θαυμάσῃ

2243 1252 2432 1305 τοῦτον
2478 1253 2512 1324 ἢ
2565 1254 2779 1323 ἐκείνην
2830 1254 2930 1323 τὴν
2987 1251 3262 1323 εῦμορφον
3313 1253 3435 1323 ὄψιν
3475 1271 3487 1283 ⁸
3552 1255 3656 1307 κᾶν
3704 1255 3819 1324 ῐδῃς

2242 1343 2631 1414 ὑϐριζόμενον,
2674 1344 2768 1397 καὶ
2799 1344 3032 1415 φέροντα
3086 1345 3437 1415 ἀδικούμενον
3465 1387 3480 1408 ,
3535 1344 3674 1414 μετά
3721 1344 3815 1398 τοῦ

2242 1432 2547 1503 θαυμάζειν
2580 1433 2679 1504 ἔρα
2704 1432 2814 1486 τῶν
2841 1433 3115 1498 τοιούτων,
3144 1433 3247 1488 κᾶν
3302 1434 3671 1504 γεγηρακότες
3692 1428 3813 1486 ὦσι.

2240 1526 2352 1579 Καὶ
2379 1524 2487 1596 γὰρ
2516 1526 2755 1579 τοιοῦτον
2790 1525 2891 1596 τῆς
2920 1525 3099 1596 ψυχῆς
3128 1527 3189 1578 τὸ
3212 1525 3440 1589 κάλλος.
3468 1525 3564 1579 καὶ
3592 1527 3650 1578 ἒν
3671 1527 3817 1596 γήρᾳ

2243 1617 2469 1679 πολλοὺς
2491 1617 2603 1687 ἔχει
2634 1618 2759 1681 τοὺς
2782 1616 3040 1688 ἐραστὰς,
3068 1617 3163 1670 καὶ
3189 1617 3446 1670 οὐδέποτε
3472 1617 3815 1688 μαραίνεται,

2245 1708 2361 1762 ἀλλ’
2390 1708 2542 1762 ἀνθεῖ
2587 1707 2867 1778 διηνεκῶς.
2908 1707 3008 1761 Ἶν“
3045 1702 3137 1760 οὖν
3183 1708 3278 1760 καὶ
3313 1707 3467 1759 αὐτοὶ
3506 1705 3662 1759 τοῦτο
3687 1723 3818 1773 κτη-

2242 1800 2488 1871 σώμεθα,
2501 1800 2624 1862 τοὺς
2646 1799 2869 1870 ἔχοντας
2887 1799 3017 1852 αὐτὸ
3033 1797 3308 1869 θηρῶμεν,
3327 1797 3415 1851 καὶ
3437 1796 3817 1869 ἐρασταὶμθὲ]

2243 1894 2447 1947 τούτων
2463 1892 2760 1964 γινώμεθα.
2785 1892 2941 1946 Οὕτω
2980 1891 3091 1960 γὰρ
3116 1891 3211 1945 καὶ
3252 1891 3405 1945 αύτοί⁵
3453 1888 3818 1959 δυνησόμεθα,

2245 1985 2452 2055 ταύτην
2478 1984 2733 2047 λαϐόντες
2755 1984 2854 2053 τὴν
2880 1982 3201 2055 εὐμορφίαν,
3232 1981 3342 2034 τῶν
3365 1979 3599 2034 αἰωνίων
3623 1981 3817 2032 ἐπιτυ-

2248 2079 2369 2146 χεῖν
2422 2073 2643 2143 ἀγαθῶν
2675 2090 2686 2102 ·
2712 2066 2787 2127 ὧν
2828 2073 3038 2142 γένοιτο
3078 2071 3284 2135 πάντας
3326 2070 3473 2141 ἡμᾶς
3501 2071 3817 2139 μετασχεῖν,

2249 2167 2429 2237 χάριτι
2459 2165 2553 2218 καὶ
2578 2163 2978 2235 φιλανθρωπίᾳ,
3009 2164 3104 2217 καὶ
3127 2163 3197 2218 τά
3226 2163 3373 2234 ἑξῆς.

2072 2532 2318 2586 ΟΜΙΛΙΑ
2357 2533 2442 2591 H'.

555 2632 842 2699 Ἔχοντες
912 2622 1025 2683 οὖν
1076 2626 1192 2695 τὴν
1252 2625 1567 2680 διακονίαν
1602 2627 1831 2694 ταύτην
1856 2668 1871 2683 .
1936 2626 2132 2694 καθὼς

621 2720 987 2791 ἠλεήθημεν,
1033 2721 1145 2774 οὐκ
1163 2718 1562 2788 ἐκκακοῦμεν,
1597 2719 1734 2774 ἀλλ’
1755 2718 2133 2788 ἀπειπάμεθα

620 2812 697 2867 τὰ
728 2810 961 2881 κρυπτὰ
988 2810 1099 2879 τῆς
1123 2811 1449 2880 αἰσχύνης.

620 2910 694 2960 α’.
718 2903 937 2974 Ἐπειδὴ
961 2903 1172 2974 μεγάλα
1188 2903 1510 2972 ἐφθέγξατο,
1528 2903 1622 2958 καὶ
1642 2904 1920 2967 Μωῡσέως
1942 2904 2135 2959 ἑαυτὸν

550 2994 861 3067 προῦθηκε,
918 2997 1013 3048 καὶ
1075 2995 1204 3058 τοὺς
1246 2995 1474 3059 πιστοὺς
1528 2996 1759 3060 πάντας,
1810 2996 2135 3067 αἰσθόμενος

552 3086 653 3157 τῆς
683 3085 990 3157 ὑπερϐολῆς
1019 3085 1110 3139 καὶ
1134 3084 1228 3139 τοῦ
1261 3085 1526 3156 μεγέθους
1553 3086 2004 3157 τῶνείρημένων,
2033 3089 2135 3158 ὅρα

559 3175 680 3240 πῶς
706 3177 986 3247 μετριάζει
1015 3176 1199 3230 πάλιν.
1225 3177 1336 3231 Καὶ
1358 3177 1467 3248 γὰρ
1488 3178 1739 3248 ἐπαίρειν
1766 3177 1875 3231 ἔδει
1899 3178 1989 3232 διά
2008 3180 2134 3243 τοὺς

549 3262 1016 3334 ψευδαποστόλους
1044 3264 1289 3328 καὶτοὺς
1320 3265 1618 3337 ἀκροατὰς,
1650 3266 1745 3319 καὶ
1765 3266 1925 3321 πάλιν
1959 3285 2134 3339 παρα-

552 3354 841 3428 μυθεῖσθαι
902 3355 994 3409 τὸν
1040 3355 1236 3425 ὄγκον,
1288 3357 1411 3426 οὐχὶ
1463 3356 1767 3429 καθαιρεῖν,
1812 3359 1936 3412 ἐπεὶ
1977 3359 2135 3412 τοῦτο

552 3445 838 3511 παίζοντος
875 3442 965 3519 ἦν.
1010 3449 1211 3518 Διόπερ
1255 3450 1461 3520 ἑτέρως
1504 3450 1636 3503 αὐτὸ
1693 3449 2003 3521 μεθοδεύει,
2054 3450 2134 3521 τῷ

548 3538 849 3605 δεικνύναι,
881 3540 1085 3594 ὅτιούκ
1105 3542 1170 3593 ἐκ
1190 3541 1296 3594 τῶν
1319 3542 1535 3596 οἰκείων
1566 3542 2007 3614 κατορθωμάτων
2037 3544 2131 3611 γέ-

550 3647 728 3699 γονεν,
759 3630 875 3684 ἀλλ’
920 3633 986 3685 ἐκ
1014 3633 1111 3702 τῆς
1154 3631 1250 3686 τοῦ
1298 3633 1431 3687 Θεοῦ
1461 3633 1875 3705 φιλανθρωπίας
1897 3635 1956 3687 τὸ
1982 3636 2090 3690 πᾶν
2117 3653 2131 3667 ο

548 3720 631 3774 διὸ
651 3721 745 3775 καί
761 3738 946 3792 φησιν,
971 3722 1260 3791 Ἔχοντες
1280 3718 1395 3778 οὖν
1414 3721 1528 3791 τὴν
1549 3722 1865 3777 διακονίαν
1883 3724 2130 3789 ταύτην.

551 3812 722 3867 οὐδὲν
753 3814 865 3884 γὰρ
896 3812 1056 3866 πλέον
1107 3815 1269 3885 ἡμεῖς
1300 3815 1720 3885 εἰσηνέγκαμεν,
1749 3813 1865 3866 ἀλλ’
1892 3813 1925 3884 ἢ
1953 3813 2134 3867 διάκο-

551 3922 636 3960 νοι
668 3903 835 3977 μόνον
862 3904 1181 3977 ἐγενόμεθα,
1204 3908 1297 3960 καὶ
1320 3908 1434 3969 τοῖς
1462 3906 1612 3976 παρά
1627 3905 1724 3958 τοῦ
1748 3904 1883 3959 Θεοῦ
1905 3906 2135 3960 δοθεῖσιν

550 3995 1002 4068 ύπηρετήσαμεν.
1026 3998 1229 4071 Διόπερ
1249 3997 1353 4052 οὐκ
1372 3992 1496 4051 εἷπε
1521 3996 1789 4069 παροχὴν,
1815 3997 1935 4051 οὐδὲ
1970 4015 2136 4070 χορη-

551 4085 685 4155 γίαν
708 4126 725 4150 ,
759 4085 898 4140 ἀλλά
934 4087 1290 4151 Διακονίαν,
1337 4086 1433 4140 καὶ
1473 4086 1596 4140 οὐδὲ
1648 4085 1823 4162 τούτῳ
1860 4087 2131 4159 ἠρκέσθη,

550 4177 667 4232 ἀλλ’
710 4178 979 4249 ἐπήγαγε,
1022 4177 1230 4244 Καθὼς
1268 4177 1636 4249 ἠλεήθημεν.
1687 4180 1797 4234 Καὶ
1840 4179 1949 4251 γάρ
1976 4180 2136 4233 τοῦτο

551 4267 705 4331 αὐτὸ,
738 4270 890 4340 φησὶ,
920 4270 981 4322 τὸ
1014 4269 1433 4340 διακονήσασθαι
1458 4271 1687 4335 τούτοις,
1724 4270 1833 4325 ἀπὸ
1856 4271 2007 4325 ἐλέου
2039 4272 2135 4324 καὶ

550 4360 983 4432 φιλανθρωπίας.
1046 4361 1239 4415 Καίτοι
1295 4378 1359 4430 γε
1422 4361 1607 4426 ἐλέους
1660 4362 1780 4417 ἐστὶ
1821 4363 1883 4416 τὸ
1946 4362 2135 4416 κακῶν

549 4450 876 4518 ἀπαλλάξαι,
906 4452 1024 4524 οὐχὶ
1059 4452 1119 4505 τὸ
1151 4454 1243 4505 καὶ
1272 4450 1511 4505 τοσαῦτα
1547 4450 1733 4506 δοῦναι
1762 4452 1976 4522 ἀγαθά·
2015 4451 2131 4506 ἀλλ’

549 4544 579 4595 ὁ
611 4543 704 4596 τοῦ
736 4542 872 4596 Θεοῦ
902 4542 1050 4608 ἕλεος
1092 4541 1372 4597 καὶτοῦτο
1406 4542 1540 4614 ἔχει.
1580 4545 1702 4615 Οὐκ
1730 4543 2129 4616 ὲκκακοῢμεν.

549 4635 661 4689 Καὶ
688 4634 846 4688 τοῦτο
885 4634 942 4688 δὲ
991 4635 1158 4688 αὑτοῦ
1195 4638 1264 4707 τῇ
1315 4635 1697 4708 φιλανθρωπίᾳ
1730 4638 2027 4705 λογιστέον.
2058 4638 2132 4691 Τὸ

548 4724 681 4796 γάρ,
722 4725 926 4792 Καθὼς
955 4726 1333 4798 ἠλεήθημεν,
1381 4729 1477 4783 καὶ
1517 4728 1658 4800 ύπέρ
1684 4728 1786 4799 τῆς
1830 4727 2130 4795 διακονίας,

549 4819 647 4873 καὶ
677 4818 817 4891 ὺπέρ
861 4818 975 4881 τοῦ,
1011 4821 1132 4872 Οὐκ
1184 4819 1583 4884 ἐκκακοῦμεν,
1620 4818 1871 4889 εἰρῆσθαι
1916 4818 2128 4890 νόμιζε.

549 4909 659 4962 Καὶ
692 4909 885 4964 σκόπει
910 4910 1024 4974 πῶς
1056 4910 1347 4976 σπουδάζει
1365 4912 1433 4966 τὰ
1453 4911 1578 4965 καθ’
1603 4912 1793 4965 ἐαυτὸν
1822 4912 2127 4985 καθαιρεῖν.

547 5000 653 5052 Τὸν
673 5000 783 5072 γὰρ
817 5002 1081 5056 τοιούτων
1102 5002 1424 5071 ἀξιωθέντα,
1465 5002 1623 5073 φησὶ,
1649 5004 1746 5058 καὶ
1770 5004 2127 5076 τηλικούτων,

548 5093 645 5145 καὶ
674 5093 848 5148 ταῦτα
868 5094 975 5148 ἀπὸ
1009 5095 1161 5149 ἐλέου
1196 5097 1358 5166 μόνον
1385 5096 1479 5149 καὶ
1508 5094 1945 5168 φιλανθρωπίας,
1975 5099 2129 5153 οὐδὲν

550 5182 694 5253 μέγα
745 5183 1021 5249 τοιούτους
1086 5184 1494 5238 ἐπιδείκνυσθαι
1545 5184 1765 5249 πόνους,
1798 5186 1895 5239 καὶ
1944 5186 2130 5240 κινδυ-

546 5273 725 5327 νεύειν
748 5276 845 5330 καὶ
873 5278 1213 5348 πειρασμοὺς
1239 5276 1552 5348 ὑπομένειν.
1573 5275 1672 5330 Διά
1698 5276 1856 5331 τοῦτο
1880 5277 1940 5330 ού
1971 5278 2131 5346 μόνον

546 5366 609 5420 ού
639 5368 1075 5438 καταπίπτομεν,
1104 5367 1241 5422 ἀλλά
1267 5369 1361 5421 καὶ
1383 5369 1666 5439 χαίρομεν,
1692 5369 1787 5422 καὶ
1815 5371 2130 5442 παρρησια-

548 5457 774 5529 ζόμεθα.
802 5458 985 5513 Εἰπὼν
1016 5457 1171 5527 γοῦν,
1205 5461 1327 5515 Οὐκ
1369 5461 1761 5530 ἐκκακοῦμεν,
1809 5463 2090 5533 ἐπήγαγεν
2114 5479 2125 5494 ·

561 5551 714 5605 Ἀλλ’
757 5548 1129 5619 ἀπειπάμεθα
1160 5551 1232 5605 τὰ
1250 5551 1484 5619 κρυπτὰ
1522 5551 1633 5620 τῆς
1684 5554 2007 5621 αἰσχύνης,
2030 5551 2119 5622 μὴ

548 5640 1018 5709 περιπατοῦντες
1056 5642 1128 5694 ἐν
1175 5644 1526 5709 πανουργίᾳ,
1573 5641 1726 5712 μηδὲ
1791 5642 2128 5709 δολοῦντες·

549 5729 658 5785 τὸν
687 5730 872 5801 λόγον
902 5731 1009 5785 τοῦ
1051 5732 1214 5786 Θεοῦ.
1262 5732 1367 5784 Καὶ
1393 5731 1444 5784 τί
1481 5735 1617 5795 ἐστι,
1655 5732 1731 5786 Τὰ
1752 5733 1984 5799 κρυπτὰ
2009 5731 2118 5799 τῆς

2236 2627 2574 2695 αίσχύνης;
2600 2627 2714 2679 Οὐκ
2738 2625 3202 2697 ἐπαγγελλόμεθα,
3227 2627 3382 2697 φησι,
3415 2628 3511 2679 καὶ
3534 2627 3823 2697 ὑπισχνού-

2245 2717 2388 2787 μεθα
2420 2719 2651 2788 μεγάλα,
2674 2720 2767 2771 καὶ
2792 2718 2957 2789 ἔτερα
2974 2718 3031 2771 δὲ
3064 2719 3152 2771 ἐπὶ
3179 2719 3287 2772 τῶν
3312 2719 3488 2789 ἔργων
3506 2719 3816 2790 δείκνυμεν,

2242 2810 2498 2882 καθάπερ
2532 2813 2730 2864 ἐκεῖνοι
2762 2828 2774 2841 ·
2807 2811 2887 2864 διὸ
2925 2812 3019 2864 καὶ
3053 2810 3227 2878 ἔλεγε,
3263 2811 3339 2865 Τὰ
3384 2812 3535 2865 κατὰ
3583 2812 3819 2878 πρόσω-

2240 2915 2378 2963 πον,
2396 2901 2661 2964 βλέπετε
2690 2916 2705 2931 ο
2743 2901 2880 2955 άλλά
2908 2900 3140 2954 τοιοῦτοί
3168 2901 3353 2969 ἐσμεν,
3387 2897 3489 2953 οἷοι
3538 2900 3815 2972 ὁρὼμεθα,

2239 2996 2359 3066 ούχὶ
2388 2995 2614 3065 διπλόην
2661 2998 2786 3050 τινὰ
2823 2995 3067 3066 ἔχοντες,
3128 2994 3252 3047 οὔτε
3296 2995 3519 3048 τοιαῦτα
3570 2995 3819 3060 λέγοντες

2239 3087 2335 3140 καὶ
2362 3085 2641 3149 ποιοῦντες
2666 3086 2702 3140 ἀ
2732 3086 2994 3158 κρύπτειν
3023 3086 3104 3139 δεῖ
3143 3086 3236 3139 καὶ
3270 3085 3583 3149 συσκιάζειν
3625 3088 3820 3155 αἰσχυ-

2241 3179 2502 3248 νομένους
2540 3179 2634 3232 καὶ
2668 3178 3057 3249 ἐρυθριῶντας.
3112 3179 3222 3231 Καὶ
3243 3176 3400 3233 τοῦτο
3460 3177 3815 3248 ἑρμηνεύων,

2240 3268 2511 3338 ἐπήγαγε,
2539 3266 2636 3334 Μὴ
2663 3267 3130 3335 περιπατοῦντες
3149 3267 3220 3320 ἐν
3238 3267 3589 3334 πανουργίᾳ.
3622 3267 3686 3318 Ὃ
3709 3266 3820 3336 γάρ

2239 3356 2488 3427 ἐνόμιζον
2507 3356 2778 3428 ἐγκώμιον
2794 3354 2932 3411 εἶναι
2950 3358 3338 3422 ἐκεῖνοι,τοῦτο
3358 3357 3581 3429 αἰσχρὸν
3605 3358 3698 3410 καὶ
3724 3373 3822 3410 κα-

2238 3448 2570 3518 ταγέλαστον
2591 3450 2902 3518 ἀποφαίνει.
2920 3448 3071 3523 [495]
3088 3449 3151 3502 Τί
3172 3451 3228 3503 δέ
3255 3451 3422 3512 ἐστιν,
3441 3449 3538 3501 Ἐν
3555 3464 3823 3518 πανοῳ-

2238 3542 2338 3608 γίᾳ
2351 3556 2371 3604 ;
2389 3537 2558 3605 Δόξαν
2581 3535 2727 3610 εῐχον
2751 3540 2827 3612 μὴ
2855 3540 3241 3611 λαμϐανόντων
3271 3543 3487 3606 ἐκεῖνοι,
3509 3542 3822 3612 ἐλάμϐανον

2239 3631 2296 3684 δέ
2330 3632 2426 3685 καὶ
2457 3631 2733 3703 ἔκρυπτον
2762 3649 2775 3662 ·
2813 3631 2970 3698 δόξαν
2992 3631 3135 3704 εἰχον
3171 3633 3467 3700 ἀγίωνκαὶ
3502 3634 3820 3687 ἀποστόλων

2238 3724 2478 3794 δοκίμων
2500 3763 2516 3789 ,
2548 3721 2686 3796 ἦσαν
2741 3723 2798 3777 δὲ
2844 3725 3057 3796 μυρίων
3109 3725 3373 3796 γέμοντες
3430 3724 3631 3778 κακῶν.
3671 3724 3818 3777 Ἀλλ’

2240 3815 2420 3884 ἡμεῖς,
2475 3814 2638 3884 φησὶ,
2671 3814 2884 3879 τούτοις
2927 3816 3280 3886 ἀπειπάμεθα
3330 3815 3524 3887 (ταῦτα
3567 3816 3675 3887 γὰρ
3721 3818 3818 3869 καὶ

2237 3907 2458 3976 κρυπτά
2482 3907 2742 3979 αἰσχύνης
2780 3907 2979 3977 καλεῖ),
3028 3907 3256 3961 τοιοῦτοι
3311 3907 3461 3971 ὄντες
3493 3902 3595 3961 οἷοι
3625 3909 3818 3976 φαινό-

2239 3998 2402 4067 μεθα,
2428 4000 2523 4052 καὶ
2554 3998 2705 4052 οὐδὲν
2741 3999 2955 4070 ἔχοντες
2993 3999 3475 4069 συνεσκιασμένον,
3508 4001 3600 4052 καὶ
3628 4001 3727 4053 οὐκ
3754 4002 3816 4053 ἐν

2234 4088 2312 4159 τῷ
2341 4088 2442 4159 βίῳ
2478 4088 2639 4159 μόνον
2684 4088 2876 4159 τούτῳ,
2904 4088 3039 4143 ἀλλά
3079 4090 3172 4143 καὶ
3219 4091 3278 4142 ἐν
3310 4089 3458 4160 αύτῷ
3492 4089 3569 4160 τῷ
3602 4090 3815 4160 κηρύγ-

2238 4196 2370 4250 ματι
2396 4195 2411 4211 ·
2437 4179 2594 4232 τοῦτο
2645 4179 2754 4250 γάρ
2777 4182 2947 4242 ἐστιν,
2978 4178 3131 4233 Οὐδὲ
3152 4178 3478 4246 δολοῦντες
3498 4180 3604 4233 τὸν
3626 4181 3816 4250 λόγον

2233 4266 2342 4321 τοῦ
2372 4266 2540 4330 Θεοῦ,
2578 4268 2741 4323 ἀλλὰ
2778 4267 2852 4336 τῇ
2872 4267 3205 4338 φανερώσει
3239 4267 3352 4338 τῆς
3382 4271 3668 4338 ἀληθείας
3690 4286 3706 4300 ’
3745 4272 3810 4326 ού

2234 4356 2311 4428 τῷ
2360 4357 2642 4429 προσώπῳ
2679 4359 2773 4413 καὶ
2822 4363 2889 4431 τῇ
2935 4358 3223 4425 ἐπιδείξει,
3265 4359 3385 4413 ἀλλ’
3412 4361 3549 4432 αὐτῇ
3596 4363 3663 4432 τῇ
3702 4362 3812 4414 τῶν

2234 4450 2574 4519 πραγμάτων
2602 4449 2893 4517 ἀποδείξει.
2926 4451 3334 4518 Συνιστῶντες
3369 4451 3624 4518 ἑαυτοὺς
3657 4454 3809 4520 πρὸς

2233 4537 2443 4595 πᾶσαν
2466 4541 2829 4610 συνείδησιν
2854 4541 3196 4611 ἀνθρώπων.
3225 4543 3299 4596 Οὐ
3330 4544 3437 4615 γὰρ
3473 4546 3684 4608 πιστοῖς
3714 4546 3809 4616 μός·

2232 4649 2346 4698 νον,
2398 4632 2533 4687 ἀλλά
2561 4634 2656 4687 καὶ
2694 4634 2946 4710 ἀπίστοις
3000 4634 3170 4704 ἐσμὲν
3223 4636 3537 4706 κατάδηλοι,
3590 4636 3809 4708 προκεί-

2235 4741 2388 4794 μενοι
2453 4727 2618 4779 πᾶσιν
2672 4728 2753 4790 εἰς
2802 4726 2864 4779 τὸ
2907 4725 3300 4797 βασανίσαιτά
3339 4728 3596 4799 ἡμέτερα,
3634 4727 3711 4788 ὡς
3738 4727 3806 4778 ἂν

2232 4816 2467 4869 ἐθέλοιεν
2501 4834 2514 4850 ο
2549 4817 2643 4871 καὶ
2683 4817 2793 4872 ἀπὸ
2827 4819 3017 4871 τούτου
3052 4818 3378 4887 συνίσταμεν
3423 4815 3660 4874 ἑαυτοὺς.
3698 4813 3798 4863 οὐκ

2231 4905 2341 4960 ἀπὸ
2386 4904 2481 4960 τοῦ
2532 4906 2941 4978 ὑποκρίνεσθαι,
2969 4906 3064 4961 καὶ
3109 4906 3437 4977 προσωπεῖον
3484 4900 3796 4970 περιφέρειν

2232 4997 2479 5068 φαιδρόν.
2508 4998 2760 5068 Λέγομεν
2782 4994 2876 5053 οῦν
2914 4998 3081 5069 μηδὲν
3108 4996 3429 5065 λαμϐάνειν,
3461 4992 3555 5046 καὶ
3591 4992 3770 5064 μάρτυ

2234 5106 2334 5159 ρας
2362 5090 2507 5161 ὑμᾶς
2549 5090 2821 5161 καλοῦμεν
2853 5108 2866 5120 ·
2891 5091 3119 5162 λέγομεν
3159 5087 3321 5158 μηδὲν
3349 5086 3650 5140 συνειδέναι
3682 5088 3810 5139 ἐαυ-

2228 5182 2343 5242 τοῖς
2363 5184 2618 5253 πονηρὸν,
2652 5181 2747 5235 καὶ
2777 5183 2966 5238 τούτου
2998 5179 3155 5236 πάλιν
3196 5179 3297 5251 τὴν
3336 5180 3645 5251 μαρτυρίαν
3677 5179 3806 5248 παρ’

2228 5272 2385 5342 ὑμῶν
2407 5272 2657 5345 ἕλκομεν,
2689 5276 2749 5328 οὐ
2786 5276 3039 5347 καθάπερ
3080 5276 3302 5339 ἐκεῖνοι,
3329 5270 3717 5336 συσκιάζοντες
3743 5272 3808 5323 τὰ

2229 5362 2351 5417 καθ’
2384 5365 2633 5429 ἑαυτοὺς,
2667 5365 2895 5429 πολλοὺς
2928 5365 3237 5420 ἀπατῶσιν.
3278 5363 3475 5434 Ἡμεῖς
3514 5363 3572 5416 δέ
3598 5362 3691 5414 καὶ⁵
3721 5360 3811 5413 τὸν

2231 5456 2347 5525 βίον
2380 5455 2539 5526 ἡμῶν
2573 5457 2740 5510 πᾶσιν
2785 5460 2865 5515 εἰς
2915 5458 3079 5527 μέσον
3109 5458 3464 5528 προτίθεμεν,
3498 5452 3676 5506 καὶτὸ
3713 5454 3814 5525 κή-

2233 5562 2419 5617 ρυγμα
2447 5547 2888 5618 ἀπογυμνοῦμεν,
2922 5547 3064 5600 ὥστε
3107 5549 3318 5611 πάντας
3357 5544 3486 5599 αὐτὸ
3533 5560 3817 5612 καταμαν-

2231 5636 2434 5692 θάνειν.
2495 5633 2628 5691 Εἶτα
2666 5638 2852 5710 ἐπειδὴ
2895 5640 2944 5692 οί
3004 5640 3222 5692 ἄπιστοι
3267 5636 3495 5706 ἠγνόουν
3519 5634 3685 5688 αὐτοῦ
3715 5635 3819 5711 τὴν

2235 5733 2407 5801 ἰσχὺν,
2438 5731 2745 5807 ἐπήγαγεν,
2777 5736 2858 5788 ὃτι
2895 5736 2993 5803 οὐχ
3021 5733 3177 5804 ήμῶν
3198 5732 3357 5786 τοῦτο
3378 5729 3655 5801 ἔγκλημα,
3677 5731 3821 5788 ἀλλά
