4068 6454
270 409 377 464 ὸδΰ

269 521 582 593 splendidus
606 517 716 572 oris
744 514 843 569 flos
869 520 970 574 est,
1007 509 1234 579 inquies.
1263 507 1371 562 Sed
1401 517 1557 562 terrae
1584 509 1746 560 etiam
1765 505 1864 557 flo-

269 617 420 674 ribus
451 613 582 670 nihil
615 611 791 666 laetius
820 622 884 661 ac
910 602 1198 674 jucundius
1223 611 1335 667 est;
1363 602 1452 670 qui
1479 611 1658 655 tamen
1698 599 1860 655 etiam

269 715 638 770 marcescunt,
667 712 828 772 atque
873 698 925 752 in
970 694 1313 768 putredinem
1357 694 1575 748 abeunt.
1603 692 1864 760 Quocirca

269 819 339 860 ne
364 802 452 858 hic
478 813 692 872 quoque
713 793 778 849 ad
803 793 990 847 ﬂorem
1021 787 1259 852 attende,
1291 787 1387 842 sed
1428 787 1652 847 interius
1683 785 1866 838 animo

270 893 459 958 transi,
490 901 545 946 et
570 906 599 944 a
629 886 853 960 pulchra
885 883 970 937 illa
1011 882 1125 938 cuti
1169 880 1545 948 cogitationem
1589 889 1862 942 avertens,

271 985 491 1053 explora
529 995 647 1050 qua:
687 977 787 1032 sub
831 991 894 1030 ea
940 974 1040 1028 sita
1070 972 1195 1025 sint.
1225 970 1667 1040 Quandoquidem
1698 969 1860 1024 etiam

269 1075 691 1148 hydropicorum
723 1083 921 1138 corpus
953 1065 1085 1119 nitet
1123 1077 1186 1117 ac
1232 1065 1390 1128 lucet,
1435 1077 1534 1116 nec
1572 1061 1862 1132 quidquam

269 1171 402 1230 fmdi
445 1169 500 1226 in
530 1163 816 1236 superficie
862 1161 1054 1224 habet;
1086 1157 1180 1211 sed
1213 1167 1390 1210 tamen
1422 1153 1664 1208 humoris
1699 1152 1860 1219 illius,

271 1267 363 1338 qui
393 1268 538 1319 intus
562 1260 812 1318 conditus
857 1264 960 1318 est,
1015 1251 1338 1323 cogitatione
1392 1249 1644 1319 perculsi,
1680 1247 1860 1316 hujus-

274 1358 420 1412 modi
449 1355 694 1415 homines
731 1346 957 1404 osculari
998 1361 1108 1402 non
1141 1343 1488 1399 sustinemus.
1522 1341 1591 1395 At
1632 1351 1783 1394 tener
1812 1347 1868 1394 et

273 1445 544 1501 versatilis
565 1453 646 1497 est
671 1440 877 1502 oculus,
905 1453 967 1492 ac
992 1445 1138 1490 recte
1164 1442 1471 1506 porrectum
1495 1430 1864 1500 supercilium,

272 1548 334 1594 et
362 1535 610 1592 caerulea:
641 1531 930 1603 palpebrae,
969 1537 1024 1583 et
1051 1526 1234 1581 suavis
1277 1524 1501 1594 pupilla,
1543 1533 1598 1577 et
1639 1536 1868 1576 serenus

278 1626 566 1698 aspectus?
590 1627 656 1679 Αι
688 1637 898 1677 rursum
927 1621 1028 1673 hoc
1051 1618 1194 1682 vide,
1223 1617 1364 1687 quod
1394 1614 1534 1675 istud
1565 1629 1777 1685 quoque
1795 1612 1868 1667 nil

277 1718 421 1773 aliud
449 1725 549 1781 est,
583 1730 744 1785 quam
786 1713 936 1769 nervi
967 1720 1026 1768 et
1070 1727 1219 1766 venze
1263 1719 1424 1779 atque
1455 1707 1687 1762 arteriae.
1727 1705 1867 1774 Quin

275 1818 334 1864 tu
359 1808 498 1862 hunc
527 1808 700 1875 ipsum
735 1804 1016 1874 pulchrum
1049 1803 1284 1869 oculum,
1313 1815 1536 1871 aegrum,
1561 1801 1713 1853 senio
1741 1799 1871 1853 all‘e-

269 1911 442 1962 ctum,
473 1913 710 1955 maerore
740 1896 1021 1961 afﬂictum,
1057 1895 1134 1954 ira
1162 1902 1458 1948 tumentem
1485 1893 1688 1961 cogita,
1708 1905 1868 1961 quam

275 1992 482 2049 scilicet
528 1988 786 2044 deformis
839 1990 928 2052 sit,
968 2001 1126 2056 quam
1165 1984 1419 2040 celeriter
1460 1991 1664 2052 pereat,
1707 1995 1868 2050 quam

277 2084 435 2138 citius
461 2083 618 2137 etiam
647 2081 852 2149 pictura
876 2089 1178 2134 evanescat.
1204 2077 1286 2131 Ah
1314 2076 1396 2131 his
1417 2075 1526 2147 jam
1549 2091 1697 2136 cura,
1722 2081 1780 2127 ut
1802 2073 1871 2128 ad

276 2192 460 2231 veram
489 2173 938 2244 pulchritudinem
966 2173 1201 2226 animum
1233 2170 1501 2225 traducas.
1549 2169 1638 2231 At,
1666 2166 1867 2234 inquis,

280 2267 476 2321 animae
521 2263 973 2335 pulchritudinem
1017 2278 1125 2315 non
1169 2275 1353 2315 cerno.
1404 2261 1493 2326 At,
1540 2258 1583 2312 si
1629 2255 1867 2322 libuerit,

273 2372 506 2415 cernes:
539 2366 591 2411 et
618 2356 757 2411 sicut
780 2356 1032 2410 absentes
1059 2355 1347 2418 formosos,
1396 2352 1522 2406 licet
1567 2349 1736 2404 oculis
1764 2364 1870 2402 non

271 2463 492 2514 cernas,
527 2457 710 2508 mente
737 2446 990 2504 admirari
1020 2453 1204 2515 potes;
1252 2441 1444 2498 eodem
1488 2441 1649 2496 modo
1679 2441 1873 2494 animae

283 2580 1592 2596 -Μλοο

1201 392 1268 446 l‘N
1309 391 1522 445 Ellit'fi'.
1573 393 1616 446 il
1680 392 1768 445 AD
1809 388 1960 445 COR.
2005 387 2235 443 HOMlL.
2280 386 2411 442 Vill.

3462 387 3566 457 ιει

1971 501 2420 570 pulchritudinem
2477 500 2636 554 etiam
2682 501 2799 555 sine
2845 501 3014 556 oculis
3058 501 3364 570 perspicere
3412 502 3559 561 licet.

1972 598 2164 650 Annon
2194 597 2466 665 egregiam
2498 595 2720 650 formam
2751 610 2896 664 smpe
2941 595 3264 666 cogitatione
3295 595 3562 670 formasti,

1973 701 2145 756 eoque
2197 687 2452 756 figmento
2498 685 2743 740 nonnihil
2794 693 2844 742 te
2891 681 3028 741 affici
3076 687 3327 741 sensisti?
3355 685 3566 758 Effinge

1972 792 2114 837 nunc
2144 792 2358 848 quoque
2408 777 2602 831 anima:
2652 776 3104 847 pulchritudinem
3132 797 3144 834 :
3172 789 3332 849 atque
3375 778 3564 850 hujus-

1971 871 2114 926 modi
2162 871 2352 926 forma:
2399 871 2662 940 elegantia
2712 882 2764 928 te
2807 873 3036 930 oblecta.
3078 875 3167 942 At,
3216 875 3410 946 inquis,
3459 893 3566 940 non

1971 977 2136 1017 cerno
2163 978 2248 1028 ea,
2283 977 2401 1032 qum
2425 979 2653 1032 corpore
2683 974 2895 1018 vacant.
2923 965 3083 1034 Atqui
3112 966 3210 1020 ista
3240 967 3421 1023 animo
3450 983 3566 1021 ma-

1975 1058 2054 1128 gis
2077 1057 2367 1120 intuemur,
2392 1071 2550 1126 quam
2583 1069 2845 1126 corpora:
2881 1058 3145 1128 siquidem
3177 1058 3247 1112 ob
3274 1057 3413 1114 hanc
3435 1076 3561 1130 quo-

1971 1162 2076 1217 que
2103 1161 2320 1202 causam
2365 1155 2420 1200 et
2462 1147 2683 1217 angelos
2723 1156 2779 1202 et
2819 1148 3172 1218 archangelos
3214 1149 3566 1220 admiramur,

1973 1237 2216 1308 quamvis
2253 1251 2350 1295 eos
2389 1237 2612 1299 minime
2638 1253 2956 1294 cernamus:
2983 1238 3179 1309 probos
3222 1239 3348 1294 item
3390 1255 3570 1294 mores

1973 1328 2276 1398 animaeque
2299 1328 2571 1382 virtutem.
2605 1327 2685 1383 Ac
2709 1329 2754 1382 si
2784 1329 3008 1398 probum
3047 1328 3320 1386 hominem
3358 1340 3414 1388 et
3453 1347 3571 1385 mo.

1974 1417 2220 1476 deratum
2248 1417 2466 1482 videris,
2498 1418 2668 1488 magis
2698 1418 2838 1474 hunc
2867 1420 3244 1488 admiraberis,
3273 1436 3430 1492 quam
3461 1421 3571 1476 ele-

1973 1521 2189 1581 gantem
2215 1511 2360 1572 illam
2388 1509 2602 1565 faciem.
2625 1511 2779 1579 Quod
2806 1513 2850 1566 si
2879 1512 3070 1583 injuria
3093 1512 3344 1575 affectum
3373 1513 3570 1567 videris

1975 1617 2202 1672 eamque
2220 1603 2483 1673 patienter
2499 1602 2784 1670 ferentem,
2810 1604 3118 1673 hujusmodi
3135 1604 3406 1662 hominem
3426 1621 3566 1670 ama,

1975 1693 2186 1748 etiamsi
2231 1695 2382 1750 senio
2413 1693 2689 1749 confectus
2740 1695 2829 1749 sit.
2874 1693 3008 1753 Nam
3040 1695 3346 1765 hujusmodi
3377 1699 3571 1752 animae

1977 1783 2324 1853 pulchritudo
2369 1786 2422 1838 in
2465 1794 2744 1839 senectute
2791 1801 3005 1857 quoque
3053 1794 3324 1841 amatores
3375 1789 3572 1841 multos

1979 1874 2162 1940 habet,
2204 1889 2306 1931 nec
2332 1891 2582 1945 umquam
2629 1877 2934 1942 marcescit,
2964 1876 3061 1937 sed
3091 1888 3350 1950 perpetuo
3391 1879 3568 1949 floret.

1977 1967 2141 2038 igitur
2168 1977 2226 2022 ut
2257 1969 2396 2024 hanc
2438 1984 2650 2039 qtioque
2679 1969 2778 2040 ipsi
2809 1971 3260 2039 pulchritudinem
3301 1972 3573 2042 adipisca-

1979 2075 2119 2122 mur,
2151 2073 2246 2114 eos
2290 2059 2380 2128 qui
2427 2058 2528 2117 hac
2575 2061 2777 2129 pollent
2807 2071 3109 2130 captemus,
3141 2071 3303 2134 atque
3335 2065 3570 2136 ipsorum

1979 2163 2249 2212 amatores
2279 2151 2470 2209 simus.
2505 2154 2594 2209 Sic
2620 2155 2762 2210 enim
2793 2170 2892 2210 nos
2928 2172 3143 2226 quoque
3170 2159 3307 2213 hanc
3338 2159 3575 2228 pulchri-

1981 2245 2218 2300 tudinem
2248 2247 2588 2316 consequuti,
2623 2245 2687 2298 ad
2718 2257 2918 2301 teterna
2949 2249 3088 2302 bona
3121 2253 3403 2319 pervenire
3427 2263 3576 2322 pote?

1981 2338 2185 2393 rimus:
2215 2354 2334 2408 qua:
2365 2339 2567 2392 utinam
2603 2338 2758 2393 nobis
2801 2341 3059 2416 consequi
3105 2341 3283 2410 detur,
3331 2359 3426 2414 per
3453 2360 3575 2414 gra-

1985 2433 2112 2487 tiam
2133 2441 2186 2486 et
2213 2431 2618 2500 benignitatem,
2648 2441 2752 2486 etc.

2431 2571 2534 2577 _.__...
2545 2571 2698 2577 —_.—._..._
2707 2571 2819 2577 ———
2827 2571 2936 2577 -———-
2951 2571 3577 2588 —*«-—‘—H—-—~———~—--‘

1645 2650 1994 2720 HOMILIA
2038 2648 2207 2716 VIII.

277 2809 406 2868 Car.
449 2809 501 2863 tl.
543 2823 595 2860 ν.
641 2807 690 2859 l.
753 2804 879 2858 Ideo
937 2803 1173 2860 habentes
1225 2805 1359 2858 nam
1402 2803 1866 2868 ministrationem,

355 2903 500 2962 iuxta
527 2898 662 2968 quod
689 2897 1086 2950 misericordiam
1109 2897 1404 2967 consequuti
1427 2912 1619 2957 smnus,
1647 2911 1747 2948 non
1776 2895 1870 2951 de-

357 2995 576 3057 ficimus,
609 2990 664 3044 2.
691 2990 778 3044 sed
807 2990 1150 3044 abdicavimus
1176 2990 1374 3044 occulta
1397 2989 1678 3043 dedecoris.

357 3089 409 3142 l.
450 3085 712 3154 Quoniam
758 3098 946 3154 magna
988 3083 1232 3153 quaedam
1276 3085 1528 3154 loquutus
1574 3082 1764 3147 fuerat,
1811 3097 1876 3141 ac

285 3178 521 3248 seipsum
568 3187 624 3232 et
673 3177 856 3235 ﬁdeles
895 3192 1084 3236 omnes
1116 3175 1247 3230 Mosi
1280 3183 1682 3244 anteposucrat,
1714 3184 1876 3242 atque

286 3279 487 3325 tantam
516 3285 698 3324 eorum
748 3286 866 3341 qum
909 3272 1116 3326 dixerat
1148 3267 1568 3339 magnitudinem
1598 3280 1720 3321 esse
1750 3281 1875 3324 sen-

227 3415 238 3425 .
285 3363 474 3424 tiebat,
507 3363 627 3419 vide
657 3379 763 3433 quo
798 3373 952 3434 pacto
983 3377 1170 3418 rursus
1200 3360 1519 3416 modestiam
1559 3373 1672 3428 pra:
1703 3372 1762 3413 se
1793 3356 1874 3414 fe-

286 3465 392 3509 rat.
435 3453 564 3508 Nam
596 3463 649 3509 et
693 3466 913 3524 propter
942 3453 1388 3524 pseudapostolos
1423 3461 1582 3521 atque
1608 3448 1880 3504 auditores

285 3561 408 3602 sese
438 3547 631 3602 efferre
658 3545 910 3611 debebat,
938 3557 993 3602 et
1022 3561 1230 3600 rursum
1266 3553 1530 3604 tumorem
1559 3543 1708 3599 illum
1735 3541 1878 3595 miti-

285 3653 438 3707 gare,
487 3655 592 3692 non
640 3648 816 3693 autem
849 3639 1068 3692 omnino
1101 3639 1327 3701 tollere;
1363 3653 1483 3691 nam
1515 3635 1619 3690 hoc
1647 3635 1882 3693 ludentis

292 3729 501 3783 fuisset.
530 3729 792 3795 Quocirca
819 3730 921 3784 hoc
949 3730 1052 3783 alia
1100 3730 1184 3783 via
1228 3727 1555 3799 aggreditur,
1589 3726 1883 3780 ostendens

295 3819 348 3873 id
380 3834 540 3872 omne
570 3834 673 3872 non
705 3821 899 3882 nostris
925 3823 1130 3879 meritis
1159 3835 1221 3875 ac
1248 3819 1553 3880 virtutibus,
1580 3818 1674 3874 sed
1703 3817 1883 3873 divina

297 3910 626 3979 lenignitate
666 3912 989 3982 contigisse:
1021 3914 1242 3983 proinde
1285 3914 1380 3977 ait,
1427 3911 1680 3966 Habentes
1729 3911 1886 3982 igitur

297 4003 720 4064 ministrationem
760 4003 911 4057 hanc.
951 4003 1135 4074 Neque
1164 4005 1305 4060 enim
1338 4003 1627 4074 quidquam
1655 4005 1885 4073 amplius

297 4094 657 4166 erogavimus,
690 4110 848 4163 quam
888 4095 1026 4164 quod
1061 4095 1287 4151 ministri
1318 4095 1642 4162 exstititnus,
1684 4095 1888 4150 benefi-

296 4188 503 4256 ciisque
529 4202 558 4241 a
586 4188 694 4241 Deo
724 4187 864 4242 datis
892 4187 1260 4242 administram
1288 4204 1505 4257 cperam
1537 4189 1884 4258 praihuimus.

296 4282 414 4348 Quo
452 4282 528 4347 fit,
578 4290 637 4335 ut
681 4297 781 4337 nec
814 4282 1110 4351 largitionis
1154 4299 1252 4338 nec
1295 4283 1761 4353 suppeditationis,
1793 4279 1890 4338 sed

300 4373 582 4427 ministerii
618 4374 880 4435 vocabulo
909 4390 1038 4429 usus
1063 4376 1149 4431 sit.
1176 4377 1255 4431 Ac
1278 4394 1344 4431 ne
1384 4376 1488 4431 hoc
1513 4375 1727 4446 quidem
1752 4390 1889 4431 con-

300 4473 483 4518 tentus
512 4464 711 4520 addidit
736 4483 748 4517 :
777 4464 940 4520 Juxta
987 4467 1126 4536 quod
1167 4467 1569 4523 misericordiam
1597 4467 1894 4538 consequuti

302 4573 496 4610 sumus.
525 4555 656 4611 Nam
688 4558 790 4612 hoc
818 4571 1031 4630 quoque
1059 4561 1255 4630 ipsum,
1285 4561 1427 4631 quod
1460 4560 1541 4616 his
1570 4560 1895 4616 ministravi-

305 4663 445 4708 tnus,
469 4662 498 4700 a
524 4647 616 4703 Dei
645 4648 1010 4706 misericordia
1037 4660 1091 4706 et
1115 4652 1442 4723 benignitate
1471 4653 1765 4723 profectum
1789 4663 1892 4711 est.

304 4741 637 4812 Quamquam
671 4743 1057 4801 misericortlire
1083 4754 1186 4812 est,
1215 4763 1246 4801 e
1275 4746 1428 4801 malis
1457 4747 1754 4815 exemisse,
1790 4763 1897 4804 non

304 4843 484 4893 autem
508 4843 586 4888 tot
611 4834 833 4903 insuper
856 4835 1131 4891 beneficiis
1160 4837 1434 4904 affecisse;
1476 4837 1570 4896 sed
1607 4839 1710 4894 hoc
1734 4839 1899 4895 etiam

304 4924 467 4991 habet
497 4926 591 4981 Dei
622 4926 1013 4981 misericordia.
1045 4927 1166 4984 Non
1196 4928 1481 4999 deﬁcimus.
1533 4926 1646 4986 Hoc
1685 4947 1900 5003 quoque

308 5017 474 5084 ipsius
505 5016 820 5073 humanitati
846 5030 1128 5089 acceptum
1161 5021 1500 5078 referendum
1529 5034 1631 5080 est.
1661 5024 1791 5080 Nam
1811 5025 1900 5081 illa

311 5107 496 5169 verba,
524 5108 687 5165 Juxta
732 5113 869 5182 quod
913 5115 1312 5169 misericordiam
1360 5119 1655 5187 consequuti
1702 5135 1898 5186 sumus,

308 5200 620 5257 existimare
663 5203 830 5260 debes
872 5213 979 5261 tam
1011 5206 1077 5262 ad
1111 5209 1469 5265 ministerium
1500 5210 1712 5279 referri,
1741 5228 1902 5284 quam

270 5366 278 5373 ι
308 5290 376 5346 ad
407 5289 460 5346 id
487 5293 626 5362 quod
653 5297 916 5369 sequitur,
947 5296 1071 5357 Non
1098 5299 1385 5368 deﬁcimus.
1418 5302 1497 5355 Ae
1521 5302 1683 5357 velim
1714 5307 1906 5369 anim-.-

266 5409 278 5467 δ
307 5381 582 5450 advertas,
617 5402 776 5455 quam
807 5389 1044 5460 seipsum
1071 5391 1377 5462 deprimere
1407 5393 1635 5448 studeat.
1662 5393 1905 5468 Namqui

311 5484 473 5532 totae
497 5479 680 5548 tantis,
721 5481 916 5554 inquit,
958 5485 1235 5546 beneficiis
1272 5499 1492 5550 ornatus
1519 5490 1611 5558 sit,
1642 5491 1802 5561 idque
1827 5492 1909 5547 di-

314 5567 435 5622 vina
464 5578 672 5628 tantum
705 5575 1076 5634 misericordia
1109 5590 1164 5636 et
1189 5581 1540 5654 benignitate,
1583 5601 1692 5641 non
1725 5588 1906 5659 magni

311 5659 584 5730 quidpiam
616 5663 764 5732 fecit,
799 5667 844 5722 si
886 5669 1024 5726 tales
1050 5671 1261 5729 labores
1288 5677 1544 5746 suscepit,
1584 5677 1630 5733 si
1669 5679 1908 5748 pericula

310 5751 426 5816 adit
451 5763 514 5809 ac
543 5760 868 5816 tentationes
897 5763 1148 5820 sustinet.
1183 5765 1308 5824 Ideo
1336 5785 1442 5824 non
1461 5771 1636 5828 solum
1656 5789 1763 5828 non
1786 5788 1910 5830 con-

311 5841 544 5908 cidimus
573 5849 777 5918 animo,
823 5851 917 5906 sed
959 5853 1120 5910 etiam
1163 5860 1477 5928 gaudemus,
1520 5877 1583 5920 ac
1621 5865 1908 5933 verborum

652 5948 925 6023 Ptrnot.
958 5953 1075 6027 Gtt,
1118 5957 1276 6026 LXI.

1980 2799 2230 2857 libertate
2251 2802 2468 2857 utimur.
2495 2803 2780 2873 Postquam
2805 2803 2946 2858 enim
2969 2801 3120 2868 dixit,
3143 2803 3264 2858 Non
3286 2804 3570 2872 deficimus,

1977 2893 2269 2961 subnectit,
2302 2893 2409 2950 Sed
2433 2895 2778 2949 abdicavimus
2802 2896 3000 2950 occulta
3030 2897 3310 2964 dedecoris,
3335 2913 3437 2949 non
3460 2913 3576 2948 am-

1979 2989 2209 3043 bulantes
2237 2989 2290 3042 in
2339 2989 2547 3054 astutia,
2601 3005 2763 3058 neque
2809 2989 3153 3043 adulterantes
3198 2989 3401 3043 verbum
3454 2987 3573 3042 Dei.

1977 3079 2115 3146 Quid
2147 3079 2246 3134 sibi
2269 3080 2456 3135 volunt
2481 3080 2615 3145 inec,
2651 3079 2866 3135 Occulta
2887 3081 3188 3135 dedecoris?
3213 3079 3349 3144 Non,
3382 3080 3574 3151 inquit,

1979 3189 2170 3244 magna
2202 3173 2524 3245 proﬁtemur
2567 3189 2632 3231 ac
2672 3176 2990 3244 pollicemur
3019 3185 3072 3232 et
3111 3177 3214 3231 alia
3258 3178 3419 3234 rebus
3449 3180 3579 3248 ipsis

1982 3268 2337 3331 ostendimus,
2362 3267 2816 3338 quemadmodum
2849 3269 2924 3323 illi
2950 3285 2964 3324 :
2994 3269 3136 3325 unde
3161 3271 3321 3324 etiam
3345 3269 3576 3341 dicebat,

1987 3359 2115 3427 Quae
2140 3361 2192 3413 in
2214 3362 2396 3431 faciem
2419 3369 2556 3424 sunt,
2590 3360 2876 3431 perspicitis
2898 3360 2973 3431 (2.
2999 3359 3117 3416 Cor.
3153 3362 3240 3417 10.
3265 3361 3319 3434 7)
3346 3380 3358 3416 :
3393 3377 3578 3429 verum

1985 3452 2120 3505 tales
2142 3451 2368 3508 omnino
2397 3466 2604 3518 sumus,
2638 3452 2828 3522 quales
2853 3451 3144 3520 cernimur,
3177 3468 3283 3507 non
3307 3453 3490 3508 fictum
3516 3470 3582 3526 ac

1984 3545 2133 3600 velut
2153 3544 2423 3615 duplicem
2449 3544 2685 3598 animum
2716 3554 2987 3616 gerentes,
3020 3559 3120 3600 nec
3146 3560 3207 3600 ea
3237 3545 3482 3605 dicentes
3501 3555 3582 3600 at.-

1985 3654 2093 3708 que
2121 3647 2364 3708 agentes,
2399 3653 2519 3707 quae
2546 3652 2658 3707 prae
2705 3637 2908 3707 pudore
2947 3652 3010 3699 ac
3038 3637 3237 3692 rubore
3261 3637 3581 3707 occultanda

1985 3739 2038 3784 et
2069 3729 2216 3784 velut
2255 3729 2462 3785 umbris
2509 3729 2829 3800 quihusdam
2877 3729 3215 3786 obvolvenda
3260 3731 3385 3786 sint.
3419 3731 3584 3804 quue

1987 3838 2292 3893 exponens,
2324 3822 2618 3892 subjumtit,
2653 3822 2776 3876 Non
2799 3820 3113 3877 ambulantes
3138 3823 3190 3878 in
3216 3823 3424 3884 astutia.
3449 3824 3581 3880 Nam

1989 3914 2132 3983 quod
2179 3915 2251 3968 illi
2283 3914 2430 3968 laudi
2455 3912 2748 3976 ducebant,
2782 3912 2883 3968 hoc
2909 3913 3025 3982 ipse
3052 3913 3252 3969 fmdum
3295 3928 3358 3969 ac
3384 3915 3584 3976 ridicu—

1989 4009 2101 4063 inm
2124 4023 2245 4069 esse
2275 4007 2477 4062 statuit.
2521 4005 2790 4074 Quidnam
2817 4013 2996 4060 autem
3023 4013 3126 4074 cst,
3177 4005 3242 4060 In
3273 4009 3502 4064 astutia?
3527 4009 3584 4068 In

1993 4115 2054 4154 ea
2087 4098 2484 4155 existimatione
2513 4097 2589 4150 illi
2631 4105 2806 4162 erant,
2836 4095 2990 4167 quasi
3013 4096 3082 4150 ab
3108 4097 3436 4167 accipiendis
3467 4115 3585 4154 mn-

1994 4193 2213 4247 neribus
2244 4190 2597 4253 abstinerent,
2632 4202 2752 4242 cum
2783 4200 2960 4244 tamen
2991 4187 3203 4244 occulte
3231 4189 3544 4259 acciperent
3571 4211 3583 4246 :

1995 4295 2302 4341 sanctorum
2345 4297 2409 4338 ac
2437 4280 2732 4351 proborum
2775 4281 3141 4351 apostolorum
3185 4281 3589 4342 existimatione

1995 4377 2282 4448 ﬂorebant,
2313 4391 2434 4431 cum
2466 4375 2679 4431 interim
2708 4374 3004 4431 innumeris
3036 4375 3177 4430 vitiis
3208 4385 3503 4439 scaterent.
3525 4377 3593 4438 At

1998 4486 2114 4536 nos,
2150 4469 2346 4540 inquit,
2380 4468 2495 4528 haec
2521 4466 2818 4536 abiecimus
2849 4467 2996 4536 (nam
3027 4465 3147 4524 haec
3173 4475 3318 4531 sunt,
3348 4483 3468 4537 quae
3494 4483 3590 4523 oc-

1997 4567 2140 4622 culta
2181 4562 2464 4619 dedecoris
2491 4560 2694 4632 vocat),
2729 4560 2930 4631 quippe
2957 4560 3050 4630 qui
3083 4560 3216 4615 tales
3243 4561 3433 4628 simus,
3463 4578 3595 4630 qua-

1996 4659 2076 4715 les
2108 4658 2383 4724 videmur;
2406 4671 2508 4712 nec
2535 4656 2842 4727 quicquam,
2873 4669 2979 4709 non
3011 4652 3174 4711 modo
3201 4653 3254 4708 in
3275 4654 3383 4718 visa
3413 4665 3592 4709 nostra

1999 4759 2054 4806 et
2072 4751 2333 4814 moribus,
2364 4746 2460 4804 sed
2481 4761 2581 4802 nec
2597 4746 2980 4817 praedicatione
3005 4754 3205 4806 tectum
3225 4754 3392 4816 atque
3408 4745 3595 4801 adum-

1999 4841 2210 4897 bratum
2241 4841 2536 4898 habemus:
2562 4838 2669 4894 hoc
2694 4838 2840 4894 enim
2865 4837 3150 4908 signiﬁcat,
3182 4837 3326 4908 quod
3355 4838 3451 4904 ait,
3489 4837 3596 4892 Ne.-

2000 4951 2096 5004 que
2123 4933 2467 4987 adulterantes
2490 4931 2694 4988 verbum
2721 4928 2840 4997 Dei,
2869 4929 2959 4986 sed
2987 4931 3039 4984 in
3068 4930 3477 5000 manifestatione
3514 4947 3596 4985 ve-

2002 5026 2189 5080 ritatis.
2217 5024 2329 5081 Hoc
2355 5032 2459 5089 est,
2504 5039 2611 5078 non
2660 5022 2806 5089 vultu
2833 5031 2892 5078 et
2928 5021 3312 5088 ostentatione,
3353 5021 3447 5077 sed
3478 5022 3597 5092 ipso

2004 5134 2185 5177 rerum
2208 5118 2556 5173 documento.
2583 5114 3007 5178 Commendantes
3029 5131 3121 5169 nos
3141 5115 3279 5184 ipsos
3304 5115 3373 5169 ad
3397 5131 3596 5170 omnem

2005 5211 2365 5272 conscientiam
2411 5209 2697 5278 hominum.
2737 5208 2856 5264 Non
2886 5209 3031 5272 enim
3075 5209 3322 5264 ﬁdelibus
3365 5219 3594 5285 tantum,

2006 5303 2103 5363 sed
2129 5312 2184 5357 et
2213 5300 2521 5368 infidelibus
2546 5300 2819 5372 perSpicui
2859 5315 3066 5366 sumus,
3105 5315 3170 5356 ac
3197 5301 3476 5372 quibusvis
3506 5316 3598 5362 ex-

2005 5396 2188 5468 positi,
2212 5406 2272 5450 ut
2309 5409 2399 5453 res
2423 5404 2636 5453 nostras
2673 5393 2990 5464 explorent:
3017 5401 3177 5463 atque
3199 5393 3325 5451 hinc
3351 5393 3600 5464 nosipsoa

2009 5489 2472 5557 commendamus,
2501 5503 2610 5544 non
2639 5502 2668 5541 a
2697 5485 2818 5542 fuco
2847 5501 2912 5544 ac
2939 5486 3308 5553 simulatione,
3339 5496 3434 5558 aut
3453 5486 3596 5558 quod

2008 5582 2347 5656 splendidam
2393 5582 2596 5644 larvam
2643 5577 3110 5636 circumferamus.
3157 5579 3396 5645 Dicimus
3421 5579 3601 5649 itaque

2011 5693 2112 5734 nos
2141 5677 2346 5734 nullum
2379 5690 2576 5732 munus
2604 5675 2884 5746 accipere;
2915 5683 3078 5745 atque
3107 5672 3266 5745 hujus
3291 5674 3368 5740 rei
3395 5687 3498 5728 vos
3521 5681 3602 5729 te,

2009 5783 2124 5830 stes
2143 5786 2434 5832 vocamus:
2465 5770 2694 5826 dicimus
2714 5783 2815 5826 nos
2845 5769 3044 5825 nullius
3073 5769 3261 5841 flagitii
3287 5767 3441 5824 nobis
3465 5781 3601 5830 con-

2012 5867 2155 5935 scios
2185 5879 2337 5934 esse;
2367 5873 2526 5936 atque
2567 5862 2727 5951 hujus
2772 5861 2851 5934 rei
2880 5877 3068 5930 rursus
3095 5878 3124 5918 a
3163 5865 3316 5920 vohis
3353 5863 3600 5933 testimq,

3181 5967 3259 6045 529
