4068 6412
510 326 615 383 £55

512 444 659 496 nium
694 440 955 510 petimus;
983 452 1088 492 non
1121 445 1171 488 ut
1203 435 1275 489 illi
1303 434 1499 499 solent,
1529 434 1620 502 qui
1663 430 1787 485 vitia
1820 446 1914 485 sua
1945 432 2095 486 obte-

509 540 702 603 gentes
738 531 936 584 multos
965 528 1259 598 decipiunt.
1291 524 1423 579 Nam
1457 538 1555 579 nos
1581 532 1635 579 et
1662 525 1824 577 vitam
1859 534 2097 577 nostram

513 623 719 677 eunetis
743 622 793 675 in
827 619 1059 674 medium
1091 615 1463 688 proponimus,
1491 624 1547 668 et
1579 613 1876 668 doctrinam
1906 611 1978 666 ita
2002 626 2097 683 pa—

515 716 813 776 tel‘acimns,
845 722 902 766 ut
928 709 1103 781 quivis
1134 724 1250 763 eam
1277 707 1579 777 intelligere
1608 705 1834 775 possint.
1861 703 1980 759 Mox
2005 720 2099 758 au-

512 815 639 868 tem,
668 803 788 872 quia
817 800 1061 855 inﬁdeles
1085 798 1194 853 vim
1219 796 1440 867 hujusce
1461 795 1719 851 doctrina:
1743 795 1960 848 minime
1979 810 2098 864 per-

507 902 746 962 spectam
772 891 1061 955 habebant,
1081 888 1380 960 subjunxit,
1403 885 1506 942 hoc
1526 902 1630 941 non
1653 884 1774 948 sibi,
1800 885 1892 940 sed
1910 900 2095 939 eorum

509 982 714 1051 stnpori
763 980 1145 1052 assignandum
1174 992 1317 1045 esse,
1348 977 1537 1032 dicens
1563 996 1575 1030 :
1606 976 1660 1031 '5.
1697 974 1846 1041 Quod
1875 979 1922 1028 si
1947 975 2097 1028 etiam

511 1084 741 1145 opertum
772 1084 845 1129 est
885 1071 1205 1145 evangelium
1249 1078 1497 1134 nostrum,
1543 1069 1598 1121 in
1639 1068 1703 1121 iis
1747 1066 1834 1138 qui
1887 1074 2098 1137 pereunt

514 1177 742 1236 opertum
770 1175 864 1231 est,
886 1165 940 1220 4.
970 1164 1022 1218 iu
1050 1163 1229 1235 quibus
1273 1159 1413 1215 Deus
1442 1161 1597 1231 hujus
1624 1157 1802 1212 διεσαιὶ
1826 1157 2096 1211 exca’cavit

506 1268 693 1311 ntetttcs
715 1257 1021 1326 inﬁdelium.
1053 1253 1207 1322 Quod
1226 1253 1312 1308 hic
1330 1251 1478 1315 dicit,
1509 1248 1752 1305 eamdem
1781 1248 1890 1302 vim
1911 1247 2090 1313 habet,

504 1364 659 1413 quam
684 1362 766 1410 ea,
793 1362 911 1417 qua:
940 1345 1086 1416 prius
1106 1343 1276 1399 dixit:
1301 1341 1429 1396 Aliis
1470 1340 1598 1394 odor
1629 1339 1807 1393 mortis
1843 1353 2015 1392 sumus
2041 1338 2095 1392 in

504 1449 737 1505 mortem,
766 1439 881 1491 aliis
912 1437 1039 1492 odor
1068 1437 1182 1491 vita
1207 1436 1260 1489 in
1288 1434 1442 1487 vitam
1473 1431 1547 1505 (ἓ.
1583 1430 1701 1485 Cor.
1729 1430 1785 1484 2.
1817 1429 1928 1501 16).

575 1532 630 1585 2.
662 1531 1113 1586 Marcionistarum
1137 1538 1184 1581 et
1213 1525 1613 1580 Maniclueorum
1634 1539 1847 1578 errores.
1870 1552 1940 1563 ——
1956 1520 2093 1589 Quid

503 1624 604 1678 sibi
647 1622 763 1677 vult
805 1622 974 1687 illud,
1025 1618 1161 1675 Deus
1205 1619 1361 1689 hujus
1412 1618 1628 1671 sa’culi?
1668 1615 1768 1683 Qui
1812 1615 2093 1670 Marcionis

500 1713 696 1770 morbo
723 1712 986 1777 laborant,
1017 1710 1083 1766 de
1113 1726 1292 1766 rerum
1319 1708 1541 1780 Opiﬁce,
1569 1709 1714 1776 justo
1738 1705 1951 1777 quidem
1979 1706 2090 1773 illo,

504 1808 601 1863 sed
628 1821 735 1860 non
764 1806 890 1860 item
909 1803 1077 1870 bono,
1094 1800 1212 1855 hmc
1239 1800 1375 1856 dicta
1404 1814 1524 1855 esse
1547 1797 1881 1853 contendunt
1905 1814 1917 1849 :
1947 1796 2094 1850 aiunt

502 1901 651 1954 enim
686 1899 850 1953 Deum
882 1894 1167 1967 quemdam
1192 1893 1396 1963 justum
1422 1908 1541 1947 esse
1564 1934 1578 1956 ,
1612 1891 1701 1961 qui
1739 1905 1846 1945 non
1885 1889 1956 1944 sit
1993 1889 2091 1943 bo-

504 2004 624 2044 nus.
657 1987 938 2042 Manichaci
969 1996 1150 2040 autem
1182 1984 1265 2038 his
1293 1982 1472 2037 verbis
1501 1982 1772 2036 diabolum
1804 1979 2091 2050 significari

502 2090 796 2145 asserunt;
849 2079 972 2134 hinc
1018 2078 1270 2133 nimirum
1317 2076 1478 2130 alium
1529 2090 1707 2130 rerum
1756 2073 2091 2129 conditarum

502 2175 834 2240 effectorem,
859 2181 1055 2242 prrcter
1082 2186 1202 2225 eum
1233 2169 1321 2238 qui
1348 2184 1469 2222 vere
1500 2178 1870 2238 est,pcrquam
1899 2164 2090 2220 stolide

498 2266 759 2320 inducere
798 2263 1102 2332 cupientes.
1137 2262 1306 2315 liabet
1346 2259 1488 2313 enim
1520 2259 1619 2312 hoc
1647 2257 1905 2312 familiare
1946 2257 2091 2311 Scri-

502 2366 676 2428 ptura.
703 2364 761 2410 ut
786 2355 948 2410 deum
973 2368 1079 2408 non
1105 2368 1169 2407 ex
1198 2351 1361 2420 ip~ius
1385 2349 1657 2417 dignitate,
1686 2348 1777 2401 sed
1808 2364 1870 2402 ex
1902 2363 2088 2403 eorum

503 2452 591 2519 qui
640 2448 807 2518 ipsius
845 2445 1071 2517 imperio
1114 2445 1344 2498 subsunt
1386 2441 1745 2495 imbecillitate
1777 2448 2086 2508 nuncupet:

501 2552 560 2596 ιιι
630 2554 753 2597 cum
823 2552 1127 2594 matnonam
1192 2535 1467 2590 dominum
1523 2534 1689 2596 dicit,
1739 2542 1794 2587 ct
1846 2543 2090 2587 ventrem

502 2634 684 2689 deum.
715 2629 899 2701 Neque
928 2629 1069 2684 enim
1102 2639 1384 2699 propterea
1426 2633 1520 2679 aut
1562 2633 1750 2679 venter
1792 2623 1923 2678 deus
1967 2634 2087 2690 est,

501 2738 595 2782 aut
622 2740 869 2783 mamona
908 2722 1181 2786 dominus,
1208 2721 1303 2776 sed
1351 2734 1535 2775 eorum
1584 2718 1821 2784 demum,
1853 2717 1942 2788 qui
1971 2732 2091 2771 sese

505 2822 633 2889 ipsis
664 2816 1011 2887 subiecerint.
1045 2817 1244 2868 Atvero
1274 2827 1372 2867 nos
1425 2810 1553 2866 illud
1592 2810 1854 2875 dicimus,
1887 2823 1991 2863 non
2021 2807 2091 2864 de

505 2911 717 2967 diabolo
745 2907 962 2979 quidem
996 2905 1112 2961 lucc
1153 2904 1316 2959 verba
1345 2902 1521 2956 habita
1553 2917 1673 2957 esse
1692 2943 1705 2968 ,
1736 2900 1832 2956 sed
1871 2900 1938 2956 de
1967 2900 2089 2954 uni-

509 3016 785 3058 versorum
834 3000 981 3066 Deo;
1033 2999 1216 3069 sicque
1260 2997 1541 3069 legendum
1589 3010 1742 3059 esse,
1794 2994 2092 3063 lnﬁdelium

508 3092 665 3165 hujus
692 3090 874 3147 διεσαιί
920 3099 1113 3143 mentes
1154 3087 1294 3143 Deus
1333 3088 1619 3142 eacwcavit.
1670 3086 1800 3140 Nam
1854 3085 2090 3141 futurum

505 3182 684 3241 aevum
714 3181 962 3237 inﬁdeles
1002 3196 1106 3235 non
1149 3179 1454 3234 habiturum
1499 3186 1613 3244 est,
1658 3178 1750 3232 sed
1793 3178 1895 3232 hoc
1932 3178 2089 3232 dum-

508 3291 675 3333 taxat.
726 3278 785 3336 Si
820 3289 947 3330 vero
990 3272 1111 3344 quis
1138 3271 1296 3325 aliter
1323 3270 1497 3341 legat,
1543 3284 1736 3338 nempe
1777 3268 1912 3323 Deus
1940 3270 2093 3340 hujus

509 3368 714 3439 steculi,
735 3381 805 3423 ne
838 3366 965 3422 hinc
996 3364 1210 3436 quidem
1253 3363 1359 3418 ulla
1386 3363 1667 3418 calumniae
1702 3377 1831 3416 ausa
1863 3362 2092 3432 porrigi-

516 3471 609 3518 tur
636 3479 652 3517 :
681 3474 855 3531 neque
879 3459 1023 3519 enim
1050 3457 1177 3512 hinc
1201 3455 1529 3521 ostenditur,
1558 3470 1678 3510 eum
1709 3453 1865 3523 hujus
1892 3463 2093 3509 tantum

510 3546 694 3611 siccati
739 3551 908 3609 Deum
949 3565 1095 3608 esse.
1139 3549 1271 3605 Nam
1314 3559 1370 3604 et
1413 3549 1551 3604 Deus
1587 3548 1701 3603 ca'li
1734 3548 1958 3614 dicitur;
1994 3562 2094 3604 nec

511 3642 691 3701 tamen
741 3645 858 3699 ραιιί
892 3651 1098 3699 tantum
1145 3642 1286 3697 Deus
1323 3651 1448 3697 est:
1493 3650 1583 3706 et,
1630 3640 1772 3695 Deus
1816 3640 2093 3710 praesentis

507 3738 649 3803 diei,
686 3726 955 3801 dicimus;
1002 3749 1102 3790 nec
1142 3743 1316 3788 tamen
1364 3733 1477 3787 haec
1518 3733 1591 3787 ita
1630 3718 1897 3800 dicimus,
1943 3731 2095 3802 quasi

511 3830 681 3898 ipsius
727 3827 1010 3897 imperium
1058 3827 1215 3881 unius
1250 3824 1353 3880 diei
1396 3824 1653 3896 angustiis
1689 3824 2092 3880 circumscriba-

497 3937 649 3977 -mns.
703 3920 840 3988 Quin
884 3920 1024 3975 Deus
1062 3933 1274 3989 quoque
1313 3917 1544 3972 Abrahae
1580 3916 1809 3983 dicitur,
1855 3925 1909 3973 et
1957 3915 2095 3973 Deus

503 4017 681 4080 lsaac,
709 4024 763 4069 et
791 4013 935 4069 Deus
958 4012 1159 4077 Jacob;
1189 4027 1309 4066 cum
1339 4020 1514 4065 tamen
1541 4025 1645 4065 non
1677 4025 1863 4065 eorum
1891 4018 2095 4065 tantum

514 4110 585 4164 sit
599 4110 770 4164 Dens.
803 4111 879 4162 Ac
903 4106 1160 4176 pleraque
1190 4106 1351 4160 etiam
1380 4104 1481 4158 alia
1514 4102 1817 4172 hujusmodi
1857 4103 2099 4158 testimoo

513 4202 598 4255 nia
648 4201 700 4255 in
745 4198 1037 4269 Scripturis
1082 4196 1309 4251 inveniri
1357 4205 1600 4265 possunt.
1647 4195 1889 4262 Quonam
1934 4209 2097 4266 porro

511 4293 672 4349 modo
700 4291 1026 4350 excaecavit?
1066 4289 1182 4345 Non
1210 4303 1340 4344 sane
1367 4289 1504 4357 quod
1543 4290 1596 4343 in
1645 4288 1746 4344 hoc
1784 4289 1889 4344 ulla
1932 4289 2097 4358 ipsius

510 4386 652 4440 actio
682 4382 863 4448 l‘tterit,
891 4382 1050 4449 absit,
1071 4381 1164 4437 sed
1190 4382 1311 4451 quia
1337 4380 1388 4435 id
1417 4394 1603 4450 passus
1622 4389 1705 4435 est
1730 4394 1792 4435 ac
1818 4380 2093 4450 permisit:

515 4494 638 4534 nam
663 4479 956 4545 Scriptura:
984 4489 1104 4531 mos
1132 4484 1214 4529 est
1242 4475 1314 4527 ita
1341 4473 1524 4543 loqui,
1553 4481 1609 4527 ιιι
1635 4487 1755 4526 cum
1783 4473 1878 4538 ait,
1911 4471 2099 4527 Tradi-

509 4570 584 4626 dit
608 4586 694 4624 eos
724 4569 861 4623 Deus
895 4569 951 4622 in
980 4567 1249 4637 reprobum
1276 4580 1475 4619 sensum
1506 4562 1696 4634 (Rom.
1727 4564 1773 4617 ι.
1804 4561 1925 4634 28).
1956 4563 2100 4632 Quo-

512 4662 655 4718 niam
681 4659 825 4715 euim
853 4657 929 4712 illi
955 4656 1102 4727 prius
1125 4655 1281 4710 ﬁdem
1305 4656 1647 4721 abrogarunt,
1667 4667 1830 4722 seque
1854 4653 2101 4725 indignos

513 4750 863 4812 reddiderunt
904 4749 996 4820 qui
1035 4746 1290 4819 mysteria
1333 4745 1611 4808 viderent,
1653 4745 1773 4799 illos
1805 4745 1917 4814 ipse
1943 4745 2102 4800 dere-

514 4846 689 4917 liquit.
712 4842 851 4913 Quid
877 4843 1020 4898 euim
1049 4840 1136 4896 hic
1165 4838 1467 4895 faciendum
1496 4839 1646 4892 erat?
1666 4854 1732 4894 an
1763 4839 1957 4896 invitos
1987 4853 2098 4894 tra-

520 4940 672 5004 here,
698 4950 903 5005 suaque
930 4946 1125 4989 arcana
1153 4933 1219 4986 iis
1238 4971 1253 4997 ,
1283 4930 1373 5001 qui
1399 4944 1461 4984 ea
1487 4944 1712 4985 cernere
1745 4930 2096 4996 recusabant,

515 5029 764 5102 aperire?
791 5029 859 5083 At
888 5025 1056 5096 magis
1072 5024 1523 5093 contempsissent
1551 5020 1649 5087 illi,
1671 5036 1771 5076 nec
1795 5021 1977 5077 videre
2007 5037 2103 5076 vo-

515 5125 782 5180 luissent:
822 5120 963 5176 unde
988 5118 1147 5174 etiam
1188 5131 1314 5171 mox
1342 5113 1645 5183 sultjunxit,
1678 5113 1746 5170 Ut
1779 5131 1879 5169 non
1908 5117 2101 5185 fulgeat

512 5220 589 5274 eis
616 5216 924 5271 illuminatio
953 5212 1197 5284 evangelii
1221 5210 1399 5280 gloria:
1423 5209 1644 5273 Christi;
1672 5224 1776 5263 non
1804 5208 1870 5262 ad
1896 5207 2018 5273 hoc,
2045 5217 2103 5261 ιιι

523 5312 767 5366 Dconou
804 5306 1068 5370 credant,
1095 5303 1193 5359 sed
1225 5312 1280 5357 ut
1319 5317 1437 5372 qua:
1464 5302 1571 5355 sint
1600 5301 1808 5356 interna
1847 5299 2099 5370 mysteria

516 5400 753 5457 inﬁdelis
795 5413 946 5454 mers
991 5395 1213 5451 minime
1254 5394 1581 5464 perspiciat:
1614 5390 1757 5460 quod
1803 5391 1962 5446 etiam
2010 5390 2102 5446 ille

520 5491 679 5549 nobis
702 5489 994 5562 praecepit,
1022 5497 1083 5543 ut
1111 5503 1179 5543 ne
1213 5484 1528 5556 margaritas
1553 5492 1678 5538 ante
1709 5497 1905 5553 porcos
1932 5481 2100 5552 conji-

517 5590 724 5645 ciamus
770 5582 1003 5659 (Matth.
1045 5584 1101 5642 7.
1143 5582 1178 5639 6
1204 5584 1246 5654 ).
1273 5580 1489 5637 Etenim
1519 5581 1564 5634 si
1591 5594 1652 5633 ea
1683 5577 1984 5632 inﬁdelibus
2009 5575 2103 5631 de-

519 5680 757 5747 texisset,
792 5692 983 5737 corum
1004 5673 1227 5731 morbus
1256 5671 1425 5743 magis
1451 5669 1828 5725 incruduisset.
1879 5666 2012 5722 Nam
2056 5669 2101 5723 si

515 5773 639 5843 quis
658 5770 829 5829 oculis
853 5771 1185 5829 laborantem
1204 5774 1358 5836 cogat
1378 5761 1579 5818 solares
1604 5760 1782 5815 radios
1809 5759 2096 5833 respicere,

1244 318 1299 376 S.
1341 318 1617 375 J0mle
1653 314 2127 372 CllltYSOSTOMl
2172 314 2486 371 ARCIIIEP.
2530 315 3062 373 CONSTANTIXOP.

3697 323 3823 377 ιῗῖῧ

2208 432 2350 487 illius
2391 432 2754 489 inﬁrmitatem
2798 437 2968 507 magis
2996 444 3175 505 auget.
3221 434 3342 489 ldeo
3379 434 3570 490 medici
3601 450 3698 490 eos
3754 438 3829 485 in

2207 522 2444 578 tenebris
2469 524 2679 580 abditos
2708 534 2923 593 tenent,
2950 542 3019 581 ne
3044 526 3267 581 morbus
3301 525 3651 596 ingravescat.
3714 525 3823 579 Sic

2202 631 2331 688 ergo
2360 616 2447 673 hic
2482 618 2643 672 etiam
2687 618 3092 688 intelligendum
3120 626 3238 684 est,
3277 632 3473 688 nempe
3514 618 3655 688 quod
3712 618 3820 671 icti

2206 710 2338 764 vitio
2379 724 2477 763 suo
2508 709 2769 764 increduli
2811 710 3154 764 exstiterunt.
3188 708 3449 764 lncreduli
3491 720 3666 764 autem
3724 710 3819 764 ef-

2204 798 2346 863 fecti,
2369 801 2633 870 evangelii
2655 815 2851 855 arcana
2877 800 3098 855 minime
3118 800 3226 868 jam
3250 810 3656 870 perspexerunt,
3678 800 3809 857 Deo

2204 891 2454 945 nimirum
2495 890 2674 945 radios
2714 905 2842 945 suos
2878 890 2982 945 illis
3028 890 3286 959 deinceps
3332 890 3684 947 subducente.
3735 890 3804 948 Id

2201 982 2341 1052 quod
2371 984 2533 1037 etiam
2566 982 2843 1053 discipulis
2868 982 3078 1038 dicebat
3098 1025 3113 1050 ,
3147 982 3426 1054 Propterea
3453 984 3504 1037 in
3531 985 3800 1053 parabolis

2201 1074 2381 1142 loquor
2418 1074 2575 1143 ipsis,
2603 1075 2723 1145 quia
2753 1073 3015 1129 audientes
3044 1091 3145 1128 non
3181 1075 3395 1128 audiunt
3426 1074 3653 1147 (Matth.
3694 1077 3790 1131 l3.

2202 1162 2323 1235 15).
2368 1163 2566 1218 Verum
2595 1172 2653 1218 ut
2691 1163 2833 1233 quod
2874 1163 2995 1218 dico
3034 1163 3282 1234 exemplo
3323 1164 3609 1220 dilucidius
3652 1165 3786 1232 ﬁat,

2201 1254 2341 1325 ﬁnge
2369 1255 2624 1324 gentilem
2657 1270 2777 1309 esse
2805 1255 3088 1324 quemdam
3116 1297 3132 1323 ,
3175 1256 3265 1325 qui
3307 1271 3395 1311 res
3433 1266 3644 1312 nostras
3688 1274 3788 1327 pro

2200 1348 2392 1401 rabulis
2432 1347 2624 1402 habeat
2650 1366 2663 1401 :
2694 1348 2779 1402 hic
2808 1348 2967 1418 igitur
2989 1348 3180 1419 plusne
3210 1363 3272 1404 ex
3298 1364 3364 1403 eo
3390 1350 3658 1405 commodi
3694 1365 3789 1405 ea.

2201 1440 2329 1511 piet,
2345 1442 2389 1493 si
2414 1440 2686 1508 ingressus
2701 1438 2861 1495 fuerit
2886 1455 2950 1495 ac
2975 1442 3222 1511 mysteria
3245 1442 3602 1511 conspexerit,
3624 1458 3785 1512 quam

2197 1532 2241 1586 si
2273 1531 2404 1586 foris
2432 1531 2676 1585 maneat?
2719 1530 2843 1586 Ideo
2867 1532 2935 1584 ait
2966 1551 2980 1586 :
3022 1530 3089 1586 Ut
3115 1548 3215 1585 non
3243 1531 3435 1603 fulgeat
3459 1532 3564 1586 illis
3589 1532 3788 1587 illumi-

2198 1623 2374 1685 natio;
2406 1622 2457 1677 in
2486 1623 2648 1678 Mosis
2674 1622 2923 1679 videlicet
2949 1623 3169 1679 historia
3194 1625 3369 1679 adhuc
3393 1625 3623 1681 haerens.
3646 1626 3782 1682 Nam

2195 1713 2337 1785 quod
2357 1714 2498 1771 illius
2516 1724 2670 1769 aelate
2687 1714 2886 1770 Judaeis
2899 1715 3114 1780 accidit,
3134 1715 3233 1771 hoc
3255 1716 3512 1786 evangelii
3540 1726 3786 1789 tempore

2197 1807 2451 1862 omnibus
2489 1807 2798 1865 inﬁdelibus
2827 1824 2923 1864 usu
2953 1810 3121 1865 venit.
3169 1809 3433 1876 Quidnam
3469 1818 3644 1866 autem
3672 1813 3739 1865 sit
3765 1855 3781 1877 ,

2196 1899 2336 1969 quod
2372 1899 2448 1953 ait
2486 1909 2732 1969 opertum
2769 1900 2875 1954 illis
2901 1900 3065 1955 fuisse
3090 1914 3152 1955 ac
3185 1901 3403 1955 minime
3426 1901 3779 1971 declaratum,

2194 1991 2317 2047 audi
2362 1991 2488 2062 quid
2532 1993 2651 2062 ipse
2692 1991 2875 2047 dicat:
2920 1990 2990 2048 Ut
3030 2009 3128 2048 non
3154 1993 3346 2063 fulgeat
3376 1994 3447 2048 eis
3473 1995 3783 2050 illuminatio

2194 2086 2439 2155 evangelii
2484 2084 2661 2156 gloria:
2705 2083 2925 2151 Christi,
2967 2085 3054 2154 qui
3089 2095 3163 2139 est
3202 2086 3369 2156 imago
3412 2084 3528 2141 Dei.
3575 2087 3782 2155 Nempe

2194 2175 2336 2244 quod
2366 2176 2512 2232 orbis
2538 2176 2682 2231 salus
2712 2192 2843 2233 crux
2882 2183 2968 2231 est
3005 2177 3275 2247 ipsiusque
3304 2177 3476 2248 gloria
3500 2218 3516 2243 ,
3548 2179 3687 2249 quod
3732 2182 3782 2236 is

2194 2269 2284 2337 qui
2313 2268 2601 2323 cruciﬁxus
2626 2276 2714 2322 est
2737 2282 2861 2324 cum
2893 2268 3060 2323 multo
3084 2267 3370 2337 splendore
3396 2279 3646 2325 venturus
3675 2272 3776 2329 sit:

2193 2369 2353 2430 atque
2378 2359 2481 2413 alia
2512 2359 2721 2422 omnia,
2756 2368 2860 2412 tam
2888 2360 3207 2430 praesentia,
3234 2374 3390 2428 quam
3420 2359 3624 2426 futura,
3669 2370 3777 2415 tam

2195 2451 2247 2504 in
2275 2462 2548 2521 aspectum
2576 2451 2821 2506 cadentia
2840 2491 2855 2515 ,
2885 2464 3043 2520 quam
3070 2451 3278 2505 occulta
3306 2461 3359 2505 et
3383 2451 3664 2507 ineﬁ‘abilis
3694 2468 3781 2506 re-

2194 2558 2313 2597 rum
2339 2558 2458 2613 quae
2486 2550 2868 2612 exspectantur
2897 2540 3176 2596 adventus.
3209 2539 3362 2597 Unde
3386 2542 3542 2596 etiam
3568 2547 3776 2610 αὐγάσαι

2193 2635 2363 2701 dixit,
2409 2634 2510 2690 hoc
2546 2644 2632 2691 est
2673 2633 2969 2701 irradiare,
3014 2650 3084 2690 ne
3122 2643 3177 2689 tu
3221 2643 3387 2689 totum
3433 2636 3484 2689 in
3531 2634 3629 2691 hac
3669 2639 3776 2691 vita

2193 2742 2424 2799 quaeras.
2454 2729 2546 2783 Est
2573 2728 2714 2783 enim
2745 2727 2890 2783 velut
2927 2726 3109 2782 radius
3141 2727 3404 2797 quispiam
3430 2725 3658 2796 Spiritus
3678 2768 3692 2787 .
3722 2728 3775 2783 id

2193 2821 2337 2892 quod
2368 2837 2507 2877 nunc
2534 2822 2712 2877 datur.
2759 2819 2817 2876 Id
2843 2819 2989 2891 quod
3030 2821 3192 2874 etiam
3230 2820 3476 2889 superius
3501 2819 3773 2884 indicans,

2195 2911 2376 2969 odoris
2400 2926 2464 2967 ac
2489 2927 2700 2968 rursum
2730 2912 2967 2982 pignoris
2993 2911 3255 2966 vocabulo
3281 2925 3409 2966 usus
3445 2918 3527 2967 est
3546 2952 3562 2977 ,
3598 2909 3779 2965 decla-

2196 3019 2321 3059 rans
2364 3004 2531 3057 multo
2580 3003 2836 3070 majorem
2865 3013 3069 3073 partem
3097 3002 3149 3056 in
3203 3002 3380 3056 futuro
3433 3018 3544 3056 τιτι-ο
3590 3017 3781 3070 chpe-

2196 3095 2447 3150 ctandam
2490 3109 2631 3149 esse.
2659 3093 2764 3150 Sed
2812 3102 2988 3150 tamen
3037 3092 3152 3148 hrec
3198 3093 3372 3146 omnia
3430 3094 3558 3164 ipsis
3598 3096 3779 3147 Occul-

2198 3193 2305 3241 tata
2355 3194 2513 3250 sunt,
2541 3195 2596 3241 et
2634 3185 2706 3240 ob
2752 3185 2804 3240 id
2852 3184 3138 3247 occultata,
3166 3184 3288 3253 quia
3317 3183 3463 3252 prius
3491 3184 3585 3253 ipsi
3603 3183 3776 3243 ﬁdem

2199 3277 2311 3333 Deo
2336 3277 2681 3346 abrogarunt.
2707 3276 2921 3336 Postea.
2948 3284 3007 3332 ut
3029 3275 3296 3340 ostendat,
3318 3291 3423 3329 non
3446 3275 3636 3330 Christi
3665 3290 3779 3330 mea

2197 3367 2288 3435 do,
2319 3368 2414 3423 sed
2441 3369 2605 3425 etiam
2633 3367 2805 3423 Patris
2833 3366 3056 3436 gloriam
3088 3366 3152 3420 iis
3180 3366 3498 3436 incognitam
3523 3380 3660 3431 esse,
3687 3367 3779 3435 qui
3854 3349 3867 3357 ’

2197 3475 2316 3515 eam
2350 3475 2453 3515 non
2483 3459 2756 3524 viderunt,
2795 3458 3018 3528 adjecit,
3064 3457 3162 3523 Qui
3187 3467 3258 3511 est
3283 3459 3449 3528 imago
3481 3456 3594 3511 Dei.
3639 3458 3780 3513 Cave

2197 3552 2337 3607 enim
2380 3552 2433 3606 iu
2477 3550 2692 3606 Christo
2736 3550 2852 3605 solo
2897 3549 3180 3605 consistas.
3235 3547 3306 3604 Ut
3344 3550 3486 3604 enim
3522 3565 3615 3619 per
3656 3564 3778 3605 eum

2199 3643 2410 3698 Patrem
2437 3643 2634 3704 cernis,
2664 3642 2757 3707 ita,
2785 3643 2831 3695 si
2860 3639 3026 3710 ipsius
3053 3640 3274 3711 gloriam
3306 3641 3516 3710 ignores
3534 3681 3550 3706 ,
3580 3656 3647 3695 ne
3680 3640 3781 3695 Pa-

2201 3724 2296 3790 tris
2323 3734 2535 3804 quidem
2561 3734 2784 3804 gloriam
2812 3734 3078 3801 cognitam
3107 3732 3350 3788 habebis.
3388 3734 3443 3787 5.
3486 3731 3607 3787 Non
3648 3736 3778 3793 enim

2200 3841 2291 3878 nos
2316 3826 2453 3895 ipsos
2480 3824 2853 3895 pra’dicamus,
2882 3821 2970 3876 sed
3009 3819 3263 3877 Christum
3292 3820 3471 3879 Iesum
3501 3821 3778 3880 Dominum

2201 3929 2450 3982 nostrum,
2478 3933 2569 3971 nos
2597 3927 2763 3970 autem
2789 3932 2959 3969 servos
2986 3924 3176 3969 υεδιτοε
3203 3932 3291 3985 per
3313 3913 3512 3969 Iesum.

2272 4010 2326 4063 5.
2368 4010 2594 4077 Quinam
2629 4008 2714 4063 hic
2741 4010 3007 4063 sermonis
3038 4017 3192 4062 tenor
3221 4008 3340 4062 est?
3376 4008 3499 4078 quid
3535 4010 3633 4062 hoc
3660 4025 3777 4065 cum

2201 4101 2267 4155 iis
2291 4143 2305 4168 ,
2336 4116 2457 4170 qua:
2485 4110 2609 4155 ante
2642 4100 2780 4154 dicta
2813 4108 2970 4164 sunt,
3013 4114 3297 4154 commune
3329 4100 3525 4154 habet?
3567 4101 3660 4155 Vel
3689 4117 3778 4157 eos

2202 4201 2354 4247 notat
2410 4202 2466 4245 ut
2519 4190 2835 4246 insolentius
2879 4204 3002 4245 sese
3050 4188 3356 4256 efferentes,
3407 4200 3460 4244 et
3511 4190 3778 4260 discipulis

2202 4284 2429 4340 suadere
2479 4283 2775 4351 cupientes,
2808 4290 2864 4336 ut
2909 4282 2977 4336 ab
3006 4296 3192 4335 eorum
3221 4281 3525 4336 nominibus
3554 4283 3652 4337 sibi
3684 4299 3778 4337 no-

2204 4393 2326 4432 men
2368 4377 2676 4445 imponant,
2705 4374 2843 4428 sicut
2886 4374 2936 4426 in
2968 4374 3249 4441 superiore
3275 4374 3500 4443 epistola
3532 4374 3779 4437 dicebat.

2204 4469 2316 4540 Ego
2347 4485 2457 4523 sum
2492 4466 2666 4530 Pauli,
2698 4482 2791 4537 ego
2815 4476 2984 4519 autem
3013 4463 3195 4534 Apollt.
3222 4465 3306 4535 (1.
3332 4464 3452 4525 Cor.
3477 4466 3531 4529 '5,
3556 4466 3612 4536 4)
3640 4485 3654 4521 :
3695 4481 3779 4527 aut

2202 4561 2343 4616 aliud
2371 4559 2623 4630 quiddam
2653 4558 3026 4629 gravissimum
3060 4555 3343 4626 signiﬁcat.
3361 4556 3622 4624 Quidnam
3651 4559 3781 4616 hoc!

2203 4652 2465 4721 Quoniam
2506 4652 2826 4707 acerrimum
2862 4650 2913 4704 in
2956 4650 3098 4718 ipsos
3137 4650 3334 4704 bellum
3383 4649 3460 4707 illi
3484 4647 3777 4720 gerebant,

2204 4756 2366 4817 atque
2398 4744 2619 4800 insidias
2645 4742 2879 4813 undique
2910 4742 3039 4812 ipsis
3065 4741 3365 4813 struebant.
3402 4728 3558 4803 Nutu,
3582 4734 3771 4804 inquit,

2204 4841 2487 4896 adversum
2521 4854 2619 4894 nos
2648 4837 2896 4909 pugnatis
2916 4878 2930 4904 ,
2964 4852 3026 4890 ac
3056 4852 3162 4891 non
3191 4824 3441 4893 advérsns
3465 4841 3587 4884 eum
3613 4828 3702 4896 qui
3751 4841 3779 4879 a

2208 4932 2360 4988 nobis
2385 4930 2736 5002 praedicatur?
2756 4944 2928 4999 neque
2957 4929 3099 4982 enim
3122 4920 3360 4996 uulpem
3389 4918 3777 4989 pmdicamus:

2207 5043 2305 5099 ego
2337 5042 2527 5082 servus
2556 5040 2673 5080 sum
2700 5066 2716 5091 ,
2763 5037 2863 5093 ego
2892 5038 3078 5077 eorum
3105 5008 3195 5091 qui
3220 5013 3655 5087 pmdimtionem
3686 5030 3782 5069 ex-

2205 5119 2409 5189 cipiunt
2436 5118 2699 5182 minister,
2718 5129 2936 5186 operam
2962 5125 3174 5169 omnem
3197 5108 3349 5164 alteri
3381 5121 3605 5172 uavaus,
3628 5114 3786 5177 atque

2208 5210 2374 5279 ipsius
2404 5207 2588 5277 gloria:
2616 5220 2773 5260 causa
2800 5204 3010 5275 quidvis
3032 5201 3250 5257 faciens.
3278 5200 3481 5271 Itaque,
3503 5197 3630 5253 dum
3663 5196 3789 5251 mihi

2209 5299 2407 5354 bellum
2458 5297 2653 5362 infers,
2702 5312 2762 5350 ea
2808 5311 2927 5366 qua:
2958 5294 3103 5349 illius
3132 5301 3260 5348 sunt
3302 5292 3515 5362 dejicis.
3565 5288 3788 5350 Tantum

2208 5390 2350 5446 enim
2380 5390 2551 5456 abest,
2577 5399 2629 5443 ιιι
2665 5403 2732 5442 ex
2759 5385 3069 5456 evangelica
3094 5398 3326 5447 munere
3348 5382 3632 5454 quidquam
3663 5377 3788 5435 mihi

2208 5497 2453 5552 arrogem
2478 5523 2494 5548 ,
2526 5476 2593 5535 ut
2613 5495 2680 5534 ne
2707 5492 2899 5534 servus
2943 5474 3159 5548 quidem
3199 5484 3384 5530 vester
3411 5468 3532 5535 esse
3573 5474 3786 5538 propter

2207 5575 2483 5632 Christum
2507 5579 2857 5628 recusaturus
2881 5571 3003 5634 sim,
3031 5560 3466 5645 quandoquidem
3492 5558 3592 5628 ipsi
3621 5557 3787 5615 visum

2211 5673 2294 5722 est
2336 5674 2485 5719 tanto
2516 5663 2570 5717 in
2598 5661 2771 5732 pretio
2802 5675 2898 5715 vos
2927 5648 3163 5722 habere,
3191 5650 3448 5723 tantoque
3485 5662 3671 5703 amore
3699 5662 3784 5703 vos

2211 5756 2490 5829 cinnpteeti
2518 5795 2534 5822 ,
2581 5769 2647 5814 ac
2692 5752 2878 5811 salutis
2908 5759 3104 5808 vestrae
3147 5758 3310 5806 cson
3352 5741 3566 5817 quidvis
3612 5755 3777 5817 agere.
