4068 6414
521 365 620 420 ιδι

519 473 646 547 ερῶς
691 472 952 541 λάμψαι,
997 468 1275 537 ἔλαμψεν
1310 468 1381 520 ἐν
1419 466 1550 531 ταῖς
1600 465 1873 532 καρδίαις
1916 462 2101 531 ὑμῶν.

522 564 677 630 Εἶδες
728 564 848 627 πῶς
898 561 1063 617 πάλιν
1113 562 1227 622 τοῖς
1266 556 1490 631 ζητοῦσι
1539 557 1641 629 τὴν
1687 557 1846 622 δόξαν
1890 555 2107 623 ἐκείνην

524 657 652 711 ἰδεῖν
691 654 790 725 τὴν
826 648 1295 722 ὑπερϐάλλουσαν,
1348 647 1449 719 τὴν
1494 646 1774 710 Μωῦσέως
1807 646 1972 714 λέγω,
2002 644 2109 698 δεί-

519 763 679 801 κνυσι
708 744 849 817 μετά
882 742 1204 815 προσθήκης
1224 741 1688 812 ἀστράπτουσαν;
1725 738 1997 810 Καθάπερ
2027 738 2108 801 είς

518 839 580 892 τὸ
628 838 920 907 πρόσωπον
973 836 1279 899 Μωῦσέως,
1327 832 1502 896 οὕτως
1541 835 1621 896 εἰς
1670 832 1772 895 τάς
1828 831 2109 903 ὑμετέρας

521 929 746 1001 καρδίας
783 927 1017 998 ἔλαμψε,
1058 925 1214 998 φησί.
1249 924 1362 980 Kal
1396 925 1665 997 πρότερον
1699 924 2109 994 ἀναμιμνήσκει

518 1022 631 1077 τῶν
646 1023 703 1074 ἐν
732 1022 877 1091 ἀρχῇ
902 1020 1002 1089 τῆς
1032 1020 1266 1082 κτίσεως
1287 1014 1902 1088 γενομένων.αίσθητοῦ
1932 1013 2111 1085 φωτὸς

521 1114 617 1168 καλ⁵
648 1112 877 1174 σκότους
909 1108 1200 1181 αἰσθητοῦ,
1244 1109 1461 1172 δεικνὺς
1514 1108 1597 1161 ὃτι
1648 1106 1792 1177 αὕτη
1843 1105 2046 1177 μείζων
2075 1105 2110 1175 ἡ

518 1201 873 1276 δημιουργία,
942 1201 1052 1253 Καὶ
1103 1197 1208 1252 ποῦ
1261 1194 1439 1259 εἶπεν,
1485 1197 1587 1251 Ἐκ
1664 1195 1927 1259 σκότους
1984 1190 2112 1262 φῶς

519 1294 799 1363 λάμψαιῖ
840 1291 928 1344 Ἑν
963 1291 1107 1361 ἀρχῇ
1138 1290 1234 1343 καὶ
1269 1290 1328 1341 έν
1360 1284 1666 1358 προοιμίοις
1710 1284 1811 1354 τῆς
1840 1283 2107 1345 κτίσεως⁶

522 1387 747 1452 Σκότος
780 1383 891 1456 γὰρ
924 1381 1023 1455 ἦν,
1062 1382 1251 1452 φησὶν,
1286 1381 1489 1434 ἐπάνω
1520 1378 1630 1447 τῆς
1657 1378 1956 1433 ἀϐύσσου.
2000 1374 2111 1428 Καὶ

523 1475 698 1533 εἶπεν
724 1480 757 1532 ὁ
790 1475 963 1541 Θεὸς,
995 1474 1319 1541 Γενηθήτω
1350 1469 1477 1542 φῶς
1498 1485 1513 1501 ·
1543 1469 1645 1524 καὶ
1684 1468 1923 1539 ἐγένετο
1962 1466 2109 1536 φῶς.

535 1570 699 1625 ’Λλλά
730 1571 854 1623 τότε
884 1568 984 1639 μὲν
1013 1562 1135 1620 εἷπε
1153 1609 1167 1631 ,
1205 1565 1548 1632 Γενηθήτω,
1584 1561 1683 1617 καὶ
1710 1559 1951 1629 ἐγένετο
1978 1578 1989 1590 ο
2018 1559 2113 1612 νῦν

522 1662 581 1715 δὲ
614 1662 716 1715 οὐκ
742 1655 917 1723 εἶπεν,
947 1655 1064 1710 ἀλλ’
1110 1655 1274 1719 αὐτὸς
1318 1654 1450 1725 ἡμῖν
1493 1653 1690 1722 γέγονε
1727 1651 1842 1720 φῶς
1863 1666 1877 1680 ·
1908 1649 1969 1702 ού
2004 1649 2113 1722 γὰρ

523 1749 699 1818 εἶπεν,
737 1752 819 1804 ὅτι
869 1748 967 1804 καὶ
1005 1747 1099 1801 νῦν
1142 1742 1316 1813 εἶπεν,
1348 1745 1467 1800 ἀλλ’
1523 1744 1688 1809 αὐτὸς
1740 1742 1971 1813 ἔλαμψε.
2015 1739 2115 1794 Διὰ

524 1845 686 1900 τοῦτο
718 1845 843 1897 οὐδέ
890 1840 1125 1913 αἰσθητά
1175 1840 1479 1911 πράγματα
1528 1837 1746 1910 ὁρῶμεν
1798 1835 1892 1889 τοῦ
1939 1834 2115 1905 φωτὸς

525 1937 839 2009 λάμποντος
866 1935 1085 1999 τούτου,
1116 1932 1231 1986 ἀλλ’
1268 1931 1432 1986 αὑτὸν
1461 1930 1556 1984 τὸν
1593 1930 1726 1983 Θεὸν
1755 1928 1843 1982 διὰ
1870 1926 1965 1981 τοῦ
1989 1928 2117 1997 Χρι-

528 2029 679 2085 στοῦ.
717 2030 881 2101 Ὁρᾷς
933 2026 996 2080 τὸ
1046 2023 1474 2097 ἀπαράλλακτον
1515 2022 1614 2092 τῆς
1651 2020 1915 2093 Τριάδος;
1977 2019 2117 2090 Περὶ

532 2121 635 2196 μὶν
661 2121 771 2195 γὰρ
802 2121 894 2174 τοῦ
941 2118 1262 2190 Πνεύματός
1312 2132 1504 2189 φησιν·
1551 2114 1750 2186 Ἡμεῖς
1788 2113 1856 2167 δὲ
1891 2115 2117 2178 πάντες

528 2209 1080 2278 ἀνακεκαλυμμένῳ
1137 2206 1439 2276 προσώπῳ
1495 2204 1612 2273 τὴν
1663 2205 1853 2269 δόξαν
1891 2203 2116 2271 Κυρίου

529 2301 1068 2371 κατοπτριζῦμενοι,
1101 2299 1215 2367 τὴν
1242 2298 1438 2367 αὐτὴν
1467 2297 1675 2351 εἰκόνα
1700 2294 2115 2365 μεταμορφούο

526 2400 681 2467 μεθα
718 2396 838 2449 ἀπὸ
870 2394 1057 2461 δόξης
1095 2396 1181 2460 εἰς
1205 2391 1414 2458 δόξαν,
1448 2391 1716 2458 καθάπερ
1745 2388 1864 2443 ἀπὸ
1894 2387 2116 2455 Κυρίου

529 2492 881 2558 Πνεύματος
901 2502 914 2515 ·
950 2487 1076 2557 περὶ
1106 2486 1163 2538 δὲ
1204 2484 1299 2537 τοῦ
1328 2484 1481 2547 Υἰοῦ,
1526 2485 1631 2549 Εἰς
1653 2483 1722 2536 τὸ
1745 2481 1831 2552 μὴ
1856 2479 2118 2550 αὐγάσαι

531 2583 739 2649 αὐτοῖς
773 2582 883 2636 τόν
909 2580 1221 2651 φωτισμόν
1256 2579 1364 2633 τοῦ
1398 2579 1756 2649 εὐαγγελίου
1798 2574 1909 2643 τῆς
1934 2573 2121 2641 δόξης

530 2675 641 2731 τοῦ
686 2673 968 2743 Χριστοῦ,
1010 2672 1077 2739 ὅς
1109 2673 1281 2726 ἐστιν
1310 2668 1489 2725 εἰκὼν
1515 2670 1622 2724 τοῦ
1665 2668 1813 2723 Θεοῦ
1839 2686 1851 2699 ·
1904 2667 2034 2737 περὶ
2061 2667 2121 2723 δέ

530 2765 630 2822 τοῦ
666 2765 906 2836 Πατρδς,
944 2765 1001 2817 '0
1036 2762 1221 2817 εἰπὼν
1274 2763 1345 2816 ἐκ
1388 2763 1651 2826 σκότους
1705 2759 1832 2831 φῶς
1859 2760 2121 2829 λάμψαι,

528 2856 815 2925 ἔλαμψεν
839 2855 910 2909 ἑν
942 2852 1074 2920 ταῖς
1107 2852 1383 2921 καρδίαις
1406 2851 1594 2921 ὑμῶν,
1626 2850 1777 2919 πρὸς
1813 2849 2123 2919 φωτισμόν

536 2947 649 3018 τῆς
678 2945 956 3019 γνώσεως
999 2944 1111 3012 τῆς
1149 2944 1338 3012 δόξης
1372 2943 1478 2997 τοῦ
1531 2942 1678 2996 Θεοῦ
1706 2943 1777 2995 ἐν
1822 2939 2126 3009 προσώπῳ

533 3038 816 3111 Χριστοῦ.
848 3039 1058 3109 ’Ὠσπερ
1087 3037 1197 3108 γὰρ
1239 3034 1429 3100 εἰπὼν,
1475 3034 1587 3090 Τοῦ
1620 3034 1978 3102 εὐαγγελίου
2011 3031 2124 3100 τῆς

535 3131 722 3199 δόξης
770 3130 878 3184 τοῦ
928 3127 1212 3198 Χριστοῦ,
1254 3129 1557 3197 ἐπήγαγεν,
1582 3127 1680 3193 Ὄς
1726 3126 1897 3179 ἐστιν
1948 3122 2128 3178 εἰκὼν

537 3223 646 3278 τοῦ
675 3221 847 3284 Θεοῦ,
878 3221 1093 3283 δεικνὺς
1124 3220 1205 3272 ὃτι
1226 3219 1319 3272 καὶ
1346 3218 1446 3287 τῆς
1476 3218 1685 3271 ἐκείνου
1711 3216 1870 3287 δόξης
1895 3217 2127 3270 ἀπεστε-

541 3313 820 3388 ρήθησαν*
871 3310 1048 3375 οὕτως
1102 3310 1296 3374 εἰπὼν,
1344 3308 1458 3379 Τῆς
1486 3308 1767 3379 γνώσεως
1803 3307 1911 3362 τοῦ
1952 3305 2126 3374 Θεοῦ,

540 3406 845 3475 ἐπήγαγεν,
876 3404 982 3457 Ἑν
1010 3399 1310 3471 προσώπῳ
1344 3400 1627 3468 Χριστοῦ,
1660 3399 1876 3462 δεικνὺς
1908 3399 1995 3452 ὅτι
2038 3396 2128 3451 διὰ

539 3496 735 3551 τούτου
771 3494 863 3548 τδν
893 3494 1119 3564 Πατέρα
1140 3492 1507 3563 γινώσκομεν,
1544 3490 1735 3563 ὥσπερ
1769 3486 1865 3545 οὖν
1902 3490 1997 3544 καὶ
2038 3488 2129 3543 διὰ

538 3590 636 3645 τοῦ
665 3589 985 3659 Πνεύματος
1023 3587 1175 3657 αὐτῷ
1225 3586 1640 3657 προσαγόμεθα.
1683 3584 1835 3659 [496]
1866 3586 2130 3654 Ἔχομεν

539 3681 611 3736 δὲ
642 3681 753 3736 τὸν
781 3678 1095 3749 Θησαυρὸν
1118 3678 1338 3733 τοῦτον
1385 3681 1455 3733 ἐν
1484 3678 1871 3745 ὀστρακίνοις
1913 3677 2129 3731 σκεύε-

542 3793 669 3841 σιν,
704 3775 805 3829 ἵνα
847 3773 886 3839 ἠ
920 3771 1237 3841 ὑπερϐολὴ
1280 3770 1389 3839 τῆς
1415 3769 1726 3840 δυνάμεως
1754 3764 1798 3842 ᾖ
1822 3767 1929 3823 τοῦ
1957 3768 2125 3835 Θεοῦ,

543 3867 641 3923 καί
669 3869 755 3937 μὴ
808 3865 878 3930 ἐξ
921 3863 1111 3935 ἡμῶν.
1143 3862 1363 3935 Ἐπειδὴ
1414 3862 1524 3935 γὰρ
1558 3862 1731 3916 πολλὰ
1773 3863 1867 3916 καὶ
1915 3860 2131 3933 μεγάλα

543 3955 668 4013 εἷπε
701 3959 829 4028 περὶ
880 3957 980 4026 τῆς
1028 3956 1346 4027 ἀπορρήτου
1394 3954 1577 4025 δόξης·
1616 3954 1705 4008 ἵνα
1737 3954 1813 4025 μή
1848 3970 1934 4017 τις
1970 3952 2127 4025 λέγῃ.

546 4052 659 4108 Kal
692 4052 809 4115 πῶς
842 4047 1115 4118 τοσαύτης
1162 4046 1320 4117 δόξης
1372 4046 1738 4109 ἀπολαύοντες
1785 4045 2023 4117 μένομεν
2072 4046 2132 4099 ἐν

547 4142 729 4214 θνητῷ
763 4141 1019 4212 σώματι;
1082 4139 1269 4211 φησὶν,
1294 4138 1378 4191 ὅτι
1422 4137 1583 4192 τοῦτο
1614 4137 1713 4208 μὲν
1737 4133 1830 4191 οῦν
1862 4136 1994 4191 αὐτὸ
2025 4135 2132 4208 μά-

546 4234 708 4290 λιστά
740 4234 855 4286 ἐστι
885 4231 945 4285 το
975 4229 1316 4300 θαυμαστὸν,
1350 4230 1446 4282 xal
1494 4229 1697 4300 δεῖγμα
1745 4227 2000 4301 μέγιστον
2032 4227 2137 4298 τῆς

549 4323 643 4379 τοῦ
674 4322 811 4378 Θεοῦ
832 4322 1141 4393 δυνάμεως,
1175 4322 1260 4375 ὅτι
1293 4319 1488 4384 σκεῦος
1510 4319 1830 4392 όστράκινον
1863 4318 2134 4391 τοσαύτην

549 4415 790 4489 ἠδυνήθη
830 4414 1197 4486 λαμπρότητα
1233 4414 1505 4482 ἐνεγκεῖν,
1539 4414 1634 4467 xal
1670 4411 1991 4482 τηλικοῦτον
2026 4429 2132 4481 φυ-

550 4507 709 4573 λάξαι
766 4507 1062 4578 θησαυρόν.
1104 4505 1284 4575 Ὅπερ
1335 4499 1430 4558 οὖν
1479 4504 1573 4557 καὶ
1622 4504 1785 4567 αὐτὸς
1835 4501 2135 4574 θαυμάζων

551 4600 905 4669 ἔλεγεν,”ινα
948 4597 987 4665 ἠ
1042 4596 1350 4666 ὑπερϐολὴ
1411 4594 1524 4664 τῆς
1578 4592 1889 4662 δυνάμεως
1941 4587 1983 4664 ᾖ
2028 4591 2137 4647 τοῦ

556 4692 729 4759 Θεοῦ,
768 4691 865 4745 καί
909 4689 997 4760 μὴ
1034 4688 1103 4754 ἐξ
1142 4686 1349 4757 ἡμῶν·
1398 4685 1561 4740 πάλιν
1613 4686 1860 4748 ἐκείνους
1903 4685 2139 4737 αἰνιττό-

558 4799 720 4855 μενος
772 4780 899 4844 τοὺς
938 4778 1336 4851 καυχωμένους
1378 4778 1462 4846 ἐφ’
1503 4779 1738 4840 ἑαυτοῖς.
1802 4775 1876 4827 Τό
1923 4792 1983 4827 τε
2027 4775 2137 4846 γάρ

558 4873 788 4947 μέγεθος
820 4872 928 4925 τῶν
960 4871 1243 4934 δοθέντων,
1293 4870 1353 4922 τό
1396 4885 1458 4922 τε
1504 4868 1729 4931 ἀδθενές
1758 4868 1866 4921 τῶν
1906 4866 2139 4938 δεξαμέ-

554 4986 660 5021 νων
693 4966 935 5021 δείκνυσι
984 4964 1083 5035 τὴν
1130 4964 1308 5033 ἰσχὺν,
1335 4963 1434 5033 οὐχ
1464 4962 1545 5014 ὃτι
1597 4960 1811 5031 μεγάλα
1839 4961 2139 5032 ἐχαρίσατο

560 5061 741 5131 μόνον,
769 5057 883 5113 ἀλλ’
910 5058 992 5113 ὅτι
1031 5057 1127 5111 καὶ
1162 5056 1380 5126 μικροῖς
1410 5049 1550 5107 οὖσι·
1591 5052 1652 5104 τὸ
1681 5051 1788 5125 γὰρ
1814 5052 2140 5123 όστράκινον

555 5151 618 5202 το
666 5148 1001 5220 εὔθραυστον
1049 5159 1077 5188 ιι
1123 5147 1224 5217 τῆς
1265 5144 1467 5216 θνητῆς
1524 5142 1739 5211 φύσεως
1766 5143 2141 5213 αἰνιττόμενος

560 5241 861 5311 ἐλεγε,,καὶ
904 5242 965 5296 τὸ
1004 5239 1105 5310 τῆς
1141 5238 1343 5311 σαρκὸς
1380 5236 1538 5309 ἡμῶν
1570 5237 1796 5299 ἀσθενὲς
1833 5235 2141 5305 ἐμφαίνων.

572 5334 875 5405 ὐστράκοο
901 5333 1011 5403 γὰρ
1043 5334 1266 5403 ἄμεινον
1294 5332 1445 5385 οὐδὲν
1467 5332 1604 5403 αῦτη
1634 5331 1935 5384 διάκειται·
1968 5327 2143 5393 οὕτως

562 5425 710 5480 ἐστὶν
767 5425 1193 5497 εὐεπηρέαστος,
1247 5423 1344 5476 καὶ
1398 5422 1617 5494 θανάτῳ
1675 5424 1769 5475 καὶ
1816 5422 1996 5484 νόσοις
2049 5422 2144 5474 καὶ

562 5517 740 5589 ἀέρων
769 5515 1107 5585 ἀνωμαλίαις
1153 5514 1250 5568 καὶ
1293 5513 1502 5585 ἐτέροις
1554 5512 1768 5583 μυρίοις
1816 5508 2141 5583 διαλυομένη

568 5608 784 5680 ῥᾳδίως.
820 5606 1007 5663 Ταῦτα
1044 5607 1100 5661 δέ
1131 5607 1308 5675 ἔλεγε,
1344 5605 1441 5659 καὶ
1483 5602 1875 5658 καταστέλλων
1918 5602 2145 5656 ἐκείνων

633 5825 662 5854 ι
682 5815 833 5878 Mars.
855 5817 1029 5879 Sanl.,
1050 5819 1106 5865 τὸ
1129 5816 1385 5882 εὖφθαρτον

1222 355 1283 412 S.
1321 354 1604 411 JOANNIS
1642 351 2126 407 CIIRYSOSTOSH
2178 351 2496 409 MICHIEP.
2533 352 3081 412 CONSTANTINOP.

3691 361 3819 419 158

2222 468 2283 521 τὸ
2314 468 2564 541 φύσημα,
2599 470 2697 524 καὶ
2724 471 2860 524 πᾶσι
2888 470 3103 536 δεικνὺς
3131 471 3214 526 ὅτι
3260 472 3411 527 οὐδὲν
3454 475 3821 547 ἀνθρώπινον

2218 558 2327 614 τῶν
2361 560 2481 614 καθ’

2294 650 2357 705 δ’.
2401 652 2511 706 Kal
2544 654 2654 725 γὰρ
2680 654 2801 708 τότε
2825 654 3061 725 μάλιστα
3092 655 3431 725 διαφαίνεται
3470 662 3517 731 ιγ
3545 660 3637 715 τοῦ
3662 661 3821 715 Θεοῦ

2218 740 2469 812 δύναμις,
2514 744 2644 798 ὅταν
2675 745 2743 799 δι’
2782 745 3019 800 εὐτελῶν
3069 749 3272 819 ἐνεργῇ
3320 749 3552 819 μεγάλα.
3578 750 3670 804 Διὸ
3703 753 3822 806 καὶ

2219 834 2453 906 ἀλλαχοῦ
2489 837 2697 907 ἔλεγεν,
2730 840 2794 895 Ἠ
2839 839 2950 909 ¹μὰρ
2978 840 3236 911 δύναμίς
3276 860 3395 911 μου
3425 844 3495 896 ἐν
3516 844 3821 914 ἀσθενείᾳ

2218 930 2568 986 τελειοῦται.
2602 934 2714 986 Καὶ
2742 935 2801 987 ὲν
2831 936 2898 1005 τῇ
2934 934 3148 1003 Παλαιᾷ
3187 934 3244 989 δέ
3270 935 3359 988 διά
3405 934 3684 990 κωνώπων
3708 939 3821 991 καὶ

2224 1023 2397 1093 μυιῶν
2442 1024 2715 1096 ὁλόκληρα
2762 1027 3106 1098 στρατόπεδα
3156 1028 3452 1100 βαρϐάρων
3503 1030 3818 1100 ἐτροποῦτο

2223 1114 2325 1186 (διὸ
2348 1117 2442 1171 καὶ
2476 1119 2724 1191 μεγάλην
2746 1118 2977 1191 δύναμιν
3002 1119 3167 1173 αὐτοῦ
3194 1121 3294 1191 τὴν
3318 1121 3544 1192 κάμττην
3568 1122 3813 1195 ἐκάλει),

2221 1209 2317 1262 καὶ
2362 1211 2419 1263 ἐν
2472 1211 2615 1282 ἀρχῇ
2670 1210 2916 1281 γλώττας
2958 1214 3208 1283 συγχέων
3266 1214 3450 1285 μόνον,
3501 1213 3592 1268 τὸν
3627 1216 3813 1285 μέγαν

2222 1301 2431 1373 πύργον
2458 1303 2665 1356 ἐκεῖνον
2695 1303 2785 1356 τὸν
2809 1305 2865 1356 ἐν
2888 1303 3169 1358 Βαϐυλῶνι
3188 1305 3442 1360 κατέλυε.
3469 1305 3578 1360 Kal
3607 1308 3664 1359 ἐν
3689 1308 3813 1369 τοῖς

2222 1392 2481 1463 πολέμοις
2506 1393 2562 1447 δὲ
2591 1392 2685 1446 νῦν
2716 1394 2815 1464 μὲν
2854 1394 2944 1448 διά
2981 1396 3315 1466 τριακοσίων
3348 1398 3547 1468 ἄπειρα
3576 1397 3814 1469 στρατό-

2224 1485 2362 1538 πεδα
2386 1484 2578 1556 ἤλασε,
2608 1485 2703 1538 νῦν
2741 1486 2799 1540 δέ
2841 1486 2930 1539 διὰ
2977 1488 3295 1556 σαλπίγγων
3327 1488 3510 1551 πόλεις
3542 1489 3765 1543 καθεῖλε
3791 1506 3809 1523 ·

2226 1577 2367 1648 μετά
2397 1578 2453 1632 δὲ
2476 1579 2650 1633 ταῦτα
2672 1580 2760 1633 διά
2792 1580 3007 1634 παιδίου
3055 1580 3258 1652 μικροῦ
3299 1581 3394 1635 καὶ
3426 1579 3679 1644 εὐτελοῦς
3705 1579 3813 1634 τοῦ

2223 1667 2408 1731 Δαυῖδ,
2453 1668 2671 1723 ἃπασαν
2714 1669 2824 1723 τῶν
2852 1669 3146 1742 βαρϐάρων
3184 1671 3284 1741 τὴν
3315 1669 3622 1742 παράταξιν
3651 1670 3814 1738 ἐτρο-

2226 1755 2467 1812 πώσατο.
2519 1759 2676 1812 Οὕτω
2711 1758 2776 1831 δὴ
2808 1761 2901 1813 καὶ
2932 1760 3168 1814 ἐνταῦθα
3199 1759 3409 1813 δώδεκα
3443 1760 3638 1828 μόνους
3665 1759 3816 1812 ἀπο-

2226 1846 2460 1912 στείλας,
2494 1847 2592 1916 τῆς
2642 1849 2968 1920 οἰκουμένης
3002 1850 3368 1920 περιεγένετο,
3416 1848 3646 1912 δώδεκα,
3708 1849 3814 1902 καὶ

2223 1938 2451 2004 τούτους
2500 1941 2914 2012 ἐλαυνομένους,
2971 1940 3437 2013 πολεμουμένους.
3483 1938 3814 2009 Ἐκπλαγῶ-

2229 2046 2327 2100 μεν
2358 2026 2453 2083 οῦν
2483 2030 2577 2084 τοῦ
2613 2030 2751 2084 Θεοῦ
2790 2029 2890 2102 τὴν
2917 2030 3170 2101 δύναμιν,
3205 2030 3602 2101 θαυμάσωμεν.
3632 2046 3815 2101 προσ-

2226 2123 2583 2193 κυνήσωμεν·
2639 2124 3008 2195 ἐρωτήσωμεν
3063 2124 3386 2189 Ἰουδαίους,
3435 2122 3815 2194 ὲρωτήσωμεν

2227 2213 2519 2284 Ἕλληνας,
2554 2214 2637 2279 τίς
2693 2214 2876 2269 ἔπεισε
2907 2214 3006 2286 τὴν
3049 2215 3376 2287 οἰκουμένην
3410 2214 3630 2268 ἅπασαν
3666 2215 3812 2268 ἀπο-

2229 2305 2426 2376 στῆναι
2451 2305 2562 2358 τῶν
2594 2306 2841 2375 πατρίων
2868 2305 3027 2371 ἐθῶν,
3057 2306 3153 2359 καὶ
3180 2306 3317 2376 πρὸς
3347 2304 3543 2376 ἑτέραν
3572 2304 3816 2375 μετατάν

2229 2397 2425 2462 ξασθαι
2457 2398 2769 2464 πολιτείαν;
2804 2399 2833 2451 ὁ
2885 2398 3088 2462 ἁλιεὺς,
3131 2398 3164 2469 ἢ
3197 2400 3226 2451 ό
3277 2398 3627 2468 σκηνοποιός;
3658 2399 3687 2451 ό
3717 2415 3779 2450 τε

2228 2490 2427 2562 λώνης,
2450 2492 2527 2564 ἢὸ
2550 2492 2917 2564 ἀγράμματος
2938 2492 3033 2545 καὶ
3062 2490 3305 2560 ἰδιώτης;
3335 2491 3447 2545 Kal
3461 2490 3579 2554 πῶς
3606 2490 3670 2544 ἂν
3691 2488 3814 2558 εχοι

2229 2583 2405 2639 ταῦτα
2432 2583 2613 2654 λόγον,
2641 2586 2691 2638 εἰ
2725 2584 2800 2657 μὴ
2835 2583 2956 2638 θεία
2984 2583 3216 2654 δύναμις
3245 2579 3316 2653 ἦν
3340 2585 3373 2654 ἡ
3400 2583 3579 2636 πάντα
3610 2597 3813 2651 κατορ-

2231 2676 2403 2732 θοῦσα
2436 2677 2504 2732 δι’
2535 2678 2759 2733 ἐκείνων
2784 2696 2800 2745 ;
2832 2678 2897 2730 Τί
2928 2677 2983 2730 δὲ
3014 2677 3109 2730 καὶ
3131 2676 3383 2745 λέγοντες
3420 2675 3638 2729 ἔπειθον
3662 2675 3811 2726 ἐκεῖ·

2230 2787 2347 2835 νοι;
2383 2769 2730 2840 Βαπτίσθητε
2774 2770 2832 2822 ἐν
2875 2768 2955 2839 τῷ
2997 2767 3225 2835 ὀνόματι
3253 2766 3348 2820 τοῦ
3380 2764 3809 2836 σταυρωθέντος.

2231 2862 2430 2931 Ποίου;
2469 2864 2565 2915 Ὃν
2608 2862 2709 2915 οὐκ
2756 2858 2915 2922 εἶδον,
2951 2860 3072 2913 οὐδὲ
3114 2858 3425 2914 ἐθεάσαντο.
3472 2856 3614 2909 Ἀλλ’
3659 2856 3812 2924 ὅμως

2230 2952 2403 3007 ταῦτα
2428 2953 2679 3021 λέγοντες
2703 2952 2798 3007 καί
2830 2952 3216 3024 κηρύττοντες,
3248 2949 3489 3014 ἔπειθον,
3523 2948 3603 3001 ὅτι
3632 2948 3682 3000 οἰ
3710 2945 3813 3015 μὲν

2236 3044 2627 3115 μαντευόμενοι
2654 3042 2750 3095 καὶ
2775 3044 2840 3094 ἐκ
2871 3041 3155 3111 προγόνων
3178 3040 3361 3103 αὐτοῖς
3393 3036 3813 3110 παραδοθέντες,

2233 3137 2334 3189 οὐκ
2373 3135 2481 3189 εἰσί
2538 3133 2675 3199 θεοὶ,
2720 3135 2749 3186 ό
2795 3133 2857 3188 δέ
2905 3132 3304 3205 προσηλωθεὶς,
3346 3124 3504 3193 οὗτος
3553 3126 3808 3199 Χριστὸς,

2236 3228 2444 3292 πάντας
2471 3227 2772 3295 ἐφείλκετο.
2802 3225 2998 3281 Καίτοι
3024 3240 3089 3293 γε
3117 3225 3200 3276 ὅτι
3229 3225 3327 3294 μὲν
3354 3218 3675 3291 ἐσταυρώθη
3717 3218 3815 3274 καὶ

2234 3319 2433 3389 ἐτάφη,
2492 3318 2658 3372 παντί
2711 3334 2813 3370 που
2863 3317 3023 3386 δῆλον
3051 3310 3151 3385 ἦν’
3194 3315 3277 3368 ὅτι
3309 3314 3365 3367 δέ
3407 3302 3556 3384 [497]
3590 3311 3814 3387 ἀνέστη,

2237 3410 2413 3475 οὐδεὶς
2439 3409 2580 3479 πλὴν
2602 3407 2802 3478 ὀλίγων
2827 3403 2989 3461 εἶδεν.
3021 3404 3162 3460 Ἀλλ’
3183 3407 3334 3477 ὅμως
3369 3406 3461 3458 καὶ
3487 3404 3642 3457 τοῦτο
3668 3402 3815 3456 Επει-

2239 3518 2340 3555 σαν
2368 3501 2495 3565 τοὺς
2525 3501 2623 3571 οὐχ
2650 3499 2965 3571 ἑωρακότας
2988 3514 3001 3527 ·
3035 3497 3131 3550 καὶ
3163 3498 3261 3566 οὐχ
3290 3498 3373 3550 ὅτι
3398 3496 3596 3564 ἀνέστη
3633 3493 3817 3563 μόνον,

2237 3592 2354 3647 ἀλλ’
2377 3592 2458 3645 ὅτι
2489 3593 2585 3646 καὶ
2610 3592 2691 3655 εἰς
2720 3590 2985 3661 οὐρανοὺς
3010 3585 3229 3659 ἀνῆλθε,
3259 3587 3355 3640 καὶ
3384 3585 3602 3657 ἔρχεται
3634 3586 3815 3655 κρῖναι

2238 3684 2451 3751 ζῶντας
2484 3684 2579 3738 καὶ
2603 3681 2856 3755 νεκρούς.
2874 3670 2879 3675 ’

2310 3777 2483 3834 Πόθεν
2511 3772 2605 3830 οῦν
2629 3775 2690 3829 τὺ
2712 3772 2940 3828 πιθανὸν
2965 3774 3078 3836 τοῖς
3100 3770 3279 3840 λόγοις
3298 3769 3531 3833 τούτοις,
3556 3767 3676 3821 εἱπέ
3703 3782 3813 3837 μοις

2241 3868 2558 3941 Οὑδαμόθεν
2580 3865 2826 3929 ἄλλοθεν,
2852 3865 2967 3920 ἀλλ’
2991 3863 3099 3918 ἀπὸ
3121 3862 3220 3933 τῆς
3243 3861 3336 3914 τοῦ
3354 3858 3491 3912 Θεοῦ
3513 3858 3811 3928 δυνάμεως.

2241 3962 2356 4016 Kal
2380 3961 2490 4035 γάρ
2522 3958 2742 4030 πρῶτον
2772 3956 2911 4028 αὑτὴ
2941 3958 2974 4027 η
3006 3953 3328 4022 καινοτομία
3358 3952 3491 4004 πᾶσι
3528 3950 3818 4021 προσίστα.

2240 4071 2331 4109 τοο
2364 4055 2494 4108 ὅταν
2519 4070 2580 4106 τε
2602 4051 2696 4105 καὶ
2724 4047 2951 4105 τοιαῦτά
2970 4065 3055 4108 τις
3084 4046 3401 4114 καινοτομῇ,
3444 4041 3816 4113 χαλεπώτερον

2240 4144 2303 4198 τὸ
2351 4144 2587 4215 πρᾶγμα
2622 4140 2855 4209 γίνεται,
2901 4138 3030 4190 ὅταν
3057 4133 3410 4206 ἀναμοχλεύῃ
3435 4132 3669 4195 παλαιᾶς
3697 4147 3818 4183 συν-

2242 4236 2433 4307 ηθείας
2480 4232 2728 4305 θεμέλια,
2784 4232 2912 4285 ὅταν
2967 4231 3032 4282 ἐκ
3083 4226 3299 4297 βάθρων
3339 4226 3558 4295 ἀνασπᾷ
3600 4224 3814 4301 νόμους.

2245 4328 2389 4399 Πρὸς
2437 4327 2494 4381 δὲ
2551 4325 2762 4388 τούτοις
2795 4322 2917 4377 οὐδὲ
2961 4323 3011 4374 οί
3056 4322 3300 4392 κήρυκες
3339 4318 3648 4386 ἀξιόπιστοι
3684 4310 3816 4369 εἶναι

2245 4420 2490 4484 ἐδόκουν,
2513 4418 2648 4472 ἀλλά
2676 4416 2773 4471 καὶ
2800 4416 2986 4477 ἔθνους
3003 4412 3154 4482 παρὰ
3185 4413 3321 4466 πᾶσι
3353 4410 3731 4481 μεμισημένον
3766 4408 3815 4470 ι),

2245 4514 2343 4568 καὶ
2373 4512 2537 4569 δειλοὶ
2572 4510 2669 4563 καὶ
2705 4507 2956 4579 ἀμαθεῖς.
2990 4505 3162 4559 Πόθεν
3201 4498 3294 4557 οῦν
3327 4502 3704 4573 περιεγένοντο
3727 4498 3818 4569 τῆς

2246 4604 2608 4675 οἰκουμένηςς
2666 4601 2831 4655 πόθεν
2862 4601 3006 4670 ὑμᾶς
3039 4598 3135 4652 καὶ
3184 4597 3313 4660 τοὺς
3353 4596 3653 4665 ὑμετέρους
3686 4607 3816 4661 προ-

2246 4697 2440 4767 γόνους
2478 4696 2604 4758 τοὺς
2639 4692 2932 4752 δοκοῦντας
2982 4690 3318 4759 φιλοσοφεῖν,
3360 4686 3499 4756 μετά
3542 4683 3649 4736 τῶν
3682 4680 3811 4731 θεῶν

2250 4787 2433 4843 αὐτῶν
2464 4784 2757 4850 ἐξέϐαλον;
2792 4784 2893 4837 οὐκ
2922 4781 3144 4851 εὔδηλον
3172 4781 3255 4834 ὅτι
3286 4778 3391 4832 ἀπὸ
3432 4774 3524 4826 τοῦ
3557 4772 3644 4822 τὸν
3682 4767 3805 4819 Θεὸν

2248 4879 2394 4951 ἔχειν
2435 4876 2553 4949 μεθ’
2590 4875 2830 4942 ἐαυτῶν;
2873 4872 3007 4926 Ούδέ
3053 4871 3163 4941 γὰρ
3211 4870 3288 4921 ἔνι
3325 4877 3346 4905 ε
3383 4862 3554 4916 ταῦτα
3605 4856 3810 4951 ἀνθρωῗ

2250 4947 2414 5042 πίνης
2439 4947 2725 5039 δυνάμεως
2756 4963 3185 5036 κατορθώματα,
3218 4956 3349 5011 ἀλλά
3376 4953 3527 5015 οείας
3554 4950 3699 5042 τινδς
3724 4947 3814 5042 καὶ

2251 5038 2593 5133 ἀπορρήτου.
2625 5057 2782 5129 Οὐχὶ,
2807 5056 2995 5126 φησὶν,
3022 5051 3154 5109 ἀλλὰ
3184 5045 3467 5117 γοητικῆς.
3497 5038 3707 5096 Οὐκοῦν

2254 5154 2486 5228 ξηθῆναι
2515 5152 2623 5206 ἔδει
2653 5151 2752 5222 τὴν
2795 5149 2903 5203 τῶν
2934 5148 3205 5228 δαιμόνων
3228 5140 3423 5211 ἀρχὴν,
3450 5138 3547 5191 καὶ
3570 5132 3823 5201 ἐπιταθῆ-

2251 5226 2339 5303 ναι
2368 5248 2469 5320 τὴν
2498 5247 2606 5301 τῶν
2635 5246 2870 5300 εἰδώλων
2907 5226 3225 5314 θεραπείαν.
3251 5235 3376 5297 Πῶς
3407 5227 3501 5286 οὖν
3526 5228 3823 5320 καθῄρηται

2252 5342 2347 5395 καί
2393 5318 2710 5411 ἠφάνισται,
2760 5339 2858 5392 καὶ
2880 5338 2975 5391 ἀπ’
3019 5331 3275 5392 ἐναντίας
3327 5325 3559 5386 ἐκείνοις
3596 5318 3824 5411 τὰῗημέη

2252 5410 2425 5503 τερας
2458 5430 2625 5482 Ὥστε
2657 5425 2957 5482 κάντεῦθεν
2987 5422 3171 5493 δῆλον,
3206 5421 3289 5474 ὄτι
3335 5416 3431 5470 τοῦ
3479 5411 3612 5468 Θεοῦ
3657 5410 3825 5479 ψῆφος

2253 5501 2331 5592 ἦν
2365 5520 2433 5574 τά
2488 5521 2773 5591 γινόμενα,
2807 5519 2907 5569 οὐκ
2945 5515 3056 5568 ἀπὸ
3102 5513 3198 5565 τοῦ
3238 5507 3598 5580 κηρύγματος
3656 5501 3829 5571 μόνον,

2256 5612 2394 5668 ἀλλά
2425 5614 2520 5667 καὶ
2554 5610 2663 5665 ἀπὸ
2693 5609 2795 5679 τῆς
2825 5607 3106 5670 πολιτείας
3135 5604 3333 5675 αὐτῆς.
3366 5599 3507 5654 Πότε
3537 5594 3646 5667 γὰρ
3693 5607 3828 5665 παρ’

2323 5762 2350 5800 1³
2381 5757 2643 5823 ,ιοθείκζηαζ
2663 5757 2788 5811 ἔθνος
2895 5754 3217 5819 μεμισημένον

2328 5824 2350 5850 τ
2376 5820 2511 5881 Le'go
2539 5820 2638 5868 ἐστί
