4068 6416
324 441 435 501 £57

324 556 480 612 Unde
526 555 690 612 etiam
737 552 850 619 ait,
899 549 1013 606 Nos
1047 558 1218 607 autem
1259 566 1428 607 seruos
1472 562 1663 607 vestros
1708 561 1917 622 propter

321 648 605 704 Christum.
632 644 824 701 Viucn’
853 644 1093 699 animum
1121 642 1191 699 ab
1216 643 1363 698 omni
1389 643 1575 714 gloria:
1603 643 1783 700 studio
1810 658 1915 715 pu-

321 740 479 794 rum?
518 737 751 794 Tantum
783 737 959 802 abest,
992 734 1184 806 inquit,
1214 743 1273 789 ut
1300 751 1484 790 eorum
1507 776 1523 801 ,
1556 751 1675 806 quae
1702 735 1912 791 Domini

319 840 445 886 sum
466 871 481 894 .
509 831 799 901 quidquam
833 843 1184 898 usurpemtts,
1213 835 1272 881 ut
1300 826 1459 882 etiam
1490 828 1735 897 nosipsos
1763 826 1914 881 vobis

321 930 541 993 propter
570 936 694 976 eum
725 918 1100 988 subjiciamus.
1123 917 1176 974 6.
1204 918 1460 983 Quoniam
1488 918 1649 983 Deus,
1673 920 1760 989 qui
1783 918 1917 972 dixit

318 1015 382 1069 de
406 1011 623 1068 tenebris
650 1011 821 1065 lumen
852 1009 1224 1079 splendescere,
1255 1011 1369 1081 ipse
1393 1010 1566 1065 illuxit
1594 1011 1651 1064 in
1674 1010 1914 1065 cordibus

318 1110 514 1163 rostris.
568 1109 646 1162 En
689 1106 962 1179 quomodo
989 1122 1174 1162 rursus
1200 1107 1303 1174 iis,
1353 1108 1443 1178 qui
1484 1108 1735 1164 eximiam
1765 1109 1910 1163 illam

315 1201 578 1270 gloriam,
609 1199 774 1255 Mosis
799 1199 1083 1263 videlicet,
1114 1198 1299 1255 videre
1325 1201 1644 1271 cupiebant,
1678 1201 1912 1257 ostendit

316 1295 478 1348 etiam
508 1308 631 1347 cum
662 1291 1026 1347 additamento
1057 1291 1344 1363 fulgentem
1371 1294 1385 1347 l
1429 1292 1580 1349 Sicut
1615 1294 1667 1348 in
1705 1294 1910 1349 vultum

317 1386 501 1448 Musis,
535 1384 726 1454 inquit,
761 1383 832 1438 ita
860 1385 912 1437 in
938 1384 1101 1439 corda
1132 1394 1308 1440 vestra
1339 1384 1563 1441 effulsit.
1597 1386 1665 1441 Et
1693 1386 1908 1457 quidem

318 1478 468 1546 prius
501 1492 564 1532 ea
590 1518 605 1541 ,
639 1492 759 1547 qua:
804 1477 857 1531 in
902 1492 1080 1532 rerum
1110 1478 1449 1533 conditarum
1496 1480 1649 1535 initio
1678 1482 1907 1536 exstite-

316 1576 479 1631 runt,
538 1568 593 1622 in
645 1568 957 1622 memoriam
1007 1579 1266 1636 revocat,
1322 1570 1494 1626 lucem
1549 1571 1800 1626 nimirum
1852 1560 1906 1627 in

314 1676 532 1717 sensum
563 1659 843 1715 cadentem
911 1670 965 1716 et
1006 1663 1289 1729 tenebras;
1332 1664 1625 1719 ostendens
1655 1664 1756 1720 hoc
1785 1667 1907 1736 opi-

318 1754 491 1807 licium
551 1751 644 1805 illo
686 1752 1029 1821 praestantius
1059 1768 1201 1809 esse.
1250 1753 1448 1811 Verum
1494 1756 1707 1810 ubinam
1739 1756 1900 1823 dixit,

312 1844 390 1898 De
442 1842 655 1897 tenebris
710 1842 872 1896 lucem
928 1842 1334 1915 splendescere?
1384 1848 1442 1902 In
1514 1848 1779 1918 principio
1840 1864 1903 1902 ac

311 1949 490 1990 rerum
513 1933 852 1989 conditarum
882 1936 1223 2003 primordiis:
1251 1936 1489 1993 Tenebrae
1512 1939 1675 2005 enim,
1706 1940 1898 2010 inquit,

311 2035 455 2079 erant
484 2041 639 2080 super
668 2026 852 2097 faciem
882 2027 1071 2097 abyssi.
1105 2027 1174 2081 Et
1197 2026 1333 2083 dixit
1364 2029 1524 2096 Deus,
1554 2029 1675 2084 Fiat
1701 2032 1821 2095 lux,
1855 2040 1901 2084 et

309 2120 447 2187 facta
462 2127 535 2171 est
556 2117 644 2171 lux
660 2115 815 2187 (Gen.
839 2118 889 2171 l.
908 2116 966 2171 2.
987 2118 1062 2189 ὅ).
1081 2118 1186 2173 Sed
1208 2127 1333 2173 tunc
1350 2120 1563 2189 quidem
1583 2120 1735 2188 dixit,
1751 2119 1896 2189 Fiat,

309 2219 385 2275 et,
410 2208 629 2263 Factum
655 2218 765 2271 est;
797 2225 939 2264 nunc
965 2218 1144 2265 autem
1173 2226 1278 2267 non
1310 2211 1463 2276 dixit,
1485 2213 1578 2268 sed
1606 2215 1718 2284 ipse
1743 2215 1899 2271 nobis

308 2303 398 2355 lux
422 2300 592 2357 factus
609 2311 712 2357 est.
731 2301 992 2369 Quocirca
1014 2319 1110 2357 nec
1136 2318 1223 2358 res
1241 2306 1467 2361 scnsiles
1490 2306 1590 2363 bac
1608 2308 1725 2363 luce
1742 2308 1897 2364 allui-

303 2405 462 2465 gente
486 2397 773 2461 intuemur,
798 2397 892 2452 sed
918 2397 1080 2451 Deum
1106 2399 1276 2469 ipsum
1297 2416 1392 2469 per
1411 2399 1898 2460 Christum.Vides-

304 2505 370 2543 ne
401 2504 505 2558 quo
539 2497 692 2556 pacto
715 2489 849 2543 nihil
882 2491 933 2542 in
962 2489 1226 2545 Trinitate
1252 2491 1318 2544 sit
1343 2490 1656 2548 diversum?
1676 2494 1808 2551 Nam
1827 2496 1896 2552 de

299 2582 500 2650 Spiritu
533 2581 696 2646 dicit,
734 2581 847 2636 Nos
876 2592 1045 2637 autem
1074 2600 1248 2638 omnes
1276 2585 1494 2640 revelata
1520 2588 1652 2657 {acie
1676 2589 1896 2659 gloriam

300 2671 511 2725 Domini
542 2676 879 2743 speculantes,
908 2675 960 2727 in
992 2675 1220 2729 eamdem
1246 2676 1523 2747 imaginem
1549 2684 1892 2750 transforma-

300 2781 417 2816 mur
445 2780 478 2816 a
519 2766 682 2835 gloria
712 2766 764 2819 in
791 2766 1011 2836 gloriam
1032 2808 1047 2832 ,
1078 2776 1335 2837 tamquam
1365 2785 1398 2823 a
1430 2768 1649 2824 Domino
1689 2771 1894 2843 Spiritu

298 2855 391 2926 (2.
420 2855 538 2910 Cor.
568 2857 622 2911 5.
652 2858 783 2927 18);
816 2857 882 2911 de
917 2857 1056 2913 Filio
1076 2900 1091 2924 ,
1125 2857 1193 2914 Ut
1223 2876 1324 2914 non
1350 2862 1543 2932 fulgeat
1568 2861 1671 2917 illis
1698 2864 1892 2919 illumi-

299 2950 439 3002 ralio
468 2950 715 3019 evangelii
741 2952 921 3035 glgria’
963 2951 1190 3020 Christi,
1221 2955 1310 3021 qui
1338 2964 1410 3009 est
1448 2957 1617 3027 imago
1649 2957 1782 3024 Dei;
1823 2960 1890 3015 de

295 3039 454 3095 Patre
500 3041 751 3112 denique,
787 3041 885 3108 Qui
916 3043 1043 3098 dixit
1092 3043 1156 3098 de
1197 3045 1411 3099 tenebris
1465 3047 1628 3101 lucem
1656 3050 1891 3119 splende-

293 3146 453 3197 scere,
483 3132 594 3201 ipse
618 3131 787 3187 illuxit
814 3134 866 3186 in
895 3134 1133 3188 cordibus
1164 3137 1339 3190 vestris
1364 3137 1433 3189 ad
1463 3137 1888 3195 illuminationem

292 3224 518 3277 scientia:
546 3224 793 3281 claritatis
820 3225 916 3281 Dei
946 3227 999 3281 in
1029 3231 1162 3299 facie
1189 3226 1399 3285 Christi.
1424 3230 1884 3297 Quemadmodum

291 3317 436 3371 enim
464 3333 585 3373 cum
617 3319 859 3383 dixisset,
895 3319 1163 3392 Evangelii
1195 3323 1375 3393 gloriae
1400 3323 1611 3394 Christi,
1634 3327 1883 3397 subjecit,

295 3408 396 3474 Qui
429 3419 504 3464 est
544 3412 714 3483 imago
746 3407 861 3478 Dei,
896 3413 978 3468 bis
1006 3414 1182 3469 verbis
1210 3415 1453 3475 indicans
1474 3434 1567 3473 eos
1590 3419 1729 3474 illius
1752 3436 1887 3493 quo-

287 3516 394 3572 que
435 3502 606 3572 gloria
636 3504 855 3558 orbatos
882 3519 1041 3559 esse:
1087 3507 1158 3561 ita
1204 3522 1325 3562 cum
1357 3508 1614 3577 dixisset,
1648 3511 1887 3568 Scientim

289 3592 387 3647 Dei
411 3636 426 3659 ,
457 3595 691 3664 adjecit,
732 3593 799 3649 In
832 3597 967 3667 facie
993 3596 1221 3665 Christi,
1266 3610 1324 3654 ut
1362 3602 1609 3657 ostendat
1648 3619 1747 3658 nos
1792 3621 1886 3674 per

290 3685 563 3740 Christum
592 3687 657 3738 ad
690 3685 861 3741 Patris
888 3690 1245 3759 cognitionem
1285 3694 1593 3760 pervenire,
1637 3704 1693 3748 ut
1720 3696 1881 3750 etiam

296 3791 393 3845 per
421 3775 679 3846 Spiritum
715 3777 779 3831 ad
812 3793 932 3833 eum
964 3779 1299 3835 adducimur.
1347 3782 1399 3836 7.
1435 3782 1692 3838 Habemus
1716 3795 1884 3840 autent

292 3870 446 3922 istum
477 3869 769 3923 thesaurum
801 3872 854 3924 in
894 3873 1025 3927 vasis
1069 3873 1310 3942 ﬁctilibus
1349 3890 1367 3928 :
1413 3884 1467 3930 ut
1493 3875 1775 3933 sublimitas
1818 3881 1885 3935 sit

291 3962 493 4015 virtutis
534 3961 666 4027 Dei,
697 3971 743 4017 et
775 3980 876 4017 non
916 3980 979 4018 ex
1013 3965 1176 4019 nobis.
1220 3966 1481 4031 Quoniam
1509 3967 1652 4021 enim
1684 3969 1751 4024 de
1790 3985 1881 4023 ar-

290 4070 421 4109 cana
461 4054 547 4109 illa
591 4056 763 4126 gloria
805 4057 971 4111 multa
1017 4066 1073 4113 et
1111 4061 1289 4129 ampla
1329 4060 1491 4115 verba
1522 4059 1765 4130 fecerat,
1814 4080 1881 4119 ne

288 4148 408 4215 quis
437 4146 680 4203 diceret:
722 4147 823 4215 Qui
855 4148 913 4203 fit
947 4150 1125 4220 igitur,
1156 4159 1214 4206 ut
1244 4161 1441 4206 tantam
1473 4152 1702 4223 gloriam
1744 4170 1879 4209 con-

288 4239 525 4309 sequuti,
558 4239 613 4293 in
643 4240 856 4295 mortali
882 4256 1108 4311 corpore
1148 4245 1500 4300 maneamus?
1538 4244 1653 4299 Hoc
1683 4248 1877 4316 ipsum,

288 4330 483 4398 inquit,
527 4337 612 4384 est
648 4344 992 4401 summopere
1041 4334 1341 4390 mirandum
1366 4376 1382 4399 ,
1426 4352 1490 4393 ac
1520 4338 1879 4395 luculentissi-

290 4437 439 4475 mnm
496 4422 692 4476 divina:
750 4426 1006 4494 potentia:
1057 4439 1473 4498 argumentum,
1519 4431 1663 4502 quod
1718 4435 1880 4492 fictile

288 4511 562 4567 vasculum
616 4522 818 4568 tantum
858 4517 1197 4587 splendorem
1231 4519 1371 4576 ferre
1413 4536 1476 4576 ac
1517 4530 1721 4579 tantum
1764 4525 1882 4581 tlte.

286 4617 504 4658 saurum
525 4604 662 4658 tueri
680 4608 929 4673 potuerit.
947 4606 1108 4680 Cujus
1126 4611 1286 4665 etiam
1306 4611 1382 4667 rei
1395 4611 1750 4670 admiratione
1764 4615 1879 4687 ipse

285 4704 590 4752 commotus
618 4695 825 4753 dicebat
854 4716 866 4752 :
914 4698 982 4754 Ut
1027 4699 1310 4757 sublimitas
1335 4704 1400 4757 sit
1428 4704 1628 4759 virtutis
1661 4705 1789 4776 Dei,
1835 4718 1880 4762 et

283 4806 385 4843 non
418 4806 482 4844 ea:
520 4790 663 4845 nobis
686 4806 707 4855 ;
744 4790 829 4847 bis
853 4794 1031 4847 verbis
1056 4809 1150 4848 eos
1181 4810 1367 4850 rursus
1392 4795 1761 4863 subindicans,
1787 4799 1879 4869 qui

287 4887 340 4941 in
371 4887 563 4957 seipsis
593 4887 982 4958 gloriabantur.
1006 4888 1137 4943 Nam
1166 4897 1221 4945 et
1248 4890 1512 4944 donorum
1545 4893 1875 4962 magnitudo,

287 4987 342 5034 et
369 4993 553 5034 eorum
584 4981 674 5051 qui
715 4980 802 5035 bis
841 4979 1019 5036 allecti
1062 4991 1188 5037 sunt
1218 4983 1592 5051 imbecillitas,
1639 4986 1743 5040 vim
1786 4986 1878 5041 Dei

292 5070 707 5138 demonstrant,
756 5088 864 5126 non
905 5073 1067 5128 modo
1094 5077 1219 5145 quia
1254 5090 1443 5144 magna
1491 5076 1716 5148 largitus
1756 5088 1877 5145 cst,

288 5161 383 5217 sed
412 5162 534 5231 quia
565 5164 745 5233 parvis
772 5175 826 5220 et
866 5165 1128 5235 abiectis:
1175 5166 1338 5222 fictile
1369 5169 1563 5238 quippe
1603 5170 1775 5238 dixit,
1825 5181 1881 5225 ut

289 5256 538 5309 humanae
556 5258 770 5312 natura;
798 5256 1143 5330 fragilitatem
1196 5259 1524 5331 significaret
1542 5302 1557 5327 ,
1594 5263 1881 5335 carnisque

286 5357 487 5403 nostra:
537 5346 957 5406 imbecillitatem
1006 5353 1350 5422 conspicuam
1400 5351 1673 5408 redderet.
1715 5353 1878 5409 Testa

287 5456 523 5512 namque
552 5442 725 5500 nihilo
751 5444 947 5500 melius
973 5444 1063 5501 illa
1089 5461 1149 5501 se
1176 5446 1372 5509 habet;
1405 5444 1543 5500 adeo
1568 5445 1880 5503 offensioni-

287 5534 389 5589 bus
416 5544 586 5605 patet,
613 5551 679 5592 ac
704 5548 905 5607 morte,
932 5539 1161 5607 morbis,
1192 5539 1309 5595 creli
1342 5540 1695 5610 intemperiis,
1717 5551 1880 5612 atque

287 5627 581 5685 innumeris
598 5630 719 5686 aliis
735 5630 892 5686 malis
915 5629 1069 5688 facile
1091 5632 1427 5689 dissolvitur.
1454 5632 1580 5687 litae
1605 5648 1770 5705 porro
1791 5635 1879 5689 di-

287 5719 443 5774 cebat
462 5762 478 5788 ,
508 5731 621 5776 tum
649 5731 709 5777 ut
731 5738 920 5780 eorum
946 5724 1303 5795 arrogantiam
1331 5727 1731 5796 comprimeret,
1766 5735 1876 5783 tum

286 5824 346 5868 ut
395 5816 527 5871 nihil
581 5834 759 5874 rerum
809 5828 1118 5875 nostrarum
1161 5821 1449 5878 humanum
1491 5838 1612 5880 esse
1654 5821 1878 5879 demon-

281 5917 496 5963 Strarct.
820 5915 825 5923 '

1361 434 1428 493 ΙΝ
1461 436 1681 494 EPIST.
1724 437 1764 493 ll
1825 435 1918 493 AD
1955 436 2113 495 COR.
2154 438 2387 496 DOMIL.
2429 437 2566 499 Vill.

3516 453 3619 510 158

2095 552 2153 608 ι.
2201 554 2334 610 Nam
2362 564 2471 611 tum
2496 557 2712 615 demum
2745 561 2839 617 Dei
2877 563 2957 619 vis
2986 566 3220 622 maxime
3244 567 3459 634 elucet,
3489 584 3614 625 cum

2026 658 2121 713 per
2146 645 2280 701 viles
2313 660 2367 702 et
2394 648 2637 720 abjectos
2665 652 2909 724 ingentes
2933 670 3023 712 res
3053 667 3249 728 patrat.
3278 662 3355 716 Ac
3385 664 3613 732 proinde

2022 734 2129 788 alio
2157 738 2318 791 etiam
2348 739 2467 795 loco
2490 742 2671 799 aiebat
2700 784 2715 811 ,
2758 743 2926 803 Virtus
2955 765 3067 804 mea
3090 750 3145 805 in
3171 752 3471 821 inﬁrmitate
3492 771 3613 826 per-

2020 827 2193 894 ﬁcitur
2222 827 2298 900 (2.
2329 829 2447 888 Cor.
2484 832 2573 889 12.
2606 833 2684 907 9).
2717 836 2774 891 In
2805 837 2981 895 Veteri
3010 856 3228 913 quoque
3254 843 3607 905 Testamento

2021 932 2120 987 per
2141 919 2343 977 culices
2369 933 2425 978 et
2448 939 2666 982 muscas
2697 937 2839 984 totos
2874 929 3228 989 barbarorum
3256 938 3526 994 exercitus
3555 941 3607 995 in

2019 1009 2195 1081 fugam
2222 1014 2459 1072 vertebat
2494 1017 2639 1089 (ideo
2667 1035 2886 1076 erucam
2917 1040 3165 1096 magnam
3196 1029 3305 1082 vim
3334 1044 3487 1085 suam
3509 1046 3608 1101 ap-

2017 1104 2252 1190 pellabat
2278 1105 2437 1180 [loel.
2466 1109 2746 1186 235]),
2794 1123 2849 1170 et
2889 1116 3018 1171 olim
3071 1118 3283 1190 linguas
3329 1120 3611 1179 dumtaxat

2017 1188 2397 1248 confundenda
2426 1236 2441 1259 ,
2476 1195 2746 1266 ingentem
2789 1199 2935 1255 illam
2981 1188 3169 1258 turrim
3224 1205 3607 1279 Babylonicum

2015 1279 2236 1337 delevit.
2286 1283 2343 1339 ln
2383 1285 2539 1342 hellis
2577 1288 2800 1361 insuper
2844 1309 2986 1349 nunc
3034 1311 3131 1366 per
3162 1305 3432 1356 trecentos
3460 1301 3607 1359 viros

2016 1372 2278 1430 infinitam
2307 1375 2542 1434 hostium
2570 1396 2788 1437 martum
2818 1385 3151 1457 profligabat,
3182 1404 3325 1447 nunc
3352 1392 3604 1451 tubarum

2014 1465 2268 1537 clangore
2299 1469 2465 1526 urbes
2489 1474 2788 1537 evertebat,
2822 1491 2887 1531 ac
2914 1487 3099 1547 postea
3131 1496 3229 1550 per
3261 1484 3513 1555 exiguum
3540 1500 3606 1542 ac

2018 1556 2179 1612 vilem
2203 1558 2605 1618 adolescentem
2633 1564 2886 1621 Davidem
2917 1569 3225 1626 universam
3253 1573 3602 1631 barbarorum

2011 1650 2179 1705 aciem
2204 1651 2256 1705 in
2287 1652 2466 1723 fugam
2488 1657 2698 1725 agebat.
2726 1658 2929 1715 Eodem
2958 1663 3140 1734 itaque
3160 1666 3323 1722 modo
3353 1667 3440 1724 hic
3468 1685 3603 1740 quo.

2011 1757 2115 1811 que
2160 1746 2339 1800 missis
2366 1747 2539 1803 solum
2582 1749 2869 1808 duodecim
2897 1755 3028 1811 viris
3057 1756 3125 1811 de
3159 1758 3293 1813 orbe
3319 1761 3598 1818 victoriam

2008 1837 2236 1907 adeptus
2261 1849 2363 1906 est,
2396 1841 2700 1910 duodecim,
2726 1845 2888 1916 idque
2908 1862 3029 1902 cum
3058 1850 3161 1917 ipsi
3193 1851 3386 1908 infesta
3416 1857 3597 1911 omnia

2010 1928 2293 1999 baberent,
2323 1948 2387 1987 ac
2415 1933 2557 1989 bello
2586 1936 2655 1991 ab
2690 1938 2939 1994 omnibus
2967 1953 3316 1997 vexarentur.
3348 1944 3440 2000 Dei
3472 1963 3602 2019 ergo

2007 2023 2300 2092 potentiam
2344 2025 2676 2083 admiremur
2702 2038 2757 2084 et
2783 2029 3071 2087 adoremus
3103 2050 3117 2087 :
3152 2033 3492 2093 sciscitemur
3531 2056 3600 2095 ex

2005 2114 2228 2180 Iud-mis,
2256 2117 2599 2174 sciscitemur
2624 2137 2688 2175 ex
2715 2122 3007 2192 gentilibus
3026 2164 3041 2190 ,
3075 2126 3323 2197 quisnam
3346 2130 3600 2186 universo

2004 2216 2271 2264 terrarum
2299 2211 2415 2266 orbi
2444 2214 2794 2283 persuaserit,
2829 2224 2887 2270 ut
2915 2231 2944 2269 a
2970 2219 3157 2288 patriis
3186 2219 3442 2278 institutis
3466 2223 3596 2280 abs-

2002 2300 2268 2369 cederet,
2298 2310 2459 2373 atque
2513 2304 2581 2358 ad
2630 2304 2857 2360 alteram
2903 2307 3114 2362 vivendi
3169 2311 3435 2367 rationem
3475 2327 3597 2370 sese

2001 2394 2274 2448 conferret
2298 2394 2321 2447 ?
2346 2395 2601 2464 piscator,
2633 2412 2700 2450 an
2732 2398 3087 2455 tentoriorum
3116 2399 3342 2458 effector
3365 2405 3390 2457 γ
3414 2406 3593 2476 publi-

2002 2499 2169 2540 canus
2194 2528 2210 2553 ,
2240 2502 2306 2541 an
2348 2488 2595 2543 indoctus
2620 2504 2685 2544 ac
2717 2489 2993 2546 literarum
3021 2495 3263 2563 expers?
3291 2496 3460 2563 Quam
3498 2513 3595 2553 an-

2002 2587 2109 2633 tem
2142 2580 2245 2635 hoc
2273 2582 2538 2637 rationem
2571 2582 2795 2639 haberet
2820 2626 2835 2651 ,
2877 2586 2980 2639 nisi
3014 2589 3091 2641 vis
3137 2588 3313 2645 divina
3355 2590 3588 2660 fuisset,

1998 2689 2119 2741 qua:
2151 2687 2245 2743 per
2272 2673 2391 2727 illos
2417 2674 2597 2729 omnia
2628 2675 2925 2732 conficeret
2951 2678 2976 2731 ?
3014 2678 3148 2734 Nam
3191 2681 3318 2750 quid
3350 2683 3591 2741 dicentes

1996 2765 2117 2832 illi,
2153 2766 2596 2834 persuadebunt?
2636 2768 2987 2839 Baptizemini
3016 2772 3071 2826 in
3104 2774 3321 2829 nomine
3348 2776 3589 2833 crucifixi

1997 2854 2153 2925 (Act.
2182 2854 2236 2909 2.
2266 2854 2392 2931 58).
2421 2857 2585 2928 Cujus
2631 2860 2887 2916 tandem?
2913 2861 3084 2930 Quem
3116 2880 3405 2935 numquam
3434 2868 3588 2925 vide-

1994 2955 2135 3001 rant.
2184 2949 2250 3003 Et
2282 2957 2464 3005 tamen
2490 2965 2611 3005 cum
2646 2950 2759 3007 haec
2797 2951 3041 3009 dicerent
3084 2971 3149 3010 ac
3185 2957 3542 3027 prmdicarent
3568 3002 3587 3027 ,

1994 3040 2329 3098 auditoribus
2376 3043 2771 3113 persuadebunt
2796 3084 2811 3111 ,
2850 3060 2946 3101 eos
2992 3049 3082 3117 qui
3113 3049 3542 3107 vaticinabantur
3570 3094 3586 3117 ,

1994 3142 2157 3204 atque
2181 3149 2210 3187 a
2235 3134 2533 3205 majoribus
2562 3135 2741 3191 traditi
2767 3136 2898 3206 ipsis
2924 3148 3080 3193 erant
3104 3181 3120 3206 ,
3148 3139 3283 3197 deos
3304 3157 3409 3197 non
3442 3159 3587 3201 esse.

1993 3226 2242 3283 Christus
2269 3244 2396 3283 vero
2424 3228 2593 3284 clavis
2615 3229 2810 3286 affixus
2832 3246 3024 3287 omnes
3046 3233 3369 3289 attrabebat.
3401 3236 3584 3306 Atqui,

1994 3320 2138 3392 quod
2172 3321 2222 3374 in
2253 3335 2471 3377 crucem
2511 3321 2755 3378 sublatus
2797 3336 2861 3378 ac
2902 3323 3146 3394 sepultus
3175 3326 3361 3381 fuisset
3394 3368 3409 3393 ,
3444 3330 3585 3398 apud

1992 3427 2184 3467 omnes
2210 3412 2531 3479 constabat;
2560 3412 2703 3481 quod
2732 3423 2912 3468 autem
2964 3417 3346 3472 resurrexisset
3379 3460 3394 3483 ,
3428 3421 3583 3487 pauci

1991 3504 2214 3558 omnino
2242 3504 2505 3559 viderant.
2537 3502 2718 3559 Nihilo
2745 3505 2925 3560 secius
2955 3512 3131 3561 tamen
3164 3505 3266 3562 hoc
3294 3508 3464 3578 ipsum
3494 3510 3582 3580 iis,

1990 3595 2082 3666 qui
2115 3611 2225 3650 non
2263 3596 2509 3651 viderant
2539 3637 2555 3663 ,
2584 3606 2973 3666 persuaserunt
3003 3613 3142 3653 :nec
3163 3599 3213 3654 id
3237 3601 3409 3656 solum
3436 3645 3451 3668 ,
3485 3604 3582 3659 sed

1950 3702 1955 3705 '
1989 3688 2174 3754 etiam,
2197 3687 2344 3758 quod
2372 3687 2424 3741 in
2452 3687 2616 3741 caelos
2645 3687 3000 3755 ascendisset,
3030 3698 3192 3760 atque
3221 3690 3289 3746 ad
3313 3691 3578 3761 judicium

1990 3778 2058 3832 de
2087 3778 2225 3833 vivis
2249 3793 2312 3832 ac
2338 3777 2566 3833 mortuis
2596 3778 2877 3833 ferendum
2911 3789 3170 3836 venturus
3194 3792 3359 3841 esset.

2062 3869 2295 3936 Apostoli
2312 3868 2565 3939 quomodo
2588 3870 2758 3924 orbem
2783 3871 3106 3942 subegerunt.
3128 3902 3200 3912 —
3220 3872 3376 3930 Unde
3392 3875 3575 3945 igitur,

1987 3976 2214 4031 (μείρεο,
2248 3962 2611 4033 persuadendi
2662 3963 2743 4017 vis
2797 3962 2850 4016 in
2906 3963 2990 4018 bis
3042 3966 3578 4026 sermonibus?Non

1988 4053 2206 4108 aliunde
2232 4097 2248 4120 ,
2275 4069 2435 4125 quam
2458 4072 2486 4107 a
2518 4055 2611 4109 Dei
2646 4056 2904 4126 potentia.
2934 4057 3169 4112 Primum
3192 4061 3336 4115 enim
3369 4063 3589 4119 novitas

1989 4147 2102 4216 ipsa
2139 4147 2379 4202 omnium
2409 4147 2618 4201 animos
2645 4146 2955 4203 offendebat
2992 4168 3006 4202 :
3035 4164 3156 4204 cum
3187 4162 3367 4207 autem
3393 4153 3444 4209 in
3477 4154 3578 4210 bu-

1950 4286 1951 4289 η
1981 4237 2216 4307 jusmodi
2250 4236 2411 4293 rebus
2432 4238 2699 4308 quispiam
2732 4239 2969 4303 innovat,
2989 4247 3116 4296 tunc
3141 4243 3358 4312 gravior
3384 4260 3472 4300 res
3491 4245 3571 4302 ef.

1987 4329 2183 4396 ficitur,
2199 4338 2257 4382 ut
2280 4343 2402 4383 cum
2422 4330 2722 4399 priscorum
2742 4328 2939 4383 rituum
2954 4328 3300 4387 fundamenta
3320 4333 3568 4406 effringit.

1983 4437 2051 4477 ac
2078 4422 2223 4492 leges
2249 4420 2505 4476 radicitus
2530 4421 2733 4477 evellit.
2772 4420 2887 4478 Huc
2912 4424 3119 4479 accedit
3144 4467 3159 4489 ,
3189 4427 3331 4497 quod
3360 4443 3560 4498 prazco-

1985 4530 2082 4570 nes
2107 4530 2213 4571 non
2240 4513 2345 4569 fide
2373 4513 2518 4586 digni
2549 4514 2881 4571 viderentur.
2929 4513 3062 4571 Nam
3095 4525 3149 4571 et
3177 4533 3241 4572 ex
3266 4534 3326 4572 ea
3358 4519 3575 4575 natione

1987 4617 2143 4662 erant
2175 4648 2190 4672 ,
2219 4622 2337 4678 quae
2360 4606 2615 4662 omnibus
2639 4606 2826 4662 odiosa
2857 4617 3000 4663 esset
3029 4648 3045 4674 ,
3085 4618 3140 4663 et
3171 4608 3273 4679 ipsi
3307 4611 3477 4666 timidi
3513 4627 3576 4669 ac

1985 4700 2248 4756 doctrinae
2273 4708 2524 4770 expertes
2551 4709 2724 4755 erant.
2757 4698 2909 4756 Unde
2939 4700 3099 4771 igitur
3123 4701 3309 4756 orbem
3342 4702 3572 4775 subege-

1985 4792 2155 4846 runt?
2206 4790 2346 4846 unde
2372 4805 2468 4846 vos
2495 4800 2550 4845 et
2579 4791 2814 4862 majores
2839 4800 3049 4847 vestros
3078 4834 3092 4857 ,
3136 4792 3226 4863 qui
3269 4793 3574 4865 philosophi

1984 4881 2325 4950 videbantur,
2354 4891 2515 4954 atque
2541 4882 2675 4937 deos
2697 4883 2843 4953 ipsos
2868 4882 3179 4954 ejecerunt?
3205 4900 3383 4941 annon
3411 4886 3578 4957 liquet

1990 4975 2110 5030 illos
2141 4975 2309 5031 Deum
2353 4990 2536 5031 secum
2566 4974 2863 5032 habuisse?
2889 4975 3076 5048 Neque
3114 4978 3260 5032 enim
3290 4986 3397 5033 tam
3440 4993 3581 5049 prte-

1986 5072 2131 5128 clara
2156 5070 2394 5126 facinora
2420 5071 2474 5125 in
2502 5071 2789 5126 humanam
2816 5071 3115 5141 potentiam
3139 5071 3361 5137 cadunt,
3395 5071 3489 5129 sed
3521 5073 3576 5129 iu

1986 5164 2224 5219 divinam
2251 5161 2539 5234 quamdam
2570 5171 2625 5218 et
2653 5161 2994 5218 ineffabilem.
3033 5162 3249 5218 illinimc
3281 5179 3407 5219 vero
3444 5205 3461 5231 ,
3494 5163 3577 5219 in-

1987 5257 2177 5329 quiunt
2208 5257 2293 5311 isti
2322 5274 2337 5321 ;
2369 5255 2462 5311 sed
2488 5255 2773 5327 praestigiis
2801 5255 2881 5310 usi
2911 5266 3056 5310 sunt.
3097 5255 3239 5326 Ergo
3265 5256 3573 5312 dico-onum

1989 5352 2272 5421 imperium
2303 5350 2487 5421 augeri
2514 5350 2800 5420 oportebat
2828 5390 2843 5415 ,
2873 5359 3032 5420 atque
3074 5349 3339 5405 idolorum
3372 5349 3575 5405 cultum

1987 5443 2325 5514 amplificari.
2359 5443 2459 5511 Qui
2489 5442 2651 5513 igitur
2674 5440 2871 5496 factum
2899 5450 3004 5507 est,
3038 5451 3091 5496 ut
3124 5457 3186 5496 ea
3218 5440 3394 5498 deleta
3415 5450 3578 5513 atque

1985 5536 2251 5592 exstincta
2277 5533 2386 5589 sint
2416 5574 2432 5600 ,
2465 5543 2521 5589 et
2548 5549 2616 5589 ex
2650 5532 2924 5589 contrario
2972 5542 3152 5587 nostra
3187 5532 3526 5589 el'ﬂorescant
3555 5532 3582 5585 ι’

1987 5630 2166 5699 Quare
2191 5627 2317 5684 hinc
2339 5641 2555 5699 quoque
2580 5625 2751 5698 liquet
2775 5668 2791 5694 ,
2822 5625 2916 5682 Dei
2943 5625 3150 5681 calculo
3177 5624 3294 5681 hrec
3321 5622 3581 5692 contigis-

1988 5736 2049 5778 se
2076 5740 2092 5776 :
2123 5736 2298 5793 neque
2322 5735 2353 5775 a
2374 5719 2756 5791 praedicatione
2780 5728 3006 5785 tantum,
3026 5717 3121 5774 sed
3142 5716 3211 5772 ab
3231 5716 3342 5787 ipsa
3365 5728 3580 5786 quoque

1990 5815 2113 5869 vitae
2139 5813 2365 5869 ratione.
2397 5810 2624 5880 Quando
2665 5810 2811 5867 enim
2859 5818 3004 5866 tanta
3058 5808 3335 5879 virginitas
3377 5806 3578 5880 passim

1995 5918 2107 5964 toto
2132 5908 2267 5963 orbe
2295 5906 2500 5962 consita
2528 5907 2651 5962 est?
2677 5904 2891 5975 quando
2920 5921 3016 5976 par
3041 5920 3227 5976 opum,
3247 5904 3391 5974 vitm,
3423 5912 3581 5974 atque
