2034 3213
228 215 282 257 δώ

229 285 342 314 illioram
358 285 477 312 omnium
492 289 581 310 rerum
596 285 765 315 contemptus
782 279 794 306 Ἰ
816 277 881 305 Nam
897 277 1022 310 ﬂagitiosi

230 329 262 360 ite
274 331 482 367 prmstigiatorcs
492 327 559 355 nihil
571 326 702 361 ejusmodi
718 324 855 352 eﬁ‘ecerint
869 343 876 355 ,
893 322 940 349 sed
952 329 1018 348 con-

231 374 314 406 iraria
327 377 415 404 omnia
430 383 438 402 :
452 380 480 402 at
492 374 519 401 hi
534 373 680 409 angelicam
693 372 752 398 vitm
764 371 893 398 rationem
905 369 982 395 nobis
994 372 1022 395 et

233 426 258 452 in
275 422 366 451 nostra
387 426 414 450 et
435 423 460 449 in
484 421 596 448 barbara
622 419 731 454 regione
753 422 833 452 atque
854 417 879 442 in
894 415 1022 442 extremis

233 466 311 497 terra:
336 467 488 496 recessibus
507 474 560 494 non
584 465 664 492 modo
687 464 858 495 docuerunt,
879 461 926 489 sed
941 461 1021 488 etiam

231 515 411 550 perfecerunt.
424 512 503 541 Unde
518 511 687 547 perspicuum
698 514 750 542 est,
760 508 859 536 Christi
874 508 926 534 vim
940 506 1023 533 fuisse

232 569 291 596 qua:
306 560 357 588 hoc
370 564 454 587 totum
469 558 567 593 ubique
583 557 677 585 fecerit
688 577 696 589 ,
710 556 762 582 vim
776 575 784 588 ,
800 554 908 588 inquam
923 564 930 585 ί
950 553 1022 580 illam

233 607 330 641 ubique
344 606 476 632 lucentem
488 611 519 631 ac
533 603 637 637 fulgure
648 602 743 637 quovis
755 601 871 628 celerius
885 599 1022 626 hominum

574 212 602 252 is.
622 211 763 252 imbuis
781 218 1019 249 cunvsosrom
1041 217 1201 247 AltClllEP.
1222 208 1492 247 CUNSTAN'IINOP.

1816 215 1873 249 too

1077 281 1181 304 mentes
1203 275 1392 303 illustrantem.
1410 276 1473 303 Haec
1490 275 1572 312 igitur
1585 276 1676 304 omnia
1692 278 1841 312 cogitantes
1859 298 1868 311 ,

1075 327 1155 356 atque
1169 326 1290 356 apertum
1304 321 1491 356 promissionis
1513 320 1662 349 futurorum
1679 322 1809 350 bonorum
1824 319 1871 350 ar?-

1075 372 1230 402 gumcntum
1243 374 1274 394 ex
1291 367 1323 394 iis
1334 374 1394 401 quze
1409 365 1477 394 facta
1493 371 1556 394 sunt
1569 366 1706 401 capientes
1716 389 1723 400 .
1738 368 1869 396 invictam

1076 415 1148 442 illam
1168 414 1294 443 Crucilixi
1316 415 1462 450 potentiam
1487 415 1628 442 nobiscum
1648 415 1758 443 adorate
1775 424 1782 443 :
1799 419 1872 443 utet

1076 460 1259 488 intolerando:
1270 461 1404 487 cruciatus
1417 460 1560 495 etTugiatis,
1576 466 1603 487 et
1614 461 1808 495 sempiternum
1825 467 1872 487 τε)

1075 514 1157 540 gnum
1180 506 1362 540 assequamini
1377 514 1384 532 ε
1402 506 1473 540 quod
1493 506 1594 532 utinam
1617 506 1695 533 nobis
1712 506 1846 541 contingat
1858 525 1870 539 ,

1077 560 1124 587 per
1137 552 1250 587 gratiam
1262 557 1289 579 et
1304 551 1508 587 benignitatem,
1525 555 1576 579 etc.

909 670 1661 684 —___._.__—.————J-—————

929 742 1102 774 HOMlLIA
1126 741 1183 772 IX.

232 826 297 859 Cn.
307 831 334 858 ι.
344 837 372 857 v.
380 830 407 857 8.
415 819 427 855 Ῐ
432 836 447 854 n
456 826 571 854 omnibus
585 822 772 852 tribulationem
786 810 909 857 patimur,
918 820 962 847 sed
976 827 1027 846 non

269 872 449 912 angustidnmr
458 881 468 901 :
481 872 628 907 aporiamur
640 890 648 903 ,
669 869 712 897 sed
727 877 778 895 non
797 868 960 895 destituimur
974 874 984 894 :
996 867 1026 894 9.

271 919 490 956 persequutionem
515 917 635 952 patimur.
647 914 692 942 sed
712 922 763 941 non
780 913 989 948 derelinquimur.

275 1010 301 1035 l.
314 1008 341 1034 ln
356 1014 389 1035 eo
401 1005 489 1033 adhuc
509 995 666 1031 immoratur
680 1023 687 1035 ,
702 995 732 1029 ut
745 1001 869 1029 05tendat
883 1008 963 1028 omne
977 999 1028 1027 hoc

238 1052 374 1088 ln-gotium
389 1051 487 1079 divinae
504 1049 630 1085 potentim
645 1046 851 1075 adscribendum
874 1053 933 1083 esse
950 1055 956 1072 :
976 1053 1031 1080 quo

240 1097 332 1127 eoi-um
346 1096 527 1136 arrogantiam
548 1098 694 1126 coerceat,
710 1093 755 1127 qui
779 1093 805 1119 in
819 1092 916 1127 seipsis
931 1091 1031 1126 gloria-

238 1144 345 1172 hantur.
360 1136 419 1171 Non
433 1142 504 1170 enim
514 1162 522 1173 .
539 1140 643 1175 inquit,
662 1139 713 1166 hoc
727 1139 813 1166 solum
830 1137 951 1165 mirabile
964 1140 1005 1164 est
1022 1157 1029 1169 ,

239 1186 310 1225 ‘quod
323 1189 394 1215 hunc
410 1178 565 1215 thesaurum
581 1186 606 1212 in
620 1184 746 1212 ﬁctilibus
757 1183 827 1210 vasis
842 1189 1030 1215 asservcmus;

241 1235 287 1263 'sed
303 1235 383 1261 etiam
397 1226 466 1268 quod
482 1252 490 1265 ,
506 1239 567 1259 cum
580 1231 713 1258 sexcentis
732 1228 909 1257 incommodis
921 1235 1030 1263 prema-

240 1288 300 1308 mur
313 1300 320 1313 ,
335 1277 416 1314 atque
437 1278 510 1306 omni
529 1285 562 1304 cx
586 1280 661 1311 parte
683 1275 820 1310 pulsetuur
833 1295 840 1306 ,
857 1281 919 1301 eum
943 1278 1030 1300 tamen

239 1324 345 1354 t'uemur
369 1332 418 1352 nec
440 1323 597 1351 amittimus.
616 1321 649 1348 Et
663 1321 771 1356 quidem
786 1320 808 1347 si
823 1319 864 1346 vel
879 1317 1032 1346 adamanti-

241 1377 305 1400 hum
324 1379 372 1399 vas
387 1371 469 1403 esset,
481 1365 556 1397 tanto
567 1373 656 1396 tamen
668 1363 793 1394 thesauro
807 1364 936 1401 gestando
947 1385 954 1396 ,
972 1368 1031 1391 tan-

242 1417 329 1454 iisque
346 1410 452 1446 insidiis
463 1414 628 1443 sustinendis
643 1414 729 1448 impar
742 1416 814 1440 esset
831 1421 837 1438 :
853 1418 924 1438 nunc
941 1415 1032 1437 autem

239 1471 266 1494 et
277 1465 387 1493 ferimus
403 1468 430 1491 et
442 1470 490 1498 per
501 1461 546 1489 Dei
560 1461 672 1496 gratiam
685 1454 749 1486 nihil
764 1465 845 1493 grave
858 1456 983 1492 patimur.
999 1454 1033 1482 In

241 1511 357 1540 omnibus
371 1503 558 1537 tribulationem
570 1506 683 1546 patimur
697 1525 704 1538 ,
719 1505 764 1532 sed
782 1512 833 1530 non
847 1502 1030 1537 angustiamur.

241 1553 310 1592 Quid
326 1556 388 1585 est?
402 1550 435 1583 in
450 1546 586 1583 omnibus?
600 1544 628 1580 ln
643 1547 775 1583 hostibus,
785 1551 819 1590 in
833 1544 936 1582 amicis,
953 1549 979 1575 in
992 1555 1035 1575 ne-

241 1602 377 1633 cessariis.
390 1598 417 1629 in
428 1601 497 1634 aliis,
506 1606 620 1635 quorum
633 1597 743 1633 penuria
758 1597 910 1624 laboramus
921 1616 928 1626 ,
940 1594 974 1621 ab
987 1595 1034 1621 ho-

243 1646 329 1678 stibus
340 1669 347 1682 ,
361 1656 375 1676 a
388 1647 496 1676 nostris.
508 1634 562 1674 sed
573 1654 624 1673 non
637 1643 822 1680 angustiamur.
838 1644 877 1669 Ac
893 1634 953 1668 vide
965 1648 1034 1675 quo-

244 1697 325 1725 modo
340 1697 489 1731 pugnantes
511 1700 555 1720 res
567 1692 657 1724 dicat,
677 1694 707 1718 ut
723 1685 786 1717 hinc
800 1685 907 1724 quoque
922 1687 971 1731 Dei.
982 1687 1034 1713 vim

243 1728 447 1771 betttnititisiret.
464 1739 662 1767 Tribulatt'onem
675 1738 795 1771 patimur,
812 1735 895 1770 inquit
909 1755 915 1766 ,
931 1728 975 1761 sed
985 1741 1036 1760 non

244 1787 420 1825 nngmtiamur
436 1794 446 1814 :
459 1786 607 1821 aporiamur
624 1804 632 1817 ,
652 1783 696 1811 sed
718 1790 769 1809 non
789 1781 971 1808 dertituimur:
987 1779 1037 1806 hoc

247 1841 289 1864 est
301 1857 309 1868 ,
323 1843 376 1862 non
390 1827 424 1861 ad
442 1837 591 1860 extremum
606 1828 691 1865 usque
703 1826 882 1856 concidimus.
898 1825 1037 1860 Plerisque

245 1882 316 1909 enim
333 1881 359 1907 in
372 1879 438 1907 locis
448 1874 582 1909 dolemus,
589 1883 638 1904 nec
648 1874 719 1909 quod
728 1874 848 1901 volumus
858 1871 1036 1906 asseqitimur,

246 1935 299 1954 non
314 1925 353 1954 sic
366 1930 455 1953 tamen
469 1928 524 1950 uta
540 1921 687 1957 propositis
703 1919 786 1947 rebus
800 1918 970 1947 excidamus:
982 1917 1038 1944 hmc

246 1970 346 2007 quippe
360 1978 412 1997 non
427 1976 460 1996 eo
477 1967 609 2003 permittit
623 1966 693 1994 Deus
713 1969 743 1993 ut
765 1965 904 1992 vincamur
919 1984 927 1997 ,
941 1963 988 1990 sed
1011 1967 1040 1990 ut

249 2011 432 2044 citcrceamttr.
449 2007 675 2048 Persequutionem
689 2011 802 2046 patimur
818 2031 824 2041 ,
839 2009 883 2037 sed
899 2017 950 2035 non
964 2008 1039 2035 dere-

249 2052 407 2098 iinquimur:
423 2052 566 2095 dejicimur,
579 2054 623 2085 sed
636 2065 686 2084 non
699 2057 820 2092 perimus.
829 2055 956 2089 Quamvis
968 2054 1039 2082 enim

252 2105 413 2135 tentationes
432 2100 589 2139 Contingunt
603 2124 610 2136 ,
627 2110 679 2131 non
703 2111 734 2130 ea
758 2107 846 2129 tamen
859 2100 1016 2135 contingunt
1031 2120 1039 2131 .

251 2152 311 2190 qua:
322 2162 355 2181 ex
373 2148 566 2180 tentationihus
579 2149 643 2176 oriri
657 2146 746 2176 solent
763 2156 769 2174 :
783 2140 863 2182 idque
875 2154 921 2181 per
930 2146 976 2173 Dci
991 2153 1040 2180 po-

252 2198 363 2227 tentiam
384 2201 412 2225 et
430 2195 555 2232 gratiam.
582 2194 651 2221 Alibi
665 2198 754 2221 autem
769 2192 827 2219 haec
840 2191 925 2219 Dcu'm
941 2190 1041 2218 idcirco

254 2245 408 2281 permittere
423 2237 470 2276 ait,
484 2247 540 2269 tum
553 2240 588 2268 ob
602 2240 719 2274 ipsorttm
732 2238 921 2268 humilitatem,
938 2241 992 2263 tum
1007 2232 1041 2264 ad

238 2284 365 2319 “aliorum
378 2282 548 2318 securitatem
565 2296 572 2314 ε
589 2285 629 2313 Ne
639 2285 709 2313 enim
721 2284 868 2312 insolentius
881 2281 983 2315 efferor,
1001 2282 1043 2308 in-

250 2337 319 2372 quit,
329 2337 402 2365 datus
412 2339 448 2362 est
461 2333 522 2361 mihi
537 2330 653 2360 stimulus
664 2330 702 2365 (2.
712 2329 771 2357 Cor.
784 2329 829 2356 12.
842 2328 881 2363 7);
898 2332 925 2355 et
939 2328 1042 2360 rursus,

255 2382 297 2410 Μ
306 2382 362 2418 qui:
372 2381 494 2409 existimet
502 2378 533 2406 de
541 2386 580 2405 me
585 2385 662 2412 supra
670 2376 696 2404 id
704 2375 772 2410 quod
780 2375 881 2406 videt,et
889 2374 960 2401 audit
968 2383 999 2402 ex
1007 2382 1046 2402 me

253 2420 334 2462 (ibid.
349 2436 373 2455 υ.
387 2426 425 2462 6);
440 2431 467 2454 et
491 2424 545 2452 alio
564 2424 634 2456 loco,
650 2420 691 2449 Ne
705 2421 811 2462 ﬁdentes
831 2422 909 2448 simus
928 2421 955 2448 in
975 2421 1046 2448 nobis

256 2460 318 2511 ξρετε
330 2460 417 2511 (Ibid.
430 2474 454 2501 l.
467 2472 495 2508 9)
510 2481 516 2499 :
531 2471 575 2499 hic
589 2477 664 2502 vero,
674 2469 708 2498 Ut
719 2460 765 2496 Dei
776 2469 892 2504 potentia
903 2469 1047 2496 clucescat.

294 2511 336 2548 Ex
351 2517 530 2547 tentationibus
541 2521 664 2553 quantum
675 2516 783 2543 luerunt.
792 2530 828 2535 —
836 2510 953 2543 Videsne
963 2523 1048 2551 quan-

255 2566 302 2596 tus
324 2564 442 2602 quaestus
463 2572 496 2592 ex
519 2563 712 2591 tentationibus
734 2561 848 2589 redeat?
868 2556 935 2589 Nam
958 2567 985 2589 et
1000 2561 1048 2589 Dei

255 2616 308 2641 \im
325 2603 503 2639 ostendebant
519 2630 527 2643 ,
541 2610 569 2638 et
588 2608 700 2645 gratiam
724 2608 839 2643 amplius
861 2606 1022 2644 detegebant
1039 2615 1046 2640 ;

253 2653 355 2694 Subicit
368 2655 440 2685 enim
455 2655 499 2683 tibi
509 2656 591 2691 gratia
602 2662 657 2682 mea
672 2654 682 2690 (
696 2653 765 2681 Ibid.
781 2654 825 2681 12.
838 2653 855 2682 9
869 2654 896 2689 ),
908 2654 1008 2689 inquit;
1021 2657 1048 2681 et

253 2705 283 2732 ad
299 2703 476 2731 humilitatem
491 2702 678 2734 concitabant,
693 2701 761 2728 alios
775 2701 983 2735 compescebant
996 2721 1003 2733 ,
1020 2705 1048 2727 et

253 2751 313 2778 illos
327 2749 514 2777 tolerantiores
529 2747 696 2775 efﬁciebant:
709 2746 837 2773 Patientia
848 2746 932 2779 enim,
948 2746 1045 2780 inquit,

252 2792 429 2834 probationem
439 2800 569 2831 operatur,
579 2794 692 2830 probatio
700 2803 770 2829 spem
781 2793 868 2829 (Rom.
880 2794 908 2821 5.
922 2793 962 2828 ι).
979 2792 1045 2820 Nam

251 2844 295 2879 qui
308 2843 337 2870 in
354 2841 549 2878 quamplurima
563 2840 680 2876 pericula
695 2839 844 2867 inciderant
855 2859 863 2872 ,
876 2844 956 2874 atque
969 2847 1001 2866 ex
1014 2840 1046 2866 iis

254 2886 301 2924 [pe
316 2889 408 2916 divina
420 2887 480 2915 l'reti
497 2891 662 2914 emerserunt
679 2905 686 2917 ,
710 2885 772 2912 hinc
785 2884 950 2911 docebantur
966 2890 995 2912 ut
1007 2886 1044 2912 illi

254 2932 337 2971 magis
352 2933 486 2962 timerent
498 2933 523 2961 in
539 2931 670 2960 cautibus.
686 2931 727 2959 l0.
746 2931 851 2966 Smper
867 2932 1042 2965 mortiﬁcatio-

1081 826 1137 845 nem
1149 817 1213 845 lem
1233 817 1260 844 in
1279 815 1385 852 corpore
1406 821 1492 844 nostra
1510 817 1713 852 circumferentes
1727 836 1735 849 ,
1751 820 1777 842 ut
1788 820 1810 842 et
1821 817 1879 842 vim

1080 863 1143 890 Jesu
1154 863 1329 897 manifestatur
1341 861 1367 888 in
1378 869 1483 897 corpore
1494 866 1589 889 nostra.
1597 860 1728 895 Quidnam
1742 864 1799 888 crat
1814 860 1872 887 haec

1082 908 1253 936 mortiﬁcatio
1279 907 1384 935 Domini
1412 907 1474 935 Jesu
1489 927 1497 939 ,
1520 914 1602 942 quam
1624 906 1869 934 circumferebant?

1082 954 1181 981 Mortes
1192 952 1364 988 quotidianae,
1379 959 1427 987 per
1437 957 1504 987 quis
1514 951 1721 979 resurrectionis
1733 951 1870 986 specimen

1081 1001 1220 1028 edebatur.
1237 1000 1303 1027 Nam
1318 1000 1340 1027 si
1351 1000 1412 1034 quis
1426 1003 1477 1030 est,
1491 998 1585 1033 inquit,
1599 998 1643 1033 qui
1651 997 1787 1025 Christum
1796 1005 1868 1024 utor-

1086 1052 1141 1075 tem
1155 1047 1255 1074 obiisse
1271 1067 1279 1079 ,
1295 1051 1375 1081 atque
1389 1044 1569 1072 resurrexisse
1583 1052 1635 1071 non
1652 1043 1761 1076 credat,
1779 1043 1804 1070 in
1825 1050 1874 1070 nos

1085 1094 1230 1124 intueatur,
1245 1093 1290 1128 qui
1304 1092 1415 1127 singulis
1430 1091 1524 1119 diebus
1537 1091 1676 1122 morimur,
1693 1094 1771 1125 atque
1785 1089 1817 1116 ad
1833 1089 1873 1116 vi-

1085 1144 1137 1168 tam
1152 1147 1310 1168 revocamur
1325 1148 1331 1166 :
1347 1146 1380 1166 ac
1395 1144 1449 1166 tum
1463 1137 1654 1165 resurrectioni
1673 1136 1750 1164 ﬁdem
1765 1136 1873 1163 habeat.

1084 1185 1177 1213 Viden‘
1197 1184 1334 1220 quomodo
1354 1184 1432 1210 aliam
1456 1183 1545 1210 adhuc
1567 1184 1742 1210 tentationum
1767 1190 1876 1209 causam

1085 1231 1238 1259 invenerit?
1252 1223 1337 1264 Quam
1359 1229 1489 1257 tandem?
1504 1229 1538 1257 Ut
1560 1234 1583 1256 et
1603 1229 1654 1256 rita
1672 1228 1735 1256 Jesu
1749 1249 1757 1261 ,
1770 1228 1876 1263 inquit;

1085 1278 1261 1313 manifestetur
1273 1278 1299 1304 in
1313 1284 1419 1312 corpore
1434 1280 1519 1303 nostro
1534 1284 1543 1308 ,'
1559 1276 1585 1303 in
1599 1283 1632 1303 eo
1646 1275 1789 1307 videlicet,
1804 1275 1876 1310 quod

1086 1331 1136 1351 nos
1151 1332 1166 1350 e
1179 1323 1305 1358 periculis
1319 1322 1453 1350 extrahat.
1469 1322 1507 1349 lla
1519 1321 1548 1349 ﬁt
1564 1343 1571 1353 ,
1586 1327 1613 1349 ut
1629 1322 1700 1357 quod
1716 1321 1877 1349 inﬁrmitatis

1085 1377 1117 1397 ac
1132 1362 1316 1396 dereiictionis
1330 1368 1448 1403 speciem
1464 1367 1545 1394 habet
1558 1388 1565 1399 ,
1579 1367 1631 1394 hoc
1653 1366 1736 1401 ipsius
1756 1375 1876 1394 resurre-

1086 1416 1203 1443 ctionem
1215 1414 1352 1449 praedicet.
1368 1413 1460 1448 Neque
1472 1413 1556 1446 enim,
1571 1413 1592 1439 si
1608 1412 1686 1439 nullis
1700 1412 1829 1440 molestiis
1838 1412 1877 1439 al-

1087 1462 1241 1495 ﬁcercmur,
1259 1461 1370 1496 perinde
1381 1460 1466 1496 ipsius
1480 1460 1597 1495 potentia
1613 1459 1746 1487 declarata
1761 1460 1852 1487 luisset
1867 1479 1875 1493 ,

1086 1513 1116 1535 ut
1130 1515 1201 1535 nunc
1215 1507 1369 1548 declaratur
1384 1527 1391 1539 ,
1410 1514 1471 1534 cum
1492 1507 1607 1541 patimur
1622 1513 1672 1533 nec
1686 1511 1774 1534 tamen
1794 1507 1878 1533 vinci-

1086 1562 1156 1581 mur.
1171 1554 1215 1581 Η.
1228 1553 1330 1580 Etenim
1343 1561 1389 1580 nos
1403 1553 1445 1586 qui
1455 1553 1559 1580 vivimus
1571 1573 1578 1585 ,
1598 1553 1623 1579 in
1635 1558 1740 1580 mortem
1753 1553 1879 1580 tradimur

1087 1604 1190 1635 propter
1202 1599 1290 1626 letum
1303 1620 1310 1632 ,
1325 1604 1352 1626 ut
1368 1603 1390 1626 et
1407 1599 1459 1638 vita
1473 1598 1536 1626 Jesu
1546 1599 1719 1635 manifestetur
1729 1600 1755 1625 in
1769 1599 1839 1626 nobis
1851 1600 1879 1626 in

1087 1653 1163 1672 carne
1180 1649 1265 1671 nostra
1281 1644 1393 1671 mortali.
1419 1644 1521 1671 Passim
1537 1644 1607 1671 hunc
1621 1651 1723 1672 morem
1740 1649 1810 1672 tenet
1825 1665 1833 1678 ,
1850 1651 1880 1674 ut

1088 1698 1148 1718 cum
1162 1690 1299 1726 quidpiam
1313 1689 1428 1717 obscure
1443 1689 1561 1722 dixerit,
1578 1689 1604 1717 id
1625 1697 1718 1717 rursus
1740 1696 1876 1725 exponat:

1088 1737 1115 1765 id
1128 1736 1198 1772 quod
1218 1737 1270 1764 hoc
1288 1744 1396 1772 quoque
1411 1729 1471 1764 loco
1489 1735 1552 1764 fecit
1567 1757 1574 1767 ,
1599 1736 1663 1764 illud
1687 1737 1757 1772 quod
1772 1737 1878 1764 dixerat

1089 1782 1208 1818 apertius
1221 1782 1371 1810 declarans.
1386 1774 1530 1816 i’ropterca
1546 1782 1676 1810 tradimur
1689 1802 1696 1815 ,
1711 1783 1794 1818 inquit
1808 1804 1815 1815 ,
1830 1783 1881 1811 hoc

1089 1835 1131 1858 est
1141 1830 1374 1858 mortiﬁcationetn
1385 1830 1607 1860 circuinl'erimus.
1621 1835 1649 1856 nt
1662 1830 1722 1857 vita:
1738 1829 1819 1865 ipsius
1835 1836 1882 1865 po;

1090 1877 1171 1904 tentia
1188 1876 1328 1911 perspicua
1342 1877 1394 1908 ﬁat,
1412 1883 1466 1903 non
1481 1876 1594 1903 sinentis
1607 1876 1730 1903 nimirum
1743 1877 1880 1904 mortalem

1091 1929 1200 1949 carnem
1214 1926 1288 1949 tanta
1304 1921 1499 1956 perpetientem
1513 1943 1519 1954 ,
1536 1921 1664 1949 malorum
1678 1922 1783 1956 agmine
1797 1922 1879 1949 vinci.

1092 1962 1148 1995 Hoc
1168 1967 1246 1995 aliter
1259 1975 1366 2003 quoque
1387 1968 1472 2002 accipi
1493 1972 1590 2003 potest.
1611 1966 1816 2001 Quomodo?Ut
1829 1967 1882 1994 alio

1092 2013 1153 2040 loco
1167 2013 1213 2046 ait,
1231 2013 1261 2040 Si
1272 2014 1479 2045 commoriamur,
1495 2018 1518 2040 et
1527 2014 1685 2041 convivemus
1700 2013 1709 2048 (
1725 2013 1752 2040 2.
1768 2012 1836 2040 Τὶιιι.
1851 2013 1878 2040 2.

1093 2060 1122 2086 ‘ll
1139 2059 1159 2093 ).
1171 2057 1206 2087 Ut
1220 2060 1291 2087 enim
1307 2068 1378 2087 nunc
1389 2060 1472 2095 ipsius
1486 2066 1599 2087 mortem
1613 2061 1771 2094 perferimus
1785 2081 1790 2091 .
1804 2066 1882 2094 atque

1071 2144 1073 2147 Ι
1093 2106 1176 2141 ipsius
1194 2114 1272 2134 causa
1289 2106 1368 2134 vitam
1379 2113 1439 2134 cum
1455 2112 1539 2134 morte
1554 2112 1720 2134 commutare
1737 2108 1858 2133 volumus
1875 2127 1881 2138 ,

1095 2152 1130 2179 ita
1146 2152 1225 2179 etiam
1242 2152 1299 2187 ipse
1312 2152 1461 2180 exstinctos
1474 2152 1507 2179 ad
1523 2153 1603 2178 vitam
1621 2160 1749 2179 revocare
1763 2158 1825 2178 tunc
1839 2160 1883 2177 vo—

1094 2199 1141 2225 let.
1155 2197 1221 2225 Nam
1235 2198 1257 2224 si
1274 2206 1322 2225 nos
1335 2205 1350 2225 e
1363 2198 1416 2225 vita
1430 2198 1463 2225 ad
1475 2203 1587 2225 mortem
1601 2199 1733 2229 venimus,
1752 2199 1807 2232 ipse.
1821 2207 1886 2233 quo—

1095 2251 1148 2279 que
1159 2251 1175 2271 e
1189 2249 1275 2271 morte
1283 2240 1316 2271 ad
1330 2244 1411 2270 vitam
1425 2243 1502 2270 nobis
1512 2243 1564 2270 dux
1580 2245 1639 2270 crit.
1653 2244 1695 2270 12.
1708 2244 1775 2279 Ergo
1786 2253 1851 2271 mors
1863 2246 1886 2271 in

1096 2289 1167 2316 nobis
1180 2294 1315 2325 operatur,
1328 2290 1379 2317 vita
1394 2295 1478 2316 autent
1494 2289 1521 2316 in
1535 2289 1611 2315 vobis.
1628 2289 1685 2316 Non
1704 2290 1758 2324 jam
1779 2290 1812 2317 de
1828 2298 1889 2317 cor—

1098 2343 1178 2371 porea
1189 2340 1276 2363 morte
1289 2336 1410 2370 loquens,
1422 2335 1470 2363 sed
1482 2334 1516 2362 de
1529 2335 1718 2362 tentationibus
1729 2339 1757 2362 et
1770 2335 1803 2362 de
1814 2335 1889 2367 quir-

1098 2387 1134 2409 te.
1153 2379 1205 2409 Nos
1220 2381 1290 2409 cnim
1306 2380 1332 2408 in
1348 2373 1472 2416 periculis
1485 2388 1518 2408 ac
1535 2381 1722 2407 tentationibus
1736 2386 1880 2409 versamur,

1101 2427 1201 2462 inquit;
1217 2435 1265 2455 vos
1275 2432 1362 2455 autem
1379 2428 1405 2455 in
1421 2427 1510 2462 quiete
1522 2428 1601 2453 vitam
1617 2433 1684 2458 eam,
1699 2431 1756 2458 qua:
1773 2424 1797 2450 in
1813 2424 1883 2457 peri-

1102 2474 1170 2501 culis
1182 2477 1363 2508 comparatur,
1378 2464 1514 2508 percipitis
1531 2482 1537 2499 :
1552 2478 1628 2506 atque
1642 2478 1670 2497 ea
1683 2468 1790 2503 quidem
1804 2490 1811 2499 ,
1827 2478 1888 2503 qua:

1100 2528 1161 2548 Cum
1174 2520 1293 2555 periculo
1311 2520 1455 2555 conjuncta
1469 2523 1541 2549 sunt,
1552 2518 1598 2551 ipsi
1609 2516 1771 2542 sustinemus
1784 2524 1790 2547 ;
1803 2521 1831 2542 at
1842 2525 1890 2543 vos

1101 2566 1182 2593 rebus
1202 2565 1326 2593 secundis
1348 2564 1466 2593 fr'uimiui
1483 2574 1490 2593 :
1506 2571 1591 2600 neque
1613 2563 1684 2590 enim
1702 2570 1784 2598 pares
1805 2568 1890 2589 tenta-

1100 2612 1188 2639 tiones
1199 2611 1327 2639 suﬁ'erlis.
1342 2612 1386 2640 i3.
1404 2611 1531 2639 Habentes
1545 2614 1628 2637 autem
1641 2608 1757 2636 eumdem
1770 2609 1889 2644 spiritum

1100 2658 1171 2692 fidei,
1184 2658 1249 2685 sicut
1260 2658 1382 2693 scriptum
1392 2662 1429 2685 est
1445 2650 1567 2684 :Credidi
1581 2660 1685 2692 propter
1695 2655 1763 2688 quod
1775 2655 1892 2689 loquutus

1099 2712 1156 2730 tum
1172 2725 1180 2736 ,
1195 2709 1218 2731 et
1233 2712 1279 2731 nos
1292 2700 1416 2731 credimus
1431 2708 1534 2738 propter
1554 2702 1623 2737 quod
1642 2707 1665 2729 et
1687 2701 1814 2735 loquimur
1829 2701 1889 2727 εΗ.

1098 2750 1202 2777 scientes
1214 2750 1333 2785 quoniam
1343 2749 1386 2783 qui
1399 2749 1528 2775 suscitavit
1541 2743 1682 2774 Dominum
1693 2745 1792 2777 Iesum,
1804 2751 1828 2772 et
1842 2745 1893 2780 ipse

1099 2795 1228 2822 suscitabit
1244 2802 1289 2821 nos
1303 2802 1347 2829 per
1359 2793 1459 2820 Iesum.
1475 2793 1637 2821 Submonuit
1649 2798 1698 2819 nos
1714 2790 1808 2826 psalmi
1825 2811 1832 2823 ,
1854 2791 1891 2816 in-

1098 2842 1200 2876 signem
1225 2839 1426 2875 philosophiam
1448 2837 1653 2873 complectentis
1669 2858 1677 2870 ,
1705 2836 1751 2871 qui
1778 2836 1890 2863 maxime

1100 2887 1185 2922 possit
1207 2887 1232 2913 in
1259 2885 1387 2919 periculis
1407 2885 1535 2912 excitare.
1564 2884 1628 2911 Hzec
1654 2882 1725 2910 enim
1747 2881 1829 2910 verba
1854 2881 1890 2908 vir

1096 2931 1184 2967 juStus
1195 2930 1388 2967 pronuntiavit,
1406 2937 1465 2958 cum
1480 2930 1505 2957 in
1517 2928 1621 2964 magnis
1635 2926 1761 2963 periculis
1770 2931 1852 2960 esset,
1868 2928 1893 2957 ct

1864 3099 2011 3207 -Δ
