4068 6412
319 430 422 493 ιεο

317 553 473 608 θενία
520 550 761 623 τοσαύτη
821 551 1098 621 πανταχοῦ
1142 552 1243 621 τῆς
1273 552 1376 623 γῆς
1416 553 1743 625 ἐφυτεύθης
1770 556 1900 609 πότε

317 646 622 717 χρημάτων
651 644 925 716 ὑπεροψία
958 645 1053 698 καὶ
1097 642 1244 714 ζωῆς
1277 646 1371 697 καὶ
1399 644 1506 697 τῶν
1532 646 1706 700 ἄλλων
1732 648 1904 701 ἁπάν-

316 750 460 805 των;
513 735 577 791 Οἱ
636 738 746 807 γάρ
796 736 1062 807 μοχθηροὶ
1100 736 1196 788 καὶ
1226 736 1423 805 γόητες
1455 737 1607 791 οὐδὲν
1648 739 1897 792 τοιοῦτον

317 828 599 893 ἀνύσαιεν,
627 825 765 879 ἀλλά
797 826 1061 879 τάναντία
1089 824 1309 879 ἅπαντα
1328 839 1342 853 ⁸
1376 818 1523 879 οῦτοι
1569 826 1624 879 δέ
1655 829 1901 896 ἀγγέλων

319 923 451 993 ἡμῖν
505 920 873 989 εἰσηγήσαντο
935 917 1233 972 πολιτείαν·
1273 918 1375 971 οὐκ
1430 920 1797 989 εἰσηγήσαντο
1844 919 1901 973 δέ

321 1014 507 1082 μόνον,
540 1010 680 1066 ἀλλά
707 1009 803 1064 καὶ
832 1008 1228 1080 κατώρθωσαν,
1260 1009 1320 1061 ἐν
1345 1012 1413 1081 τῇ
1455 1010 1720 1082 ἡμετέρᾳ,
1753 1011 1810 1063 ἐν
1836 1014 1900 1083 τῇ

319 1101 427 1156 τῶν
457 1101 775 1174 βαρϐάρων,
832 1103 890 1153 ἐν
922 1100 1115 1163 αὑταῖς
1153 1099 1254 1169 τῆς
1292 1101 1394 1171 γῆς
1428 1104 1547 1164 ταῖς
1594 1102 1898 1171 ἐσχατιαῖς.

322 1193 486 1249 Ὅθεν
516 1193 672 1265 δῆλον
712 1196 793 1248 ὅτι
824 1193 1005 1247 πάντα
1032 1191 1190 1263 ium}
1223 1192 1461 1261 Χριστοῦ
1494 1195 1769 1265 πανταχοῦ
1811 1195 1901 1248 δύ-

320 1298 486 1360 ναμις
514 1287 733 1356 ῆνυσεν,
764 1285 799 1358 ἡ
827 1283 1103 1354 πανταχοῦ
1130 1283 1447 1354 λάμπουσα,
1481 1286 1575 1340 καὶ
1609 1287 1901 1359 ἀστραπῆς

1321 430 1388 488 ΙΝ
1428 430 1651 490 EPIST.
1693 434 1737 487 ll
1768 432 1861 489 AD
1900 431 2058 495 COR.
2101 439 2338 497 HOMIL.
2380 434 2474 496 IX.

3481 444 3589 504 ιπο

2005 560 2226 631 ἀπάσης
2270 563 2525 635 ὀξύτερον
2556 562 2655 626 τὰς
2680 562 2789 616 τῶν
2821 562 3127 636 ἀνθρώπων
3161 567 3585 637 καταυγάζουσα

2004 652 2262 718 διανοίας.
2315 655 2480 710 Ταῦτ’
2525 650 2617 709 οῦν
2667 654 2885 710 ἅπαντα
2923 657 3299 729 λογισάμενοι,
3356 658 3584 730 καὶτῆς

2004 745 2113 799 τῶν
2138 746 2441 816 μελλόντων
2469 748 2841 818 ὑποσχέσεως,
2869 749 2937 802 τά
2964 751 3307 820 γεγενημένα
3328 751 3586 814 λαϐόντες

2006 838 2281 905 ἀπόδειξιν
2335 841 2564 911 ἐναργῆ,
2622 843 3048 913 προσκυνήσατε
3104 842 3226 914 μεθ’
3275 843 3433 915 ἡμῶν
3487 846 3587 914 τὴν

2007 933 2219 1002 ἄμαχον
2242 932 2335 987 τοῦ
2369 934 2783 1006 σταυρωθέντος
2814 936 2989 1006 ἰσχὺν,
3027 936 3112 989 ἵνα
3141 936 3353 1000 καὶτὰς
3378 938 3586 1009 ἀφορή-

2006 1042 2130 1089 τους
2171 1024 2379 1095 φύγητε
2427 1025 2699 1090 κολάσεις,
2753 1028 2849 1080 καὶ
2898 1029 2998 1098 τῆς
3046 1028 3265 1081 αἰωνίου
3309 1028 3587 1097 βασιλείας

2007 1118 2319 1189 ἐπιτύχητε·
2357 1114 2425 1191 ἦς
2476 1119 2686 1187 γένοιτο
2717 1121 2927 1183 πάντας
2974 1121 3124 1190 ἡμᾶς
3160 1121 3459 1191 ἐπιτυχεῖν,
3488 1122 3587 1191 χά-

2010 1228 2118 1284 ριτι
2147 1208 2664 1284 καΐφιλανθρωπίᾳ,
2694 1215 2788 1268 καί
2814 1213 2884 1267 τὰ
2913 1212 3065 1283 ἑξῆς.

3292 1418 3589 1433 βοῇ-η.

1778 1566 2019 1620 OMIMA
2053 1565 2127 1619 8'.

334 1654 441 1731 Ἕν
471 1658 648 1731 παντὶ
675 1658 1030 1731 θλιϐόμενοι,
1058 1657 1194 1716 ἀλλ’
1225 1663 1295 1715 οὐ
1320 1660 1865 1731 στενοχωρούμενοι
1886 1679 1899 1693 ·

389 1730 804 1801 ἀπορούμενοι,
844 1730 979 1783 ἀλλ’
1000 1732 1112 1785 οὐκ
1150 1730 1617 1801 ἐξαπορούμενοι
1640 1749 1654 1762 ·
1690 1730 1899 1787 διωκό-

381 1816 556 1870 μενοι
577 1839 592 1864 ,
631 1800 770 1854 ἀλλ’
801 1802 913 1854 οὐκ
944 1800 1618 1872 ἐγκαταλιμπανόμενοι.

386 1940 456 1988 a'.
496 1933 618 1986 Ἔτι
644 1931 1041 2003 μένειδεικνὺς,
1067 1934 1148 1987 ὅτι
1176 1933 1410 2004 τῆςοτοῦ
1452 1934 1585 1989 Θεοῦ
1620 1933 1903 2007 δυνάμεως

312 2020 481 2093 ἔργον
512 2022 574 2074 τὸ
608 2022 717 2074 πᾶν
747 2023 884 2085 ἐστι,
919 2021 1303 2076 καταστέλλων
1334 2022 1559 2078 ἐκείνων
1591 2023 1661 2079 τά
1697 2027 1901 2096 φρονή-

316 2131 469 2187 ματα
504 2114 617 2168 τῶν
643 2114 1017 2185 καυχωμένων
1042 2116 1128 2186 ἐφ’
1155 2117 1389 2179 ἑαυτοῖς.
1422 2119 1560 2172 Οὐδὲ
1599 2118 1709 2190 7&9
1741 2119 1902 2174 τοῦτο

318 2207 483 2278 μόνον
528 2207 668 2271 ἐστὶ,
724 2207 878 2277 φησὶ,
937 2206 1282 2277 θαυμαστὸν,
1318 2209 1402 2263 ὅτι
1452 2212 1510 2264 ἐν
1553 2211 1901 2283 ὀστρακίνοις

317 2296 540 2352 σκεύεσι
575 2297 921 2367 φυλάττομεν
963 2298 1054 2352 τὸν
1090 2298 1364 2371 θησαυρὸν
1410 2300 1623 2369 τοῦτον,
1657 2302 1772 2357 ἀλλ’
1816 2306 1900 2359 ὅτι

312 2390 411 2444 καὶ
428 2390 601 2460 μυρία
623 2389 928 2459 πάσχοντες
949 2390 1119 2457 δεινά,
1144 2392 1241 2445 καὶ
1264 2393 1544 2464 πανταχοῦ
1568 2398 1898 2469 περικρουό-

312 2498 507 2553 μενοι,
540 2480 693 2553 [498]
730 2479 1011 2552 τηροῦμεν
1047 2481 1243 2547 αὑτὸν,
1285 2482 1381 2537 καὶ
1425 2484 1529 2537 οὐκ
1567 2484 1896 2556 ἀπόλλυμεν.

310 2573 508 2628 Καίτοι
535 2574 586 2626 εί
609 2573 704 2627 καὶ
731 2572 1095 2643 ἀδαμάντινον
1122 2573 1317 2638 σκεῦος
1351 2568 1440 2645 ἦν,
1472 2573 1596 2628 οὔτε
1625 2574 1900 2647 θησαυρὸν

309 2664 565 2719 τοσοῦτον
594 2663 865 2735 βαστάσαι
883 2663 1104 2736 ἴσχυσεν
1127 2664 1213 2730 ἂν,
1239 2666 1350 2720 οὐδ’
1374 2665 1440 2720 ἂν
1466 2666 1604 2739 πρὸς
1625 2666 1899 2730 τοσαύτας

308 2757 550 2826 ἡρκεσεν
611 2755 939 2819 ἐπιϐουλάς·
1005 2756 1101 2811 νῦν
1146 2756 1203 2810 δὲ
1255 2758 1351 2811 καὶ
1405 2759 1564 2830 φέρει
1604 2759 1701 2812 καὶ
1744 2759 1899 2813 οὐδὲν

258 2894 262 2898 .
312 2847 516 2919 πάσχει
554 2847 727 2902 δεινὸν
756 2847 844 2902 διὰ
881 2849 982 2920 τὴν
1020 2846 1116 2903 τοῦ
1157 2848 1294 2902 Θεοῦ
1341 2849 1529 2921 χάριν.
1573 2850 1677 2904 Ἔν
1717 2850 1897 2904 παντὶ

308 2941 423 3011 γὰρ
447 2941 807 3009 θλιϐόμενοι,
838 2941 1023 3011 φησὶν,
1054 2939 1193 2995 ἀλλ’
1222 2942 1293 2996 οὐ
1323 2942 1893 3011 στενοχωρούμενοι.

310 3035 377 3089 Τί
403 3035 575 3102 ἐστιν,
616 3034 720 3087 Ἐν
742 3032 960 3097 παντι;
993 3033 1081 3085 Ἑν
1097 3033 1210 3096 τοῖς
1231 3031 1463 3103 ἐχθροῖς,
1486 3034 1544 3085 ἐν
1565 3035 1680 3097 τοῖς
1699 3032 1895 3102 φίλοις,

306 3130 368 3182 ἐν
404 3130 519 3191 τοῖς
553 3125 899 3195 ἀναγκαίοις,
926 3126 985 3179 ἐν
1013 3127 1138 3189 ταῖς
1166 3124 1357 3188 ἄλλαις
1377 3124 1611 3196 χρείαις,
1645 3126 1752 3180 ὑπὸ
1788 3124 1898 3180 τῶν

309 3220 611 3292 πολεμίων,
645 3219 752 3274 ὑπὸ
778 3218 887 3273 τῶν
919 3217 1157 3272 οἰκείων.
1203 3219 1357 3272 Ἀλλ’
1391 3220 1462 3272 οὐ
1491 3221 1900 3287 στενοχωρού-

306 3315 479 3382 μεθα.
518 3310 631 3364 Kal
668 3311 771 3382 ὅρα
804 3307 923 3371 πῶς
969 3309 1276 3379 πράγματα
1308 3307 1531 3361 ἐναντία
1572 3306 1757 3376 λέγει,
1810 3307 1898 3361 ἵνα

307 3401 609 3458 κάντεῦθεν
642 3401 792 3473 δείξῃ
843 3387 939 3454 τοῦ
988 3397 1125 3453 Θεοῦ
1172 3398 1273 3470 τὴν
1320 3398 1496 3470 ἰσχύν.
1551 3398 1899 3468 Θλιϐόμενοι

304 3495 415 3566 7&9
443 3496 517 3549 οὐ
547 3493 1102 3563 στενοχωρούμεθα,
1130 3491 1295 3563 φησίν
1313 3509 1327 3523 ·
1356 3492 1757 3561 ἀπορούμενοι
1786 3492 1898 3546 οὐκ

301 3580 762 3654 ἐξαπορούμεθα
784 3599 797 3614 ·
841 3582 1119 3636 τουτέστιν
1140 3622 1153 3646 ,
1194 3582 1295 3634 οὐκ
1336 3584 1416 3645 είς
1452 3582 1607 3644 τέλος
1639 3579 1902 3634 ἐκπίπτο-

310 3693 437 3747 μεν.
486 3674 787 3746 Ἀλγοῦμεν
820 3674 930 3745 7&9
967 3671 1262 3743 πολλαχοῦ,
1295 3674 1391 3726 καὶ
1419 3673 1895 3743 άποτυγχάνομεν,

314 3765 430 3821 ἀλλ’
451 3767 550 3836 οὐχ
575 3765 778 3833 οὕτως,
812 3766 953 3820 ὥστε
979 3767 1234 3819 ἐκπεσεῖν
1263 3765 1369 3819 τῶν
1384 3764 1792 3835 προκειμένων·
1818 3764 1900 3827 εἰς

313 3858 628 3929 γυμνασίαν
659 3856 770 3927 γάρ
802 3857 961 3927 ἡμῶν
984 3868 1009 3898 ε
1043 3857 1237 3923 ταῦτα,
1268 3856 1367 3910 οὐκ
1394 3858 1473 3918 εἰς
1495 3851 1667 3928 ἧτταν
1701 3871 1900 3923 συγκε-

316 3949 564 4022 χώρηται
600 3951 752 4021 παρὰ
803 3948 898 4003 τοῦ
937 3949 1093 4004 Θεοῦ.
1147 3951 1540 4019 Διωκόμενοι,
1592 3946 1731 4002 ἀλλ’
1786 3948 1899 4001 οὐκ

310 4043 971 4112 ἐγκαταλιμπανόμενοι
989 4059 1004 4073 ·
1035 4042 1548 4111 καταϐαλλόμενοι
1566 4080 1581 4105 ,
1618 4041 1755 4095 ἀλλ’
1786 4041 1900 4093 οὐκ

314 4134 747 4204 ἀπολλύμενοι.
785 4136 848 4188 Οἱ
886 4135 985 4206 μὲν
1026 4133 1132 4204 γὰρ
1175 4136 1473 4206 πειρασμοὶ
1515 4131 1895 4202 συμϐαίνουσι,

309 4224 380 4277 τὰ
408 4225 465 4279 δὲ
497 4225 607 4279 ἀπὸ
635 4225 746 4278 τῶν
779 4224 1108 4297 πειρασμῶν
1139 4224 1344 4278 οὐκέτι.
1392 4223 1501 4277 Kal
1534 4221 1694 4275 τοῦτο
1720 4221 1777 4274 δὲ
1809 4220 1899 4274 διὰ

310 4313 411 4384 τὴν
436 4314 531 4367 τοῦ
569 4314 705 4368 Θεοῦ
736 4314 968 4383 δύναμιν
1006 4316 1102 4370 καὶ
1132 4315 1314 4387 χάριν.
1361 4310 1623 4383 Ἀλλαχοῦ
1651 4310 1710 4364 δέ
1742 4327 1893 4382 φησι,

315 4406 410 4459 καὶ
448 4405 537 4459 διὰ
579 4407 678 4476 τὴν
731 4407 913 4461 αὑτῶν
947 4405 1487 4481 ταπεινοφροσύνην,
1526 4402 1618 4457 καί
1671 4401 1759 4456 διὰ
1800 4404 1898 4473 τὴν

313 4497 519 4568 Ξτέρων
548 4498 852 4567 ἀσφάλειαν
886 4498 1347 4571 συγκεχωρῆσθαι
1388 4495 1584 4551 ταῦτα·
1626 4495 1759 4550 Ἵνα
1790 4495 1899 4568 γὰρ

307 4587 396 4658 μὴ
444 4589 884 4658 ὑπεραίρωμαι,
916 4590 1095 4659 ἐδόθη
1134 4608 1236 4659 μοι
1270 4591 1545 4656 σκόλοψ,
1584 4586 1752 4657 φησί·
1804 4587 1898 4640 καὶ

313 4679 498 4746 πάλιν,
527 4681 652 4735 Ἵνα
679 4680 766 4750 μή
801 4698 890 4749 τις
912 4682 1231 4752 λογίσηται
1256 4684 1342 4748 εὶς
1375 4680 1482 4751 ἐμὲ
1503 4677 1654 4745 ὑπὲρ
1688 4676 1719 4731 δ
1744 4675 1897 4741 ,βλέ-

308 4788 428 4841 πει,
474 4774 574 4828 καί
623 4774 832 4828 ἀκούει
870 4791 928 4828 τι
983 4774 1053 4839 ἐξ
1082 4773 1257 4844 ἐμοῦ·
1311 4775 1409 4828 καί⁸
1438 4773 1673 4847 ἀλλαχοῦ
1708 4778 1896 4842 πάλιν,

313 4866 449 4920 Ἵνα
475 4865 561 4937 μὴ
597 4866 953 4932 πεποιθότες
992 4862 1150 4935 ὦμεν
1183 4866 1277 4937 ἐφ’
1323 4867 1579 4935 ἑαυτοῖς.
1635 4869 1899 4924 Ἐνταῦθα

317 4958 526 5027 μέντοι,
560 4958 679 5011 Ἵνα
709 4959 855 5029 φανῇ
884 4957 979 5011 τοῦ
1004 4958 1141 5012 Θεοῦ
1169 4960 1204 5029 ἡ
1233 4957 1480 5030 δύναμις.

398 5049 560 5123 Ὁρᾷς
592 5052 718 5106 ὅσον
765 5050 875 5105 τῶν
914 5052 1241 5125 πειρασμῶν
1278 5051 1338 5106 τὸ
1371 5052 1601 5124 κέρδος;
1633 5053 1746 5107 Καὶ
1789 5051 1900 5124 γὰρ

313 5141 408 5196 τοῦ
442 5142 578 5196 Θεοῦ
630 5143 730 5213 τὴν
769 5142 998 5215 δύναμιν
1047 5143 1278 5207 ἐδείκνυ,
1315 5144 1408 5197 καὶ
1449 5144 1549 5216 τὴν
1596 5144 1758 5215 χάριν
1791 5145 1900 5197 ἀπ-

311 5235 588 5290 εκάλυπτε
638 5236 924 5308 μειζόνως·
977 5236 1177 5306 Ἀρκεῖ
1203 5238 1313 5309 γάρ
1342 5251 1442 5291 σοι
1478 5238 1516 5306 η
1557 5236 1730 5306 χάρις
1753 5254 1896 5307 μου,

311 5324 471 5396 φησί·
505 5325 600 5378 καὶ
631 5327 712 5389 εἰς
737 5326 1247 5399 ταπεινοφροσύνην
1282 5326 1494 5398 ἤλειφε,
1526 5326 1769 5390 καὶτοὺς
1803 5326 1898 5379 ἀλ-

310 5416 436 5481 λους
466 5418 932 5473 καταστέλλεσθαι
969 5419 1373 5491 παρεσκεύαζε,
1407 5418 1500 5472 καὶ
1527 5418 1725 5481 αὐτοὺς
1758 5436 1897 5491 καρ-

299 5509 713 5581 τερικωτέρους
763 5509 1083 5582 εἰργάζετο·
1145 5510 1204 5568 Ἠ
1254 5510 1364 5582 γὰρ
1406 5508 1704 5580 ὑπομονὴ,
1736 5511 1891 5580 φησι,

309 5599 568 5673 δοκιμὴν
595 5601 1033 5673 κατεργάζεται,
1077 5605 1117 5671 η
1166 5601 1235 5657 δὲ
1281 5601 1495 5673 δοκιμὴ
1538 5600 1777 5655 ἐλπίδα.
1832 5603 1896 5654 υί

312 5693 422 5765 7&9
455 5695 672 5767 μυρίοις
701 5694 1098 5767 περιπεσόντες
1132 5695 1421 5759 κινδύνοις,
1456 5694 1551 5748 καὶ
1588 5694 1652 5747 ἐκ
1685 5693 1786 5763 τῆς
1818 5695 1899 5756 είς

311 5785 404 5837 τὸν
436 5785 571 5840 Θεὸν
604 5786 818 5853 ἐλπίδος
850 5788 1233 5857 ἀνενεγκόντες
1254 5828 1267 5853 ,
1311 5786 1658 5842 ἐπαιδεύοντο
1695 5784 1899 5858 ταύτης

375 5892 404 5922 ⁸
429 5890 692 5956 tegebatur
735 5896 885 5958 ὑμῶν.

2005 1661 2224 1732 ἔχεσθαι
2247 1660 2339 1715 ἐπὶ
2372 1660 2557 1714 πλεῖον
2583 1662 2641 1714 ἑν
2663 1663 2818 1716 πᾶσι.
2851 1662 3116 1717 Πάντοτε
3143 1663 3259 1730 τὴν
3292 1664 3586 1731 νέκρωσιν

2003 1754 2110 1808 τοῦ
2142 1754 2364 1823 Κυρίου
2413 1753 2605 1822 Ἰησοῦ
2649 1754 2718 1807 ἐν
2749 1754 2828 1820 τῷ
2865 1754 3090 1825 σώματι
3129 1756 3582 1826 περιφέροντες,

2005 1846 2108 1902 ἵνα
2136 1845 2232 1900 καί
2261 1845 2300 1913 η
2323 1843 2434 1914 ζωὴ
2458 1844 2564 1899 τοῦ
2603 1846 2799 1914 Ἰησοῦ
2826 1845 3141 1916 φανερωθῇ
3164 1848 3234 1901 ἐν
3254 1848 3334 1915 τῷ
3361 1848 3587 1918 σώματι

2003 1938 2193 2009 ἡμῶν.
2230 1939 2339 1993 Kal
2367 1939 2418 1993 τί
2457 1940 2603 1992 ἐστιν
2637 1941 2671 2009 ἡ
2702 1939 2969 2011 νέκρωσις
3014 1940 3108 1994 τοῦ
3139 1941 3344 2012 Κυρίου
3386 1942 3583 2011 Ἰησοῦ,

2003 2032 2071 2104 ἡν
2096 2031 2422 2104 περιέφερον
2451 2049 2465 2098 ;
2493 2032 2557 2085 Οἱ
2584 2031 2807 2087 θάνατοι
2832 2034 2881 2085 οἰ
2900 2032 3043 2104 καθη
3055 2034 3283 2104 μερινοὶ,
3306 2033 3373 2086 δι’
3397 2027 3470 2089 ὧν
3495 2035 3587 2088 καὶ

2002 2126 2035 2195 ἡ
2077 2123 2373 2187 ἀνάστασις
2403 2123 2702 2179 ἐδείκνυτο.
2742 2125 2807 2178 Εἰ
2836 2125 2946 2196 γάρ
2976 2141 3062 2188 τις
3110 2125 3350 2189 ἀπιστεῖ,
3398 2127 3584 2195 φησὶν,

2003 2217 2085 2270 ὅτι
2122 2215 2393 2270 ἀπέθανεν
2446 2214 2649 2287 Ἰησοῦς
2686 2215 2782 2268 καὶ
2824 2214 3025 2284 ἀνέστη
3051 2255 3065 2280 ,
3106 2216 3254 2286 ἡμᾶς
3292 2214 3434 2287 ὁρῶν
3462 2216 3589 2276 τοὺς

2003 2308 2125 2362 καθ’
2159 2307 2397 2380 ἑκάστην
2427 2309 2641 2380 ἡμέραν
2684 2308 3129 2380 ἀποθνήσκοντας
3173 2309 3268 2362 καὶ
3298 2308 3587 2380 ἀνισταμέ-

2002 2418 2145 2464 νους,
2173 2400 2482 2454 πιστευέτω
2510 2401 2696 2455 λοιπὸν
2722 2405 2788 2472 τῇ
2817 2402 3134 2457 ἀναστάσει.
3166 2397 3322 2465 Εἶδες
3350 2400 3466 2464 πῶς
3490 2402 3587 2455 καὶ

2003 2492 2196 2563 ἑτέραν
2241 2493 2423 2547 αἰτίαν
2478 2492 2681 2564 εὕρηκε
2728 2493 2838 2548 τῶν
2884 2493 3245 2566 πειρασμῶν;
3300 2494 3471 2547 Ποίαν
3521 2494 3586 2565 δὴ

2000 2585 2232 2657 ταύτην;
2269 2587 2404 2642 "Ira
2440 2588 2540 2642 καί
2584 2587 2622 2654 ἠ
2661 2585 2772 2655 ζωὴ
2814 2588 3003 2642 αὑτοῦ
3045 2586 3362 2657 φανερωθῇ
3393 2586 3464 2641 ἐν
3504 2586 3585 2652 τῷ

2000 2675 2224 2745 σώματι
2263 2676 2452 2746 ημῶν,
2486 2678 2641 2747 φησι,
2666 2677 2743 2747 τῷ
2773 2675 3104 2748 ἐξαρπάζειν
3133 2678 3282 2749 ἡμᾶς
3323 2677 3432 2730 τῶν
3463 2693 3584 2729 κιν-

1998 2767 2192 2822 δύνων.
2235 2767 2400 2821 Ὥστε
2440 2766 2601 2820 τοῦτο
2620 2807 2635 2833 ,
2657 2767 2686 2821 ὃ
2711 2768 2859 2821 δοκεῖ
2879 2767 3163 2833 ἀσθενείας
3189 2764 3324 2823 εἶναι
3361 2770 3455 2823 καὶ
3489 2770 3583 2838 ἐγο

1999 2859 2393 2930 καταλείψεως,
2431 2858 2590 2913 τοῦτο
2635 2858 2800 2914 αὑτοῦ
2836 2860 3097 2931 κηρύττει
3126 2860 3224 2933 τὴν
3263 2861 3582 2918 ἀνάστασιν.

2002 2950 2077 3003 Οὑ
2120 2950 2229 3022 γὰρ
2273 2950 2339 3006 ἂν
2376 2949 2550 3015 οὕτως
2584 2951 2794 3021 ἐφάνη,
2848 2952 3015 3023 μηδὲν
3059 2953 3379 3023 πασχόντων
3427 2953 3584 3024 ἡμῶν

1998 3040 2162 3110 ἀηδὲς
2181 3081 2195 3107 ,
2233 3043 2267 3112 ἡ
2305 3040 2539 3111 δύναμις
2564 3042 2597 3112 ἡ
2640 3041 2852 3093 ἐκείνου
2873 3080 2888 3106 ,
2923 3041 2998 3105 ὡς
3028 3041 3123 3095 νῦν
3150 3042 3449 3107 δείκνυται,
3481 3062 3587 3098 πα-

2000 3129 2238 3201 σχόντων
2284 3130 2383 3201 μέν
2408 3172 2423 3197 ,
2451 3130 2512 3183 οὑ
2541 3129 2861 3200 νικωμένων
2910 3130 2989 3186 δέ.
3025 3130 3135 3185 Καὶ
3181 3135 3291 3201 γὰρ
3327 3133 3499 3202 ἡμεῖς
3533 3138 3587 3190 οἱ

1998 3221 2212 3287 ζῶντες
2241 3224 2328 3288 είς
2362 3221 2626 3277 θάνατον
2668 3221 3112 3291 παραδιδόμεθα
3151 3222 3251 3278 διὰ
3293 3225 3542 3293 Ἰησοῦν
3569 3266 3585 3290 ,

1998 3312 2101 3368 ἵνα
2146 3312 2247 3367 καί
2288 3314 2326 3382 ἡ
2370 3311 2481 3381 ζωὴ
2530 3312 2638 3367 τοῦ
2688 3313 2908 3382 ’Ἰησοῦ
2952 3313 3266 3384 φανερωθῇ
3323 3314 3471 3389 [499]
3519 3319 3589 3372 ἐν

1998 3404 2148 3474 ἡμῖν
2192 3405 2264 3459 ἐν
2303 3404 2381 3474 τῇ
2424 3404 2617 3474 θνητῇ
2662 3406 2842 3474 σαρκί
2885 3405 3075 3475 ἡμῶν.
3114 3406 3400 3477 Πανταχοῦ
3445 3409 3583 3480 γὰρ,

1999 3496 2130 3550 ὅταν
2159 3513 2213 3550 τι
2242 3497 2453 3566 ἀσαφὲς
2481 3497 2633 3570 είπῃ,
2672 3497 2865 3551 ἐαυτὸν
2897 3496 3190 3569 ἐρμηνεύει
3230 3498 3424 3553 πάλιν·
3460 3500 3488 3552 ὃ
3520 3500 3583 3571 δὴ

2000 3588 2095 3640 καὶ
2124 3586 2360 3640 ἐνταῦθα
2389 3588 2612 3653 ἐποίησε
2635 3627 2650 3652 ,
2682 3587 2861 3654 τοῦτο,
2896 3589 3034 3661 ὅπερ
3066 3584 3241 3655 εἶπεν,
3265 3589 3585 3661 ἑρμηνεύων

2001 3677 2206 3747 σαφῶς.
2234 3678 2336 3732 Διά
2355 3679 2514 3734 τοῦτο
2537 3679 2646 3751 γάρ
2670 3681 3100 3753 παραδιδόμεθα,
3125 3681 3280 3753 φησί,
3312 3684 3582 3748 τουτέστι,

1998 3771 2097 3841 τὴν
2130 3770 2402 3842 νέκρωσιν
2434 3772 2829 3843 περιφέρομεν,
2855 3773 2944 3827 ἵνα
2973 3773 3006 3843 ἡ
3035 3774 3265 3846 δύναμις
3288 3774 3453 3828 αὑτοῦ
3484 3777 3583 3846 τῆς

2000 3860 2145 3934 ζωῆς
2170 3865 2336 3935 φανῇ,
2371 3864 2445 3935 μὴ
2474 3864 2888 3935 συγχωροῦντος
2915 3866 3096 3937 σάρκα
3122 3866 3323 3939 θνητὴν
3343 3867 3583 3922 τοσαῦτα

2000 3953 2335 4024 πάσχουσαν,
2370 3954 2476 4008 ὑπὸ
2512 3955 2613 4025 τῆς
2649 3955 2870 4025 νιφάδος
2905 3955 3015 4011 τῶν
3047 3957 3236 4013 κακῶν
3270 3959 3579 4030 νικηθῆναι.

1998 4047 2111 4100 Kal
2141 4046 2344 4118 ἑτέρως
2375 4046 2432 4101 δέ
2478 4047 2611 4101 αὑτὸ
2647 4047 2967 4119 ἐκληπτέον.
3018 4050 3178 4116 Πῶς;
3223 4050 3312 4115 Ὠς
3347 4050 3581 4123 ἀλλαχοῦ

2002 4154 2188 4209 φησιν,
2219 4140 2289 4192 El
2311 4138 2834 4210 συναπεθάνομεν,
2856 4141 2954 4196 καί
2978 4140 3343 4212 συζήσομεν.
3373 4142 3583 4214 ’Ὠσπερ

2000 4229 2110 4303 7&9
2139 4230 2228 4284 τὸν
2262 4229 2490 4285 θάνατον
2520 4233 2687 4287 αὑτοῦ
2732 4234 3078 4305 ὑπομένομεν
3113 4233 3228 4299 νῦν,
3262 4234 3358 4289 καὶ
3399 4235 3583 4306 αἰρούρ

2003 4323 2143 4393 μεθα
2188 4321 2392 4387 ζῶντες
2436 4323 2730 4378 ἀποθανεῖν
2762 4325 2828 4379 δι’
2869 4324 3064 4378 αὐτόν·
3103 4324 3247 4379 οὕτω
3278 4325 3372 4379 καὶ
3418 4324 3582 4389 αὑτὸς

1999 4408 2285 4480 αἱρήσεται
2347 4409 2720 4476 ἀποθανόντας
2773 4413 3111 4485 ζωογονῆσαι
3160 4412 3303 4467 τότε.
3358 4414 3421 4466 Εἰ
3473 4413 3582 4485 7&9

2000 4502 2162 4572 ἡμεῖς
2184 4502 2292 4554 ἀπὸ
2317 4500 2463 4573 ζωῆς
2490 4504 2570 4567 εἰς
2592 4502 2820 4559 θάνατον
2842 4504 3135 4574 ἐρχόμεθα,
3163 4505 3258 4558 καί⁵
3280 4504 3443 4568 αὐτὸς
3471 4506 3585 4558 ἀπὸ

2001 4590 2234 4646 θανάτου
2293 4594 2373 4657 εἰς
2421 4572 2575 4666 ζωὴν
2624 4596 2772 4667 ἡμᾶς
2816 4572 3241 4669 χενιρ-αγωγὴσει.
3293 4597 3487 4653 ’Ὥστε
3547 4572 3613 4652 ό.

2000 4679 2257 4749 θάνατος
2286 4682 2608 4753 ἐνεργεῖται
2658 4684 2728 4739 ἐν
2770 4685 2915 4756 ἡμῖν
2935 4726 2950 4750 ,
2985 4688 3021 4754 ἠ
3056 4685 3124 4739 δὲ
3160 4685 3273 4755 ζωὴ
3309 4685 3381 4740 ἐν
3413 4685 3579 4756 ὑμῖν.

2001 4776 2197 4829 Οὐκέτι
2229 4776 2481 4847 περὶτοῦ
2526 4777 2760 4833 θανάτου
2798 4777 2993 4848 λέγων,
3035 4778 3171 4833 ἀλλά
3218 4779 3350 4851 περί
3384 4793 3582 4852 πειρα-

2002 4867 2156 4938 σμῶν
2187 4869 2280 4922 καὶ
2306 4869 2564 4936 ἀνέσεως.
2608 4869 2801 4941 Ἡμεῖς
2832 4871 2933 4941 μὲν
2961 4870 3072 4944 γὰρ
3099 4872 3157 4924 ἐν
3185 4871 3455 4937 κινδύνοις
3485 4872 3581 4926 καὶ

2001 4959 2059 5013 ἐν
2109 4962 2436 5031 πειρασμοῖς
2456 5000 2471 5026 ,
2504 4961 2699 5032 φησὶν,
2731 4962 2891 5033 ὑμεῖς
2920 4961 2978 5015 δέ
3015 4964 3072 5015 ἐν
3104 4962 3318 5030 ἀνέσει,
3368 4963 3469 5033 τὴν
3516 4964 3581 5016 ἐκ

2001 5049 2206 5103 τούτων
2230 5050 2340 5104 τῶν
2371 5051 2634 5107 κινδύνων
2663 5052 3037 5123 καρπούμενοι
3069 5053 3239 5125 ζωήν·
3263 5053 3360 5108 καί
3381 5052 3450 5107 τά
3480 5054 3581 5125 μὲν

2002 5140 2317 5195 ἐπικίνδυνα
2342 5145 2503 5213 ἡμεῖς
2531 5144 2898 5215 ὑπομένομεν,
2919 5144 3029 5198 τῶν
3058 5145 3113 5199 δὲ
3137 5144 3394 5217 χρηστῶν
3420 5145 3580 5211 ὑμεῖς

2004 5231 2326 5285 ἀπολαύετε·
2353 5233 2413 5286 οὑ
2438 5232 2548 5305 γάρ
2573 5233 2862 5297 τοσούτους
2889 5234 3191 5303 ὑπομένετε
3215 5231 3578 5305 πειρασμούς.

2008 5325 2291 5393 Ἔχοντες
2318 5323 2387 5376 δέ
2414 5324 2483 5378 τὸ
2512 5324 2660 5379 αὐτὸ
2689 5325 2925 5395 πνεῦμα
2964 5322 3078 5393 τῆς
3115 5324 3397 5391 πίστεως,
3430 5323 3583 5378 κατά

2002 5416 2069 5469 τό
2108 5413 2520 5485 γεγραμμένον
2540 5433 2555 5448 ·
2596 5417 2985 5482 Ἐπίστευσα,
3014 5415 3106 5470 διὸ
3134 5415 3415 5483 ἐλάλησα
3443 5432 3455 5444 ·
3484 5414 3583 5468 καὶ

2005 5508 2176 5578 ἡμεῖς
2196 5507 2582 5578 πιστεύομεν,
2604 5509 2697 5563 διὸ
2714 5508 2814 5563 καί
2830 5508 3162 5578 λαλοῦμεν·
3186 5506 3276 5562 ότι
3296 5510 3330 5562 ό
3350 5507 3584 5577 ἐγείρας

2002 5599 2111 5654 τὸν
2132 5600 2353 5669 Κύριον
2384 5600 2648 5669 Ἰησοῦν,
2681 5602 2780 5655 καὶ
2815 5599 2973 5671 ἡμᾶς
3005 5599 3104 5654 διὰ
3145 5598 3349 5668 Ἰησοῦ
3373 5598 3580 5668 ἐγερεῖ.

2018 5692 2349 5764 Ἀνέμνησεν
2371 5694 2521 5764 ἡμᾶς
2539 5693 2757 5765 ψαλμοῦ
2785 5692 2982 5765 πολλὴν
3004 5691 3219 5763 ἔχοντος
3241 5690 3581 5761 φιλοσοφίαν,

2007 5783 2102 5853 καὶ
2144 5782 2329 5838 ἰκανοῦ
2367 5783 2603 5853 μάλιστα
2635 5786 2693 5836 ἐν
2728 5783 2993 5845 κινδύνοις
3024 5780 3288 5848 ἀλείφειν.
3324 5779 3434 5849 Τὴν
3474 5778 3583 5848 γάρ

2010 5876 2166 5950 ῥῆσιν
2200 5874 2404 5946 ταύτην
2461 5877 2519 5931 ἐν
2576 5876 2832 5946 μεγάλοις
2882 5872 3145 5936 κινδύνοις
3189 5869 3264 5924 ὢν
3309 5870 3336 5925 ό
3378 5870 3585 5941 δίκαιος
