4068 6410
332 388 431 457 illi

331 530 363 566 ιε
386 511 582 582 quibus
602 525 709 564 non
728 506 971 577 aliunde,
991 518 1150 578 quam
1172 521 1266 579 per
1285 507 1521 565 divinam
1536 500 1715 579 epeia,
1744 525 1928 567 eruer—

331 618 458 675 gere
486 610 718 673 poterat.

405 695 461 750 2.
504 694 769 763 Quoniam
801 693 963 763 igitur
992 706 1111 762 quas
1134 701 1359 762 cognata
1402 701 1549 758 sunt,
1579 708 1825 765 magnam
1856 695 1927 750 ad

330 786 718 843 consolandum
759 786 866 839 vim
897 784 1098 840 habere
1126 786 1336 851 solent,
1366 784 1568 841 idcirco
1590 784 1724 841 dixit
1756 804 1770 840 :
1806 783 1925 839 lia-

332 882 501 935 bentes
522 878 751 933 eumdem
772 876 1050 947 spiritum;
1085 876 1138 930 id
1166 885 1270 941 est,
1299 876 1490 934 eodem
1517 877 1755 933 subsidio
1778 878 1923 944 freti,

329 986 437 1043 quo
462 971 554 1025 ille
575 984 607 1024 e
628 967 870 1040 periculo
893 975 1111 1038 ereptus
1132 976 1235 1033 est,
1258 982 1357 1021 nos
1377 982 1588 1038 quoque
1607 981 1885 1024 servantur
1907 984 1922 1022 :

331 1078 396 1121 ex
419 1062 610 1120 eodem
637 1061 859 1132 Spiritu,
884 1075 994 1130 quo
1024 1060 1112 1116 ille
1142 1059 1393 1131 loquutus
1427 1069 1543 1130 est,
1586 1075 1684 1116 nos
1713 1076 1926 1131 quoque

334 1157 623 1227 loquimur.
655 1154 860 1223 Quibus
888 1153 1067 1208 verbis
1097 1153 1226 1208 illud
1251 1152 1523 1221 ostendit,
1572 1154 1763 1208 miram
1803 1169 1926 1210 esse

333 1252 472 1325 inter
521 1247 727 1302 Novum
778 1254 835 1301 et
878 1244 1042 1299 Vetus
1091 1242 1494 1300 Testamentum
1545 1245 1921 1311 concordiam,

333 1350 495 1410 atque
544 1337 794 1393 eumdem
838 1336 1083 1406 Spiritum
1110 1349 1231 1391 esse
1258 1377 1274 1403 ,
1314 1337 1405 1406 qui
1449 1337 1504 1392 in
1548 1345 1778 1407 utroque
1815 1338 1924 1393 vim

332 1448 486 1488 suam
528 1430 861 1487 exseruerit:
894 1427 1130 1498 illudque
1172 1437 1463 1498 praeterea,
1495 1443 1601 1483 non
1632 1444 1727 1485 nos
1776 1430 1926 1486 solos

337 1527 391 1577 in
435 1524 688 1594 periculis
728 1522 963 1588 versari,
1009 1518 1106 1577 sed
1134 1522 1297 1576 etiam
1326 1530 1538 1577 veteres
1583 1536 1807 1588 oumes;
1854 1523 1925 1577 oh

335 1616 496 1683 idque
526 1614 629 1668 fide
656 1629 718 1667 ac
754 1628 851 1683 spe
877 1612 1087 1667 animos
1112 1613 1403 1683 erigendos
1426 1627 1567 1680 esse,
1596 1628 1697 1668 nec
1727 1628 1924 1684 urgen-

335 1708 465 1761 tium
490 1706 750 1761 malorum
782 1706 941 1761 linem
968 1705 1148 1761 Statim
1178 1706 1484 1776 petendum.

402 1797 593 1852 Christi
630 1798 953 1862 resurrectio,
1002 1798 1227 1850 omnium
1276 1798 1693 1852 resurrectionem
1722 1798 1921 1867 probat.

324 1918 395 1930 -—-
417 1889 705 1960 Postquam
732 1893 875 1944 enim
905 1889 1204 1944 rationibus
1226 1891 1679 1946 resurrectionem
1735 1906 1801 1947 ac
1839 1893 1922 1947 vi-

330 1992 436 2035 tam
464 1981 884 2044 demonstravit,
929 1980 1170 2052 illudque
1211 1982 1449 2051 insuper,
1481 1983 1715 2052 pericula
1748 1983 1920 2040 imbe-

328 2074 566 2128 cillitatis
592 2089 654 2128 ac
682 2073 1004 2128 desertionis
1029 2083 1405 2144 argumentum
1436 2089 1543 2129 non
1574 2091 1716 2143 esse,
1765 2075 1920 2133 dein-

329 2178 455 2235 ceps
478 2166 586 2235 jam
608 2165 764 2221 fidem
792 2166 952 2221 etiam
982 2166 1207 2234 invehit,
1229 2168 1386 2238 eique
1406 2169 1586 2223 omnia
1611 2171 1917 2225 committit.

329 2260 662 2328 Quamquam
699 2259 870 2339 ipsam
901 2274 1117 2331 quoque
1145 2269 1203 2315 ut
1233 2263 1458 2330 probet,
1506 2262 1708 2319 Christi
1736 2278 1921 2319 resur-

326 2354 624 2406 rectionem
655 2353 708 2406 in
755 2352 989 2408 medium
1021 2354 1199 2420 aliert,
1250 2370 1371 2410 cum
1401 2356 1476 2411 ait
1506 2375 1519 2409 :
1567 2356 1680 2411 Nos
1722 2375 1922 2429 quoque

324 2444 594 2508 credimus,
628 2455 840 2514 propter
856 2445 989 2516 quod
1015 2447 1287 2514 loquimur.
1312 2447 1450 2514 Quid
1471 2448 1762 2513 credimus,
1788 2450 1922 2505 heus

329 2539 431 2592 tu?
480 2536 629 2602 Quod
659 2541 705 2591 is
732 2539 821 2608 qui
844 2539 1100 2593 Christum
1125 2542 1405 2606 suscitavit,
1439 2557 1530 2596 nos
1556 2542 1708 2596 etiam
1733 2543 1928 2597 excita-

327 2632 395 2686 bit
425 2641 470 2685 et
496 2633 762 2718 constiﬁuet
783 2631 1055 2688 vobiscum;
1094 2634 1179 2688 15.
1210 2635 1396 2688 Omnia
1420 2636 1553 2688 enim
1574 2646 1779 2704 propter
1807 2653 1917 2704 eos,

327 2734 380 2775 ut
410 2726 575 2795 gratia
603 2724 911 2790 abundans,
962 2742 1051 2793 per
1080 2727 1265 2780 multos
1302 2728 1356 2780 in
1400 2728 1683 2798 gratiarum
1723 2729 1921 2782 actione

326 2816 547 2869 abundet
578 2817 628 2869 in
658 2818 870 2887 gloriam
904 2816 1019 2872 Dei.
1053 2817 1263 2873 Rursus
1289 2821 1500 2883 animos
1526 2835 1714 2875 eorum
1739 2820 1915 2887 effert,

328 2917 509 2963 utnon
544 2909 846 2965 hominibus
870 2912 1092 2980 gratiam
1125 2913 1385 2980 habeant,
1421 2913 1525 2968 hoc
1569 2924 1649 2969 est
1673 2956 1688 2980 ,
1717 2916 1916 2985 pseud-

324 3001 606 3071 npostolis.
634 3000 747 3058 Hoc
772 3016 916 3059 enim
964 3014 1131 3059 totum
1162 3004 1254 3059 Dei
1285 3015 1408 3074 est,
1437 3005 1527 3076 qui
1552 3007 1918 3077 compluribus

322 3095 610 3164 gratiﬁcari
641 3097 752 3151 vult
778 3105 837 3151 ut
870 3097 1041 3168 major
1064 3100 1235 3168 gratia
1265 3107 1539 3170 appareat.
1572 3101 1795 3170 Propter
1819 3116 1917 3157 vos

322 3185 520 3255 quippe
547 3196 599 3241 et
647 3189 977 3243 resurrectio
1022 3190 1190 3260 ipsius
1219 3192 1421 3246 exstitit
1440 3234 1455 3257 ,
1493 3201 1547 3247 et
1575 3202 1766 3248 cratera
1796 3208 1915 3248 om-

324 3276 432 3329 nia.
464 3277 646 3348 Neque
677 3281 820 3335 enim
860 3281 1016 3335 ullius
1046 3282 1322 3339 dumtaxat
1353 3285 1584 3341 hominis
1613 3302 1771 3341 causa
1801 3287 1916 3343 haec

323 3366 470 3435 fecit,
496 3371 589 3424 sed
621 3373 881 3427 omnium.
915 3373 1005 3429 16.
1037 3373 1259 3444 Propter
1302 3377 1437 3447 quod
1465 3395 1566 3432 non
1614 3380 1916 3448 deﬁcimus:

318 3461 409 3513 sed
433 3461 548 3516 licet
578 3464 642 3530 is,
681 3465 769 3534 qui
796 3466 922 3537 foris
950 3476 1044 3531 est,
1075 3477 1246 3521 noster
1270 3471 1421 3524 homo
1443 3474 1802 3541 corrumpitur,
1831 3482 1913 3525 ta-

319 3572 435 3610 men
460 3557 521 3623 is,
555 3559 641 3629 qui
671 3558 809 3613 intus
842 3568 938 3626 est,
968 3571 1239 3616 renovatur
1277 3563 1339 3617 de
1362 3566 1445 3617 die
1472 3565 1525 3618 in
1567 3568 1720 3620 diem.
1769 3566 1914 3633 Quo-

319 3648 481 3701 modo
506 3651 906 3719 corrumpitur?
934 3651 1066 3706 Cum
1096 3652 1278 3724 ﬂagris
1303 3656 1554 3722 caeditur,
1586 3658 1909 3727 exagitatur,

321 3741 593 3794 sexcentis
620 3742 1002 3799 acerbitatibus
1043 3738 1296 3801 afﬁcitur.
1329 3743 1387 3801 Is
1423 3757 1590 3802 tamen
1613 3789 1628 3813 ,
1660 3750 1746 3818 qui
1773 3750 1914 3805 intus

321 3839 418 3894 est,
443 3841 715 3884 renovatur
740 3832 802 3886 de
830 3835 913 3886 die
951 3835 1006 3889 in
1045 3836 1200 3890 diem.
1227 3837 1346 3903 Quo
1388 3846 1542 3907 pacto
1587 3841 1912 3897 renovatur?

320 3915 475 3987 Fide,
505 3937 619 3993 spe,
655 3924 816 3977 animi
852 3927 1292 3996 promptitudinc.
1319 3929 1504 3984 licetat
1544 3929 1726 3998 igitur,
1758 3940 1814 3985 ut
1843 3931 1911 3986 ad

316 4016 556 4084 pericula
578 4016 898 4087 intrepidum
921 4021 1157 4076 animum
1175 4020 1482 4077 aﬂeramus.
1502 4023 1619 4091 Quo
1639 4024 1781 4078 enim
1799 4025 1913 4095 plu-

316 4108 467 4163 ribus
489 4109 843 4165 incommodis
855 4124 1050 4181 corpus
1068 4113 1368 4180 divexatur,
1389 4129 1455 4169 eo
1471 4114 1662 4170 laetiori
1681 4130 1778 4186 spe
1797 4117 1910 4171 ani-

316 4217 439 4256 nms
468 4202 685 4268 fruitur,
713 4219 776 4258 ac
804 4204 1142 4273 splendidior
1161 4205 1411 4271 efficitur,
1431 4221 1537 4262 non
1566 4221 1723 4263 secus
1749 4218 1911 4279 atque

318 4308 529 4359 aurum,
560 4294 645 4348 cui
673 4295 812 4365 ignis
832 4294 1036 4350 diutius
1066 4295 1368 4352 adhibetur.
1397 4298 1476 4352 Ac
1499 4298 1621 4352 vide
1641 4297 1911 4370 quomodo

321 4386 604 4453 praisentis
624 4388 749 4440 vita:
769 4388 1045 4445 molestias
1068 4388 1359 4460 abstergat.
1392 4391 1479 4445 l7.
1523 4389 1591 4444 Id
1618 4393 1750 4446 enim
1774 4391 1912 4463 quod

319 4477 373 4530 in
400 4479 634 4546 praesenti
665 4487 736 4532 est
781 4488 1187 4535 momentaneum
1214 4497 1275 4535 ac
1300 4482 1404 4536 leve
1447 4482 1790 4538 tribulationis
1815 4501 1913 4540 nos

317 4579 459 4635 stne,
478 4587 635 4639 supra
653 4572 855 4626 modum
868 4573 921 4627 in
936 4573 1247 4629 sublimitate
1262 4583 1507 4630 aeternam
1523 4576 1702 4647 gloria:
1711 4578 1911 4648 pondus

318 4670 561 4733 operatur
576 4665 628 4718 in
649 4666 813 4728 nobis,
833 4666 922 4722 18.
947 4678 1051 4721 non
1070 4668 1526 4738 contemplantibus
1542 4668 1685 4723 nobis
1701 4687 1814 4739 qua:
1833 4672 1909 4724 vis

316 4755 522 4823 dentur,
550 4757 640 4810 sed
663 4770 777 4825 qua:
797 4774 896 4811 non
918 4758 1169 4812 videntur.
1197 4757 1304 4828 Spe
1326 4759 1596 4829 negotium
1624 4762 1908 4828 conclusit,

316 4846 629 4919 quedquein
648 4849 874 4918 epistola
890 4849 956 4903 ad
977 4850 1249 4905 Romanos
1263 4850 1478 4906 dicebat
1497 4868 1510 4903 :
1533 4850 1777 4922 Spesalvi
1790 4855 1915 4923 facti

318 4954 492 4993 sumus
515 4956 533 5005 ,°
559 4956 673 5009 spes
703 4951 870 4994 autem
896 4957 1010 5011 quae
1047 4942 1246 4997 videtur
1274 4958 1372 4995 non
1404 4951 1476 4996 est
1504 4958 1619 5012 spes
1644 4942 1823 5012 (Rom.
1856 4949 1910 4999 8.

319 5028 418 5099 9.4“)
444 5049 457 5085 :
481 5031 583 5088 hoc
608 5034 769 5087 etiam
798 5033 884 5089 hic
912 5034 1196 5089 adstruens
1218 5075 1233 5100 ,
1270 5035 1550 5104 prtrsentia
1575 5050 1695 5089 cum
1724 5035 1915 5091 futuris

321 5126 630 5193 componit:
672 5140 911 5195 pr.csens
947 5142 1068 5181 cum
1112 5135 1347 5192 aeterno,
1397 5126 1515 5183 leve
1557 5142 1679 5181 cum
1721 5127 1911 5197 gravi,

320 5216 718 5273 tribulationem
761 5210 889 5274 eum‘
929 5220 1120 5290 gloria.
1166 5222 1245 5275 Ac
1271 5235 1338 5274 ne
1371 5220 1473 5273 hoc
1511 5219 1728 5290 quidem
1780 5235 1912 5275 con-

323 5320 524 5375 tentus,
547 5313 773 5367 alteram
803 5329 989 5367 vocem
1015 5314 1275 5384 adjungit,
1304 5327 1530 5382 eamque
1554 5312 1912 5382 conduplicat,

317 5420 438 5457 eum
461 5404 534 5458 ait
557 5420 573 5458 :
605 5405 781 5474 Supra
804 5405 1011 5459 modum
1035 5407 1088 5460 in
1112 5405 1438 5459 sublimitate.
1465 5403 1666 5459 Deinde
1696 5403 1913 5458 modum

318 5497 572 5563 declarat,
600 5515 707 5569 quo
730 5508 808 5553 tot
827 5514 890 5553 ac
909 5508 1069 5554 tanta:
1090 5498 1409 5553 afﬂictiones
1428 5497 1574 5553 leves
1590 5495 1911 5550 efﬁciantur.

316 5588 563 5654 Quonam
592 5590 752 5659 igitur
777 5588 938 5643 modo
971 5588 1259 5644 levantur?
1292 5587 1415 5643 Non
1458 5586 1915 5656 contemplantibus

317 5680 461 5734 nobis
482 5694 597 5750 qua
616 5679 871 5744 videntur,
902 5679 992 5733 sed
1015 5694 1129 5748 quae
1156 5696 1258 5732 non
1286 5678 1538 5732 videntur.
1562 5675 1639 5731 Ita
1663 5676 1914 5729 nimirum

318 5781 374 5825 et
400 5778 697 5840 prmsentes
725 5771 988 5827 molestia:
1016 5771 1161 5826 leves
1184 5811 1201 5836 ,
1239 5780 1295 5825 et
1334 5771 1570 5825 futurum
1603 5766 1735 5824 illud
1773 5783 1914 5838 pra:-

319 5864 486 5920 mium
514 5864 702 5934 ingens
726 5862 850 5933 erit,
896 5862 939 5918 si
971 5878 1000 5918 a
1031 5846 1331 5918 visibilibus
1364 5877 1461 5918 nos
1503 5861 1904 5917 abduxerimus.

1295 384 1361 452 ΙΝ
1397 386 1614 454 EPIST.
1656 390 1700 452 ii
1760 391 1853 454 AD
1887 392 2046 457 COR.
2085 397 2316 462 HOMIL.
2359 406 2452 463 IX.

3523 422 3627 478 ως

2040 514 2169 582 Qui:
2193 521 2327 573 enim
2355 520 2591 577 videntur
2614 529 2924 597 tentpararia
2951 541 3089 585 sunt.
3112 528 3255 603 Ergo
3276 542 3329 590 et
3356 535 3621 605 ejusmodi

2032 616 2159 664 sunt
2193 610 2531 671 afllictiones.
2575 618 2706 686 Qua
2745 631 2913 677 autem
2958 641 3060 679 non
3102 627 3356 696 videntur,
3409 640 3623 689 (eterna.

2032 699 2199 771 Igitur
2211 714 2266 759 et
2280 720 2494 763 corona:
2505 726 2717 782 quoque
2735 715 2888 769 tales.
2906 716 3015 773 Nec
3030 718 3188 784 dixit,
3209 720 3363 776 Tales
3380 734 3503 778 sunt
3525 731 3623 779 tri-

2031 790 2354 864 bulationes,
2376 798 2493 865 sed,
2524 801 2653 867 Quae
2682 805 2910 859 ridentur
2930 809 3130 875 omnia,
3154 810 3267 865 sive
3300 814 3620 883 supplicium

2033 881 2201 947 dicas,
2225 887 2339 942 sive
2365 890 2596 958 quietem
2623 911 2637 947 :
2664 904 2723 949 ut
2748 911 2853 951 non
2881 898 2951 954 sit
2977 912 3074 953 cur
3093 911 3186 955 aut
3218 902 3343 957 hinc
3367 881 3612 961 emollia-

2032 974 2131 1040 ris,
2152 987 2246 1030 aut
2266 979 2414 1036 illinc
2438 981 2715 1053 frangaris.
2739 986 3000 1054 Quocirca
3026 1007 3127 1047 nec
3151 994 3219 1048 de
3245 993 3438 1049 futuris
3458 998 3624 1054 verba

2030 1064 2252 1136 faciens,
2282 1073 2435 1142 dixit,
2463 1068 2706 1149 Regnum
2732 1091 3028 1151 ueternum;
3058 1086 3184 1151 sed,
3235 1087 3365 1152 ρυω
3400 1106 3499 1144 non
3543 1092 3622 1144 vi-

2032 1159 2235 1227 dentur,
2266 1176 2458 1220 (eterna
2481 1180 2616 1236 sunt,
2650 1172 2766 1227 sive
2792 1189 3012 1245 regnum
3041 1177 3142 1244 sit,
3167 1179 3278 1233 sive
3303 1181 3570 1236 cruciatus
3603 1199 3618 1234 :

2031 1266 2089 1307 ut
2109 1265 2165 1309 et
2186 1255 2311 1313 hinc
2334 1267 2595 1317 terrorem
2622 1265 2775 1319 nobis
2801 1267 3043 1335 incutiat,
3063 1277 3119 1323 et
3140 1270 3285 1326 illinc
3306 1287 3404 1327 nos
3424 1272 3622 1327 adhor-

2033 1356 2192 1405 tetur.
2225 1349 2357 1405 Cum
2383 1353 2543 1422 igitur
2562 1372 2678 1426 qum
2710 1358 2959 1414 videntur
2985 1362 3294 1432 temporalia
3325 1365 3460 1427 sint,
3502 1381 3622 1435 qua:

2029 1446 2207 1493 autem
2236 1457 2340 1496 non
2364 1442 2627 1511 videntur,
2656 1458 2876 1511 aeterna,
2901 1450 2965 1503 ad
2998 1450 3112 1507 h;ec
3139 1454 3415 1507 oculorum
3446 1458 3624 1510 aciem

2031 1531 2391 1591 intendamus.
2426 1538 2603 1607 Ecqua
2628 1540 2771 1594 enim
2801 1543 2956 1597 nobis
2984 1546 3265 1600 excusatio
3287 1546 3461 1601 futura
3509 1557 3613 1611 e-t.

2029 1622 2075 1675 si
2121 1622 2261 1679 ﬂuxa
2296 1630 2639 1698 sempiternis
2669 1635 3103 1703 prmtulerimus?
3152 1636 3284 1691 Nam
3315 1641 3413 1693 etsi
3453 1656 3621 1696 suave

2030 1723 2114 1769 est
2133 1717 2274 1785 quod
2304 1735 2541 1788 praisens
2578 1733 2689 1788 est,
2718 1741 2823 1781 non
2855 1736 2938 1781 est
2965 1737 3141 1783 tamen
3169 1739 3521 1801 perpetuum;
3567 1740 3625 1789 at

2029 1809 2329 1877 acerbitas,
2379 1829 2498 1884 qua:
2550 1832 2618 1871 ex
2665 1817 2765 1873 hac
2808 1823 3073 1877 suavitate
3110 1824 3367 1888 nascitur,
3415 1840 3516 1881 nec
3554 1826 3620 1879 il-

2029 1917 2153 1957 nem
2206 1904 2365 1960 habet
2406 1923 2506 1963 nec
2552 1912 2782 1966 veniam.
2816 1914 2985 1979 Quam
3034 1916 3178 1969 enim
3219 1920 3624 1975 excusationem

2032 1987 2264 2050 habituri
2295 2008 2440 2065 sunt,
2470 2001 2581 2070 qui,
2607 2016 2730 2057 eum
2753 2005 2998 2072 spiritum
3026 2009 3330 2076 acceperint
3367 2018 3621 2080 tantoque

2029 2084 2293 2143 beneﬂcio
2313 2088 2485 2147 allecti
2509 2092 2638 2159 sint,
2661 2094 2885 2165 objectis
2907 2105 3108 2152 tantum
3132 2100 3292 2154 rebus
3310 2100 3621 2157 incumbunt

2028 2188 2189 2248 atque
2228 2182 2279 2235 in
2310 2188 2449 2237 terra
2479 2184 2859 2241 collabantur?
2888 2187 3100 2244 Etenim
3131 2191 3435 2260 complures
3463 2193 3628 2247 audio

2027 2272 2117 2341 qui
2142 2271 2383 2328 ridiculis
2418 2274 2567 2330 hisce
2602 2277 2779 2331 verbis
2811 2286 3033 2334 utuntur
3064 2299 3079 2332 :
3124 2280 3198 2334 Da
3227 2280 3357 2336 mihi
3399 2281 3619 2339 hodier-

2026 2378 2155 2419 num
2184 2365 2345 2431 diem,
2374 2376 2429 2421 et
2450 2374 2504 2422 tu
2526 2370 2818 2424 crastinum
2862 2386 3034 2427 sume.
3062 2371 3193 2427 Nam
3222 2374 3269 2428 si
3298 2374 3418 2428 talis
3455 2383 3540 2431 est
3565 2375 3621 2430 in

2025 2455 2205 2511 futuro
2236 2474 2355 2513 ιιιιό
2396 2475 2574 2514 rerum
2614 2470 2819 2529 status,
2845 2464 3057 2532 qualem
3085 2464 3296 2529 dicitis,
3327 2482 3489 2521 unum
3521 2483 3619 2537 pr»

2026 2563 2134 2603 uno
2165 2548 2325 2604 fuerit
2358 2570 2372 2606 :
2406 2551 2449 2606 si
2480 2569 2607 2606 vero
2631 2568 2699 2608 ex
2728 2555 2790 2608 iis
2821 2555 2951 2609 nihil
2979 2556 3201 2609 omnino
3230 2565 3348 2620 est,
3389 2557 3495 2611 duo
3521 2573 3621 2627 pro

2025 2641 2195 2695 nihilo
2226 2653 2404 2698 erunt.
2437 2644 2573 2712 Quid
2621 2645 2705 2700 his
2730 2647 2949 2701 vocibus
2976 2649 3291 2703 sceleratius
3311 2689 3326 2713 ,
3355 2649 3482 2718 quid
3514 2650 3612 2703 de-

2024 2735 2256 2788 mentius
2287 2735 2410 2806 tingi
2458 2738 2675 2805 potest?
2716 2730 2827 2793 Nos
2870 2738 2939 2794 de
2982 2739 3115 2793 czelo
3150 2738 3503 2799 disserimus.
3547 2740 3616 2797 de

2024 2828 2233 2881 arcanis
2263 2835 2318 2881 et
2342 2828 2701 2884 ineﬂ‘ahilibus
2722 2830 2828 2884 illis
2848 2831 3041 2895 bouis;
3071 2841 3125 2885 et
3149 2843 3203 2885 tu
3228 2831 3387 2886 verba
3416 2848 3446 2887 e
3471 2832 3617 2888 circo

2025 2919 2184 2988 petita
2220 2920 2272 2973 in
2303 2920 2537 2974 medium
2570 2919 2797 2991 profers,
2830 2937 2929 2976 nec
2962 2922 3163 2991 pudore
3191 2921 3516 2979 suﬂ'underis
3553 2940 3616 2981 ea

2024 3011 2384 3081 proloquens,
2424 3026 2545 3080 qua:
2588 3023 2770 3067 mente
2818 3022 3097 3082 captorum
3151 3013 3424 3068 hominum
3457 3023 3613 3080 sunt,

2023 3117 2123 3157 nec
2166 3100 2472 3168 erubescis,
2519 3104 2871 3173 prmsentibus
2922 3105 3080 3160 rebus
3126 3106 3194 3158 ita
3243 3104 3479 3159 iuiixus?
3508 3119 3616 3159 non

2021 3192 2269 3262 desipere
2295 3207 2358 3247 ac
2385 3201 2563 3249 mente
2591 3194 2853 3250 escedere
2899 3195 3115 3250 desines
3140 3237 3156 3261 ,
3188 3206 3347 3267 atque
3378 3196 3427 3249 in
3464 3195 3616 3266 juvc-

2020 3283 2112 3338 nili
2145 3292 2303 3339 mtate
2331 3283 2605 3340 delirare?
2635 3284 2786 3352 Quod
2817 3285 2862 3339 si
2904 3284 3020 3341 haec
3048 3286 3210 3343 verba
3242 3302 3305 3344 ex
3332 3288 3611 3357 gentilium

2021 3389 2117 3430 ore
2142 3375 2505 3442 mitterentur,
2528 3376 2657 3431 nihil
2688 3379 2884 3432 mirum
2910 3385 3056 3432 esset
3081 3396 3094 3431 :
3121 3386 3176 3431 at
3200 3393 3327 3433 vero
3352 3380 3454 3434 tide
3479 3394 3615 3448 pra»

2020 3466 2163 3522 dites
2186 3469 2434 3523 homines
2459 3468 2723 3538 ejusmodi
2750 3484 3028 3524 sermones
3051 3469 3282 3535 effutire,
3313 3486 3470 3539 quam
3497 3478 3613 3524 tan-

2020 3556 2142 3612 dem
2176 3559 2387 3613 veniam
2419 3559 2614 3614 mereri
2639 3558 2691 3613 id
2721 3559 2917 3627 queat?
2946 3574 3013 3612 an
3042 3574 3166 3629 spes
3197 3560 3316 3613 illas
3338 3561 3614 3614 immorta‘

2021 3649 2098 3706 les
2118 3652 2338 3706 omnino
2359 3662 2639 3722 suspectas
2669 3651 2878 3707 habes?
2904 3666 2971 3707 an
3004 3651 3119 3706 ha-c
3161 3667 3379 3722 prorsus
3410 3652 3611 3708 incerta

2017 3756 2140 3797 esse
2155 3743 2377 3799 censes?
2398 3758 2501 3813 qua
2526 3742 2741 3799 tandem
2756 3743 2908 3799 venia
2929 3743 3045 3798 haec
3059 3743 3217 3813 digna
3240 3759 3359 3799 esse
3377 3744 3612 3815 queant?

2018 3835 2085 3890 Et
2107 3835 2376 3905 quisnam,
2406 3836 2671 3904 inquiunt,
2697 3834 2764 3889 ad
2791 3850 2889 3891 nos
2917 3836 3059 3889 venit
3080 3876 3096 3902 ,
3127 3849 3192 3891 ac
3233 3851 3354 3905 quae
3386 3835 3495 3889 illic
3519 3850 3612 3905 ge-

2018 3936 2205 3982 rantur
2242 3928 2527 3997 exposuit?
2572 3928 2856 3982 llomiuum
2894 3942 3025 3983 sane
3068 3942 3268 3993 nemo,
3322 3927 3416 3983 sed
3469 3928 3613 3984 Deus

2018 4019 2152 4089 ipse,
2185 4020 2423 4075 omnium
2451 4018 2554 4073 fide
2580 4018 2926 4090 dignissimus
2947 4060 2961 4084 ,
3011 4018 3127 4073 lucc
3164 4018 3476 4074 declaravit.
3505 4020 3612 4076 Sed

2018 4128 2125 4167 non
2153 4113 2304 4168 vides
2331 4128 2419 4167 res
2447 4113 2607 4167 illas?
2633 4112 2816 4183 Neque
2842 4112 2985 4166 enim
3034 4111 3203 4166 Deum
3231 4111 3410 4166 cernis
3439 4128 3453 4165 :
3482 4112 3611 4183 quid

2018 4220 2147 4275 ergo
2173 4246 2188 4270 ,
2220 4220 2287 4259 an
2318 4204 2544 4274 proinde
2576 4204 2740 4259 Deum
2770 4219 2891 4258 esse
2920 4218 3026 4257 non
3069 4203 3399 4259 existimabis
3424 4245 3439 4268 ,
3489 4204 3612 4274 quia

2017 4310 2141 4350 eum
2165 4310 2270 4348 non
2301 4293 2495 4349 vides?
2522 4294 2591 4348 Et
2617 4294 2772 4349 valde
2801 4292 3015 4361 quidem
3042 4293 3312 4361 existimo,
3342 4293 3573 4363 inquies.

2090 4388 2143 4443 5.
2188 4387 2352 4456 Igitur
2390 4388 2435 4441 si
2476 4387 2739 4456 quispiam
2784 4402 2851 4442 ex
2883 4386 3188 4442 infidelibus
3236 4398 3609 4457 percontetur,

2018 4478 2216 4549 Ecquis
2236 4494 2268 4535 e
2296 4478 2429 4534 caelo
2451 4479 2618 4545 venit,
2639 4486 2799 4548 atque
2821 4479 2940 4534 lucc
2964 4480 3204 4534 narravit
3228 4498 3242 4532 :
3276 4480 3402 4548 quid
3433 4481 3609 4536 dictu-

2018 4587 2112 4626 rus
2141 4572 2244 4626 es?
2273 4570 2412 4627 unde
2441 4572 2582 4627 nosti
2614 4573 2779 4627 Deum
2809 4572 2975 4628 esse?
3004 4573 3087 4628 Ab
3126 4573 3192 4627 iis
3220 4575 3379 4629 rebus
3409 4590 3528 4644 qum
3559 4576 3611 4629 in

2018 4673 2295 4734 aspectum
2322 4663 2543 4730 eadunt,
2573 4664 2799 4734 inquies,
2824 4663 2893 4717 ab
2925 4679 2990 4720 eo
3016 4664 3223 4730 ordine,
3254 4666 3343 4735 qui
3368 4666 3420 4719 in
3453 4667 3614 4721 rebus

2018 4756 2270 4810 omnibus
2294 4754 2527 4810 conditis
2558 4756 2733 4810 elucet
2767 4773 2778 4807 :
2825 4755 2949 4809 hinc
2992 4755 3221 4825 denique
3249 4756 3391 4826 quod
3431 4757 3501 4815 de
3546 4773 3616 4812 eo

2022 4846 2163 4902 inter
2183 4862 2373 4902 omnes
2402 4857 2634 4903 constat.
2666 4848 2755 4905 Sic
2776 4848 2935 4918 igitur
2957 4864 3262 4904 sermonem
3293 4865 3509 4920 quoque
3542 4850 3616 4906 de

2022 4948 2265 4995 extremo
2286 4938 2492 5007 judicio
2518 4939 2728 5008 excipe.
2757 4940 2873 5006 Quo
2901 4942 3089 5008 pacto?
3110 4940 3335 5009 inquies.
3383 4941 3620 4995 Percon-

2024 5032 2178 5084 tabor
2201 5038 2286 5094 te;
2317 5040 2371 5084 tu
2400 5045 2530 5086 vero
2557 5030 2845 5100 responde.
2877 5030 3133 5087 Justusne
3183 5030 3268 5086 hic
3310 5032 3453 5087 Deus
3476 5073 3491 5096 ,
3544 5047 3614 5086 an

2021 5125 2215 5193 cuique
2258 5124 2400 5193 quod
2432 5134 2668 5180 meretur
2712 5124 2928 5191 tribuit;
2975 5139 3042 5178 an
3086 5133 3271 5179 contra
3321 5125 3616 5181 sceleratos

2024 5216 2220 5270 ﬂorere
2246 5224 2406 5284 atque
2434 5217 2484 5270 iu
2532 5216 2740 5272 deliciis
2766 5218 2969 5272 versari
3014 5218 3158 5284 vult,
3208 5219 3407 5287 probos
3437 5227 3614 5275 autem

2022 5308 2289 5362 contraria
2318 5307 2557 5364 habere?
2600 5308 2840 5373 Minime,
2870 5310 3078 5379 inquies
3108 5327 3122 5365 :
3153 5325 3276 5365 nam
3308 5326 3379 5367 ne
3411 5311 3615 5367 honuni

2023 5397 2239 5469 quidem
2264 5399 2366 5453 hoc
2392 5399 2666 5454 acciderit.
2701 5399 2925 5455 Ubinam
2956 5401 3134 5471 igitur,
3164 5401 3252 5472 qui
3281 5402 3533 5458 virtutem
3562 5401 3616 5456 in

2023 5489 2125 5545 hac
2154 5491 2261 5546 vita
2287 5491 2587 5556 coluerunt,
2621 5491 2777 5546 bonis
2826 5492 3108 5549 fruentur?
3148 5493 3379 5550 Ubinam
3429 5504 3616 5549 rursus

2023 5581 2281 5653 improbis
2311 5597 2468 5652 pteua
2515 5584 2803 5639 constituta
2828 5583 2959 5650 erit,
3009 5586 3054 5640 si
3085 5585 3230 5640 nulla
3278 5588 3410 5643 vita.
3466 5583 3615 5638 india

2022 5689 2251 5737 merces,
2282 5684 2372 5728 aut
2399 5689 2553 5742 paena
2585 5673 2759 5729 futura
2784 5675 2908 5730 est?
2939 5675 3169 5732 Videsne
3192 5718 3209 5742 ,
3260 5674 3400 5745 quod
3449 5689 3613 5729 unum

2024 5779 2123 5833 pro
2151 5780 2257 5820 uno
2286 5764 2466 5819 adhuc
2494 5773 2616 5830 est,
2646 5774 2701 5820 et
2724 5782 2830 5820 non
2862 5767 2969 5821 duo
3000 5782 3096 5838 pro
3142 5767 3283 5821 tino?
3328 5766 3438 5836 Ego
3483 5779 3611 5819 vero

2028 5857 2155 5913 illud
2182 5858 2273 5914 tibi
2304 5857 2604 5925 ostendam,
2635 5874 2701 5913 uc
2730 5874 2890 5914 unum
2919 5858 3132 5929 quidem
3159 5877 3256 5930 pro
3285 5878 3390 5913 uno
3420 5861 3616 5929 improe
