4068 6498
475 419 579 486 363

470 540 571 596 bos
599 543 802 599 habere
826 583 841 609 ,
873 541 966 597 sed
1005 540 1114 596 duo
1144 555 1240 610 pro
1267 555 1375 594 uno
1419 539 1580 608 jnStis
1626 540 1860 592 futurum
1913 551 2059 603 esse,

475 633 846 699 peccatoribus
893 646 1022 686 vero
1068 639 1122 686 et
1160 629 1535 685 de!iciantibus
1583 639 1768 684 contra
1819 628 2059 682 omnino.

469 723 604 779 Nam
634 727 722 796 qui
753 727 803 778 iu
837 723 935 778 hac
968 724 1074 778 vita
1110 738 1170 778 se
1209 723 1569 792 voluptatibus
1609 722 1948 787 dediderunt,
1995 737 2060 775 ne

471 831 634 868 unum
665 815 876 884 quidem
907 829 1002 882 pro
1033 829 1140 868 uno
1165 823 1483 883 acceperunt
1510 831 1522 866 :
1546 814 1635 884 qui
1665 822 1844 866 autem
1875 812 1925 864 in
1949 812 2059 864 vir-

471 913 580 958 tute
605 905 762 958 vitam
796 904 1015 968 ducunt,
1051 903 1156 959 duo
1189 920 1286 974 pro
1317 919 1442 958 uno.
1474 903 1611 969 Utri,
1645 918 1850 974 qua-so,
1885 903 1937 956 in
1962 917 2054 956 vo-

470 997 672 1063 luptate
699 1005 822 1048 sunt
844 1034 860 1060 ,
909 995 998 1064 qui
1033 997 1282 1064 prmsenti
1317 996 1420 1050 vita
1454 996 1607 1050 abusi
1640 1004 1801 1060 sunt,
1850 1011 1916 1047 an
1969 993 2058 1063 qui

470 1086 826 1155 philosophia:
848 1101 1067 1156 Operam
1093 1087 1382 1143 dederunt?
1405 1087 1484 1142 Tu
1504 1087 1727 1142 fortasse
1752 1087 1873 1140 illos
1889 1086 2055 1151 dices;

468 1191 568 1246 ego
611 1185 789 1230 autem
821 1177 918 1231 hos
948 1193 1070 1232 esse
1112 1177 1412 1241 ostendam,
1443 1188 1497 1233 et
1539 1178 1754 1248 quidem
1783 1191 1878 1231 eos
1910 1176 2058 1246 ipsos

469 1278 634 1323 testes
658 1269 852 1332 citans,
886 1269 1038 1340 queis
1065 1272 1420 1340 prsesentibus
1443 1270 1601 1324 bonis
1645 1268 1749 1322 frui
1779 1268 2003 1339 contigit
2041 1286 2054 1323 :

468 1378 570 1418 nec
600 1379 727 1418 vero
757 1363 828 1418 ita
871 1362 1121 1433 pcrfricta
1167 1364 1342 1419 fronte
1369 1372 1564 1430 erunt,
1609 1371 1668 1418 ut
1708 1363 1966 1417 adversus
1995 1376 2056 1416 ea

466 1473 588 1526 qua:
615 1457 857 1512 dicturus
882 1472 1036 1524 sum,
1075 1458 1170 1512 niti
1216 1457 1468 1512 audeant.
1508 1456 1640 1511 Nam
1684 1464 1739 1512 et
1789 1456 2056 1527 pronubas

467 1563 611 1618 smpe
638 1548 769 1603 diris
796 1549 1048 1603 omnibus
1071 1549 1429 1613 devoverunt,
1461 1551 1740 1620 ipsumque
1777 1546 1918 1600 diem
1950 1559 2056 1616 quo

469 1641 687 1696 thalami
713 1642 864 1696 strati
896 1651 1062 1708 sum,
1104 1656 1304 1711 eosque
1328 1640 1514 1696 felices
1541 1639 1933 1710 praedicarunt,
1965 1637 2055 1707 qui

466 1746 695 1786 uxorem
722 1746 826 1788 non
867 1732 1156 1787 duxerunt.
1200 1731 1348 1787 Multi
1387 1747 1596 1803 quoque
1634 1731 1862 1801 juvenes
1886 1772 1901 1795 ,
1933 1745 2055 1785 cum

465 1823 687 1879 ineundi
731 1825 1055 1880 matrimonii
1103 1833 1340 1894 potestas
1387 1835 1568 1892 esset,
1624 1840 1729 1880 non
1786 1824 1945 1879 aliam
1985 1826 2054 1881 ob

463 1930 680 1971 causam
720 1917 1059 1982 abnuerunt,
1100 1933 1258 1987 quant
1299 1919 1370 1973 ob
1419 1918 1494 1973 rei
1541 1916 1899 1972 incommoda.
1945 1916 2055 1973 Nec

462 2025 594 2066 vero
622 2009 736 2065 lucc
761 2027 827 2066 eo
851 2027 880 2064 a
931 2027 1017 2066 me
1053 2013 1323 2080 dicuntur,
1352 2023 1412 2069 ut
1464 2012 1862 2068 matrimonium
1892 2025 2054 2067 aecu-

462 2119 577 2160 sem
603 2122 618 2169 ;
653 2105 967 2164 honorabile
997 2110 1178 2175 enim;
1208 2108 1304 2164 sed
1333 2121 1429 2164 eos
1451 2149 1466 2175 ,
1498 2109 1588 2178 qui
1619 2122 1685 2162 eo
1728 2115 2055 2176 praepostere

463 2198 544 2252 usi
573 2209 715 2254 sunt.
752 2201 904 2266 Quod
933 2203 976 2257 si
1008 2202 1045 2256 ii
1070 2203 1161 2273 qui
1189 2202 1586 2257 matrimonium
1615 2201 1868 2260 inierunt.
1897 2213 2053 2254 acer-

461 2289 739 2345 bissimam
786 2293 1103 2364 plerumque
1146 2293 1286 2348 hanc
1327 2294 1488 2347 vitam
1545 2307 1666 2347 esse
1711 2291 2048 2362 iudicarunt,

460 2381 586 2450 quid
613 2381 680 2438 de
707 2383 771 2438 iis
799 2383 1064 2448 dicemus,
1097 2385 1188 2455 qui
1214 2385 1266 2440 in
1300 2383 1716 2455 prostibulorum
1745 2384 2050 2453 voraginem

462 2473 693 2542 prolapsi
725 2485 871 2540 sunt,
906 2491 968 2530 ac
999 2478 1212 2546 captivo
1241 2478 1430 2548 quovis
1453 2477 1700 2531 servilius
1727 2485 1782 2531 et
1804 2477 2050 2532 miserius

459 2577 581 2621 sese
603 2564 936 2621 affecerunt?
966 2568 1090 2637 quid
1118 2568 1184 2624 de
1214 2569 1313 2634 iis,
1344 2570 1432 2638 qui
1463 2568 1515 2623 in
1545 2567 1857 2623 deliciarum
1895 2582 2053 2623 coeno

457 2671 902 2734 compntruernnt
923 2703 938 2727 ,
962 2676 1026 2717 ac
1055 2662 1326 2717 sexcentis
1357 2661 1559 2716 morbis
1583 2676 1779 2730 corpus
1811 2661 2052 2716 involve-

457 2754 615 2808 runt?
642 2755 712 2808 At
735 2753 902 2822 gloria
934 2754 1137 2823 pollere
1168 2753 1325 2809 dulce
1359 2762 1460 2810 est.
1489 2752 1633 2808 Nihil
1665 2751 1765 2808 hac
1794 2753 2053 2808 servitute

455 2847 730 2903 acerbius.
755 2846 889 2901 Nam
918 2848 1011 2916 qui
1040 2847 1112 2902 ita
1141 2845 1319 2902 inanis
1337 2847 1519 2916 gloria:
1547 2845 1838 2915 cupiditate
1864 2855 2052 2916 captus

454 2948 563 3005 est,
599 2946 656 2993 ut
684 2936 1012 3008 quibuslibet
1051 2939 1266 3008 placens
1318 2938 1566 3004 studeat,
1613 2939 1892 3007 mancipiis
1933 2939 2050 3009 qui-

457 3029 637 3084 busvis
665 3030 914 3086 servilior
937 3037 1021 3086 est
1055 3047 1067 3083 :
1101 3031 1190 3100 qui
1221 3041 1403 3086 autem
1431 3046 1548 3085 eam
1590 3031 1778 3097 calcat,
1806 3047 1906 3085 nec
1933 3032 2052 3101 glos-

454 3121 593 3176 riam
623 3121 897 3177 hominum
927 3132 1102 3190 curat,
1131 3125 1385 3178 omnibus
1416 3124 1663 3193 superior
1689 3131 1791 3178 est.
1823 3125 1892 3178 At
1918 3139 2050 3194 Opes

457 3213 653 3269 habere
703 3223 786 3270 est
832 3216 1217 3285 expetendum.
1253 3215 1450 3271 Verum
1479 3230 1509 3269 a
1563 3216 1716 3270 nobis
1769 3231 1912 3286 saepe
1956 3216 2050 3271 de-

457 3315 813 3361 monstratum
837 3315 940 3372 est,
969 3322 1069 3363 eos
1097 3308 1265 3378 magis
1294 3306 1497 3362 divitiis
1522 3316 1578 3362 et
1594 3309 1774 3377 quiete
1804 3307 1928 3375 frui,
1957 3308 2048 3377 qui

454 3397 647 3467 Opibus
671 3399 823 3453 vacui
852 3442 868 3464 ,
902 3399 1034 3454 nihil
1079 3400 1297 3455 habent.
1331 3399 1436 3455 Sed
1467 3400 1716 3454 inebriari
1751 3413 1914 3455 suave
1943 3407 2044 3455 est.

463 3492 528 3546 Et
554 3491 674 3562 quis
695 3491 798 3547 hoc
823 3491 1054 3546 dixerit?
1082 3493 1345 3560 Quocirca
1370 3494 1414 3548 si
1444 3493 1660 3547 suavius
1686 3501 1789 3560 est,
1832 3493 2045 3562 inopem

453 3597 574 3640 esse
611 3600 768 3656 quam
811 3584 1066 3652 divitem,
1109 3601 1138 3640 a
1184 3586 1528 3640 matrimonio
1571 3585 1842 3640 abstinere
1884 3599 2046 3654 quam

455 3677 855 3731 matrimonium
875 3679 1074 3741 subire,
1109 3678 1318 3733 inanem
1342 3677 1566 3748 gloriam
1588 3677 1864 3747 aspernari
1883 3691 2045 3746 quam

451 3779 723 3840 appetere,
752 3787 780 3823 a
805 3769 1013 3825 deliciis
1039 3770 1334 3826 abhorrere
1359 3787 1520 3841 quam
1551 3770 1759 3826 deliciis
1785 3769 2003 3824 studere
2027 3786 2041 3822 :

451 3871 507 3915 et
561 3861 646 3915 hic
696 3862 816 3932 plus
871 3862 1069 3917 habent
1120 3863 1157 3917 ii
1211 3863 1302 3933 qui
1359 3863 1716 3932 praesentibus
1761 3877 1867 3916 non
1917 3869 2046 3916 sunt

450 3952 619 4008 affixi.
670 3953 785 4008 lloc
829 3964 1006 4010 autem
1055 3953 1204 4018 dico,
1238 3953 1381 4023 quod
1425 3955 1508 4008 vir
1552 3953 1768 4022 quidem
1818 3953 2040 4023 probus,

448 4046 666 4099 tametsi
699 4046 992 4101 innumeris
1007 4046 1288 4101 tormentis
1299 4046 1658 4112 excrucietur,
1681 4044 1839 4100 habet
1859 4053 2042 4100 tamen

450 4153 602 4207 :pv'm
643 4138 842 4205 lmtam,
873 4154 990 4208 qua:
1037 4139 1208 4209 ipsum
1241 4138 1426 4195 fulciat
1459 4157 1473 4191 :
1534 4139 1809 4209 improbus
1854 4150 2040 4195 contra

446 4233 610 4284 ctiam
636 4231 679 4285 si
713 4232 1004 4287 innumeris
1033 4233 1392 4302 voluptatibus
1413 4231 1640 4296 fruatur,
1672 4232 1834 4288 habet
1859 4241 2039 4287 tamen

452 4321 612 4376 futuri
652 4323 894 4392 supplicii
922 4334 1143 4390 metum,
1168 4324 1493 4392 voluptatem
1527 4324 1692 4393 ipsius
1721 4325 2040 4395 perturban-

448 4424 579 4469 tem.
609 4412 742 4468 Nam
768 4429 834 4468 ne
856 4413 941 4466 hic
966 4414 1180 4483 quidem
1208 4414 1453 4484 supplicii
1481 4415 1669 4470 modus
1697 4431 1898 4486 parvus
1923 4425 2037 4480 est;

448 4507 748 4560 contrarius
769 4519 919 4569 vero,
938 4505 1226 4575 voluptatis
1254 4516 1309 4560 et
1331 4507 1728 4562 oblectationis.
1759 4509 1852 4563 Est
1872 4509 2034 4564 etiam

450 4599 637 4653 tertius
654 4598 842 4653 modus
860 4607 1056 4669 prteter
1075 4599 1106 4652 h
1118 4615 1172 4653 :is
1189 4599 1342 4653 duos.
1367 4598 1594 4665 Quinam
1616 4599 1866 4655 tandem?
1883 4599 2036 4667 Quod

450 4689 670 4759 hujusce
692 4690 1034 4744 vitzedelicia:
1056 4705 1122 4744 ne
1142 4699 1248 4743 tum
1267 4691 1482 4760 quidem
1499 4701 1785 4762 apparent,
1811 4707 1931 4746 cum
1954 4692 2042 4747 ad-

447 4791 594 4849 sunt,
622 4791 805 4852 utpote
831 4797 966 4854 quas
994 4794 1050 4838 et
1080 4793 1269 4839 natura
1301 4795 1354 4839 et
1382 4795 1589 4855 tempus
1616 4795 1870 4857 coarguat
1897 4803 1910 4840 :
1935 4786 2040 4841 illa:

447 4881 632 4927 contra
653 4888 757 4926 non
780 4873 942 4928 modo
961 4883 1102 4940 sunt,
1138 4875 1231 4928 sed
1261 4876 1428 4930 firma:
1454 4891 1666 4946 quoque
1690 4885 1927 4930 manent.
1952 4876 2042 4932 Vi-

447 4966 571 5022 den
598 4967 740 5036 quod
768 4984 874 5022 non
899 4967 1057 5022 modo
1082 4968 1190 5023 duo
1223 4984 1319 5038 pro
1349 4970 1515 5035 nullo,
1570 4969 1665 5024 sed
1713 4970 1874 5024 etiam
1913 4971 2035 5038 tria,

446 5059 703 5130 quinque,
733 5068 891 5130 atque
919 5059 1055 5117 adeo
1079 5070 1330 5116 sexcenta
1358 5076 1457 5130 pro
1483 5061 1630 5116 nullo
1653 5075 1854 5130 ponere
1879 5071 2038 5131 pote-

449 5153 658 5207 rimus?
681 5153 834 5219 Quod
860 5162 916 5208 ut
941 5155 1191 5223 exemplo
1223 5154 1513 5223 intelligas,
1545 5154 1695 5207 dives
1723 5153 1811 5208 ille
1840 5170 1902 5208 ac
1931 5154 2036 5209 La-

447 5259 623 5310 zarus,
655 5244 746 5300 ille
773 5246 1078 5315 praesentia,
1123 5246 1208 5300 hic
1239 5244 1417 5298 futura
1454 5245 1707 5314 percepit.
1741 5247 1824 5299 An
1876 5260 2038 5312 porro

449 5352 612 5391 unum
636 5347 690 5392 et
721 5353 885 5392 unum
908 5353 1029 5394 esse
1057 5339 1245 5392 statuis
1273 5351 1369 5406 per
1395 5351 1555 5391 omne
1587 5345 1798 5405 tempus
1820 5336 1993 5406 puniri
2023 5378 2039 5402 ,

447 5442 607 5501 atque
652 5433 718 5486 ad
747 5433 994 5504 exiguam
1037 5432 1224 5486 horam
1265 5432 1406 5485 fame
1437 5445 1566 5484 vexa
1582 5431 1667 5484 ri?
1723 5431 1775 5483 in
1824 5430 2041 5485 mortali

447 5539 670 5593 corpore
692 5535 972 5595 argrotare,
996 5533 1051 5578 et
1077 5525 1129 5578 in
1153 5521 1440 5576 immortali
1463 5523 1716 5577 acerbum
1743 5523 1796 5576 in
1819 5520 2040 5576 modum

451 5619 570 5688 igne
594 5619 865 5674 cruciari?
916 5633 1078 5689 parvo
1110 5618 1200 5671 illo
1243 5619 1430 5673 morbo
1462 5618 1840 5686 perfunctum,
1881 5633 2040 5672 coro-

450 5711 563 5763 nari
591 5720 645 5764 et
674 5710 888 5764 aeternis
919 5719 1102 5780 postea
1129 5709 1334 5764 deliciis
1355 5708 1726 5765 circumfluere
1751 5727 1765 5774 ;
1795 5717 1887 5762 aut
1915 5717 2042 5778 post

452 5799 666 5856 brevem
712 5799 944 5856 fructum
975 5801 1317 5872 sempiternis
1350 5811 1538 5872 postea
1591 5801 1872 5870 suppliciis
1923 5809 2042 5854 tor-

454 5888 647 5962 queri?
673 5902 725 5951 et
751 5893 870 5965 quis
899 5893 1014 5951 lucc
1040 5893 1270 5951 dixerit?
1296 5896 1430 5963 Quid
1466 5895 1546 5948 vis
1575 5907 1834 5964 permotus
1857 5894 1878 5946 ?
1900 5908 2034 5962 qua-

1222 416 1278 482 S.
1318 425 1596 482 JOANNIS
1635 422 2104 480 ClillYSOS'lOlll
2146 423 2464 478 ARClllEP.
2507 419 3044 479 CONS'IANTINOP.

2175 538 2450 594 litatemue
2491 551 2557 591 an
2589 537 2981 606 quantitatem?
3010 535 3250 590 ordinem
3286 535 3374 590 Dei
3416 545 3506 590 aut
3534 544 3757 592 senten-

2171 630 2296 684 tiam
2320 630 2386 683 de
2415 641 2641 700 utroque
2669 630 2829 683 latam
2852 630 2874 682 ?
2901 629 3187 698 Quousque
3211 628 3424 683 tandem
3455 631 3754 685 scarabaeo-

2170 735 2289 774 rum
2326 720 2376 772 in
2400 735 2556 775 emno
2583 735 2798 789 semper
2823 735 2942 774 sese
2969 719 3320 774 volutanlium
3353 721 3512 774 verba
3561 720 3756 791 loquea

2168 812 2336 868 mini?
2358 813 2539 883 Neque
2568 815 2710 868 enim
2733 813 3006 867 hominum
3030 815 3237 868 ratione
3266 814 3612 884 prmditorum
3644 824 3755 880 est,

2167 907 2422 972 animam,
2445 922 2565 976 quae
2592 907 2722 960 tanti
2750 906 2904 976 pretii
2931 915 3032 970 est,
3066 921 3162 976 pro
3185 921 3242 961 re
3265 906 3464 960 nullius
3493 907 3756 962 momenti

2167 999 2463 1068 projicere,
2493 1015 2615 1053 cum
2655 1007 2931 1069 oporteret
2974 1013 3069 1068 pro
3102 1000 3295 1070 exiguo
3332 999 3516 1055 labore
3559 1001 3753 1055 czelum

2165 1103 2224 1143 ca
2233 1105 2375 1158 pere.

2251 1179 2514 1235 Iudicium
2561 1182 2792 1250 futurum
2848 1182 3154 1236 horrendum
3205 1183 3318 1237 erit.
3484 1183 3647 1239 Visne
3695 1193 3753 1238 ut

2163 1274 2379 1329 aliunde
2423 1283 2474 1328 te
2513 1275 2733 1330 doceam
2755 1316 2770 1340 ,
2804 1275 3129 1330 horrendum
3164 1277 3214 1330 in
3243 1277 3412 1332 altero
3442 1292 3558 1333 zevo
3587 1279 3756 1332 tribu-

2165 1365 2248 1418 nal
2277 1365 2441 1419 esse?
2470 1366 2822 1420 Couscientim
2851 1376 2955 1421 tua:
2975 1367 3195 1436 januam
3224 1369 3403 1437 aperi,
3433 1368 3754 1435 acjudiecm

2164 1455 2425 1510 inanimo
2454 1465 2546 1510 tuo
2585 1457 2728 1512 velut
2757 1473 2853 1527 pro
2905 1457 3154 1513 tribunali
3201 1460 3477 1514 sedentem
3521 1462 3749 1515 intuere.

2162 1550 2315 1617 Quod
2346 1549 2390 1604 si
2422 1559 2476 1603 tu
2497 1591 2510 1612 ,
2541 1550 2780 1618 quamvis
2809 1560 3140 1618 praepostero
3171 1551 3245 1606 tui
3274 1567 3458 1606 amore
3487 1551 3708 1606 affectus
3734 1591 3752 1617 ,

2163 1643 2388 1711 teipsum
2420 1641 2747 1696 condeumas
2771 1681 2786 1707 ,
2821 1657 2921 1697 nec
2965 1643 3198 1712 iniquam
3240 1646 3562 1700 sententiam
3607 1645 3752 1702 ferre

2160 1737 2428 1800 sustines;
2477 1750 2543 1789 an
2592 1751 2695 1790 non
2725 1736 2892 1790 multo
2937 1736 3126 1807 majori
3163 1753 3304 1792 curae
3330 1737 3418 1807 jus
3465 1739 3574 1793 Deo
3603 1740 3753 1805 erit,

2161 1838 2321 1896 atque
2362 1829 2731 1896 incorruptum
2777 1827 2865 1881 ille
2909 1827 2977 1882 de
3015 1829 3264 1883 omnibus
3309 1829 3564 1898 iudicium
3594 1829 3749 1897 feret,

2161 1933 2260 1973 nec
2291 1926 2492 1972 temere
2542 1917 2658 1972 haec
2689 1919 2867 1972 omnia
2901 1918 3031 1972 ferri
3079 1919 3258 1973 sinet?
3307 1919 3502 1989 Ecquis
3535 1919 3751 1974 tandem

2159 2009 2262 2065 hoc
2300 2009 2534 2064 dixerit?
2576 2009 2744 2065 Nemo
2774 2010 3012 2080 profecto
3041 2027 3054 2063 :
3088 2025 3212 2064 nam
3245 2018 3299 2065 et
3327 2009 3499 2066 Graeci
3529 2020 3584 2066 et
3627 2013 3752 2066 bar-

2158 2103 2304 2168 bari,
2335 2112 2391 2158 et
2419 2115 2588 2174 poeta:
2613 2113 2666 2158 et
2689 2103 3026 2174 philosophi,
3057 2112 3110 2158 et
3131 2119 3316 2159 omnes
3339 2105 3570 2176 denique
3598 2121 3748 2160 mor-

2161 2195 2293 2251 tales
2333 2195 2383 2249 in
2429 2198 2530 2251 hoc
2577 2196 2883 2260 nobiscum,
2911 2196 3011 2249 etsi
3039 2195 3239 2265 dispari
3287 2196 3480 2261 modo,
3512 2211 3748 2252 consen-

2160 2290 2298 2343 tiunt
2321 2331 2339 2356 ,
2370 2304 2433 2343 ac
2477 2288 2720 2358 quaedam
2764 2289 2816 2342 in
2863 2286 3051 2342 inferis
3087 2289 3373 2343 tribunalia
3402 2303 3523 2344 esse
3549 2292 3695 2344 aiunt
3727 2308 3744 2344 :

2159 2399 2327 2453 usque
2366 2383 2500 2437 adeo
2533 2383 2812 2452 perspicua
2841 2390 2896 2437 et
2941 2383 3235 2438 indubitata
3273 2383 3388 2439 haec
3419 2401 3507 2441 res
3545 2393 3644 2439 est.
3680 2385 3748 2439 Et

2158 2491 2288 2541 cur,
2314 2477 2522 2546 inquies
2547 2517 2562 2541 ,
2600 2475 2741 2531 Dens
2768 2475 2853 2528 hic
2881 2491 2990 2530 non
3020 2479 3210 2546 punit?
3238 2478 3503 2533 Nimirum
3540 2488 3596 2533 ut
3625 2480 3746 2532 lon-

2157 2570 2522 2640 ganimitatcm
2555 2584 2706 2624 suam
2734 2570 3022 2634 ostendat,
3055 2572 3313 2642 nobisque
3357 2589 3449 2642 per
3476 2575 3745 2642 pmniten-

2161 2661 2287 2715 tiam
2339 2661 2478 2714 viam
2528 2660 2594 2714 ad
2641 2661 2868 2716 salutem
2915 2662 3158 2728 muniat,
3191 2678 3253 2718 ac
3299 2679 3402 2716 non
3435 2666 3741 2718 universum

2157 2753 2463 2806 mortalium
2512 2767 2681 2824 genus
2725 2751 2961 2807 funditus
3005 2752 3218 2819 deleat,
3265 2769 3467 2823 eosilue
3515 2755 3602 2826 qui
3648 2771 3744 2825 per

2156 2845 2413 2914 optimam
2437 2845 2558 2899 vita:
2582 2845 2928 2898 mutationem
2951 2844 3176 2899 salutem
3199 2847 3452 2916 consequi
3476 2857 3741 2916 poterant,

2157 2937 2467 3007 priusquam
2499 2937 2565 2992 ad
2592 2951 2708 2991 eam
2740 2937 3052 3007 perveniant
3077 2979 3090 3002 ,
3119 2937 3186 2992 de
3213 2938 3390 2993 medio
3417 2940 3584 2994 tollat.
3611 2939 3742 2996 Nam

2155 3030 2200 3084 si
2247 3028 2315 3084 de
2345 3029 2580 3099 peccatis
2613 3029 2858 3085 homines
2909 3030 3194 3085 confestim
3244 3033 3414 3100 pmuis
3459 3048 3521 3087 ac
3572 3046 3743 3090 morte

2155 3122 2396 3179 afceret
2417 3164 2432 3189 ,
2465 3122 2736 3193 quomodo
2769 3123 2998 3178 salutem
3029 3121 3324 3192 accepisset
3351 3124 3549 3178 Paulus
3569 3167 3583 3190 ,
3613 3141 3751 3194 qut:-

2154 3213 2314 3268 modo
2361 3212 2592 3279 Petrus,
2623 3212 2893 3282 principes
2920 3212 3030 3280 illi,
3073 3227 3135 3266 ac
3179 3213 3340 3267 totius
3378 3216 3524 3269 orbis
3571 3215 3742 3282 magi-

2153 3307 2291 3362 stri?
2319 3306 2590 3375 quomodo
2610 3306 2772 3360 David
2797 3304 3021 3360 salutem
3041 3323 3108 3362 ex
3134 3305 3444 3376 pmnitentia
3470 3308 3743 3374 percepis-

2153 3401 2278 3456 set?
2319 3400 2590 3471 qnomodo
2619 3399 2820 3456 Galata:
2845 3441 2859 3466 ,
2891 3400 3092 3470 aliique
3122 3399 3341 3471 plures?
3384 3398 3743 3465 Quamobrem

2153 3508 2255 3547 nec
2299 3492 2364 3547 ab
2393 3492 2720 3548 omnibusin
2755 3491 2854 3548 hac
2880 3493 2986 3546 vita
3034 3507 3222 3564 poenas
3268 3493 3505 3561 expetit,
3550 3491 3642 3545 sed
3673 3506 3744 3547 ex

2152 3585 2404 3639 omnibus
2449 3583 2554 3638 illis
2605 3586 2787 3654 paucis
2842 3594 3048 3639 tantum
3097 3585 3359 3654 supplicia
3411 3584 3609 3645 infert;
3642 3599 3743 3639 nec

2152 3693 2338 3732 rursus
2366 3677 2417 3731 in
2448 3678 2618 3732 altero
2665 3693 2781 3731 arvo
2813 3677 2881 3731 de
2909 3677 3159 3733 omnibus
3191 3692 3376 3747 paruas
3406 3677 3568 3731 sumit
3590 3716 3604 3739 ,
3643 3676 3742 3730 sed

2150 3768 2220 3824 de
2248 3769 2368 3823 aliis
2413 3768 2532 3835 hic,
2564 3768 2631 3823 de
2659 3769 2776 3822 aliis
2819 3769 2925 3823 illic
2955 3786 2968 3823 :
3016 3777 3074 3822 ut
3100 3779 3153 3823 et
3185 3783 3281 3838 per
3307 3782 3400 3823 eos
3425 3809 3440 3832 ,
3471 3782 3605 3838 quos
3653 3767 3742 3822 hic

2151 3861 2369 3930 plectit,
2401 3861 2483 3914 vel
2512 3859 2910 3930 stupidissimos
2958 3860 3190 3924 excitet,
3223 3869 3278 3914 et
3307 3876 3402 3930 per
3441 3874 3568 3925 eos,
3603 3874 3740 3929 quos

2151 3953 2439 4022 impunitos
2462 3952 2607 4017 sinit,
2633 3951 2759 4006 illud
2787 3949 3021 4018 efficiat,
3051 3959 3108 4004 ut
3134 3951 3310 4006 futura
3340 3960 3736 4020 exspectemus.

2147 4047 2342 4102 Annon
2388 4044 2536 4099 vides
2567 4043 2851 4113 plerosque
2893 4041 2980 4097 hic
3023 4056 3209 4111 poenas
3249 4042 3417 4108 luere,
3449 4051 3504 4096 ut
3531 4056 3626 4096 eos
3650 4040 3740 4112 qui

2152 4139 2314 4193 turris
2337 4139 2490 4191 ruina
2518 4135 2759 4205 oppressi
2786 4143 2930 4197 sunt,
2961 4142 3018 4188 ut
3045 4149 3139 4189 eos
3161 4149 3389 4203 quorum
3425 4135 3736 4204 sanguinem

2149 4232 2350 4286 Pilatus
2377 4245 2498 4286 cum
2527 4227 2808 4283 sacrificiis
2833 4226 3188 4291 commiscuit,
3222 4237 3280 4280 ut
3310 4226 3620 4281 Corinthios
3645 4240 3739 4280 eos

2148 4323 2237 4393 qui
2270 4321 2338 4376 ob
2369 4321 2584 4389 indigne
2614 4329 2866 4390 percepta
2895 4319 3150 4390 mysteria
3177 4329 3557 4389 praematuram
3590 4333 3738 4373 mor-

2149 4425 2255 4467 tem
2305 4412 2590 4475 obierunt,
2625 4420 2681 4463 ut
2731 4409 3102 4473 Pharaonem,
3157 4416 3214 4463 ut
3262 4409 3517 4476 Judatos,
3567 4409 3658 4480 qui
3707 4425 3736 4464 a

2146 4502 2391 4558 barbaris
2422 4500 2668 4554 trucidati
2706 4509 2830 4554 sunt
2852 4541 2866 4562 .
2897 4509 2956 4554 ut
2988 4500 3273 4570 plerosque
3299 4501 3436 4556 alios
3461 4542 3475 4567 ,
3515 4511 3566 4556 et
3614 4512 3740 4556 tunc

2148 4605 2203 4650 et
2233 4609 2374 4650 nunc
2394 4636 2408 4660 ,
2437 4603 2491 4649 et
2517 4593 2818 4664 perpetuo?
2847 4592 3054 4648 Rursus
3100 4593 3190 4648 alii
3239 4594 3391 4649 multi
3417 4636 3431 4660 ,
3461 4595 3621 4649 nullis
3652 4594 3739 4648 hic

2149 4691 2412 4745 scelerum
2445 4688 2618 4758 pmnis
2660 4688 2978 4758 persolutis,
3008 4702 3040 4741 e
3081 4689 3189 4743 vita
3233 4689 3596 4744 discesserunt
3630 4705 3644 4741 :
3679 4697 3737 4741 ut

2149 4783 2297 4837 dives
2326 4781 2418 4836 ille
2446 4781 2636 4836 Lazari
2668 4791 2908 4851 tempore
2929 4823 2944 4846 ,
2974 4781 3173 4852 aliique
3201 4782 3524 4852 complures.

2220 4873 2419 4929 4.11m
2447 4889 2606 4941 porro
2629 4873 2748 4928 ideo
2767 4873 2909 4941 facit,
2929 4874 3124 4944 partim
3149 4871 3409 4942 uteosqui
3427 4869 3595 4923 futura
3617 4882 3723 4921 non

2149 4965 2376 5020 credunt
2412 4963 2641 5029 excitet;
2675 4964 2863 5032 partim
2888 5004 2903 5029 ,
2934 4973 2989 5017 ut
3010 4979 3138 5030 eos,
3165 4962 3252 5033 qui
3279 4957 3504 5014 credunt
3548 4971 3610 5010 ac
3637 4973 3724 5011 se-

2148 5057 2314 5128 gnitie
2339 5057 2583 5111 laborant
2609 5098 2623 5120 ,
2652 5057 2941 5128 diligentes
2971 5055 3176 5112 reddat.
3210 5053 3352 5107 Deus
3377 5052 3524 5106 enim
3555 5051 3736 5121 justus

2150 5159 2234 5204 est
2276 5149 2440 5220 judex
2487 5158 2539 5204 et
2572 5149 2722 5204 fortis
2752 5159 2809 5205 et
2853 5147 3171 5221 longanimis
3192 5188 3208 5212 ,
3241 5159 3342 5199 nec
3369 5158 3466 5216 per
3495 5143 3739 5214 singulos

2149 5242 2268 5298 dies
2312 5243 2445 5298 iram
2493 5243 2719 5298 inducit.
2757 5243 2908 5310 Quod
2947 5244 2991 5298 si
3025 5241 3193 5312 ipsius
3215 5236 3619 5309 longanimitate
3651 5234 3743 5291 ab-

2151 5347 2397 5404 utamur,
2430 5337 2534 5391 erit
2573 5346 2818 5406 tempus,
2849 5351 2970 5391 cum
2998 5335 3107 5404 jam
3158 5349 3228 5390 ne
3273 5328 3480 5387 tantillo
3526 5327 3742 5399 quidem

2154 5440 2394 5500 tempore
2445 5427 2902 5497 longanimitatem
2954 5425 3272 5486 adhibebit,
3321 5436 3506 5478 verum
3563 5421 3746 5474 statim

2153 5538 2364 5593 pmnam
2388 5519 2601 5576 inferet.
2631 5519 2709 5574 Ne
2741 5521 2921 5588 itaque
2946 5558 2962 5584 ,
2989 5517 3118 5571 dum
3143 5517 3210 5571 ad
3239 5515 3456 5570 unicum
3490 5527 3743 5566 momen-

2154 5623 2263 5669 tum
2294 5612 2574 5684 (momenti
2613 5612 2756 5666 enim
2784 5611 2954 5664 instar
2983 5618 3063 5665 est
3115 5609 3234 5664 haec
3259 5609 3396 5676 vita)
3423 5603 3632 5661 deliciis
3662 5602 3745 5656 in-

2152 5705 2373 5775 dulgere
2421 5704 2714 5770 volumus,
2771 5700 3100 5756 innitorum
3156 5700 3478 5755 sarculorum
3530 5705 3746 5765 penam

2155 5799 2310 5854 nobis
2348 5809 2727 5858 accersamus;
2759 5808 2946 5848 verum
2974 5793 3041 5848 ad
3070 5800 3407 5846 momentum
3441 5787 3618 5858 potius
3661 5784 3745 5836 la

2155 5891 2440 5951 boremus,
2497 5893 2555 5940 ut
2604 5884 2880 5956 perpetuis
2927 5886 3145 5942 coronis
3201 5883 3502 5955 cingamur.
3551 5882 3744 5932 Annon
