4068 6428
414 362 519 425 455
1095 364 1155 421 S.
1189 362 1480 420 JOANNIS
1513 361 2011 424 CHRYSOSTOMI
2051 361 2377 421 ARCIIIEP.
2419 354 2975 421 CONSTANTIAOP.
3593 369 3711 427 665

410 482 614 553 τιὼτης
651 476 843 554 μέχρις
868 481 1086 553 ἡλικίας
1117 481 1353 552 ἐσχάτης
1406 483 1463 534 ἐν
1492 483 1755 553 πολέμοις
1774 486 1870 539 καὶ
1906 484 2005 538 πό·
2109 483 2322 555 καιρὸς,
2351 481 2757 554 προφθάσωμεν
2785 482 2846 536 τὸ
2872 483 3167 553 πρόσωπον
3196 481 3362 536 αὑτοῦ
3425 482 3482 535 ἐν
3512 483 3704 554 ἐξομο-

411 595 541 641 νοις,
571 579 664 630 καὶ
685 577 945 639 πολλάκις
971 578 1230 647 ἑκάτερος
1261 577 1439 630 αὐτῶν
1463 577 1728 647 ἀπῆλθεν,
1748 580 1776 631 ὁ
1797 580 1896 650 μὲν
1911 580 2003 633 τοῦ
2107 573 2350 644 λογήσει,
2381 574 2469 627 ἵνα
2495 574 2703 645 ἥμερον
2719 573 2882 628 αὑτὸν
2928 573 3126 644 ἴδωμεν
3159 574 3281 628 τότε
3321 574 3416 628 καλ⁸
3443 575 3704 647 γαληνὸν,

410 669 645 723 πλούτου
676 669 784 721 τῶν
818 667 1083 738 φορτίων,
1117 670 1144 720 ὁ
1173 668 1230 721 δὲ
1268 670 1408 740 μετά
1437 670 1537 741 τῆς
1568 670 1725 741 νίκης
1761 673 1855 726 καὶ
1907 673 2007 743 τῆς

413 761 563 829 ζωῆς
577 760 745 827 αὐτῆς
763 758 1174 813 ἐκπεσών.Τίνα
1194 756 1286 813 οὖν
1303 760 1496 831 ἕξομεν
1514 760 1666 834 {506]
1686 761 2006 831 ἀπολογίαν,

413 852 534 905 εἰπέ
577 870 690 922 μοι,
723 852 780 904 ὲν
817 853 916 922 μὲν
962 854 1076 915 τοῖς
1113 852 1386 923 βιωτικοῖς
1441 853 1511 905 τὰ
1534 854 1767 908 ἐπίπονα
1820 873 2008 926 προτι-

418 943 647 1015 μῶντες,
677 944 764 997 ἵνα
793 942 987 1015 μικρὸν
1045 943 1515 1014 ἀναπαυσώμεθα,
1568 942 1755 1016 ἢούδὲ
1810 946 2009 1019 μικρόν

417 1033 664 1106 (καὶγὰρ
694 1033 888 1105 ἄδηλος
941 1037 973 1106 ἡ
1009 1033 1210 1098 ἐλπίς)·
1263 1036 1332 1104 ἐν,
1354 1034 1412 1088 δὲ
1449 1036 1564 1099 τοῖς
1620 1036 2012 1104 πνευματικοῖς

417 1125 789 1196 ἀντιστρόφως
836 1125 993 1179 τοῦτο
1044 1126 1345 1191 ποιοῦντες,
1379 1126 1474 1179 καὶ
1532 1124 1737 1195 ἄφατον
1791 1126 2011 1180 κόλασιν

417 1215 790 1287 ἐπισπώμενοι
821 1218 909 1271 διὰ
937 1218 1142 1288 μικρὰν
1198 1219 1509 1291 ῥαθυμίαν;
1560 1219 1652 1271 Διὸ
1704 1219 2011 1289 καρακαλῶ

417 1308 627 1373 πάντας
656 1310 801 1380 ὑμᾶς
830 1310 927 1380 ὀψὲ
945 1310 1078 1379 γοῦν
1102 1329 1233 1364 ποτε
1266 1314 1329 1366 ἐκ
1354 1312 1451 1382 τῆς
1482 1311 1867 1383 παραπληξίας
1882 1313 2014 1366 ταύ-

418 1412 518 1471 της
536 1403 867 1469 ἀνενεγκεῖν.
895 1402 1083 1465 Οὐδεὶς
1116 1402 1225 1474 γὰρ
1256 1404 1403 1473 ἡμᾶς
1422 1401 1770 1475 ἐξαιρήσεται
1799 1407 1854 1457 ὲν
1872 1403 2015 1458 ἐκεί-

418 1512 495 1565 νῳ
523 1493 598 1564 τῷ
632 1494 832 1567 καιρῷ,
901 1495 1001 1548 οὐκ
1032 1494 1259 1564 αδελλιὺς
1279 1536 1293 1557 ,
1334 1496 1395 1548 οὐ
1423 1496 1605 1566 πατὴρ
1626 1537 1640 1559 ,
1675 1500 1737 1549 οὐ
1773 1500 1921 1562 παῖς,
1953 1498 2012 1551 οῦ

421 1586 594 1655 φίλος,
626 1587 686 1639 οὐ
723 1587 942 1653 γείτων,
979 1587 1078 1640 οῦκ
1104 1585 1261 1650 ἄλλος
1283 1586 1478 1649 οὐδείς·
1511 1585 1624 1639 ἀλλ’
1646 1585 1712 1640 ἂν
1762 1588 1869 1640 ὑπὸ
1904 1587 2015 1642 τῶν

422 1677 601 1749 ἔργων
637 1668 1010 1749 προδοθῶμεν,
1047 1677 1226 1732 πάντα
1283 1679 1587 1748 οἰχήσεται,
1650 1680 1744 1732 καὶ
1778 1677 2012 1734 ἀπολού-

426 1768 566 1840 μεθα
591 1769 828 1833 πάντως.
853 1768 1005 1823 Πόσα
1060 1771 1088 1823 ὁ
1142 1768 1399 1835 πλούσιος
1460 1769 1760 1841 ἐθρήνησεν
1789 1771 2017 1837 ἐκεῖνος,

424 1861 517 1914 καὶ
544 1861 634 1913 τὸν
670 1861 1020 1934 πατριάρχην
1050 1862 1418 1933 παρεκάλεσε,
1451 1864 1544 1915 καὶ
1579 1863 1899 1934 πεμφθῆναι
1930 1863 2021 1917 τὸν

425 1949 678 2021 Λάζαρον
720 1950 950 2022 ᾔτησεν;
994 1950 1131 2006 Ἀλλ’
1155 1952 1387 2007 ἄκουσον
1411 1955 1462 2006 τί
1485 1954 1620 2026 πρὸς
1648 1954 1811 2008 αὐτὸν
1838 1953 2021 2024 ἔλεγεν

438 2041 712 2112 Ἀϐραάμ.
742 2041 899 2109 Χάος
915 2042 1146 2113 μεταξὺ
1167 2043 1335 2114 ὑμῶν
1354 2046 1451 2100 καί
1477 2043 1666 2116 ἡμῶν,
1690 2044 1847 2100 ὥστε
1865 2046 2024 2116 μηδέ

426 2131 827 2202 βουλομένοις
848 2133 1073 2197 ἐξεῖναι
1102 2133 1379 2204 διαϐῆναι
1407 2135 1550 2189 ἐκεῖ.
1587 2136 1736 2189 Πόσα
1769 2136 2020 2206 παρεκά-

427 2222 590 2276 λεσαν
627 2224 684 2276 αί
725 2223 987 2295 παρθένοι
1015 2228 1216 2279 ἐκεῖναι
1244 2226 1343 2290 τὰς
1382 2227 1652 2298 ὁμήλικας
1677 2227 1816 2299 ὑπὲρ
1838 2227 2021 2296 ὀλίγου

428 2316 643 2383 ἐλαίου;
690 2318 831 2371 Ἀλλ’
861 2319 1094 2373 ἄκουσον
1143 2322 1235 2374 καὶ
1290 2323 1494 2374 ἐκεῖναι
1526 2322 1578 2375 τί
1616 2323 1853 2390 λέγουσι·
1898 2322 2023 2389 Μή·

429 2425 574 2462 ποτε
599 2412 672 2465 οὐ
692 2411 778 2481 μὴ
806 2411 1034 2482 ἀρκέσῃ
1068 2412 1206 2482 ὑμῖν
1226 2413 1326 2468 καὶ
1356 2414 1520 2484 ἡμῖν·
1544 2417 1638 2469 καὶ
1656 2417 1830 2480 οὐδεὶς
1853 2416 2025 2481 αῦτάς

430 2501 648 2572 ἴσχυσεν
674 2506 755 2568 εἰς
783 2504 876 2558 τὸν
906 2507 1170 2575 νυμφῶνα
1208 2511 1545 2579 εἰσαγαγεῖν.
1570 2510 1757 2563 Ταῦτα
1780 2510 1844 2581 δὴ
1873 2511 2023 2579 λογιο

430 2593 648 2664 ζόμενοι
682 2597 777 2650 καὶ
808 2599 970 2668 ἡμεῖς
1001 2600 1394 2672 ἐπιμελώμεθα
1425 2604 1523 2673 τῆς
1551 2603 1828 2674 ἡμετέρας
1855 2603 2021 2675 ζωῆς.

434 2684 633 2749 Ὅσους
670 2686 779 2758 γάρ
814 2686 879 2740 ἂν
912 2688 1073 2760 εἴπῃς
1105 2689 1322 2755 πόνους,
1357 2693 1452 2745 καὶ
1504 2694 1636 2756 ὅσας
1672 2694 1739 2746 ἂν
1788 2711 2024 2765 προσεν-

429 2776 600 2848 έγκῃς
622 2780 911 2851 τιμωρίας,
950 2781 1103 2835 οὐδὲν
1141 2784 1359 2837 ᾶπαντα
1396 2785 1570 2838 ταῦτα
1604 2784 1756 2839 ἔσται
1791 2788 1929 2856 πρὸς
1957 2786 2026 2840 τά

435 2868 698 2938 μέλλοντα
727 2872 926 2939 ἀγαθά.
985 2873 1136 2928 Τίθει
1175 2875 1326 2943 γοῦν,
1354 2878 1405 2931 εί
1435 2877 1637 2947 βούλει,
1677 2880 1787 2953 πῦρ
1822 2883 1916 2934 καὶ
1943 2883 2027 2935 σί-

430 2958 596 3030 δηρον
633 2962 728 3014 καὶ
755 2963 941 3034 θηρία,
972 2966 1066 3018 καὶ
1095 2967 1147 3019 εἴ
1171 2968 1447 3021 τιτούτων
1476 2970 1881 3043 χαλεπώτερον·
1911 2972 2025 3028 ἀλλ’

432 3052 585 3122 ὅμως
612 3053 733 3107 οὐδὲ
766 3057 894 3108 σκιά
918 3057 1090 3110 ταῦτα
1114 3059 1249 3129 πρὸς
1280 3061 1468 3114 ἐκεῖνα
1495 3062 1563 3115 τά
1609 3062 2027 3136 βασανιστήρια.

437 3143 624 3198 Ταῦτα
663 3146 761 3215 μὲν
789 3147 894 3217 γὰρ
929 3149 1059 3203 ὅταν
1084 3151 1442 3222 σφοδρότερον
1471 3154 1718 3225 ἐπιτεθῇ,
1773 3155 1895 3209 τότε
1929 3157 2032 3227 μά-

436 3235 595 3289 λιστα
613 3237 821 3304 γίνεται
851 3240 1049 3309 κοῦφα,
1086 3246 1305 3312 ταχεῖαν
1353 3244 1610 3299 ποιοῦντα
1639 3248 1740 3317 τὴν
1784 3248 2032 3302 ἀπαλλα-

437 3329 675 3399 γὴν,τοῦ
707 3331 959 3403 σώματος
996 3335 1095 3388 οὐκ
1128 3335 1426 3408 ἀρκοῦντος
1461 3338 1555 3392 καὶ
1583 3339 1665 3402 εἰς
1695 3339 2033 3410 σφοδρότητα

441 3421 534 3473 καὶ
570 3422 650 3483 εἰς
678 3422 856 3493 μῆκος
884 3425 1176 3490 κολάσεως⁸
1214 3430 1333 3481 ἐκεῖ
1349 3428 1405 3481 δὲ
1439 3430 1537 3500 οὐχ
1562 3428 1756 3496 οὕτως,
1786 3428 2029 3502 ἀλλ’ἀμ-

441 3511 644 3582 φότερα
672 3516 1016 3586 συνέρχεται,
1054 3519 1147 3571 καὶ
1174 3522 1482 3590 παράτασις
1509 3522 1600 3574 καὶ
1628 3521 1729 3573 ὐπε
1740 3520 2034 3593 ρϐολὴ,καὶ

444 3605 501 3657 ἐν
526 3607 641 3666 τοῖς
668 3610 928 3677 χρηστοῖς
967 3612 1060 3663 καὶ
1082 3611 1140 3664 ὲν
1170 3613 1282 3677 τοῖς
1314 3610 1598 3683 λυπηροῖς.
1633 3612 1778 3671 Ἕως
1803 3608 1898 3667 οῦν
1915 3615 2031 3668 ἐστι

2110 668 2200 720 ἵνα
2229 665 2328 730 τάς
2349 665 2754 737 ἀπειληφόρους
2781 664 2995 728 ἐκείνας
3014 664 3273 735 δυνάμεις
3319 666 3701 738 διαφύγωμεν.

2115 760 2229 829 Οὐχ
2254 758 2386 829 ὁρᾷς
2414 760 2539 822 τοὺς
2597 756 2833 811 ἐνταῦθα
2882 756 3220 829 στρατιώτας
3287 757 3415 821 τοὺς
3447 762 3560 823 τοῖς
3610 762 3707 831 ἄρα

2111 868 2262 922 χουσι
2284 849 2733 921 διακονουμένους
2752 889 2767 913 ,
2818 848 2937 913 πῶς
2969 849 3209 915 ἕλκουσι,
3262 850 3383 914 πῶς
3414 850 3680 922 δεσμοῦσι
3699 898 3713 925 ,

2112 942 2231 1005 πῶς
2261 941 2608 1012 μαστιγοῦσι,
2636 940 2753 1003 πῶς
2781 941 2880 1003 τὰς
2911 940 3044 993 πλευ
3055 939 3156 1010 ρας
3193 939 3558 1011 διορύττουσι,
3588 942 3709 1005 πῶς

2111 1032 2402 1103 λαμπάδας
2459 1036 2581 1094 ταῖς
2643 1031 2901 1102 βασάνοις
2974 1030 3335 1102 προσάγουσι,
3401 1031 3522 1094 πῶς
3573 1033 3707 1086 ἀπο·

2113 1128 2433 1195 τέμνουσιν;
2480 1125 2639 1180 Ἀλλά
2678 1125 2855 1179 πάντα
2883 1122 3058 1178 ταῦτα
3114 1124 3340 1193 παίγνια
3400 1125 3497 1179 καὶ
3534 1125 3708 1195 γέλως

2116 1215 2251 1288 πρὸς
2277 1216 2487 1279 ἐκείνας
2524 1216 2623 1280 τὰς
2648 1214 2937 1287 τιμωρίας.
2963 1211 3076 1268 Καλ.
3108 1215 3218 1286 γὰρ
3250 1213 3573 1286 πρόσκαιροι
3609 1208 3707 1269 αῦ-

2115 1326 2204 1361 ται
2230 1310 2284 1361 αἱ
2314 1308 2588 1372 κολάσεις·
2615 1309 2732 1361 ἐκεῖ
2775 1306 2831 1360 δὲ
2857 1305 2980 1359 οὔτε
3000 1308 3028 1359 ὁ
3061 1304 3280 1376 σκώληξ
3304 1306 3552 1379 τελευτᾷ,
3583 1306 3707 1361 οὔτε

2114 1400 2175 1454 τὺ
2200 1400 2309 1470 πῦρ
2337 1399 2642 1452 σϐέννυται·
2672 1398 2766 1451 καὶ
2791 1398 2900 1468 γὰρ
2920 1398 2981 1450 τὸ
3013 1396 3173 1467 σῶμα
3215 1396 3492 1469 ἀφθαρτόν
3535 1400 3702 1454 ἐστιν.

2128 1491 2289 1547 Ἀλλά
2320 1493 2394 1561 μὴ
2424 1491 2635 1560 γένοιτο
2653 1489 2817 1561 πείρα
2846 1488 3016 1542 ταῦτα
3041 1491 3188 1559 ἡμᾶς
3213 1489 3425 1559 μαθεῖν,
3446 1490 3583 1544 ἀλλά
3611 1491 3706 1561 μέ-

2117 1600 2208 1655 χρι
2241 1585 2486 1655 ῥήματος
2522 1582 2714 1653 στῆναι
2748 1582 2876 1651 ἡμῖν
2933 1581 3002 1632 τὰ
3031 1580 3256 1651 φοϐερά·
3304 1581 3440 1652 μηδέ
3481 1584 3711 1653 παραδο·

2119 1679 2277 1750 θῆναι
2320 1680 2430 1741 τοῖς
2475 1675 2827 1747 βασανισταῖς
2857 1676 3115 1743 ἐκείνοις.
3154 1676 3270 1729 ἀλλ’
3330 1676 3562 1730 ἐνταῦθα
3600 1695 3708 1732 σω-

2124 1768 2664 1840 φρονισθῆναι..ῘΙόσα
2685 1767 2804 1820 τότε
2824 1767 3079 1839 ἐροῦμεν,
3106 1766 3310 1821 ἑαυτῶν
3335 1769 3708 1841 κατηγοροῦν-

2122 1880 2244 1929 τες;
2292 1863 2432 1915 πόσα
2482 1860 2932 1932 ὁλοφυρούμεθα;
2975 1861 3117 1915 πόσα
3159 1861 3516 1932 οἱμὼξομεν;
3565 1862 3708 1915 Ἀλλ’

2123 1956 2272 2010 οὐδὲν
2302 1955 2492 2025 ὄφελος
2529 1956 2735 2009 λοιπόν·
2777 1957 2900 2007 ἐπεὶ
2921 1955 3042 2008 οὐδὲ
3069 1957 3117 2008 οἱ
3151 1953 3362 2019 ναῦται,
3392 1954 3484 2008 τοῦ
3521 1956 3711 2008 πλοίου

2122 2048 2461 2112 διαλυθέντος
2486 2048 2581 2101 καὶ
2611 2047 2966 2111 καταδύντος,
2992 2047 3270 2117 ὠφελῆσαί
3298 2065 3350 2100 τι
3377 2046 3607 2102 δύναιντ’
3643 2047 3717 2100 ἀν

2123 2142 2329 2194 λοιπόν·
2362 2139 2484 2193 οὔτε
2521 2140 2716 2211 ἰατροὶ,
2750 2137 2843 2192 τοῦ
2880 2139 3177 2209 κάμνοντος
3214 2138 3559 2202 ἀπελθόντος·
3594 2138 3710 2192 ἀλλ’

2127 2232 2315 2303 ἐροῦσι
2341 2232 2439 2304 μὲν
2465 2231 2749 2294 πολλάκις,
2785 2232 2866 2284 ὁτι
2903 2232 2976 2284 Τὸ
3012 2235 3105 2283 καὶ
3135 2231 3194 2283 τὸ
3253 2232 3480 2302 ποιῆσαι
3517 2233 3709 2301 ἐχρῆν,
3779 2232 3789 2238 ’

2127 2327 2304 2380 πάντα
2327 2325 2384 2378 δὲ
2402 2324 2524 2392 εἰκῆ
2555 2325 2650 2378 καὶ
2680 2324 2877 2393 μάτην.
2907 2321 3052 2385 Ἕως
3095 2323 3193 2393 μὲν
3217 2323 3323 2395 γάρ
3352 2325 3416 2378 ἐκ
3449 2328 3549 2395 τῆς
3569 2324 3715 2395 διορ-

2128 2416 2349 2480 θώσεως
2413 2416 2626 2478 ἐλπίδες
2682 2415 2923 2485 μένουσι,
2970 2414 3063 2467 καὶ
3112 2414 3290 2482 λέγειν
3350 2417 3568 2469 ἅπαντα
3618 2415 3714 2469 καὶ

2126 2511 2300 2561 ποιεῖν
2329 2509 2454 2580 χρή·
2495 2506 2713 2559 ἐπειδὰν
2741 2506 2798 2559 δὲ
2834 2505 3032 2575 μηκέτι
3064 2506 3242 2576 κύριοι
3285 2505 3513 2574 μηδενὸς
3539 2500 3717 2576 ὦμεν,

2126 2601 2219 2654 τοῦ
2254 2600 2455 2662 παντὸς
2517 2596 2667 2671 [505]
2706 2598 3118 2667 διαφθαρέντος,
3169 2597 3294 2667 είκῆ
3353 2599 3447 2650 καὶ
3495 2598 3717 2665 λέγεται

2129 2693 2307 2745 πάντα
2323 2692 2417 2744 καὶ
2442 2692 2671 2759 γίνεται.
2702 2691 2811 2742 Καὶ
2840 2690 2950 2760 γάρ
2986 2688 3079 2741 καὶ
3096 2687 3337 2741 Ἰουδαῖοι
3365 2686 3550 2759 ἐροῦσι
3571 2687 3715 2750 τότε.

2130 2785 2555 2855 Εὐλογημένος
2605 2787 2638 2838 ό
2697 2783 3023 2851 ἐρχόμενος
3077 2783 3148 2834 ἐν
3185 2782 3432 2851 ὀνόματι
3468 2781 3719 2849 Κυρίου⁰

2128 2878 2243 2931 ἀλλ’
2279 2877 2431 2931 οὐδὲν
2458 2876 2661 2945 ταύτης
2691 2875 2994 2928 ἀπόνασθαι
3029 2876 3351 2943 δυνήσονται
3381 2874 3478 2945 τῆς
3511 2877 3715 2945 φωνῆς,

2131 2974 2210 3035 εἰς
2230 2972 2291 3024 τὸ
2317 2971 2414 3039 τὴν
2447 2970 2669 3022 κόλασιν
2692 2968 2994 3037 διαφυγεῖν·
3023 2969 3111 3021 ὅτε
3143 2967 3251 3037 γὰρ
3271 2967 3377 3020 ἔδει
3407 2969 3600 3034 εἰπεῖν,
3618 2968 3720 3021 οὐκ

2132 3059 2307 3116 εἷπον.
2343 3062 2439 3114 "lv'
2473 3057 2565 3113 οῦν
2594 3061 2669 3131 μὴ
2704 3062 2797 3113 καὶ
2822 3060 2983 3130 ἡμεῖς
3032 3059 3124 3112 ἐπὶ
3147 3059 3245 3129 τῆς
3270 3058 3539 3120 πολιτείας
3562 3057 3717 3111 τοῦτο

2134 3155 2420 3226 πάθωμεν,
2453 3153 2703 3207 ἐντεῦθεν
2740 3152 2840 3222 ἤδη
2867 3151 3357 3222 μεταϐαλλιὶῳεθα,
3399 3152 3483 3205 ἵνα
3512 3149 3590 3220 τῷ
3623 3148 3717 3221 βήα

2139 3264 2269 3319 ματι
2296 3246 2388 3299 τοῦ
2419 3245 2657 3317 Χριστοῦ
2685 3244 2824 3315 μετά
2869 3244 3182 3315 παρρησίας
3204 3242 3568 3315 παραστῶμεν
3619 3241 3719 3295 τεὰς

2138 3353 2258 3407 σης·
2291 3331 2357 3408 ἦς
2392 3335 2604 3401 γένοιτο
2625 3335 2832 3397 πάντας
2888 3336 3038 3404 ἡμᾶς
3067 3334 3361 3403 ἐπιτυχεῖν,
3406 3332 3588 3402 χάριτι
3623 3332 3720 3385 καὶ

2139 3426 2525 3499 φιλανθρωπίᾳ
2548 3424 2643 3478 τοῦ
2674 3424 2881 3495 Κυρίου
2906 3422 3064 3494 ἡμῶν
3106 3422 3278 3492 Ἰησοῦ
3308 3419 3563 3491 Χριστοῦ,
3590 3419 3715 3490 μεθ’

2138 3514 2199 3574 οὗ
2227 3518 2306 3589 τῷ
2343 3520 2518 3590 Πατρὶ
2572 3516 2691 3589 ἅμα
2724 3515 2804 3589 τῷ
2850 3515 2990 3586 ἁγίῳ
3013 3511 3460 3584 Πνεύματιδὸξα,
3511 3512 3604 3564 καὶ
3644 3510 3715 3564 τὰ

2136 3612 2281 3683 ἑξῆς-

1938 4070 2182 4128 ΟΜῙΛῘΛ
2226 4071 2282 4129 ι’.

459 4206 718 4278 υἷδαιιεν
745 4206 876 4275 γὰρ,
911 4205 1000 4259 ὅτι
1037 4205 1211 4278 ἐὰνῄ
1250 4207 1509 4278 ἐπίγειος
1536 4204 1704 4278 ἡμῶν
1738 4210 1894 4263 οἰκία
1927 4209 2033 4263 τοῦ

526 4275 799 4342 σκήνους
843 4276 1172 4349 καταλυθῇ,
1219 4275 1649 4349 οἰκοδομὴν-εκ
1701 4281 1848 4335 Θεοῦ
1902 4280 2037 4349 ἐχο-

518 4364 653 4437 μεν,
706 4347 936 4427 οἰκείαν
975 4347 1456 4417 ἀχειροποίητον,
1506 4349 1748 4405 αἰώνιον
1784 4352 1856 4405 ἐν
1913 4347 2038 4416 τοῖς

525 4435 830 4487 ουρανοις.

528 4583 596 4631 α’.
621 4575 791 4628 Πάλιν
806 4574 906 4646 τὴν
927 4572 1238 4644 προθυμίαν
1251 4573 1432 4627 αὐτῶν
1448 4575 1704 4645 διεγείρει
1719 4574 1804 4629 διά
1830 4576 1891 4629 τὸ
1907 4575 2007 4629 πολ
2018 4606 2039 4618 -

454 4668 582 4730 labe;
627 4664 928 4733 ἐπάγεσθαι
975 4664 1337 4734 πειρασμούς.
1376 4666 1484 4719 Καὶ
1518 4665 1627 4734 γάρ
1666 4667 1814 4731 εἰκὸς
1846 4669 2041 4732 αὐτοὺς

454 4760 543 4813 διά
571 4758 671 4830 τὴν
696 4757 969 4813 ἀπουσίαν
1001 4757 1101 4827 τὴν
1129 4755 1317 4821 αὑτοῦ,
1355 4757 1490 4827 πρὸς
1526 4757 1685 4811 τοῦτο
1722 4758 2042 4814 ἀσθενεστέ-

459 4870 585 4924 ρους
613 4849 962 4922 γεγενῆσθαι.
993 4851 1058 4903 Τί
1082 4845 1175 4903 οῦν
1197 4867 1389 4921 φησιν;
1413 4852 1485 4903 Οὐ
1510 4851 1593 4905 δεῖ
1617 4853 1940 4923 θαυμάζειν,
1960 4854 2041 4908 ὅτι

458 4946 648 5009 κακῶς
687 4946 993 5016 πάσχομεν,
1026 4947 1145 5000 οὐδὲ
1191 4945 1557 5017 θορυϐεῖσθαι·
1600 4947 1696 5001 κα)¹
1726 4949 1833 5018 γὰρ
1871 4950 2042 5004 πολλά

458 5039 625 5112 κέρδη
660 5038 912 5092 ἐντεῦθεν
940 5040 1323 5111 καρπούμεθα.
1357 5042 1469 5095 Καὶ
1501 5042 1573 5095 τὰ
1600 5042 1698 5112 μὲν
1730 5041 2043 5113 ἔμπροσθεν

457 5128 631 5194 εἶπεν,
664 5127 794 5195 οἷον,
831 5132 911 5185 ὅτι
946 5133 1039 5185 γειὶ
1084 5133 1351 5203 νέκρωσιν
1388 5133 1482 5187 τοῦ
1529 5134 1703 5206 Ἰησοῦ
1752 5136 2046 5208 περιφέρο-

465 5242 585 5297 μεν,
618 5226 712 5278 καὶ
743 5227 843 5296 τῆς
871 5226 1155 5297 δυνάμεως
1190 5225 1354 5278 αὐτοῦ
1391 5227 1665 5295 ἀπόδειξιν
1695 5228 2045 5300 παρεχόμεθα

464 5317 747 5387 μεγίστην.
778 5317 914 5371 Ἵνα
936 5318 1064 5389 γάρ,
1101 5320 1288 5390 φησὶν,
1312 5322 1350 5389 ἠ
1384 5319 1690 5388 ὑπερϐολὴ
1728 5319 1835 5388 τῆς
1863 5320 2063 5376 dumis

456 5426 614 5480 μεως
642 5405 684 5481 ’ᾖ
704 5410 810 5465 τοῦ
835 5410 1004 5464 Θεοῦ·
1032 5411 1246 5482 καὶτῆς
1269 5412 1620 5474 ἀναστάσεως
1639 5414 1935 5482 τεκμήριον
1958 5413 2045 5464 ἐκ·

462 5503 701 5575 φέρομεν
725 5503 913 5571 σαφές·
934 5504 1071 5558 Ἵνα
1099 5504 1227 5574 γὰρ,
1263 5506 1447 5575 φησὶν,
1481 5506 1518 5573 ἡ
1550 5504 1661 5570 ζωὴ
1705 5503 1810 5557 τοῦ
1849 5502 2043 5569 Ἰησοῦ

462 5596 774 5665 φανερωθῇ
798 5597 867 5650 ἐν
885 5595 959 5664 τῇ
980 5594 1169 5662 θνητῇ
1189 5593 1573 5664 σαρκὶὴμῶν.
1593 5594 1884 5665 Ἐπειδὴδέ
1908 5591 2047 5662 μετά

460 5687 666 5742 τούτων
692 5683 867 5753 εἶπεν,
897 5690 980 5742 δτι
1007 5689 1101 5741 καὶ
1130 5689 1157 5741 ὁ
1185 5687 1294 5741 ἔσω
1314 5688 1472 5757 ήμῶν
1505 5687 1791 5758 ἅνθρωπος
1821 5684 2047 5756 βελτίων

464 5780 673 5846 γίνεται
707 5780 896 5843 οὕτως.
934 5784 1005 5836 Ei
1037 5781 1147 5851 γὰρ
1181 5780 1277 5834 καὶ
1312 5782 1345 5832 o'
1382 5778 1498 5843 ἔξω
1529 5779 1700 5848 ἡμῶν
1737 5778 2047 5845 ἄνθρωπος

2139 4211 2563 4279 διαφθείρεται.
2612 4209 2799 4281 φησὶν,
2852 4206 2992 4264 ἀλλ’
3042 4212 3076 4262 ὁ
3125 4208 3247 4261 ἔσω
3296 4204 3724 4262 ἀνακαινοῦται

2139 4301 2330 4369 ἡμέρᾳ
2355 4300 2454 4354 καὶ
2482 4300 2693 4371 ἡμέρᾳ·
2720 4300 2933 4364 δεικνὺς
2959 4299 3144 4364 πάλιν,
3173 4299 3254 4352 ὃτι
3273 4297 3513 4367 τοσούτῳ
3535 4299 3726 4369 χρήσι-

2144 4405 2243 4460 μον
2268 4389 2428 4443 τοῦτο
2446 4391 2505 4443 τὸ
2540 4388 2896 4459 μαστίζεσθαι
2922 4389 3017 4442 καὶ
3041 4386 3385 4451 ἐλαύνεσθαι,
3418 4386 3613 4455 ἐπάγει
3635 4386 3724 4459 λέτ

2142 4497 2274 4549 γων,
2309 4482 2391 4534 ὅτι
2413 4483 2539 4535 ὅταν
2571 4481 2876 4552 ὁλοσχερῶς
2902 4480 3061 4534 τοῦτο
3096 4480 3345 4549 γένηται,
3371 4480 3494 4534 τότε
3520 4480 3588 4533 τά
3623 4498 3724 4550 μυι

2144 4575 2235 4647 ρία
2262 4574 2443 4643 ἀγαθά
2471 4574 2872 4646 ἀναϐλαστήσει
2894 4575 3006 4636 τοῖς
3029 4571 3204 4625 ταῦτα
3227 4572 3721 4643 ὑπομεμενηκὸσιν.

2144 4668 2263 4719 Ἵνα
2287 4666 2397 4738 γὰρ
2428 4666 2502 4740 μὴ
2531 4668 2768 4733 ἀκούων,
2796 4667 2878 4720 ὅτι
2906 4665 3187 4736 φθείρεται
3217 4666 3246 4717 6
3270 4664 3555 4734 ἄνθρωπός
3581 4678 3672 4713 σου
3692 4662 3720 4712 ὁ

2141 4757 2269 4824 ἔξω,
2304 4761 2495 4830 ἀλγῇς,
2527 4758 2675 4827 λέγει
2704 4758 2805 4823 ὅτι,
2830 4758 2959 4811 ὅταν
2985 4755 3264 4818 παντελῶς
3293 4753 3448 4807 τοῦτο
3472 4751 3714 4818 γένηται,

2141 4853 2263 4906 τότε
2303 4852 2539 4921 μάλιστα
2574 4853 2813 4923 χαρήσῃ,
2854 4850 2947 4903 καὶ
2979 4848 3131 4920 ἥξεις
3162 4847 3253 4900 ἐπὶ
3276 4844 3515 4915 βελτίονα
3544 4840 3710 4909 λῆξιν.

2147 4945 2309 4998 Ὥστε
2343 4946 2402 4997 οῦ
2437 4944 2598 5011 μόνον
2625 4944 2815 5012 ἀλγεῖν
2847 4943 2907 4995 οὐ
2938 4941 3036 5004 δεῖ,
3066 4941 3130 4993 ἐκ
3158 4938 3356 5008 μέρους
3381 4932 3545 4987 αὐτοῦ
3570 4934 3719 5001 φθει-

2148 5038 2375 5107 ρομένου
2423 5035 2540 5102 νῦν,
2569 5035 2706 5089 ἀλλά
2752 5036 2845 5089 καὶ
2880 5033 2940 5088 τὸ
2974 5033 3093 5087 ὅλον
3132 5030 3230 5099 τῆς
3268 5029 3473 5098 φθορᾶς
3520 5027 3721 5095 ταύτης

2145 5127 2445 5197 ἐπιζητεῖν·
2469 5128 2608 5198 αὕτη
2637 5130 2746 5199 γάρ
2777 5144 2837 5181 σε
2864 5126 3099 5197 μάλιστα
3124 5126 3203 5187 εἰς
3237 5121 3550 5192 ἀφθαρσίαν
3583 5119 3719 5187 ἄγει·

2144 5220 2226 5275 διὸ
2256 5223 2348 5274 καὶ
2373 5223 2673 5291 ἐπήγαγεν,
2706 5219 2966 5287 Οἴδαμεν
2996 5218 3105 5287 γὰρ
3126 5215 3235 5282 ὅτι,
3262 5215 3372 5268 ἐὰν
3398 5213 3437 5279 ἠ
3472 5211 3728 5281 ἐπίγειος

2146 5313 2316 5381 ἡμῶν
2335 5314 2494 5366 οἰκία
2522 5311 2628 5367 τοῦ
2655 5311 2929 5378 σκήνους
2954 5306 3289 5374 καταλυθῇ,
3315 5302 3639 5373 οικοδομὴν
3662 5300 3734 5353 ἐκ

2149 5405 2300 5461 Θεοῦ
2335 5404 2574 5473 ἔχομεν,
2618 5405 2814 5457 οὶκίαν
2853 5399 3335 5470 ἀχειροποίητον,
3379 5395 3618 5450 αἰώνιον
3660 5389 3733 5443 ἐν

2143 5496 2268 5562 τοῖς
2319 5497 2620 5563 οἰιρανοῖς.
2674 5494 2892 5565 Ἐπειδὴ
2919 5494 3029 5563 γὰρ
3068 5492 3159 5545 τὸν
3211 5491 3339 5561 περὶ
3380 5484 3732 5546 ἀναστάσεως

2142 5584 2413 5656 γυμνάζει
2433 5586 2590 5654 λόγον
2621 5586 2805 5651 πάλιν,
2828 5586 2910 5646 εἰς
2933 5585 2999 5656 ἢν
3027 5583 3268 5655 μάλιστα
3294 5578 3534 5636 ἐνόσουν,
3557 5589 3730 5644 προσ-

2146 5678 2412 5749 λαμϐάνει
2443 5681 2536 5730 καὶ
2565 5679 2663 5747 τὴν
2699 5677 2809 5731 τῶν
2847 5674 3158 5730 ἀκουόντων
3189 5670 3390 5745 κρίσιν,
3428 5667 3523 5720 καὶ⁵
3556 5666 3733 5728 οὕτως

2147 5772 2313 5826 αὐτὸν
2339 5769 2759 5834 κατασκευάζει·
2791 5768 2906 5823 ἀλλ’
2939 5768 3038 5838 οὐχ
3065 5764 3266 5835 ὁμοίως
3293 5762 3369 5824 ὡς
3399 5757 3728 5829 ἔμπροσθεν,
