4068 6440
352 359 457 417 465

358 473 580 531 cernitis
613 472 663 526 in
695 469 917 539 hujusce
959 481 1171 539 quoque
1199 466 1322 520 vitae
1358 465 1585 536 negotiis
1614 463 1807 516 bonam
1842 462 1936 514 hn-

360 567 562 620 ntinum
605 572 809 631 partem
841 559 893 613 id
945 557 1154 624 facere,
1188 571 1253 612 ac
1302 557 1516 611 brevem
1563 555 1796 607 laborem
1829 553 1938 605 ditt-

360 668 530 711 ωιτη
560 654 755 726 quietis
784 667 942 706 causa
984 650 1298 719 suscipere:
1330 648 1539 704 tametsi
1573 661 1720 717 saepe
1748 655 1931 698 contra

359 762 444 802 res
476 744 687 810 evenit,
717 759 876 814 quam
918 740 1242 811 sperabant?
1272 740 1372 795 Hic
1414 741 1555 794 enim
1586 740 1826 793 laborum
1875 753 1938 792 ac

358 850 595 910 quazstus
634 853 785 907 aequa
812 844 895 892 est
939 836 1150 905 portio;
1181 847 1327 905 Saepe
1374 834 1535 888 etiam
1578 832 1814 885 inﬁnitus
1856 838 1940 885 est

361 930 511 983 labor
532 969 546 993 ,
576 929 779 981 fructus
805 934 982 981 autem
1015 926 1191 981 tenuis
1211 966 1224 988 ,
1253 938 1317 979 ac
1359 940 1501 993 szepe
1530 939 1597 978 ne
1626 922 1798 977 tenuis
1822 922 1939 992 qni-

361 1019 481 1075 dem
527 1037 540 1071 :
583 1029 788 1083 atvero,
835 1033 955 1071 eum
1008 1017 1076 1072 de
1122 1016 1326 1073 cmlesti
1375 1030 1542 1087 regno
1584 1016 1778 1085 agitur,
1809 1029 1939 1069 con-

371 1111 531 1164 traria
555 1118 636 1164 est
661 1109 797 1163 ratio
826 1127 839 1163 :
870 1124 1091 1178 parvum
1120 1108 1262 1164 enim
1294 1107 1533 1163 laborem
1553 1121 1741 1176 magna
1779 1116 1939 1175 atque
1992 1112 1995 1115 ’

363 1198 569 1253 inﬁnita
593 1198 901 1269 jucunditas
926 1198 1137 1267 excipit.
1168 1197 1444 1267 Perpende
1465 1205 1640 1251 autem
1668 1214 1681 1249 :
1706 1195 1938 1266 agricola

365 1301 531 1344 totum
562 1304 759 1343 annum
789 1290 1015 1356 laborat,
1045 1298 1100 1345 et
1129 1289 1181 1345 in
1210 1288 1336 1355 ﬁne,
1366 1304 1461 1357 spe
1487 1297 1542 1344 et
1569 1288 1938 1343 diuturnorum

367 1382 608 1436 laborum
640 1382 810 1437 fructu
840 1397 990 1452 saepe
1016 1382 1236 1437 excidit.
1272 1382 1477 1437 Rursus
1505 1383 1654 1436 navis
1678 1382 1941 1452 guberna-

368 1481 452 1527 tor
477 1515 491 1538 ,
528 1482 582 1527 et
611 1474 766 1528 miles
794 1516 808 1538 ,
840 1473 905 1528 ad
934 1485 1226 1529 extremam
1255 1490 1424 1545 usque
1450 1484 1663 1529 tetatem
1698 1475 1749 1528 in
1780 1473 1938 1528 bellis

369 1572 423 1616 et
451 1563 722 1619 laboribus
769 1564 1002 1631 versati,
1032 1579 1178 1634 saepe
1207 1565 1276 1619 ita
1316 1565 1439 1619 hinc
1467 1563 1735 1619 excedunt
1755 1605 1770 1630 ,
1803 1576 1859 1617 ut
1887 1574 1940 1618 et

371 1654 460 1709 ille
490 1658 742 1710 mercium
772 1672 991 1712 suarum
1020 1658 1211 1728 Opibus
1260 1658 1492 1726 labatur,
1539 1667 1593 1714 et
1638 1658 1726 1714 hic
1777 1660 1940 1712 vitam

369 1761 471 1800 una
495 1760 616 1801 cum
646 1748 865 1804 victoria
896 1751 1125 1804 amittat.
1162 1751 1398 1821 Ecquam
1442 1766 1571 1822 ergo
1595 1793 1611 1817 ,
1659 1761 1710 1806 te
1754 1766 1886 1822 rogo
1923 1792 1939 1817 ,

366 1839 763 1895 excusationem
804 1841 1036 1896 habituri
1063 1857 1251 1897 sumus
1273 1886 1286 1908 ,
1311 1845 1398 1914 qui
1428 1860 1549 1900 cum
1578 1846 1628 1900 itt
1655 1846 1816 1901 rebus
1847 1846 1943 1899 ﬂu-

368 1932 449 1985 xis
476 1946 559 1994 ca,
585 1948 704 2003 qua:
733 1948 852 1988 cum
877 1934 1062 1989 labore
1092 1937 1376 2005 conjuncta
1405 1948 1552 2006 sunt,
1581 1940 1943 2010 praeferimus,

370 2034 423 2076 nt
441 2038 628 2093 parum
645 2027 1104 2095 conquiescamns,
1121 2027 1203 2082 vel
1225 2044 1290 2083 ne
1310 2044 1490 2097 parum
1521 2031 1736 2100 quidem
1759 2032 1941 2101 (dubia

366 2115 563 2185 quippe
587 2117 701 2171 bare
729 2130 851 2186 Spes
890 2120 1029 2190 est);
1061 2119 1113 2173 in
1145 2120 1509 2188 spiritualibus
1532 2123 1803 2178 contrario
1828 2139 1939 2179 omo

368 2205 497 2257 nino
526 2206 685 2260 modo
727 2205 982 2264 faciamus
1004 2251 1019 2274 ,
1050 2224 1112 2263 ac
1138 2220 1364 2280 propter
1402 2212 1646 2283 exiguam
1677 2215 1938 2283 ignaviam

365 2297 634 2351 cruciatus
672 2297 760 2368 qui
808 2299 967 2355 nullis
1012 2302 1189 2356 verbis
1218 2303 1472 2371 cXplicari
1510 2305 1749 2374 possint,
1786 2306 1940 2363 nobis

367 2388 738 2445 attrahamns?
787 2390 1045 2459 Quocirca
1077 2410 1171 2449 vos
1212 2410 1398 2450 omnes
1446 2411 1543 2450 oro
1569 2437 1585 2463 ,
1618 2407 1676 2452 ut
1728 2399 1940 2455 tandem

363 2479 651 2548 aliquando
676 2496 742 2535 ex
768 2482 869 2537 hoc
898 2494 1116 2553 stupore
1152 2499 1246 2539 vos
1287 2486 1432 2554 ipsos
1458 2487 1746 2559 recipiatis.
1773 2490 1943 2546 Nemo

366 2572 508 2625 enitn
537 2582 645 2626 tum
675 2574 775 2627 erit
801 2616 816 2638 ,
848 2576 935 2645 qui
967 2592 1064 2630 nos
1089 2591 1120 2630 e
1148 2576 1322 2646 poenis
1344 2579 1584 2647 eximat,
1617 2597 1720 2637 non
1755 2583 1938 2650 frater,

369 2678 473 2717 non
520 2674 711 2733 pater,
739 2681 845 2720 non
898 2668 1067 2732 ﬁlius,
1117 2683 1221 2723 non
1263 2670 1502 2739 amicus,
1540 2689 1647 2728 non
1692 2675 1937 2740 vicinus,

369 2769 476 2807 non
502 2756 781 2825 quisquam
806 2759 977 2824 alius;
1006 2759 1098 2814 sed
1121 2802 1136 2827 ,
1168 2761 1215 2815 si
1242 2777 1339 2816 nos
1382 2779 1544 2833 opera
1588 2775 1770 2821 nostra
1813 2784 1941 2837 pro-

369 2843 638 2912 diderint,
670 2848 846 2901 omnia
878 2866 1088 2918 pessum
1122 2851 1311 2919 ibunt,
1339 2869 1402 2909 ac
1430 2870 1647 2924 prorsus
1687 2857 1754 2911 de
1786 2859 1941 2914 nobis

369 2946 545 2991 actum
576 2940 697 2993 erit.
732 2938 969 3008 Quantos
989 2943 1136 2997 dives
1163 2944 1255 3000 ille
1282 2946 1452 3001 luctus
1478 2949 1693 3016 emisit,
1725 2952 1940 3020 quantis

372 3029 619 3098 precibus
657 3046 688 3084 a
726 3033 1025 3100 patriarcha
1054 3036 1366 3102 contendit,
1398 3049 1455 3092 ut
1498 3038 1759 3095 Lazarum
1785 3042 1850 3097 ad
1880 3060 1941 3099 se

369 3120 647 3175 mitteret?
693 3121 886 3177 Verum
931 3124 1053 3179 audi
1097 3127 1222 3195 quid
1270 3130 1513 3200 responsi
1542 3132 1608 3185 ab
1639 3133 1945 3191 Abrahamo

372 3209 590 3266 tulerit:
622 3210 787 3269 Chaos
817 3231 1056 3286 magnum
1086 3219 1214 3272 inter
1240 3236 1326 3274 vos
1371 3233 1416 3275 et
1443 3240 1536 3277 nos
1563 3239 1583 3277 :
1607 3226 1678 3277 ita
1706 3235 1762 3279 ut
1801 3243 1863 3281 ne
1904 3229 1942 3281 ii

369 3303 604 3372 quidem,
658 3306 744 3375 qui
797 3308 969 3361 volunt
1020 3309 1142 3363 illuc
1180 3313 1433 3381 transire,
1464 3314 1516 3368 id
1554 3318 1745 3386 possint
1791 3317 1939 3390 (Luc.

371 3391 458 3447 16.
485 3392 602 3463 26).
630 3394 799 3461 Quam
845 3397 1055 3453 obnixis
1105 3401 1351 3469 precibus
1399 3406 1627 3476 virgines
1667 3408 1770 3462 illa:
1819 3425 1938 3465 cum

369 3484 665 3555 aequalibus
692 3486 804 3541 suis
831 3499 1089 3558 egerunt,
1124 3499 1180 3545 nt
1222 3508 1410 3562 parum
1449 3497 1552 3552 olei
1594 3499 1945 3568 acciperent?

372 3572 570 3628 Verum
610 3576 732 3629 audi
773 3578 898 3647 quid
931 3578 1059 3648 ipsae
1089 3596 1300 3653 quoque
1322 3584 1537 3642 dicant:
1567 3586 1650 3642 Ne
1674 3593 1807 3659 forte
1843 3608 1944 3646 non

371 3664 580 3733 sufﬁciat
603 3667 745 3719 nobis
772 3678 818 3720 ct
844 3668 980 3723 vobis
1003 3671 1217 3740 (Matth.
1242 3674 1331 3729 25.
1352 3675 1406 3746 9)
1430 3694 1445 3740 ;
1474 3694 1573 3733 nec
1598 3681 1772 3748 potuit
1799 3683 1946 3752 quis-

374 3769 531 3821 quam
560 3769 652 3811 eas
677 3757 730 3811 in
760 3758 1047 3816 thalamum
1076 3764 1433 3821 introducere.
1467 3767 1591 3823 Haec
1623 3770 1800 3841 itaque
1826 3773 1947 3827 aui-

378 3850 479 3900 mis
509 3850 708 3904 nostris
738 3863 1044 3921 reputantes
1067 3898 1081 3921 ,
1113 3873 1210 3911 nos
1239 3874 1450 3929 quoque
1479 3861 1603 3916 vitae
1631 3874 1828 3919 nosme
1853 3879 1946 3920 cu.

374 3952 487 3991 ram
508 3942 911 4009 geramus.Nam
933 3946 1193 4014 quoslibet
1212 3948 1422 4005 labores
1438 3949 1658 4019 dixeris,
1680 3955 1949 4025 quoslibet

374 4032 641 4087 cruciatus
663 4034 972 4092 admoveris
994 4079 1010 4104 ,
1039 4041 1171 4095 nihil
1199 4041 1315 4098 hmo
1341 4046 1517 4100 omnia
1544 4055 1729 4113 erunt,
1756 4048 1799 4102 si
1826 4063 1948 4103 eum

376 4119 568 4177 futuris
594 4123 748 4181 bonis
774 4129 1138 4187 conferantur.
1174 4134 1319 4191 Pone
1366 4138 1509 4192 enim
1531 4178 1547 4203 ,
1574 4139 1616 4192 si
1649 4140 1719 4194 ita
1757 4140 1901 4195 lubet
1930 4183 1945 4208 ,

375 4209 548 4282 ignem
576 4223 629 4269 et
653 4215 850 4274 ferrum
881 4229 936 4275 et
963 4221 1190 4291 belluas,
1214 4240 1277 4280 ac
1316 4226 1361 4281 si
1408 4227 1535 4298 quid
1580 4228 1664 4285 his
1702 4232 1949 4289 acerbius

376 4313 489 4369 est;
516 4305 632 4361 haec
658 4319 832 4368 tamen
856 4328 965 4383 prae
993 4319 1271 4373 tormentis
1293 4320 1399 4375 illis
1421 4337 1491 4378 ne
1512 4322 1714 4379 umbrae
1734 4326 1947 4398 quidem

377 4438 678 4455 Ψ-ι--υη

1407 347 1470 404 ΙΝ
1512 346 1720 402 EPIST.
1763 344 1805 398 ll
1869 344 1957 398 Al)
1996 344 2149 399 COR.
2194 342 2401 397 "OM".
2464 343 2531 399 X.

3527 352 3629 405 4ης

2046 470 2192 515 sunt.
2242 461 2369 516 llaec
2410 463 2643 531 quippe,
2684 475 2805 516 eum
2853 462 3228 518 vehementius
3260 461 3580 520 adhibentur
3608 508 3626 535 ,

2047 562 2158 608 tum
2187 553 2522 623 potissimum
2556 554 2690 609 levia
2735 554 3070 622 efﬁciuntur,
3121 556 3263 626 quod
3312 556 3420 610 cito
3448 566 3629 613 trans-

2045 657 2209 711 eant,
2267 647 2408 715 quod
2457 661 2652 716 corpus
2704 646 2937 701 ferendae
2987 647 3196 701 doloris
3243 650 3520 704 acerbitati
3566 665 3631 706 ac

2045 736 2376 791 diuturnitati
2410 737 2628 792 minime
2670 753 2766 806 par
2800 738 2893 792 sit.
2925 740 3127 794 Atvero
3179 737 3289 793 illic
3337 754 3493 794 secus
3539 755 3628 795 res

2048 827 2208 881 habet
2236 845 2248 880 :
2279 843 2401 882 nam
2450 839 2503 882 et
2549 828 2909 898 longinquitas
2937 837 2992 882 et
3020 827 3352 883 incredibilis
3382 830 3626 899 quaedam

2048 924 2357 993 magnitudo
2388 924 2546 979 sintut
2573 932 2937 990 concurrunt,
2967 931 3074 978 tam
3100 923 3154 976 in
3182 924 3344 977 rebus
3376 924 3628 992 jncundis

2047 1030 2203 1083 quam
2248 1014 2300 1068 in
2352 1016 2581 1070 acerbis.
2634 1014 2905 1080 Proinde,
2944 1015 3199 1085 quamdiu
3237 1024 3448 1085 tempus
3494 1023 3576 1071 est
3607 1056 3625 1080 ,

2048 1121 2482 1176 prinoccupemus
2503 1105 2693 1162 faciem
2722 1107 2930 1161 Domini
2955 1107 3006 1161 in
3030 1107 3371 1161 confessione
3388 1148 3403 1172 ,
3429 1115 3486 1160 ut
3515 1117 3626 1161 tum

2047 1213 2168 1252 eum
2196 1213 2412 1254 suavem
2439 1214 2503 1253 ac
2532 1198 2797 1269 placidum
2824 1213 3134 1261 cernamus,
3160 1212 3222 1253 ac
3248 1198 3481 1253 minaces
3507 1197 3628 1251 illas

2050 1299 2341 1356 potestates
2366 1290 2701 1360 ell‘ugiamus.
2734 1292 2924 1344 Annon
2957 1290 3053 1343 bos
3082 1289 3300 1344 lictores
3336 1288 3623 1357 conspicis,

2046 1383 2138 1453 qui
2184 1384 2447 1453 praefectis
2480 1383 2848 1439 administram
2876 1399 3096 1454 operam
3129 1393 3364 1447 navant,
3396 1397 3627 1452 quomo-

2048 1475 2118 1530 do
2173 1476 2429 1542 trahant,
2479 1475 2750 1545 quomodo
2799 1475 3075 1542 vinciant,
3125 1474 3394 1545 quomodo
3445 1474 3626 1543 ﬂagris

2048 1569 2319 1635 afﬁciant,
2344 1567 2613 1636 quomodo
2644 1567 2810 1622 latera
2834 1567 3167 1638 perfodiant,
3196 1565 3463 1636 quomodo
3485 1563 3629 1619 faces

2048 1661 2101 1716 in
2148 1662 2427 1715 tormentis
2484 1660 2804 1715 admoveant
2835 1701 2849 1720 .
2888 1659 3157 1731 quomodo
3197 1659 3420 1715 secent?
3467 1655 3626 1726 Atqui

2051 1751 2167 1806 lucc
2195 1760 2383 1806 cuncta
2413 1767 2595 1807 merus
2627 1752 2780 1806 ludus
2807 1766 2871 1805 ae
2899 1752 3041 1808 risus
3082 1761 3208 1807 sunt
3231 1792 3246 1817 ,
3280 1752 3325 1805 si
3369 1765 3489 1805 cum
3521 1749 3627 1803 illis

2050 1843 2326 1912 suppliciis
2354 1852 2754 1912 comparentur.
2805 1842 3018 1899 Etenim
3047 1840 3165 1901 hac
3192 1850 3454 1895 tormenta
3486 1851 3625 1894 tem-

2050 1938 2260 2005 poraria
2305 1945 2467 2002 sunt;
2499 1935 2606 1990 illic
2634 1945 2813 1989 autem
2852 1949 2953 1989 nec
2991 1934 3191 1989 vermis
3231 1934 3453 1987 moritur
3479 1974 3496 1998 ,
3530 1947 3629 1985 nec

2050 2027 2187 2095 ignis
2231 2026 2588 2095 exstinguitur
2621 2043 2634 2077 :
2668 2040 2866 2094 corpus
2895 2025 3092 2094 quippe
3139 2034 3265 2078 tunc
3312 2023 3630 2091 incorrupti-

2048 2117 2157 2172 bile
2182 2119 2305 2172 erit.
2337 2116 2492 2172 Faxit
2520 2125 2699 2172 autem
2729 2118 2890 2180 Deus,
2917 2132 2983 2171 ne
3011 2117 3127 2171 haec
3155 2116 3520 2186 experimento
3549 2115 3631 2167 di-

2049 2223 2291 2274 scamus,
2327 2209 2418 2263 sed
2450 2210 2587 2263 intra
2611 2209 2774 2264 verba
2806 2208 2857 2263 bi
2902 2218 3134 2262 terrores
3178 2208 3497 2268 consistant,
3531 2220 3628 2258 nec

2050 2303 2391 2359 carniﬁcibus
2436 2302 2542 2358 illis
2574 2303 2845 2356 tradamur
2868 2343 2882 2366 ,
2912 2316 3095 2356 verum
3131 2301 3217 2355 hic
3261 2301 3433 2369 potius
3470 2301 3630 2354 casti-

2049 2413 2254 2469 gentur.
2291 2396 2557 2463 Quantum
2585 2396 2870 2449 verborum
2913 2404 3023 2448 tum
3074 2393 3455 2464 profundamus
3481 2433 3497 2455 ,
3528 2407 3627 2446 nos

2002 2550 2005 2551 ν
2049 2492 2193 2560 ipsos
2245 2490 2599 2543 accusantes!
2655 2502 2786 2556 quos
2841 2487 3071 2556 gemitus
3106 2526 3121 2551 ,
3176 2500 3309 2555 quos
3362 2485 3624 2554 singultus

2049 2582 2308 2638 edemus!
2338 2579 2443 2636 Sed
2481 2589 2607 2633 tunc
2632 2579 2763 2633 nihil
2796 2577 2921 2633 inde
2955 2577 3159 2632 fructus
3185 2590 3579 2645 consequemur
3605 2591 3622 2641 ς

2048 2671 2479 2743 quandoquidem
2505 2685 2557 2726 et
2580 2680 2754 2725 nauta:
2779 2669 2945 2724 fracta
2969 2684 3032 2723 ac
3051 2669 3301 2738 depressa
3331 2684 3463 2722 nave
3492 2668 3626 2722 nihil

2049 2767 2301 2837 prodesse
2318 2774 2562 2836 possunt,
2581 2779 2679 2819 nec
2697 2763 2888 2818 medici
2912 2763 3176 2817 exstincto
3191 2770 3416 2832 wgrolo;
3440 2777 3624 2815 verum

2048 2875 2192 2929 stupe
2211 2858 2423 2929 quidem
2446 2856 2802 2926 dicent,quod
2823 2854 2923 2909 hoc
2937 2864 3095 2924 atque
3125 2853 3252 2907 illttd
3273 2854 3443 2907 facere
3467 2869 3629 2926 opor.

2049 2952 2225 3016 tebat;
2256 2950 2349 3004 sed
2389 2949 2582 3003 frustra
2626 2947 2802 3001 omnia
2849 2956 3010 3016 atque
3058 2945 3321 2998 incassum
3364 2944 3624 3005 dicentur.

2048 3041 2311 3109 Quamdiu
2338 3042 2478 3095 enim
2511 3054 2605 3108 per
2634 3039 2755 3092 vitae
2776 3052 2839 3091 ac
2860 3052 3066 3090 morum
3094 3034 3521 3113 emendationem
3553 3051 3632 3089 sa-

2047 3136 2173 3191 lutis
2211 3148 2335 3204 spes
2365 3133 2540 3188 adhuc
2566 3140 2813 3196 maneat,
2841 3128 2971 3183 nihil
3002 3142 3106 3183 non
3142 3126 3319 3182 dicere
3348 3141 3413 3181 ac
3456 3125 3631 3180 facere

2049 3242 2183 3296 Opus
2197 3236 2315 3281 est:
2345 3240 2466 3281 cum
2488 3231 2664 3279 autem
2684 3221 2828 3276 nulla
2843 3220 2952 3290 jam
2982 3232 3068 3275 res
3094 3216 3297 3273 arbitrii
3323 3217 3487 3271 nostri
3510 3218 3626 3287 erit,

2050 3335 2110 3375 re
2141 3327 2247 3373 tota
2289 3316 2491 3388 perdita
2530 3324 2585 3370 et
2633 3322 2914 3382 corrupta,
2947 3321 3055 3365 tum
3088 3310 3282 3365 frustra
3310 3321 3364 3365 et
3385 3310 3635 3364 dicentur

2051 3411 2228 3467 omnia
2259 3417 2313 3465 et
2342 3409 2490 3463 ﬁent.
2517 3405 2649 3460 Nam
2680 3414 2733 3459 et
2761 3403 2934 3459 Judati
2968 3412 3080 3456 tum
3112 3401 3307 3455 dicturi
3339 3408 3464 3454 sunt
3488 3442 3501 3463 ,
3531 3399 3633 3453 Be-

2052 3502 2279 3556 nedictus
2307 3500 2394 3569 qui
2419 3497 2552 3552 venit
2595 3498 2649 3551 in
2695 3495 2895 3549 nomine
2927 3491 3133 3546 Domini
3169 3490 3342 3558 (lanae
3373 3489 3458 3550 12.
3496 3490 3583 3560 15)
3615 3509 3628 3552 :

2052 3602 2108 3647 at
2146 3592 2348 3646 nullum
2383 3590 2542 3658 hujus
2570 3587 2719 3641 vocis
2775 3585 3003 3639 fructum
3044 3598 3239 3653 capere
3266 3589 3549 3651 poterunt,
3576 3590 3635 3638 ut

2057 3700 2270 3756 pinnam
2301 3681 2556 3752 effugiant
2583 3699 2599 3735 :
2630 3695 2749 3734 cum
2805 3680 2952 3733 enim
3003 3677 3108 3732 hoc
3150 3676 3433 3731 dicendum
3477 3684 3630 3740 erat,

2052 3792 2159 3831 non
2199 3774 2471 3831 dixerunt.
2523 3772 2603 3827 Ne
2644 3785 2777 3840 ergo
2825 3770 2931 3825 hoc
2972 3783 3187 3839 quoque
3233 3767 3387 3822 nobis
3425 3767 3480 3822 in
3527 3766 3634 3823 vita

2054 3866 2264 3922 accidat
2283 3906 2299 3927 ,
2329 3863 2417 3919 hic
2441 3863 2552 3934 jam
2583 3863 2748 3916 vitam
2795 3861 2847 3915 in
2893 3859 3086 3914 melius
3114 3865 3504 3913 commutemus
3529 3900 3543 3924 ,
3578 3866 3638 3912 ιιι

2055 3960 2122 4016 ad
2147 3958 2347 4015 Christi
2370 3956 2602 4014 tribunal
2622 3970 2744 4011 eum
2767 3954 2912 4010 omni
2940 3954 3129 4013 fiducia
3155 3954 3448 4008 sistamur:
3477 3966 3636 4022 quam

2055 4053 2259 4107 utinam
2288 4064 2478 4106 omnes
2514 4062 2910 4117 consequamur
2936 4060 3033 4117 per
3057 4046 3284 4116 gratiam
3314 4054 3367 4099 et
3397 4043 3639 4113 benigni,

2056 4155 2222 4201 tatem
2250 4143 2460 4199 Domini
2484 4142 2656 4198 nostri
2683 4141 2811 4196 .lesu
2853 4140 3086 4206 Christi,
3120 4153 3241 4193 cum
3282 4152 3389 4209 quo
3415 4138 3557 4194 Patri
3584 4146 3667 4196 et.

2056 4236 2278 4308 Spiritui
2307 4242 2495 4292 sancto
2519 4233 2689 4305 gloria
2716 4272 2731 4298 ,
2762 4242 2870 4287 etc.

681 4446 3637 4481 W

1797 4536 2143 4600 HOMILIA
2183 4535 2271 4598 X.

378 4663 507 4720 Car.
539 4665 591 4720 5.
622 4681 676 4726 ν.
702 4667 755 4723 1.
786 4666 990 4722 Scimus
1014 4667 1144 4722 enim
1169 4665 1408 4737 quoniam
1430 4670 1475 4725 si
1504 4676 1748 4730 terrestris
1773 4676 1953 4733 domus

448 4766 621 4811 nostra
662 4758 816 4830 hujus
855 4757 1166 4813 tabernaculi
1207 4758 1544 4828 dissolvatur,
1574 4765 1958 4834 redi/irationem

447 4865 511 4904 ea:
531 4847 640 4903 Deo
668 4850 925 4917 habemus,
954 4851 1159 4905 domum
1185 4867 1287 4906 non
1313 4850 1656 4924 manufactam
1676 4898 1692 4924 ,
1717 4867 1959 4912 wternam

448 4940 502 4994 in
530 4942 689 4996 caelis.

462 5034 513 5087 1.
549 5033 754 5090 Rursus
787 5048 972 5090 eorum
1013 5034 1340 5091 alacritatem
1367 5038 1599 5104 excitat,
1627 5039 1748 5109 quia
1778 5039 1960 5094 multa:

388 5124 517 5196 ipsis
557 5129 874 5182 tentationes
914 5126 1298 5183 inferebantur.
1330 5127 1630 5184 Verisimile
1667 5131 1810 5184 enim
1841 5140 1959 5185 erat

380 5231 566 5270 eorum
594 5217 803 5273 animos
832 5218 901 5273 ob
928 5219 1092 5283 ipsius
1119 5219 1412 5274 absentiam
1442 5221 1745 5276 debilitatos
1772 5221 1954 5277 fuisse.

378 5306 516 5374 Quid
549 5308 706 5378 igitur
728 5310 839 5363 ait?
868 5308 1006 5364 Nihil
1037 5320 1118 5365 est
1144 5311 1285 5381 quod
1311 5312 1567 5367 miremur
1590 5327 1653 5367 ac
1679 5314 1958 5383 perturbe-

378 5414 498 5453 mur
540 5398 610 5454 ob
652 5399 984 5456 calamitates
1030 5416 1143 5467 eas,
1192 5402 1386 5472 quibus
1427 5401 1692 5456 afiicimur
1733 5420 1747 5456 :
1791 5405 1956 5459 multa

379 5489 522 5543 enim
550 5490 830 5545 commoda
862 5490 983 5546 hinc
1024 5492 1362 5562 percipimus.
1407 5491 1643 5560 Quorum
1695 5492 1797 5548 alia
1843 5494 1960 5563 qui-

379 5582 503 5637 dem
533 5583 681 5652 prius
709 5582 874 5647 dixit,
901 5591 960 5637 ut
978 5622 992 5646 ,
1024 5583 1164 5653 quod
1207 5583 1667 5638 mortiﬁcationem
1693 5583 1820 5640 Jesn
1849 5585 1959 5642 cir-

378 5672 738 5729 cumferamns
761 5713 779 5739 ,
807 5687 871 5728 ac
897 5673 1147 5742 potentia:
1174 5675 1344 5743 ipsius
1371 5673 1640 5744 specimen
1668 5675 1959 5730 maximum

382 5764 762 5834 exhibeatuus;
800 5764 868 5822 Ut
904 5765 1057 5831 etaim,
1105 5763 1292 5838 inquit,
1324 5767 1604 5826 sublimitas
1647 5768 1846 5823 virtutis
1892 5769 1959 5824 sit

2065 4678 2194 4745 Dei;
2223 4685 2279 4733 et
2312 4675 2648 4748 perspicuum
2694 4671 3103 4730 resurrectionis
3128 4677 3498 4739 argumentum
3533 4667 3648 4723 edi-

2050 4782 2217 4834 mus;
2242 4777 2300 4822 ut
2324 4782 2391 4821 ex
2419 4765 2505 4820 his
2526 4764 2706 4819 verbis
2734 4773 2899 4833 patet,
2934 4759 3003 4817 Ut
3032 4762 3129 4815 vita
3147 4758 3273 4814 Jesu
3301 4759 3648 4830 manifestetur

2063 4859 2116 4913 in
2141 4874 2293 4913 carne
2316 4868 2491 4911 nostra
2517 4856 2741 4910 mortali.
2772 4854 3124 4922 Posteaquam
3155 4862 3331 4907 autem
3356 4851 3483 4906 illud
3508 4867 3648 4921 prte-

2066 4961 2210 5006 terea
2253 4949 2427 5017 dixit,
2474 4947 2783 5003 interiorem
2829 4961 3043 5018 quoque
3080 4954 3320 5000 nostrum
3370 4943 3642 4998 hominem

2064 5040 2166 5096 hoc
2214 5050 2367 5111 pacto
2407 5039 2686 5095 meliorem
2716 5036 2830 5092 ﬁeri
2856 5052 2871 5103 ;
2897 5035 3011 5090 Etsi
3038 5035 3181 5090 enim
3203 5076 3219 5100 ,
3259 5033 3458 5103 inquit,
3488 5036 3532 5087 is
3563 5033 3648 5102 qui

2066 5134 2192 5206 foris
2232 5143 2305 5188 est
2332 5143 2498 5187 noster
2523 5132 2672 5187 homo
2699 5128 3061 5198 corrumpitur,
3100 5128 3143 5181 is
3180 5138 3344 5181 tamen
3379 5126 3469 5197 qui
3512 5127 3649 5180 intus

2067 5233 2138 5280 est
2156 5232 2429 5278 renouatur
2453 5222 2514 5277 de
2542 5222 2624 5275 die
2646 5222 2699 5275 in
2729 5222 2897 5285 diem;
2927 5219 3216 5275 ostendens
3245 5232 3454 5272 rursum
3481 5230 3644 5286 quan-

2064 5326 2178 5371 tum
2208 5316 2448 5371 utilitatis
2475 5313 2666 5369 aﬁ‘erat
2686 5312 2939 5382 vapulare
2965 5327 3029 5366 ac
3053 5309 3291 5366 divexari
3312 5352 3327 5376 ,
3355 5309 3485 5368 illttd
3518 5308 3644 5363 sub.

2058 5405 2253 5478 jungit,
2300 5405 2443 5476 quod
2491 5419 2616 5460 cum
2644 5404 2801 5474 plene
2837 5412 2996 5474 atque
3040 5403 3246 5472 integre
3284 5400 3388 5457 hoc
3417 5401 3495 5464 ﬁt,
3530 5411 3642 5455 tum

2064 5496 2342 5552 innumera
2370 5496 2510 5551 bona
2553 5495 2641 5559 iis,
2669 5494 2761 5565 qui
2793 5493 2908 5549 haec
2936 5490 3275 5548 incommoda
3299 5489 3639 5560 pertulerint,

2064 5585 2189 5643 hinc
2218 5585 2575 5657 pullulabunt.
2614 5585 2824 5640 Etenim
2860 5599 2931 5641 ne
2956 5593 3234 5640 externum
3277 5591 3425 5638 tuum
3466 5580 3639 5634 homi-

2066 5693 2192 5736 nem
2218 5679 2489 5749 corrumpi
2513 5677 2738 5734 audiens
2760 5678 2942 5733 animo
2966 5676 3326 5740 discrucieris,
3356 5674 3459 5727 hoc
3491 5686 3640 5726 asse-

2062 5774 2136 5831 rit
2197 5769 2337 5839 quod
2382 5784 2504 5827 cum
2552 5767 2692 5825 istud
2731 5770 2891 5838 plene
2931 5777 3088 5836 atque
3115 5767 3333 5824 omnino
3370 5763 3645 5834 acciderit,
