4068 6444
393 389 496 446 ἆῧἹ
1111 388 1169 444 Β.
1209 387 1486 444 JO.\.\'.\'IS
1525 381 1999 440 CleSOSTOMI
2044 379 2360 436 ARCIIIEP.
2399 377 2937 434 CONSTANTINOP.

400 518 511 571 tum
561 506 794 560 maxime
835 504 1090 576 gaudebis
1140 512 1298 572 atque
1348 501 1414 555 ad
1463 500 1740 554 meliorem
1788 505 1990 551 sortem

401 597 604 650 venies.
653 597 833 666 Itaque
881 611 984 650 non
1030 594 1188 648 modo
1232 607 1337 646 non
1378 600 1458 645 est
1500 588 1811 652 dolendum,
1859 600 1982 641 cum

402 687 494 742 ille
520 687 696 757 aliqua
722 703 786 742 ex
819 696 966 757 parte
994 701 1132 741 nunc
1157 684 1554 754 corrumpitur;
1586 695 1774 736 verum
1800 681 1987 745 etiam,

402 788 462 837 ιιι
489 779 633 833 oumi
661 794 727 834 ex
755 788 904 850 parte
926 787 1320 849 corrumpatur,
1345 773 1702 845 expetendum
1729 781 1848 827 est:
1878 770 1992 824 lucc

402 871 547 930 enim
572 869 842 938 corruptio
868 869 935 924 ad
968 869 1427 939 incorruptionem
1456 867 1687 921 maxime
1719 873 1771 919 te
1799 861 1946 918 ducit
1976 878 1989 916 :

403 979 468 1018 ac
510 962 736 1033 proinde
765 963 880 1017 haec
902 977 1116 1032 quoque
1145 961 1419 1032 subjungit
1439 1001 1454 1025 ,
1486 959 1688 1014 Scimus
1718 955 1850 1010 enim
1875 954 1995 1022 quia

405 1055 448 1119 si
477 1052 728 1106 terrestris
755 1051 937 1105 domus
958 1061 1132 1107 nostra
1157 1051 1312 1120 hujus
1333 1049 1647 1106 tabernaculi
1666 1047 1994 1109 dissolvatur,

406 1142 794 1210 aediﬁcationem
819 1157 881 1196 ea:
909 1141 1017 1196 Deo
1051 1141 1314 1205 habemus.
1341 1155 1440 1195 non
1452 1135 1998 1206 manufactam,wter-

408 1249 528 1291 unm
553 1234 606 1287 in
632 1233 794 1286 aclis.
819 1233 953 1299 Quia
982 1233 1124 1288 enim
1155 1231 1563 1288 resurrectionis
1587 1234 1881 1283 doctrinam
1901 1267 1918 1292 ,
1945 1225 1998 1280 in

3578 386 3654 442 ιε
3660 389 3695 443 8

2100 494 2192 548 scd
2219 510 2338 547 cum
2363 491 2552 546 eodetn
2579 491 2962 562 incorruptibili
2985 489 3194 546 effecto.
3228 493 3453 561 Quidam
3476 495 3696 556 dicunt.

2098 585 2148 639 id
2179 583 2319 654 quod
2350 582 2636 638 admodum
2669 585 2838 652 probo
2868 601 2881 637 :
2913 583 2974 638 Si
2999 584 3202 653 quidem
3223 588 3407 651 vestiti,
3440 605 3541 642 non
3566 592 3703 644 nudi

2092 673 2426 729 inveniamur.
2459 672 2534 728 Ne
2563 674 2707 728 enim
2739 687 2927 727 omnes
2954 674 3024 728 ob
3055 678 3508 733 resurrectionem
3553 696 3700 734 con-

2097 765 2282 833 fidant,
2313 767 2409 829 ait.
2443 767 2504 823 Si
2533 776 2698 820 tamen
2724 767 2889 820 vestiti
2913 783 2931 821 :
2951 767 3055 822 hoc
3081 777 3184 833 est,
3215 770 3705 841 incorruptibilita-

2098 865 2204 912 tcm
2231 867 2393 928 atque
2423 858 2724 914 immortale
2753 873 2949 929 corpus
2975 862 3326 931 consequuti;
3361 879 3422 922 ac
3441 881 3546 918 non
3572 867 3708 924 nudi

2094 950 2432 1022 inveniamur,
2460 951 2628 1019 gloria
2659 966 2720 1006 ac
2746 952 3053 1006 securitate.
3084 953 3136 1008 Id
3161 953 3303 1025 quod
3335 955 3385 1008 in
3414 959 3709 1026 superiore

2098 1055 2310 1112 quoque
2339 1043 2403 1097 ad
2433 1043 2742 1098 Corinthios
2763 1044 2990 1118 epistola
3011 1045 3242 1111 dicebat,
3279 1045 3466 1103 Omnes
3490 1050 3710 1119 quidem

2099 1123 2436 1204 resurgemus,
2468 1145 2516 1188 et
2540 1137 2593 1188 in
2624 1153 2716 1190 suo
2745 1137 2954 1207 quisque
2979 1139 3157 1193 ordine
3183 1141 3257 1212 (l.
3293 1139 3411 1195 Cor.
3450 1142 3538 1198 15.
3583 1142 3706 1214 25);

2102 1233 2178 1288 et,
2203 1223 2339 1279 Sunt
2361 1241 2576 1295 corpora
2592 1228 2834 1290 ctelestia,
2857 1238 2974 1281 sunt
2991 1239 3036 1283 et
3058 1231 3311 1294 terrestria
3330 1230 3490 1306 (Ibid.
3513 1249 3566 1288 v.
3585 1234 3710 1302 40).

410 1341 512 1396 qua
542 1325 876 1396 potissimum
905 1325 1236 1396 mgrotabant
1257 1367 1272 1392 ,
1304 1338 1489 1380 rursus
1515 1323 1886 1392 prosequitur,
1919 1318 2001 1374 id-

409 1418 555 1471 circo
579 1416 883 1472 auditorum
907 1417 1168 1488 judicium
1194 1416 1353 1473 etiam
1378 1415 1623 1478 assumit,
1647 1427 1875 1482 eamque
1899 1411 2002 1466 hoc

413 1519 574 1580 pacto
600 1509 829 1566 adstruit
855 1527 870 1576 ;
903 1527 1008 1565 non
1031 1519 1209 1565 tamen
1237 1507 1460 1580 perinde
1482 1516 1539 1560 ut
1566 1515 1710 1571 ante,
1739 1503 1834 1560 sed
1860 1503 2006 1559 velut

414 1619 481 1656 ex
527 1602 698 1657 altera
743 1603 1029 1658 occasione
1070 1603 1123 1656 in
1167 1616 1290 1656 eum
1339 1613 1643 1653 sermonem
1689 1597 2002 1666 ingressus:

412 1694 522 1758 jam
550 1692 694 1746 enim
717 1707 904 1747 eorum
932 1707 1174 1748 errorem
1195 1698 1544 1753 correxerat;
1575 1689 1774 1758 aitque,
1805 1687 2007 1741 Scimus

419 1786 557 1856 quod
590 1785 631 1838 si
668 1787 920 1840 terrestris
958 1786 1140 1840 domus
1170 1794 1346 1838 nostra
1372 1783 1526 1852 hujus
1556 1781 1868 1834 tabernaculi
1901 1781 2007 1832 dis-

419 1877 666 1940 solvatur,
700 1877 1092 1945 adiﬁcntionem
1131 1891 1195 1929 ea:
1235 1872 1344 1927 Deo
1385 1873 1647 1935 habemus,
1676 1873 1880 1925 domum
1911 1887 2011 1923 non

421 1969 786 2039 manufactum,
800 1967 1119 2023 wternamin
1133 1965 1291 2021 ctvlis.
1320 1965 1457 2022 Sunt
1475 1964 1563 2035 qui
1589 1979 1682 2034 per
1703 1972 2011 2019 terrestrem

421 2061 640 2117 domum
670 2058 925 2113 mundum
957 2057 1098 2112 hunc
1125 2058 1422 2127 intelligant
1452 2074 1465 2109 :
1494 2071 1594 2127 ego
1625 2070 1752 2110 vero
1784 2055 1866 2108 his
1897 2070 2016 2107 ver-

425 2152 508 2207 bis
532 2166 728 2220 corpus
756 2151 933 2221 potius
961 2149 1288 2206 subindicari
1318 2149 1710 2204 contenderim.
1739 2148 1910 2216 Atque
1935 2146 2018 2200 hic

427 2242 587 2296 velim
616 2241 949 2308 consideres,
983 2241 1253 2312 quomodo
1285 2257 1379 2310 per
1401 2241 1624 2294 nomina
1673 2240 1784 2308 ipsa
1833 2249 2018 2291 osten-

428 2337 540 2403 dat,
583 2345 839 2405 quantum
889 2334 1063 2390 futura
1109 2335 1462 2404 praesentibus
1500 2334 1842 2387 antecellunt.
1889 2331 2020 2385 Nam

430 2445 554 2484 cum
589 2437 898 2483 terrestrem
942 2425 1203 2491 dixisset,
1250 2427 1523 2482 caalestem
1565 2426 1850 2495 opposuit;
1898 2438 2020 2478 cum

433 2517 765 2578 tabernaculi
796 2516 1035 2581 domum,
1079 2532 1187 2587 quo
1232 2517 1397 2571 verbo
1443 2514 1638 2569 ﬂuxam
1685 2523 1740 2570 et
1779 2513 2022 2584 fragilem

435 2610 603 2680 ipsius
625 2617 869 2666 naturam
896 2605 1152 2673 declarat,
1179 2618 1434 2662 mternam
1463 2606 1692 2674 objecit:
1721 2605 1921 2660 etenim
1950 2612 2028 2658 ta-

437 2699 712 2757 bernaculi
756 2714 948 2764 nomen
988 2699 1308 2770 plerumque
1349 2697 1731 2768 temporarium
1772 2695 2025 2766 quiddam

438 2793 636 2851 indicat
659 2810 672 2846 :
695 2807 759 2846 ac
785 2790 1010 2860 proinde
1034 2789 1210 2846 aiebat
1248 2790 1526 2855 Christus,
1566 2788 1632 2842 In
1662 2791 1812 2842 domo
1858 2786 2030 2844 Patris

439 2885 537 2947 ntei
558 2885 844 2938 mansiones
866 2886 1042 2939 multa
1060 2893 1177 2938 sunt
1205 2881 1386 2952 (Joan.
1418 2884 1506 2938 M.
1533 2881 1611 2953 Ξ).
1637 2882 1788 2949 Quod
1819 2883 1862 2937 si
1886 2882 2032 2937 Scri-

442 2986 596 3046 plura
623 2975 856 3046 quietem
883 2989 1192 3031 sanctorum
1227 2975 1552 3030 tabernaculi
1584 2976 1799 3029 nomine
1825 2976 2029 3044 u3piam

442 3067 697 3139 appellat,
727 3083 833 3122 non
874 3068 1188 3138 simpliciter
1214 3066 1345 3121 dicit
1377 3067 1718 3122 tabernacula
1741 3107 1755 3132 ,
1788 3065 1879 3121 sed
1910 3081 2030 3120 cum

445 3158 631 3222 addito
658 3176 674 3215 :
704 3173 810 3220 non
840 3158 982 3215 enim
1011 3158 1166 3224 dixit,
1194 3157 1265 3213 Ut
1292 3173 1388 3212 vos
1418 3158 1676 3227 recipiant
1704 3158 1753 3211 io
1787 3157 2037 3212 taberna-

444 3251 586 3318 cuia,
629 3250 759 3317 sed,
789 3249 856 3304 In
893 3259 1080 3305 eterna
1127 3249 1449 3303 tabernacula
1483 3248 1634 3320 (Luc.
1670 3249 1756 3305 l6.
1797 3248 1874 3319 9).
1917 3247 2034 3304 Jam

449 3354 580 3400 vero
607 3355 730 3395 cum
767 3339 922 3405 dixit,
959 3338 1080 3396 Non
1119 3341 1493 3410 manufaclam.
1539 3354 1681 3405 eam,
1720 3354 1838 3409 qua:
1879 3355 2038 3394 manu

449 3440 757 3490 constructa
795 3440 898 3498 est,
944 3431 1321 3487 subindicavit.
1367 3429 1504 3497 Quid
1551 3430 1731 3500 igitur,
1773 3445 2040 3501 corpusne

450 3541 610 3582 manu
657 3523 930 3580 conditum
976 3523 1097 3579 est?
1136 3523 1353 3578 Minime
1382 3537 1512 3576 vero
1544 3539 1558 3575 :
1601 3522 1694 3577 sed
1736 3522 1818 3576 vel
1850 3522 2041 3578 domos

453 3616 781 3681 mauufactas
811 3615 1090 3686 designat;
1120 3614 1202 3670 vel
1234 3615 1278 3668 si
1322 3631 1426 3668 non
1460 3615 1529 3668 ita
1550 3656 1565 3680 ,
1607 3611 1825 3668 domum
1860 3615 2039 3668 taber-

454 3709 626 3764 naculi
659 3722 852 3777 corpus
882 3723 989 3764 non
1015 3707 1372 3762 manufactum
1397 3707 1628 3764 vocavit.
1659 3707 1774 3762 Non
1803 3708 1944 3763 enim
1975 3708 2040 3762 ad

453 3802 908 3871 comparationem
959 3799 1089 3854 illud
1135 3800 1406 3869 Opposuit,
1449 3799 1544 3855 sed
1574 3801 1815 3855 encomia
1847 3811 1901 3856 et
1929 3800 2046 3855 lau-

458 3893 557 3950 des
585 3890 863 3962 adjicieus.
895 3891 952 3946 2.
981 3889 1121 3944 Nam
1146 3901 1190 3946 et
1220 3891 1271 3945 in
1297 3893 1392 3945 hoc
1418 3891 1816 3962 ingemiscimus,
1846 3891 2046 3946 habita-

454 3983 638 4037 tionem
670 3990 915 4046 nostram,
938 3996 1050 4051 qua.D
1075 3982 1137 4035 de
1166 3983 1290 4036 caelo
1317 3992 1411 4049 est,
1439 3983 1738 4052 superindui
1764 3984 2041 4053 cupientes.

456 4075 626 4145 Quam
659 4072 1081 4130 habitationem?
1118 4072 1326 4144 Corpus
1365 4089 1394 4127 a
1420 4075 1764 4146 corruptione
1790 4075 2045 4130 alienum.

461 4170 528 4232 Et
553 4185 646 4223 cur
675 4182 815 4224 nunc
846 4167 1281 4238 ingemiscimus?
1308 4166 1570 4234 Quoniam
1595 4167 1723 4222 illud
1757 4168 1913 4239 longe
1937 4181 2050 4223 me-

463 4260 568 4315 lius
592 4266 693 4314 est.
723 4259 794 4314 De
822 4260 955 4314 cmlo
975 4266 1154 4314 autem
1186 4259 1356 4328 ipsum
1385 4274 1506 4316 esse
1533 4260 1628 4325 ait,
1657 4259 1780 4330 quia
1807 4260 1874 4314 ab
1899 4259 2049 4314 omni

461 4351 807 4420 corruptione
833 4352 1069 4405 immune
1095 4361 1196 4405 est.
1227 4350 1343 4404 Non
1376 4352 1518 4406 enim
1545 4365 1742 4421 corpus
1768 4366 1798 4406 e
1825 4351 1958 4406 Caelo
1984 4349 2051 4404 ad

460 4457 558 4508 nos
585 4442 887 4512 delabitur,
929 4442 1021 4497 sed
1066 4441 1170 4498 hoc
1196 4443 1456 4501 vocabulo
1498 4445 1722 4513 gratiam
1765 4444 1909 4498 illinc
1936 4459 2052 4498 ma-

462 4546 679 4590 nantem
711 4533 929 4589 indicat.
962 4533 1221 4600 Quocirca
1255 4544 1455 4588 tantum
1484 4537 1634 4590 abest
1663 4545 1721 4589 ut
1749 4536 1818 4590 ob
1846 4545 2051 4600 certum

461 4625 676 4697 aliquod
710 4625 1062 4680 tentationum
1091 4639 1258 4694 genus
1303 4624 1590 4680 dolendum
1635 4626 1742 4691 sit,
1790 4634 1848 4679 ut
1893 4628 2053 4680 etiam

462 4717 689 4787 quodvis
733 4715 1087 4770 tentationum
1132 4730 1303 4785 genus
1331 4727 1586 4784 expetere
1627 4715 1918 4771 debeamus
1947 4733 1961 4770 :
1991 4731 2054 4772 ac

466 4809 510 4862 si
542 4806 764 4870 diceret,
799 4805 1106 4873 lngemiscis
1128 4804 1198 4859 ob
1230 4804 1694 4875 persequutiones,
1727 4812 1782 4859 et
1806 4805 1928 4876 quia
1955 4821 2056 4861 ex-

468 4909 655 4951 ternus
685 4905 806 4950 tuus
836 4893 998 4949 homo
1023 4895 1421 4964 corrumpitur?
1446 4896 1554 4950 imo
1594 4896 1886 4967 ingemisce
1913 4897 2056 4967 quod

469 5004 577 5044 non
605 4987 860 5057 majorem
890 4989 942 5041 iu
969 4986 1185 5042 modum
1216 4987 1315 5042 hoc
1351 4989 1463 5056 fiat,
1495 5003 1594 5044 nec
1625 4991 1676 5044 in
1723 4999 1890 5045 totum
1932 5005 2056 5045 cor-

469 5091 771 5150 rumpatur.
804 5079 1040 5136 Videsne
1069 5096 1303 5153 quonam
1335 5094 1491 5152 pacto
1515 5099 1817 5140 sermonem
1848 5085 1900 5139 in
1921 5099 2056 5140 con-

472 5176 693 5228 trarium
755 5173 1022 5239 verterit;
1083 5173 1376 5229 ostendens
1426 5175 1548 5230 ideo
1601 5177 2058 5248 ingemiscendum

473 5279 594 5319 esse
619 5305 630 5326 .
661 5264 804 5334 quod
834 5280 939 5319 non
965 5265 1246 5320 c0nfertim
1275 5266 1555 5333 venerint,
1581 5283 1701 5322 cum
1732 5267 1805 5322 illi
1836 5268 2060 5338 ingemi-

473 5363 626 5411 scant
654 5355 795 5425 quod
827 5371 922 5426 per
947 5366 1128 5426 partes
1166 5357 1416 5412 veniant?
1447 5357 1574 5413 ideo
1593 5358 1702 5428 jam
1729 5374 1924 5428 corpus
1951 5374 2058 5414 non

472 5447 874 5502 tabernaculum
901 5449 1156 5517 appellat,
1189 5449 1284 5504 sed
1312 5448 1729 5515 habitationem;
1762 5451 1922 5520 idque
1951 5466 2059 5506 non

473 5541 592 5595 sine
622 5553 810 5609 magna
842 5539 1070 5595 ratione.
1101 5539 1528 5596 Tabernaculum
1557 5543 1702 5597 enim
1747 5541 1903 5598 facile
1947 5543 2060 5599 dis-

475 5631 722 5693 solvitur,
749 5630 874 5684 illud
905 5641 1082 5684 autem
1104 5641 1364 5703 perpetuo
1391 5641 1591 5687 manet.
1625 5635 1678 5688 '5.
1712 5633 1774 5688 Si
1795 5643 1957 5688 tamen
1978 5651 2064 5688 ve-

472 5722 598 5784 stiti,
640 5737 739 5775 non
788 5721 912 5774 nudi
957 5723 1292 5776 inveniamur.
1340 5722 1455 5778 Hoc
1479 5733 1582 5789 est,
1620 5725 1828 5780 etiarnsi
1869 5741 2062 5794 corpus

479 5813 905 5882 deposuerimus,
937 5828 1044 5868 non
1068 5823 1243 5877 tamen
1269 5814 1386 5876 sine
1407 5827 1632 5885 corpore
1662 5815 1768 5869 illic
1787 5815 2060 5884 sistentur,

2103 1313 2236 1368 Nam
2275 1316 2579 1370 communis
2623 1328 2706 1372 est
2735 1318 2973 1373 omnium
3005 1323 3350 1390 resurrectio,
3394 1323 3491 1384 sed
3533 1326 3712 1395 gloria

2105 1419 2212 1458 non
2245 1405 2370 1461 item
2415 1409 2716 1463 communis
2759 1420 2841 1464 est
2874 1427 2888 1464 :
2920 1426 3105 1466 verum
3152 1414 3241 1467 alii
3284 1430 3405 1470 cum
3450 1416 3669 1473 honore
3695 1461 3711 1484 ,

2106 1495 2196 1550 alii
2227 1511 2346 1550 cum
2391 1498 2679 1567 ignominia
2701 1541 2717 1565 ,
2748 1501 2837 1554 alii
2869 1501 2934 1556 ad
2966 1518 3211 1573 regnum,
3261 1506 3348 1560 alii
3391 1507 3456 1561 ad
3490 1523 3714 1577 pinnam

2119 1590 2478 1642 resurrecturi
2513 1598 2658 1644 sunt.
2688 1590 2844 1658 Quod
2885 1594 3047 1648 etiam
3079 1597 3255 1665 ipsum
3288 1599 3375 1653 hic
3409 1600 3709 1669 indicavit,

2115 1690 2240 1731 cum
2269 1678 2425 1745 dixit,
2459 1679 2520 1734 Si
2551 1693 2725 1735 tamen
2759 1686 2931 1746 vestiti
2963 1703 3026 1740 ac
3055 1704 3154 1742 non
3182 1691 3310 1743 nudi
3340 1693 3701 1752 inveniantur.

2111 1767 2166 1822 4.
2202 1767 2343 1823 Nam
2373 1783 2420 1824 et
2455 1789 2569 1833 nos,
2596 1775 2684 1842 qui
2713 1790 2896 1829 sumus
2927 1778 2980 1830 in
3011 1779 3106 1846 hoc
3142 1781 3482 1836 tabernaculo
3507 1823 3522 1847 ,
3557 1786 3706 1856 inge?

2111 1861 2380 1915 miscimus
2415 1867 2641 1932 gravati,
2677 1882 2735 1918 eo
2779 1868 2919 1934 quod
2963 1869 3208 1926 nolumus
3250 1875 3572 1945 exspoliari,
3610 1879 3704 1944 sed

2109 1955 2468 2020 superrestiri.

2187 2045 2243 2101 2.
2286 2045 2397 2101 lloc
2428 2059 2636 2101 rursum
2668 2049 2788 2102 loco
2819 2047 2976 2116 plene
3013 2055 3172 2120 atque
3201 2058 3385 2120 aperte
3416 2049 3710 2112 haeretica.-

2121 2155 2238 2193 rum
2263 2153 2358 2194 ora
2386 2138 2671 2204 obstruxit,
2693 2153 2816 2193 cum
2842 2138 3094 2206 ostendit,
3122 2155 3182 2195 se
3209 2155 3312 2208 non
3334 2141 3402 2197 de
3429 2143 3542 2200 alio
3561 2154 3724 2216 atque

2122 2231 2226 2283 alio
2249 2245 2478 2300 corpore
2518 2229 2837 2302 simpliciter
2871 2231 3030 2286 verba
3065 2231 3273 2299 facere,
3304 2234 3400 2289 sed
3429 2235 3503 2292 de
3533 2252 3723 2301 corr-u-

2127 2323 2310 2390 plinnc
2354 2331 2514 2392 atque
2561 2323 2984 2393 incorruptione.
3028 2322 3213 2394 Neque
3266 2325 3410 2386 enim
3459 2343 3524 2382 ea
3571 2330 3726 2385 nobis

2128 2415 2515 2486 ingemiscendi
2561 2430 2721 2470 causa
2759 2425 2862 2479 est,
2894 2423 2952 2470 ut
2993 2431 3222 2487 corpore
3259 2417 3554 2482 liberemur
3587 2425 3603 2491 (
3625 2422 3726 2485 hoc

2127 2510 2324 2579 quippe
2353 2526 2456 2562 non
2479 2524 2677 2563 exuere
2705 2510 2987 2584 volumus)
3010 2527 3024 2576 ;
3057 2527 3241 2567 verum
3267 2513 3334 2567 de
3354 2517 3721 2586 corruptione,

2129 2615 2248 2669 qua:
2281 2600 2378 2670 ipsi
2427 2601 2584 2664 inest,
2620 2600 2753 2655 solvi
2796 2615 3166 2674 properamus.
3205 2602 3356 2659 Unde
3384 2607 3552 2661 etiam
3574 2607 3721 2666 dicit.

2131 2694 2386 2749 Nolumus
2425 2709 2619 2764 corpus
2666 2678 2894 2759 exue-re,
2951 2695 3046 2750 sed
3105 2696 3278 2764 ipsum
3325 2697 3724 2767 incorruptione

2133 2787 2520 2856 supervestire.
2562 2787 2736 2856 Atque
2773 2787 2886 2839 haec
2915 2788 3078 2842 verba
3118 2803 3242 2842 mox
3269 2791 3511 2859 exponit,
3543 2789 3608 2845 Ut
3633 2791 3725 2843 (ib-.-

2131 2879 2411 2939 sorbeatur,
2443 2879 2576 2948 quod
2603 2877 2930 2948 corrhptibile
2954 2887 3047 2942 est,
3070 2895 3101 2932 a
3123 2881 3240 2933 vita.
3275 2880 3408 2948 Quia
3440 2883 3582 2936 enim
3609 2897 3722 2940 mo-

2137 2971 2332 3026 lestum
2384 2971 2652 3041 plerisque
2701 2985 2820 3026 esse
2865 2971 3148 3027 videbatur
3186 2989 3382 3044 corpus
3433 2975 3719 3046 deponere,

2136 3072 2297 3133 atque
2335 3078 2455 3118 cum
2497 3064 2736 3118 oumium
2775 3065 3081 3120 mortalium
3123 3067 3389 3138 sutiragiis
3425 3068 3715 3138 pugnabat,

2137 3155 2344 3220 dicens,
2387 3155 2771 3228 Ingemiscimus
2793 3199 2808 3224 ,
2839 3158 3083 3214 nolentes
3113 3173 3179 3226 eo
3206 3160 3438 3230 liberari,
3472 3161 3551 3233 (si
3581 3161 3720 3214 enim

2140 3250 2313 3302 anima
2355 3264 2477 3302 cum
2517 3249 2585 3302 ab
2620 3250 2736 3319 ipso
2761 3249 3102 3320 disjungitur,
3129 3251 3181 3304 in
3210 3261 3357 3306 tanto
3385 3253 3523 3309 luctu
3547 3265 3720 3305 versa.

2145 3352 2248 3408 tur,
2280 3357 2534 3411 quorsum
2568 3341 2669 3396 hoc
2696 3342 2794 3408 ais,
2829 3358 2926 3397 nos
2956 3342 3154 3399 idcirco
3186 3345 3554 3414 ingemiscere,
3583 3341 3719 3411 quod

2144 3448 2249 3489 non
2277 3435 2342 3488 ab
2372 3449 2437 3490 eo
2462 3433 2911 3506 distrahamur‘t),
2931 3451 2997 3491 uc
3019 3435 3176 3506 igitur
3201 3435 3314 3489 ba-c
3347 3435 3443 3504 ipsi
3469 3433 3716 3501 οωὶρίηιιτ

2145 3534 2251 3592 tur,
2282 3525 2518 3590 oceurrit
2553 3535 2608 3579 et
2638 3526 2712 3579 ait
2744 3542 2756 3578 :
2788 3524 2906 3579 Non
2938 3541 3037 3595 ego
3078 3525 3178 3578 hoc
3227 3525 3368 3584 dico.
3396 3523 3532 3593 quod
3567 3522 3633 3575 oh
3661 3519 3711 3574 id

2146 3615 2561 3686 ingemiscamus
2591 3657 2604 3680 ,
2655 3625 2711 3670 ut
2759 3629 2955 3684 Corpus
2999 3616 3322 3685 ili-ponamus
3354 3616 3542 3686 (nemo
3575 3612 3714 3667 enim

2147 3720 2250 3774 est,
2290 3709 2380 3777 qui
2407 3710 2526 3764 sine
2561 3710 2723 3762 animi
2754 3709 3004 3776 qustitia
3030 3710 3200 3778 ipsum
3225 3708 3455 3779 deponat
3488 3724 3501 3760 :
3529 3704 3721 3774 quippe

2148 3817 2270 3857 cum
2318 3801 2386 3856 de
2424 3801 2584 3856 Petro
2626 3816 2840 3872 quoque
2881 3799 3022 3855 dicat
3051 3799 3318 3867 Christus,
3348 3800 3544 3854 Tollent
3571 3807 3636 3860 te,
3667 3812 3724 3850 ac

2150 3896 2333 3948 ducent
2357 3911 2455 3962 quo
2482 3911 2582 3947 non
2608 3895 2679 3947 vis
2716 3891 2895 3966 [Ιοαη.
2924 3893 2984 3948 2|
3003 3935 3014 3946 .
3047 3891 3174 3964 18])
3207 3909 3221 3956 ;
3254 3891 3347 3947 sed
3377 3901 3429 3946 ut
3459 3891 3726 3944 immorta-

2154 3990 2320 4044 litatis
2366 4000 2512 4044 veSIe
2553 3989 2726 4056 ipsum
2775 3987 3242 4064 superinduamus.
3291 3985 3402 4040 Hoc
3435 3983 3574 4039 enim
3616 3989 3722 4049 est,

2155 4099 2248 4153 per
2288 4082 2429 4152 quod
2459 4097 2690 4152 corpore
2713 4096 3019 4154 gravantur,
3052 4095 3157 4134 non
3189 4078 3331 4149 quod
3357 4090 3576 4147 corpore
3605 4090 3728 4127 con—

2155 4155 2326 4231 vestiti
2357 4187 2574 4239 sumus,
2605 4173 2697 4227 sed
2730 4171 2872 4243 quod
2915 4169 3248 4240 corruptibili
3277 4176 3331 4224 et
3357 4163 3588 4238 passibili
3612 4176 3729 4220 cor.-

2155 4281 2326 4336 pore;
2362 4281 2481 4319 nam
2534 4264 2635 4320 hoc
2684 4273 2766 4318 est
2816 4262 2958 4335 quod
3005 4263 3158 4320 nobis
3209 4275 3496 4320 mmrorcm
3538 4255 3727 4311 adert:

2156 4372 2343 4412 verum
2393 4355 2655 4410 accedens
2707 4355 2812 4408 vita
2857 4355 3260 4423 corruptionem
3314 4350 3526 4408 conficit
3577 4357 3731 4416 atque

2156 4448 2409 4513 absumit,
2458 4463 2562 4502 non
2610 4447 2735 4502 item
2764 4463 2981 4517 corpus.
3014 4447 3078 4502 Et
3110 4445 3380 4516 quomodo
3420 4445 3523 4499 hoc
3554 4441 3732 4494 lit?in-

2157 4543 2291 4611 quit.
2347 4538 2424 4594 Ne
2471 4555 2702 4608 quaeras,
2756 4541 2894 4596 Deus
2935 4539 3034 4595 hoc
3079 4539 3207 4594 facit
3239 4557 3252 4594 :
3283 4555 3350 4594 ne
3387 4539 3592 4594 curiose
3635 4531 3732 4584 hoc

2159 4633 2432 4700 exquiras.
2459 4629 2609 4687 Unde
2631 4631 2791 4686 etiam
2819 4631 3046 4700 subjecit
3079 4648 3092 4684 :
3125 4631 3178 4684 5.
3210 4629 3310 4696 Qui
3331 4639 3489 4683 autem
3510 4640 3597 4678 nos
3614 4620 3730 4685 vlle.-

2158 4723 2226 4775 cit
2269 4721 2322 4774 in
2369 4724 2463 4774 hoc
2507 4721 2696 4796 ipsum,
2730 4719 2893 4782 Deus.
2924 4720 3132 4788 Quibus
3159 4721 3339 4783 verbis
3367 4714 3588 4780 ostendit
3615 4710 3723 4762 hinc

2155 4815 2265 4886 jam
2293 4815 2421 4869 olim
2451 4815 2667 4872 decreta
2696 4817 2878 4878 fuisse.
2911 4817 3028 4872 Non
3068 4817 3211 4872 enim
3242 4833 3381 4873 nunc
3416 4813 3630 4883 primum
3658 4805 3726 4858 ila

2161 4907 2334 4960 visum
2378 4916 2462 4962 est
2501 4906 2644 4971 Deo,
2687 4907 2782 4962 sed
2822 4923 2942 4962 cum
2973 4923 3002 4962 a
3047 4907 3304 4978 principio
3346 4919 3438 4960 uos
3481 4915 3546 4953 ex
3586 4906 3728 4949 terr-3

2164 4996 2432 5064 formavit,
2461 5006 2621 5067 atque
2659 4998 2925 5063 Adamum
2956 4999 3211 5054 condidit.
3252 4998 3360 5052 Nec
3384 5007 3508 5049 vero
3531 5003 3650 5044 cum
3681 4986 3736 5037 in

2163 5086 2267 5141 hoc
2292 5087 2554 5153 condidit,
2595 5095 2654 5142 ut
2678 5098 2998 5161 moreretur,
3030 5090 3122 5147 sed
3149 5099 3202 5142 ut
3240 5084 3588 5142 immortalem
3618 5092 3738 5132 eum

2165 5178 2420 5240 efficeret.
2451 5179 2639 5234 Postea
2665 5189 2720 5233 ut
2744 5178 2902 5236 fidem
2929 5181 3086 5236 dictis
3107 5180 3428 5240 adstrueret,
3453 5169 3740 5243 subjunxit.

2169 5269 2270 5337 Qui
2302 5271 2451 5323 etiam
2474 5270 2612 5339 dedit
2646 5272 2788 5326 nobis
2818 5271 3000 5342 pignus
3024 5271 3272 5342 Spiritus.
3303 5271 3434 5326 Nam
3463 5276 3516 5324 et
3545 5275 3667 5318 tunc
3697 5261 3746 5311 iu

2167 5359 2310 5428 [tunc
2338 5360 2496 5430 finem
2528 5360 2799 5431 hominem
2825 5361 3055 5428 eflinxit,
3078 5371 3133 5417 et
3161 5377 3300 5416 nunc
3319 5378 3415 5433 per
3437 5355 3751 5426 baptismum

2167 5448 2360 5513 effecit,
2387 5449 2610 5528 ejusque
2635 5451 2710 5516 rei
2731 5467 2835 5505 non
2860 5468 3080 5521 parvum
3109 5453 3265 5507 nobis
3294 5455 3484 5524 pignus
3511 5440 3752 5518 prrebuil.

2169 5557 2364 5611 nempe
2393 5542 2652 5612 Spiritum
2681 5553 2942 5598 sanetum.
2967 5543 3303 5615 Frequenter
3323 5551 3500 5598 autem
3528 5531 3756 5608 pignoris

2170 5633 2434 5688 vocabulo
2477 5633 2665 5698 utitur,
2700 5629 2812 5687 tum
2853 5642 2911 5688 ut
2943 5634 3281 5690 demonstret
3309 5649 3371 5691 se
3415 5630 3577 5688 totius
3606 5624 3756 5693 hujus

2170 5726 2247 5782 rei
2275 5725 2571 5792 debitorem
2601 5739 2721 5780 esse
2740 5766 2755 5790 ,
2788 5737 2896 5793 tum
2926 5736 2982 5790 ut
3019 5726 3283 5796 majorem
3309 5724 3474 5784 ﬁdem
3497 5715 3635 5790 apud
3661 5713 3758 5770 ob?

2174 5817 2403 5881 tusiorcs
2425 5815 2602 5871 verbis
2619 5814 2729 5869 suis
2755 5817 3022 5878 conciliet.
3044 5818 3096 5872 6.
3124 5817 3378 5888 Audentes
3399 5815 3553 5888 igitur
3569 5818 3754 5874 ιηηριι
