4068 6454
312 384 418 441 W1

311 502 428 555 ἀλλ’
458 501 533 566 ὼς
579 500 638 565 ἐξ
680 499 871 571 ἐτέρας
909 499 1218 562 ὑποθέσεως
1256 503 1336 564 εἰς
1373 501 1532 556 τοῦτο
1575 502 1763 555 ἐλθών·
1806 501 1900 555 καὶ

314 595 421 663 γὰρ
447 587 585 663 ἦσαν
614 589 999 661 διορθωθέντες
1028 591 1152 662 ἤδη·
1177 593 1271 645 καί
1311 610 1495 662 φησιν,
1530 592 1792 663 Οἴδαμεν
1812 594 1901 646 ὅτι

312 685 420 739 ἐὰν
447 685 486 751 ἡ
521 685 784 753 ἐπίγειος
807 681 979 751 ήμῶν
1013 685 1170 738 οἰκία
1197 682 1304 737 τοῦ
1329 683 1607 752 σκήνους
1637 689 1902 739 καταλυ-

311 778 409 846 θῇ,
443 778 534 830 ὅτι
558 774 891 845 οἰκοδομὴν
911 774 980 828 ἐκ
1010 775 1159 830 Θεοῦ
1185 774 1425 847 ἔχομεν,
1448 777 1648 837 οἰκίαν
1671 778 1903 846 ἀχειρο-

317 869 589 937 ποίητον,
651 866 896 925 αἰώνιον
948 865 1019 919 ἐν
1062 865 1186 935 τοῖς
1224 866 1527 936 οὐρανοῖς.
1565 866 1715 939 1506]
1746 867 1903 929 Τινὲς

316 960 418 1035 μὲν
437 961 546 1032 ,τὴν
568 959 746 1015 οἰκίαν
771 957 868 1034 τὴν
891 956 1136 1025 ἐπίγειον
1159 957 1249 1011 τὸν
1273 959 1476 1031 κόσμον
1500 958 1689 1019 τοῦτόν
1714 974 1900 1029 φασιν·

315 1055 427 1126 ἐγὼ
452 1054 509 1108 δὲ
541 1052 603 1106 τὸ
638 1052 799 1121 σῶμα
826 1049 1028 1121 μᾶλλον
1057 1049 1124 1103 ἂν
1153 1050 1320 1122 φαίην
1349 1051 1512 1105 αὑτὸν
1542 1051 1900 1112 αἰνίττεσθαι.

315 1148 388 1201 Σὺ
443 1145 501 1200 δέ
554 1162 644 1215 μοι
686 1143 899 1207 σκόπει,
930 1142 1049 1205 πῶς
1080 1142 1170 1203 διά
1204 1142 1313 1197 τῶν
1351 1144 1633 1214 ὀνομάτων
1665 1145 1904 1199 δείκνυσι

314 1239 415 1308 τὴν
449 1236 723 1308 ὑπεροχὴν
751 1234 860 1289 τῶν
888 1233 1198 1305 μελλόντων
1229 1234 1368 1305 πρὸς
1396 1235 1466 1288 τὰ
1507 1236 1773 1306 παρόντα.
1810 1235 1906 1288 Εἰ-

317 1329 438 1381 πὼν
467 1328 576 1398 γὰρ
601 1327 865 1394 ἐπίγειον,
897 1324 1164 1394 ἀντέθηκε
1192 1325 1290 1397 τὴν
1314 1326 1592 1396 οὐρανίαν·
1622 1323 1793 1379 εἰπὼν
1823 1323 1905 1377 (ιί-

321 1421 447 1474 κίαν
482 1420 736 1491 σκήνους,
768 1419 861 1473 καὶ
885 1417 945 1471 τὸ
978 1416 1285 1470 εὐδιάλυτον
1311 1417 1404 1471 καὶ
1435 1417 1770 1488 πρόσκαιρον
1796 1415 1906 1469 δεί-

324 1513 420 1577 ξας
475 1510 745 1575 ἐντεῦθεν,
792 1510 1057 1580 ἀντέθηκε
1111 1509 1212 1583 τὴν
1258 1509 1502 1564 αἰωνίαν·
1545 1510 1608 1562 τὸ
1648 1511 1758 1581 γὰρ
1807 1510 1906 1579 τῆς

325 1604 531 1676 σκηνῆς
556 1603 748 1673 ὄνομα,
778 1601 841 1654 τὸ
863 1601 1199 1672 πρόσκαιρον
1229 1601 1489 1665 πολλάκις
1522 1601 1784 1656 δείκνυσι.
1817 1601 1908 1657 Διό

322 1684 506 1762 φησιν,
545 1695 646 1747 Ἑν
664 1690 739 1760 τῇ
763 1693 919 1758 οἰκίᾳ
944 1692 1050 1746 τοῦ
1076 1695 1303 1763 Πατρός
1321 1711 1442 1764 μου
1464 1694 1649 1769 μοναὶ
1678 1695 1908 1752 πολλαί

317 1787 497 1839 εἰσιν.
534 1783 596 1837 Εἰ
633 1785 691 1837 δέ
733 1801 836 1836 που
879 1786 973 1838 καὶ
999 1786 1203 1851 σκηνὰς
1232 1786 1421 1857 καλοίη
1454 1786 1563 1846 τῶν
1595 1788 1767 1856 ἁγίων
1808 1788 1905 1852 τάς

317 1877 680 1943 ἀναπαύσεις,
727 1878 825 1948 οὐχ
855 1878 1042 1942 ἁπλῶς
1076 1878 1302 1949 σκηνὰς,
1336 1880 1473 1935 ἀλλά
1502 1883 1642 1952 μετά
1667 1882 1908 1954 προσθή-

318 1987 442 2041 κης·
474 1972 533 2024 ού
570 1971 679 2048 γὰρ
710 1965 884 2035 εἶπεν,
919 1971 1035 2024 Ἵνα
1059 1969 1318 2035 δέξωνται
1351 1974 1429 2037 εἰς
1459 1974 1557 2036 τὰς
1583 1975 1788 2044 σκηνάς
1804 1976 1906 2027 αύ-

316 2061 449 2124 τῶν,
491 2061 628 2127 ἀλλ’,
658 2065 765 2126 Εἰς
790 2060 895 2128 τὰς
929 2063 1209 2129 αἰωνίους
1231 2064 1486 2132 σκηνάς.
1520 2064 1704 2119 Εἰπὼν
1735 2065 1790 2118 δὲ
1816 2067 1909 2118 καὶ

330 2155 791 2226 ’Λχειροποίητον,
817 2155 1036 2227 ᾐνίξατο
1064 2156 1162 2228 τὴν
1186 2158 1583 2228 χειροποίητον.
1603 2158 1667 2210 Τί
1691 2155 1819 2224 05v;
1850 2157 1911 2210 τὸ

321 2247 483 2318 σῶμα
539 2248 949 2319 χειροποίητον;
1005 2248 1291 2320 Οὐδαμῶς·
1345 2249 1531 2320 ἀλλ’ἢ
1582 2248 1683 2313 τὰς
1731 2249 1910 2313 οἰκίας

317 2340 554 2394 ἐνταῦθα
585 2341 877 2394 αἰνίττεται
907 2340 1008 2404 τάς
1028 2343 1465 2412 χειροποιήτους·
1494 2342 1528 2412 ἢ
1555 2343 1602 2394 εἰ
1630 2340 1703 2413 μὴ
1727 2340 1907 2408 τοῦτο,

322 2431 444 2485 ἀλλ’
476 2431 655 2485 οἰκίαν
688 2433 920 2502 σκήνους
948 2432 1007 2485 τὸ
1036 2430 1197 2502 σῶμα
1226 2431 1455 2485 ἐκάλεσε
1480 2432 1541 2485 τὸ
1565 2431 1912 2503 ἀχειροποίη-

314 2545 431 2581 τον.
480 2527 554 2579 05
591 2526 700 2596 γὰρ
729 2526 866 2597 πρὸς
902 2526 1316 2599 ἀντιδιαστολὴν
1359 2526 1552 2581 τούτου
1589 2525 1908 2602 ἀντέθηκεν,

316 2617 432 2671 ἀλλ’
458 2616 641 2683 αύξων
679 2616 747 2670 τὰ
795 2613 1073 2687 ἐγκώμια,
1105 2617 1199 2673 καὶ
1237 2618 1548 2691 προστιθεὶς
1583 2617 1711 2683 τοὺς
1753 2617 1914 2671 ὲπαί·

318 2725 462 2772 νους.
503 2707 613 2761 Καὶ
656 2706 766 2777 γὰρ
802 2708 874 2761 ἐν
910 2709 1101 2773 τούτῳ
1138 2706 1524 2777 στενάζομεν,
1558 2708 1626 2767 τὸ
1668 2708 1914 2778 οἰκητή-

315 2813 453 2866 ριον
494 2796 663 2867 ἡμῶν
697 2798 762 2851 τὸ
802 2797 872 2863 ἐξ
915 2797 1178 2866 οὐρανοῦ
1210 2798 1665 2865 ἐπενδύσασθαι
1703 2800 1914 2854 ἐπιπο-

322 2888 591 2961 θοῦντες.
632 2890 791 2952 Ποῖον
835 2892 1186 2967 οἰκητήριον;
1226 2891 1367 2944 εἰπέ·
1397 2909 1511 2969 μοι.
1545 2892 1618 2945 Τὸ
1653 2892 1814 2964 σῶμα
1851 2891 1914 2946 τὸ

322 2980 623 3050 ἄφθαρτον.
653 2984 762 3037 Καὶ
786 2982 874 3037 διὰ
892 2982 945 3036 τί
970 2982 1299 3054 στενάζομεν
1328 2983 1453 3051 νῦν;
1489 2984 1705 3059 Ἐπειδὴ
1737 2982 1915 3054 πολλῴ

326 3072 538 3143 βέλτιον
582 3076 780 3130 ἐκεῖνο.
829 3075 920 3141 Ἐξ
961 3074 1194 3147 οὐρανοῦ
1246 3076 1303 3129 δὲ
1353 3077 1487 3130 αὑτό
1534 3094 1666 3148 φησι
1712 3076 1802 3131 διά
1853 3075 1917 3129 τὸ

324 3156 625 3236 ἄφθαρτον.
676 3168 750 3220 Ού
784 3166 893 3238 γὰρ
948 3167 1012 3239 δὴ
1065 3167 1274 3223 ἄνωθεν
1312 3170 1445 3240 ἡμῖν
1479 3169 1692 3223 κάτεισι
1735 3168 1914 3239 σῶμα,

324 3257 466 3312 ἀλλά
484 3258 581 3330 τήν
611 3258 821 3312 ἐκεῖθεν
851 3259 1215 3330 πεμπομένην
1234 3260 1396 3331 χάριν
1424 3260 1576 3331 δηλοῖ
1596 3259 1675 3332 τῷ
1692 3261 1917 3333 ὀνόματι

325 3350 524 3422 τούτῳ.
560 3352 825 3405 Τοσοῦτον
855 3348 949 3406 οὖν
979 3354 1041 3406 οὐ
1072 3353 1155 3407 δεῖ
1176 3353 1361 3422 ἀλγεῖν
1388 3354 1481 3408 ἐπὶ
1511 3356 1624 3418 τοῖς
1653 3354 1797 3409 κατά
1829 3355 1920 3423 μέ-

330 3460 422 3513 ρος
452 3447 802 3515 πειρασμοῖς,
834 3446 915 3499 ὅτι
945 3445 1039 3500 καὶ
1066 3445 1125 3499 τὸ
1158 3445 1446 3502 καθολικὸν
1474 3447 1555 3501 δεῖ
1585 3448 1790 3518 ζητεῖν·
1811 3447 1918 3500 ὡσ-

326 3537 445 3589 ανεὶ
490 3536 667 3606 ἔλεγε,
706 3536 921 3603 Στένεις
956 3538 1039 3592 ὅτι
1081 3537 1273 3612 διώκῃ,
1321 3540 1405 3594 ὅτι
1434 3540 1716 3611 φθείρεται
1756 3557 1850 3594 σου
1891 3541 1920 3593 ὁ

326 3625 616 3697 ᾅνθρωπος
662 3630 692 3688 ὁ
740 3627 875 3699 ἕξω;
912 3629 1163 3694 στέναξον
1207 3631 1291 3684 ὅτι
1336 3632 1396 3684 ού
1452 3631 1572 3702 μεθ’
1611 3632 1921 3703 ὑπερϐολῆς

328 3717 489 3771 τοῦτο
509 3718 742 3787 γίνεται,
776 3720 913 3799 μηδὲ
936 3721 1248 3795 ὁλοκλήρως
1278 3722 1588 3799 φθείρεται.
1614 3719 1771 3788 Εἶδες
1800 3721 1919 3789 πῶς

332 3811 413 3873 εἰς
446 3812 760 3873 τούναντίον
792 3814 1119 3893 περιέτρεψε
1157 3815 1249 3869 τὸν
1277 3815 1458 3886 λόγον,
1496 3815 1807 3882 ἀποδείξας,
1836 3815 1920 3871 ὅτι

335 3901 475 3977 ὑπὲρ
505 3900 709 3961 τούτων
734 3903 817 3962 δεῖ
843 3904 1119 3969 στενάξειν
1154 3907 1230 3978 μὴ
1261 3906 1561 3978 γινομένων
1588 3904 1918 3977 ὁλοκλήρως,

336 3991 475 4062 ὑπὲρ
519 3984 596 4049 ῶν
643 3992 892 4073 μερικῶς
933 3996 1235 4068 γινομένων
1279 3997 1599 4065 ὲστέναζονς
1626 3998 1726 4051 Διά
1763 3996 1922 4050 τοῦτο

334 4083 457 4137 οὐδὲ
486 4088 684 4156 σκῆνος
718 4086 850 4139 αὐτὸ
891 4088 1047 4142 καλεῖ
1072 4087 1283 4154 λοιπὸν,
1309 4089 1426 4144 ἀλλ’
1457 4091 1791 4161 οἰκητήριον·
1827 4089 1922 4143 καὶ

338 4177 484 4248 μάλα
507 4179 754 4243 εἰκότως.
790 4180 852 4234 Ἦ
881 4180 980 4252 μὲν
1004 4183 1112 4252 γάρ
1137 4183 1310 4259 σκηνὴ
1338 4183 1669 4247 καταλύεται
1701 4182 1921 4255 ῥᾳδίως,

334 4270 512 4330 ἐκεῖνο
539 4271 597 4329 δὲ
630 4271 781 4340 μένει
804 4274 1088 4347 διηνεκῶς.
1118 4276 1195 4340 ει
1224 4293 1291 4345 τε
1320 4276 1418 4332 καὶ
1453 4274 1852 4345 ἐνδυσάμενοι
1875 4287 1923 4338 ι,

335 4361 409 4414 οὐ
430 4363 645 4437 γυμνοί
666 4366 1134 4438 εὑρεθησόμεθα.
1156 4367 1440 4433 Τουτέστι,
1467 4367 1572 4431 κάν
1592 4364 1927 4438 ἀποθώμεθα

337 4452 398 4504 τὸ
445 4453 626 4523 σῶμα,
654 4456 715 4508 οὐ
746 4456 915 4530 χωρὶς
958 4456 1230 4529 σώματος,
1272 4461 1392 4513 ἐκεῖ
1434 4458 1925 4538 παραστησόμεθα,

338 4543 476 4598 ἀλλά
515 4545 610 4598 καὶ
650 4546 791 4616 μετά
830 4547 925 4601 τοῦ
956 4548 1122 4602 αὐτοῦ
1162 4549 1447 4621 ἀφθάρτου
1479 4551 1797 4621 γενομένου.
1830 4552 1928 4605 Τι-

338 4635 428 4699 νὲς
472 4634 530 4695 δέ
578 4652 763 4704 φασιν,
801 4636 829 4689 ὃ
867 4636 963 4690 καὶ
994 4637 1227 4709 μάλιστα
1264 4625 1566 4711 ἐγκριτέον·
1613 4642 1797 4711 Εἴπερ
1829 4642 1929 4697 καί

336 4725 760 4796 ἐνδυσάμενοι,
806 4729 878 4783 οὐ
921 4729 1137 4798 γυμνοί
1181 4732 1644 4802 εὑρεθησόμεθα.
1674 4735 1795 4790 Ἵνα
1819 4734 1930 4806 γὰρ

340 4818 416 4888 μὴ
450 4818 558 4878 διπὸ
590 4817 692 4891 τῆς
721 4817 1077 4883 ἀναστάσεως
1101 4819 1304 4884 πάντες
1335 4820 1606 4900 θαρρῶσι,
1645 4824 1830 4896 φησίν·
1858 4826 1939 4880 Εἴ

338 4926 405 4979 τε
442 4910 539 4963 καὶ
571 4908 994 4989 ἐνδυσάμενοι·
1022 4913 1323 4980 τουτέστιν,
1353 4914 1664 4989 ἀφθαρσίαν
1690 4918 1786 4971 καὶ
1822 4917 1931 4970 σῶ-

345 5017 420 5069 μα
457 5001 735 5078 ἄφθαρτον
771 5003 1048 5079 λαϐόντες·
1096 5008 1168 5061 οὐ
1198 5010 1414 5079 γυμνοί
1457 5012 1928 5082 εὑρεθησόμεθα,

341 5090 501 5163 δόξης
533 5096 626 5147 καὶ
657 5095 979 5165 ἀσφαλείας.
1019 5099 1085 5151 Ὅ
1112 5099 1205 5153 καὶ
1235 5101 1295 5154 ὲν
1321 5104 1387 5175 τῇ
1423 5101 1530 5173 πρὸ
1558 5102 1761 5174 ταύτης
1794 5104 1931 5176 πρὸς

344 5182 663 5258 Κορινθίους
688 5185 894 5255 ἔλεγεν,
922 5188 1004 5243 ὅτι
1027 5188 1260 5256 Πάντες
1290 5189 1410 5260 μὲν
1437 5191 1926 5263 ἀναστησόμεθα,

341 5272 600 5341 ἕκαστος
623 5275 691 5330 δὲ
710 5279 782 5331 ἐν
802 5279 882 5346 τῷ
906 5279 1035 5348 ἰδίῳ
1058 5280 1323 5352 τάγματι·
1351 5283 1469 5349 καὶ,
1496 5285 1663 5337 Ἔστι
1686 5284 1932 5354 σώματα

341 5369 691 5438 ἐπουράνια,
722 5370 822 5425 καί
846 5370 1094 5445 σώματα
1121 5375 1372 5446 ἐπίγεια.
1411 5376 1478 5429 Ἠ
1515 5376 1613 5447 μὲν
1652 5377 1760 5448 γάρ
1794 5379 1929 5432 ἀνά-

345 5477 538 5526 στασις
569 5462 724 5537 κοινὴ
759 5464 997 5532 πάντων,
1028 5466 1061 5537 ή
1085 5465 1143 5529 δὲ
1172 5466 1299 5534 δόξα
1323 5466 1511 5529 οὐκέτι
1538 5466 1714 5538 κοινὴ,
1739 5467 1856 5521 ἀλλ’
1878 5470 1929 5522 οἰ

407 5684 510 5756 fin
529 5681 766 5756 0pislc)l§s_
795 5684 1153 5756 PaulilnGmce
1191 5686 1380 5756 legitan
1406 5687 1560 5756 pﬁam
1586 5690 1927 5756 ἐνδυσάμενοι,

344 5745 646 5794 «demtum
685 5745 1326 5815 vi(lcftur_.(lhrysostu_mﬁm
1370 5750 1449 5799 hic
1499 5755 1678 5813 legisse
1730 5745 1936 5807 ἐκδιδάξ-

347 5821 495 5869 μινοι,
520 5814 575 5856 ιιι
608 5821 668 5855 ex
698 5811 829 5857 serie
853 5811 961 5871 ejus
986 5812 1349 5871 comprobauit.

1370 380 1433 436 IN
1475 380 1693 437 EPIST.
1752 380 1793 434 Η
1841 379 1932 433 Al)
1965 380 2120 437 C08.
2169 382 2406 443 1103111..
2455 384 2518 440 Χ.

3483 388 3592 445 468

2010 504 2108 571 μὲν
2156 506 2214 557 ἐν
2253 508 2415 576 τιμῇ,
2452 506 2501 558 οί
2541 504 2597 558 δὲ
2632 504 2689 557 έν
2718 506 2933 577 ἀτιμίᾳ,
2965 507 3058 560 καὶ
3095 507 3143 560 οἱ
3190 506 3287 576 μὲν
3326 509 3404 571 εἰς
3434 508 3592 579 βασι-

2006 593 2176 661 λείαν,
2216 597 2266 648 οἰ
2310 596 2459 670 [507]
2502 597 2560 650 δὲ
2597 600 2678 662 εἰς
2708 597 2930 652 κόλασιν
2967 600 3391 667 ἀναστήσονται.
3423 601 3596 655 Τοῦτο

2004 684 2136 753 γοῦν
2167 687 2261 739 καὶ
2289 688 2525 742 ἐνταῦθα
2564 689 2831 756 ἐδήλωσεν
2857 687 3052 755 εἰπὼν,
3078 688 3152 741 ΕΙ
3176 706 3242 758 γε
3265 689 3596 761 ἐνδυσάμε-

2003 795 2119 840 νοι.
2156 780 2228 834 οὐ
2258 780 2472 850 γυμνοί
2495 781 2960 850 εὑρεθησόμεθα.
2982 782 3091 835 Καὶ
3117 780 3225 848 γὰρ
3252 784 3306 837 οι
3330 781 3501 846 ὄντες
3523 789 3587 835 εν

2004 868 2085 935 τῷ
2118 870 2333 937 σκήνει
2380 873 2589 937 τούτῳ,
2615 865 2997 942 στενάζομεν,
3040 872 3132 941 ἐφ’
3154 864 3203 937 ᾧ
3240 873 3313 926 οὐ
3338 875 3596 938 θέλομεν

2003 962 2400 1024 ἐκδύσασθαι,
2429 965 2569 1025 ἀλλ’
2597 965 3068 1024 ἐπενδύσασθαι.

2077 1054 2142 1126 β’.
2194 1056 2458 1110 Ἐνταῦθα
2473 1056 2635 1113 πάλιν
2655 1057 2959 1128 ὁλοσχερῶς
2982 1059 3075 1110 καὶ
3095 1056 3280 1126 σαφῶς
3311 1056 3595 1127 ἀπέφραξε

2004 1145 2073 1203 τὰ
2099 1146 2342 1216 στόματα
2372 1146 2480 1200 τῶν
2501 1147 2816 1219 αἱρετικῶν,
2842 1146 3021 1213 δείξας
3047 1148 3127 1200 ὃτι
3156 1146 3217 1198 ού
3247 1146 3375 1216 περὶ
3406 1145 3594 1217 σώμα-

2004 1254 2097 1300 τος
2137 1235 2325 1300 ἁπλῶς
2365 1236 2674 1305 διαλέγεται
2723 1237 2885 1292 ἄλλου
2924 1238 3020 1291 καὶ
3067 1235 3252 1303 ἄλλου,
3285 1236 3422 1289 ἀλλά
3462 1238 3594 1308 περὶ

2007 1333 2215 1405 φθορᾶς
2240 1334 2335 1389 καὶ
2364 1332 2695 1404 ἀφθαρσίας.
2722 1333 2796 1387 Οὐ
2820 1332 2927 1404 γὰρ
2949 1332 3036 1387 διὰ
3057 1332 3215 1391 τοῦτο
3240 1332 3592 1402 στενάζομεν,

2007 1422 2195 1492 φησὶν,
2219 1423 2305 1476 ἵνα
2324 1423 2418 1477 τοῦ
2442 1425 2694 1494 σώματος
2714 1423 3120 1494 ἀπαλλαγῶμεν
3144 1423 3322 1492 (τοῦτο
3342 1423 3452 1492 γὰρ
3471 1421 3595 1476 οὐδὲ

2007 1514 2338 1568 ἐκδύσασθαι
2369 1515 2718 1586 βουλόμεθα),
2749 1516 2886 1575 ἀλλά
2908 1517 3006 1586 τῆς
3038 1514 3246 1587 φθορᾶς
3280 1515 3380 1585 τῆς
3412 1518 3468 1567 ὲν
3498 1514 3598 1569 αύ-

2007 1605 2085 1675 τῷ
2119 1606 2418 1676 σπεύδομεν
2451 1606 2902 1678 ὲλευθερωθῆναι.
2940 1606 3031 1659 Διό
3053 1624 3239 1678 φησιν,
3267 1607 3340 1660 Οὐ
3368 1604 3597 1676 θέλομεν

2007 1695 2342 1752 ἐκδύσασθαι
2387 1697 2449 1751 τὸ
2484 1697 2666 1768 σῶμα,
2699 1698 2814 1750 ἀλλ’
2856 1698 3251 1751 ἐπενδύσασθαι
3304 1695 3454 1767 αὐτῷ
3496 1696 3598 1767 τήν

2009 1790 2337 1862 ἀφθαρσίαν.
2370 1785 2504 1842 Εἶτα
2526 1790 2622 1842 καὶ
2642 1789 2935 1859 έρμηνεύει
2962 1789 3110 1843 αὐτό·
3140 1789 3265 1842 Ἵνα
3288 1785 3598 1857 καταποθῇ

2009 1882 2075 1936 τὸ
2106 1881 2376 1951 φθαρτὸν
2423 1882 2544 1935 ὑπὸ
2593 1880 2704 1949 τῆς
2749 1879 2915 1948 ζωῆς.
2962 1881 3180 1952 Ἐπειδὴ
3228 1881 3335 1952 γὰρ
3383 1879 3599 1942 πολλοῖς

2010 1969 2268 2041 φορτικὸν
2296 1965 2440 2023 εἶναι
2461 1970 2636 2024 ἐδόκει
2659 1970 2720 2024 τὸ
2740 1971 3042 2025 ἀποθέσθαι
3064 1971 3126 2023 τὸ
3149 1971 3330 2041 σῶμα,
3361 1969 3459 2024 καὶ
3480 1972 3600 2034 ταῖς

2008 2064 2215 2136 ψήφοις
2255 2065 2377 2127 ταῖς
2408 2064 2665 2117 ἁπάντων
2706 2062 3027 2133 ἠναντιοῦτο
3056 2062 3252 2132 λέγων,
3284 2064 3366 2116 ὃτι
3398 2062 3602 2116 Στενάο

2011 2151 2199 2222 ζομεν,
2234 2152 2295 2205 οὐ
2332 2152 2646 2223 βουλόμενοι
2696 2154 2862 2207 αὐτοῦ
2909 2153 3331 2223 ἀπαλλαγῆναις
3370 2154 3449 2225 (εἰ
3490 2152 3603 2226 γὰρ

2010 2242 2238 2298 τοιαῦτα
2277 2244 2501 2315 πάσχει,
2529 2244 2625 2298 καὶ
2649 2244 2899 2314 ὀδύρεται
2927 2244 3093 2299 αὑτοῦ
3123 2246 3155 2314 ἡ
3189 2244 3335 2317 ψυχὴ
3370 2242 3606 2317 χωριζοι

2015 2336 2177 2408 μένη,
2212 2336 2330 2400 πῶς
2358 2337 2424 2390 σὺ
2452 2336 2654 2407 λέγεις,
2689 2338 2876 2409 φησὶν,
2906 2339 2989 2394 δτι
3027 2336 3380 2408 στενάζομεν,
3413 2335 3602 2409 ἐπειδὴ

2011 2428 2074 2491 οὐ
2102 2426 2451 2499 χωριζόμεθα
2478 2428 2643 2484 αὐτοῦ
2663 2429 2710 2500 ;)
2739 2429 2804 2483 ἵν’
2839 2424 2932 2483 οὖν
2962 2429 3038 2501 μὴ
3066 2428 3238 2487 ταῦτα
3280 2427 3431 2499 αὐτῷ
3473 2429 3603 2482 ἀν’).

2014 2519 2383 2591 υποφέρηται,
2429 2519 2551 2575 οὐδὲ
2608 2518 2721 2589 ἐγὼ
2768 2519 2927 2574 τοῦτο
2983 2521 3148 2589 λέγω,
3194 2520 3378 2589 φησὶν,
3408 2518 3603 2575 ὃτιδια

2012 2611 2172 2676 τοῦτο
2221 2612 2575 2685 στενάζομεν,
2608 2614 2696 2667 ἵνα
2732 2612 2868 2667 αὐτὸ
2894 2612 3230 2684 ἀποθώμεθα
3262 2611 3457 2682 (οὐδεὶς
3492 2612 3603 2682 γὰρ

2013 2705 2237 2770 ἀλύπως
2269 2707 2399 2760 αὐτὸ
2437 2707 2776 2761 ἀποτίθεται·
2812 2708 2948 2762 ὅπου
2988 2723 3052 2776 γε
3094 2706 3189 2760 καὶ
3230 2706 3356 2777 περὶ
3391 2705 3601 2776 Πέτρου

2015 2798 2180 2869 φησὶν
2199 2801 2228 2852 ό
2248 2800 2504 2870 Χριστὸς,
2528 2799 2612 2854 ὅτι
2639 2799 2897 2853 Οἵσουσί
2918 2814 3011 2865 σε,
3041 2797 3141 2852 καὶ
3161 2797 3421 2862 ἄξουσιν
3449 2795 3603 2849 ὅπου

2016 2893 2088 2945 οὺ
2117 2888 2352 2961 θέλεις),
2384 2890 2499 2944 ἀλλ’
2530 2891 2619 2946 ἵνα
2642 2888 3068 2961 ὲπενδυσώμεθα
3093 2887 3241 2960 αὐτῷ
3269 2890 3368 2961 τὴν
3394 2887 3604 2957 ἀφθαρ-

2019 2982 2160 3038 σίαν.
2196 2984 2307 3046 Καὶ
2332 2982 2441 3055 γὰρ
2468 2983 2629 3039 τοῦτό
2656 2984 2827 3046 ἐστιν,
2855 2977 2899 3050 ᾧ
2940 2983 3001 3036 τὸ
3039 2981 3198 3053 σῶμα
3232 2977 3602 3052 βαρυνόμεθα·

2017 3074 2116 3145 οὐχ
2158 3076 2241 3131 ὅτι
2289 3075 2470 3145 σῶμα,
2508 3074 2621 3129 ἀλλ’
2653 3076 2735 3137 ὅτι
2766 3073 3006 3144 φθαρτὸν
3043 3071 3407 3144 περικείμεθα
3447 3070 3607 3141 σῶμα

2019 3166 2114 3221 καὶ
2147 3166 2408 3237 παθητόν·
2440 3166 2598 3220 τοῦτο
2644 3166 2754 3238 γάρ
2785 3168 2918 3237 ἡμῖν
2965 3165 3063 3219 καὶ
3102 3163 3201 3237 τὴν
3245 3163 3422 3234 λύπην
3462 3177 3607 3234 παρ’

2020 3257 2154 3326 έχει·
2182 3255 2320 3318 ἀλλά
2353 3255 2636 3319 ἀναλίσκει
2671 3256 2766 3309 καὶ
2801 3256 3021 3326 δαπανᾷ
3051 3255 3151 3326 τὴν
3183 3253 3392 3324 φθορὰν
3420 3254 3454 3323 ἡ
3495 3251 3609 3321 ζωὴ

2023 3349 2459 3420 παραγινομένη,
2482 3348 2583 3419 τὴν
2610 3347 2839 3420 φθορὰν,
2870 3348 2932 3401 οὐ
2953 3347 3014 3400 τὸ
3041 3346 3221 3418 σῶμα,
3250 3345 3360 3400 Καὶ
3385 3344 3501 3408 πῶς
3524 3345 3611 3412 γίρ

2023 3454 2173 3494 νεται
2212 3441 2401 3502 τοῦτο;
2430 3442 2585 3511 φησί.
2620 3441 2712 3511 Μὴ
2738 3443 2912 3512 ζήτει,
2943 3441 2973 3493 ό
3004 3440 3138 3505 Θεὸς
3165 3440 3328 3492 ποιεῖ·
3357 3438 3431 3508 μὴ
3460 3453 3611 3507 περι-

2024 3532 2282 3603 εργάζου.
2314 3534 2405 3591 Διδ
2435 3532 2530 3588 καὶ
2565 3534 2869 3602 ἐπήγαγεν,
2903 3532 2957 3585 '0
2986 3531 3056 3585 δὲ
3082 3527 3610 3600 κατεργασάμενος

2022 3619 2182 3691 ἡμᾶς
2228 3625 2316 3687 εἰς
2370 3622 2518 3680 αὐτὸ
2564 3621 2761 3685 τοῦτο,
2817 3621 2981 3688 Θεός.
3044 3619 3324 3681 Ἐντεῦθεν
3366 3618 3608 3679 δείκνυσι

2023 3714 2195 3768 ταῦτα
2225 3712 2434 3777 ἄνωθεν
2465 3713 2914 3785 προτυπωθέντα,
2946 3714 3020 3775 Οὐ
3056 3714 3164 3784 γὰρ
3198 3712 3294 3766 νῦν
3316 3712 3478 3766 τοῦτο
3496 3710 3610 3765 ἔδο-

2025 3805 2114 3871 ξεν
2141 3806 2187 3871 δ,
2221 3807 2336 3863 ἀλλ’
2369 3808 2458 3871 ὅτε
2489 3808 2547 3873 ἐξ
2578 3808 2754 3878 ἀρχῆς
2777 3807 3039 3861 ἔπλαττεν
3063 3808 3209 3880 ἡμᾶς
3237 3805 3343 3859 ἀπὸ
3362 3804 3486 3875 γῆς,
3514 3805 3610 3859 καὶ

2022 3899 2116 3953 τὸν
2148 3899 2321 3970 Ἀδὰμ
2346 3898 2723 3970 ἐδημιούργει·
2748 3900 2850 3954 οὐκ
2872 3902 2951 3963 εἰς
2972 3899 3129 3953 τοῦτο
3156 3899 3213 3952 δὲ
3234 3897 3607 3969 ἐδημιούργει,

2026 3994 2113 4046 ἴνα
2142 3993 2411 4065 ἀποθάνῃ,
2441 3992 2555 4046 ἀλλ’
2588 3993 2676 4045 ἵνα
2708 3992 2804 4045 καὶ
2829 3991 3096 4051 ἀθάνατον
3122 3991 3445 4063 ἐργάσηται.
3475 3985 3610 4045 Εἶτα

2024 4085 2087 4139 τὸ
2120 4084 2434 4152 ἀξιόπιστον
2461 4084 2694 4149 δεικνὺς,
2739 4084 2836 4138 καὶ
2876 4084 2977 4154 τὴν
3009 4082 3286 4149 ἀπόδειξιν
3326 4082 3609 4155 παρέχων,

2027 4180 2326 4251 ἐπήγαγεν,
2362 4178 2425 4231 '0
2452 4177 2549 4231 καί
2573 4176 2719 4243 δοὺς
2738 4176 2847 4231 τὸν
2871 4175 3185 4245 ἀρραϐῶνα
3209 4175 3316 4230 τοῦ
3340 4175 3614 4245 Πνεύμαρ

2028 4290 2151 4340 τος.
2184 4273 2293 4325 Καὶ
2318 4271 2428 4343 γάρ
2472 4272 2567 4324 καὶ
2596 4271 2717 4324 τότε
2750 4269 2846 4335 επὶ
2885 4270 3060 4342 τούτῳ
3088 4268 3366 4334 διέπλασε,
3398 4268 3491 4322 καὶ
3515 4266 3612 4322 νῦν

2029 4366 2111 4428 εἰς
2157 4362 2316 4418 τοῦτο
2360 4362 2767 4434 κατειργάσατο
2804 4360 2894 4415 διὰ
2932 4360 3026 4420 τοῦ
3082 4360 3482 4431 βαπτίσματος,
3518 4360 3615 4413 καὶ

2029 4456 2220 4511 τούτου
2243 4455 2520 4527 παρέσχεν
2537 4457 2672 4526 ἡμῖν
2698 4454 2952 4526 ἐνέχυρον
2972 4453 3034 4506 ού
3060 4452 3276 4524 μικρὸν,
3303 4452 3365 4507 τό
3392 4450 3615 4523 Πνεῦμα

2029 4549 2091 4603 τὸ
2123 4549 2297 4619 ἅγιον.
2330 4547 2576 4619 Συνεχῶς
2602 4548 2659 4601 δὲ
2685 4545 2980 4619 ἀρραϐῶνα
3004 4544 3177 4613 καλεῖ,
3202 4544 3487 4614 ὀφειλέτην
3514 4546 3614 4599 αὐτ

2030 4643 2121 4695 τὸν
2140 4640 2423 4708 ἀποδεῖξαι
2445 4639 2768 4710 βουλόμενος
2798 4639 2893 4694 τοῦ
2926 4638 3147 4705 παντὸς,
3182 4638 3275 4693 καὶ
3304 4638 3614 4703 ἀξιόπιστός

2030 4751 2193 4804 τερον
2221 4735 2317 4788 καὶ
2357 4731 2608 4790 ἐντεῦθεν
2640 4735 2752 4796 τοῖς
2783 4732 3114 4804 παχυτέροις
3143 4732 3490 4802 καταστῆσαι
3521 4732 3615 4785 τὸν

2030 4828 2208 4898 λόγον.
2249 4827 2620 4897 Θαρροῦντες
2654 4823 2768 4883 οὖν
2808 4826 3086 4891 πάντοτε,
3121 4828 3221 4882 καί
3259 4826 3506 4894 εἰδότες.
3541 4827 3616 4880 Τὸ

2032 4921 2414 4990 θαρροῦντες,
2445 4919 2582 4991 πρὸς
2612 4920 2739 4984 τοὺς
2779 4919 3073 4990 διωγμοὺς,
3099 4918 3237 4991 πρὸς
3263 4920 3363 4984 τὰς
3393 4920 3602 4973 ἐπιϐουρ

2030 5013 2149 5079 λὰς,
2186 5011 2323 5083 πρὸς
2354 5012 2478 5073 τοὺς
2514 5010 2782 5074 θανάτους
2816 5011 2945 5074 τοὺς
2980 5012 3225 5081 συνεχεῖς
3266 5009 3504 5083 εἰρηταιε
3538 5010 3614 5076 ὡς,

2033 5103 2098 5158 ἂν
2128 5104 2178 5156 εἰ
2204 5101 2413 5171 ἔλεγεν,
2452 5102 2695 5155 Ἐλαύνει
2727 5102 2788 5154 σέ
2812 5118 2894 5164 τις
2914 5102 3008 5157 καὶ
3032 5101 3219 5155 διώκει
3247 5101 3341 5157 καὶ
3367 5103 3614 5175 ἀναιρεῖς

2036 5196 2111 5267 μὴ
2151 5195 2489 5266 καταπέσῃς·
2531 5195 2670 5265 ὑπὲρ
2709 5193 2806 5249 σοῦ
2832 5193 2894 5247 τὸ
2921 5195 3032 5247 πᾶν
3060 5193 3291 5263 γίνεται·
3331 5195 3407 5265 μὴ
3445 5193 3619 5265 φοϐη-

2034 5287 2155 5357 θῇς,
2182 5285 2319 5350 ἀλλά
2351 5286 2566 5358 θάρρει.
2600 5286 2711 5340 Καὶ
2734 5284 2843 5356 γὰρ
2872 5284 2940 5338 δι’
2961 5284 2991 5338 ὃ
3022 5284 3301 5350 στενάζεις
3336 5284 3485 5358 [508]
3519 5286 3618 5340 καὶ

2033 5379 2241 5448 ἀλγεῖς,
2264 5379 2348 5432 ὅτι
2380 5377 2553 5449 φθορᾷ
2585 5377 2880 5442 δουλεύεις,
2903 5377 3060 5431 τοῦτο
3093 5378 3308 5447 ἀναιρεῖ
3335 5376 3522 5433 λοιπὸν
3549 5377 3617 5431 ἐκ

2032 5469 2126 5523 τοῦ
2154 5469 2343 5541 μέσου,
2367 5469 2461 5522 καὶ
2486 5468 2787 5539 ταχύτερόν
2818 5486 2877 5522 σε
2906 5467 3110 5539 ταύτης
3141 5467 3476 5523 ἀπαλλάττει
3516 5468 3620 5539 τῆς

2034 5562 2296 5627 δουλείας.
2328 5561 2421 5623 Διὸ
2465 5562 2559 5616 καὶ
2597 5560 2767 5630 λέγει,
2804 5560 3176 5630 Θαρροῦντες
3201 5557 3317 5618 οὖν
3336 5562 3616 5627 πάντοτε,

2101 5720 2128 5758 δ
2154 5719 2261 5770 Alia
2312 5722 2486 5779 lectio,
2521 5733 2664 5782 quam
2696 5722 2748 5769 in
2792 5722 3009 5784 margine
3053 5720 3199 5773 αἰΐρτι
3242 5717 3453 5780 Savilius
3497 5717 3617 5771 I81;-

2040 5785 2111 5839 ξςν
2139 5796 2234 5838 non
2258 5784 2533 5846 spernenda
2564 5784 2777 5836 udﬂur.
