4068 6440
958 333 986 343 v-
1026 338 1027 341 η
1031 341 1039 345 ν

283 416 393 481 ως)

286 556 350 594 ac
373 523 605 594 scientes.
650 531 926 588 Audentes
967 520 1101 583 dixit
1143 532 1361 597 prOpter
1394 519 1853 594 persequutiones,

286 628 517 684 insidias
561 638 626 683 ac
655 630 856 679 mortes
895 619 1172 683 assiduas,
1204 615 1426 688 perinde
1453 629 1518 669 ac
1546 614 1590 667 si
1621 611 1825 666 diceret
1857 626 1871 662 :

293 719 542 791 Exagitat
570 725 623 772 te
648 714 865 786 aliquis,
900 714 1212 776 insectatur,
1239 706 1567 764 obtruncat?
1604 718 1671 759 ne
1696 703 1876 766 animo

286 810 570 873 concidas,
610 808 755 864 bono
795 816 886 861 tuo
930 804 1033 859 hoc
1072 814 1232 857 omne
1273 801 1331 854 ﬁt
1365 818 1378 853 :
1411 813 1480 853 ne
1509 798 1737 862 timeas,
1780 791 1875 847 sed

292 900 528 959 conﬁde.
560 899 615 954 ld
643 898 819 959 enim,
853 896 922 952 d'e
960 910 1065 967 quo
1108 892 1411 964 ingemiscis
1439 898 1492 945 et
1519 887 1691 953 doles,
1722 884 1881 939 nimi-

294 1010 411 1049 rum
438 990 583 1062 quod
610 988 938 1059 corruptioni
963 985 1186 1047 servias,
1217 983 1469 1051 deinceps
1492 981 1561 1034 de
1580 978 1758 1033 medio
1782 975 1881 1029 tol-

298 1085 376 1145 lit,
405 1090 564 1151 atque
582 1094 647 1134 ex
670 1079 770 1132 bac
787 1076 1046 1132 servitute
1072 1072 1532 1140 ceieriusliberat.
1559 1070 1634 1123 Ac
1656 1063 1882 1137 proinde

295 1174 446 1238 dicit,
496 1170 747 1225 Audentes
786 1168 947 1238 igitur
985 1178 1221 1235 semper;
1267 1176 1371 1216 non
1412 1159 1570 1215 modo
1598 1159 1650 1211 in
1678 1156 1878 1227 quiete,

297 1264 396 1318 sed
421 1263 582 1318 etiam
614 1263 666 1315 in
696 1257 1076 1314 alllictionibus
1103 1273 1119 1319 ;
1147 1265 1194 1310 et
1230 1255 1441 1309 scientes
1480 1252 1719 1323 quoniam
1762 1248 1884 1301 dum

298 1369 561 1408 versamur
588 1353 643 1405 in
666 1365 899 1416 corpore,
943 1348 1328 1418 peregrinantur
1361 1360 1394 1397 a
1420 1343 1641 1396 Domino
1667 1357 1686 1394 :
1715 1341 1769 1395 7.
1795 1355 1884 1405 per

303 1448 459 1515 ﬁdem
498 1445 631 1498 enim
669 1442 983 1496 ambulamus
1010 1448 1060 1493 et
1085 1454 1186 1492 non
1215 1454 1305 1507 per
1343 1436 1560 1506 speciem
1582 1449 1601 1488 :
1628 1433 1681 1489 8.
1727 1432 1885 1485 aude-

303 1554 419 1592 mus
439 1544 629 1600 autem,
656 1545 701 1587 et
723 1534 904 1587 bonam
924 1532 1231 1585 voluntatem
1257 1527 1498 1581 habemus
1520 1522 1834 1595 peregrinari
1853 1537 1887 1574 a

305 1642 536 1697 corpore,
555 1635 602 1680 et
631 1632 898 1693 praesentes
916 1638 1023 1676 esse
1049 1622 1116 1674 ad
1140 1619 1433 1674 Dominum.
1461 1616 1614 1683 Quod
1640 1614 1887 1669 omnibus

305 1718 585 1773 sublimius
628 1724 748 1781 est,
791 1714 1091 1784 posteriore
1130 1713 1248 1767 loco
1289 1711 1507 1781 posuit:
1550 1706 1889 1779 praestantius

304 1811 450 1865 enim
478 1817 558 1864 est
598 1823 720 1863 cum
749 1806 962 1861 Christo
1011 1819 1166 1869 esse,
1207 1818 1366 1874 quam
1396 1816 1593 1870 corpus
1633 1816 1665 1855 a
1703 1813 1890 1854 corru-

303 1902 488 1969 ptione
516 1898 742 1954 liberum
770 1898 1036 1966 accipere.
1072 1896 1185 1950 Hoc
1206 1905 1384 1950 autem
1411 1894 1527 1947 vult
1547 1891 1885 1961 signiﬁcare:

304 1991 482 2047 Vitam
515 1998 751 2045 nostram
796 1990 841 2044 is
871 1977 977 2042 non
1005 1988 1315 2056 exstinguit,
1345 1986 1436 2056 qui
1473 1999 1570 2040 nos
1598 1991 1887 2054 oppugnat,

302 2098 371 2137 ac
401 2091 574 2136 morte
601 2080 766 2134 allicit
794 2097 808 2131 :
855 2094 923 2133 nc
954 2080 1145 2133 timeas
1176 2094 1190 2131 :
1222 2075 1436 2132 conﬁde
1475 2090 1596 2130 cum
1635 2073 1890 2130 concide-

306 2169 407 2222 ris.
431 2166 614 2236 Neque
639 2166 780 2219 enim
809 2164 899 2219 ille
914 2163 1200 2227 dumtaxat,
1218 2170 1271 2217 te
1299 2177 1329 2216 a
1346 2161 1695 2228 corruptione
1715 2159 1862 2214 vindi
1877 2189 1892 2199 -

310 2268 418 2323 cat,
452 2272 516 2312 ac
557 2257 706 2326 gravi
750 2258 960 2311 sarcina
991 2256 1153 2321 levat,
1185 2256 1279 2309 sed
1322 2254 1485 2309 etiam
1513 2254 1579 2307 ad
1608 2253 1893 2308 Dominum

313 2348 595 2405 confestim
642 2348 974 2402 transmittit.
1020 2346 1147 2402 ideo
1190 2360 1297 2401 non
1326 2345 1480 2411 dixit,
1527 2344 1663 2398 Dum
1710 2358 1896 2399 sumus

310 2442 366 2495 in
386 2455 632 2511 corpore,
654 2441 807 2510 quasi
834 2440 920 2495 hic
945 2440 1112 2495 simus
1136 2438 1189 2492 in
1211 2446 1431 2493 externa
1453 2440 1693 2507 regione.
1717 2435 1899 2490 Scien-

314 2546 388 2589 tes
411 2535 567 2605 igitur
591 2533 726 2604 quod
754 2533 875 2587 dum
895 2547 1152 2587 versamur
1179 2532 1233 2584 in
1260 2544 1490 2600 corpore,
1514 2529 1899 2601 peregrinamur

313 2643 349 2680 η
371 2625 586 2679 Domino
601 2641 621 2680 :
646 2625 893 2677 audemus
919 2632 1109 2687 autent,
1139 2632 1184 2676 et
1210 2622 1391 2675 bonam
1419 2621 1725 2674 voluntatem
1746 2618 1900 2672 liabe-

312 2731 429 2770 mus
453 2716 615 2786 magis
641 2714 958 2785 peregrinari
977 2731 1008 2767 a
1026 2730 1257 2784 corpore,
1282 2721 1329 2766 et
1350 2720 1619 2783 prementes
1638 2727 1745 2765 esse
1759 2710 1901 2779 apud

323 2806 616 2860 Dominum.
660 2805 850 2861 Viden‘
899 2820 1006 2875 quo
1052 2812 1207 2874 pacto
1246 2803 1471 2857 molesta
1516 2801 1603 2856 illa
1635 2802 1822 2856 mortis
1845 2809 1901 2855 et

320 2898 497 2952 obitus
525 2897 783 2951 vocabula
808 2897 1070 2962 reticens,
1098 2896 1200 2950 alia
1229 2907 1484 2965 perquam
1517 2894 1698 2949 suavia
1729 2893 1781 2948 in
1809 2906 1900 2947 eo.

322 3007 439 3046 rum
463 2991 630 3045 vicem
661 2988 1010 3053 substituerit,
1028 2987 1361 3057 praesentiam
1379 2986 1626 3041 nimirum
1643 2986 1708 3041 ad
1732 2985 1899 3040 Deum

317 3100 383 3139 ea
410 3097 728 3153 nuncupans
754 3098 771 3148 ;
800 3097 865 3138 ac
903 3081 1276 3152 praetermissis
1307 3080 1412 3135 illis
1438 3080 1713 3136 vocabulis
1735 3120 1751 3147 ,
1782 3095 1901 3150 qua:

315 3175 666 3248 iucunditatis
694 3175 926 3245 speciem
955 3174 1258 3239 habebant,
1290 3188 1412 3245 qua:
1458 3173 1524 3228 ad
1564 3174 1725 3229 vitam
1776 3187 1902 3242 per-

316 3269 527 3332 tinent,
565 3283 593 3320 a
648 3267 888 3322 tristibus
927 3266 1280 3336 nuncupavit,
1336 3258 1815 3336 peregrinationem
1872 3280 1902 3319 a

320 3360 552 3415 Domino
576 3361 735 3413 vitam
769 3359 905 3414 hanc
930 3359 1204 3429 appellans
1229 3359 1254 3413 ἲ
1285 3357 1397 3413 lloc
1423 3368 1602 3413 autem
1629 3374 1696 3413 eo
1723 3358 1904 3414 consi-

316 3452 393 3505 lio
422 3450 565 3515 fecit,
597 3466 664 3506 ne
681 3452 961 3521 quisquam
989 3451 1041 3505 in
1070 3451 1424 3519 praesentibus
1452 3451 1678 3506 libenter
1708 3452 1902 3506 immo-

318 3551 489 3608 rctur,
519 3542 613 3597 sed
653 3557 716 3597 ea
745 3542 923 3611 potius
950 3541 1186 3610 graviter
1224 3540 1405 3605 ferat;
1447 3557 1547 3597 nec
1591 3557 1801 3607 rursus,
1834 3557 1900 3597 ex

318 3630 424 3687 hac
450 3634 553 3687 vita
581 3646 921 3698 excessurus,
950 3632 1313 3702 perturbetur,
1341 3631 1436 3688 sed
1466 3634 1643 3701 potius
1669 3634 1904 3699 laetetur,

321 3734 381 3776 ut
405 3724 469 3777 ad
500 3724 702 3793 majora
732 3725 867 3779 bona
895 3723 1262 3793 proﬁciscens.
1293 3724 1505 3785 Postea,
1537 3739 1605 3777 ne
1640 3725 1758 3792 quis
1789 3723 1908 3778 haec

323 3813 573 3879 audiens,
602 3813 1000 3885 Peregrinamur
1022 3831 1055 3868 a
1081 3814 1318 3878 Domino,
1349 3814 1553 3868 diceret
1587 3830 1599 3866 :
1625 3814 1761 3880 Quid
1783 3813 1908 3869 ais?

328 3920 456 3958 ntun
498 3919 527 3958 a
576 3904 684 3959 Deo
711 3905 1096 3971 abalienam'ur,
1126 3907 1251 3976 quia
1280 3906 1367 3960 hic
1395 3906 1623 3960 sumus?
1648 3904 1908 3973 objectio—

328 4007 450 4049 ucm
479 3994 615 4049 hanc
653 4003 998 4063 praeverteris,
1028 3995 1179 4056 dixit,
1227 3995 1329 4049 Per
1363 3992 1515 4064 ﬁdem
1552 3996 1687 4050 enim
1724 3981 1905 4048 ambu-

326 4089 513 4155 tamus,
563 4105 665 4142 non
710 4104 801 4159 per
849 4090 1097 4158 speciem;
1142 4099 1302 4159 atque
1347 4087 1435 4143 hic
1481 4087 1697 4157 quidem
1732 4087 1906 4158 ipsum

326 4180 621 4243 noscimus,
649 4178 744 4233 sed
785 4192 892 4232 non
925 4182 993 4232 ita
1013 4179 1184 4240 ,clare.
1215 4178 1270 4233 ltl
1294 4177 1433 4249 quod
1463 4177 1570 4232 alio
1600 4178 1718 4233 loco
1746 4166 1905 4241 dicit,

331 4268 437 4322 Per
478 4270 761 4340 speculum,
801 4278 878 4337 et,
919 4268 988 4323 In
1026 4271 1296 4339 (enigmata
1341 4270 1438 4339 (1.
1485 4268 1603 4323 Cor.
1649 4272 1736 4324 15.
1782 4270 1905 4339 12).

328 4361 588 4413 Audemus
614 4368 804 4424 autem,
831 4370 878 4416 et
898 4361 1083 4415 bonam
1102 4362 1414 4415 voluntatem
1435 4361 1697 4415 habemus.
1727 4361 1906 4430 Papa),

329 4463 438 4518 quo
481 4462 787 4505 sermonem
835 4450 1195 4505 circumduxit
1232 4452 1248 4505 l
1300 4466 1492 4523 nempe
1535 4452 1603 4507 ad
1644 4465 1909 4508 summum

333 4542 521 4595 mortis
551 4540 874 4595 desiderium
901 4558 916 4604 ;
965 4542 1015 4595 id
1036 4582 1052 4606 ,
1103 4541 1246 4609 quod
1272 4544 1556 4599 molestum
1597 4554 1715 4610 est,
1746 4559 1911 4602 suave

330 4646 452 4686 esse
479 4631 790 4693 ostendens,
821 4633 1027 4700 etquod
1057 4646 1238 4697 suave,
1267 4633 1571 4688 molestum.
1595 4636 1747 4704 Quod
1768 4637 1910 4692 enim

329 4725 439 4789 ait,
483 4723 682 4778 Bonam
709 4726 1017 4778 voluntatem
1046 4725 1287 4780 habemus
1311 4766 1327 4790 ,
1365 4724 1416 4779 id
1446 4735 1563 4791 est,
1590 4730 1905 4798 expetimus.

330 4819 468 4888 Quid
518 4819 861 4888 expetimus?
904 4819 1182 4875 Excedere
1209 4835 1241 4875 e
1279 4834 1503 4889 corpore
1526 4861 1542 4886 ,
1575 4831 1734 4892 atque
1772 4824 1910 4892 apud

333 4909 617 4964 Dominum
658 4918 950 4979 praesentes
992 4925 1132 4965 esse.
1171 4910 1283 4965 Hoc
1306 4923 1504 4976 autem,
1548 4924 1602 4967 ut
1637 4914 1748 4984 jam
1778 4914 1908 4979 dixi,

331 5000 524 5055 l’aul‘us
551 5016 766 5069 semper
786 5001 932 5065 facit,
958 5012 1014 5057 ut
1041 5018 1248 5068 eorum,
1278 5004 1365 5073 qui
1398 5004 1498 5073 ipsi
1537 5006 1908 5073 adversantur,

331 5101 637 5144 sermonem
656 5090 713 5145 in
736 5093 1063 5147 contrarium
1085 5102 1346 5163 torqueat.
1375 5095 1432 5149 9.
1454 5094 1602 5150 Unde
1625 5106 1673 5151 et
1696 5107 1910 5151 conten-

330 5180 521 5246 dimus,
561 5181 663 5234 sive
701 5192 975 5251 praesentes
998 5184 1101 5239 sive
1126 5185 1375 5250 absentes,
1412 5185 1514 5253 ipsi
1550 5186 1767 5255 placere.
1797 5187 1908 5241 Hoc

330 5273 474 5327 enim
517 5272 670 5327 nobis
698 5275 1030 5344 propositum
1060 5285 1164 5337 est,
1198 5277 1387 5347 inquit,
1424 5285 1483 5331 ut
1519 5279 1633 5333 sive
1661 5279 1768 5334 illic
1795 5279 1911 5333 sive

328 5364 419 5420 hic
462 5363 648 5429 simus,
692 5378 756 5419 ex
785 5366 950 5435 ipsius
990 5366 1266 5422 voluntate
1311 5377 1366 5422 et
1392 5368 1654 5423 sententia
1682 5370 1861 5424 vivere
1889 5386 1903 5422 :

326 5455 430 5509 hoc
470 5455 613 5508 enim
660 5454 836 5510 Studio
880 5455 1015 5512 nihil
1049 5464 1133 5512 est
1178 5458 1333 5512 nobis
1379 5457 1663 5527 antiquius.
1724 5458 1907 5527 itaque

328 5545 454 5600 hinc
488 5545 601 5614 jam
654 5560 877 5616 regnum
917 5547 1080 5603 habes
1121 5549 1237 5604 sine
1279 5548 1614 5619 probatione.
1663 5548 1796 5604 Nam
1839 5565 1908 5605 ne

327 5651 533 5699 rursus,
563 5650 686 5690 cum
730 5637 786 5690 in
818 5644 1016 5690 tantam
1042 5639 1386 5706 cupiditatem
1414 5639 1720 5704 venissent,
1761 5639 1906 5694 illius

324 5727 772 5797 peregrinationis
802 5740 982 5781 moras
1022 5743 1165 5798 :egre
1217 5729 1440 5796 ferrent,
1470 5729 1556 5785 hic
1588 5730 1696 5800 jam
1736 5731 1900 5800 ipsis,

320 5816 463 5889 quod
490 5818 752 5874 bonorum
780 5819 1018 5873 omnium
1048 5829 1211 5888 caput
1237 5829 1340 5887 est,
1373 5822 1578 5878 tribuit.
1604 5820 1740 5890 Quid
1770 5821 1902 5876 illud

659 5908 929 5969 Parnon.
977 5910 1092 5969 Gn.
1144 5911 1301 5975 LXI.

1336 395 1402 466 IN
1438 395 1652 464 EPIST.
1696 402 1739 459 ll
1801 392 1894 458 AD
1930 389 2085 454 con.
2128 389 2355 453 ttoutL.
2393 393 2468 449 χ.
3463 390 3567 444 ιτυ

1979 522 2062 566 est
2086 510 2110 564 ?
2140 510 2207 567 Ut
2235 510 2346 565 Deo
2372 507 2508 579 grati
2535 508 2661 563 sint.
2708 508 2893 579 Neque
2921 507 3065 563 enim
3091 504 3410 577 simpliciter
3442 500 3569 560 hinc

1981 603 2242 660 excedere
2268 603 2582 673 praeclarum
2613 611 2715 667 est,
2737 602 2832 659 sed
2862 601 3125 658 excedere
3151 617 3275 657 cum
3302 601 3423 655 vita:
3445 616 3575 670 pro.

1984 694 2146 750 bitatc
2175 711 2191 760 ;
2218 694 2347 749 hinc
2366 694 2510 748 enim
2543 694 2860 763 prscclarum
2888 707 3101 763 quoque
3139 691 3267 746 illud
3294 690 3523 747 efﬁcitur
3548 710 3565 746 :

1983 795 2084 841 nec
2128 800 2316 841 rursus
2345 785 2432 841 hic
2490 785 2805 856 simpliciter
2845 801 2966 842 esse
2990 800 3153 856 grave
3190 792 3297 850 est,
3329 784 3423 840 sed
3451 798 3572 841 cum

1983 878 2281 934 oll’ensione
2308 878 2402 934 Dei
2431 878 2517 933 hic
2541 889 2681 934 esse.

2056 968 2111 1023 5.
2159 967 2304 1024 Cave
2344 982 2472 1039 ergo
2502 964 2777 1024 existimes
2799 982 3081 1025 excessum
3111 983 3143 1025 e
3168 980 3396 1038 corpore
3422 965 3576 1023 sufﬁ-

1986 1075 2113 1117 cere
2143 1078 2158 1116 :
2186 1060 2382 1115 virtute
2410 1060 2609 1131 quippe
2648 1062 2843 1132 ubique
2886 1070 2971 1117 est
3011 1076 3167 1132 Opus.
3208 1058 3358 1116 Sicut
3406 1060 3576 1123 enim,

1988 1169 2107 1209 cum
2154 1155 2567 1210 resurrectionis
2609 1154 2870 1210 vocabulo
2913 1170 3041 1209 usus
3086 1162 3250 1219 esset,
3300 1167 3408 1208 non
3454 1152 3579 1209 sivit

1988 1262 2089 1304 nos
2125 1247 2178 1302 in
2218 1263 2281 1303 ea
2319 1248 2434 1303 sola
2476 1248 2720 1304 ﬁduciam
2767 1247 2997 1313 habere,
3039 1243 3269 1311 dicens,
3305 1248 3365 1302 Si
3411 1257 3580 1302 tamen

1989 1340 2172 1405 vestiti,
2207 1349 2254 1393 et
2286 1350 2388 1393 non
2439 1340 2566 1393 nudi
2589 1339 2906 1393 inveniamur
2933 1354 2953 1393 :
2982 1340 3082 1404 sic,
3115 1353 3237 1393 cum
3265 1338 3580 1408 pcregrina-

1992 1432 2191 1483 tion‘ein
2220 1429 2564 1494 ostendisset,
2597 1445 2665 1484 ne
2689 1443 2807 1485 eam
2839 1428 2932 1484 tibi
2955 1429 3020 1483 ad
3047 1424 3271 1483 salutem
3304 1429 3433 1483 satis
3459 1443 3581 1483 esse

1991 1521 2263 1587 crederes,
2290 1519 2394 1576 hoc
2416 1521 2631 1591 adjecit,
2662 1522 2869 1592 placere
2891 1519 3005 1579 Deo
3029 1531 3259 1592 oportet.
3289 1519 3582 1590 Postquam

1994 1615 2152 1685 igitur
2178 1631 2204 1668 .1
2251 1615 2432 1670 multis
2479 1616 2640 1670 rebus
2680 1612 2816 1669 laetis
2862 1630 3048 1671 eorum
3077 1617 3287 1670 animos
3320 1614 3582 1677 incitavit,

1993 1704 2249 1776 deinceps
2293 1721 2321 1759 a
2372 1706 2696 1762 tristioribus
2738 1716 2940 1761 metum
2981 1706 3193 1762 incutit.
3243 1705 3395 1773 Quod
3438 1703 3588 1760 enim

1995 1796 2125 1852 utile
2152 1804 2256 1861 est,
2287 1804 2393 1850 tam
2424 1797 2475 1850 in
2503 1796 2766 1852 bonorum
2795 1795 3102 1866 adeptione,
3125 1809 3286 1867 quam
3312 1796 3366 1849 in
3409 1794 3588 1849 malo-

1995 1898 2114 1939 rum
2164 1885 2285 1957 i‘uga
2327 1887 2612 1953 consistit,
2652 1901 2773 1958 quae
2815 1886 3030 1957 quidem
3071 1896 3196 1942 sunt
3242 1883 3489 1957 gebcnua
3534 1894 3591 1941 et

1996 1990 2240 2046 regnum.
2267 1978 2531 2033 Caeterum
2557 1979 2811 2049 quoniam
2832 1994 3046 2049 pcenam
3074 1977 3308 2050 eﬂ‘ugere
3328 1979 3589 2050 majorem

1998 2071 2106 2124 vim
2148 2070 2310 2126 habet
2341 2089 2355 2125 τ
2389 2087 2510 2126 nam
2541 2073 2784 2143 plerique
2828 2074 3093 2144 iacturam
3135 2074 3403 2130 bonorum
3433 2072 3591 2127 facile

1998 2160 2239 2227 ferrent;
2285 2164 2329 2218 si
2356 2172 2540 2219 autem
2568 2174 2834 2221 tormenta
2861 2164 2972 2219 sint
2999 2163 3219 2220 ferenda
3240 2206 3255 2226 .
3284 2178 3392 2220 non
3423 2163 3591 2232 item;

1999 2262 2277 2324 oporteret
2297 2257 2439 2311 enim
2463 2258 2699 2327 priorem
2719 2257 2985 2327 iacturam
3003 2258 3397 2313 intolerabilem
3413 2256 3596 2312 existi-

2002 2361 2151 2401 mare
2176 2362 2194 2413 ;
2222 2346 2316 2402 sed
2347 2362 2414 2403 ex
2445 2348 2754 2405 inﬁrmitate
2782 2360 2837 2405 et
2864 2350 3169 2421 abjectione
3192 2351 3348 2407 multi
3369 2363 3588 2421 poenam

2000 2438 2303 2508 graviorem
2348 2439 2699 2512 existimant)
2725 2462 2739 2496 :
2769 2442 3021 2512 quoniam
3056 2456 3185 2511 ergo
3216 2456 3461 2511 magnam
3498 2455 3594 2495 au-

2000 2529 2231 2583 ditorum
2250 2539 2458 2598 partem
2477 2529 2736 2586 bonorum
2768 2532 2978 2603 largitio
2995 2548 3101 2587 non
3129 2532 3348 2601 perinde
3366 2531 3591 2596 excitat,

2004 2628 2062 2675 ut
2089 2631 2478 2676 tormentorum
2507 2623 2853 2677 comminatio
2875 2664 2889 2687 ,
2920 2625 3242 2679 necessitate
3283 2625 3594 2693 compulsus

2003 2711 2080 2766 sic
2105 2725 2413 2766 sermonem
2439 2712 2713 2768 concludit
2743 2730 2759 2765 :
2788 2714 2876 2770 10.
2903 2714 3090 2769 Omnes
3105 2716 3238 2769 enim
3259 2731 3351 2770 nos
3373 2717 3596 2786 manife-

2003 2801 2131 2855 stari
2174 2811 2370 2872 oportet
2409 2811 2525 2857 ante
2562 2802 2788 2859 tribunal
2827 2803 3039 2861 Christi.
3088 2805 3209 2861 Mox
3256 2814 3457 2873 tamen,
3502 2806 3594 2861 ubi

2009 2891 2290 2947 tribunalis
2323 2892 2466 2947 illius
2497 2893 2758 2948 memoria
2785 2895 3086 2951 auditorem
3131 2896 3355 2960 terruit,
3398 2911 3468 2951 ne
3509 2896 3598 2951 hie

2007 2983 2225 3053 quidem
2255 2984 2425 3040 tristia
2459 2985 2576 3041 sine
2605 2987 2744 3041 lictis
2779 2988 2979 3056 posuit,
3025 2988 3119 3043 sed
3158 2989 3431 3059 voluptate
3460 3000 3597 3059 qua-

2007 3074 2131 3130 dam
2158 3074 2409 3141 miscuit,
2439 3075 2626 3132 dicens
2656 3094 2670 3131 :
2705 3076 2773 3133 Ut
2802 3077 2990 3147 referat
3013 3080 3361 3151 unusquisque
3387 3080 3599 3149 propria

2008 3167 2258 3238 corporis,
2283 3178 2440 3238 prout
2457 3169 2631 3239 gessit,
2662 3170 2767 3225 sive
2794 3168 2981 3225 bonum
3009 3170 3114 3226 sive
3139 3171 3352 3225 malum.
3390 3170 3600 3236 Quibus

2012 3258 2195 3317 verbis
2224 3268 2280 3316 et
2306 3276 2421 3328 cos,
2452 3262 2545 3334 qui
2574 3263 2832 3332 praeclare
2856 3279 2915 3321 se
2940 3276 3221 3335 gesserant
3249 3275 3408 3335 atque
3430 3279 3600 3323 vexa-

2010 3352 2224 3419 bantur,
2247 3353 2304 3409 in
2328 3369 2480 3424 spem
2502 3355 2679 3426 erigit,
2706 3364 2762 3411 et
2783 3371 2877 3411 eos
2902 3359 2990 3427 qui
3010 3358 3374 3423 conciderant,
3402 3357 3601 3426 injecto

2012 3454 2218 3502 terrore
2259 3445 2629 3517 diligentiores
2678 3446 2857 3503 reddit
2890 3466 2904 3503 :
2945 3461 3009 3507 ac
3053 3448 3285 3519 denique
3306 3459 3601 3517 corporum

2011 3539 2462 3595 resurrectionem
2489 3540 2793 3594 conﬁrmat.
2817 3539 2931 3593 Non
2958 3541 3122 3605 enim,
3154 3540 3342 3609 inquit,
3372 3539 3422 3594 id
3451 3539 3598 3609 quod

2013 3641 2124 3685 tum
2151 3629 2218 3684 ad
2249 3631 2519 3693 virtutem,
2544 3639 2656 3685 tum
2680 3630 2746 3686 ad
2770 3632 2956 3686 vitium
2979 3647 3197 3703 operam
3214 3631 3377 3696 dedit,
3407 3647 3437 3686 a
3462 3647 3597 3702 prm-

2012 3726 2122 3779 mio
2153 3724 2242 3778 vel
2265 3739 2422 3794 pinna
2449 3723 2809 3789 excludetur;
2841 3725 2937 3779 sed
2970 3741 3069 3780 una
3107 3739 3230 3780 cum
3257 3725 3454 3780 animis
3479 3739 3602 3779 cor-

2016 3828 2142 3884 pora
2171 3815 2364 3882 pst-tim
2411 3814 2881 3880 excruciabuntur,
2912 3816 3106 3884 partim
3131 3827 3364 3869 coronas
3404 3829 3601 3870 consc-

2012 3913 2262 3971 qucntur.
2288 3906 2359 3957 At
2380 3915 2505 3959 sunt
2526 3903 2785 3968 haeretici,
2807 3904 2897 3973 qui
2924 3905 3066 3960 aliud
3092 3919 3287 3974 corpus
3316 3919 3602 3976 resurgere

2012 3995 2311 4049 asseram?
2351 3993 2503 4050 Unde
2544 3994 2918 4065 hoc?qu:eso-;
2964 3996 3107 4051 aliud
3136 3996 3412 4066 peccavit,
3456 3997 3602 4051 aliud

2013 4087 2273 4155 punitur?
2299 4086 2440 4141 aliud
2482 4096 2628 4142 recte
2656 4088 2804 4155 fecit,
2832 4089 2975 4144 aliud
3004 4099 3296 4145 coronatur
3325 4090 3349 4143 ?
3372 4088 3509 4154 Quid
3534 4090 3600 4144 ad

2016 4179 2134 4234 haec
2174 4179 2321 4233 Pauli
2361 4178 2527 4234 verba
2555 4178 2748 4235 dicturi
2770 4185 2924 4247 estis,
2962 4180 3219 4236 Nolumus
3247 4181 3479 4252 spoliari,
3510 4182 3603 4235 sed

2013 4271 2340 4339 supervestiri
2371 4271 2398 4323 ?
2439 4271 2711 4340 quomodo
2753 4271 2823 4327 id
2848 4273 2989 4342 quod
3027 4273 3373 4342 corruptibile
3416 4282 3521 4337 est,
3570 4288 3601 4326 a

2016 4362 2124 4416 vita
2151 4361 2472 4417 absorbetur
2498 4363 2522 4417 ?
2547 4362 2659 4420 Nec
2696 4363 2837 4419 enim
2882 4364 3016 4419 dixit
3043 4364 3269 4429 Paulus,
3300 4364 3371 4421 Ut
3406 4364 3601 4419 absor-

2017 4452 2211 4508 beatur
2237 4454 2465 4509 mortale
2485 4494 2502 4517 ,
2533 4454 2615 4509 vel
2654 4454 3003 4524 corruptibile
3036 4469 3232 4526 corpus
3259 4455 3329 4511 ab
3359 4456 3606 4510 incorru-

2019 4543 2195 4613 ptibili
2220 4559 2445 4615 corpore
2473 4562 2489 4612 ;
2519 4544 2613 4599 sed
2635 4586 2649 4610 ,
2689 4545 2759 4600 Ut
2795 4547 3053 4615 corruptio
3091 4563 3124 4599 α
3164 4549 3283 4600 vita.
3318 4546 3431 4602 iloc
3460 4547 3604 4602 enim

2022 4642 2133 4688 tum
2178 4634 2475 4704 contingit,
2522 4648 2646 4689 cum
2694 4634 2822 4690 illud
2872 4637 3045 4702 ipsum
3084 4650 3286 4705 corpus
3327 4636 3394 4691 ad
3439 4637 3604 4691 vitam

2018 4726 2176 4780 redit.
2205 4726 2355 4793 Quod
2383 4728 2427 4780 si
2457 4727 2644 4783 relicto
2684 4728 2776 4783 illo
2815 4729 2958 4784 aliud
2987 4740 3315 4796 exstruatur,
3361 4746 3466 4785 non
3491 4730 3604 4799 jam

2018 4816 2338 4872 absorbetur
2366 4819 2661 4887 corruptio,
2689 4820 2783 4875 sed
2810 4829 2989 4874 manet
3017 4832 3079 4875 ac
3101 4821 3426 4877 dominatur.
3460 4822 3608 4890 Quo-

2017 4909 2158 4962 circa
2208 4907 2425 4963 minime
2473 4909 2572 4964 hoc
2618 4910 2712 4973 ﬁt;
2760 4920 2946 4965 verum
2998 4921 3212 4980 oportet
3256 4913 3609 4982 corruptibile

2021 5001 2140 5063 hoc,
2172 5014 2369 5070 corpus
2394 5016 2605 5071 nempe,
2639 5002 2862 5058 induere
2887 5003 3363 5075 incorruptionem.
3396 5007 3607 5077 Corpus

2018 5093 2160 5146 enim
2191 5091 2243 5146 in
2271 5091 2450 5147 medio
2477 5101 2598 5157 est,
2630 5108 2694 5149 ac
2720 5106 2862 5148 nunc
2892 5094 2942 5149 in
2973 5098 3316 5166 corruptione
3341 5108 3450 5164 est,
3479 5111 3606 5169 post

2017 5194 2195 5240 autem
2211 5185 2263 5239 in
2285 5185 2685 5256 incorrthtione
2698 5188 2802 5242 erit
2825 5205 2838 5241 :
2859 5186 2981 5243 ideo
2998 5181 3051 5244 in
3070 5191 3411 5261 corruptione
3434 5193 3604 5262 prius,

2018 5278 2269 5344 quoniam
2311 5277 2639 5349 incorruptio
2674 5279 2810 5336 solvi
2841 5295 2947 5336 non
2983 5290 3212 5351 poterat.
3243 5282 3422 5356 Neque
3458 5286 3602 5341 enim

2019 5367 2299 5438 corruptio,
2332 5368 2523 5438 inquit,
2554 5364 2988 5440 incorruptionem
3014 5366 3293 5428 hereditate
3329 5374 3607 5446 possidebit

2017 5460 2095 5529 (l.
2125 5460 2243 5516 Cor.
2274 5456 2360 5516 £5.
2383 5460 2513 5532 50);
2540 5464 2812 5533 quomodo
2841 5463 2983 5519 enim
3015 5474 3196 5535 posset
3239 5482 3359 5523 cum
3402 5470 3474 5523 sit
3517 5469 3605 5522 in-

2017 5555 2289 5622 corruptio
2316 5553 2342 5606 ’ἒ
2367 5562 2550 5609 verum
2578 5561 2763 5610 contra
2788 5558 3059 5626 corruptio
3092 5572 3124 5613 a
3157 5559 3263 5614 vita
3292 5556 3604 5615 absorbebi-

2019 5654 2123 5699 tur.
2162 5643 2250 5699 illa
2292 5645 2434 5699 enim
2482 5644 2617 5701 hanc
2660 5647 2870 5713 vincit;
2917 5647 3033 5703 hate
3074 5659 3252 5705 autem
3292 5649 3438 5705 illam
3485 5665 3598 5711 non

2016 5735 2166 5790 item.
2217 5735 2285 5792 Ut
2311 5738 2452 5792 enim
2482 5753 2606 5794 cera
2649 5739 2785 5810 ignis
2828 5738 3024 5796 ardore
3073 5741 3426 5810 colliquescit,
3474 5756 3600 5799 cera
3672 5766 3677 5777 ·

2018 5835 2195 5882 autem
2227 5828 2403 5899 ignem
2437 5845 2541 5885 non
2587 5831 2747 5886 solvit
2776 5848 2789 5884 :
2823 5831 2900 5886 sic
2929 5834 3204 5903 corruptio
3237 5833 3308 5887 ab
3346 5834 3598 5893 incomt-

3241 5928 3315 5994 30
