2034 3206
254 171 300 197 ι-ιι
610 165 639 193 s.
655 163 794 192 JOANNIS
811 160 1050 191 cnavsosront
1069 160 1228 193 ARCHIEP.
1249 165 1513 197 CONSTANTINUP.

255 226 399 261 plihilitate
419 225 532 253 solvitur
555 229 635 259 alque
656 222 843 257 exstinguitur,
865 220 927 247 huic
954 222 1043 248 autem

255 272 299 299 illa
319 272 450 299 dominari
462 278 610 306 numquam
632 269 739 303 poterit.
757 266 902 294 Audiamus
916 272 979 300 ergo
993 272 1040 291 vo-

256 324 313 345 cem
329 318 403 346 Pauli
419 316 542 348 dicentis,
561 315 665 350 Oportet
680 322 726 341 nos
737 313 792 340 sisti
804 313 838 339 ad
851 311 962 339 tribunal
971 310 1046 338 Citri-

256 364 354 391 “hac
370 362 483 390 tribunal
507 362 572 388 illud
594 361 683 387 animo
704 360 889 395 depingamus,
912 357 1046 391 existime-

257 417 370 444 musqne
384 410 469 443 ipsum
489 408 544 443 jam
564 408 668 439 adesse,
682 414 714 434 ac
734 406 795 433 vitae
810 405 927 433 rationes
941 412 955 430 a
971 403 1048 431 nobis

257 455 375 489 exposci.
398 454 452 488 Ego
475 454 547 481 enim
571 452 656 480 fusius
679 459 821 486 exponam.
847 450 915 485 Nam
938 449 1045 481 Paulus,

260 500 320 535 quia
336 500 370 527 de
384 499 531 527 afﬂictione
545 506 696 526 sermonem
715 497 840 533 habebat,
863 504 914 525 nec
931 503 977 523 cos
990 503 1048 524 rur-

259 553 317 572 sum
340 552 465 580 premere
490 543 607 575 volebat,
633 551 686 571 non
707 543 806 570 diutius
825 543 851 569 iu
865 542 915 569 hac
930 542 1051 574 oratione

204 599 212 605 ε
260 590 455 618 immorandum
465 597 525 617 esse
535 590 620 621 duxit,
634 589 681 616 sed
696 588 786 624 paucis
796 588 838 614 his
850 587 947 619 verbis,
964 586 1050 619 (huis-

264 638 371 673 quisqne
396 638 486 673 referet
518 641 592 672 prout
613 636 704 671 gessit.
729 635 755 662 id
784 634 856 669 quod
879 634 1050 661 acerbitatem

262 683 392 711 aﬂ'crebat
404 683 571 718 complexus,
590 682 680 711 statim
695 681 807 708 ulterius
822 680 935 710 transiit.
952 679 1052 706 Existi-

264 737 368 757 memus
389 729 469 764 igitur
491 729 562 756 diem
584 728 657 756 illum
680 733 830 756 extremum
852 734 922 753 nunc
936 726 1052 753 adesse:

264 775 378 810 quisque
402 774 592 802 conscientiam
616 774 785 805 consideret,
809 772 944 808 fingatque
965 771 1054 797 animo

264 822 359 848 adesse
373 821 427 855 jam
448 820 580 852 Iudicem,
598 820 741 854 omniaque
757 818 845 853 detegi
860 823 940 853 atque
954 816 979 843 in
997 824 1054 844 me-

264 867 337 893 dium
352 865 484 900 proferri:
495 873 581 900 neque
591 865 663 892 enim
677 864 735 892 sisti
747 868 850 891 tantum
862 863 938 893 nobis
947 868 1056 889 necesse

269 917 319 944 rst,
343 911 390 939 sed
404 912 483 939 etiam
499 911 675 940 manifestari.
693 912 734 938 An
749 918 803 942 non
824 909 970 943 erubuistis
983 908 994 935 ἲ
1008 916 1056 935 an-

266 966 319 984 non
340 963 428 985 mente
440 958 592 985 excessistis
604 958 616 984 ἶ)

302 1025 399 1053 Judicii
423 1027 542 1060 postremi
565 1026 712 1061 descriptio.
730 1040 767 1046 —
785 1025 861 1059 Quod
887 1025 910 1052 si
933 1032 1003 1052 nunc
1029 1032 1059 1051 re

269 1073 387 1101 nondum
404 1078 546 1108 pmsente,
558 1073 606 1100 sed
620 1072 708 1101 eflicta
722 1072 862 1100 dumtaxat
876 1077 956 1107 atque
969 1071 1059 1099 animo

269 1118 442 1151 adumbrata,
456 1118 622 1146 conscientia
641 1123 732 1145 nostra
748 1125 816 1152 pene
831 1124 882 1144 nos
904 1117 1058 1148 exanimat;

270 1165 333 1200 quid
349 1165 456 1193 tandem
475 1165 621 1197 faciemus,
634 1172 697 1192 cum
720 1164 777 1192 dies
801 1164 846 1191 illc
862 1163 983 1195 venerit,
998 1170 1059 1190 cum

271 1216 343 1239 totus
355 1212 429 1239 orbis
444 1217 575 1239 terrarum
590 1211 715 1244 adfuerit,
731 1219 791 1238 cum
806 1210 893 1246 angeli
907 1215 934 1238 et
946 1209 1061 1237 archan-

270 1259 323 1293 geli
336 1280 344 1291 ,
359 1266 421 1286 cum
435 1258 519 1286 densa
534 1259 639 1294 agmina
650 1279 658 1291 ,
674 1264 753 1293 atque
774 1258 894 1285 omnium
909 1264 1021 1289 cursus,
1034 1262 1062 1284 et

272 1310 364 1340 raptus
377 1306 404 1333 in
419 1305 545 1338 nubibus,
560 1310 587 1333 et
599 1306 670 1332 acies
684 1305 808 1332 tremoris
818 1305 894 1339 plena
903 1304 914 1330 ?
922 1312 981 1331 cum
993 1304 1063 1331 tuba:

270 1351 330 1378 alize
341 1355 422 1386 atque
435 1351 503 1383 alim,
511 1356 540 1379 et
553 1351 688 1378 continuae
701 1351 751 1378 illte
762 1351 862 1378 voces?
875 1350 1062 1383 Nam,etiamsi

272 1396 345 1424 nulla
359 1396 481 1431 gehenna
493 1402 573 1429 esset,
589 1402 678 1424 tamen
698 1397 725 1424 in
739 1401 813 1424 tanto
829 1397 973 1431 splendore
988 1396 1063 1431 rejici

273 1448 301 1470 et
325 1450 386 1471 cum
410 1443 554 1477 ignominia
578 1443 724 1475 secedere,
748 1446 876 1477 quantum
901 1447 1064 1469 tormentum

274 1489 369 1516 esset?
385 1488 491 1516 Etenim
506 1489 529 1516 si
545 1489 710 1523 lmperatore
724 1496 786 1516 cum
801 1489 857 1515 suis
871 1488 964 1515 urbem
978 1488 1066 1522 ingre-

275 1535 365 1564 diente
376 1555 384 1566 ,
400 1541 476 1562 suam
490 1535 603 1569 quisque
618 1539 739 1562 nostrum
760 1538 942 1570 paupertatem
958 1534 1065 1561 intuen-

277 1586 329 1612 tes,
344 1587 398 1608 non
413 1586 515 1608 tantum
528 1589 561 1608 ex
578 1580 730 1615 hujusmodi
744 1581 897 1616 spectaculo
912 1580 1065 1614 voluptatis,

277 1631 407 1661 quantum
427 1633 460 1653 ex
487 1634 535 1657 eo.
558 1626 629 1661 1111οἀ
650 1634 743 1653 earum
768 1633 858 1653 rerum
882 1634 941 1661 qua:
966 1626 1067 1653 circum

278 1670 468 1705 Imperatorem
488 1676 550 1699 sunt
565 1672 638 1698 nullo
660 1671 740 1698 modo
758 1672 901 1706 participes
915 1670 1047 1699 efficimur
1058 1692 1067 1704 ,

279 1724 329 1749 nec
343 1724 426 1751 prope
440 1725 502 1744 eum
524 1717 569 1752 qui
594 1725 682 1745 rerum
708 1718 808 1753 potitur
823 1725 924 1750 smnus,
946 1718 1069 1746 mceroris

278 1763 417 1798 capimus;
434 1764 497 1799 quid
509 1768 564 1791 tum
579 1764 696 1791 futurum
716 1765 778 1792 est?
802 1772 836 1792 an
858 1772 922 1792 vero
937 1765 995 1792 leve
1013 1769 1070 1792 tor-

280 1815 399 1841 mentum
413 1818 475 1838 esse
489 1818 595 1843 censes,
612 1818 665 1838 non
679 1811 795 1838 adscribi
811 1811 837 1838 in
852 1811 925 1838 illum
938 1811 1050 1838 chorum
1061 1831 1069 1843 ,

280 1856 313 1883 ad
328 1863 453 1885 arcanam
467 1856 539 1884 illam
550 1857 663 1892 gloriam
677 1864 730 1883 non
746 1856 871 1884 admitti?
893 1857 927 1884 ab
940 1856 984 1884 illa
998 1857 1072 1884 cele-

282 1901 380 1929 britate
394 1908 425 1929 ac
441 1901 527 1934 bonis,
544 1910 604 1936 qua:
628 1902 701 1929 nullo
716 1909 842 1929 sermo-ie
864 1902 991 1937 explicari
1008 1909 1071 1937 pos—

280 1952 359 1980 sunt,
375 1948 466 1982 procul
487 1955 519 1975 ac
541 1948 620 1982 longe
642 1948 756 1983 projici?
778 1949 844 1976 Cum
866 1955 931 1975 vero
954 1948 1072 1975 tenebrze

282 1993 392 2028 insuper
406 1994 474 2026 sint,
491 1999 519 2022 et
530 1993 650 2022 dentium
666 1994 782 2027 stridor,
805 1998 833 2021 et
855 1994 960 2021 vincula
974 1994 1073 2021 insolu-

284 2039 357 2072 bilia,
374 2044 401 2067 et
416 2040 515 2068 vermis
536 2040 712 2072 immortalis.
733 2044 761 2067 et
780 2040 849 2075 ignis
870 2048 1012 2075 numquam
1026 2047 1074 2067 ex-

282 2084 469 2119 stinguendus.
483 2090 510 2112 et
531 2086 672 2120 oppressio
685 2091 765 2120 atque
784 2086 916 2120 angustia,
933 2090 960 2112 et
977 2085 1074 2120 linguae

283 2129 457 2164 conﬂagratio
467 2151 474 2163 ,
487 2130 712 2165 quemadmodum
732 2130 776 2158 illa
791 2130 881 2158 divitis
892 2151 899 2162 ,
912 2137 973 2158 cum
987 2130 1074 2164 ejule-

285 2183 346 2203 mus
360 2181 389 2205 et
402 2184 482 2205 nemo
492 2176 602 2209 audiat;
619 2177 826 2212 ingemiscamus
839 2184 871 2204 ac
885 2184 940 2211 prae
949 2177 1075 2204 dolorum

286 2222 432 2250 acerbitate
454 2223 609 2258 rugiamus,
625 2227 653 2250 et
675 2230 756 2250 nemo
774 2222 910 2255 attendat;
931 2222 957 2249 in
981 2229 1076 2250 omnes

285 2272 376 2302 partes
403 2268 496 2295 oculos
520 2273 709 2296 convertamns
726 2289 734 2301 ,
759 2273 787 2295 et
814 2275 946 2302 nusquam
970 2268 1006 2295 sit
1031 2268 1076 2303 qui

284 2314 409 2342 solatium
422 2314 491 2342 ferat
504 2323 510 2341 :
523 2322 577 2350 quo
590 2315 697 2342 tandem
712 2315 772 2341 loco
793 2321 842 2341 eos
865 2313 1076 2347 constituemus,

285 2359 330 2393 qui
345 2359 371 2386 in
384 2363 456 2386 tanta
469 2359 621 2387 calamitate
634 2359 832 2387 versabuntur?

322 2427 350 2453 Ᾱ.
366 2426 434 2460 Quid
448 2427 500 2454 illis
513 2416 610 2455 animis
625 2427 748 2455 miserius
761 2427 772 2454 τ
794 2427 858 2462 quid
875 2428 1054 2456 miserabilius
1065 2429 1078 2455 ἲ

287 2471 353 2499 Nam
367 2473 407 2505 si,
421 2480 481 2499 cum
505 2473 530 2500 in
552 2480 688 2501 carcerem
704 2474 848 2508 quemdam
865 2474 978 2508 ingressi
988 2495 996 2507 ,
1011 2474 1080 2501 alios

286 2518 413 2548 squalore
433 2518 572 2546 confectos
584 2539 591 2551 ,
606 2519 675 2546 alios
697 2520 800 2546 catenis
828 2520 933 2547 vinctos
950 2527 982 2547 ac
1007 2519 1080 2548 fame

284 2563 450 2597 laborantes,
465 2565 534 2593 alios
554 2565 581 2594 in
605 2564 724 2592 tenebris
747 2565 854 2600 clausos
880 2565 1079 2601 conspicimus,

287 2609 384 2637 animis
405 2617 608 2638 con-movemur
632 2618 663 2638 ac
686 2610 934 2646 perhorrescimus,
961 2612 1081 2647 nihilque

288 2662 340 2683 non
362 2655 474 2683 facimus
486 2677 494 2688 ,
517 2662 546 2684 ut
563 2664 597 2684 ne
611 2657 637 2684 in
648 2665 709 2685 eum
723 2657 811 2686 locum
831 2658 980 2691 incidamus
996 2667 1002 2685 :
1017 2665 1080 2686 cum

287 2701 320 2728 ad
336 2702 408 2736 ipsos
420 2703 551 2741 gehennae
561 2703 689 2738 equuleos
697 2704 800 2738 abrepti
815 2703 961 2734 trahemur.
973 2704 1081 2739 quinam

288 2748 368 2775 futuri
383 2749 499 2775 smnus?
513 2748 570 2776 Non
593 2748 664 2776 enim
679 2749 784 2776 vincula
807 2749 853 2779 illa
878 2756 911 2776 ex
926 2748 997 2776 ferro
1017 2756 1082 2777 con-

289 2793 357 2821 fecta
382 2798 461 2828 sunt,
476 2795 524 2822 sed
546 2795 607 2830 igne
629 2800 760 2830 perpetuo
786 2795 917 2828 ardente;
932 2802 983 2822 nec
1004 2795 1082 2823 nobis

288 2840 406 2875 aquales
425 2841 459 2874 ii,
474 2842 519 2876 qui
534 2841 686 2869 cruciandis
706 2841 784 2868 nobis
805 2840 1000 2876 prtelicientur,
1014 2848 1082 2876 quos

289 2886 371 2913 etiam
384 2894 568 2922 saepenumero
591 2888 697 2923 placare
710 2894 810 2921 queas;
826 2887 872 2915 sed
887 2887 993 2920 angeli,
1009 2895 1077 2920 alios

1834 169 1887 197 472

1102 229 1135 248 ne
1155 223 1259 250 ohtneri
1272 224 1378 257 quidem
1393 226 1497 259 possis,
1512 230 1619 260 propter
1637 233 1683 253 eas
1694 233 1760 260 quas
1775 226 1888 254 Domino

1109 270 1246 298 intulimus
1253 272 1428 301 contumelias
1438 272 1477 298 ira
1489 272 1641 306 ﬂagrantes.
1657 272 1710 299 Nec
1726 279 1791 299 vero
1800 292 1808 304 ,
1821 273 1888 299 utin

1101 315 1151 344 hac
1163 316 1232 350 vita,
1248 323 1359 344 cemere
1368 321 1410 343 est
1421 316 1488 344 alios
1497 317 1542 351 qui
1553 316 1702 351 pecuniam,
1715 317 1782 344 alios
1789 317 1834 352 qui
1847 317 1888 343 ci-

1102 363 1176 396 bum,
1184 363 1229 398 qui
1244 363 1439 390 cohortatorios
1449 363 1716 394 sermonesaﬂ'erant,
1727 363 1890 390 consolatio-

1104 417 1218 444 nemque
1228 409 1363 443 aliquam;
1383 416 1475 437 verum
1499 409 1588 439 omnia
1609 408 1662 435 illic
1674 408 1750 437 venia
1775 412 1889 435 carent:

1102 455 1206 483 etiamsi
1220 455 1288 482 adsit
1296 454 1363 488 Noe,
1376 454 1480 482 etiamsi
1489 453 1551 487 Job,
1562 454 1665 483 etiamsi
1680 452 1770 480 Daniel
1781 451 1895 487 (εκπλ-

1104 502 1147 530 Η.
1159 502 1202 536 l5)
1215 522 1223 533 ,
1238 509 1269 528 ac
1283 502 1445 535 propinquos
1459 499 1608 527 excruciari
1621 498 1729 531 videat,
1744 498 1776 525 iis
1788 497 1892 524 auxilio

1104 556 1165 577 esse
1179 556 1232 575 non
1250 547 1344 576 audet.
1355 546 1422 574 Nam
1437 551 1493 573 tum
1508 546 1596 574 omnis
1606 544 1651 572 illa
1659 546 1891 575 commlseratto,a

1106 600 1200 623 natura
1210 594 1304 625 indita,
1314 592 1502 627 exstinguitur.
1512 591 1577 625 Quia
1590 590 1661 618 enim
1672 590 1706 617 ita
1722 589 1779 617 ﬁeri
1795 592 1892 623 potest,

1106 639 1325 675 utimproborum
1340 644 1466 674 parentes
1477 637 1542 671 justi
1557 637 1610 664 sint
1622 637 1818 666 liberorum,ac
1827 641 1893 661 con-

1108 693 1147 714 tra
1164 686 1345 721 improborum
1362 689 1501 718 parentum
1518 682 1581 717 justi
1596 681 1660 713 lilii;
1676 684 1705 708 ut
1728 687 1795 715 pura
1815 683 1894 713 atque

1107 733 1178 760 omni
1195 738 1312 759 interere
1327 737 1408 756 vacua
1432 728 1521 756 laetitia
1544 728 1595 759 sit,
1623 733 1673 753 nec
1702 725 1719 752 ii
1744 725 1791 758 qui
1818 723 1895 752 bonis

1109 778 1161 805 illis
1174 776 1306 808 fruuntur,
1324 772 1566 802 cotumiserationis
1581 771 1739 799 necessitate
1753 774 1896 803 torquean-

1110 827 1171 850 tur:
1187 822 1257 849 hunc
1281 828 1386 856 qumque
1407 816 1649 847 commiserationis
1671 815 1796 843 affectum
1812 814 1838 840 in
1857 814 1896 841 eis

1109 867 1242 902 exstingui
1254 873 1365 900 assero,
1380 866 1506 900 ipsosque
1526 870 1576 890 una
1593 870 1652 889 cum
1669 860 1785 887 Domino
1801 859 1896 886 adver-

1109 922 1156 942 sus
1170 914 1271 940 viscera
1294 919 1342 939 sua
1367 910 1502 937 iracundia
1519 908 1634 935 incendi.
1650 906 1715 933 Nam
1730 905 1752 932 si
1777 905 1897 938 vulgares

1110 961 1191 989 etiam
1207 960 1338 990 homines,
1349 966 1408 985 cum
1424 957 1491 983 iilios
1500 963 1562 982 suos
1578 954 1711 988 improbos
1722 959 1784 979 esse
1799 950 1894 980 vident,

1112 1014 1160 1035 eos
1187 1006 1309 1033 abdicaui
1338 1009 1416 1038 atque
1440 1010 1453 1028 a
1482 1001 1580 1028 familia
1610 998 1789 1028 cxscinduut;
1815 995 1896 1023 multo

1112 1059 1176 1080 sane
1190 1051 1273 1084 magis
1288 1050 1312 1076 id
1330 1055 1383 1076 tum
1397 1048 1474 1081 justis
1488 1054 1535 1073 usu
1551 1049 1690 1072 venturum
1705 1048 1757 1070 est.
1770 1041 1895 1075 Quocirca

1112 1105 1191 1125 nemo
1212 1097 1261 1123 sibi
1289 1097 1355 1122 bona
1385 1095 1558 1128 polliceatur,
1574 1092 1595 1119 si
1621 1091 1686 1117 nihil
1702 1089 1764 1116 lmlti
1790 1087 1894 1118 fecerit,

1114 1144 1234 1179 quamvis
1247 1146 1387 1169 sexcentos
1402 1141 1482 1167 etiam
1494 1139 1581 1172 justas
1596 1145 1659 1163 avos
1677 1136 1774 1162 habent
1790 1143 1796 1160 :
1814 1134 1895 1160 Unus-

1115 1178 1219 1225 quisque
1243 1189 1308 1214 enim
1334 1187 1434 1220 referet,
1462 1189 1535 1218 prout
1549 1183 1622 1218 gestit
1636 1203 1642 1213 ,
1659 1181 1764 1216 propria
1778 1178 1894 1213 corporis.

1115 1238 1201 1271 Atque
1217 1236 1259 1262 hic
1270 1238 1431 1261 scortatores
1446 1231 1509 1258 mihi
1534 1229 1710 1264 perstringere
1735 1226 1853 1256 videtur,
1867 1230 1896 1250 ac

1116 1283 1264 1312 futurorum
1287 1279 1477 1314 suppliciorum
1502 1281 1600 1303 metum
1619 1274 1683 1307 ipsis
1708 1272 1835 1305 injicere;
1850 1276 1896 1296 nec

1116 1329 1181 1363 ipsis
1193 1328 1346 1357 dumtaxat,
1363 1324 1451 1351 sedet
1473 1322 1597 1349 omnibus
1607 1319 1650 1354 qni
1678 1319 1703 1344 in
1725 1317 1780 1343 alio
1802 1315 1897 1342 scelere

1117 1361 1178 1401 sese
1191 1372 1356 1399 devinciunt.
1374 1369 1436 1395 lla‘c
1451 1368 1529 1402 igitur
1553 1372 1601 1392 nos
1615 1370 1719 1398 quoque
1744 1361 1875 1388 audiamus
1890 1367 1895 1384 :

1120 1420 1142 1447 si
1156 1418 1273 1447 libidinis
1288 1418 1347 1451 igne
1361 1416 1457 1450 llagras
1467 1434 1474 1445 ,
1491 1414 1577 1447 ignem
1601 1411 1674 1437 ἰιιυιιι
1688 1415 1809 1442 oppone;
1823 1411 1897 1439 atque
1914 1404 1917 1407 ’

1119 1466 1162 1492 hic
1185 1464 1327 1492 Confestim
1353 1462 1538 1494 esstinguetur
1560 1462 1586 1484 et
1608 1459 1750 1483 evanescet
1764 1462 1769 1479 :
1784 1453 1805 1479 si
1819 1451 1877 1486 quid
1889 1470 1896 1480 .

1119 1511 1189 1547 quod
1211 1511 1339 1536 absonum
1355 1508 1403 1538 sit,
1420 1506 1490 1539 loqui
1512 1503 1610 1538 gestis.
1628 1501 1748 1529 dentium
1764 1497 1896 1547 stridorem

1119 1544 1268 1592 έοῧῖιῊει
1290 1554 1356 1580 freni
1385 1554 1468 1579 instar
1498 1550 1543 1576 tibi
1568 1548 1611 1574 hic
1636 1551 1722 1573 metus
1746 1544 1898 1571 eritzsivis

1120 1590 1233 1637 cuipiam
1246 1599 1344 1634 aliquid
1361 1598 1466 1632 eripere
1480 1617 1487 1628 ,
1502 1594 1562 1621 andi
1585 1592 1707 1621 Judicem
1733 1590 1896 1637 imperaulet“

1121 1656 1152 1676 ac
1164 1635 1309 1677 dicentem,
1326 1645 1414 1678 Ligate
1441 1650 1529 1668 manus
1554 1640 1609 1674 ejus
1624 1647 1656 1664 ac
1669 1637 1742 1672 pedes
1753 1655 1760 1667 ,
1776 1638 1798 1660 et
1820 1635 1898 1678 ejictte

1122 1703 1178 1723 eum
1204 1694 1231 1720 in
1252 1677 1364 1719 tenebras
1390 1689 1523 1717 exteriores
1537 1685 1641 1721 (Matth.
1655 1684 1698 1710 22.
1714 1681 1755 1714 l3)
1770 1679 1822 1705 :ita
1835 1677 1877 1703 [iet
1887 1695 1894 1706 ,

1123 1746 1152 1769 ut
1171 1740 1240 1768 hanc
1264 1738 1436 1772 cupiditatem
1465 1734 1599 1762 exturbes.
1617 1731 1644 1759 Si
1659 1730 1719 1756 vino
1740 1724 1837 1772 deditus

1124 1794 1173 1814 nec
1186 1794 1201 1813 a
1213 1767 1318 1820 crapula
1336 1782 1452 1810 abstrahi
1469 1785 1555 1815 potes,
1569 1777 1629 1804 audi
1643 1775 1753 1802 divitem
1767 1771 1835 1797 illum

1124 1840 1239 1863 centem,
1255 1815 1328 1858 lilittc
1340 1830 1468 1857 Lazarum
1480 1849 1487 1860 ,
1501 1831 1529 1854 ut
1542 1828 1662 1853 extremo
1680 1820 1762 1855 digito
1787 1824 1833 1863 suo
1852 1815 1901 1863 lin-7

1124 1887 1203 1915 guam
1230 1885 1315 1905 meam
1338 1875 1405 1910 ignis
1420 1872 1516 1901 ardore
1543 1868 1753 1903 conﬂagrantem
1774 1861 1906 1915 refrigeret

1217 1924 1261 1951 16.
1276 1905 1404 1957 25),itec
1427 1925 1514 1946 tamen
1540 1915 1565 1943 id
1592 1914 1757 1942 obtinentem
1772 1918 1778 1935 ε
1794 1908 1836 1961 ita
1858 1905 1905 1956 hoc

1125 1958 1190 2000 vitio
1203 1971 1325 1998 laborare
1339 1968 1455 1995 desines.
1471 1966 1498 1993 Si
1512 1963 1667 1991 deliciarum
1692 1963 1780 1985 amore
1793 1958 1903 1981 teneris.

1127 2019 1298 2047 aﬂiictionem
1312 2017 1382 2043 illam
1397 2019 1424 2042 et
1437 2011 1585 2047 angustiam
1599 2008 1696 2043 cogita,
1710 2009 1736 2033 et
1756 2001 1861 2030 delicias
1875 2005 1906 2025 ne

1128 2064 1235 2101 quidem
1249 2062 1379 2097 cogitabis
1393 2069 1399 2087 :
1416 2061 1437 2087 si
1453 2065 1538 2087 smvus
1554 2061 1581 2084 et
1593 2053 1710 2082 crudelis
1723 2059 1762 2101 es,
1779 2047 1905 2101 virgini-nu

1128 2096 1233 2138 illarum
1249 2096 1294 2136 tibi
1319 2109 1343 2135 in
1363 2111 1480 2134 mentem
1508 2102 1614 2133 veniat,
1630 2106 1688 2134 qua:
1712 2096 1747 2124 ob
1768 2096 1907 2122 exstinctas

1128 2155 1264 2189 lampadas
1277 2154 1309 2180 ad
1336 2152 1479 2179 thalamum
1503 2147 1612 2175 minime
1634 2143 1757 2172 admissce
1783 2141 1859 2188 sunt;
1883 2138 1908 2189 et

1130 2185 1321 2230 humanitatem
1337 2205 1417 2232 quam
1433 2195 1548 2230 primum
1561 2191 1666 2219 iudues.
1680 2187 1733 2215 Sed
1760 2185 1868 2232 segnitie
1881 2185 1909 2205 ac

1130 2229 1257 2281 languore
1280 2229 1390 2278 torpes?
1406 2229 1497 2275 cogita
1521 2245 1582 2266 eum
1606 2236 1650 2270 qui
1665 2234 1792 2281 talentum

1129 2275 1190 2323 dit:
1205 2296 1232 2318 et
1247 2292 1333 2326 ignem
1350 2289 1436 2322 ipsum
1452 2283 1598 2313 acrimonia
1612 2282 1714 2308 vinces.
1729 2276 1782 2306 Sed
1806 2275 1911 2326 fortasse

1130 2317 1277 2366 alienarum
1291 2343 1370 2370 opum
1384 2333 1515 2367 cupiditas
1531 2335 1556 2357 te
1571 2326 1694 2355 arrodit?
1711 2324 1827 2370 Vermem
1843 2317 1910 2370 illum

1132 2367 1349 2412 immortalcm'iu
1365 2384 1454 2406 mente
1469 2377 1553 2406 habe;
1568 2381 1599 2401 ac
1613 2370 1742 2408 perfacile
1763 2367 1829 2394 hunc
1843 2367 1910 2412 mor-

1390 2405 1417 2452 et
1429 2424 1480 2450 alia
1496 2405 1584 2448 omnia
1599 2405 1646 2445 Dei
1673 2416 1803 2451 prteecpta
1825 2405 1911 2463 extriti“

1132 2476 1174 2504 bis
1187 2484 1194 2502 :
1207 2459 1379 2508 nequeenim
1395 2471 1439 2498 ille
1453 2467 1596 2504 quidquam
1617 2463 1716 2508 durum
1727 2467 1757 2508 a‘c
1769 2459 1914 2508 graw‘l‘l‘:

1134 2498 1336 2556 satiras
1358 2517 1388 2544 ﬁt
1414 2498 1513 2550 ίςῑιίιτι
1528 2498 1568 2538 ἰιι
1592 2516 1651 2544 qur
1673 2498 1915 2556 edi*?‘:,_‘_“.?}"s.‘ff

1134 2540 1212 2595 iiiibis
1225 2540 1387 2592 iidcantur?
1403 2540 1451 2588 Est
1463 2557 1585 2587 socordia
1608 2556 1700 2586 nostra
1721 2554 1748 2577 et
1768 2544 1873 2595 inertia:

1232 2611 1253 2638 si
1271 2608 1386 2638 studium
1402 2614 1433 2633 ac
1450 2602 1614 2638 diligentiam
1627 2598 1801 2625 adhibeamus
1812 2612 1819 2624 ,

1135 2665 1193 2693 quae
1208 2636 1376 2683 intoleranda
1391 2652 1513 2679 videntur
1526 2669 1533 2680 ,
1554 2647 1640 2674 facilia
1656 2648 1684 2671 et
1696 2636 1920 2693 levia

1136 2679 1158 2731 iii
1181 2701 1282 2730 desidia
1305 2699 1457 2726 laboremus
1472 2716 1479 2727 ,
1493 2695 1572 2722 etiam
1601 2698 1660 2726 quae
1687 2684 1832 2731 tolerabilia
1846 2679 1920 2731 sunt:

1269 2746 1346 2773 nobis
1357 2742 1532 2778 apparebunt.
1549 2739 1612 2766 ιιωο
1633 2736 1723 2770 itaque
1743 2729 1833 2760 omnia
1853 2728 1923 2778 cog“

1139 2799 1235 2825 tantes,
1254 2800 1308 2820 non
1331 2776 1381 2819 eos
1393 2776 1447 2824 qui
1474 2786 1578 2815 deliciis
1593 2782 1733 2816 indulgent
1755 2776 1924 2825 spectemus:

1138 2819 1380 2874 eorum
1404 2819 1439 2863 sit
1463 2834 1568 2864 exitus;
1589 2830 1632 2857 hic
1656 2831 1757 2860 nempe
1777 2819 1924 2874 stercus-ft

1140 2866 1264 2918 Elimia;
1273 2883 1401 2915 obesitas,
1416 2881 1471 2909 illic
1482 2878 1581 2907 vermis
1597 2880 1625 2904 et
1639 2874 1710 2910 ignis
1725 2880 1732 2898 :
1746 2876 1800 2898 non
1815 2871 1860 2895 eos
1881 2866 1923 2896 (ιη’
