  <div class='ocr_page' id='page_1' title='image "/cluster/home/n/w/nwhite01/storage/ocr_20150623/61:no.10/coo.31924054869619/478.png"; bbox 0 0 4068 6410; ppageno 0'>
   <div class='ocr_carea' id='block_1_1' title="bbox 333 372 430 428">
    <p class='ocr_par' dir='ltr' id='par_1_1' title="bbox 333 372 430 428">
     <span class='ocr_line' id='line_1_1' title="bbox 333 372 430 428; baseline 0 0"><span class='ocrx_word' id='word_1_1' title='bbox 333 372 430 428; x_wconf 67' lang='grc'>4⁷71</span> 
     </span>
    </p>
   </div>
   <div class='ocr_carea' id='block_1_2' title="bbox 329 484 1909 565">
    <p class='ocr_par' dir='ltr' id='par_1_2' title="bbox 329 484 1909 565">
     <span class='ocr_line' id='line_1_2' title="bbox 329 484 1909 565; baseline 0.004 -21"><span class='ocrx_word' id='word_1_2' title='bbox 329 493 478 552; x_wconf 75' lang='grc' dir='ltr'>τοὺς,</span> <span class='ocrx_word' id='word_1_3' title='bbox 497 487 596 540; x_wconf 80' lang='grc' dir='ltr'>οὐκ</span> <span class='ocrx_word' id='word_1_4' title='bbox 615 485 914 557; x_wconf 87' lang='grc' dir='ltr'>ἐνδιέτριψε</span> <span class='ocrx_word' id='word_1_5' title='bbox 931 484 1008 555; x_wconf 83' lang='grc' dir='ltr'>τῷ</span> <span class='ocrx_word' id='word_1_6' title='bbox 1024 485 1190 559; x_wconf 84' lang='grc' dir='ltr'>λόγῳ,</span> <span class='ocrx_word' id='word_1_7' title='bbox 1207 489 1322 543; x_wconf 86' lang='grc' dir='ltr'>ἀλλ’</span> <span class='ocrx_word' id='word_1_8' title='bbox 1345 492 1403 546; x_wconf 89' lang='grc' dir='ltr'>ἐν</span> <span class='ocrx_word' id='word_1_9' title='bbox 1421 493 1614 565; x_wconf 83' lang='grc' dir='ltr'>βραχεῖ</span> <span class='ocrx_word' id='word_1_10' title='bbox 1627 494 1688 548; x_wconf 82' lang='grc' dir='ltr'>τὺ</span> <span class='ocrx_word' id='word_1_11' title='bbox 1708 493 1909 565; x_wconf 78' lang='grc' dir='ltr'>στῦφον</span> 
     </span>
    </p>
   </div>
   <div class='ocr_carea' id='block_1_3' title="bbox 331 578 1914 657">
    <p class='ocr_par' dir='ltr' id='par_1_3' title="bbox 331 578 1914 657">
     <span class='ocr_line' id='line_1_3' title="bbox 331 578 1914 657; baseline 0.004 -22"><span class='ocrx_word' id='word_1_12' title='bbox 331 580 525 646; x_wconf 85' lang='grc' dir='ltr'>εἰπὼν,</span> <span class='ocrx_word' id='word_1_13' title='bbox 551 580 846 644; x_wconf 77' lang='grc' dir='ltr'>Ἕκαστος</span> <span class='ocrx_word' id='word_1_14' title='bbox 872 578 1184 648; x_wconf 80' lang='grc' dir='ltr'>κομίσεται</span> <span class='ocrx_word' id='word_1_15' title='bbox 1211 583 1361 650; x_wconf 81' lang='grc' dir='ltr'>πρὸς</span> <span class='ocrx_word' id='word_1_16' title='bbox 1377 583 1415 639; x_wconf 81' lang='lat' dir='ltr'><strong><em>d</em></strong></span> <span class='ocrx_word' id='word_1_17' title='bbox 1435 585 1681 654; x_wconf 75' lang='grc' dir='ltr'>ἔπραξε,</span> <span class='ocrx_word' id='word_1_18' title='bbox 1702 588 1914 657; x_wconf 83' lang='grc' dir='ltr'>ταχέως</span> 
     </span>
    </p>
   </div>
   <div class='ocr_carea' id='block_1_4' title="bbox 332 661 1914 742">
    <p class='ocr_par' dir='ltr' id='par_1_4' title="bbox 332 661 1914 742">
     <span class='ocr_line' id='line_1_4' title="bbox 332 661 1914 742; baseline 0.001 -19"><span class='ocrx_word' id='word_1_19' title='bbox 332 669 676 740; x_wconf 85' lang='grc' dir='ltr'>παρέδραμε.</span> <span class='ocrx_word' id='word_1_20' title='bbox 721 665 1052 736; x_wconf 86' lang='grc' dir='ltr'>Νομίσωμεν</span> <span class='ocrx_word' id='word_1_21' title='bbox 1089 661 1183 722; x_wconf 78' lang='grc' dir='ltr'>οὖν</span> <span class='ocrx_word' id='word_1_22' title='bbox 1217 669 1349 724; x_wconf 81' lang='grc' dir='ltr'>αὐτὸ</span> <span class='ocrx_word' id='word_1_23' title='bbox 1383 673 1638 742; x_wconf 88' lang='grc' dir='ltr'>παρεῖναι</span> <span class='ocrx_word' id='word_1_24' title='bbox 1671 670 1788 736; x_wconf 89' lang='grc' dir='ltr'>νῦν,</span> <span class='ocrx_word' id='word_1_25' title='bbox 1819 674 1914 725; x_wconf 80' lang='grc' dir='ltr'>καὶ</span> 
     </span>
    </p>
   </div>
   <div class='ocr_carea' id='block_1_5' title="bbox 328 756 1912 834">
    <p class='ocr_par' dir='ltr' id='par_1_5' title="bbox 328 756 1912 834">
     <span class='ocr_line' id='line_1_5' title="bbox 328 756 1912 834; baseline 0.003 -22"><span class='ocrx_word' id='word_1_26' title='bbox 328 760 561 819; x_wconf 64' lang='grc' dir='ltr'>ἔκαστος</span> <span class='ocrx_word' id='word_1_27' title='bbox 599 758 657 811; x_wconf 78' lang='grc' dir='ltr'>τὸ</span> <span class='ocrx_word' id='word_1_28' title='bbox 709 756 903 810; x_wconf 81' lang='grc' dir='ltr'>ἐαυτοῦ</span> <span class='ocrx_word' id='word_1_29' title='bbox 941 759 1176 822; x_wconf 78' lang='grc' dir='ltr'>συνειδὸς</span> <span class='ocrx_word' id='word_1_30' title='bbox 1226 761 1648 829; x_wconf 81' lang='grc' dir='ltr'>ἀναλογιζέσθω,</span> <span class='ocrx_word' id='word_1_31' title='bbox 1687 763 1781 816; x_wconf 75' lang='grc' dir='ltr'>καί</span> <span class='ocrx_word' id='word_1_32' title='bbox 1811 763 1912 834; x_wconf 74' lang='grc' dir='ltr'>ἤδη</span> 
     </span>
    </p>
   </div>
   <div class='ocr_carea' id='block_1_6' title="bbox 330 849 1914 921">
    <p class='ocr_par' dir='ltr' id='par_1_6' title="bbox 330 849 1914 921">
     <span class='ocr_line' id='line_1_6' title="bbox 330 849 1914 921; baseline 0.001 -17"><span class='ocrx_word' id='word_1_33' title='bbox 330 849 633 919; x_wconf 74' lang='grc' dir='ltr'>λογιζέσθω</span> <span class='ocrx_word' id='word_1_34' title='bbox 656 851 912 919; x_wconf 82' lang='grc' dir='ltr'>παρεῖναι</span> <span class='ocrx_word' id='word_1_35' title='bbox 935 849 1027 902; x_wconf 81' lang='grc' dir='ltr'>τὸν</span> <span class='ocrx_word' id='word_1_36' title='bbox 1060 852 1351 921; x_wconf 87' lang='grc' dir='ltr'>Δικαστὴν,</span> <span class='ocrx_word' id='word_1_37' title='bbox 1381 854 1473 906; x_wconf 77' lang='grc' dir='ltr'>καὶ</span> <span class='ocrx_word' id='word_1_38' title='bbox 1507 853 1683 908; x_wconf 85' lang='grc' dir='ltr'>πάντα</span> <span class='ocrx_word' id='word_1_39' title='bbox 1708 855 1914 906; x_wconf 87' lang='grc' dir='ltr'>ἀνακα-</span> 
     </span>
    </p>
   </div>
   <div class='ocr_carea' id='block_1_7' title="bbox 291 940 1913 1015">
    <p class='ocr_par' dir='ltr' id='par_1_7' title="bbox 291 940 1913 1015">
     <span class='ocr_line' id='line_1_7' title="bbox 291 940 1913 1015; baseline -0.001 -17"><span class='ocrx_word' id='word_1_40' title='bbox 291 996 294 998; x_wconf 30' lang='grc' dir='ltr'><strong>ν</strong></span> <span class='ocrx_word' id='word_1_41' title='bbox 325 940 626 996; x_wconf 87' lang='grc' dir='ltr'>λύπτεσθαι</span> <span class='ocrx_word' id='word_1_42' title='bbox 649 942 743 994; x_wconf 81' lang='grc' dir='ltr'>καὶ</span> <span class='ocrx_word' id='word_1_43' title='bbox 765 942 846 1004; x_wconf 81' lang='grc' dir='ltr'>εἰς</span> <span class='ocrx_word' id='word_1_44' title='bbox 877 940 1040 1010; x_wconf 81' lang='grc' dir='ltr'><strong>μέσον</strong></span> <span class='ocrx_word' id='word_1_45' title='bbox 1065 940 1294 1007; x_wconf 81' lang='grc' dir='ltr'>ἄγεσθαι</span> <span class='ocrx_word' id='word_1_46' title='bbox 1313 959 1326 971; x_wconf 93' lang='grc'>·</span> <span class='ocrx_word' id='word_1_47' title='bbox 1356 944 1416 997; x_wconf 83' lang='grc' dir='ltr'>οὺ</span> <span class='ocrx_word' id='word_1_48' title='bbox 1437 944 1546 1015; x_wconf 91' lang='grc' dir='ltr'>γάρ</span> <span class='ocrx_word' id='word_1_49' title='bbox 1566 946 1913 1014; x_wconf 82' lang='grc' dir='ltr'>παραστῆναι</span> 
     </span>
    </p>
   </div>
   <div class='ocr_carea' id='block_1_8' title="bbox 325 1031 1913 1107">
    <p class='ocr_par' dir='ltr' id='par_1_8' title="bbox 325 1031 1913 1107">
     <span class='ocr_line' id='line_1_8' title="bbox 325 1031 1913 1107; baseline 0 -17"><span class='ocrx_word' id='word_1_50' title='bbox 325 1037 478 1106; x_wconf 73' lang='grc' dir='ltr'>ἡμᾶς</span> <span class='ocrx_word' id='word_1_51' title='bbox 511 1033 698 1096; x_wconf 87' lang='grc' dir='ltr'>ἁπλῶς</span> <span class='ocrx_word' id='word_1_52' title='bbox 736 1033 839 1095; x_wconf 88' lang='grc' dir='ltr'>δεῖ,</span> <span class='ocrx_word' id='word_1_53' title='bbox 876 1032 1012 1086; x_wconf 89' lang='grc' dir='ltr'>ἀλλά</span> <span class='ocrx_word' id='word_1_54' title='bbox 1044 1033 1138 1086; x_wconf 74' lang='grc' dir='ltr'>καὶ</span> <span class='ocrx_word' id='word_1_55' title='bbox 1186 1035 1590 1106; x_wconf 83' lang='grc' dir='ltr'>φανερωθῆναι.</span> <span class='ocrx_word' id='word_1_56' title='bbox 1617 1031 1767 1107; x_wconf 72' lang='grc' dir='ltr'>τΔρα</span> <span class='ocrx_word' id='word_1_57' title='bbox 1812 1035 1913 1090; x_wconf 78' lang='grc' dir='ltr'>οὐκ</span> 
     </span>
    </p>
   </div>
   <div class='ocr_carea' id='block_1_9' title="bbox 323 1121 1344 1197">
    <p class='ocr_par' dir='ltr' id='par_1_9' title="bbox 323 1121 1344 1197">
     <span class='ocr_line' id='line_1_9' title="bbox 323 1121 1344 1197; baseline 0.004 -22"><span class='ocrx_word' id='word_1_58' title='bbox 323 1125 725 1196; x_wconf 77' lang='grc' dir='ltr'>ἠρυθριάσατε;</span> <span class='ocrx_word' id='word_1_59' title='bbox 762 1121 876 1193; x_wconf 81' lang='grc' dir='ltr'>ἄρα</span> <span class='ocrx_word' id='word_1_60' title='bbox 897 1126 998 1177; x_wconf 85' lang='grc' dir='ltr'>οὐκ</span> <span class='ocrx_word' id='word_1_61' title='bbox 1034 1123 1289 1197; x_wconf 79' lang='grc' dir='ltr'>ἐξέστητε</span> <span class='ocrx_word' id='word_1_62' title='bbox 1311 1139 1344 1192; x_wconf 81' lang='grc'>;’</span> 
     </span>
    </p>
   </div>
   <div class='ocr_carea' id='block_1_10' title="bbox 399 1320 1911 1397">
    <p class='ocr_par' dir='ltr' id='par_1_10' title="bbox 399 1320 1911 1397">
     <span class='ocr_line' id='line_1_10' title="bbox 399 1320 1911 1397; baseline 0.004 -24"><span class='ocrx_word' id='word_1_63' title='bbox 399 1322 462 1375; x_wconf 75' lang='grc' dir='ltr'>Εἰ</span> <span class='ocrx_word' id='word_1_64' title='bbox 503 1321 560 1374; x_wconf 74' lang='grc' dir='ltr'>δὲ</span> <span class='ocrx_word' id='word_1_65' title='bbox 593 1322 689 1374; x_wconf 84' lang='grc' dir='ltr'>νῦν</span> <span class='ocrx_word' id='word_1_66' title='bbox 733 1321 885 1375; x_wconf 84' lang='grc' dir='ltr'>οῦπω</span> <span class='ocrx_word' id='word_1_67' title='bbox 918 1320 1012 1375; x_wconf 82' lang='grc' dir='ltr'>τοῦ</span> <span class='ocrx_word' id='word_1_68' title='bbox 1069 1323 1393 1394; x_wconf 85' lang='grc' dir='ltr'>πράγματος</span> <span class='ocrx_word' id='word_1_69' title='bbox 1444 1326 1733 1397; x_wconf 80' lang='grc' dir='ltr'>παρόντος.</span> <span class='ocrx_word' id='word_1_70' title='bbox 1772 1326 1911 1379; x_wconf 89' lang='grc' dir='ltr'>ἀλλά</span> 
     </span>
    </p>
   </div>
   <div class='ocr_carea' id='block_1_11' title="bbox 326 1414 1909 1487">
    <p class='ocr_par' dir='ltr' id='par_1_11' title="bbox 326 1414 1909 1487">
     <span class='ocr_line' id='line_1_11' title="bbox 326 1414 1909 1487; baseline 0.003 -20"><span class='ocrx_word' id='word_1_71' title='bbox 326 1414 516 1477; x_wconf 83' lang='grc' dir='ltr'>ἁπλῶς</span> <span class='ocrx_word' id='word_1_72' title='bbox 563 1414 684 1466; x_wconf 76' lang='grc' dir='ltr'>καθ’</span> <span class='ocrx_word' id='word_1_73' title='bbox 736 1414 988 1467; x_wconf 83' lang='grc' dir='ltr'>ὑπόθεσιν</span> <span class='ocrx_word' id='word_1_74' title='bbox 1020 1414 1265 1478; x_wconf 78' lang='grc' dir='ltr'>δοθέντος</span> <span class='ocrx_word' id='word_1_75' title='bbox 1316 1417 1411 1470; x_wconf 69' lang='grc' dir='ltr'>καὶ</span> <span class='ocrx_word' id='word_1_76' title='bbox 1440 1416 1685 1487; x_wconf 81' lang='grc' dir='ltr'><strong>λογισμῷ</strong></span> <span class='ocrx_word' id='word_1_77' title='bbox 1723 1435 1909 1471; x_wconf 90' lang='grc' dir='ltr'>τυπω-</span> 
     </span>
    </p>
   </div>
   <div class='ocr_carea' id='block_1_12' title="bbox 328 1504 1906 1578">
    <p class='ocr_par' dir='ltr' id='par_1_12' title="bbox 328 1504 1906 1578">
     <span class='ocr_line' id='line_1_12' title="bbox 328 1504 1906 1578; baseline 0.003 -21"><span class='ocrx_word' id='word_1_78' title='bbox 328 1504 532 1570; x_wconf 83' lang='grc' dir='ltr'>θὲντος,</span> <span class='ocrx_word' id='word_1_79' title='bbox 553 1504 882 1574; x_wconf 81' lang='grc' dir='ltr'>ἀπωλόμεθα</span> <span class='ocrx_word' id='word_1_80' title='bbox 909 1506 1016 1558; x_wconf 73' lang='grc' dir='ltr'>ὑπὸ</span> <span class='ocrx_word' id='word_1_81' title='bbox 1034 1505 1129 1558; x_wconf 87' lang='grc' dir='ltr'>τοῦ</span> <span class='ocrx_word' id='word_1_82' title='bbox 1154 1508 1484 1570; x_wconf 80' lang='grc' dir='ltr'>συνειδότος·</span> <span class='ocrx_word' id='word_1_83' title='bbox 1508 1509 1560 1561; x_wconf 90' lang='grc' dir='ltr'>τί</span> <span class='ocrx_word' id='word_1_84' title='bbox 1587 1509 1906 1578; x_wconf 83' lang='grc' dir='ltr'>ποιήσομεν,</span> 
     </span>
    </p>
   </div>
   <div class='ocr_carea' id='block_1_13' title="bbox 325 1596 1906 1672">
    <p class='ocr_par' dir='ltr' id='par_1_13' title="bbox 325 1596 1906 1672">
     <span class='ocr_line' id='line_1_13' title="bbox 325 1596 1906 1672; baseline 0.008 -23"><span class='ocrx_word' id='word_1_85' title='bbox 325 1598 457 1650; x_wconf 79' lang='grc' dir='ltr'>ὅταν</span> <span class='ocrx_word' id='word_1_86' title='bbox 505 1596 901 1666; x_wconf 83' lang='grc' dir='ltr'>παραγένηται,</span> <span class='ocrx_word' id='word_1_87' title='bbox 935 1597 1062 1651; x_wconf 81' lang='grc' dir='ltr'>ὅταν</span> <span class='ocrx_word' id='word_1_88' title='bbox 1111 1599 1144 1667; x_wconf 84' lang='grc' dir='ltr'>ἡ</span> <span class='ocrx_word' id='word_1_89' title='bbox 1196 1599 1492 1670; x_wconf 79' lang='grc' dir='ltr'>οἰκουμένη</span> <span class='ocrx_word' id='word_1_90' title='bbox 1549 1602 1698 1653; x_wconf 82' lang='grc' dir='ltr'>πᾶσα</span> <span class='ocrx_word' id='word_1_91' title='bbox 1734 1602 1906 1672; x_wconf 80' lang='grc' dir='ltr'>παρῇ.</span> 
     </span>
    </p>
   </div>
   <div class='ocr_carea' id='block_1_14' title="bbox 321 1687 1903 1764">
    <p class='ocr_par' dir='ltr' id='par_1_14' title="bbox 321 1687 1903 1764">
     <span class='ocr_line' id='line_1_14' title="bbox 321 1687 1903 1764; baseline 0.003 -22"><span class='ocrx_word' id='word_1_92' title='bbox 321 1687 454 1742; x_wconf 71' lang='grc' dir='ltr'>ὅταν</span> <span class='ocrx_word' id='word_1_93' title='bbox 478 1688 697 1756; x_wconf 75' lang='grc' dir='ltr'>ἄγγελοι</span> <span class='ocrx_word' id='word_1_94' title='bbox 718 1689 811 1742; x_wconf 68' lang='grc' dir='ltr'>καὶ</span> <span class='ocrx_word' id='word_1_95' title='bbox 837 1690 1194 1760; x_wconf 78' lang='grc' dir='ltr'>ἀρχάγγελοι,</span> <span class='ocrx_word' id='word_1_96' title='bbox 1220 1693 1348 1745; x_wconf 84' lang='grc' dir='ltr'>ὅταν</span> <span class='ocrx_word' id='word_1_97' title='bbox 1379 1693 1670 1764; x_wconf 85' lang='grc' dir='ltr'>ἐπάλληλοι</span> <span class='ocrx_word' id='word_1_98' title='bbox 1699 1693 1903 1759; x_wconf 80' lang='grc' dir='ltr'>τάξεις,</span> 
     </span>
    </p>
   </div>
   <div class='ocr_carea' id='block_1_15' title="bbox 320 1779 1903 1853">
    <p class='ocr_par' dir='ltr' id='par_1_15' title="bbox 320 1779 1903 1853">
     <span class='ocr_line' id='line_1_15' title="bbox 320 1779 1903 1853; baseline 0.003 -20"><span class='ocrx_word' id='word_1_99' title='bbox 320 1779 418 1833; x_wconf 80' lang='grc' dir='ltr'>καὶ</span> <span class='ocrx_word' id='word_1_100' title='bbox 443 1779 642 1850; x_wconf 79' lang='grc' dir='ltr'>δρόμος</span> <span class='ocrx_word' id='word_1_101' title='bbox 673 1781 950 1844; x_wconf 84' lang='grc' dir='ltr'>ἁπάντων,</span> <span class='ocrx_word' id='word_1_102' title='bbox 982 1783 1073 1835; x_wconf 75' lang='grc' dir='ltr'>καὶ</span> <span class='ocrx_word' id='word_1_103' title='bbox 1101 1783 1349 1853; x_wconf 78' lang='grc' dir='ltr'>ἁρπαγαὶ</span> <span class='ocrx_word' id='word_1_104' title='bbox 1371 1784 1466 1837; x_wconf 81' lang='grc' dir='ltr'>ἐπὶ</span> <span class='ocrx_word' id='word_1_105' title='bbox 1499 1784 1608 1837; x_wconf 86' lang='grc' dir='ltr'>τῶν</span> <span class='ocrx_word' id='word_1_106' title='bbox 1642 1783 1903 1851; x_wconf 86' lang='grc' dir='ltr'>νεφελῶν,</span> 
     </span>
    </p>
   </div>
   <div class='ocr_carea' id='block_1_16' title="bbox 321 1871 1907 1945">
    <p class='ocr_par' dir='ltr' id='par_1_16' title="bbox 321 1871 1907 1945">
     <span class='ocr_line' id='line_1_16' title="bbox 321 1871 1907 1945; baseline 0.001 -20"><span class='ocrx_word' id='word_1_107' title='bbox 321 1871 414 1925; x_wconf 72' lang='grc' dir='ltr'>καὶ</span> <span class='ocrx_word' id='word_1_108' title='bbox 445 1871 754 1942; x_wconf 75' lang='grc' dir='ltr'>παράταξις</span> <span class='ocrx_word' id='word_1_109' title='bbox 781 1873 986 1944; x_wconf 80' lang='grc' dir='ltr'>τρόμου</span> <span class='ocrx_word' id='word_1_110' title='bbox 1011 1874 1294 1945; x_wconf 89' lang='grc' dir='ltr'>γέμουσα;</span> <span class='ocrx_word' id='word_1_111' title='bbox 1335 1875 1464 1929; x_wconf 84' lang='grc' dir='ltr'>ὅταν</span> <span class='ocrx_word' id='word_1_112' title='bbox 1511 1877 1568 1929; x_wconf 88' lang='grc' dir='ltr'>αἰ</span> <span class='ocrx_word' id='word_1_113' title='bbox 1606 1875 1907 1944; x_wconf 81' lang='grc' dir='ltr'>σάλπιγγες</span> 
     </span>
    </p>
   </div>
   <div class='ocr_carea' id='block_1_17' title="bbox 317 1961 1905 2040">
    <p class='ocr_par' dir='ltr' id='par_1_17' title="bbox 317 1961 1905 2040">
     <span class='ocr_line' id='line_1_17' title="bbox 317 1961 1905 2040; baseline 0.004 -26"><span class='ocrx_word' id='word_1_114' title='bbox 317 1964 378 2015; x_wconf 81' lang='grc' dir='ltr'>αἰ</span> <span class='ocrx_word' id='word_1_115' title='bbox 408 1961 720 2032; x_wconf 84' lang='grc' dir='ltr'>ἐπάλληλοι,</span> <span class='ocrx_word' id='word_1_116' title='bbox 744 1964 802 2016; x_wconf 84' lang='grc' dir='ltr'>αἱ</span> <span class='ocrx_word' id='word_1_117' title='bbox 835 1967 1074 2035; x_wconf 76' lang='grc' dir='ltr'><strong>συνεχεῖς</strong></span> <span class='ocrx_word' id='word_1_118' title='bbox 1097 1967 1300 2020; x_wconf 83' lang='grc' dir='ltr'>ἐκεῖναι</span> <span class='ocrx_word' id='word_1_119' title='bbox 1331 1966 1542 2032; x_wconf 88' lang='grc' dir='ltr'>φωναί;</span> <span class='ocrx_word' id='word_1_120' title='bbox 1580 1969 1644 2023; x_wconf 81' lang='grc' dir='ltr'>Εἰ</span> <span class='ocrx_word' id='word_1_121' title='bbox 1676 1971 1787 2040; x_wconf 83' lang='grc' dir='ltr'>γάρ</span> <span class='ocrx_word' id='word_1_122' title='bbox 1829 1967 1905 2038; x_wconf 83' lang='grc' dir='ltr'>μὴ</span> 
     </span>
    </p>
   </div>
   <div class='ocr_carea' id='block_1_18' title="bbox 321 2048 1902 2130">
    <p class='ocr_par' dir='ltr' id='par_1_18' title="bbox 321 2048 1902 2130">
     <span class='ocr_line' id='line_1_18' title="bbox 321 2048 1902 2130; baseline 0.003 -24"><span class='ocrx_word' id='word_1_123' title='bbox 321 2053 516 2120; x_wconf 69' lang='grc' dir='ltr'>γέεννα</span> <span class='ocrx_word' id='word_1_124' title='bbox 554 2048 642 2123; x_wconf 79' lang='grc' dir='ltr'>ἦν,</span> <span class='ocrx_word' id='word_1_125' title='bbox 695 2053 754 2107; x_wconf 77' lang='grc' dir='ltr'>τὸ</span> <span class='ocrx_word' id='word_1_126' title='bbox 795 2056 852 2107; x_wconf 86' lang='grc' dir='ltr'>ἐν</span> <span class='ocrx_word' id='word_1_127' title='bbox 890 2054 1130 2130; x_wconf 79' lang='grc' dir='ltr'>τοσαύτῃ</span> <span class='ocrx_word' id='word_1_128' title='bbox 1162 2056 1508 2129; x_wconf 81' lang='grc' dir='ltr'>λαμπρότητι</span> <span class='ocrx_word' id='word_1_129' title='bbox 1557 2059 1902 2128; x_wconf 78' lang='grc' dir='ltr'>ἀπωσθῆναι,</span> 
     </span>
    </p>
   </div>
   <div class='ocr_carea' id='block_1_19' title="bbox 323 2145 1904 2220">
    <p class='ocr_par' dir='ltr' id='par_1_19' title="bbox 323 2145 1904 2220">
     <span class='ocr_line' id='line_1_19' title="bbox 323 2145 1904 2220; baseline 0.004 -22"><span class='ocrx_word' id='word_1_130' title='bbox 323 2145 416 2200; x_wconf 74' lang='grc' dir='ltr'>καὶ</span> <span class='ocrx_word' id='word_1_131' title='bbox 443 2145 638 2214; x_wconf 84' lang='grc' dir='ltr'>ἀτιμον</span> <span class='ocrx_word' id='word_1_132' title='bbox 676 2146 1052 2217; x_wconf 85' lang='grc' dir='ltr'>ἀναχωρῆσαι,</span> <span class='ocrx_word' id='word_1_133' title='bbox 1104 2148 1247 2213; x_wconf 88' lang='grc' dir='ltr'>πόση</span> <span class='ocrx_word' id='word_1_134' title='bbox 1298 2150 1551 2215; x_wconf 86' lang='grc' dir='ltr'>κόλασις;</span> <span class='ocrx_word' id='word_1_135' title='bbox 1585 2151 1695 2204; x_wconf 78' lang='grc' dir='ltr'>Καὶ</span> <span class='ocrx_word' id='word_1_136' title='bbox 1719 2150 1826 2220; x_wconf 85' lang='grc' dir='ltr'>γὰρ</span> <span class='ocrx_word' id='word_1_137' title='bbox 1855 2151 1904 2204; x_wconf 93' lang='grc' dir='ltr'>εἰ</span> 
     </span>
    </p>
   </div>
   <div class='ocr_carea' id='block_1_20' title="bbox 321 2235 1901 2310">
    <p class='ocr_par' dir='ltr' id='par_1_20' title="bbox 321 2235 1901 2310">
     <span class='ocr_line' id='line_1_20' title="bbox 321 2235 1901 2310; baseline 0.003 -21"><span class='ocrx_word' id='word_1_138' title='bbox 321 2236 441 2302; x_wconf 89' lang='grc' dir='ltr'>νῦν,</span> <span class='ocrx_word' id='word_1_139' title='bbox 495 2235 762 2306; x_wconf 84' lang='grc' dir='ltr'>βασιλέως</span> <span class='ocrx_word' id='word_1_140' title='bbox 810 2237 1215 2301; x_wconf 78' lang='grc' dir='ltr'>εἰσελαύνοντος</span> <span class='ocrx_word' id='word_1_141' title='bbox 1263 2241 1357 2292; x_wconf 76' lang='grc' dir='ltr'>καὶ</span> <span class='ocrx_word' id='word_1_142' title='bbox 1399 2241 1510 2293; x_wconf 86' lang='grc' dir='ltr'>τῶν</span> <span class='ocrx_word' id='word_1_143' title='bbox 1557 2243 1673 2310; x_wconf 86' lang='grc' dir='ltr'>μετ’</span> <span class='ocrx_word' id='word_1_144' title='bbox 1713 2240 1901 2305; x_wconf 88' lang='grc' dir='ltr'>αὐτοῦ,</span> 
     </span>
    </p>
   </div>
   <div class='ocr_carea' id='block_1_21' title="bbox 321 2327 1904 2404">
    <p class='ocr_par' dir='ltr' id='par_1_21' title="bbox 321 2327 1904 2404">
     <span class='ocr_line' id='line_1_21' title="bbox 321 2327 1904 2404; baseline 0.004 -24"><span class='ocrx_word' id='word_1_145' title='bbox 321 2327 653 2399; x_wconf 78' lang='grc' dir='ltr'>θεωροῦντες</span> <span class='ocrx_word' id='word_1_146' title='bbox 684 2329 914 2393; x_wconf 75' lang='grc' dir='ltr'>ἕκαστος</span> <span class='ocrx_word' id='word_1_147' title='bbox 944 2329 1040 2400; x_wconf 81' lang='grc' dir='ltr'>τὴν</span> <span class='ocrx_word' id='word_1_148' title='bbox 1071 2331 1266 2384; x_wconf 88' lang='grc' dir='ltr'>ἐαυτοῦ</span> <span class='ocrx_word' id='word_1_149' title='bbox 1297 2331 1508 2398; x_wconf 78' lang='grc' dir='ltr'>πενίαν,</span> <span class='ocrx_word' id='word_1_150' title='bbox 1540 2333 1602 2386; x_wconf 79' lang='grc' dir='ltr'>οὐ</span> <span class='ocrx_word' id='word_1_151' title='bbox 1632 2333 1904 2404; x_wconf 78' lang='grc' dir='ltr'>τοσαύτην</span> 
     </span>
    </p>
   </div>
   <div class='ocr_carea' id='block_1_22' title="bbox 316 2419 1902 2496">
    <p class='ocr_par' dir='ltr' id='par_1_22' title="bbox 316 2419 1902 2496">
     <span class='ocr_line' id='line_1_22' title="bbox 316 2419 1902 2496; baseline 0.004 -23"><span class='ocrx_word' id='word_1_152' title='bbox 316 2419 428 2473; x_wconf 79' lang='grc' dir='ltr'>ἀπὸ</span> <span class='ocrx_word' id='word_1_153' title='bbox 481 2422 580 2491; x_wconf 88' lang='grc' dir='ltr'>τῆς</span> <span class='ocrx_word' id='word_1_154' title='bbox 619 2421 750 2484; x_wconf 89' lang='grc' dir='ltr'>θέας</span> <span class='ocrx_word' id='word_1_155' title='bbox 808 2420 1160 2493; x_wconf 89' lang='grc' dir='ltr'>λαμϐάνομεν</span> <span class='ocrx_word' id='word_1_156' title='bbox 1208 2424 1424 2496; x_wconf 75' lang='grc' dir='ltr'>ἡδονὴν,</span> <span class='ocrx_word' id='word_1_157' title='bbox 1475 2427 1607 2496; x_wconf 82' lang='grc' dir='ltr'>ὅσην</span> <span class='ocrx_word' id='word_1_158' title='bbox 1655 2426 1764 2478; x_wconf 80' lang='grc' dir='ltr'>ἀπὸ</span> <span class='ocrx_word' id='word_1_159' title='bbox 1810 2425 1902 2479; x_wconf 82' lang='grc' dir='ltr'>τοῦ</span> 
     </span>
    </p>
   </div>
   <div class='ocr_carea' id='block_1_23' title="bbox 319 2511 1904 2588">
    <p class='ocr_par' dir='ltr' id='par_1_23' title="bbox 319 2511 1904 2588">
     <span class='ocr_line' id='line_1_23' title="bbox 319 2511 1904 2588; baseline 0.004 -25"><span class='ocrx_word' id='word_1_160' title='bbox 319 2511 551 2582; x_wconf 76' lang='grc' dir='ltr'>μηδενὸς</span> <span class='ocrx_word' id='word_1_161' title='bbox 579 2512 828 2583; x_wconf 75' lang='grc' dir='ltr'>μετέχειν</span> <span class='ocrx_word' id='word_1_162' title='bbox 859 2513 970 2567; x_wconf 87' lang='grc' dir='ltr'>τῶν</span> <span class='ocrx_word' id='word_1_163' title='bbox 1008 2514 1142 2586; x_wconf 72' lang='grc' dir='ltr'>περὶ</span> <span class='ocrx_word' id='word_1_164' title='bbox 1169 2515 1262 2569; x_wconf 84' lang='grc' dir='ltr'>τὸν</span> <span class='ocrx_word' id='word_1_165' title='bbox 1290 2517 1539 2586; x_wconf 87' lang='grc' dir='ltr'>βασιλέα,</span> <span class='ocrx_word' id='word_1_166' title='bbox 1572 2517 1708 2588; x_wconf 86' lang='grc' dir='ltr'>μηδέ</span> <span class='ocrx_word' id='word_1_167' title='bbox 1736 2518 1904 2585; x_wconf 81' lang='grc' dir='ltr'>ἐγγὺς</span> 
     </span>
    </p>
   </div>
   <div class='ocr_carea' id='block_1_24' title="bbox 315 2598 1903 2680">
    <p class='ocr_par' dir='ltr' id='par_1_24' title="bbox 315 2598 1903 2680">
     <span class='ocr_line' id='line_1_24' title="bbox 315 2598 1903 2680; baseline 0.004 -22"><span class='ocrx_word' id='word_1_168' title='bbox 315 2598 464 2658; x_wconf 77' lang='grc' dir='ltr'>εῖναι</span> <span class='ocrx_word' id='word_1_169' title='bbox 498 2603 593 2658; x_wconf 90' lang='grc' dir='ltr'>τοῦ</span> <span class='ocrx_word' id='word_1_170' title='bbox 635 2604 986 2675; x_wconf 79' lang='grc' dir='ltr'>κρατοῦντος,</span> <span class='ocrx_word' id='word_1_171' title='bbox 1014 2606 1254 2676; x_wconf 76' lang='grc' dir='ltr'>ἀθυμίαν</span> <span class='ocrx_word' id='word_1_172' title='bbox 1283 2609 1631 2680; x_wconf 82' lang='grc' dir='ltr'>ὑπομένομεν</span> <span class='ocrx_word' id='word_1_173' title='bbox 1650 2626 1663 2640; x_wconf 90' lang='grc'>·</span> <span class='ocrx_word' id='word_1_174' title='bbox 1693 2611 1747 2663; x_wconf 82' lang='grc' dir='ltr'>τί</span> <span class='ocrx_word' id='word_1_175' title='bbox 1781 2612 1903 2664; x_wconf 84' lang='grc' dir='ltr'>τότε</span> 
     </span>
    </p>
   </div>
   <div class='ocr_carea' id='block_1_25' title="bbox 316 2696 1905 2777">
    <p class='ocr_par' dir='ltr' id='par_1_25' title="bbox 316 2696 1905 2777">
     <span class='ocr_line' id='line_1_25' title="bbox 316 2696 1905 2777; baseline 0.004 -26"><span class='ocrx_word' id='word_1_176' title='bbox 316 2696 504 2762; x_wconf 56' lang='lat' dir='ltr'>locat;</span> <span class='ocrx_word' id='word_1_177' title='bbox 529 2697 566 2767; x_wconf 74' lang='grc' dir='ltr'><strong>ἢ</strong></span> <span class='ocrx_word' id='word_1_178' title='bbox 600 2699 802 2768; x_wconf 80' lang='grc' dir='ltr'>μικράν</span> <span class='ocrx_word' id='word_1_179' title='bbox 837 2697 976 2753; x_wconf 80' lang='grc' dir='ltr'>εἰναι</span> <span class='ocrx_word' id='word_1_180' title='bbox 1022 2700 1265 2770; x_wconf 80' lang='grc' dir='ltr'>νομίζεις</span> <span class='ocrx_word' id='word_1_181' title='bbox 1298 2703 1522 2757; x_wconf 86' lang='grc' dir='ltr'>κόλασιν</span> <span class='ocrx_word' id='word_1_182' title='bbox 1547 2705 1609 2758; x_wconf 83' lang='grc' dir='ltr'>τὸ</span> <span class='ocrx_word' id='word_1_183' title='bbox 1639 2705 1712 2777; x_wconf 76' lang='grc' dir='ltr'>μὴ</span> <span class='ocrx_word' id='word_1_184' title='bbox 1739 2723 1905 2760; x_wconf 87' lang='grc' dir='ltr'>κατα-</span> 
     </span>
    </p>
   </div>
   <div class='ocr_carea' id='block_1_26' title="bbox 316 2789 1904 2865">
    <p class='ocr_par' dir='ltr' id='par_1_26' title="bbox 316 2789 1904 2865">
     <span class='ocr_line' id='line_1_26' title="bbox 316 2789 1904 2865; baseline 0.004 -24"><span class='ocrx_word' id='word_1_185' title='bbox 316 2789 610 2842; x_wconf 85' lang='grc' dir='ltr'>τάττεσθαι</span> <span class='ocrx_word' id='word_1_186' title='bbox 657 2793 714 2843; x_wconf 91' lang='grc' dir='ltr'>ἐν</span> <span class='ocrx_word' id='word_1_187' title='bbox 745 2791 942 2862; x_wconf 82' lang='grc' dir='ltr'>ἐκείνῳ</span> <span class='ocrx_word' id='word_1_188' title='bbox 986 2791 1064 2861; x_wconf 84' lang='grc' dir='ltr'>τῷ</span> <span class='ocrx_word' id='word_1_189' title='bbox 1101 2793 1268 2863; x_wconf 81' lang='grc' dir='ltr'>χορῷ,</span> <span class='ocrx_word' id='word_1_190' title='bbox 1308 2793 1370 2847; x_wconf 80' lang='grc' dir='ltr'>τὸ</span> <span class='ocrx_word' id='word_1_191' title='bbox 1405 2794 1480 2865; x_wconf 82' lang='grc' dir='ltr'>μὴ</span> <span class='ocrx_word' id='word_1_192' title='bbox 1515 2795 1904 2861; x_wconf 80' lang='grc' dir='ltr'>καταξιοῦσθαι</span> 
     </span>
    </p>
   </div>
   <div class='ocr_carea' id='block_1_27' title="bbox 315 2879 1904 2957">
    <p class='ocr_par' dir='ltr' id='par_1_27' title="bbox 315 2879 1904 2957">
     <span class='ocr_line' id='line_1_27' title="bbox 315 2879 1904 2957; baseline -0.008 -7"><span class='ocrx_word' id='word_1_193' title='bbox 315 2879 420 2949; x_wconf 75' lang='grc' dir='ltr'>τῆς</span> <span class='ocrx_word' id='word_1_194' title='bbox 451 2881 764 2952; x_wconf 72' lang='grc' dir='ltr'>ἀπορῥήτου</span> <span class='ocrx_word' id='word_1_195' title='bbox 810 2881 988 2950; x_wconf 77' lang='grc' dir='ltr'>δόξης.</span> <span class='ocrx_word' id='word_1_196' title='bbox 1037 2883 1098 2935; x_wconf 82' lang='grc' dir='ltr'>τδ</span> <span class='ocrx_word' id='word_1_197' title='bbox 1142 2883 1244 2954; x_wconf 79' lang='grc' dir='ltr'>τῆς</span> <span class='ocrx_word' id='word_1_198' title='bbox 1292 2885 1655 2957; x_wconf 82' lang='grc' dir='ltr'>πανηγύρεως</span> <span class='ocrx_word' id='word_1_199' title='bbox 1687 2886 1904 2956; x_wconf 80' lang='grc' dir='ltr'>ἐκείνης</span> 
     </span>
    </p>
   </div>
   <div class='ocr_carea' id='block_1_28' title="bbox 316 2970 1904 3046">
    <p class='ocr_par' dir='ltr' id='par_1_28' title="bbox 316 2970 1904 3046">
     <span class='ocr_line' id='line_1_28' title="bbox 316 2970 1904 3046; baseline 0.004 -23"><span class='ocrx_word' id='word_1_200' title='bbox 316 2970 410 3023; x_wconf 72' lang='grc' dir='ltr'>καὶ</span> <span class='ocrx_word' id='word_1_201' title='bbox 436 2970 546 3023; x_wconf 82' lang='grc' dir='ltr'>τῶν</span> <span class='ocrx_word' id='word_1_202' title='bbox 593 2971 891 3042; x_wconf 85' lang='grc' dir='ltr'>ἀφράστων</span> <span class='ocrx_word' id='word_1_203' title='bbox 925 2971 1146 3039; x_wconf 83' lang='grc' dir='ltr'>ἀγαθῶν</span> <span class='ocrx_word' id='word_1_204' title='bbox 1179 2974 1373 3045; x_wconf 78' lang='grc' dir='ltr'>πόρρω</span> <span class='ocrx_word' id='word_1_205' title='bbox 1401 2992 1504 3027; x_wconf 92' lang='grc' dir='ltr'>που</span> <span class='ocrx_word' id='word_1_206' title='bbox 1539 2975 1635 3029; x_wconf 78' lang='grc' dir='ltr'>καὶ</span> <span class='ocrx_word' id='word_1_207' title='bbox 1685 2976 1904 3046; x_wconf 85' lang='grc' dir='ltr'>μακρὰν</span> 
     </span>
    </p>
   </div>
   <div class='ocr_carea' id='block_1_29' title="bbox 315 3062 1904 3139">
    <p class='ocr_par' dir='ltr' id='par_1_29' title="bbox 315 3062 1904 3139">
     <span class='ocr_line' id='line_1_29' title="bbox 315 3062 1904 3139; baseline 0.004 -26"><span class='ocrx_word' id='word_1_208' title='bbox 315 3062 686 3133; x_wconf 78' lang='grc' dir='ltr'>ἀπεῤῥῖφθαι;</span> <span class='ocrx_word' id='word_1_209' title='bbox 742 3064 912 3117; x_wconf 83' lang='grc' dir='ltr'>Ὅταν</span> <span class='ocrx_word' id='word_1_210' title='bbox 954 3065 1012 3117; x_wconf 83' lang='grc' dir='ltr'>δέ</span> <span class='ocrx_word' id='word_1_211' title='bbox 1062 3065 1157 3118; x_wconf 73' lang='grc' dir='ltr'>καὶ</span> <span class='ocrx_word' id='word_1_212' title='bbox 1192 3067 1382 3128; x_wconf 83' lang='grc' dir='ltr'>σκότος</span> <span class='ocrx_word' id='word_1_213' title='bbox 1430 3064 1488 3138; x_wconf 81' lang='grc' dir='ltr'>ᾖ,</span> <span class='ocrx_word' id='word_1_214' title='bbox 1530 3068 1623 3120; x_wconf 74' lang='grc' dir='ltr'>καὶ</span> <span class='ocrx_word' id='word_1_215' title='bbox 1659 3066 1904 3139; x_wconf 69' lang='grc' dir='ltr'>βρυγμὸς</span> 
     </span>
    </p>
   </div>
   <div class='ocr_carea' id='block_1_30' title="bbox 312 3153 1900 3230">
    <p class='ocr_par' dir='ltr' id='par_1_30' title="bbox 312 3153 1900 3230">
     <span class='ocr_line' id='line_1_30' title="bbox 312 3153 1900 3230; baseline 0.004 -24"><span class='ocrx_word' id='word_1_216' title='bbox 312 3153 566 3218; x_wconf 67' lang='grc' dir='ltr'>ὀδόντων,</span> <span class='ocrx_word' id='word_1_217' title='bbox 593 3156 689 3209; x_wconf 79' lang='grc' dir='ltr'>καὶ</span> <span class='ocrx_word' id='word_1_218' title='bbox 719 3155 894 3227; x_wconf 83' lang='grc' dir='ltr'>δεσμὰ</span> <span class='ocrx_word' id='word_1_219' title='bbox 923 3157 1115 3220; x_wconf 74' lang='grc' dir='ltr'>ἄλυτα,</span> <span class='ocrx_word' id='word_1_220' title='bbox 1148 3159 1245 3212; x_wconf 72' lang='grc' dir='ltr'>καὶ</span> <span class='ocrx_word' id='word_1_221' title='bbox 1274 3156 1493 3228; x_wconf 76' lang='grc' dir='ltr'>σκώληξ</span> <span class='ocrx_word' id='word_1_222' title='bbox 1521 3159 1900 3230; x_wconf 86' lang='grc' dir='ltr'>ἀτελεύτητος,</span> 
     </span>
    </p>
   </div>
   <div class='ocr_carea' id='block_1_31' title="bbox 319 3245 1904 3322">
    <p class='ocr_par' dir='ltr' id='par_1_31' title="bbox 319 3245 1904 3322">
     <span class='ocr_line' id='line_1_31' title="bbox 319 3245 1904 3322; baseline 0.004 -24"><span class='ocrx_word' id='word_1_223' title='bbox 319 3245 413 3299; x_wconf 80' lang='grc' dir='ltr'>καὶ</span> <span class='ocrx_word' id='word_1_224' title='bbox 457 3245 568 3318; x_wconf 86' lang='grc' dir='ltr'>πῦρ</span> <span class='ocrx_word' id='word_1_225' title='bbox 613 3247 898 3313; x_wconf 83' lang='grc' dir='ltr'>ἄσϐεστον,</span> <span class='ocrx_word' id='word_1_226' title='bbox 952 3251 1046 3303; x_wconf 73' lang='grc' dir='ltr'>καὶ</span> <span class='ocrx_word' id='word_1_227' title='bbox 1081 3250 1259 3320; x_wconf 85' lang='grc' dir='ltr'>θλῖψις</span> <span class='ocrx_word' id='word_1_228' title='bbox 1289 3250 1382 3304; x_wconf 72' lang='grc' dir='ltr'>καὶ</span> <span class='ocrx_word' id='word_1_229' title='bbox 1414 3250 1762 3322; x_wconf 80' lang='grc' dir='ltr'>στενοχωρία,</span> <span class='ocrx_word' id='word_1_230' title='bbox 1809 3252 1904 3304; x_wconf 73' lang='grc' dir='ltr'>καὶ</span> 
     </span>
    </p>
   </div>
   <div class='ocr_carea' id='block_1_32' title="bbox 317 3335 1900 3414">
    <p class='ocr_par' dir='ltr' id='par_1_32' title="bbox 317 3335 1900 3414">
     <span class='ocr_line' id='line_1_32' title="bbox 317 3335 1900 3414; baseline 0.004 -25"><span class='ocrx_word' id='word_1_231' title='bbox 317 3335 562 3402; x_wconf 78' lang='grc' dir='ltr'>γλῶσσαι</span> <span class='ocrx_word' id='word_1_232' title='bbox 604 3339 1052 3411; x_wconf 82' lang='grc' dir='ltr'>τηγανιζόμεναι,</span> <span class='ocrx_word' id='word_1_233' title='bbox 1104 3342 1360 3412; x_wconf 84' lang='grc' dir='ltr'>καθάπερ</span> <span class='ocrx_word' id='word_1_234' title='bbox 1403 3344 1436 3414; x_wconf 73' lang='grc' dir='ltr'><strong>ἡ</strong></span> <span class='ocrx_word' id='word_1_235' title='bbox 1472 3342 1567 3396; x_wconf 87' lang='grc' dir='ltr'>τοῦ</span> <span class='ocrx_word' id='word_1_236' title='bbox 1622 3343 1900 3406; x_wconf 84' lang='grc' dir='ltr'>πλουσίου,</span> 
     </span>
    </p>
   </div>
   <div class='ocr_carea' id='block_1_33' title="bbox 315 3425 1906 3504">
    <p class='ocr_par' dir='ltr' id='par_1_33' title="bbox 315 3425 1906 3504">
     <span class='ocr_line' id='line_1_33' title="bbox 315 3425 1906 3504; baseline 0.007 -28"><span class='ocrx_word' id='word_1_237' title='bbox 315 3425 411 3479; x_wconf 80' lang='grc' dir='ltr'>καὶ</span> <span class='ocrx_word' id='word_1_238' title='bbox 437 3426 847 3500; x_wconf 83' lang='grc' dir='ltr'>ὀλοφυρώμεθα,</span> <span class='ocrx_word' id='word_1_239' title='bbox 879 3432 974 3483; x_wconf 74' lang='grc' dir='ltr'>καὶ</span> <span class='ocrx_word' id='word_1_240' title='bbox 1018 3433 1209 3501; x_wconf 76' lang='grc' dir='ltr'>μηδεὶς</span> <span class='ocrx_word' id='word_1_241' title='bbox 1250 3432 1446 3504; x_wconf 87' lang='grc' dir='ltr'>ἀκούῃ,</span> <span class='ocrx_word' id='word_1_242' title='bbox 1499 3434 1594 3487; x_wconf 77' lang='grc' dir='ltr'>καὶ</span> <span class='ocrx_word' id='word_1_243' title='bbox 1627 3437 1906 3504; x_wconf 83' lang='grc' dir='ltr'>στένωμεν</span> 
     </span>
    </p>
   </div>
   <div class='ocr_carea' id='block_1_34' title="bbox 315 3517 1904 3596">
    <p class='ocr_par' dir='ltr' id='par_1_34' title="bbox 315 3517 1904 3596">
     <span class='ocr_line' id='line_1_34' title="bbox 315 3517 1904 3596; baseline 0.005 -26"><span class='ocrx_word' id='word_1_244' title='bbox 315 3519 408 3570; x_wconf 73' lang='grc' dir='ltr'>καὶ</span> <span class='ocrx_word' id='word_1_245' title='bbox 440 3517 731 3591; x_wconf 82' lang='grc' dir='ltr'>βρύχωμεν</span> <span class='ocrx_word' id='word_1_246' title='bbox 754 3521 860 3575; x_wconf 77' lang='grc' dir='ltr'>ὑπὸ</span> <span class='ocrx_word' id='word_1_247' title='bbox 885 3521 992 3575; x_wconf 81' lang='grc' dir='ltr'>τῶν</span> <span class='ocrx_word' id='word_1_248' title='bbox 1020 3523 1353 3593; x_wconf 81' lang='grc' dir='ltr'>ἀλγηδόνων,</span> <span class='ocrx_word' id='word_1_249' title='bbox 1387 3525 1482 3578; x_wconf 76' lang='grc' dir='ltr'>καὶ</span> <span class='ocrx_word' id='word_1_250' title='bbox 1517 3525 1706 3595; x_wconf 74' lang='grc' dir='ltr'>μηδεὶς</span> <span class='ocrx_word' id='word_1_251' title='bbox 1738 3542 1904 3596; x_wconf 78' lang='grc' dir='ltr'>προσ-</span> 
     </span>
    </p>
   </div>
   <div class='ocr_carea' id='block_1_35' title="bbox 315 3612 1904 3686">
    <p class='ocr_par' dir='ltr' id='par_1_35' title="bbox 315 3612 1904 3686">
     <span class='ocr_line' id='line_1_35' title="bbox 315 3612 1904 3686; baseline 0.004 -22"><span class='ocrx_word' id='word_1_252' title='bbox 315 3612 435 3681; x_wconf 83' lang='grc' dir='ltr'>έχῃ.</span> <span class='ocrx_word' id='word_1_253' title='bbox 468 3613 563 3664; x_wconf 79' lang='grc' dir='ltr'>καί</span> <span class='ocrx_word' id='word_1_254' title='bbox 592 3613 871 3684; x_wconf 81' lang='grc' dir='ltr'>πανταχοῦ</span> <span class='ocrx_word' id='word_1_255' title='bbox 903 3614 1214 3686; x_wconf 85' lang='grc' dir='ltr'>βλέπωμεν.</span> <span class='ocrx_word' id='word_1_256' title='bbox 1242 3617 1337 3669; x_wconf 77' lang='grc' dir='ltr'>καὶ</span> <span class='ocrx_word' id='word_1_257' title='bbox 1369 3616 1622 3686; x_wconf 87' lang='grc' dir='ltr'>μηδαμοῦ</span> <span class='ocrx_word' id='word_1_258' title='bbox 1662 3617 1850 3686; x_wconf 76' lang='grc' dir='ltr'>μηδεὶς</span> <span class='ocrx_word' id='word_1_259' title='bbox 1875 3618 1904 3670; x_wconf 84' lang='grc' dir='ltr'><em>ὁ</em></span> 
     </span>
    </p>
   </div>
   <div class='ocr_carea' id='block_1_36' title="bbox 314 3701 1902 3778">
    <p class='ocr_par' dir='ltr' id='par_1_36' title="bbox 314 3701 1902 3778">
     <span class='ocr_line' id='line_1_36' title="bbox 314 3701 1902 3778; baseline 0.006 -26"><span class='ocrx_word' id='word_1_260' title='bbox 314 3702 816 3773; x_wconf 82' lang='grc' dir='ltr'>παραμυθούμενος</span> <span class='ocrx_word' id='word_1_261' title='bbox 973 3707 1077 3760; x_wconf 90' lang='grc' dir='ltr'>ποῦ</span> <span class='ocrx_word' id='word_1_262' title='bbox 1109 3705 1344 3778; x_wconf 80' lang='grc' dir='ltr'>τάξομεν</span> <span class='ocrx_word' id='word_1_263' title='bbox 1389 3709 1516 3769; x_wconf 83' lang='grc' dir='ltr'>τοὺς</span> <span class='ocrx_word' id='word_1_264' title='bbox 1569 3707 1628 3759; x_wconf 89' lang='grc' dir='ltr'>ἐν</span> <span class='ocrx_word' id='word_1_265' title='bbox 1686 3707 1902 3771; x_wconf 84' lang='grc' dir='ltr'>τούτοις</span> 
     </span>
    </p>
   </div>
   <div class='ocr_carea' id='block_1_37' title="bbox 315 3791 1901 3872">
    <p class='ocr_par' dir='ltr' id='par_1_37' title="bbox 315 3791 1901 3872">
     <span class='ocr_line' id='line_1_37' title="bbox 315 3791 1901 3872; baseline 0.006 -30"><span class='ocrx_word' id='word_1_266' title='bbox 315 3791 515 3856; x_wconf 72' lang='grc' dir='ltr'>δνταςς</span> <span class='ocrx_word' id='word_1_267' title='bbox 558 3796 693 3848; x_wconf 82' lang='grc' dir='ltr'>τίδὲ</span> <span class='ocrx_word' id='word_1_268' title='bbox 735 3799 956 3851; x_wconf 79' lang='grc' dir='ltr'>ἐκείνων</span> <span class='ocrx_word' id='word_1_269' title='bbox 1002 3799 1332 3872; x_wconf 77' lang='grc' dir='ltr'>ἀθλιώτερον</span> <span class='ocrx_word' id='word_1_270' title='bbox 1370 3799 1479 3853; x_wconf 82' lang='grc' dir='ltr'>τῶν</span> <span class='ocrx_word' id='word_1_271' title='bbox 1505 3798 1727 3868; x_wconf 79' lang='grc' dir='ltr'>ψυχῶνς</span> <span class='ocrx_word' id='word_1_272' title='bbox 1754 3801 1807 3852; x_wconf 87' lang='grc' dir='ltr'>τί</span> <span class='ocrx_word' id='word_1_273' title='bbox 1841 3801 1901 3852; x_wconf 69' lang='grc' dir='ltr'>δὲ</span> 
     </span>
    </p>
   </div>
   <div class='ocr_carea' id='block_1_38' title="bbox 316 3882 710 3956">
    <p class='ocr_par' dir='ltr' id='par_1_38' title="bbox 316 3882 710 3956">
     <span class='ocr_line' id='line_1_38' title="bbox 316 3882 710 3956; baseline 0.01 -21"><span class='ocrx_word' id='word_1_274' title='bbox 316 3882 672 3956; x_wconf 77' lang='grc' dir='ltr'>ἐλεεινότερον</span> <span class='ocrx_word' id='word_1_275' title='bbox 691 3903 710 3953; x_wconf 86' lang='lat'><strong>;</strong></span> 
     </span>
    </p>
   </div>
   <div class='ocr_carea' id='block_1_39' title="bbox 388 4062 1900 4144">
    <p class='ocr_par' dir='ltr' id='par_1_39' title="bbox 388 4062 1900 4144">
     <span class='ocr_line' id='line_1_39' title="bbox 388 4062 1900 4144; baseline 0.005 -25"><span class='ocrx_word' id='word_1_276' title='bbox 388 4062 453 4120; x_wconf 74' lang='grc' dir='ltr'>δ’.</span> <span class='ocrx_word' id='word_1_277' title='bbox 488 4067 550 4120; x_wconf 85' lang='grc' dir='ltr'>Εἰ</span> <span class='ocrx_word' id='word_1_278' title='bbox 588 4067 696 4139; x_wconf 81' lang='grc' dir='ltr'>γὰρ</span> <span class='ocrx_word' id='word_1_279' title='bbox 717 4070 798 4132; x_wconf 89' lang='grc' dir='ltr'>εἰς</span> <span class='ocrx_word' id='word_1_280' title='bbox 819 4071 1190 4144; x_wconf 82' lang='grc' dir='ltr'>δεσμωτήριον</span> <span class='ocrx_word' id='word_1_281' title='bbox 1213 4074 1494 4139; x_wconf 88' lang='grc' dir='ltr'>εἰσιόντες,</span> <span class='ocrx_word' id='word_1_282' title='bbox 1530 4075 1624 4128; x_wconf 65' lang='grc' dir='ltr'>καὶ</span> <span class='ocrx_word' id='word_1_283' title='bbox 1655 4075 1782 4138; x_wconf 76' lang='grc' dir='ltr'>τοὺς</span> <span class='ocrx_word' id='word_1_284' title='bbox 1803 4074 1900 4144; x_wconf 74' lang='grc' dir='ltr'>μὲν</span> 
     </span>
    </p>
   </div>
   <div class='ocr_carea' id='block_1_40' title="bbox 312 4157 1898 4234">
    <p class='ocr_par' dir='ltr' id='par_1_40' title="bbox 312 4157 1898 4234">
     <span class='ocr_line' id='line_1_40' title="bbox 312 4157 1898 4234; baseline 0.005 -24"><span class='ocrx_word' id='word_1_285' title='bbox 312 4157 641 4228; x_wconf 82' lang='grc' dir='ltr'>αὑχμῶντας</span> <span class='ocrx_word' id='word_1_286' title='bbox 666 4160 924 4231; x_wconf 84' lang='grc' dir='ltr'>ὁρῶντες,</span> <span class='ocrx_word' id='word_1_287' title='bbox 950 4164 1076 4226; x_wconf 84' lang='grc' dir='ltr'>τοὺς</span> <span class='ocrx_word' id='word_1_288' title='bbox 1107 4163 1164 4216; x_wconf 83' lang='grc' dir='ltr'>δέ</span> <span class='ocrx_word' id='word_1_289' title='bbox 1194 4162 1515 4234; x_wconf 80' lang='grc' dir='ltr'>δεδεμένους</span> <span class='ocrx_word' id='word_1_290' title='bbox 1544 4165 1638 4218; x_wconf 77' lang='grc' dir='ltr'>καὶ</span> <span class='ocrx_word' id='word_1_291' title='bbox 1668 4165 1898 4218; x_wconf 83' lang='grc' dir='ltr'>πεινῶν-</span> 
     </span>
    </p>
   </div>
   <div class='ocr_carea' id='block_1_41' title="bbox 311 4252 1900 4329">
    <p class='ocr_par' dir='ltr' id='par_1_41' title="bbox 311 4252 1900 4329">
     <span class='ocr_line' id='line_1_41' title="bbox 311 4252 1900 4329; baseline 0.007 -28"><span class='ocrx_word' id='word_1_292' title='bbox 311 4265 434 4316; x_wconf 76' lang='grc' dir='ltr'>τας,</span> <span class='ocrx_word' id='word_1_293' title='bbox 482 4253 609 4314; x_wconf 82' lang='grc' dir='ltr'>τοὺς</span> <span class='ocrx_word' id='word_1_294' title='bbox 643 4252 701 4304; x_wconf 79' lang='grc' dir='ltr'>δὲ</span> <span class='ocrx_word' id='word_1_295' title='bbox 741 4254 798 4305; x_wconf 87' lang='grc' dir='ltr'>ἐν</span> <span class='ocrx_word' id='word_1_296' title='bbox 827 4255 1004 4323; x_wconf 84' lang='grc' dir='ltr'>σκότῳ</span> <span class='ocrx_word' id='word_1_297' title='bbox 1047 4256 1680 4329; x_wconf 70' lang='grc' dir='ltr'>κατακεκλεισμένουςι,</span> <span class='ocrx_word' id='word_1_298' title='bbox 1728 4275 1900 4312; x_wconf 82' lang='grc' dir='ltr'>κατα·</span> 
     </span>
    </p>
   </div>
   <div class='ocr_carea' id='block_1_42' title="bbox 313 4339 1898 4419">
    <p class='ocr_par' dir='ltr' id='par_1_42' title="bbox 313 4339 1898 4419">
     <span class='ocr_line' id='line_1_42' title="bbox 313 4339 1898 4419; baseline 0.006 -25"><span class='ocrx_word' id='word_1_299' title='bbox 313 4339 594 4410; x_wconf 81' lang='grc' dir='ltr'>κλώμεθα,</span> <span class='ocrx_word' id='word_1_300' title='bbox 633 4345 952 4414; x_wconf 83' lang='grc' dir='ltr'>φρίττομεν,</span> <span class='ocrx_word' id='word_1_301' title='bbox 984 4347 1162 4399; x_wconf 88' lang='grc' dir='ltr'>πάντα</span> <span class='ocrx_word' id='word_1_302' title='bbox 1197 4348 1340 4418; x_wconf 84' lang='grc' dir='ltr'>ὑπὲρ</span> <span class='ocrx_word' id='word_1_303' title='bbox 1370 4348 1463 4402; x_wconf 88' lang='grc' dir='ltr'>τοῦ</span> <span class='ocrx_word' id='word_1_304' title='bbox 1492 4351 1700 4419; x_wconf 87' lang='grc' dir='ltr'>μήποτε</span> <span class='ocrx_word' id='word_1_305' title='bbox 1726 4351 1898 4419; x_wconf 83' lang='grc' dir='ltr'>ἐμπε-</span> 
     </span>
    </p>
   </div>
   <div class='ocr_carea' id='block_1_43' title="bbox 313 4429 1898 4508">
    <p class='ocr_par' dir='ltr' id='par_1_43' title="bbox 313 4429 1898 4508">
     <span class='ocr_line' id='line_1_43' title="bbox 313 4429 1898 4508; baseline 0.006 -27"><span class='ocrx_word' id='word_1_306' title='bbox 313 4430 430 4482; x_wconf 85' lang='grc' dir='ltr'>σεῖν</span> <span class='ocrx_word' id='word_1_307' title='bbox 467 4429 647 4481; x_wconf 81' lang='grc' dir='ltr'>ἐκεῖσε</span> <span class='ocrx_word' id='word_1_308' title='bbox 692 4431 1006 4500; x_wconf 83' lang='grc' dir='ltr'>πράττομεν</span> <span class='ocrx_word' id='word_1_309' title='bbox 1027 4450 1040 4462; x_wconf 92' lang='grc'>·</span> <span class='ocrx_word' id='word_1_310' title='bbox 1075 4434 1205 4486; x_wconf 82' lang='grc' dir='ltr'>ὅταν</span> <span class='ocrx_word' id='word_1_311' title='bbox 1234 4435 1580 4506; x_wconf 87' lang='grc' dir='ltr'>ἀπαγώμεθα</span> <span class='ocrx_word' id='word_1_312' title='bbox 1613 4438 1898 4508; x_wconf 83' lang='grc' dir='ltr'>συρόμενοι</span> 
     </span>
    </p>
   </div>
   <div class='ocr_carea' id='block_1_44' title="bbox 311 4518 1900 4596">
    <p class='ocr_par' dir='ltr' id='par_1_44' title="bbox 311 4518 1900 4596">
     <span class='ocr_line' id='line_1_44' title="bbox 311 4518 1900 4596; baseline 0.006 -24"><span class='ocrx_word' id='word_1_313' title='bbox 311 4521 394 4582; x_wconf 84' lang='grc' dir='ltr'>είς</span> <span class='ocrx_word' id='word_1_314' title='bbox 430 4518 568 4572; x_wconf 87' lang='grc' dir='ltr'>αὑτά</span> <span class='ocrx_word' id='word_1_315' title='bbox 615 4522 715 4590; x_wconf 80' lang='grc' dir='ltr'>τῆς</span> <span class='ocrx_word' id='word_1_316' title='bbox 757 4521 983 4588; x_wconf 82' lang='grc' dir='ltr'>γεέννης</span> <span class='ocrx_word' id='word_1_317' title='bbox 1031 4522 1099 4575; x_wconf 89' lang='grc' dir='ltr'>τά</span> <span class='ocrx_word' id='word_1_318' title='bbox 1141 4523 1557 4596; x_wconf 74' lang='grc' dir='ltr'>βασανιστήρια,</span> <span class='ocrx_word' id='word_1_319' title='bbox 1607 4528 1748 4591; x_wconf 87' lang='grc' dir='ltr'>τίνες</span> <span class='ocrx_word' id='word_1_320' title='bbox 1779 4529 1900 4581; x_wconf 80' lang='grc' dir='ltr'>ἐσό·</span> 
     </span>
    </p>
   </div>
   <div class='ocr_carea' id='block_1_45' title="bbox 316 4611 1900 4684">
    <p class='ocr_par' dir='ltr' id='par_1_45' title="bbox 316 4611 1900 4684">
     <span class='ocr_line' id='line_1_45' title="bbox 316 4611 1900 4684; baseline 0.004 -20"><span class='ocrx_word' id='word_1_321' title='bbox 316 4611 492 4681; x_wconf 86' lang='grc' dir='ltr'>μεθα;</span> <span class='ocrx_word' id='word_1_322' title='bbox 522 4611 596 4664; x_wconf 85' lang='grc' dir='ltr'><strong>Οὐ</strong></span> <span class='ocrx_word' id='word_1_323' title='bbox 627 4611 734 4681; x_wconf 85' lang='grc' dir='ltr'>γὰρ</span> <span class='ocrx_word' id='word_1_324' title='bbox 767 4613 830 4665; x_wconf 88' lang='grc' dir='ltr'>ἐκ</span> <span class='ocrx_word' id='word_1_325' title='bbox 857 4612 1074 4682; x_wconf 83' lang='grc' dir='ltr'>σιδήρου</span> <span class='ocrx_word' id='word_1_326' title='bbox 1107 4615 1173 4668; x_wconf 80' lang='grc' dir='ltr'>τά</span> <span class='ocrx_word' id='word_1_327' title='bbox 1210 4615 1384 4684; x_wconf 85' lang='grc' dir='ltr'>δεσμά</span> <span class='ocrx_word' id='word_1_328' title='bbox 1411 4617 1616 4679; x_wconf 85' lang='grc' dir='ltr'>ἐκεῖνα,</span> <span class='ocrx_word' id='word_1_329' title='bbox 1644 4619 1761 4673; x_wconf 90' lang='grc' dir='ltr'>ἀλλ’</span> <span class='ocrx_word' id='word_1_330' title='bbox 1791 4620 1900 4673; x_wconf 82' lang='grc' dir='ltr'>ἀπὸ</span> 
     </span>
    </p>
   </div>
   <div class='ocr_carea' id='block_1_46' title="bbox 312 4699 1898 4782">
    <p class='ocr_par' dir='ltr' id='par_1_46' title="bbox 312 4699 1898 4782">
     <span class='ocr_line' id='line_1_46' title="bbox 312 4699 1898 4782; baseline 0.006 -27"><span class='ocrx_word' id='word_1_331' title='bbox 312 4699 465 4774; x_wconf 82' lang='lat' dir='ltr'>[5H]</span> <span class='ocrx_word' id='word_1_332' title='bbox 503 4701 675 4772; x_wconf 79' lang='grc' dir='ltr'>πυρὸς</span> <span class='ocrx_word' id='word_1_333' title='bbox 715 4701 972 4755; x_wconf 79' lang='grc' dir='ltr'>οὐδέποτε</span> <span class='ocrx_word' id='word_1_334' title='bbox 1032 4703 1431 4775; x_wconf 82' lang='grc' dir='ltr'>σϐεννυμένου·</span> <span class='ocrx_word' id='word_1_335' title='bbox 1475 4707 1597 4760; x_wconf 80' lang='grc' dir='ltr'>οὐδὲ</span> <span class='ocrx_word' id='word_1_336' title='bbox 1643 4711 1898 4782; x_wconf 78' lang='grc' dir='ltr'>ὁμότιμοι</span> 
     </span>
    </p>
   </div>
   <div class='ocr_carea' id='block_1_47' title="bbox 308 4793 1904 4867">
    <p class='ocr_par' dir='ltr' id='par_1_47' title="bbox 308 4793 1904 4867">
     <span class='ocr_line' id='line_1_47' title="bbox 308 4793 1904 4867; baseline 0.006 -22"><span class='ocrx_word' id='word_1_337' title='bbox 308 4795 359 4845; x_wconf 90' lang='grc' dir='ltr'>οἰ</span> <span class='ocrx_word' id='word_1_338' title='bbox 406 4793 714 4860; x_wconf 86' lang='grc' dir='ltr'>ἐφεστῶτες</span> <span class='ocrx_word' id='word_1_339' title='bbox 759 4796 912 4864; x_wconf 80' lang='grc' dir='ltr'>ἡμῖν,</span> <span class='ocrx_word' id='word_1_340' title='bbox 943 4793 1038 4858; x_wconf 78' lang='grc' dir='ltr'>οὓς</span> <span class='ocrx_word' id='word_1_341' title='bbox 1069 4798 1160 4849; x_wconf 69' lang='grc' dir='ltr'>καὶ</span> <span class='ocrx_word' id='word_1_342' title='bbox 1204 4797 1610 4867; x_wconf 80' lang='grc' dir='ltr'>ἐκμειλίξασθαι</span> <span class='ocrx_word' id='word_1_343' title='bbox 1640 4801 1904 4866; x_wconf 81' lang='grc' dir='ltr'>πολλάκις</span> 
     </span>
    </p>
   </div>
   <div class='ocr_carea' id='block_1_48' title="bbox 311 4881 1900 4964">
    <p class='ocr_par' dir='ltr' id='par_1_48' title="bbox 311 4881 1900 4964">
     <span class='ocr_line' id='line_1_48' title="bbox 311 4881 1900 4964; baseline 0.008 -27"><span class='ocrx_word' id='word_1_344' title='bbox 311 4886 412 4948; x_wconf 75' lang='grc' dir='ltr'>ἔνι,</span> <span class='ocrx_word' id='word_1_345' title='bbox 448 4886 564 4940; x_wconf 84' lang='grc' dir='ltr'>ἀλλ’</span> <span class='ocrx_word' id='word_1_346' title='bbox 599 4885 842 4954; x_wconf 83' lang='grc' dir='ltr'>ἄγγελοι,</span> <span class='ocrx_word' id='word_1_347' title='bbox 895 4881 976 4950; x_wconf 73' lang='grc' dir='ltr'>οἷς</span> <span class='ocrx_word' id='word_1_348' title='bbox 1012 4890 1134 4943; x_wconf 80' lang='grc' dir='ltr'>οὐδέ</span> <span class='ocrx_word' id='word_1_349' title='bbox 1181 4890 1519 4961; x_wconf 83' lang='grc' dir='ltr'>προσϐλέψαι</span> <span class='ocrx_word' id='word_1_350' title='bbox 1549 4891 1726 4964; x_wconf 87' lang='grc' dir='ltr'>θέμις,</span> <span class='ocrx_word' id='word_1_351' title='bbox 1771 4912 1900 4964; x_wconf 89' lang='grc' dir='ltr'>σφο-</span> 
     </span>
    </p>
   </div>
   <div class='ocr_carea' id='block_1_49' title="bbox 310 4970 1894 5056">
    <p class='ocr_par' dir='ltr' id='par_1_49' title="bbox 310 4970 1894 5056">
     <span class='ocr_line' id='line_1_49' title="bbox 310 4970 1894 5056; baseline 0.008 -28"><span class='ocrx_word' id='word_1_352' title='bbox 310 4977 454 5046; x_wconf 87' lang='grc' dir='ltr'>δρῶς</span> <span class='ocrx_word' id='word_1_353' title='bbox 482 4977 624 5048; x_wconf 85' lang='grc' dir='ltr'>ὑπὲρ</span> <span class='ocrx_word' id='word_1_354' title='bbox 653 4970 727 5030; x_wconf 83' lang='grc' dir='ltr'>ὦν</span> <span class='ocrx_word' id='word_1_355' title='bbox 755 4978 848 5030; x_wconf 82' lang='grc' dir='ltr'>τὸν</span> <span class='ocrx_word' id='word_1_356' title='bbox 879 4979 1158 5051; x_wconf 84' lang='grc' dir='ltr'>Δεσπότην</span> <span class='ocrx_word' id='word_1_357' title='bbox 1187 4981 1492 5052; x_wconf 82' lang='grc' dir='ltr'>ὑϐρίκαμεν</span> <span class='ocrx_word' id='word_1_358' title='bbox 1523 4984 1894 5056; x_wconf 80' lang='grc' dir='ltr'>ὀργιζόμενοι.</span> 
     </span>
    </p>
   </div>
   <div class='ocr_carea' id='block_1_50' title="bbox 310 5065 1896 5146">
    <p class='ocr_par' dir='ltr' id='par_1_50' title="bbox 310 5065 1896 5146">
     <span class='ocr_line' id='line_1_50' title="bbox 310 5065 1896 5146; baseline 0.007 -29"><span class='ocrx_word' id='word_1_359' title='bbox 310 5065 428 5118; x_wconf 81' lang='grc' dir='ltr'>Οὐκ</span> <span class='ocrx_word' id='word_1_360' title='bbox 450 5065 587 5132; x_wconf 72' lang='grc' dir='ltr'>ἐστι,</span> <span class='ocrx_word' id='word_1_361' title='bbox 611 5067 863 5138; x_wconf 88' lang='grc' dir='ltr'>καθάπερ</span> <span class='ocrx_word' id='word_1_362' title='bbox 888 5069 1142 5133; x_wconf 88' lang='grc' dir='ltr'>ἐνταῦθα,</span> <span class='ocrx_word' id='word_1_363' title='bbox 1178 5072 1305 5134; x_wconf 80' lang='grc' dir='ltr'>τοὺς</span> <span class='ocrx_word' id='word_1_364' title='bbox 1340 5072 1438 5140; x_wconf 83' lang='grc' dir='ltr'>μὲν</span> <span class='ocrx_word' id='word_1_365' title='bbox 1462 5073 1748 5146; x_wconf 82' lang='grc' dir='ltr'>ἀργύριον,</span> <span class='ocrx_word' id='word_1_366' title='bbox 1771 5076 1896 5138; x_wconf 83' lang='grc' dir='ltr'>τοὺς</span> 
     </span>
    </p>
   </div>
   <div class='ocr_carea' id='block_1_51' title="bbox 309 5156 1897 5238">
    <p class='ocr_par' dir='ltr' id='par_1_51' title="bbox 309 5156 1897 5238">
     <span class='ocr_line' id='line_1_51' title="bbox 309 5156 1897 5238; baseline 0.008 -28"><span class='ocrx_word' id='word_1_367' title='bbox 309 5156 366 5210; x_wconf 83' lang='grc' dir='ltr'>δὲ</span> <span class='ocrx_word' id='word_1_368' title='bbox 390 5157 621 5228; x_wconf 81' lang='grc' dir='ltr'>τροφὰς,</span> <span class='ocrx_word' id='word_1_369' title='bbox 641 5160 768 5222; x_wconf 67' lang='grc' dir='ltr'>τοὺς,</span> <span class='ocrx_word' id='word_1_370' title='bbox 793 5158 850 5212; x_wconf 82' lang='grc' dir='ltr'>δέ</span> <span class='ocrx_word' id='word_1_371' title='bbox 878 5159 1070 5227; x_wconf 58' lang='grc' dir='ltr'>λόγους</span> <span class='ocrx_word' id='word_1_372' title='bbox 1092 5164 1412 5230; x_wconf 83' lang='grc' dir='ltr'>εἰσάγοντας</span> <span class='ocrx_word' id='word_1_373' title='bbox 1450 5167 1897 5238; x_wconf 79' lang='grc' dir='ltr'>παρακλητικοὺς</span> 
     </span>
    </p>
   </div>
   <div class='ocr_carea' id='block_1_52' title="bbox 312 5248 1896 5328">
    <p class='ocr_par' dir='ltr' id='par_1_52' title="bbox 312 5248 1896 5328">
     <span class='ocr_line' id='line_1_52' title="bbox 312 5248 1896 5328; baseline 0.007 -27"><span class='ocrx_word' id='word_1_374' title='bbox 312 5248 462 5313; x_wconf 87' lang='grc' dir='ltr'>ἰδεῖν,</span> <span class='ocrx_word' id='word_1_375' title='bbox 515 5250 609 5302; x_wconf 81' lang='grc' dir='ltr'>καὶ</span> <span class='ocrx_word' id='word_1_376' title='bbox 657 5251 1011 5323; x_wconf 87' lang='grc' dir='ltr'>παραμυθίας</span> <span class='ocrx_word' id='word_1_377' title='bbox 1050 5257 1264 5325; x_wconf 80' lang='grc' dir='ltr'>τυχεῖν·</span> <span class='ocrx_word' id='word_1_378' title='bbox 1311 5256 1450 5310; x_wconf 87' lang='grc' dir='ltr'>ἀλλά</span> <span class='ocrx_word' id='word_1_379' title='bbox 1499 5258 1674 5312; x_wconf 89' lang='grc' dir='ltr'>πάντα</span> <span class='ocrx_word' id='word_1_380' title='bbox 1726 5260 1896 5328; x_wconf 83' lang='grc' dir='ltr'>ἀσύγ-</span> 
     </span>
    </p>
   </div>
   <div class='ocr_carea' id='block_1_53' title="bbox 307 5341 1896 5419">
    <p class='ocr_par' dir='ltr' id='par_1_53' title="bbox 307 5341 1896 5419">
     <span class='ocr_line' id='line_1_53' title="bbox 307 5341 1896 5419; baseline 0.006 -26"><span class='ocrx_word' id='word_1_381' title='bbox 307 5357 528 5409; x_wconf 82' lang='grc' dir='ltr'>γνωστα</span> <span class='ocrx_word' id='word_1_382' title='bbox 559 5343 707 5394; x_wconf 85' lang='grc' dir='ltr'>ἐκεῖ·</span> <span class='ocrx_word' id='word_1_383' title='bbox 735 5342 838 5396; x_wconf 81' lang='grc' dir='ltr'>κᾶν</span> <span class='ocrx_word' id='word_1_384' title='bbox 863 5343 985 5397; x_wconf 87' lang='grc' dir='ltr'>Νῶε</span> <span class='ocrx_word' id='word_1_385' title='bbox 1020 5341 1076 5419; x_wconf 79' lang='grc' dir='ltr'>ᾖ,</span> <span class='ocrx_word' id='word_1_386' title='bbox 1103 5347 1208 5399; x_wconf 84' lang='grc' dir='ltr'>κάν</span> <span class='ocrx_word' id='word_1_387' title='bbox 1246 5346 1387 5411; x_wconf 85' lang='grc' dir='ltr'>Ἰὼϐ,</span> <span class='ocrx_word' id='word_1_388' title='bbox 1422 5346 1526 5400; x_wconf 81' lang='grc' dir='ltr'>κᾶν</span> <span class='ocrx_word' id='word_1_389' title='bbox 1555 5348 1772 5418; x_wconf 85' lang='grc' dir='ltr'>Δανιὴλ,</span> <span class='ocrx_word' id='word_1_390' title='bbox 1803 5351 1896 5404; x_wconf 73' lang='grc' dir='ltr'>καὶ</span> 
     </span>
    </p>
   </div>
   <div class='ocr_carea' id='block_1_54' title="bbox 305 5434 1892 5511">
    <p class='ocr_par' dir='ltr' id='par_1_54' title="bbox 305 5434 1892 5511">
     <span class='ocr_line' id='line_1_54' title="bbox 305 5434 1892 5511; baseline 0.006 -26"><span class='ocrx_word' id='word_1_391' title='bbox 305 5435 435 5496; x_wconf 79' lang='grc' dir='ltr'>τοὺς</span> <span class='ocrx_word' id='word_1_392' title='bbox 465 5434 702 5497; x_wconf 86' lang='grc' dir='ltr'>οἰκείους</span> <span class='ocrx_word' id='word_1_393' title='bbox 733 5434 816 5506; x_wconf 83' lang='grc' dir='ltr'>ῐδῃ</span> <span class='ocrx_word' id='word_1_394' title='bbox 845 5435 1264 5506; x_wconf 79' lang='grc' dir='ltr'>κολαζομένους,</span> <span class='ocrx_word' id='word_1_395' title='bbox 1305 5438 1366 5491; x_wconf 82' lang='grc' dir='ltr'>ού</span> <span class='ocrx_word' id='word_1_396' title='bbox 1399 5437 1575 5509; x_wconf 84' lang='grc' dir='ltr'>τολμᾷ</span> <span class='ocrx_word' id='word_1_397' title='bbox 1607 5442 1892 5511; x_wconf 81' lang='grc' dir='ltr'>παραστῆ-</span> 
     </span>
    </p>
   </div>
   <div class='ocr_carea' id='block_1_55' title="bbox 309 5527 1890 5601">
    <p class='ocr_par' dir='ltr' id='par_1_55' title="bbox 309 5527 1890 5601">
     <span class='ocr_line' id='line_1_55' title="bbox 309 5527 1890 5601; baseline 0.006 -23"><span class='ocrx_word' id='word_1_398' title='bbox 309 5543 417 5581; x_wconf 86' lang='grc' dir='ltr'>ναι;</span> <span class='ocrx_word' id='word_1_399' title='bbox 441 5528 556 5580; x_wconf 72' lang='grc' dir='ltr'>Καὶ</span> <span class='ocrx_word' id='word_1_400' title='bbox 577 5527 686 5598; x_wconf 89' lang='grc' dir='ltr'>γάρ</span> <span class='ocrx_word' id='word_1_401' title='bbox 709 5528 803 5580; x_wconf 77' lang='grc' dir='ltr'>καὶ</span> <span class='ocrx_word' id='word_1_402' title='bbox 822 5529 921 5598; x_wconf 80' lang='grc' dir='ltr'>τὴν</span> <span class='ocrx_word' id='word_1_403' title='bbox 949 5530 1014 5583; x_wconf 88' lang='grc' dir='ltr'>ἐκ</span> <span class='ocrx_word' id='word_1_404' title='bbox 1033 5534 1132 5600; x_wconf 83' lang='grc' dir='ltr'>τῆς</span> <span class='ocrx_word' id='word_1_405' title='bbox 1158 5532 1372 5599; x_wconf 85' lang='grc' dir='ltr'>φύσεως</span> <span class='ocrx_word' id='word_1_406' title='bbox 1404 5533 1750 5601; x_wconf 88' lang='grc' dir='ltr'>συμπάθειαν</span> <span class='ocrx_word' id='word_1_407' title='bbox 1768 5535 1890 5588; x_wconf 86' lang='grc' dir='ltr'>τότε</span> 
     </span>
    </p>
   </div>
   <div class='ocr_carea' id='block_1_56' title="bbox 309 5617 1890 5694">
    <p class='ocr_par' dir='ltr' id='par_1_56' title="bbox 309 5617 1890 5694">
     <span class='ocr_line' id='line_1_56' title="bbox 309 5617 1890 5694; baseline 0.007 -27"><span class='ocrx_word' id='word_1_408' title='bbox 309 5618 649 5685; x_wconf 82' lang='grc' dir='ltr'>ἀναιρεῖσθαι</span> <span class='ocrx_word' id='word_1_409' title='bbox 699 5617 1008 5688; x_wconf 88' lang='grc' dir='ltr'>συμϐαίνει.</span> <span class='ocrx_word' id='word_1_410' title='bbox 1052 5621 1271 5692; x_wconf 82' lang='grc' dir='ltr'>Ἐπειδὴ</span> <span class='ocrx_word' id='word_1_411' title='bbox 1309 5622 1418 5694; x_wconf 82' lang='grc' dir='ltr'>γὰρ</span> <span class='ocrx_word' id='word_1_412' title='bbox 1466 5623 1752 5693; x_wconf 90' lang='grc' dir='ltr'>συμϐαίνει</span> <span class='ocrx_word' id='word_1_413' title='bbox 1811 5625 1890 5678; x_wconf 84' lang='grc' dir='ltr'>δι·-</span> 
     </span>
    </p>
   </div>
   <div class='ocr_carea' id='block_1_57' title="bbox 310 5704 1889 5786">
    <p class='ocr_par' dir='ltr' id='par_1_57' title="bbox 310 5704 1889 5786">
     <span class='ocr_line' id='line_1_57' title="bbox 310 5704 1889 5786; baseline 0.006 -24"><span class='ocrx_word' id='word_1_414' title='bbox 310 5707 497 5771; x_wconf 84' lang='grc' dir='ltr'>καίους</span> <span class='ocrx_word' id='word_1_415' title='bbox 536 5704 676 5764; x_wconf 74' lang='grc' dir='ltr'>εἶναι</span> <span class='ocrx_word' id='word_1_416' title='bbox 719 5710 926 5764; x_wconf 84' lang='grc' dir='ltr'>παίδων</span> <span class='ocrx_word' id='word_1_417' title='bbox 965 5711 1208 5783; x_wconf 86' lang='grc' dir='ltr'>πατέρας</span> <span class='ocrx_word' id='word_1_418' title='bbox 1259 5716 1533 5786; x_wconf 86' lang='grc' dir='ltr'>πονηρῶν,</span> <span class='ocrx_word' id='word_1_419' title='bbox 1569 5716 1663 5770; x_wconf 75' lang='grc' dir='ltr'>καὶ</span> <span class='ocrx_word' id='word_1_420' title='bbox 1695 5716 1889 5782; x_wconf 85' lang='grc' dir='ltr'>παῖδας</span> 
     </span>
    </p>
   </div>
   <div class='ocr_carea' id='block_1_58' title="bbox 374 5845 1324 5916">
    <p class='ocr_par' dir='ltr' id='par_1_58' title="bbox 374 5845 1324 5916">
     <span class='ocr_line' id='line_1_58' title="bbox 374 5845 1324 5916; baseline 0.003 -16"><span class='ocrx_word' id='word_1_421' title='bbox 374 5845 398 5872; x_wconf 75' lang='grc'>³</span> <span class='ocrx_word' id='word_1_422' title='bbox 425 5851 555 5900; x_wconf 75' lang='lat' dir='ltr'><strong>Savil</strong></span> <span class='ocrx_word' id='word_1_423' title='bbox 603 5856 652 5903; x_wconf 84' lang='lat' dir='ltr'><strong>in</strong></span> <span class='ocrx_word' id='word_1_424' title='bbox 677 5868 852 5916; x_wconf 60' lang='lat' dir='ltr'>marg,</span> <span class='ocrx_word' id='word_1_425' title='bbox 879 5854 1324 5916; x_wconf 65' lang='grc' dir='ltr'>κατακεκλιμένους.</span> 
     </span>
    </p>
   </div>
   <div class='ocr_carea' id='block_1_59' title="bbox 1361 370 2488 434">
    <p class='ocr_par' dir='ltr' id='par_1_59' title="bbox 1361 370 2488 434">
     <span class='ocr_line' id='line_1_59' title="bbox 1361 370 2488 434; baseline 0.003 -10"><span class='ocrx_word' id='word_1_426' title='bbox 1361 370 1424 424; x_wconf 84' lang='grc' dir='ltr'>ΙΝ</span> <span class='ocrx_word' id='word_1_427' title='bbox 1468 372 1682 428; x_wconf 81' lang='lat' dir='ltr'>EPIST.</span> <span class='ocrx_word' id='word_1_428' title='bbox 1729 374 1771 428; x_wconf 92' lang='grc'><strong>11</strong></span> <span class='ocrx_word' id='word_1_429' title='bbox 1815 375 1906 427; x_wconf 81' lang='lat' dir='ltr'>Al)</span> <span class='ocrx_word' id='word_1_430' title='bbox 1945 373 2104 432; x_wconf 78' lang='lat' dir='ltr'>COB.</span> <span class='ocrx_word' id='word_1_431' title='bbox 2143 374 2379 434; x_wconf 65' lang='grc' dir='ltr'>Πυθίη..</span> <span class='ocrx_word' id='word_1_432' title='bbox 2422 373 2488 427; x_wconf 81' lang='grc' dir='ltr'>Χ.</span> 
     </span>
    </p>
   </div>
   <div class='ocr_carea' id='block_1_60' title="bbox 3487 363 3597 420">
    <p class='ocr_par' dir='ltr' id='par_1_60' title="bbox 3487 363 3597 420">
     <span class='ocr_line' id='line_1_60' title="bbox 3487 363 3597 420; baseline 0.018 -2"><span class='ocrx_word' id='word_1_433' title='bbox 3487 363 3597 420; x_wconf 62' lang='grc' dir='ltr'>ιτα</span> 
     </span>
    </p>
   </div>
   <div class='ocr_carea' id='block_1_61' title="bbox 2020 482 3594 569">
    <p class='ocr_par' dir='ltr' id='par_1_61' title="bbox 2020 482 3594 569">
     <span class='ocr_line' id='line_1_61' title="bbox 2020 482 3594 569; baseline -0.01 -17"><span class='ocrx_word' id='word_1_434' title='bbox 2020 497 2303 569; x_wconf 85' lang='grc' dir='ltr'>πατέρων·</span> <span class='ocrx_word' id='word_1_435' title='bbox 2330 495 2471 548; x_wconf 82' lang='grc' dir='ltr'>ὥστε</span> <span class='ocrx_word' id='word_1_436' title='bbox 2501 489 2744 560; x_wconf 84' lang='grc' dir='ltr'>καθαρὰν</span> <span class='ocrx_word' id='word_1_437' title='bbox 2779 482 3039 550; x_wconf 81' lang='grc' dir='ltr'>εἶναιτὴν</span> <span class='ocrx_word' id='word_1_438' title='bbox 3067 484 3258 556; x_wconf 77' lang='grc' dir='ltr'>ἡδονὴν</span> <span class='ocrx_word' id='word_1_439' title='bbox 3294 485 3386 536; x_wconf 85' lang='grc' dir='ltr'>καὶ</span> <span class='ocrx_word' id='word_1_440' title='bbox 3421 483 3497 555; x_wconf 82' lang='grc' dir='ltr'>μὴ</span> <span class='ocrx_word' id='word_1_441' title='bbox 3526 486 3594 555; x_wconf 79' lang='grc' dir='ltr'>τῇ</span> 
     </span>
    </p>
   </div>
   <div class='ocr_carea' id='block_1_62' title="bbox 2014 573 3596 658">
    <p class='ocr_par' dir='ltr' id='par_1_62' title="bbox 2014 573 3596 658">
     <span class='ocr_line' id='line_1_62' title="bbox 2014 573 3596 658; baseline -0.008 -18"><span class='ocrx_word' id='word_1_442' title='bbox 2014 589 2112 658; x_wconf 89' lang='grc' dir='ltr'>τῆς</span> <span class='ocrx_word' id='word_1_443' title='bbox 2141 584 2484 655; x_wconf 84' lang='grc' dir='ltr'>συμπαθείας</span> <span class='ocrx_word' id='word_1_444' title='bbox 2513 580 2728 652; x_wconf 79' lang='grc' dir='ltr'>ἀνάγκῃ</span> <span class='ocrx_word' id='word_1_445' title='bbox 2749 576 3124 632; x_wconf 84' lang='grc' dir='ltr'>κατακλᾶσθαι</span> <span class='ocrx_word' id='word_1_446' title='bbox 3144 576 3269 638; x_wconf 76' lang='grc' dir='ltr'>τοὺς</span> <span class='ocrx_word' id='word_1_447' title='bbox 3295 573 3596 628; x_wconf 83' lang='grc' dir='ltr'>ἀπολαύον-</span> 
     </span>
    </p>
   </div>
   <div class='ocr_carea' id='block_1_63' title="bbox 2013 665 3598 744">
    <p class='ocr_par' dir='ltr' id='par_1_63' title="bbox 2013 665 3598 744">
     <span class='ocr_line' id='line_1_63' title="bbox 2013 665 3598 744; baseline -0.01 -11"><span class='ocrx_word' id='word_1_448' title='bbox 2013 697 2114 742; x_wconf 89' lang='grc' dir='ltr'>τας</span> <span class='ocrx_word' id='word_1_449' title='bbox 2162 678 2270 731; x_wconf 86' lang='grc' dir='ltr'>τῶν</span> <span class='ocrx_word' id='word_1_450' title='bbox 2319 674 2558 744; x_wconf 81' lang='grc' dir='ltr'>ἀγαθῶν,</span> <span class='ocrx_word' id='word_1_451' title='bbox 2608 674 2701 726; x_wconf 72' lang='grc' dir='ltr'>καὶ</span> <span class='ocrx_word' id='word_1_452' title='bbox 2729 670 2935 738; x_wconf 86' lang='grc' dir='ltr'>ταύτην</span> <span class='ocrx_word' id='word_1_453' title='bbox 2970 667 3294 721; x_wconf 83' lang='grc' dir='ltr'>σϐέννυσθαι</span> <span class='ocrx_word' id='word_1_454' title='bbox 3323 665 3421 737; x_wconf 85' lang='grc' dir='ltr'>τὴν</span> <span class='ocrx_word' id='word_1_455' title='bbox 3459 683 3598 734; x_wconf 89' lang='grc' dir='ltr'>συμ-</span> 
     </span>
    </p>
   </div>
   <div class='ocr_carea' id='block_1_64' title="bbox 2016 760 3598 840">
    <p class='ocr_par' dir='ltr' id='par_1_64' title="bbox 2016 760 3598 840">
     <span class='ocr_line' id='line_1_64' title="bbox 2016 760 3598 840; baseline -0.009 -15"><span class='ocrx_word' id='word_1_456' title='bbox 2016 763 2248 824; x_wconf 83' lang='grc' dir='ltr'>πάθέιάν</span> <span class='ocrx_word' id='word_1_457' title='bbox 2271 788 2438 840; x_wconf 82' lang='grc' dir='ltr'>φημι,</span> <span class='ocrx_word' id='word_1_458' title='bbox 2461 769 2553 821; x_wconf 78' lang='grc' dir='ltr'>καὶ</span> <span class='ocrx_word' id='word_1_459' title='bbox 2576 765 2772 829; x_wconf 81' lang='grc' dir='ltr'>αὐτοὺς</span> <span class='ocrx_word' id='word_1_460' title='bbox 2799 763 3224 831; x_wconf 86' lang='grc' dir='ltr'>συναγανακτεῖν</span> <span class='ocrx_word' id='word_1_461' title='bbox 3251 760 3329 830; x_wconf 87' lang='grc' dir='ltr'>τῷ</span> <span class='ocrx_word' id='word_1_462' title='bbox 3351 760 3598 830; x_wconf 80' lang='grc' dir='ltr'>Δεσπότῃ</span> 
     </span>
    </p>
   </div>
   <div class='ocr_carea' id='block_1_65' title="bbox 2016 851 3596 925">
    <p class='ocr_par' dir='ltr' id='par_1_65' title="bbox 2016 851 3596 925">
     <span class='ocr_line' id='line_1_65' title="bbox 2016 851 3596 925; baseline -0.009 -9"><span class='ocrx_word' id='word_1_463' title='bbox 2016 861 2157 916; x_wconf 88' lang='grc' dir='ltr'>κατά</span> <span class='ocrx_word' id='word_1_464' title='bbox 2187 861 2296 915; x_wconf 86' lang='grc' dir='ltr'>τῶν</span> <span class='ocrx_word' id='word_1_465' title='bbox 2339 859 2558 912; x_wconf 86' lang='grc' dir='ltr'>οἰκείων</span> <span class='ocrx_word' id='word_1_466' title='bbox 2590 856 2931 925; x_wconf 89' lang='grc' dir='ltr'>σπλάγχνων.</span> <span class='ocrx_word' id='word_1_467' title='bbox 2983 855 3048 907; x_wconf 86' lang='grc' dir='ltr'>Εἰ</span> <span class='ocrx_word' id='word_1_468' title='bbox 3079 853 3189 922; x_wconf 81' lang='grc' dir='ltr'>γὰρ</span> <span class='ocrx_word' id='word_1_469' title='bbox 3221 851 3498 921; x_wconf 83' lang='grc' dir='ltr'>ἄνθρωποι</span> <span class='ocrx_word' id='word_1_470' title='bbox 3546 851 3596 903; x_wconf 84' lang='grc' dir='ltr'>οἱ</span> 
     </span>
    </p>
   </div>
   <div class='ocr_carea' id='block_1_66' title="bbox 2015 942 3595 1022">
    <p class='ocr_par' dir='ltr' id='par_1_66' title="bbox 2015 942 3595 1022">
     <span class='ocr_line' id='line_1_66' title="bbox 2015 942 3595 1022; baseline -0.009 -15"><span class='ocrx_word' id='word_1_471' title='bbox 2015 954 2287 1022; x_wconf 80' lang='grc' dir='ltr'>τυχόντες,</span> <span class='ocrx_word' id='word_1_472' title='bbox 2324 953 2454 1006; x_wconf 83' lang='grc' dir='ltr'>ὅταν</span> <span class='ocrx_word' id='word_1_473' title='bbox 2504 950 2655 1002; x_wconf 78' lang='grc' dir='ltr'>ἴδωσι</span> <span class='ocrx_word' id='word_1_474' title='bbox 2685 947 2922 1015; x_wconf 84' lang='grc' dir='ltr'>φαύλους</span> <span class='ocrx_word' id='word_1_475' title='bbox 2968 945 3094 1007; x_wconf 81' lang='grc' dir='ltr'>τοὺς</span> <span class='ocrx_word' id='word_1_476' title='bbox 3145 942 3324 996; x_wconf 78' lang='grc' dir='ltr'>αὐτῶν</span> <span class='ocrx_word' id='word_1_477' title='bbox 3378 942 3595 1004; x_wconf 84' lang='grc' dir='ltr'>παῖδας,</span> 
     </span>
    </p>
   </div>
   <div class='ocr_carea' id='block_1_67' title="bbox 2014 1028 3598 1112">
    <p class='ocr_par' dir='ltr' id='par_1_67' title="bbox 2014 1028 3598 1112">
     <span class='ocr_line' id='line_1_67' title="bbox 2014 1028 3598 1112; baseline -0.011 -16"><span class='ocrx_word' id='word_1_478' title='bbox 2014 1040 2450 1112; x_wconf 84' lang='grc' dir='ltr'>ἀποκηρύττουσι</span> <span class='ocrx_word' id='word_1_479' title='bbox 2468 1039 2562 1092; x_wconf 72' lang='grc' dir='ltr'>καὶ</span> <span class='ocrx_word' id='word_1_480' title='bbox 2578 1039 2674 1106; x_wconf 88' lang='grc' dir='ltr'>τῆς</span> <span class='ocrx_word' id='word_1_481' title='bbox 2696 1033 3015 1102; x_wconf 84' lang='grc' dir='ltr'>συγγενείας</span> <span class='ocrx_word' id='word_1_482' title='bbox 3037 1031 3358 1100; x_wconf 89' lang='grc' dir='ltr'>ἐκτέμνουσι</span> <span class='ocrx_word' id='word_1_483' title='bbox 3379 1047 3392 1060; x_wconf 84' lang='grc'>·</span> <span class='ocrx_word' id='word_1_484' title='bbox 3419 1028 3598 1099; x_wconf 84' lang='grc' dir='ltr'>πολλῷ</span> 
     </span>
    </p>
   </div>
   <div class='ocr_carea' id='block_1_68' title="bbox 2019 1120 3598 1205">
    <p class='ocr_par' dir='ltr' id='par_1_68' title="bbox 2019 1120 3598 1205">
     <span class='ocr_line' id='line_1_68' title="bbox 2019 1120 3598 1205; baseline -0.009 -17"><span class='ocrx_word' id='word_1_485' title='bbox 2019 1135 2218 1205; x_wconf 84' lang='grc' dir='ltr'>μᾶλλον</span> <span class='ocrx_word' id='word_1_486' title='bbox 2250 1135 2300 1187; x_wconf 91' lang='grc' dir='ltr'>οἰ</span> <span class='ocrx_word' id='word_1_487' title='bbox 2345 1134 2544 1187; x_wconf 88' lang='grc' dir='ltr'>δίκαιοι</span> <span class='ocrx_word' id='word_1_488' title='bbox 2580 1129 2724 1183; x_wconf 88' lang='grc' dir='ltr'>τότε.</span> <span class='ocrx_word' id='word_1_489' title='bbox 2779 1125 3080 1196; x_wconf 88' lang='grc' dir='ltr'>Τοιγαροῦν</span> <span class='ocrx_word' id='word_1_490' title='bbox 3119 1124 3304 1193; x_wconf 68' lang='grc' dir='ltr'>μηδεὶς</span> <span class='ocrx_word' id='word_1_491' title='bbox 3332 1120 3598 1185; x_wconf 77' lang='grc' dir='ltr'>ἐλπιζέτω</span> 
     </span>
    </p>
   </div>
   <div class='ocr_carea' id='block_1_69' title="bbox 2014 1213 3598 1298">
    <p class='ocr_par' dir='ltr' id='par_1_69' title="bbox 2014 1213 3598 1298">
     <span class='ocr_line' id='line_1_69' title="bbox 2014 1213 3598 1298; baseline -0.01 -16"><span class='ocrx_word' id='word_1_492' title='bbox 2014 1227 2250 1298; x_wconf 87' lang='grc' dir='ltr'>χρηστὰ,</span> <span class='ocrx_word' id='word_1_493' title='bbox 2297 1225 2371 1296; x_wconf 86' lang='grc' dir='ltr'>μὴ</span> <span class='ocrx_word' id='word_1_494' title='bbox 2427 1219 2803 1295; x_wconf 86' lang='grc' dir='ltr'>ἐργασάμενός</span> <span class='ocrx_word' id='word_1_495' title='bbox 2845 1235 2899 1271; x_wconf 88' lang='grc' dir='ltr'>τι</span> <span class='ocrx_word' id='word_1_496' title='bbox 2948 1216 3202 1289; x_wconf 80' lang='grc' dir='ltr'>χρηστὸν,</span> <span class='ocrx_word' id='word_1_497' title='bbox 3235 1213 3336 1268; x_wconf 85' lang='grc' dir='ltr'>κᾶν</span> <span class='ocrx_word' id='word_1_498' title='bbox 3370 1214 3598 1284; x_wconf 79' lang='grc' dir='ltr'>μυρίους</span> 
     </span>
    </p>
   </div>
   <div class='ocr_carea' id='block_1_70' title="bbox 2013 1305 3598 1389">
    <p class='ocr_par' dir='ltr' id='par_1_70' title="bbox 2013 1305 3598 1389">
     <span class='ocr_line' id='line_1_70' title="bbox 2013 1305 3598 1389; baseline -0.009 -17"><span class='ocrx_word' id='word_1_499' title='bbox 2013 1319 2111 1389; x_wconf 80' lang='grc' dir='ltr'>ἔχῃ</span> <span class='ocrx_word' id='word_1_500' title='bbox 2152 1317 2451 1386; x_wconf 85' lang='grc' dir='ltr'>προγόνους</span> <span class='ocrx_word' id='word_1_501' title='bbox 2494 1312 2765 1375; x_wconf 85' lang='grc' dir='ltr'>δικαίους·</span> <span class='ocrx_word' id='word_1_502' title='bbox 2803 1311 3097 1371; x_wconf 82' lang='grc' dir='ltr'>Ἕκαστος</span> <span class='ocrx_word' id='word_1_503' title='bbox 3132 1306 3241 1374; x_wconf 84' lang='grc' dir='ltr'>γὰρ</span> <span class='ocrx_word' id='word_1_504' title='bbox 3285 1305 3598 1374; x_wconf 73' lang='grc' dir='ltr'>κομίσεται</span> 
     </span>
    </p>
   </div>
   <div class='ocr_carea' id='block_1_71' title="bbox 2011 1395 3596 1478">
    <p class='ocr_par' dir='ltr' id='par_1_71' title="bbox 2011 1395 3596 1478">
     <span class='ocr_line' id='line_1_71' title="bbox 2011 1395 3596 1478; baseline -0.01 -15"><span class='ocrx_word' id='word_1_505' title='bbox 2011 1410 2163 1478; x_wconf 73' lang='grc' dir='ltr'>πρὸς</span> <span class='ocrx_word' id='word_1_506' title='bbox 2192 1408 2230 1463; x_wconf 79' lang='grc' dir='ltr'>ἁ</span> <span class='ocrx_word' id='word_1_507' title='bbox 2255 1406 2480 1475; x_wconf 74' lang='grc' dir='ltr'>ἔπραξε</span> <span class='ocrx_word' id='word_1_508' title='bbox 2501 1408 2574 1459; x_wconf 85' lang='grc' dir='ltr'>τὰ</span> <span class='ocrx_word' id='word_1_509' title='bbox 2599 1404 2696 1457; x_wconf 83' lang='grc' dir='ltr'>διὰ</span> <span class='ocrx_word' id='word_1_510' title='bbox 2730 1400 2838 1456; x_wconf 86' lang='grc' dir='ltr'>τοῦ</span> <span class='ocrx_word' id='word_1_511' title='bbox 2867 1401 3163 1469; x_wconf 82' lang='grc' dir='ltr'>σώματος.</span> <span class='ocrx_word' id='word_1_512' title='bbox 3205 1395 3473 1450; x_wconf 86' lang='grc' dir='ltr'>Ἐνταῦθά</span> <span class='ocrx_word' id='word_1_513' title='bbox 3504 1412 3596 1465; x_wconf 77' lang='grc' dir='ltr'>μοι</span> 
     </span>
    </p>
   </div>
   <div class='ocr_carea' id='block_1_72' title="bbox 2010 1489 3598 1568">
    <p class='ocr_par' dir='ltr' id='par_1_72' title="bbox 2010 1489 3598 1568">
     <span class='ocr_line' id='line_1_72' title="bbox 2010 1489 3598 1568; baseline -0.009 -14"><span class='ocrx_word' id='word_1_514' title='bbox 2010 1501 2157 1554; x_wconf 81' lang='grc' dir='ltr'>δοκεῖ</span> <span class='ocrx_word' id='word_1_515' title='bbox 2179 1501 2273 1553; x_wconf 80' lang='grc' dir='ltr'>καὶ</span> <span class='ocrx_word' id='word_1_516' title='bbox 2295 1499 2421 1561; x_wconf 76' lang='grc' dir='ltr'>τοὺς</span> <span class='ocrx_word' id='word_1_517' title='bbox 2450 1495 2814 1568; x_wconf 85' lang='grc' dir='ltr'>πορνεύοντας</span> <span class='ocrx_word' id='word_1_518' title='bbox 2842 1491 3196 1551; x_wconf 87' lang='grc' dir='ltr'>αἰνίττεσθαι,</span> <span class='ocrx_word' id='word_1_519' title='bbox 3220 1489 3425 1542; x_wconf 74' lang='grc' dir='ltr'>καὶτὸν</span> <span class='ocrx_word' id='word_1_520' title='bbox 3453 1489 3598 1541; x_wconf 83' lang='grc' dir='ltr'>ἐκεῖ·</span> 
     </span>
    </p>
   </div>
   <div class='ocr_carea' id='block_1_73' title="bbox 2011 1579 3594 1660">
    <p class='ocr_par' dir='ltr' id='par_1_73' title="bbox 2011 1579 3594 1660">
     <span class='ocr_line' id='line_1_73' title="bbox 2011 1579 3594 1660; baseline -0.009 -15"><span class='ocrx_word' id='word_1_521' title='bbox 2011 1592 2104 1644; x_wconf 87' lang='grc' dir='ltr'>θεν</span> <span class='ocrx_word' id='word_1_522' title='bbox 2133 1589 2478 1660; x_wconf 76' lang='grc' dir='ltr'>ἐπιτειχίζων</span> <span class='ocrx_word' id='word_1_523' title='bbox 2500 1587 2662 1657; x_wconf 87' lang='grc' dir='ltr'>φόϐον</span> <span class='ocrx_word' id='word_1_524' title='bbox 2696 1586 2906 1648; x_wconf 80' lang='grc' dir='ltr'>αὐτοῖς·</span> <span class='ocrx_word' id='word_1_525' title='bbox 2938 1583 3040 1637; x_wconf 80' lang='grc' dir='ltr'>οὐκ</span> <span class='ocrx_word' id='word_1_526' title='bbox 3069 1583 3298 1645; x_wconf 85' lang='grc' dir='ltr'>ἐκείνοις</span> <span class='ocrx_word' id='word_1_527' title='bbox 3319 1579 3377 1633; x_wconf 88' lang='grc' dir='ltr'>δέ</span> <span class='ocrx_word' id='word_1_528' title='bbox 3410 1579 3594 1650; x_wconf 87' lang='grc' dir='ltr'>μόνον,</span> 
     </span>
    </p>
   </div>
   <div class='ocr_carea' id='block_1_74' title="bbox 2009 1672 3596 1747">
    <p class='ocr_par' dir='ltr' id='par_1_74' title="bbox 2009 1672 3596 1747">
     <span class='ocr_line' id='line_1_74' title="bbox 2009 1672 3596 1747; baseline -0.009 -9"><span class='ocrx_word' id='word_1_529' title='bbox 2009 1684 2146 1738; x_wconf 86' lang='grc' dir='ltr'>ἀλλά</span> <span class='ocrx_word' id='word_1_530' title='bbox 2176 1684 2271 1737; x_wconf 70' lang='grc' dir='ltr'>καὶ</span> <span class='ocrx_word' id='word_1_531' title='bbox 2299 1684 2435 1736; x_wconf 79' lang='grc' dir='ltr'>πᾶσι</span> <span class='ocrx_word' id='word_1_532' title='bbox 2467 1683 2581 1744; x_wconf 79' lang='grc' dir='ltr'>τοῖς</span> <span class='ocrx_word' id='word_1_533' title='bbox 2610 1678 2790 1733; x_wconf 83' lang='grc' dir='ltr'>ὁτιοῦν</span> <span class='ocrx_word' id='word_1_534' title='bbox 2825 1674 3229 1747; x_wconf 85' lang='grc' dir='ltr'>πλημμελοῦσι.</span> <span class='ocrx_word' id='word_1_535' title='bbox 3280 1672 3596 1741; x_wconf 76' lang='grc' dir='ltr'>’Ᾱκούωμεν</span> 
     </span>
    </p>
   </div>
   <div class='ocr_carea' id='block_1_75' title="bbox 2007 1765 3597 1844">
    <p class='ocr_par' dir='ltr' id='par_1_75' title="bbox 2007 1765 3597 1844">
     <span class='ocr_line' id='line_1_75' title="bbox 2007 1765 3597 1844; baseline -0.009 -14"><span class='ocrx_word' id='word_1_536' title='bbox 2007 1776 2186 1830; x_wconf 87' lang='grc' dir='ltr'>τοίνυν</span> <span class='ocrx_word' id='word_1_537' title='bbox 2215 1775 2310 1828; x_wconf 66' lang='grc' dir='ltr'>καλ⁵</span> <span class='ocrx_word' id='word_1_538' title='bbox 2339 1775 2533 1844; x_wconf 83' lang='grc' dir='ltr'>ἡμεῖς·</span> <span class='ocrx_word' id='word_1_539' title='bbox 2566 1773 2671 1827; x_wconf 81' lang='grc' dir='ltr'>κᾶν</span> <span class='ocrx_word' id='word_1_540' title='bbox 2699 1771 2808 1840; x_wconf 89' lang='grc' dir='ltr'>πῦρ</span> <span class='ocrx_word' id='word_1_541' title='bbox 2839 1769 2969 1841; x_wconf 77' lang='grc' dir='ltr'>ἔχῃς</span> <span class='ocrx_word' id='word_1_542' title='bbox 2999 1765 3316 1836; x_wconf 76' lang='grc' dir='ltr'>ἐπιθυμίας,</span> <span class='ocrx_word' id='word_1_543' title='bbox 3339 1765 3597 1831; x_wconf 86' lang='grc' dir='ltr'>ἀντίστη-</span> 
     </span>
    </p>
   </div>
   <div class='ocr_carea' id='block_1_76' title="bbox 2011 1856 3594 1937">
    <p class='ocr_par' dir='ltr' id='par_1_76' title="bbox 2011 1856 3594 1937">
     <span class='ocr_line' id='line_1_76' title="bbox 2011 1856 3594 1937; baseline -0.009 -15"><span class='ocrx_word' id='word_1_544' title='bbox 2011 1884 2102 1922; x_wconf 89' lang='grc' dir='ltr'>σον</span> <span class='ocrx_word' id='word_1_545' title='bbox 2134 1869 2310 1922; x_wconf 84' lang='grc' dir='ltr'>ἐκεῖνο</span> <span class='ocrx_word' id='word_1_546' title='bbox 2327 1867 2390 1920; x_wconf 77' lang='grc' dir='ltr'>τὸ</span> <span class='ocrx_word' id='word_1_547' title='bbox 2419 1865 2554 1937; x_wconf 88' lang='grc' dir='ltr'>πῦρ,</span> <span class='ocrx_word' id='word_1_548' title='bbox 2581 1865 2679 1918; x_wconf 78' lang='grc' dir='ltr'>καὶ</span> <span class='ocrx_word' id='word_1_549' title='bbox 2705 1862 2864 1916; x_wconf 87' lang='grc' dir='ltr'>τοῦτο</span> <span class='ocrx_word' id='word_1_550' title='bbox 2893 1860 3096 1923; x_wconf 76' lang='grc' dir='ltr'>εὐθέως</span> <span class='ocrx_word' id='word_1_551' title='bbox 3123 1856 3493 1912; x_wconf 86' lang='grc' dir='ltr'>κατασϐεσθὲν</span> <span class='ocrx_word' id='word_1_552' title='bbox 3515 1857 3594 1908; x_wconf 89' lang='grc' dir='ltr'>οἰ-</span> 
     </span>
    </p>
   </div>
   <div class='ocr_carea' id='block_1_77' title="bbox 2007 1946 3598 2031">
    <p class='ocr_par' dir='ltr' id='par_1_77' title="bbox 2007 1946 3598 2031">
     <span class='ocr_line' id='line_1_77' title="bbox 2007 1946 3598 2031; baseline -0.016 -15"><span class='ocrx_word' id='word_1_553' title='bbox 2007 1961 2280 2031; x_wconf 66' lang='grc' dir='ltr'>χήσεται·</span> <span class='ocrx_word' id='word_1_554' title='bbox 2315 1957 2422 2011; x_wconf 82' lang='grc' dir='ltr'>κάν</span> <span class='ocrx_word' id='word_1_555' title='bbox 2465 1954 2733 2026; x_wconf 79' lang='grc' dir='ltr'>βουληθῇς</span> <span class='ocrx_word' id='word_1_556' title='bbox 2779 1972 2832 2006; x_wconf 90' lang='grc' dir='ltr'>τι</span> <span class='ocrx_word' id='word_1_557' title='bbox 2871 1949 3207 2021; x_wconf 82' lang='grc' dir='ltr'>φθέγξασθαι</span> <span class='ocrx_word' id='word_1_558' title='bbox 3237 1946 3471 2016; x_wconf 82' lang='grc' dir='ltr'>ἀπηχὲς,</span> <span class='ocrx_word' id='word_1_559' title='bbox 3507 1948 3598 1998; x_wconf 82' lang='grc' dir='ltr'>ὲν-</span> 
     </span>
    </p>
   </div>
   <div class='ocr_carea' id='block_1_78' title="bbox 2006 2037 3596 2124">
    <p class='ocr_par' dir='ltr' id='par_1_78' title="bbox 2006 2037 3596 2124">
     <span class='ocr_line' id='line_1_78' title="bbox 2006 2037 3596 2124; baseline -0.011 -17"><span class='ocrx_word' id='word_1_560' title='bbox 2006 2053 2200 2124; x_wconf 87' lang='grc' dir='ltr'>νόησον</span> <span class='ocrx_word' id='word_1_561' title='bbox 2233 2053 2326 2105; x_wconf 79' lang='grc' dir='ltr'>τὸν</span> <span class='ocrx_word' id='word_1_562' title='bbox 2369 2050 2613 2123; x_wconf 79' lang='grc' dir='ltr'>βρυγμδν</span> <span class='ocrx_word' id='word_1_563' title='bbox 2645 2048 2753 2101; x_wconf 82' lang='grc' dir='ltr'>τῶν</span> <span class='ocrx_word' id='word_1_564' title='bbox 2789 2046 3042 2106; x_wconf 78' lang='grc' dir='ltr'>ὀδόντων,</span> <span class='ocrx_word' id='word_1_565' title='bbox 3072 2043 3166 2096; x_wconf 78' lang='grc' dir='ltr'>καὶ</span> <span class='ocrx_word' id='word_1_566' title='bbox 3194 2040 3411 2111; x_wconf 78' lang='grc' dir='ltr'>χαλινὸς</span> <span class='ocrx_word' id='word_1_567' title='bbox 3441 2037 3596 2092; x_wconf 79' lang='grc' dir='ltr'>ἔσται</span> 
     </span>
    </p>
   </div>
   <div class='ocr_carea' id='block_1_79' title="bbox 2008 2132 3597 2215">
    <p class='ocr_par' dir='ltr' id='par_1_79' title="bbox 2008 2132 3597 2215">
     <span class='ocr_line' id='line_1_79' title="bbox 2008 2132 3597 2215; baseline -0.011 -15"><span class='ocrx_word' id='word_1_568' title='bbox 2008 2163 2091 2201; x_wconf 90' lang='grc' dir='ltr'>σοι</span> <span class='ocrx_word' id='word_1_569' title='bbox 2115 2148 2144 2200; x_wconf 89' lang='grc' dir='ltr'>ό</span> <span class='ocrx_word' id='word_1_570' title='bbox 2169 2146 2364 2215; x_wconf 88' lang='grc' dir='ltr'>φόϐος·</span> <span class='ocrx_word' id='word_1_571' title='bbox 2403 2144 2510 2197; x_wconf 81' lang='grc' dir='ltr'>κᾶν</span> <span class='ocrx_word' id='word_1_572' title='bbox 2543 2141 2789 2214; x_wconf 85' lang='grc' dir='ltr'>ἁρπάσαι</span> <span class='ocrx_word' id='word_1_573' title='bbox 2822 2137 3111 2210; x_wconf 77' lang='grc' dir='ltr'>βουληθῇς,</span> <span class='ocrx_word' id='word_1_574' title='bbox 3142 2136 3374 2190; x_wconf 78' lang='grc' dir='ltr'>ἄκουσον</span> <span class='ocrx_word' id='word_1_575' title='bbox 3397 2132 3494 2184; x_wconf 90' lang='grc' dir='ltr'>τοῦ</span> <span class='ocrx_word' id='word_1_576' title='bbox 3516 2132 3597 2184; x_wconf 75' lang='grc' dir='ltr'>διο</span> 
     </span>
    </p>
   </div>
   <div class='ocr_carea' id='block_1_80' title="bbox 2007 2224 3598 2301">
    <p class='ocr_par' dir='ltr' id='par_1_80' title="bbox 2007 2224 3598 2301">
     <span class='ocr_line' id='line_1_80' title="bbox 2007 2224 3598 2301; baseline -0.011 -8"><span class='ocrx_word' id='word_1_577' title='bbox 2007 2237 2215 2293; x_wconf 84' lang='grc' dir='ltr'>καστοῦ</span> <span class='ocrx_word' id='word_1_578' title='bbox 2238 2236 2556 2298; x_wconf 84' lang='grc' dir='ltr'>κελεύοντος</span> <span class='ocrx_word' id='word_1_579' title='bbox 2583 2234 2680 2288; x_wconf 71' lang='grc' dir='ltr'>καὶ</span> <span class='ocrx_word' id='word_1_580' title='bbox 2706 2233 2977 2301; x_wconf 86' lang='grc' dir='ltr'>λέγοντος,</span> <span class='ocrx_word' id='word_1_581' title='bbox 3013 2228 3245 2295; x_wconf 82' lang='grc' dir='ltr'>Δήσατε</span> <span class='ocrx_word' id='word_1_582' title='bbox 3273 2225 3458 2281; x_wconf 85' lang='grc' dir='ltr'>αὐτοῦ</span> <span class='ocrx_word' id='word_1_583' title='bbox 3477 2224 3598 2294; x_wconf 79' lang='grc' dir='ltr'>χεῖ-</span> 
     </span>
    </p>
   </div>
   <div class='ocr_carea' id='block_1_81' title="bbox 1998 2317 3598 2399">
    <p class='ocr_par' dir='ltr' id='par_1_81' title="bbox 1998 2317 3598 2399">
     <span class='ocr_line' id='line_1_81' title="bbox 1998 2317 3598 2399; baseline -0.01 -15"><span class='ocrx_word' id='word_1_584' title='bbox 1998 2347 2115 2399; x_wconf 84' lang='grc' dir='ltr'>ρας</span> <span class='ocrx_word' id='word_1_585' title='bbox 2142 2328 2240 2383; x_wconf 82' lang='grc' dir='ltr'>καί</span> <span class='ocrx_word' id='word_1_586' title='bbox 2261 2327 2471 2393; x_wconf 77' lang='grc' dir='ltr'>πόδας,</span> <span class='ocrx_word' id='word_1_587' title='bbox 2498 2324 2599 2380; x_wconf 83' lang='grc' dir='ltr'>καί</span> <span class='ocrx_word' id='word_1_588' title='bbox 2622 2324 2912 2379; x_wconf 78' lang='grc' dir='ltr'>ἐκϐάλετε</span> <span class='ocrx_word' id='word_1_589' title='bbox 2934 2320 3125 2375; x_wconf 78' lang='grc' dir='ltr'>αὑτὸν</span> <span class='ocrx_word' id='word_1_590' title='bbox 3153 2321 3242 2384; x_wconf 82' lang='grc' dir='ltr'>εἰς</span> <span class='ocrx_word' id='word_1_591' title='bbox 3278 2318 3346 2371; x_wconf 79' lang='grc' dir='ltr'>τὸ</span> <span class='ocrx_word' id='word_1_592' title='bbox 3373 2317 3598 2381; x_wconf 83' lang='grc' dir='ltr'>σκότος</span> 
     </span>
    </p>
   </div>
   <div class='ocr_carea' id='block_1_82' title="bbox 2006 2407 3598 2488">
    <p class='ocr_par' dir='ltr' id='par_1_82' title="bbox 2006 2407 3598 2488">
     <span class='ocr_line' id='line_1_82' title="bbox 2006 2407 3598 2488; baseline -0.011 -12"><span class='ocrx_word' id='word_1_593' title='bbox 2006 2422 2076 2476; x_wconf 84' lang='grc' dir='ltr'>τὸ</span> <span class='ocrx_word' id='word_1_594' title='bbox 2097 2420 2412 2488; x_wconf 74' lang='grc' dir='ltr'>ἐξώτερον·</span> <span class='ocrx_word' id='word_1_595' title='bbox 2443 2417 2539 2472; x_wconf 74' lang='grc' dir='ltr'>καὶ</span> <span class='ocrx_word' id='word_1_596' title='bbox 2563 2415 2814 2478; x_wconf 82' lang='grc' dir='ltr'>ἐκϐαλεῖς</span> <span class='ocrx_word' id='word_1_597' title='bbox 2838 2414 2934 2467; x_wconf 74' lang='grc' dir='ltr'>καὶ</span> <span class='ocrx_word' id='word_1_598' title='bbox 2953 2412 3154 2481; x_wconf 89' lang='grc' dir='ltr'>ταύτην</span> <span class='ocrx_word' id='word_1_599' title='bbox 3183 2409 3326 2463; x_wconf 79' lang='grc' dir='ltr'>οὕτω</span> <span class='ocrx_word' id='word_1_600' title='bbox 3358 2407 3451 2478; x_wconf 83' lang='grc' dir='ltr'>τὴν</span> <span class='ocrx_word' id='word_1_601' title='bbox 3478 2409 3598 2460; x_wconf 83' lang='grc' dir='ltr'>ἐπι-</span> 
     </span>
    </p>
   </div>
   <div class='ocr_carea' id='block_1_83' title="bbox 2006 2499 3599 2583">
    <p class='ocr_par' dir='ltr' id='par_1_83' title="bbox 2006 2499 3599 2583">
     <span class='ocr_line' id='line_1_83' title="bbox 2006 2499 3599 2583; baseline -0.011 -16"><span class='ocrx_word' id='word_1_602' title='bbox 2006 2513 2230 2583; x_wconf 88' lang='grc' dir='ltr'>θυμίαν.</span> <span class='ocrx_word' id='word_1_603' title='bbox 2257 2511 2375 2564; x_wconf 80' lang='grc' dir='ltr'>Κᾶν</span> <span class='ocrx_word' id='word_1_604' title='bbox 2398 2508 2606 2580; x_wconf 81' lang='grc' dir='ltr'>μεθύῃς</span> <span class='ocrx_word' id='word_1_605' title='bbox 2625 2507 2721 2561; x_wconf 77' lang='grc' dir='ltr'>καὶ</span> <span class='ocrx_word' id='word_1_606' title='bbox 2736 2502 3056 2576; x_wconf 85' lang='grc' dir='ltr'>κραιπαλῶν</span> <span class='ocrx_word' id='word_1_607' title='bbox 3071 2501 3337 2571; x_wconf 82' lang='grc' dir='ltr'>διατελῇς,</span> <span class='ocrx_word' id='word_1_608' title='bbox 3366 2499 3599 2552; x_wconf 75' lang='grc' dir='ltr'>ἄκουσον</span> 
     </span>
    </p>
   </div>
   <div class='ocr_carea' id='block_1_84' title="bbox 2005 2589 3597 2669">
    <p class='ocr_par' dir='ltr' id='par_1_84' title="bbox 2005 2589 3597 2669">
     <span class='ocr_line' id='line_1_84' title="bbox 2005 2589 3597 2669; baseline -0.011 -11"><span class='ocrx_word' id='word_1_609' title='bbox 2005 2605 2100 2658; x_wconf 90' lang='grc' dir='ltr'>τοῦ</span> <span class='ocrx_word' id='word_1_610' title='bbox 2137 2603 2401 2656; x_wconf 86' lang='grc' dir='ltr'>πλουσίου</span> <span class='ocrx_word' id='word_1_611' title='bbox 2443 2601 2716 2669; x_wconf 83' lang='grc' dir='ltr'>λέγοντος,</span> <span class='ocrx_word' id='word_1_612' title='bbox 2761 2596 2982 2667; x_wconf 83' lang='grc' dir='ltr'>Πέμψον</span> <span class='ocrx_word' id='word_1_613' title='bbox 3011 2594 3282 2665; x_wconf 80' lang='grc' dir='ltr'>Λάζαρον,</span> <span class='ocrx_word' id='word_1_614' title='bbox 3327 2591 3415 2644; x_wconf 76' lang='grc' dir='ltr'>ἵνα</span> <span class='ocrx_word' id='word_1_615' title='bbox 3440 2589 3597 2659; x_wconf 74' lang='grc' dir='ltr'>ἄκρῳ</span> 
     </span>
    </p>
   </div>
   <div class='ocr_carea' id='block_1_85' title="bbox 2006 2683 3595 2764">
    <p class='ocr_par' dir='ltr' id='par_1_85' title="bbox 2006 2683 3595 2764">
     <span class='ocr_line' id='line_1_85' title="bbox 2006 2683 3595 2764; baseline -0.009 -15"><span class='ocrx_word' id='word_1_616' title='bbox 2006 2694 2085 2764; x_wconf 83' lang='grc' dir='ltr'>τῷ</span> <span class='ocrx_word' id='word_1_617' title='bbox 2119 2693 2372 2764; x_wconf 84' lang='grc' dir='ltr'>δακτύλῳ</span> <span class='ocrx_word' id='word_1_618' title='bbox 2411 2689 2702 2762; x_wconf 76' lang='grc' dir='ltr'>καταψύξῃ</span> <span class='ocrx_word' id='word_1_619' title='bbox 2729 2689 2830 2760; x_wconf 82' lang='grc' dir='ltr'>τὴν</span> <span class='ocrx_word' id='word_1_620' title='bbox 2861 2685 3300 2758; x_wconf 77' lang='grc' dir='ltr'>τηγανιζομένην</span> <span class='ocrx_word' id='word_1_621' title='bbox 3321 2683 3595 2752; x_wconf 84' lang='grc' dir='ltr'>γλῶσσαν,</span> 
     </span>
    </p>
   </div>
   <div class='ocr_carea' id='block_1_86' title="bbox 2006 2771 3597 2853">
    <p class='ocr_par' dir='ltr' id='par_1_86' title="bbox 2006 2771 3597 2853">
     <span class='ocr_line' id='line_1_86' title="bbox 2006 2771 3597 2853; baseline -0.009 -14"><span class='ocrx_word' id='word_1_622' title='bbox 2006 2787 2101 2839; x_wconf 82' lang='grc' dir='ltr'>καί</span> <span class='ocrx_word' id='word_1_623' title='bbox 2122 2785 2184 2837; x_wconf 84' lang='grc' dir='ltr'>οὐ</span> <span class='ocrx_word' id='word_1_624' title='bbox 2207 2784 2568 2853; x_wconf 87' lang='grc' dir='ltr'>τυγχάνοντος</span> <span class='ocrx_word' id='word_1_625' title='bbox 2586 2799 2599 2811; x_wconf 92' lang='grc'>·</span> <span class='ocrx_word' id='word_1_626' title='bbox 2629 2781 2722 2833; x_wconf 75' lang='grc' dir='ltr'>καὶ</span> <span class='ocrx_word' id='word_1_627' title='bbox 2745 2781 3032 2850; x_wconf 78' lang='grc' dir='ltr'>ἀποστήσῃ</span> <span class='ocrx_word' id='word_1_628' title='bbox 3059 2775 3154 2830; x_wconf 90' lang='grc' dir='ltr'>τοῦ</span> <span class='ocrx_word' id='word_1_629' title='bbox 3182 2776 3410 2838; x_wconf 86' lang='grc' dir='ltr'>πάθους.</span> <span class='ocrx_word' id='word_1_630' title='bbox 3450 2775 3511 2826; x_wconf 82' lang='grc' dir='ltr'>Εἰ</span> <span class='ocrx_word' id='word_1_631' title='bbox 3540 2771 3597 2826; x_wconf 74' lang='grc' dir='ltr'>δὲ</span> 
     </span>
    </p>
   </div>
   <div class='ocr_carea' id='block_1_87' title="bbox 2003 2868 3600 2948">
    <p class='ocr_par' dir='ltr' id='par_1_87' title="bbox 2003 2868 3600 2948">
     <span class='ocr_line' id='line_1_87' title="bbox 2003 2868 3600 2948; baseline -0.009 -19"><span class='ocrx_word' id='word_1_632' title='bbox 2003 2875 2219 2948; x_wconf 83' lang='grc' dir='ltr'>τρυφῆς</span> <span class='ocrx_word' id='word_1_633' title='bbox 2267 2875 2420 2946; x_wconf 77' lang='grc' dir='ltr'>ἐρᾷς,</span> <span class='ocrx_word' id='word_1_634' title='bbox 2452 2874 2705 2943; x_wconf 77' lang='grc' dir='ltr'>ἐννόησον</span> <span class='ocrx_word' id='word_1_635' title='bbox 2737 2871 2835 2941; x_wconf 82' lang='grc' dir='ltr'>τὴν</span> <span class='ocrx_word' id='word_1_636' title='bbox 2879 2871 2995 2924; x_wconf 78' lang='grc' dir='ltr'>ἐκεῖ</span> <span class='ocrx_word' id='word_1_637' title='bbox 3021 2869 3200 2938; x_wconf 86' lang='grc' dir='ltr'>θλίψιν</span> <span class='ocrx_word' id='word_1_638' title='bbox 3228 2869 3322 2920; x_wconf 81' lang='grc' dir='ltr'>καί</span> <span class='ocrx_word' id='word_1_639' title='bbox 3347 2868 3446 2936; x_wconf 73' lang='grc' dir='ltr'>τὴν</span> <span class='ocrx_word' id='word_1_640' title='bbox 3479 2881 3600 2916; x_wconf 90' lang='grc' dir='ltr'>στε-</span> 
     </span>
    </p>
   </div>
   <div class='ocr_carea' id='block_1_88' title="bbox 2007 2955 3598 3039">
    <p class='ocr_par' dir='ltr' id='par_1_88' title="bbox 2007 2955 3598 3039">
     <span class='ocr_line' id='line_1_88' title="bbox 2007 2955 3598 3039; baseline -0.005 -19"><span class='ocrx_word' id='word_1_641' title='bbox 2007 2965 2294 3037; x_wconf 87' lang='grc' dir='ltr'>νοχωρίαν,</span> <span class='ocrx_word' id='word_1_642' title='bbox 2329 2966 2424 3020; x_wconf 80' lang='grc' dir='ltr'>καί</span> <span class='ocrx_word' id='word_1_643' title='bbox 2456 2965 2611 3019; x_wconf 79' lang='grc' dir='ltr'>οὐδὲν</span> <span class='ocrx_word' id='word_1_644' title='bbox 2644 2966 2922 3034; x_wconf 78' lang='grc' dir='ltr'>ἐννοήσεις</span> <span class='ocrx_word' id='word_1_645' title='bbox 2947 2962 3151 3039; x_wconf 53' lang='grc' dir='ltr'>ταύηην</span> <span class='ocrx_word' id='word_1_646' title='bbox 3173 2979 3184 2990; x_wconf 90' lang='grc'>·</span> <span class='ocrx_word' id='word_1_647' title='bbox 3220 2961 3268 3013; x_wconf 79' lang='grc' dir='ltr'>εἰ</span> <span class='ocrx_word' id='word_1_648' title='bbox 3296 2959 3355 3012; x_wconf 80' lang='grc' dir='ltr'>δὲ</span> <span class='ocrx_word' id='word_1_649' title='bbox 3382 2955 3598 3028; x_wconf 72' lang='grc' dir='ltr'>ἀπηνὴς</span> 
     </span>
    </p>
   </div>
   <div class='ocr_carea' id='block_1_89' title="bbox 2005 3052 3597 3132">
    <p class='ocr_par' dir='ltr' id='par_1_89' title="bbox 2005 3052 3597 3132">
     <span class='ocr_line' id='line_1_89' title="bbox 2005 3052 3597 3132; baseline -0.009 -14"><span class='ocrx_word' id='word_1_650' title='bbox 2005 3061 2059 3118; x_wconf 75' lang='grc' dir='ltr'>εἴ</span> <span class='ocrx_word' id='word_1_651' title='bbox 2087 3065 2178 3118; x_wconf 75' lang='grc' dir='ltr'>καὶ</span> <span class='ocrx_word' id='word_1_652' title='bbox 2231 3062 2404 3132; x_wconf 82' lang='grc' dir='ltr'>ώμὺς,</span> <span class='ocrx_word' id='word_1_653' title='bbox 2454 3059 2836 3132; x_wconf 81' lang='grc' dir='ltr'>ἀναμνήσθητι</span> <span class='ocrx_word' id='word_1_654' title='bbox 2883 3058 2990 3111; x_wconf 84' lang='grc' dir='ltr'>τῶν</span> <span class='ocrx_word' id='word_1_655' title='bbox 3022 3055 3310 3126; x_wconf 85' lang='grc' dir='ltr'>παρθένων</span> <span class='ocrx_word' id='word_1_656' title='bbox 3351 3052 3597 3115; x_wconf 85' lang='grc' dir='ltr'>ἐκείνων,</span> 
     </span>
    </p>
   </div>
   <div class='ocr_carea' id='block_1_90' title="bbox 2005 3141 3599 3223">
    <p class='ocr_par' dir='ltr' id='par_1_90' title="bbox 2005 3141 3599 3223">
     <span class='ocr_line' id='line_1_90' title="bbox 2005 3141 3599 3223; baseline -0.011 -13"><span class='ocrx_word' id='word_1_657' title='bbox 2005 3155 2082 3217; x_wconf 80' lang='grc' dir='ltr'>αἱ,</span> <span class='ocrx_word' id='word_1_658' title='bbox 2141 3154 2250 3209; x_wconf 85' lang='grc' dir='ltr'>τῶν</span> <span class='ocrx_word' id='word_1_659' title='bbox 2297 3153 2597 3223; x_wconf 82' lang='grc' dir='ltr'>λαμπάδων</span> <span class='ocrx_word' id='word_1_660' title='bbox 2649 3151 2843 3212; x_wconf 83' lang='grc' dir='ltr'>αὑταῖς</span> <span class='ocrx_word' id='word_1_661' title='bbox 2897 3143 3251 3209; x_wconf 83' lang='grc' dir='ltr'>σϐεσθεισῶν,</span> <span class='ocrx_word' id='word_1_662' title='bbox 3307 3144 3450 3196; x_wconf 82' lang='grc' dir='ltr'>οὓτω</span> <span class='ocrx_word' id='word_1_663' title='bbox 3503 3141 3599 3193; x_wconf 83' lang='grc' dir='ltr'>τοῦ</span> 
     </span>
    </p>
   </div>
   <div class='ocr_carea' id='block_1_91' title="bbox 2005 3234 3598 3317">
    <p class='ocr_par' dir='ltr' id='par_1_91' title="bbox 2005 3234 3598 3317">
     <span class='ocr_line' id='line_1_91' title="bbox 2005 3234 3598 3317; baseline -0.011 -17"><span class='ocrx_word' id='word_1_664' title='bbox 2005 3246 2294 3317; x_wconf 84' lang='grc' dir='ltr'>νυμφῶνος</span> <span class='ocrx_word' id='word_1_665' title='bbox 2344 3243 2626 3309; x_wconf 78' lang='grc' dir='ltr'>ἐξέπεσον,</span> <span class='ocrx_word' id='word_1_666' title='bbox 2664 3243 2758 3294; x_wconf 82' lang='grc' dir='ltr'>καὶ</span> <span class='ocrx_word' id='word_1_667' title='bbox 2800 3240 3010 3309; x_wconf 83' lang='grc' dir='ltr'>ταχέως</span> <span class='ocrx_word' id='word_1_668' title='bbox 3045 3240 3144 3310; x_wconf 73' lang='grc' dir='ltr'>ἔσῃ</span> <span class='ocrx_word' id='word_1_669' title='bbox 3192 3234 3598 3306; x_wconf 85' lang='grc' dir='ltr'>φιλάνθρωπος.</span> 
     </span>
    </p>
   </div>
   <div class='ocr_carea' id='block_1_92' title="bbox 2017 3325 3601 3409">
    <p class='ocr_par' dir='ltr' id='par_1_92' title="bbox 2017 3325 3601 3409">
     <span class='ocr_line' id='line_1_92' title="bbox 2017 3325 3601 3409; baseline -0.011 -15"><span class='ocrx_word' id='word_1_670' title='bbox 2017 3340 2182 3394; x_wconf 75' lang='grc' dir='ltr'>Ἀλλά</span> <span class='ocrx_word' id='word_1_671' title='bbox 2211 3339 2417 3409; x_wconf 82' lang='grc' dir='ltr'>νωθρὸς</span> <span class='ocrx_word' id='word_1_672' title='bbox 2446 3333 2499 3391; x_wconf 79' lang='grc' dir='ltr'>εἴ</span> <span class='ocrx_word' id='word_1_673' title='bbox 2525 3338 2620 3390; x_wconf 75' lang='grc' dir='ltr'>καὶ</span> <span class='ocrx_word' id='word_1_674' title='bbox 2643 3335 3008 3406; x_wconf 77' lang='grc' dir='ltr'>παρειμένος;</span> <span class='ocrx_word' id='word_1_675' title='bbox 3036 3328 3266 3398; x_wconf 72' lang='grc' dir='ltr'>Λογίξου</span> <span class='ocrx_word' id='word_1_676' title='bbox 3305 3328 3394 3380; x_wconf 73' lang='grc' dir='ltr'>τὸν</span> <span class='ocrx_word' id='word_1_677' title='bbox 3426 3325 3486 3378; x_wconf 80' lang='grc' dir='ltr'>τὸ</span> <span class='ocrx_word' id='word_1_678' title='bbox 3509 3325 3601 3378; x_wconf 85' lang='grc' dir='ltr'>τά-</span> 
     </span>
    </p>
   </div>
   <div class='ocr_carea' id='block_1_93' title="bbox 2004 3419 3595 3502">
    <p class='ocr_par' dir='ltr' id='par_1_93' title="bbox 2004 3419 3595 3502">
     <span class='ocr_line' id='line_1_93' title="bbox 2004 3419 3595 3502; baseline -0.011 -16"><span class='ocrx_word' id='word_1_679' title='bbox 2004 3433 2199 3487; x_wconf 87' lang='grc' dir='ltr'>λαντον</span> <span class='ocrx_word' id='word_1_680' title='bbox 2229 3429 2688 3502; x_wconf 79' lang='grc' dir='ltr'>κατακρύψαντα,</span> <span class='ocrx_word' id='word_1_681' title='bbox 2723 3427 2820 3480; x_wconf 73' lang='grc' dir='ltr'>καὶ</span> <span class='ocrx_word' id='word_1_682' title='bbox 2851 3426 2950 3498; x_wconf 73' lang='grc' dir='ltr'>ἔσῃ</span> <span class='ocrx_word' id='word_1_683' title='bbox 2996 3424 3169 3494; x_wconf 83' lang='grc' dir='ltr'>πυρδς</span> <span class='ocrx_word' id='word_1_684' title='bbox 3219 3419 3595 3489; x_wconf 85' lang='grc' dir='ltr'>σφοδρότερος.</span> 
     </span>
    </p>
   </div>
   <div class='ocr_carea' id='block_1_94' title="bbox 2017 3511 3597 3589">
    <p class='ocr_par' dir='ltr' id='par_1_94' title="bbox 2017 3511 3597 3589">
     <span class='ocr_line' id='line_1_94' title="bbox 2017 3511 3597 3589; baseline -0.013 -9"><span class='ocrx_word' id='word_1_685' title='bbox 2017 3525 2182 3579; x_wconf 78' lang='grc' dir='ltr'>Ἀλλά</span> <span class='ocrx_word' id='word_1_686' title='bbox 2223 3521 2504 3577; x_wconf 83' lang='grc' dir='ltr'>κατεσθίει</span> <span class='ocrx_word' id='word_1_687' title='bbox 2543 3537 2602 3572; x_wconf 89' lang='grc' dir='ltr'>σε</span> <span class='ocrx_word' id='word_1_688' title='bbox 2634 3522 2666 3589; x_wconf 82' lang='grc' dir='ltr'><strong>ή</strong></span> <span class='ocrx_word' id='word_1_689' title='bbox 2691 3520 2790 3589; x_wconf 85' lang='grc' dir='ltr'>τῆς</span> <span class='ocrx_word' id='word_1_690' title='bbox 2820 3517 2913 3570; x_wconf 82' lang='grc' dir='ltr'>τοῦ</span> <span class='ocrx_word' id='word_1_691' title='bbox 2955 3515 3183 3585; x_wconf 88' lang='grc' dir='ltr'>πλησίον</span> <span class='ocrx_word' id='word_1_692' title='bbox 3207 3511 3397 3573; x_wconf 72' lang='grc' dir='ltr'>οὐσίας</span> <span class='ocrx_word' id='word_1_693' title='bbox 3419 3511 3444 3549; x_wconf 68' lang='grc' dir='ltr'>δ</span> <span class='ocrx_word' id='word_1_694' title='bbox 3473 3511 3597 3562; x_wconf 81' lang='grc' dir='ltr'>ἐπι-</span> 
     </span>
    </p>
   </div>
   <div class='ocr_carea' id='block_1_95' title="bbox 2005 3600 3600 3687">
    <p class='ocr_par' dir='ltr' id='par_1_95' title="bbox 2005 3600 3600 3687">
     <span class='ocr_line' id='line_1_95' title="bbox 2005 3600 3600 3687; baseline -0.011 -17"><span class='ocrx_word' id='word_1_695' title='bbox 2005 3616 2204 3687; x_wconf 86' lang='grc' dir='ltr'>θυμία;</span> <span class='ocrx_word' id='word_1_696' title='bbox 2246 3610 2480 3682; x_wconf 73' lang='grc' dir='ltr'>Λογίζου</span> <span class='ocrx_word' id='word_1_697' title='bbox 2527 3612 2619 3664; x_wconf 76' lang='grc' dir='ltr'>τὸν</span> <span class='ocrx_word' id='word_1_698' title='bbox 2652 3609 2912 3678; x_wconf 85' lang='grc' dir='ltr'>σκώληκα</span> <span class='ocrx_word' id='word_1_699' title='bbox 2953 3607 3045 3660; x_wconf 72' lang='grc' dir='ltr'>τὸν</span> <span class='ocrx_word' id='word_1_700' title='bbox 3089 3602 3470 3671; x_wconf 83' lang='grc' dir='ltr'>ἀτελεύτητον,</span> <span class='ocrx_word' id='word_1_701' title='bbox 3502 3600 3600 3653; x_wconf 70' lang='grc' dir='ltr'>καὶ</span> 
     </span>
    </p>
   </div>
   <div class='ocr_carea' id='block_1_96' title="bbox 2005 3693 3602 3773">
    <p class='ocr_par' dir='ltr' id='par_1_96' title="bbox 2005 3693 3602 3773">
     <span class='ocr_line' id='line_1_96' title="bbox 2005 3693 3602 3773; baseline -0.009 -11"><span class='ocrx_word' id='word_1_702' title='bbox 2005 3708 2245 3770; x_wconf 78' lang='grc' dir='ltr'>εὐκόλως</span> <span class='ocrx_word' id='word_1_703' title='bbox 2282 3707 2376 3759; x_wconf 78' lang='grc' dir='ltr'>καὶ</span> <span class='ocrx_word' id='word_1_704' title='bbox 2401 3703 2560 3758; x_wconf 87' lang='grc' dir='ltr'>τοῦτο</span> <span class='ocrx_word' id='word_1_705' title='bbox 2589 3701 2842 3773; x_wconf 78' lang='grc' dir='ltr'>ἀποθησῃ</span> <span class='ocrx_word' id='word_1_706' title='bbox 2872 3700 2933 3753; x_wconf 83' lang='grc' dir='ltr'>τὸ</span> <span class='ocrx_word' id='word_1_707' title='bbox 2962 3699 3197 3768; x_wconf 89' lang='grc' dir='ltr'>νόσημα,</span> <span class='ocrx_word' id='word_1_708' title='bbox 3225 3696 3321 3749; x_wconf 79' lang='grc' dir='ltr'>καὶ</span> <span class='ocrx_word' id='word_1_709' title='bbox 3352 3695 3423 3748; x_wconf 89' lang='grc' dir='ltr'>τά</span> <span class='ocrx_word' id='word_1_710' title='bbox 3462 3693 3602 3747; x_wconf 79' lang='grc' dir='ltr'>ἀλλα</span> 
     </span>
    </p>
   </div>
   <div class='ocr_carea' id='block_1_97' title="bbox 2004 3786 3598 3866">
    <p class='ocr_par' dir='ltr' id='par_1_97' title="bbox 2004 3786 3598 3866">
     <span class='ocr_line' id='line_1_97' title="bbox 2004 3786 3598 3866; baseline -0.01 -13"><span class='ocrx_word' id='word_1_711' title='bbox 2004 3802 2184 3855; x_wconf 87' lang='grc' dir='ltr'>πάντα</span> <span class='ocrx_word' id='word_1_712' title='bbox 2213 3797 2610 3866; x_wconf 83' lang='grc' dir='ltr'>κατορθώσεις·</span> <span class='ocrx_word' id='word_1_713' title='bbox 2658 3794 2810 3848; x_wconf 78' lang='grc' dir='ltr'>οὐδὲν</span> <span class='ocrx_word' id='word_1_714' title='bbox 2855 3795 2963 3864; x_wconf 86' lang='grc' dir='ltr'>γάρ</span> <span class='ocrx_word' id='word_1_715' title='bbox 3003 3790 3259 3861; x_wconf 78' lang='grc' dir='ltr'>φορτικὸν</span> <span class='ocrx_word' id='word_1_716' title='bbox 3312 3786 3437 3841; x_wconf 74' lang='grc' dir='ltr'>οὐδὲ</span> <span class='ocrx_word' id='word_1_717' title='bbox 3499 3787 3598 3838; x_wconf 91' lang='grc' dir='ltr'>ἐπ-</span> 
     </span>
    </p>
   </div>
   <div class='ocr_carea' id='block_1_98' title="bbox 2006 3875 3603 3958">
    <p class='ocr_par' dir='ltr' id='par_1_98' title="bbox 2006 3875 3603 3958">
     <span class='ocr_line' id='line_1_98' title="bbox 2006 3875 3603 3958; baseline -0.008 -17"><span class='ocrx_word' id='word_1_718' title='bbox 2006 3887 2170 3958; x_wconf 78' lang='grc' dir='ltr'>αχθὲς</span> <span class='ocrx_word' id='word_1_719' title='bbox 2201 3884 2454 3950; x_wconf 80' lang='grc' dir='ltr'>ἐπέταξε.</span> <span class='ocrx_word' id='word_1_720' title='bbox 2482 3884 2652 3937; x_wconf 84' lang='grc' dir='ltr'>Πόθεν</span> <span class='ocrx_word' id='word_1_721' title='bbox 2685 3878 2778 3936; x_wconf 81' lang='grc' dir='ltr'>οὖν</span> <span class='ocrx_word' id='word_1_722' title='bbox 2811 3883 2943 3953; x_wconf 77' lang='grc' dir='ltr'>ἡμῖν</span> <span class='ocrx_word' id='word_1_723' title='bbox 2988 3877 3225 3950; x_wconf 81' lang='grc' dir='ltr'>φορτικὰ</span> <span class='ocrx_word' id='word_1_724' title='bbox 3254 3877 3502 3947; x_wconf 79' lang='grc' dir='ltr'>φαίνεται</span> <span class='ocrx_word' id='word_1_725' title='bbox 3533 3875 3603 3928; x_wconf 83' lang='grc' dir='ltr'>τά</span> 
     </span>
    </p>
   </div>
   <div class='ocr_carea' id='block_1_99' title="bbox 2003 3966 3604 4047">
    <p class='ocr_par' dir='ltr' id='par_1_99' title="bbox 2003 3966 3604 4047">
     <span class='ocr_line' id='line_1_99' title="bbox 2003 3966 3604 4047; baseline -0.007 -19"><span class='ocrx_word' id='word_1_726' title='bbox 2003 3976 2392 4047; x_wconf 79' lang='grc' dir='ltr'>ἐπιτάγματας</span> <span class='ocrx_word' id='word_1_727' title='bbox 2435 3974 2570 4028; x_wconf 81' lang='grc' dir='ltr'>Ἀπὸ</span> <span class='ocrx_word' id='word_1_728' title='bbox 2614 3974 2714 4044; x_wconf 87' lang='grc' dir='ltr'>τῆς</span> <span class='ocrx_word' id='word_1_729' title='bbox 2748 3971 3024 4043; x_wconf 83' lang='grc' dir='ltr'>ἡμετέρας</span> <span class='ocrx_word' id='word_1_730' title='bbox 3053 3969 3349 4040; x_wconf 78' lang='grc' dir='ltr'>ῥᾳθυμίας,</span> <span class='ocrx_word' id='word_1_731' title='bbox 3385 3966 3604 4032; x_wconf 75' lang='grc' dir='ltr'>’Ὥσπερ</span> 
     </span>
    </p>
   </div>
   <div class='ocr_carea' id='block_1_100' title="bbox 2002 4057 3601 4133">
    <p class='ocr_par' dir='ltr' id='par_1_100' title="bbox 2002 4057 3601 4133">
     <span class='ocr_line' id='line_1_100' title="bbox 2002 4057 3601 4133; baseline -0.008 -13"><span class='ocrx_word' id='word_1_732' title='bbox 2002 4062 2096 4120; x_wconf 82' lang='grc' dir='ltr'>οῦν</span> <span class='ocrx_word' id='word_1_733' title='bbox 2144 4065 2242 4120; x_wconf 84' lang='grc' dir='ltr'>ἐὰν</span> <span class='ocrx_word' id='word_1_734' title='bbox 2294 4062 2708 4133; x_wconf 78' lang='grc' dir='ltr'>σπουδάζωμεν,</span> <span class='ocrx_word' id='word_1_735' title='bbox 2766 4061 2862 4113; x_wconf 73' lang='grc' dir='ltr'>καὶ</span> <span class='ocrx_word' id='word_1_736' title='bbox 2911 4059 2978 4113; x_wconf 88' lang='grc' dir='ltr'>τά</span> <span class='ocrx_word' id='word_1_737' title='bbox 3035 4057 3300 4112; x_wconf 89' lang='grc' dir='ltr'>δοκοῦντα</span> <span class='ocrx_word' id='word_1_738' title='bbox 3349 4057 3601 4126; x_wconf 86' lang='grc' dir='ltr'>ἀφόρητα</span> 
     </span>
    </p>
   </div>
   <div class='ocr_carea' id='block_1_101' title="bbox 2005 4147 3602 4230">
    <p class='ocr_par' dir='ltr' id='par_1_101' title="bbox 2005 4147 3602 4230">
     <span class='ocr_line' id='line_1_101' title="bbox 2005 4147 3602 4230; baseline -0.009 -18"><span class='ocrx_word' id='word_1_739' title='bbox 2005 4157 2163 4226; x_wconf 75' lang='grc' dir='ltr'>εἶναι,</span> <span class='ocrx_word' id='word_1_740' title='bbox 2187 4157 2340 4230; x_wconf 73' lang='grc'>[512]</span> <span class='ocrx_word' id='word_1_741' title='bbox 2374 4155 2554 4224; x_wconf 84' lang='grc' dir='ltr'>κοῦφα</span> <span class='ocrx_word' id='word_1_742' title='bbox 2582 4154 2735 4207; x_wconf 78' lang='grc' dir='ltr'>ἔσται</span> <span class='ocrx_word' id='word_1_743' title='bbox 2768 4153 2861 4206; x_wconf 81' lang='grc' dir='ltr'>καὶ</span> <span class='ocrx_word' id='word_1_744' title='bbox 2897 4153 3080 4223; x_wconf 77' lang='grc' dir='ltr'>ῥᾴδια·</span> <span class='ocrx_word' id='word_1_745' title='bbox 3112 4150 3287 4209; x_wconf 77' lang='grc' dir='ltr'>οὕτως</span> <span class='ocrx_word' id='word_1_746' title='bbox 3308 4149 3403 4201; x_wconf 55' lang='grc' dir='ltr'>ἐίάν</span> <span class='ocrx_word' id='word_1_747' title='bbox 3441 4147 3602 4230; x_wconf 49' lang='grc' dir='ltr'>ρᾳθυξ</span> 
     </span>
    </p>
   </div>
   <div class='ocr_carea' id='block_1_102' title="bbox 2009 4229 3601 4322">
    <p class='ocr_par' dir='ltr' id='par_1_102' title="bbox 2009 4229 3601 4322">
     <span class='ocr_line' id='line_1_102' title="bbox 2009 4229 3601 4322; baseline -0.009 -18"><span class='ocrx_word' id='word_1_748' title='bbox 2009 4229 2220 4322; x_wconf 77' lang='grc' dir='ltr'>μῶμεν,</span> <span class='ocrx_word' id='word_1_749' title='bbox 2250 4250 2345 4302; x_wconf 84' lang='grc' dir='ltr'>καί</span> <span class='ocrx_word' id='word_1_750' title='bbox 2370 4250 2439 4302; x_wconf 89' lang='grc' dir='ltr'>τά</span> <span class='ocrx_word' id='word_1_751' title='bbox 2466 4246 2680 4318; x_wconf 87' lang='grc' dir='ltr'>φορητά</span> <span class='ocrx_word' id='word_1_752' title='bbox 2702 4245 2938 4299; x_wconf 86' lang='grc' dir='ltr'>δύσκολα</span> <span class='ocrx_word' id='word_1_753' title='bbox 2965 4245 3094 4314; x_wconf 76' lang='grc' dir='ltr'>ἡμῖν</span> <span class='ocrx_word' id='word_1_754' title='bbox 3122 4244 3372 4311; x_wconf 84' lang='grc' dir='ltr'>φανεῖται</span> <span class='ocrx_word' id='word_1_755' title='bbox 3395 4281 3407 4293; x_wconf 94' lang='grc'>.</span> <span class='ocrx_word' id='word_1_756' title='bbox 3433 4229 3601 4292; x_wconf 81' lang='grc' dir='ltr'>Ταῦτ’</span> 
     </span>
    </p>
   </div>
   <div class='ocr_carea' id='block_1_103' title="bbox 2004 4332 3598 4408">
    <p class='ocr_par' dir='ltr' id='par_1_103' title="bbox 2004 4332 3598 4408">
     <span class='ocr_line' id='line_1_103' title="bbox 2004 4332 3598 4408; baseline -0.009 -12"><span class='ocrx_word' id='word_1_757' title='bbox 2004 4339 2100 4396; x_wconf 85' lang='grc' dir='ltr'>οὖν</span> <span class='ocrx_word' id='word_1_758' title='bbox 2147 4341 2366 4396; x_wconf 71' lang='grc' dir='ltr'>ἅπαντα</span> <span class='ocrx_word' id='word_1_759' title='bbox 2393 4339 2766 4408; x_wconf 85' lang='grc' dir='ltr'>λογισάμενοι,</span> <span class='ocrx_word' id='word_1_760' title='bbox 2804 4337 2879 4407; x_wconf 80' lang='grc' dir='ltr'>μὴ</span> <span class='ocrx_word' id='word_1_761' title='bbox 2930 4335 3253 4405; x_wconf 79' lang='grc' dir='ltr'>τρυφῶντας</span> <span class='ocrx_word' id='word_1_762' title='bbox 3305 4332 3598 4401; x_wconf 84' lang='grc' dir='ltr'>ἐννοῶμεν,</span> 
     </span>
    </p>
   </div>
   <div class='ocr_carea' id='block_1_104' title="bbox 2005 4426 3601 4496">
    <p class='ocr_par' dir='ltr' id='par_1_104' title="bbox 2005 4426 3601 4496">
     <span class='ocr_line' id='line_1_104' title="bbox 2005 4426 3601 4496; baseline -0.011 -5"><span class='ocrx_word' id='word_1_763' title='bbox 2005 4435 2142 4491; x_wconf 84' lang='grc' dir='ltr'>ἀλλά</span> <span class='ocrx_word' id='word_1_764' title='bbox 2163 4435 2216 4488; x_wconf 78' lang='grc' dir='ltr'>τί</span> <span class='ocrx_word' id='word_1_765' title='bbox 2250 4432 2312 4487; x_wconf 81' lang='grc' dir='ltr'>τὸ</span> <span class='ocrx_word' id='word_1_766' title='bbox 2339 4433 2492 4495; x_wconf 87' lang='grc' dir='ltr'>τέλος</span> <span class='ocrx_word' id='word_1_767' title='bbox 2515 4431 2697 4485; x_wconf 84' lang='grc' dir='ltr'>αὐτῶν</span> <span class='ocrx_word' id='word_1_768' title='bbox 2718 4447 2730 4460; x_wconf 94' lang='grc'>·</span> <span class='ocrx_word' id='word_1_769' title='bbox 2761 4427 2996 4482; x_wconf 79' lang='grc' dir='ltr'>ἐνταῦθα</span> <span class='ocrx_word' id='word_1_770' title='bbox 3030 4429 3128 4496; x_wconf 86' lang='grc' dir='ltr'>μὲν</span> <span class='ocrx_word' id='word_1_771' title='bbox 3154 4427 3363 4496; x_wconf 83' lang='grc' dir='ltr'>κόπρος</span> <span class='ocrx_word' id='word_1_772' title='bbox 3381 4426 3472 4478; x_wconf 74' lang='grc' dir='ltr'>καὶ</span> <span class='ocrx_word' id='word_1_773' title='bbox 3505 4440 3601 4475; x_wconf 87' lang='grc' dir='ltr'>πο-</span> 
     </span>
    </p>
   </div>
   <div class='ocr_carea' id='block_1_105' title="bbox 2005 4518 3600 4596">
    <p class='ocr_par' dir='ltr' id='par_1_105' title="bbox 2005 4518 3600 4596">
     <span class='ocr_line' id='line_1_105' title="bbox 2005 4518 3600 4596; baseline -0.008 -16"><span class='ocrx_word' id='word_1_774' title='bbox 2005 4525 2301 4596; x_wconf 86' lang='grc' dir='ltr'>λυσαρκία,</span> <span class='ocrx_word' id='word_1_775' title='bbox 2344 4526 2460 4578; x_wconf 86' lang='grc' dir='ltr'>ἐκεῖ</span> <span class='ocrx_word' id='word_1_776' title='bbox 2500 4524 2556 4576; x_wconf 83' lang='grc' dir='ltr'>δὲ</span> <span class='ocrx_word' id='word_1_777' title='bbox 2586 4520 2804 4591; x_wconf 78' lang='grc' dir='ltr'>σκώληξ</span> <span class='ocrx_word' id='word_1_778' title='bbox 2831 4521 2926 4574; x_wconf 74' lang='grc' dir='ltr'>καὶ</span> <span class='ocrx_word' id='word_1_779' title='bbox 2956 4519 3101 4589; x_wconf 86' lang='grc' dir='ltr'>πῦρ·</span> <span class='ocrx_word' id='word_1_780' title='bbox 3144 4521 3224 4589; x_wconf 77' lang='grc' dir='ltr'>μὴ</span> <span class='ocrx_word' id='word_1_781' title='bbox 3258 4519 3384 4582; x_wconf 78' lang='grc' dir='ltr'>τοὺς</span> <span class='ocrx_word' id='word_1_782' title='bbox 3417 4518 3600 4588; x_wconf 58' lang='grc' dir='ltr'>ἀρπάω</span> 
     </span>
    </p>
   </div>
   <div class='ocr_carea' id='block_1_106' title="bbox 2009 4607 3601 4681">
    <p class='ocr_par' dir='ltr' id='par_1_106' title="bbox 2009 4607 3601 4681">
     <span class='ocr_line' id='line_1_106' title="bbox 2009 4607 3601 4681; baseline -0.008 -10"><span class='ocrx_word' id='word_1_783' title='bbox 2009 4615 2224 4681; x_wconf 79' lang='grc' dir='ltr'>ζοντας,</span> <span class='ocrx_word' id='word_1_784' title='bbox 2254 4616 2391 4670; x_wconf 84' lang='grc' dir='ltr'>ἀλλά</span> <span class='ocrx_word' id='word_1_785' title='bbox 2426 4616 2480 4667; x_wconf 87' lang='grc' dir='ltr'>τί</span> <span class='ocrx_word' id='word_1_786' title='bbox 2511 4614 2571 4667; x_wconf 79' lang='grc' dir='ltr'>τὸ</span> <span class='ocrx_word' id='word_1_787' title='bbox 2612 4613 2766 4676; x_wconf 91' lang='grc' dir='ltr'>τέλος</span> <span class='ocrx_word' id='word_1_788' title='bbox 2800 4611 2980 4665; x_wconf 81' lang='grc' dir='ltr'>αὐτῶν</span> <span class='ocrx_word' id='word_1_789' title='bbox 3003 4627 3016 4640; x_wconf 92' lang='grc'>·</span> <span class='ocrx_word' id='word_1_790' title='bbox 3056 4610 3336 4680; x_wconf 86' lang='grc' dir='ltr'>φροντίδες</span> <span class='ocrx_word' id='word_1_791' title='bbox 3366 4607 3601 4662; x_wconf 86' lang='grc' dir='ltr'>ἐνταῦθα</span> 
     </span>
    </p>
   </div>
   <div class='ocr_carea' id='block_1_107' title="bbox 2007 4701 3602 4776">
    <p class='ocr_par' dir='ltr' id='par_1_107' title="bbox 2007 4701 3602 4776">
     <span class='ocr_line' id='line_1_107' title="bbox 2007 4701 3602 4776; baseline -0.006 -14"><span class='ocrx_word' id='word_1_792' title='bbox 2007 4709 2103 4762; x_wconf 70' lang='grc' dir='ltr'>καὶ</span> <span class='ocrx_word' id='word_1_793' title='bbox 2142 4709 2298 4776; x_wconf 86' lang='grc' dir='ltr'>φόϐοι</span> <span class='ocrx_word' id='word_1_794' title='bbox 2359 4708 2452 4760; x_wconf 79' lang='grc' dir='ltr'>καί.</span> <span class='ocrx_word' id='word_1_795' title='bbox 2496 4705 2756 4774; x_wconf 68' lang='grc' dir='ltr'>ἀγωνίαι,</span> <span class='ocrx_word' id='word_1_796' title='bbox 2800 4707 2918 4757; x_wconf 88' lang='grc' dir='ltr'>ἐκεῖ</span> <span class='ocrx_word' id='word_1_797' title='bbox 2960 4704 3015 4756; x_wconf 78' lang='grc' dir='ltr'>δὲ</span> <span class='ocrx_word' id='word_1_798' title='bbox 3063 4703 3237 4773; x_wconf 85' lang='grc' dir='ltr'>δεσμά</span> <span class='ocrx_word' id='word_1_799' title='bbox 3282 4702 3488 4754; x_wconf 79' lang='grc' dir='ltr'>ἄλυτα·</span> <span class='ocrx_word' id='word_1_800' title='bbox 3527 4701 3602 4770; x_wconf 82' lang='grc' dir='ltr'>μὴ</span> 
     </span>
    </p>
   </div>
   <div class='ocr_carea' id='block_1_108' title="bbox 2005 4788 3599 4869">
    <p class='ocr_par' dir='ltr' id='par_1_108' title="bbox 2005 4788 3599 4869">
     <span class='ocr_line' id='line_1_108' title="bbox 2005 4788 3599 4869; baseline -0.007 -15"><span class='ocrx_word' id='word_1_801' title='bbox 2005 4802 2133 4863; x_wconf 77' lang='grc' dir='ltr'>τοὺς</span> <span class='ocrx_word' id='word_1_802' title='bbox 2178 4788 2338 4869; x_wconf 81' lang='grc' dir='ltr'>δόξης</span> <span class='ocrx_word' id='word_1_803' title='bbox 2385 4799 2652 4869; x_wconf 85' lang='grc' dir='ltr'>ἐρῶντας,</span> <span class='ocrx_word' id='word_1_804' title='bbox 2706 4797 2840 4852; x_wconf 87' lang='grc' dir='ltr'>ἀλλά</span> <span class='ocrx_word' id='word_1_805' title='bbox 2871 4797 2923 4849; x_wconf 87' lang='grc' dir='ltr'>τί</span> <span class='ocrx_word' id='word_1_806' title='bbox 2957 4797 3019 4849; x_wconf 77' lang='grc' dir='ltr'>τὸ</span> <span class='ocrx_word' id='word_1_807' title='bbox 3073 4798 3138 4848; x_wconf 90' lang='grc' dir='ltr'>ἐκ</span> <span class='ocrx_word' id='word_1_808' title='bbox 3166 4794 3371 4848; x_wconf 88' lang='grc' dir='ltr'>τούτων</span> <span class='ocrx_word' id='word_1_809' title='bbox 3415 4793 3599 4845; x_wconf 85' lang='grc' dir='ltr'>τικτό-</span> 
     </span>
    </p>
   </div>
   <div class='ocr_carea' id='block_1_109' title="bbox 2009 4883 3600 4960">
    <p class='ocr_par' dir='ltr' id='par_1_109' title="bbox 2009 4883 3600 4960">
     <span class='ocr_line' id='line_1_109' title="bbox 2009 4883 3600 4960; baseline -0.006 -16"><span class='ocrx_word' id='word_1_810' title='bbox 2009 4906 2203 4960; x_wconf 84' lang='grc' dir='ltr'>μενον·</span> <span class='ocrx_word' id='word_1_811' title='bbox 2251 4887 2488 4941; x_wconf 82' lang='grc' dir='ltr'>δουλεῖαι</span> <span class='ocrx_word' id='word_1_812' title='bbox 2538 4887 2773 4941; x_wconf 83' lang='grc' dir='ltr'>ἐνταῦθα</span> <span class='ocrx_word' id='word_1_813' title='bbox 2819 4889 2914 4940; x_wconf 75' lang='grc' dir='ltr'>καὶ</span> <span class='ocrx_word' id='word_1_814' title='bbox 2956 4889 3250 4957; x_wconf 85' lang='grc' dir='ltr'>εἰρωνεῖαι,</span> <span class='ocrx_word' id='word_1_815' title='bbox 3279 4883 3477 4937; x_wconf 85' lang='grc' dir='ltr'>ἐκεῖδέ</span> <span class='ocrx_word' id='word_1_816' title='bbox 3505 4884 3600 4934; x_wconf 73' lang='grc' dir='ltr'>καὶ</span> 
     </span>
    </p>
   </div>
   <div class='ocr_carea' id='block_1_110' title="bbox 2004 4976 3599 5053">
    <p class='ocr_par' dir='ltr' id='par_1_110' title="bbox 2004 4976 3599 5053">
     <span class='ocr_line' id='line_1_110' title="bbox 2004 4976 3599 5053; baseline -0.006 -17"><span class='ocrx_word' id='word_1_817' title='bbox 2004 4981 2179 5053; x_wconf 82' lang='grc' dir='ltr'>ζημία</span> <span class='ocrx_word' id='word_1_818' title='bbox 2207 4982 2488 5052; x_wconf 88' lang='grc' dir='ltr'>ἀφόρητος</span> <span class='ocrx_word' id='word_1_819' title='bbox 2520 4981 2614 5033; x_wconf 72' lang='grc' dir='ltr'>καὶ</span> <span class='ocrx_word' id='word_1_820' title='bbox 2651 4979 2713 5032; x_wconf 84' lang='grc' dir='ltr'>τδ</span> <span class='ocrx_word' id='word_1_821' title='bbox 2743 4978 3140 5049; x_wconf 80' lang='grc' dir='ltr'>ἐμπυρίζεσθαι</span> <span class='ocrx_word' id='word_1_822' title='bbox 3173 4976 3460 5047; x_wconf 85' lang='grc' dir='ltr'>διηνεκῶς.</span> <span class='ocrx_word' id='word_1_823' title='bbox 3502 4977 3599 5026; x_wconf 78' lang='grc' dir='ltr'>Ἂν</span> 
     </span>
    </p>
   </div>
   <div class='ocr_carea' id='block_1_111' title="bbox 2005 5067 3601 5144">
    <p class='ocr_par' dir='ltr' id='par_1_111' title="bbox 2005 5067 3601 5144">
     <span class='ocr_line' id='line_1_111' title="bbox 2005 5067 3601 5144; baseline -0.003 -18"><span class='ocrx_word' id='word_1_824' title='bbox 2005 5073 2115 5144; x_wconf 86' lang='grc' dir='ltr'>γὰρ</span> <span class='ocrx_word' id='word_1_825' title='bbox 2141 5071 2315 5136; x_wconf 74' lang='grc' dir='ltr'>οὕτως</span> <span class='ocrx_word' id='word_1_826' title='bbox 2350 5074 2565 5134; x_wconf 78' lang='grc' dir='ltr'>ἑαυτοῖς</span> <span class='ocrx_word' id='word_1_827' title='bbox 2609 5069 3006 5140; x_wconf 71' lang='grc' dir='ltr'>διαλεγώμεθα,</span> <span class='ocrx_word' id='word_1_828' title='bbox 3042 5069 3136 5123; x_wconf 59' lang='grc' dir='ltr'>καὶ⁸</span> <span class='ocrx_word' id='word_1_829' title='bbox 3182 5069 3352 5122; x_wconf 89' lang='grc' dir='ltr'>ταῦτα</span> <span class='ocrx_word' id='word_1_830' title='bbox 3398 5067 3492 5122; x_wconf 72' lang='grc' dir='ltr'>καὶ</span> <span class='ocrx_word' id='word_1_831' title='bbox 3529 5069 3601 5121; x_wconf 66' lang='grc' dir='ltr'>τὰ</span> 
     </span>
    </p>
   </div>
   <div class='ocr_carea' id='block_1_112' title="bbox 2003 5161 3600 5234">
    <p class='ocr_par' dir='ltr' id='par_1_112' title="bbox 2003 5161 3600 5234">
     <span class='ocr_line' id='line_1_112' title="bbox 2003 5161 3600 5234; baseline -0.004 -16"><span class='ocrx_word' id='word_1_832' title='bbox 2003 5163 2228 5219; x_wconf 86' lang='grc' dir='ltr'>τοιαῦτα</span> <span class='ocrx_word' id='word_1_833' title='bbox 2267 5163 2558 5234; x_wconf 83' lang='grc' dir='ltr'>ἐπᾴδωμεν</span> <span class='ocrx_word' id='word_1_834' title='bbox 2587 5161 2825 5232; x_wconf 84' lang='grc' dir='ltr'>συνεχῶς</span> <span class='ocrx_word' id='word_1_835' title='bbox 2847 5165 2968 5224; x_wconf 86' lang='grc' dir='ltr'>ταῖς</span> <span class='ocrx_word' id='word_1_836' title='bbox 2999 5164 3264 5234; x_wconf 86' lang='grc' dir='ltr'>πονηραῖς</span> <span class='ocrx_word' id='word_1_837' title='bbox 3289 5161 3447 5231; x_wconf 83' lang='grc' dir='ltr'>ἡμῶν</span> <span class='ocrx_word' id='word_1_838' title='bbox 3476 5161 3600 5213; x_wconf 79' lang='grc' dir='ltr'>ἐπι-</span> 
     </span>
    </p>
   </div>
   <div class='ocr_carea' id='block_1_113' title="bbox 2004 5251 3595 5326">
    <p class='ocr_par' dir='ltr' id='par_1_113' title="bbox 2004 5251 3595 5326">
     <span class='ocr_line' id='line_1_113' title="bbox 2004 5251 3595 5326; baseline -0.004 -18"><span class='ocrx_word' id='word_1_839' title='bbox 2004 5254 2248 5326; x_wconf 84' lang='grc' dir='ltr'>θυμίαις,</span> <span class='ocrx_word' id='word_1_840' title='bbox 2274 5255 2486 5324; x_wconf 86' lang='grc' dir='ltr'>ταχέως</span> <span class='ocrx_word' id='word_1_841' title='bbox 2529 5257 2626 5307; x_wconf 71' lang='grc' dir='ltr'>καὶ</span> <span class='ocrx_word' id='word_1_842' title='bbox 2654 5253 2745 5306; x_wconf 81' lang='grc' dir='ltr'>τὸν</span> <span class='ocrx_word' id='word_1_843' title='bbox 2776 5253 2888 5306; x_wconf 83' lang='grc' dir='ltr'>τῶν</span> <span class='ocrx_word' id='word_1_844' title='bbox 2933 5253 3218 5324; x_wconf 82' lang='grc' dir='ltr'>παρόντων</span> <span class='ocrx_word' id='word_1_845' title='bbox 3252 5251 3595 5321; x_wconf 82' lang='grc' dir='ltr'>ἐκϐαλοῦμεν</span> 
     </span>
    </p>
   </div>
   <div class='ocr_carea' id='block_1_114' title="bbox 2003 5341 3595 5417">
    <p class='ocr_par' dir='ltr' id='par_1_114' title="bbox 2003 5341 3595 5417">
     <span class='ocr_line' id='line_1_114' title="bbox 2003 5341 3595 5417; baseline -0.004 -18"><span class='ocrx_word' id='word_1_846' title='bbox 2003 5346 2202 5417; x_wconf 77' lang='grc' dir='ltr'>ἔρωτα,</span> <span class='ocrx_word' id='word_1_847' title='bbox 2238 5346 2444 5398; x_wconf 77' lang='grc' dir='ltr'>καὶτὸν</span> <span class='ocrx_word' id='word_1_848' title='bbox 2463 5345 2574 5398; x_wconf 87' lang='grc' dir='ltr'>τῶν</span> <span class='ocrx_word' id='word_1_849' title='bbox 2602 5344 2906 5414; x_wconf 85' lang='grc' dir='ltr'>μελλόντων</span> <span class='ocrx_word' id='word_1_850' title='bbox 2938 5344 3237 5414; x_wconf 87' lang='grc' dir='ltr'>ἀνάψομεν.</span> <span class='ocrx_word' id='word_1_851' title='bbox 3269 5341 3595 5412; x_wconf 79' lang='grc' dir='ltr'>Ἀνάψωμεν</span> 
     </span>
    </p>
   </div>
   <div class='ocr_carea' id='block_1_115' title="bbox 2003 5433 3591 5507">
    <p class='ocr_par' dir='ltr' id='par_1_115' title="bbox 2003 5433 3591 5507">
     <span class='ocr_line' id='line_1_115' title="bbox 2003 5433 3591 5507; baseline -0.005 -16"><span class='ocrx_word' id='word_1_852' title='bbox 2003 5438 2184 5492; x_wconf 90' lang='grc' dir='ltr'>τοίνυν</span> <span class='ocrx_word' id='word_1_853' title='bbox 2223 5437 2407 5500; x_wconf 76' lang='grc' dir='ltr'>αὐτὸν,</span> <span class='ocrx_word' id='word_1_854' title='bbox 2443 5438 2538 5490; x_wconf 78' lang='grc' dir='ltr'>καὶ</span> <span class='ocrx_word' id='word_1_855' title='bbox 2570 5437 2954 5505; x_wconf 86' lang='grc' dir='ltr'>ἐκκαύσωμεν.</span> <span class='ocrx_word' id='word_1_856' title='bbox 2986 5436 3048 5488; x_wconf 89' lang='grc' dir='ltr'>Εἰ</span> <span class='ocrx_word' id='word_1_857' title='bbox 3076 5436 3242 5507; x_wconf 86' lang='grc' dir='ltr'>γάρὴ</span> <span class='ocrx_word' id='word_1_858' title='bbox 3279 5434 3457 5488; x_wconf 77' lang='grc' dir='ltr'>ἔννοια</span> <span class='ocrx_word' id='word_1_859' title='bbox 3488 5433 3591 5485; x_wconf 77' lang='grc' dir='ltr'>αὺ-</span> 
     </span>
    </p>
   </div>
   <div class='ocr_carea' id='block_1_116' title="bbox 2000 5523 3586 5598">
    <p class='ocr_par' dir='ltr' id='par_1_116' title="bbox 2000 5523 3586 5598">
     <span class='ocr_line' id='line_1_116' title="bbox 2000 5523 3586 5598; baseline -0.005 -15"><span class='ocrx_word' id='word_1_860' title='bbox 2000 5531 2132 5593; x_wconf 88' lang='grc' dir='ltr'>τῶν,</span> <span class='ocrx_word' id='word_1_861' title='bbox 2168 5529 2344 5583; x_wconf 84' lang='grc' dir='ltr'>καίτοι</span> <span class='ocrx_word' id='word_1_862' title='bbox 2393 5545 2464 5597; x_wconf 91' lang='grc' dir='ltr'>γε·</span> <span class='ocrx_word' id='word_1_863' title='bbox 2489 5527 2708 5598; x_wconf 86' lang='grc' dir='ltr'>ἀμυδρά</span> <span class='ocrx_word' id='word_1_864' title='bbox 2731 5544 2815 5590; x_wconf 85' lang='grc' dir='ltr'>τις</span> <span class='ocrx_word' id='word_1_865' title='bbox 2839 5523 3006 5592; x_wconf 76' lang='grc' dir='ltr'>οὖσα,</span> <span class='ocrx_word' id='word_1_866' title='bbox 3053 5528 3326 5594; x_wconf 84' lang='grc' dir='ltr'>τοσαύτην</span> <span class='ocrx_word' id='word_1_867' title='bbox 3358 5524 3586 5595; x_wconf 82' lang='grc' dir='ltr'>παρέχει</span> 
     </span>
    </p>
   </div>
   <div class='ocr_carea' id='block_1_117' title="bbox 1997 5613 3584 5689">
    <p class='ocr_par' dir='ltr' id='par_1_117' title="bbox 1997 5613 3584 5689">
     <span class='ocr_line' id='line_1_117' title="bbox 1997 5613 3584 5689; baseline -0.005 -17"><span class='ocrx_word' id='word_1_868' title='bbox 1997 5621 2098 5689; x_wconf 83' lang='grc' dir='ltr'>τὴν</span> <span class='ocrx_word' id='word_1_869' title='bbox 2116 5621 2330 5689; x_wconf 79' lang='grc' dir='ltr'>ἡδονήν·</span> <span class='ocrx_word' id='word_1_870' title='bbox 2355 5618 2608 5688; x_wconf 86' lang='grc' dir='ltr'>ἐννόησον</span> <span class='ocrx_word' id='word_1_871' title='bbox 2627 5619 2760 5688; x_wconf 83' lang='grc' dir='ltr'>ὅσην</span> <span class='ocrx_word' id='word_1_872' title='bbox 2776 5616 2918 5687; x_wconf 81' lang='grc' dir='ltr'>αῦτη</span> <span class='ocrx_word' id='word_1_873' title='bbox 2941 5619 2974 5687; x_wconf 80' lang='grc' dir='ltr'>ἡ</span> <span class='ocrx_word' id='word_1_874' title='bbox 2997 5620 3162 5688; x_wconf 84' lang='grc' dir='ltr'>πεῖρα</span> <span class='ocrx_word' id='word_1_875' title='bbox 3191 5618 3223 5685; x_wconf 83' lang='grc' dir='ltr'><strong>ἡ</strong></span> <span class='ocrx_word' id='word_1_876' title='bbox 3248 5615 3420 5684; x_wconf 80' lang='grc' dir='ltr'>σαφὴς</span> <span class='ocrx_word' id='word_1_877' title='bbox 3443 5613 3584 5665; x_wconf 80' lang='grc' dir='ltr'>οίσει</span> 
     </span>
    </p>
   </div>
   <div class='ocr_carea' id='block_1_118' title="bbox 1997 5703 3582 5781">
    <p class='ocr_par' dir='ltr' id='par_1_118' title="bbox 1997 5703 3582 5781">
     <span class='ocr_line' id='line_1_118' title="bbox 1997 5703 3582 5781; baseline -0.006 -18"><span class='ocrx_word' id='word_1_878' title='bbox 1997 5710 2097 5781; x_wconf 80' lang='grc' dir='ltr'>τὴν</span> <span class='ocrx_word' id='word_1_879' title='bbox 2145 5708 2487 5780; x_wconf 83' lang='grc' dir='ltr'>εὐφροσύνην</span> <span class='ocrx_word' id='word_1_880' title='bbox 2533 5711 2686 5780; x_wconf 80' lang='grc' dir='ltr'>ἡμῖν.</span> <span class='ocrx_word' id='word_1_881' title='bbox 2733 5708 3012 5779; x_wconf 84' lang='grc' dir='ltr'>Μακάριοι</span> <span class='ocrx_word' id='word_1_882' title='bbox 3061 5707 3155 5762; x_wconf 78' lang='grc' dir='ltr'>καὶ</span> <span class='ocrx_word' id='word_1_883' title='bbox 3191 5703 3582 5777; x_wconf 84' lang='grc' dir='ltr'>τρισμακάριοι</span> 
     </span>
    </p>
   </div>
   <div class='ocr_carea' id='block_1_119' title="bbox 2062 5854 2842 5925">
    <p class='ocr_par' dir='ltr' id='par_1_119' title="bbox 2062 5854 2842 5925">
     <span class='ocr_line' id='line_1_119' title="bbox 2062 5854 2842 5925; baseline -0.003 -13"><span class='ocrx_word' id='word_1_884' title='bbox 2062 5854 2092 5896; x_wconf 65' lang='grc'>³³</span> <span class='ocrx_word' id='word_1_885' title='bbox 2110 5858 2262 5912; x_wconf 73' lang='lat' dir='ltr'>Savil.</span> <span class='ocrx_word' id='word_1_886' title='bbox 2284 5873 2338 5912; x_wconf 84' lang='grc' dir='ltr'>ω</span> <span class='ocrx_word' id='word_1_887' title='bbox 2357 5873 2531 5925; x_wconf 52' lang='lat' dir='ltr'>marg,</span> <span class='ocrx_word' id='word_1_888' title='bbox 2554 5865 2842 5924; x_wconf 78' lang='grc' dir='ltr'>περιουσίας.</span> 
     </span>
    </p>
   </div>
  </div>
