4068 6442
512 304 624 360 475

514 420 613 474 καὶ
676 420 940 483 πολλάκις
987 418 1143 472 τοῦτο
1193 418 1241 470 οί
1299 417 1406 470 τῶν
1452 417 1676 486 ἀγαθῶν
1728 417 2096 483 ἀπολαύοντες

503 510 779 567 ἐκείνων·
836 512 1023 581 ὥσπερ
1086 504 1180 564 οὖν
1245 508 1467 564 ἐλεεινοὶ
1529 510 1622 562 καὶ
1681 508 1985 580 τρισάθλιοι
2046 510 2098 563 οἱ

517 604 778 657 τάναντία
822 604 1025 657 τούτων
1074 602 1460 673 ὑπομένοντες.
1492 600 1591 654 Ἰν⁹
1617 594 1713 654 οὖν
1744 600 1819 672 μὴ
1866 601 2095 669 τούτων,

517 690 634 745 ἀλλ’
659 693 883 747 ἐκείνων
914 689 1223 761 γενώμεθα,
1270 689 1524 760 ἑλώμεθα
1555 689 1653 762 τὴν
1684 690 1886 761 ἀρετήν
1911 708 1924 721 ·
1956 692 2100 747 οὑτω

512 782 626 853 ’γὰρ
670 784 764 837 καὶ
799 783 907 836 τῶν
943 782 1248 854 μελλόντων
1294 780 1696 851 ἐγπιτευξόμεθα
1728 781 1985 850 ἀγαθῶν·
2020 777 2096 839 ὧν

532 1016 573 1023 ο.
586 1005 1099 1024 N—___—.—‘_—

1359 302 1429 361 ’S.
1468 300 1755 362 JOANNIS
1788 298 2275 363 CHRYSOSTOMI
2314 306 2635 365 ARCHIEP.
2675 288 3236 369 CONSTANTINOP.

3670 314 3784 373 ιτι

2202 421 2412 488 γένοιτο
2451 420 2661 483 πάντας
2700 422 2846 492 ἡμᾶς
2887 424 3185 494 ἐπιτυχεῖν,
3235 422 3419 496 χάριτι
3459 423 3556 482 καὶ
3596 424 3796 500 φιλαν-

2205 512 2418 583 θρωπίᾳ
2441 511 2536 565 τοῦ
2579 513 2787 583 Κυρίου
2826 514 2983 585 ἡμῶν
3036 513 3213 585 Ἰησοῦ
3259 518 3519 589 Χριστοῦ,
3572 523 3700 592 μεθ’
3731 520 3795 580 οὗ

2202 603 2281 674 τῷ
2307 604 2482 674 Πατρὶ
2535 604 2651 674 ἅμα
2697 603 2774 675 τῷ
2825 606 2966 677 ἁγίῳ
3014 607 3292 678 Πνεύματι
3355 610 3503 676 δόξα,
3562 615 3793 682 κράτος,

2202 695 2357 766 τιμὴ,
2389 696 2484 749 νῦν
2524 696 2619 750 καὶ
2659 697 2767 764 ἀεὶ,
2796 699 2891 751 καὶ
2914 701 2994 762 εἰς
3028 700 3155 764 τοὺς
3182 700 3385 768 αἰῶνας
3413 704 3523 758 τῶν
3551 705 3794 765 αἰώνων.

2214 786 2384 857 Ἀμήν
2391 826 2406 841 .

1124 1004 3789 1037 ww

1990 1230 2241 1284 ὈΜΙΛΙΑ
2280 1231 2380 1285 IA'.

506 1397 745 1464 Εἱόότες
778 1390 891 1453 οὖν
931 1396 1041 1450 τόν
1078 1396 1269 1465 φόϐον
1310 1394 1415 1450 τοῦ
1458 1394 1700 1463 Κυρίου,
1748 1391 2099 1465 ἀνθρώπους

586 1460 909 1541 πείθομεν,
937 1465 1059 1533 Θεῷ
1078 1460 1094 1465 ’
1115 1466 1211 1541 δε,
1233 1460 1698 1541 πεφανερώμεθα
1716 1478 1729 1493 ·
1769 1461 2009 1541 ἐλπίζωΔ
2030 1460 2100 1513 δὲ

584 1538 683 1591 καὶ
715 1534 787 1591 ἐν
807 1538 938 1604 ταῖς
961 1534 1398 1606 συνειδήσεσιν
1426 1534 1592 1605 ὑμῶν
1618 1534 2095 1602 πεφανερῶσθαι.

586 1678 658 1727 α’.
680 1670 866 1724 Ταῦτα
879 1667 972 1725 οὖν
997 1671 1217 1737 εἰδότες,
1239 1667 1468 1740 φησὶ,τδ
1478 1667 1825 1737 δικαστήριον
1838 1666 2014 1717 ἐκεῖνο
2038 1661 2100 1714 τὸ

516 1761 769 1839 φοϐερὸν,
797 1762 979 1816 πάντα
999 1762 1319 1833 πράττομεν
1348 1759 1490 1813 ὥστε
1521 1757 1597 1830 μὴ
1624 1758 1809 1812 δοῦναι
1844 1757 1973 1826 ὑμῖν
2006 1755 2100 1809 λα-

516 1855 619 1925 ϐὴν
659 1854 793 1925 μηδέ
824 1855 1162 1926 πρόσκομμα
1192 1854 1325 1925 μηδὲ
1367 1852 1538 1923 ψευδῆ
1579 1868 1702 1906 τινα
1729 1848 1968 1919 ὑποψίαν
1999 1865 2101 1901 πο-

516 1946 689 2017 νηρᾶς
722 1945 972 2016 πράξεως
1015 1945 1136 1999 καθ’
1175 1944 1353 2015 ἡμῶν.
1412 1939 1565 2006 Εἶδες
1618 1939 1890 2005 πολιτείας
1937 1938 2097 2011 ἀκρί-

508 2036 693 2101 ιϐειαν,
733 2037 829 2090 καὶ
857 2035 1094 2108 σπουδὴν
1128 2036 1311 2106 ψυχῆς
1350 2035 1716 2107 κηδεμονικῆς
1744 2051 1759 2101 ;
1789 2033 1864 2088 Οὑ
1892 2031 2003 2104 γὰρ
2032 2030 2098 2101 δὴ

522 2129 705 2198 μόνον,
736 2127 803 2183 ἀν
834 2129 1069 2199 πονηρόν
1105 2147 1158 2182 τι
1193 2126 1512 2198 πράξωμεν,
1543 2129 1729 2197 φησῖν,
1755 2123 2099 2194 ἐγκαλούμε-

519 2219 619 2275 θα·
655 2220 792 2275 ἀλλά
822 2222 926 2276 κᾶν
961 2221 1036 2292 μὴ
1070 2219 1389 2293 πράξωμεν,
1431 2217 1859 2288 ύποπτευθῶμεν
1884 2215 1965 2275 δὲ,
2004 2213 2102 2268 καὶ

517 2312 700 2385 κύριοι
725 2313 824 2383 τὴν
858 2313 1095 2383 ὑποψίαν
1123 2313 1274 2376 ὄντες
1311 2310 1780 2381 ἀποκρούσασθαι,
1823 2324 2099 2377 καταφρο-

520 2405 792 2473 νὴσωμεν,
822 2403 979 2475 δίκην
1005 2403 1247 2473 τίνομεν.
1286 2404 1368 2456 Οὐ
1416 2401 1604 2456 πάλιν
1642 2400 1899 2465 ἑαυτοὺς
1944 2414 2101 2452 συν-

518 2494 863 2563 ιστάνομεν,
877 2496 1017 2550 ἀλλ’
1043 2493 1322 2563 ἀφορμὴν
1337 2493 1606 2560 διδόντες
1620 2492 1764 2562 ὑμῖν
1785 2490 2100 2561 καυχήμα-

515 2605 622 2654 τος
656 2588 810 2657 ὑπὲρ
833 2587 1023 2657 ἡμῶν.
1056 2587 1202 2658 Ὅρα
1230 2585 1347 2650 πῶς
1385 2585 1628 2655 συνεχῶς
1664 2583 1972 2654 διορθοῦται
1999 2582 2099 2652 τὴν

515 2679 612 2734 τοῦ
639 2680 816 2733 δοκεῖν
844 2680 1214 2749 ἐγκωμιάζειν
1247 2678 1440 2732 ἑαυτὸν
1475 2677 1752 2731 ὑπόνοιαν.
1786 2675 1954 2729 Οὐδὲν
1988 2675 2099 2744 γὰρ

516 2771 662 2826 οὓτω
695 2771 1051 2843 προσίσταται
1078 2773 1193 2834 τοῖς
1218 2769 1529 2835 ἀκούουσιν,
1563 2770 1640 2832 ὡς
1664 2768 1727 2822 τὸ
1751 2770 1878 2838 περὶ
1905 2767 2102 2821 ἐαυτοῦ

516 2879 639 2914 τινα
667 2862 847 2932 λέγειν
882 2862 1095 2932 μεγάλα
1134 2862 1229 2916 καὶ
1259 2862 1568 2932 θαυμαστά.
1611 2861 1764 2916 Ἐπεὶ
1796 2856 1891 2915 οὖν
1929 2862 2102 2930 ἡναγ-

517 2954 718 3017 κάζετο
742 2956 825 3019 είς
848 2955 1053 3027 ταύτην
1082 2955 1192 3010 τῶν
1238 2956 1412 3024 λόγων
1429 2968 1455 2997 ι
1507 2956 1802 3027 ἐμπίπτειν
1831 2954 1931 3026 τὴν
1968 2955 2103 3009 ὑπό-

519 3044 708 3110 θεσιν,
766 3045 1144 3118 ἐπιδιορθώσει
1196 3047 1467 3117 κέχρηται
1528 3047 1705 3115 λέγων
1733 3087 1750 3110 ,
1803 3047 1888 3100 δτι
1933 3047 2105 3100 Τοῦτο

516 3132 586 3187 δι’
619 3135 764 3203 ὑμᾶς
790 3134 1072 3206 ποιοῦμεν,
1102 3137 1163 3188 οὑ
1190 3136 1261 3188 δι’
1286 3137 1457 3206 ἡμᾶς,
1495 3136 1584 3189 ἵνα
1611 3137 1770 3206 ὑμεῖς
1795 3136 1956 3207 ἔχητε
1979 3136 2107 3190 καλ-

519 3224 877 3291 λωπίζεσθαι,
909 3229 1007 3299 οὑχ
1038 3229 1127 3283 ἴνα
1155 3231 1318 3300 ἡμεῖς
1350 3245 1363 3258 ·
1411 3229 1505 3283 καὶ
1545 3229 1666 3283 οὐδὲ
1707 3228 1867 3283 τοῦτο
1895 3229 2104 3295 ἁπλῶς,

518 3316 660 3371 ἀλλά
702 3319 793 3373 διά
840 3321 968 3383 τοὺς
1013 3320 1504 3390 ψευδαποστόλους.
1548 3321 1641 3375 Διὸ
1696 3322 1792 3376 καὶ
1835 3322 2102 3393 ἐπήγαγε,

522 3408 679 3475 Πρύς
700 3410 842 3475 τοὺς
868 3410 940 3463 ἐν
959 3411 1259 3479 προσώπῳ
1278 3412 1726 3481 καυχωμένους,
1751 3411 1851 3467 καὶ
1876 3413 1948 3466 οὐ
1969 3428 2107 3480 καρ-

520 3501 641 3568 δίςι.
668 3496 822 3565 Εἶδες
846 3502 963 3565 πῶς
993 3503 1188 3566 αὑτοὺς
1209 3504 1520 3575 ἀπέστησεν
1556 3503 1802 3570 ἐκείνων,
1835 3502 1984 3576 [513]
2013 3506 2108 3559 καὶ

523 3593 661 3664 πρὸς
700 3593 891 3647 ἑαυτὸν
932 3594 1200 3657 εἵλκυσεν,
1253 3595 1646 3666 ἐνδειξάμενος,
1690 3595 1773 3649 δτι
1812 3597 1903 3650 καὶ
1951 3598 2108 3651 αὐτοὶ

527 3685 784 3740 ποθοῦσιν
802 3688 856 3740 οί
904 3687 1181 3759 Κορίνθιοι
1230 3687 1415 3741 λαϐεῖν
1454 3705 1576 3742 τινα
1612 3689 1891 3760 ἀφορμὴν,
1938 3689 2007 3742 δι’
2039 3683 2108 3758 ἧς

523 3779 845 3848 δυνήσονται
875 3780 1014 3850 ὑπὲρ
1032 3778 1200 3834 αὑτοῦ
1229 3780 1430 3849 λέγειν,
1465 3781 1560 3835 καὶ
1587 3781 1975 3849 ἀπολογεῖσθαι
1994 3783 2107 3844 τοῖς

524 3870 850 3939 ἐγκαλοῦσιν
875 3890 890 3939 ;
918 3872 995 3926 Οὑ
1015 3871 1124 3943 γὰρ
1154 3872 1243 3926 ἵνα
1271 3874 1434 3943 ἡμεῖς
1464 3872 1875 3944 καυχησιῖῳεθα
1898 3913 1915 3940 ,
1946 3873 2104 3943 φησὶ,

523 3960 702 4016 ταῦτά
730 3980 932 4034 φαμεν,
962 3962 1077 4018 ἀλλ’
1105 3965 1192 4018 ἶνα
1225 3964 1384 4034 ὑμεῖς
1428 3962 1590 4035 ἔχητε
1630 3963 2111 4036 ἐλευθεροστομεῖν

526 4052 668 4124 ὑπὲρ
698 4054 886 4125 ἡμῶν·
920 4056 1059 4125 ὅπερ
1097 4054 1298 4126 πολλὴν
1323 4055 1508 4118 αὑτοῖς
1540 4057 1659 4109 ἐστι
1704 4056 2112 4128 μαρτυροῦντος

524 4148 749 4218 ἀγάπην
777 4163 791 4179 ⁸
828 4148 924 4201 καὶ
953 4149 1052 4219 οὑχ
1086 4150 1175 4203 ἵνα
1201 4149 1390 4213 άπλῶς
1424 4148 1806 4220 καυχήσησθε,
1855 4149 1972 4204 ἀλλ’
2022 4150 2111 4204 ἵνα

529 4242 607 4310 μὴ
650 4240 1029 4311 παραωρῆτε.
1095 4240 1234 4293 Ἀλλ’
1266 4239 1413 4296 οὕτω
1455 4241 1555 4311 μὲν
1596 4241 1660 4295 οὑ
1697 4240 1848 4308 λέγει
1899 4241 2110 4311 σαφῶς,

528 4328 733 4400 ἐτέρως
758 4329 817 4383 δὲ
851 4330 946 4383 καὶ
981 4328 1332 4403 ἡμερώτερον
1368 4330 1648 4401 μεθοδεύει
1678 4330 1769 4383 τὸν
1803 4331 1982 4400 λόγον,
2015 4331 2113 4385 καὶ

527 4423 698 4493 χωρὶς
745 4422 838 4476 τοῦ
891 4422 1092 4494 πλῆξαι
1144 4424 1410 4489 ἐκείνους,
1461 4424 1636 4493 λέγων
1675 4441 1689 4453 ·
1745 4424 1881 4480 Ἵνα
1931 4423 2113 4492 ἔχητε

528 4512 871 4585 καυχᾶσθαι
893 4518 1044 4585 πρὸς
1073 4517 1217 4583 τοὺς
1235 4517 1305 4570 ἐν
1330 4518 1629 4587 προσώπῳ
1660 4516 2110 4587 καυχωμένους.

545 4604 688 4659 Ἀλλ’
720 4606 845 4660 οὑδὲ
874 4607 1033 4661 τοῦτο
1073 4608 1260 4672 ἁπλῶς
1302 4608 1516 4663 κελεύει
1559 4611 1756 4675 ποιεῖν,
1799 4609 1980 4673 αἰτίοις
2012 4610 2113 4663 οὐκ

529 4697 716 4768 οὔσης,
740 4698 856 4751 ἀλλ’
890 4700 1019 4753 ὅταν
1049 4701 1246 4754 ἐκεῖνοι
1287 4702 1516 4765 ἑαυτοὺς
1559 4702 1829 4772 ἐπαίρωσι
1851 4717 1866 4733 ο
1908 4718 2116 4757 πάντα·

532 4788 629 4860 χοῦ
655 4789 765 4858 γάρ
806 4790 898 4843 τὸν
928 4774 1121 4862 καιρὸν
1155 4791 1423 4863 ἐπιζητεῖ.
1466 4794 1541 4847 υὺ
1583 4794 1765 4847 τοίνυν
1795 4793 1884 4847 ἵνα
1925 4794 2115 4847 ἐαυτὸν

531 4883 691 4952 δείξῃ
713 4884 988 4954 λαμπρὸν,
1020 4883 1138 4938 ἀλλ’
1173 4886 1259 4938 ἵνα
1293 4886 1536 4949 ἐκείνους
1566 4884 1749 4957 παύσῃ
1778 4884 1995 4948 ἀτόπως
2019 4886 2115 4938 καὶ

532 4977 626 5029 ἐπὶ
654 4977 826 5049 βλάϐῃ
880 4977 1086 5031 τούτων
1124 4977 1202 5049 τῷ
1242 4978 1529 5048 πράγματι
1581 4977 1920 5048 χρωμένους,
1956 4977 2116 5031 τοῦτο

533 5072 696 5124 ποιεῖ.
733 5070 798 5123 Τί
829 5070 888 5124 δέ
912 5071 1077 5137 ἐστιν,
1118 5071 1221 5125 Ἐν
1248 5069 1552 5139 προσώπῳ
1575 5088 1590 5135 ;
1641 5070 1731 5124 Ἐν
1757 5073 1871 5133 τοῖς
1895 5070 2106 5143 ὁρωμέ-

535 5179 666 5227 νοις,
700 5163 761 5215 ἐν
785 5165 896 5225 τοῖς
922 5160 1059 5232 πρὸς
1088 5161 1367 5226 ἐπίδειξιν.
1401 5158 1647 5215 Τοιοῦτοι
1676 5159 1786 5232 γάρ
1815 5156 1957 5232 ἦσαν
1977 5163 2117 5215 ἐκεῖ·

534 5269 636 5317 νοι,
676 5253 813 5324 πρὸς
855 5252 1162 5323 φιλοτιμίαν
1202 5252 1381 5306 πάντα
1416 5250 1733 5315 ποιοῦντες,
1773 5251 1868 5306 καὶ
1902 5251 2114 5307 ἔνδοθεν

535 5341 686 5405 ὅντες
716 5343 883 5407 κενοὶ,
908 5342 1003 5396 καὶ
1023 5340 1306 5404 εὐλαϐείας
1337 5341 1437 5411 μὲν
1462 5340 1676 5410 ἔχοντες
1700 5341 1990 5413 πρόσωπον
2020 5345 2115 5396 καὶ⁸

537 5432 727 5501 σεμνοὶ
780 5432 1119 5502 φαινόμενοι,
1170 5430 1347 5501 έργων
1384 5430 1443 5482 δὲ
1471 5429 1693 5499 ἀγαθῶν
1730 5430 1928 5504 ἔρημοι
1977 5433 2114 5486 me-

539 5522 788 5586 εστῶτες.
816 5523 961 5611 Εἴτε
984 5524 1093 5593 γὰρ
1129 5522 1486 5592 ἐξέστημεν,
1519 5522 1672 5589 Θεῷ·
1729 5524 1850 5579 εἴτε
1886 5539 2119 5594 σωφρο-

603 5733 630 5762 n
657 5722 917 5785 Legebalur
939 5725 1020 5773 τὸν
1042 5725 1201 5787 λόγον.

2201 1391 2445 1461 νοῦμεν.
2485 1392 2647 1460 ὑμῖν.
2688 1396 2788 1446 Ἀν
2814 1394 2874 1448 τέ
2916 1412 2991 1460 τι,
3031 1399 3200 1467 φησὶ,
3232 1397 3375 1467 μέγα
3420 1397 3791 1471 φθεγξώμεθα

2203 1484 2482 1546 (ἔκστασιν
2503 1487 2612 1558 γάρ
2648 1487 2805 1541 τοῦτο
2849 1488 3020 1554 καλεῖ,
3061 1490 3254 1561 ὥσπερ
3290 1486 3384 1544 οὖν
3415 1492 3514 1545 καί⁵
3549 1491 3788 1562 ἀλλαχοῦ

2201 1577 2558 1649 ἀφροσύνην),
2602 1578 2691 1633 διὰ
2738 1579 2828 1634 τὸν
2869 1580 3004 1634 Θεόν
3056 1581 3215 1634 τοῦτο
3253 1572 3539 1652 ποιοῦμεν,
3589 1583 3681 1635 ἵνα
3715 1583 3789 1651 μὴ

2202 1670 2362 1741 ὑμεῖς
2424 1670 2736 1741 νομίζοντες
2797 1673 2947 1743 ἡμᾶς
2988 1672 3246 1737 εὐτελεῖς,
3304 1674 3787 1745 καταφρονήσητε,

2202 1761 2296 1817 καὶ
2344 1762 2619 1834 ἀπόλησθε
2659 1778 2672 1791 ⁵
2721 1764 2791 1818 ἄν
2838 1781 2898 1817 τε
2964 1764 3186 1837 μέτριόν
3246 1781 3302 1819 τι
3360 1765 3457 1818 καὶ
3508 1765 3786 1827 ταπεινὸν,

2200 1855 2268 1908 δι’
2304 1856 2468 1924 ὑμᾶς,
2518 1856 2604 1909 ἴνα
2637 1856 2846 1926 μάθητε
2877 1859 3345 1927 ταπεινοφρονεῖν.
3382 1857 3453 1909 Ἢ
3483 1855 3580 1909 καὶ
3614 1857 3790 1908 ἐκεῖνο

2204 1945 2365 1999 πάλιν
2400 1946 2599 2016 φησὶν,
2647 1947 2695 1998 εί
2746 1946 2846 2017 μὲν
2898 1945 3184 2016 μαίνεσθαί
3229 1962 3315 2008 τις
3362 1946 3510 2015 ἡμᾶς
3554 1945 3784 2016 νομίζει,

2200 2039 2365 2107 ἡμεῖς
2402 2037 2552 2108 παρά
2585 2036 2678 2090 τοῦ
2706 2035 2842 2089 Θεοῦ
2887 2036 2979 2089 τὸν
3011 2034 3202 2106 μισθὸν
3234 2034 3602 2103 ἀπαιτοῦμεν,
3632 2034 3699 2087 δι’
3729 2033 3786 2085 ὃν

2204 2132 2297 2183 ἐπὶ
2324 2130 2533 2194 τούτοις
2558 2128 2977 2201 ὑποπτευόμεθα
3000 2143 3014 2157 '
3058 2128 3109 2181 εί
3133 2128 3193 2182 δὲ
3222 2129 3526 2197 σωφρονεῖν
3545 2128 3784 2196 ἡγεῖται,

2201 2222 2364 2286 αὐτὸς
2396 2221 2715 2276 ἀπολαυέτω
2746 2222 2848 2292 τῆς
2878 2219 3235 2291 σωφροσύνης
3277 2216 3456 2289 ἡμῶν.
3491 2219 3603 2271 Καὶ
3630 2217 3785 2272 πάλιν

2202 2313 2408 2378 ἄλλως*
2452 2312 2755 2367 Μαίνεοθαι
2800 2307 2886 2376 τίς
2936 2312 3087 2382 ἡμᾶς
3132 2327 3265 2381 φησι
3301 2326 3318 2376 ;
3371 2308 3474 2363 Διά
3514 2309 3606 2363 τὸν
3654 2309 3782 2362 Θεὸν

2201 2404 2426 2460 τοιαῦτα
2456 2405 2784 2477 μαινόμεθα.
2815 2404 2908 2458 Διὸ
2941 2404 3035 2458 καὶ
3065 2403 3262 2472 ἐπάγει
3284 2418 3298 2432 '
3343 2401 3407 2456 Ἠ
3441 2402 3555 2471 γὰρ
3583 2399 3778 2470 ἀγάπη

2200 2496 2309 2552 τοῦ
2331 2498 2480 2552 Θεοῦ
2508 2497 2760 2566 συνέχει
2788 2494 2969 2566 ἡμᾶς,
3003 2496 3328 2563 κρίναντας
3349 2493 3549 2547 τοῦτο.
3572 2492 3649 2547 Οὐ
3676 2492 3780 2562 γὰρ

2202 2591 2231 2642 ὁ
2260 2588 2369 2643 τῶν
2390 2587 2703 2659 μελλόντων
2750 2586 2934 2658 φόϐος,
2980 2586 3135 2656 φησὶ,
3179 2584 3362 2655 μόνον,
3410 2582 3549 2638 ἀλλά
3578 2584 3672 2637 καὶ
3712 2583 3778 2635 τά

2203 2680 2304 2751 ήδη
2344 2678 2688 2749 γεγενημένα
2732 2679 2832 2732 οὐκ
2864 2677 3088 2749 ἀφίησιν
3128 2677 3276 2747 ἡμᾶς
3308 2676 3624 2748 ρᾳθυμῆσαι
3660 2675 3779 2729 οὑδέ

2206 2771 2474 2834 ὑπνῶσαι,
2503 2770 2640 2825 ἀλλά
2671 2769 2979 2837 διανίστησι
3007 2769 3145 2840 πρὸς
3168 2769 3296 2831 τοὺς
3327 2766 3471 2839 ὑπὲρ
3506 2767 3658 2838 ὑμῶν
3681 2767 3776 2820 πόα

2206 2880 2351 2929 νους,
2377 2864 2472 2918 καὶ
2499 2863 2651 2917 ὠθεῖ.
2689 2864 2801 2917 Καὶ
2843 2863 2964 2917 τίνα
3011 2860 3129 2915 ἐστὶ
3163 2859 3233 2914 τά
3265 2859 3366 2931 ήδη
3410 2858 3773 2929 γεγενημέ-να;

2206 2952 2338 3008 Ὀτι
2365 2955 2420 3008 εί
2443 2949 2531 3021 εἷς
2556 2954 2708 3022 ὑπὲρ
2734 2956 2980 3007 πάντων
2995 2951 3317 3017 ἀπέθανεν,
3341 2950 3456 3019 ἄρα
3484 2953 3538 3005 οἱ
3561 2948 3775 3013 πάντες

2205 3045 2532 3101 ἀπέθανον.
2567 3046 2780 3101 Οὐκοῦν
2816 3046 2890 3108 ὡς
2930 3046 3148 3099 πάντων
3182 3041 3553 3113 ἀπολομένων,
3591 3039 3768 3110 φησίν.

2208 3139 2284 3193 Οὐ
2315 3139 2423 3208 γὰρ
2464 3137 2554 3202 ἂν,
2592 3138 2644 3190 εί
2693 3137 2769 3208 μὴ
2809 3138 3011 3201 πάντες
3041 3134 3341 3198 ἀπέθανον,
3382 3133 3521 3205 ὑπὲρ
3562 3132 3771 3184 πάντων

2208 3229 2499 3284 ἀπέθανεν.
2568 3228 2834 3284 Ἐνταῦθα
2881 3229 2991 3300 γάρ
3047 3228 3186 3281 εἰσιν
3238 3227 3299 3280 αί
3350 3225 3451 3296 τῆς
3508 3221 3770 3288 σωτηρίας

2208 3323 2477 3394 ἀφορμαὶ,
2509 3324 2626 3377 ἐκεῖ
2660 3323 2717 3376 δὲ
2760 3322 2970 3375 οὑκέτι.
3017 3318 3117 3373 Διά
3148 3317 3310 3373 τοῦτό
3334 3320 3494 3388 φησι,
3523 3313 3766 3381 Σιννέχει

2206 3413 2367 3483 ἡμᾶς
2395 3414 2435 3483 ἠ
2486 3413 2690 3483 ἀγάπη
2725 3413 2833 3468 τοῦ
2874 3411 3045 3478 Θεοῦ,
3089 3412 3185 3465 καὶ
3232 3412 3333 3465 οὑκ
3369 3407 3581 3476 ἀφίησιν
3619 3402 3762 3470 ἡμᾶς

2208 3504 2525 3577 ἡσυχάζειν.
2588 3505 2859 3575 Ἐσχάτης
2912 3505 3022 3575 γάρ
3074 3506 3222 3557 ἐστιν
3274 3499 3605 3566 ἀθλιότητος,
3665 3490 3757 3543 καὶ

2208 3596 2434 3668 γεέννης
2471 3596 2646 3666 αὐτῆς
2685 3595 3086 3668 χαλεπώτερον,
3124 3590 3286 3647 αὐτοῦ
3319 3590 3540 3662 πρᾶγμα
3577 3580 3759 3637 τοσοῦ-

2209 3705 2300 3742 τον
2331 3687 2764 3759 ἐπιδειξαμένου,
2799 3688 3092 3758 εὑρεθῆναί
3117 3702 3267 3749 τινας
3295 3683 3429 3755 μετά
3456 3678 3552 3748 τὴν
3580 3672 3769 3729 τοσαύ-

2208 3798 2310 3853 την
2334 3781 2500 3836 αὑτοῦ
2541 3781 2799 3855 πρόνοιαν
2849 3781 3017 3853 μηδὲν
3055 3777 3487 3850 καρπουμένους·
3529 3770 3637 3824 Καὶ
3667 3767 3772 3837 γὰρ

2213 3874 2384 3945 πολλὴ
2421 3874 2522 3945 τῆς
2576 3874 2795 3946 ἀγάπης
2832 3876 2866 3945 ἡ
2911 3872 3210 3945 ὑπερϐολὴ,
3257 3871 3354 3925 καὶ
3399 3868 3457 3921 τὸ
3494 3863 3774 3919 ἀποθανεῖν

2213 3966 2355 4036 ὑπὲρ
2390 3965 2659 4037 τοσαύτης
2702 3964 2854 4038 [5M]
2888 3965 3232 4036 οἰκουμένης,
3276 3963 3374 4016 καὶ
3414 3958 3553 4013 οὑτω
3578 3957 3775 4009 διακει-

2216 4059 2383 4129 μένης
2411 4057 2727 4113 ἀποθανεῖν.
2773 4057 2909 4111 Ἵνα
2945 4060 2999 4111 οἱ
3044 4054 3257 4119 ζῶντες
3305 4050 3515 4123 μηκέτι
3551 4043 3778 4108 ἑαυτοῖς

2213 4149 2411 4212 ζῶσιν,
2473 4149 2637 4204 ἀλλὰ
2684 4149 2766 4214 τῷ
2811 4147 2966 4218 ὑπὲρ
3016 4145 3218 4201 αὐτῶν
3273 4143 3635 4201 ἀποθανόντι
3684 4141 3779 4190 καὶ

2210 4241 2529 4310 ἐγερθέντι.
2570 4244 2634 4295 El
2686 4243 2863 4295 τοίνυν
2903 4242 2965 4295 οὑ
3007 4240 3089 4293 δεῖ
3116 4240 3265 4309 ἡμᾶς
3310 4237 3521 4297 ἑαυτοῖς
3563 4232 3679 4303 ζῇν,
3710 4226 3781 4299 μὴ

2213 4332 2568 4402 ταράττεσθε,
2604 4334 2760 4403 φησὶ,
2795 4332 2930 4405 μηδὲ
2969 4328 3289 4402 θορυϐεῖσθε
3327 4325 3588 4381 κινδύνων
3609 4319 3784 4374 ἐπιόν·

2214 4441 2324 4477 των
2361 4424 2456 4477 καὶ
2490 4424 2757 4478 θανάτων.
2793 4424 2904 4478 Καὶ
2930 4421 3190 4493 λογισμὸν
3227 4419 3285 4472 δὲ
3308 4418 3525 4490 τίθησιν
3555 4408 3785 4481 ἀναμφί-

2216 4511 2393 4575 ϐολον,
2420 4512 2489 4567 δι’
2519 4508 2580 4567 οὗ
2603 4513 2879 4567 δείκνυσιν
2899 4511 3120 4582 ὀφειλὴν
3148 4511 3209 4564 τὸ
3232 4511 3471 4581 πρᾶγμα
3491 4508 3570 4561 δν.
3600 4504 3664 4557 Εἰ
3681 4500 3784 4570 γὰρ

2215 4606 2284 4659 δι’
2319 4606 2485 4660 αὑτοῦ
2537 4607 2722 4678 ζῶμεν
2753 4606 3153 4668 ἀποθανόντος,
3189 4602 3339 4675 αὑτῷ
3369 4603 3470 4674 ζῇν
3510 4597 3785 4669 ὀφείλομεν

2215 4699 2283 4753 δι’
2309 4699 2369 4752 ὃν
2393 4699 2422 4739 ιι
2453 4699 2657 4771 ζῶμεν.
2690 4701 2803 4754 Καὶ
2820 4701 2969 4754 δοκεῖ
2997 4698 3096 4769 μὲν
3134 4698 3193 4750 ἓν
3222 4693 3364 4751 εἶναι
3399 4695 3460 4749 τὸ
3484 4688 3785 4765 εἰρημένον,

2218 4794 2349 4848 είδέ
2383 4812 2466 4857 τις
2508 4770 2753 4865 ἀκριϐῶς
2803 4793 3099 4861 ἐξετάσειε,
3152 4791 3246 4845 δύο
3285 4789 3462 4843 ταῦτά
3506 4789 3684 4839 ἐστιν·
3734 4778 3788 4830 ἓν

2223 4886 2359 4957 μὲν,
2419 4887 2501 4939 ὅτι
2549 4886 2614 4939 δι’
2661 4885 2827 4939 αὑτὸν
2877 4885 3082 4956 ζῶμεν,
3129 4882 3321 4953 ἕτερον
3367 4880 3447 4944 δὲ,
3503 4878 3585 4930 ὅτι
3638 4868 3790 4930 αὐτὸς

2217 4977 2283 5030 δι’
2316 4979 2463 5049 ἡμᾶς
2491 4978 2763 5032 ἀπέθανεν
2788 4996 2800 5010 ·
2834 4971 2909 5031 ὧν
2942 4978 3173 5030 ἕκαστον
3206 4975 3298 5028 καὶ
3334 4972 3457 5027 καθ’
3487 4967 3646 5023 ἑαυτὸ
3676 4966 3788 5017 ἱκα-

2220 5071 2310 5123 νὸν
2336 5071 2674 5135 ὑπευθύνους
2704 5073 2927 5139 ποιῆσαι
2946 5087 2960 5102 °
2994 5072 3125 5125 ὅταν
3156 5069 3213 5123 δὲ
3242 5069 3334 5122 καὶ
3356 5065 3643 5138 ἀμφότερα
3672 5074 3790 5112 συν·

2224 5161 2374 5234 έλθῃ,
2410 5164 2662 5233 ἐννόησον
2696 5164 2881 5235 ἡλίκον
2922 5165 3040 5217 ἐστὶ
3070 5142 3455 5233 τὸδφείλημσ..
3493 5154 3706 5212 Μᾶλλον
3736 5148 3789 5200 δὲ

2222 5257 2317 5309 καὶ
2346 5256 2474 5327 τρία
2511 5256 2684 5310 ταῦτά
2715 5259 2852 5310 ἐστι.
2893 5257 3003 5309 Καὶ
3044 5256 3152 5326 γὰρ
3179 5254 3279 5325 τὴν
3324 5250 3579 5321 ἀπαρχὴν
3610 5243 3697 5297 διά
3736 5239 3792 5292 σέ

2220 5348 2510 5419 ἀνέστησε,
2543 5349 2636 5402 καὶ⁵
2652 5351 2729 5412 εἰς
2752 5350 2846 5403 τὸν
2857 5350 2923 5402 -οὑ
2934 5348 3092 5421 ρανὸν
3113 5349 3359 5430 ἀνήγαγε
3379 5362 3392 5375 °
3414 5343 3495 5398 διὸ
3519 5343 3614 5396 καὶ
3636 5347 3795 5430 προσο

2226 5439 2413 5510 έθηκεν
2454 5439 2538 5506 Τῷ
2564 5443 2718 5509 ὑπὲρ
2744 5441 2915 5512 ἡμῶν
2953 5428 3320 5497 ἀποθανόντι
3352 5436 3449 5492 καί
3483 5428 3790 5521 ἐγερθέντα

2230 5531 2412 5585 Ὥστε
2448 5533 2620 5600 ἡμεῖς
2661 5535 2780 5589 ἀπὸ
2828 5534 2936 5589 τοῦ
2968 5534 3085 5589 νῦν
3113 5533 3334 5589 οὐδένα
3372 5528 3619 5597 οῖδαμεν
3657 5514 3794 5575 κατὰ

2284 5725 2318 5764 δ
2348 5723 2613 5788 Legebatur
2639 5726 2699 5774 δι’
2722 5724 2793 5773 οὗ.
