4068 6412
284 533 403 591 475

280 756 425 795 cura:
454 756 518 796 ac
544 749 719 796 metus
745 750 800 795 et
824 756 1085 811 angores,
1112 743 1221 799 illic
1246 746 1459 803 vincula
1510 749 1815 809 insolubilia
1850 775 1865 811 :

279 850 388 888 non
414 846 511 888 eos
535 833 627 904 qui
654 832 840 904 gloriae
884 834 1063 889 studio
1105 835 1374 893 ducuntur
1395 880 1411 904 ,
1439 840 1534 896 sed
1561 843 1688 913 quid
1710 862 1774 901 ex
1803 863 1865 902 ea

277 933 565 988 nascatur;
598 923 701 979 hoc
721 934 824 989 est,
852 928 1080 981 servitus
1117 926 1203 982 hic
1227 940 1279 983 et
1320 931 1722 1003 simulationes,
1754 939 1865 995 illic

275 1018 532 1073 damnum
561 1017 897 1073 intolerabile
910 1033 975 1073 ac
1001 1030 1289 1090 perpetuus
1316 1022 1543 1079 ﬂamma:
1570 1030 1859 1084 cruciatus.

271 1107 407 1162 Nam
445 1108 492 1163 si
533 1108 649 1163 haec
676 1124 798 1164 cum
844 1110 1038 1165 animis
1067 1113 1265 1167 nostris
1296 1111 1658 1186 disseramus,
1700 1130 1757 1176 et
1784 1122 1858 1176 si-

273 1200 419 1255 milia
470 1201 648 1271 pravis
696 1201 1076 1271 cupiditatibus
1126 1204 1327 1259 nostris
1378 1207 1719 1276 occinamus,
1752 1213 1859 1269 cito

268 1293 614 1361 praesentium
646 1308 827 1348 rerum
871 1308 1108 1350 amorem
1156 1298 1523 1366 expellemus,
1554 1310 1610 1355 et
1656 1302 1859 1357 futura-

268 1399 389 1438 rum
420 1384 786 1440 incendemus.
814 1383 1164 1441 lncendamus
1207 1388 1367 1458 igitur
1405 1406 1527 1446 eum
1572 1403 1733 1464 atque
1777 1395 1857 1449 in-

266 1472 626 1529 t'lammemus.
651 1474 781 1530 Nam
812 1476 857 1531 si
882 1476 1070 1532 harum
1102 1492 1280 1532 rerum
1308 1481 1582 1550 cogitatio,
1610 1486 1853 1554 quamvis

265 1564 493 1620 obscura
516 1566 603 1633 sit,
635 1577 832 1621 tantam
861 1566 1015 1623 affert
1035 1569 1361 1639 voluptatem
1387 1576 1614 1643 :cogita,
1643 1590 1848 1645 qum-so,

1352 542 1416 597 ΙΝ
1457 544 1670 602 EPIST.
1714 547 1755 602 ll
1818 549 1913 607 AD
1950 552 2104 610 COR.
2146 559 2375 620 llOMlL.
2419 567 2510 623 XI.

282 650 457 704 aliena
487 648 720 719 rapiunt,
750 648 845 704 sed
874 650 994 719 quis
1015 664 1202 707 eorum
1229 652 1297 708 sit
1319 654 1477 722 linis;
1506 657 1594 714 hic
1620 660 1872 720 videlicet

3463 599 3567 658 4Ἱό

1977 682 2233 736 quantum
2279 679 2658 744 oblectamenti
2683 694 2961 765 perspicua
2986 715 3169 759 carum
3205 706 3386 765 fruitio
3404 716 3562 775 nobis

1975 761 2197 822 allatura
2227 770 2314 825 sit.
2346 773 2494 832 Beati
2518 794 2580 835 ac
2604 791 2687 838 ter
2705 797 2759 840 et
2780 761 2977 858 sarpius
3001 794 3167 865 beati,
3191 803 3387 870 quibus
3406 808 3563 865 bonis

1974 852 2193 913 illisfrui
2213 867 2463 936 contigit:
2489 877 2939 942 quemadmodum
2967 900 3154 947 contra
3184 895 3365 953 miseri
3395 916 3459 957 ac
3481 912 3564 961 ter

1974 944 2175 1015 miseri,
2207 955 2294 1022 qui
2320 965 2589 1018 contraria
2615 968 2698 1024 his
2728 973 2866 1027 mala
2895 972 3191 1049 patiuntur.
3223 985 3292 1042 Ut
3324 1005 3454 1061 ergo
3493 1011 3559 1051 ex

1974 1034 2177 1061 ΞΙΙΛ-υ--ᾼ
2244 1060 2249 1061 γ
2467 1052 2480 1061 “

2895 1034 2910 1046 .
2978 1034 3021 1049 μ
3088 1034 3190 1040 -——-
3229 1034 3291 1042 ν’
3326 1034 3452 1061 Wa"
3493 1034 3553 1051 να

1971 1034 2206 1108 illorum,
2240 1060 2344 1101 non
2369 1064 2433 1104 ex
2463 1052 2657 1112 horum
2687 1078 2913 1121 munero
2942 1071 3148 1141 simus,
3180 1079 3391 1137 virtutis
3435 1094 3553 1141 stu-

1969 1125 2113 1183 dium
2140 1146 2523 1203 capessamus:
2554 1148 2631 1204 sic
2680 1154 2823 1210 enim
2853 1160 2920 1213 ad
2959 1159 3132 1220 futura
3176 1167 3315 1224 bona
3365 1189 3553 1244 perve«

3190 1220 3315 1224 --___
3365 1220 3553 1244 ,ηυν-

1968 1220 2175 1279 niemus
2206 1245 2218 1281 :
2246 1231 2311 1284 ad
2363 1250 2484 1304 quae
2535 1242 2737 1301 utinam
2780 1254 3063 1318 pervenire
3116 1262 3271 1316 nobis
3307 1270 3555 1326 omnibus

1963 1308 2156 1419 detur,
2185 1333 2281 1386 per
2321 1328 2545 1392 gratiam
2599 1344 2654 1389 et
2696 1308 3078 1412 benignitatem
3124 1351 3338 1412 Domini
3372 1366 3544 1419 nostri

1959 1400 2087 1519 Jesu
2134 1407 2368 1481 Christi,
2417 1422 2504 1475 cui
2549 1440 2668 1482 cum
2715 1400 2875 1490 Patre
2912 1448 2969 1493 et
3018 1454 3205 1500 sancto
3256 1448 3458 1519 Spiritu
3482 1456 3554 1513 sit

3020 1492 3201 1500 ~-~-_.—-v
3257 1492 3458 1519 νιν-..ιιι
3483 1492 3550 1513 σιι

1958 1492 2147 1562 gloria,
2175 1499 2486 1577 imperium,
2522 1512 2727 1587 honor,
2755 1538 2900 1582 nunc
2927 1539 2980 1585 ct
3006 1546 3253 1606 semper,
3285 1551 3339 1596 et
3366 1543 3418 1598 in
3450 1560 3550 1600 sa:-

1962 1586 2068 1606 ..ι-Ι-
2106 1603 2113 1606 -
2160 1605 2163 1606 ν
2249 1594 2258 1606 ¹
2495 1604 2499 1606 “

1957 1586 2076 1639 cula
2100 1594 2442 1654 smcnlorum.
2472 1604 2666 1663 Anien.

1662 1828 2011 1896 HOMILIA
2055 1838 2169 1902 XI.

250 2006 382 2062 Car.
415 2008 469 2065 Β.
499 2026 551 2064 v.
578 2011 664 2066 il.
698 2011 927 2067 Scientes
972 2029 1092 2086 ergo
1129 2014 1358 2070 timorem
1397 2013 1641 2083 Domini,
1676 2016 1841 2073 Itami-

332 2104 481 2158 nibus
504 2105 793 2169 suademus,
822 2103 933 2159 Deo
960 2115 1129 2160 autem
1160 2108 1418 2178 manifesti
1441 2124 1617 2163 sumus
1644 2125 1663 2163 :
1690 2126 1837 2179 spero

319 2209 492 2253 autem
539 2215 631 2252 nos
667 2208 714 2253 et
740 2199 792 2251 in
823 2199 1145 2254 conscientiis
1172 2202 1350 2255 vestris
1376 2203 1673 2271 manifestos
1707 2220 1834 2259 esse.

320 2292 373 2345 1.
405 2291 531 2346 llaec
559 2291 720 2361 igitur
763 2291 996 2347 scientes
1019 2332 1034 2357 ,
1084 2292 1292 2362 inquit,
1319 2291 1423 2349 hoc
1465 2304 1580 2363 est,
1611 2295 1837 2352 horren-

240 2384 370 2439 dum
398 2383 526 2439 illud
576 2384 844 2452 tribunal,
886 2400 1100 2441 omnem
1131 2400 1349 2457 operam
1392 2388 1711 2446 adhibemus
1733 2430 1749 2456 ,
1778 2400 1838 2446 ut

240 2493 310 2532 ne
352 2492 538 2531 ansam
592 2477 756 2532 ullam
803 2478 955 2533 vobis
977 2479 1169 2535 demus
1195 2489 1288 2535 aut
1334 2480 1714 2538 oﬂendieulum
1744 2495 1837 2540 aut

236 2570 430 2624 falsam
476 2569 711 2640 aliquam
742 2569 1028 2625 adversum
1059 2586 1157 2626 nos
1195 2573 1351 2627 malae
1393 2574 1620 2630 actionis
1659 2577 1835 2646 suspi-

235 2662 471 2715 cionem.
498 2660 688 2717 Viden‘
714 2672 1020 2718 accuratum
1064 2664 1190 2719 vita:
1235 2666 1534 2721 institutum
1565 2668 1831 2723 studium-

234 2768 343 2824 que
381 2753 573 2808 animae
614 2754 903 2810 sollicitie?
928 2754 1114 2826 Neque
1138 2757 1281 2812 enim
1314 2765 1427 2813 tum
1472 2760 1644 2815 solum
1670 2775 1831 2816 accn-

235 2860 455 2913 samur,
483 2861 603 2901 cum
634 2847 914 2918 quid‘mali
946 2850 1411 2919 perpetravimus;
1444 2852 1538 2908 sed
1583 2854 1827 2924 quamvis

232 2936 397 2991 etiam
430 2937 563 2993 nihil
610 2949 1019 3010 perpetremus,
1061 2950 1238 3021 tamen
1286 2943 1331 2997 si
1362 2944 1415 2999 in
1464 2947 1835 3016 suspicionem

232 3028 538 3095 veniamus,
566 3045 667 3085 nec
691 3045 808 3086 eam
850 3032 1060 3087 amoliri
1085 3074 1102 3099 ,
1151 3047 1274 3089 cum
1304 3035 1462 3090 liceat
1486 3078 1502 3103 ,
1529 3052 1781 3092 curemus
1805 3079 1820 3104 ,

229 3134 421 3188 pinnas
448 3122 628 3192 utique
655 3124 881 3179 subituri
924 3140 1131 3181 sumus.
1164 3125 1253 3182 l2.
1282 3125 1405 3183 Non
1452 3130 1634 3185 iterum
1678 3148 1821 3186 com-

229 3213 545 3270 mendamus
575 3232 669 3270 nos
723 3215 896 3282 vobis,
952 3220 1043 3273 sed
1087 3221 1402 3276 occasionem
1440 3224 1578 3279 vobis
1635 3226 1821 3282 damus

231 3303 491 3373 gloriandi
520 3323 613 3376 pro
639 3308 801 3363 nobis.
831 3308 966 3365 Vide
1005 3312 1277 3382 quomodo
1326 3314 1636 3385 frequenter
1676 3318 1820 3389 ejus-

232 3396 377 3450 modi
407 3398 763 3467 suspicionem
814 3416 845 3455 a
888 3417 949 3458 se
979 3415 1290 3471 removeat,
1340 3410 1494 3478 quasi
1545 3426 1672 3468 suas
1703 3413 1816 3483 ipse

222 3487 411 3543 laudes
437 3505 633 3546 canere
677 3493 946 3552 videatur.
974 3495 1118 3551 Nihil
1145 3498 1290 3552 enim
1338 3501 1560 3569 perinde
1604 3505 1815 3561 audito-

219 3593 340 3633 rum
364 3579 572 3636 animos
597 3580 845 3648 offendit,
876 3593 936 3639 ut
963 3601 1082 3640 cum
1111 3588 1233 3658 quis
1280 3605 1472 3661 magna
1502 3602 1557 3649 et
1605 3596 1806 3652 eximia

219 3669 468 3737 quaedam
514 3671 583 3728 de
620 3688 681 3728 se
725 3676 998 3743 praedicat.
1031 3678 1294 3745 Quoniam
1337 3683 1499 3753 igitur
1544 3686 1596 3740 in
1642 3688 1800 3757 hujus

219 3762 529 3828 argumenti
584 3778 887 3821 sermonem
941 3768 1177 3827 incidere
1241 3787 1465 3829 necesse
1512 3775 1806 3844 habuerat,

218 3850 612 3908 correctionem
668 3855 910 3913 adhibuit
953 3861 1140 3917 dicens
1179 3883 1192 3917 :
1255 3865 1369 3919 lloc
1415 3867 1577 3921 vestri
1643 3883 1805 3925 causa

217 3939 323 3995 feci
351 3981 365 4007 ,
397 3957 503 3997 non
535 3955 718 4002 nostra
743 3989 758 4013 ,
793 3958 852 4003 ut
882 3949 1120 4009 habeatis
1149 3955 1291 4012 unde
1317 3956 1624 4027 gloriemini
1647 4001 1662 4027 ,
1694 3976 1800 4015 non

216 4046 320 4086 nos
352 4050 369 4089 :
398 4049 573 4107 neque
614 4037 665 4093 id
714 4041 1061 4111 simpliciter,
1095 4047 1189 4102 sed
1216 4057 1437 4119 propter
1465 4048 1632 4108 falsos
1667 4068 1802 4123 apo-

213 4123 406 4179 stolos.
438 4125 590 4184 Unde
618 4131 778 4186 etiam
806 4134 1061 4203 subdidit,
1091 4138 1171 4191 Ad
1208 4155 1294 4194 eos
1324 4142 1412 4210 qui
1440 4142 1495 4195 in
1526 4145 1658 4215 facie
1684 4145 1800 4213 glo-

210 4217 450 4284 riantur,
507 4229 557 4273 et
608 4237 710 4276 non
757 4225 812 4278 in
857 4228 1028 4283 corde.
1059 4228 1290 4286 Videsne
1332 4244 1390 4287 ut
1435 4233 1536 4289 hos
1581 4236 1648 4291 ab
1698 4236 1802 4292 illis

209 4305 533 4374 abduxerit,
583 4320 744 4383 atque
783 4315 850 4371 ad
893 4334 1018 4373 suas
1061 4332 1244 4389 partes
1284 4326 1640 4393 pertraxerit,
1673 4343 1795 4384 cum

209 4395 344 4451 illud
366 4400 622 4468 ostendit,
649 4406 790 4472 quod
816 4406 913 4476 ipsi
940 4425 1152 4480 quoque
1172 4412 1436 4471 Corinthii
1461 4420 1796 4478 occasionem

206 4490 443 4559 aliquam
472 4495 714 4564 arripere
756 4500 1004 4569 cupiant,
1032 4519 1135 4574 qua
1164 4507 1329 4575 ipsius
1370 4526 1584 4568 causam
1620 4519 1754 4572 tueri
1780 4561 1794 4585 ,

206 4581 383 4651 iisque
435 4598 463 4637 a
513 4586 707 4655 quibus
750 4588 807 4644 in
864 4593 1067 4649 crimen
1122 4599 1413 4655 vocabatur
1471 4610 1796 4675 respondere

152 4720 165 4733 κ
202 4678 445 4743 queant?
468 4676 586 4734 Non
616 4681 791 4751 enim,
845 4684 1049 4756 inquit,
1077 4691 1191 4746 haec
1225 4706 1291 4747 eo
1320 4695 1546 4753 dicimus
1566 4740 1583 4766 ,
1608 4711 1665 4757 ut
1690 4704 1789 4775 ipsi

198 4768 521 4838 gloriemur,
553 4772 647 4827 sed
676 4783 734 4828 ut
763 4791 859 4831 vos
890 4795 988 4849 pro
1024 4782 1175 4838 nobis
1205 4785 1426 4841 liberam
1453 4805 1639 4847 vocem
1665 4797 1793 4851 mit-

200 4868 319 4915 tere
352 4866 569 4932 possitis
606 4884 621 4921 :
667 4868 717 4924 id
746 4872 888 4940 quod
932 4874 1172 4934 hominis
1222 4893 1339 4938 erat
1380 4885 1651 4956 ingentem
1683 4892 1790 4946 illis

199 4966 328 5021 erga
355 4968 415 5008 se
462 4971 703 5014 amorem
756 4965 1134 5026 testificantis:
1170 4989 1269 5029 nec
1308 4992 1437 5034 vero
1483 4990 1540 5035 ut
1582 4992 1784 5039 tantum

196 5042 541 5115 gloriemini,
572 5050 669 5106 sed
718 5054 878 5110 etiam
928 5068 987 5113 ut
1037 5077 1105 5116 ne
1138 5065 1206 5119 ah
1251 5067 1382 5137 ipsis
1433 5070 1487 5125 in
1538 5073 1782 5133 fraudem

195 5133 569 5204 impellamini.
596 5142 727 5198 Illud
757 5152 934 5204 tamen
985 5151 1127 5209 haud
1166 5133 1354 5226 aperte
1405 5162 1562 5231 dicit,
1597 5183 1782 5224 verum

192 5226 500 5284 mitioribus
529 5233 650 5288 aliis
695 5239 871 5294 verbis
900 5245 1142 5306 eamdem
1184 5265 1297 5304 rem
1344 5257 1686 5327 aggreditur,
1719 5279 1781 5319 ac

189 5319 326 5376 citra
375 5321 590 5378 illorum
654 5333 1082 5398 perstrictionem
1139 5340 1327 5397 dicens
1366 5365 1378 5398 :
1426 5345 1493 5400 Ut
1544 5350 1772 5408 habeatis

190 5412 326 5465 unde
348 5414 635 5483 gloriemini
656 5422 726 5474 ad
752 5440 837 5478 eos
860 5465 876 5491 ,
903 5430 990 5498 qui
1016 5431 1069 5484 in
1094 5434 1226 5502 facie
1243 5437 1550 5504 gloriantur.
1578 5445 1656 5497 Ac
1706 5461 1774 5501 ne

191 5501 294 5559 hoc
320 5507 534 5574 quidem
564 5520 765 5570 temere
787 5526 841 5569 et
860 5518 975 5574 sine
994 5501 1152 5578 causa
1185 5525 1252 5581 ab
1278 5527 1343 5582 iis
1370 5528 1482 5584 fieri
1512 5533 1643 5598 vult,
1674 5538 1782 5592 sed-

188 5604 300 5650 tum
330 5599 580 5671 demum,
608 5620 733 5660 cum
779 5623 874 5664 eos
922 5612 1237 5673 insolentius
1281 5637 1403 5678 sese
1433 5622 1623 5681 efferre
1644 5644 1776 5685 con-

188 5690 462 5750 spexerint
500 5710 516 5747 :
560 5694 755 5766 ubique
797 5700 942 5756 enim
983 5708 1320 5765 occasionem
1367 5715 1618 5785 exquirit.
1649 5719 1765 5776 Non

187 5770 365 5843 igitur,
396 5789 452 5834 ut
489 5786 726 5855 seipsum
767 5790 1028 5849 illustrem
1067 5799 1349 5867 ostendat,
1381 5770 1474 5861 sed
1517 5819 1577 5862 ut
1605 5809 1726 5867 illos
1752 5854 1766 5878 ,

186 5872 509 5932 praepostere
537 5885 697 5946 atque
719 5878 775 5933 in
799 5880 1199 5942 Corinthiorum
1229 5891 1611 5954 detrimentum
1636 5916 1759 5959 sese

184 5952 548 6035 venditantes,
578 5981 884 6043 compescat
909 6017 922 6043 ,
959 5977 1060 6037 hoc
1083 5979 1228 6037 facit.
1252 5983 1389 6052 Quid
1412 5999 1592 6047 autem
1636 6010 1717 6051 cat
1738 6039 1752 6067 ,

1955 2023 2016 2082 ἠ
2059 2030 2239 2101 Ιὶιείεῗ
2281 2041 2338 2098 III
2368 2046 2473 2115 iis,
2524 2069 2644 2123 qure
2675 2063 2846 2120 oculis
2887 2082 3224 2143 cernuntur,
3256 2089 3417 2153 atque
3461 2087 3529 2142 ad

1955 2131 2301 2153 manu..-“
2416 2151 2425 2153 _
2522 2145 2535 2153 .
2694 2151 2721 2153 Α

1947 2131 2364 2193 ostentationem
2411 2145 2656 2204 tendunt.
2690 2151 2803 2209 Tali
2849 2160 2993 2216 enim
3038 2165 3223 2222 animo
3269 2131 3346 2228 illi
3393 2190 3531 2245 prae-

1947 2212 2221 2245 .t:.:.._-_-
2293 2237 2343 2245 --
2477 2236 2487 2245 ·
2585 2239 2597 2245 -
2657 2241 2670 2245 -

1944 2212 2040 2270 diti
2068 2232 2259 2290 erant,
2291 2237 2348 2283 ut
2398 2236 2488 2302 qui
2531 2239 2598 2293 ad
2654 2241 2889 2303 honores
2937 2261 2990 2308 ct
3029 2257 3256 2325 gloriam
3299 2212 3540 2325 actiones

1943 2320 2068 2363 suas
2120 2326 2308 2373 omnes
2357 2323 2626 2384 referrent
2667 2333 2923 2408 intusque
2967 2345 3154 2403 inanes
3191 2363 3412 2427 essent,
3467 2375 3533 2415 ac

2833 2400 2850 2408 -
3105 2400 3149 2403 -ν
3198 2400 3412 2427 ντ-νηέν
3467 2400 3533 2415 “ν

1946 2400 2159 2467 pietatis
2183 2410 2400 2479 quidem
2427 2418 2629 2477 larvam
2676 2441 2931 2495 gererent
2974 2440 3366 2516 gravitatisque
3410 2464 3535 2521 spc-

1946 2491 2078 2521 ηἶΛ-νι
2133 2497 2324 2521 Ι-Αι--μΑ
2376 2516 2387 2521 -
2778 2519 2785 2521 “

2679 2491 2702 2495 _
2974 2491 3004 2507 υ
3044 2491 3366 2516 “rw—""1""
3410 2491 3530 2521 ἰιηΓ

1942 2491 2079 2548 ciem
2132 2497 2424 2574 haberent,
2468 2520 2723 2571 caeterum
2771 2519 2931 2579 bonis
2961 2530 3214 2597 operibus
3257 2550 3530 2597 carerent.

1944 2582 2033 2639 15.
2077 2588 2199 2643 Sive
2241 2596 2374 2651 enim
2422 2612 2583 2659 mente
2644 2613 2934 2670 excedimus
2956 2658 2973 2684 ,
3025 2619 3134 2676 Deo
3154 2641 3176 2689 ;
3219 2627 3325 2681 sive
3375 2631 3532 2687 sobrii

1936 2692 2144 2748 sumus,
2177 2685 2333 2742 vobis.
2358 2689 2483 2749 Sive
2522 2699 2666 2754 enim
2690 2742 2705 2766 ,
2740 2703 2950 2776 inquit,
2981 2716 3159 2783 magni
3199 2719 3399 2790 aliquid
3440 2724 3524 2777 lo-

1934 2784 2165 2840 quamur
2194 2777 2357 2849 (nam
2406 2785 2509 2842 hoc
2558 2796 2754 2851 mentis
2802 2814 3087 2861 excessum
3129 2821 3322 2881 vocat,
3376 2825 3435 2869 ut
3471 2829 3526 2872 et

3173 2861 3188 2864 -
3207 2861 3282 2865 η-
3307 2861 3322 2881 ,
3379 2861 3434 2869 ν-
3473 2861 3519 2872 ν.

1932 2861 2039 2918 alio
2058 2864 2176 2922 loco
2193 2870 2595 2953 insipientiam),
2620 2886 2708 2940 Dei
2730 2903 2889 2946 causa
2904 2893 3146 2964 facimus,
3170 2917 3237 2958 ne
3259 2920 3371 2971 vos,
3392 2907 3519 2964 dum

1931 2952 1998 3009 de
2022 2956 2178 3014 nobis
2206 2971 2261 3016 ut
2284 2966 2474 3026 vilibus
2494 2974 2832 3048 existimatis,
2854 2993 3184 3060 contemptui
3204 3009 3300 3049 nos
3321 2996 3520 3054 hahea-

1930 3047 1999 3101 tis
2026 3063 2089 3105 ac
2118 3058 2347 3121 pereatis
2371 3080 2387 3116 :
2413 3064 2525 3121 sive
2552 3066 2752 3128 humile
2775 3076 2974 3148 aliquid
2995 3096 3059 3137 ac
3084 3083 3399 3157 demissum,
3425 3108 3520 3149 ve-

1927 3139 2025 3195 stri
2071 3147 2241 3213 gratia
2293 3150 2394 3208 hoc
2421 3156 2663 3224 facimus,
2696 3176 2752 3219 ut
2783 3169 3026 3228 modeste
3055 3174 3123 3230 de
3143 3179 3295 3235 vobis
3317 3184 3520 3242 sentire

1926 3231 2164 3295 discatis.
2209 3242 2303 3299 Vel
2331 3249 2491 3304 etiam
2531 3252 2635 3310 hoc
2662 3259 2757 3327 ait,
2789 3261 2845 3317 Si
2870 3266 2991 3334 quis
3019 3284 3117 3324 nos
3144 3271 3378 3331 insanire
3404 3281 3518 3335 exi-

1924 3328 2124 3398 stimat,
2179 3349 2209 3388 a
2250 3336 2363 3394 Deo
2404 3356 2625 3416 propter
2667 3366 2827 3421 quem
2885 3356 2940 3411 in
2971 3359 3110 3417 hanc
3148 3368 3512 3436 suspicionem

1924 3423 2190 3494 venimus,
2234 3436 2541 3494 mercedem
2569 3441 2924 3514 eiﬂagitamus
2949 3470 2963 3504 :
2991 3454 3074 3508 sin
3104 3468 3283 3514 autem
3310 3477 3409 3517 nos
3429 3480 3517 3519 sa-

1922 3526 2004 3566 me
2049 3519 2247 3573 mentis
2288 3538 2408 3580 esse
2454 3542 2660 3598 censet,
2691 3533 2901 3593 fruatur
2939 3541 3029 3598 ille
3054 3559 3184 3601 sane
3212 3559 3394 3605 nostra
3425 3568 3515 3609 so-

1917 3601 2163 3663 brietate.
2209 3611 2289 3667 Ac
2309 3630 2501 3673 rursus
2524 3621 2701 3692 aliter,
2736 3623 2975 3687 lnsanire
3006 3650 3104 3691 nos
3133 3640 3395 3709 quispiam
3421 3646 3508 3702 di-

1915 3692 2032 3745 cit?
2075 3695 2302 3769 Propter
2344 3706 2514 3763 Deum
2564 3711 2869 3783 hujusmodi
2915 3722 3119 3780 insania
3150 3692 3505 3791 labdramus:

1916 3784 2058 3840 unde
2106 3790 2269 3847 etiam
2311 3798 2512 3865 subdit,
2558 3804 2644 3859 Μ.
2690 3807 2891 3866 Caritas
2918 3817 3051 3869 enim
3082 3816 3179 3873 Dei
3209 3836 3348 3894 urget
3374 3844 3509 3885 nos:

1911 3878 2218 3936 testimantes
2235 3885 2349 3941 hoc.
2380 3889 2499 3946 Non
2529 3898 2711 3966 modo,
2745 3901 2937 3973 inquit,
2962 3906 3264 3970 futurorum
3306 3929 3529 3990 metus,.

1912 3982 1966 3990 -A
1984 3970 2005 3990 -Ι
2044 3975 2106 3990 --⁸
2375 3982 2387 3990 ⁸

2818 3970 2829 3973 _
2924 3970 2932 3973 _
3312 3970 3315 3971 ν
3346 3970 3504 3990 νν--τν

1910 3970 2005 4023 sed
2036 3975 2196 4029 etiam
2225 3994 2344 4049 qua:
2366 3982 2477 4052 jam
2505 3990 2869 4062 contigerunt,
2896 4015 3001 4056 non
3030 4003 3216 4061 sinunt
3244 4024 3343 4064 nos
3363 4010 3506 4068 desi-

1908 4061 1994 4117 dia
2023 4060 2412 4145 torperealque
2438 4079 3089 4157 obdormiscere;.vcrum
3115 4099 3182 4154 ad
3203 4103 3503 4173 suscipien-

1913 4152 2003 4173 ,μ
2055 4172 2063 4173 ,
2115 4161 2127 4173 .
2176 4163 2207 4173 ξ.

2862 4152 2871 4157 _
3156 4152 3181 4154 ,,
3205 4152 3472 4173 -_---,.--..

1907 4152 2007 4211 dos
2048 4161 2238 4216 salutis
2284 4179 2478 4226 vestrae
2523 4188 2685 4233 causa
2729 4179 2938 4240 labores
2969 4193 3300 4249 exsuscitant
3334 4188 3498 4267 atque

3152 4245 3155 4246 ν
3336 4245 3494 4267 --.,....

1908 4245 2206 4318 impellunt.
2236 4256 2492 4325 Quzenam
2540 4280 2719 4326 autem
2756 4285 2882 4330 sunt
2921 4292 3007 4343 ea,
3037 4297 3157 4351 quae
3182 4285 3293 4355 jam
3321 4293 3494 4347 conti-

1904 4346 2135 4408 gerunt?
2159 4347 2412 4414 Quoniam
2437 4359 2481 4410 si
2498 4376 2630 4415 unus
2647 4380 2739 4431 pro
2753 4371 2985 4425 omnibus
3006 4384 3235 4431 mortuus
3247 4390 3342 4449 est,
3372 4399 3493 4454 ergo
3514 4426 3519 4434 ι

1904 4447 2075 4489 omnes
2115 4444 2300 4496 mortui
2336 4457 2475 4505 sunt.
2503 4450 2644 4521 Ergo
2673 4456 2746 4509 ita
2785 4457 3018 4530 loquitur
3059 4466 3275 4536 Paulus,
3332 4486 3396 4526 ac
3450 4476 3494 4529 si

1902 4541 2091 4583 omnes
2119 4534 2427 4601 periissem.
2456 4540 2642 4611 Neque
2672 4549 2813 4604 enim
2841 4567 2939 4621 pro
2963 4558 3214 4614 omnibus
3244 4561 3493 4622 Christus

1901 4630 2127 4676 mortem
2155 4631 2488 4702 oppetiissct,
2514 4636 2613 4692 nisi
2636 4654 2824 4697 omnes
2844 4656 3073 4704 mortem
3094 4651 3374 4711 obiissent.
3396 4657 3493 4715 llic

1900 4712 2040 4767 enim
2063 4727 2189 4773 sunt
2236 4725 2425 4780 salutis
2453 4732 2793 4801 occasiones,
2826 4737 2933 4794 illic
2964 4755 3142 4799 autem
3181 4763 3287 4803 non
3334 4750 3489 4808 item.

1898 4809 2127 4866 Proinde
2151 4812 2371 4885 Caritas,
2405 4821 2594 4892 inquit,
2628 4825 2728 4881 Dei
2753 4843 2898 4900 urget
2923 4851 3033 4900 nos,
3072 4853 3171 4894 nec
3197 4840 3326 4896 sinit
3350 4858 3485 4900 conv

1896 4899 2195 4968 quiescere.
2227 4905 2497 4965 Extrema:
2534 4917 2677 4970 enim
2706 4899 2937 4977 miseria:
2964 4923 3147 4994 fuerit,
3184 4944 3247 4986 ac
3275 4932 3358 4987 vel
3387 4950 3511 5004 gc-.

1897 4987 2072 5044 henna
2101 4993 2213 5063 ipsa
2236 5001 2494 5069 atrocius,
2528 5019 2649 5059 cum
2679 5008 2770 5064 ille
2798 5022 2902 5066 tam
2932 5017 3250 5083 prie-clarum
3275 5022 3483 5083 facinus

1892 5082 2142 5153 ediderit,
2181 5088 2407 5147 inveniri
2451 5099 2709 5162 quiosdam
2757 5104 2846 5173 qui
2873 5122 2938 5161 ex
2977 5115 3123 5165 tanta
3156 5112 3323 5183 ipsius
3353 5132 3513 5193 cura

1890 5176 2092 5232 nullum
2118 5178 2344 5237 fructum
2363 5190 2595 5257 capiant.
2618 5192 2820 5265 Magna:
2841 5199 2985 5255 enim
3006 5218 3068 5257 ac
3084 5176 3368 5275 singularis
3387 5226 3481 5268 cu-

1886 5268 2102 5338 jusdam
2127 5284 2209 5330 est
2252 5281 2512 5348 caritatis,
2549 5301 2645 5354 pro
2670 5298 2817 5345 tanto
2848 5302 3110 5350 terrarum
3134 5299 3284 5367 orbe,
3318 5311 3479 5374 atque

1895 5361 1962 5413 ita
1988 5362 2202 5431 allecto,
2236 5382 2467 5426 mortem
2508 5377 2754 5433 subiisse.
2789 5382 2877 5437 15.
2919 5382 2986 5442 Ut
3012 5387 3097 5457 qui
3135 5390 3326 5458 vivunt,
3373 5409 3479 5449 non

1876 5452 1988 5522 jam
2010 5455 2106 5510 sibi
2135 5460 2323 5529 vivant,
2362 5468 2452 5519 sed
2490 5468 2538 5520 ei
2560 5469 2648 5539 qui
2686 5489 2779 5542 pro
2808 5476 2940 5543 ipsis
2962 5491 3191 5535 mortuus
3219 5493 3291 5538 est
3311 5501 3373 5538 ac
3393 5503 3477 5540 re-

1881 5548 2116 5600 surrexit.
2149 5549 2205 5605 Si
2234 5553 2412 5624 itaque
2438 5571 2537 5613 nos
2563 5561 3072 5635 nobisipsisvivere
3102 5588 3205 5627 non
3233 5585 3470 5645 oportet,

1881 5649 1948 5688 ne
1976 5638 2284 5711 turbcmini,
2315 5644 2510 5716 inquit,
2541 5666 2714 5722 neque
2764 5659 3181 5730 tumultuemini,
3223 5665 3470 5721 instanti-

1878 5728 1976 5781 bus
2024 5731 2273 5798 periculis
2318 5746 2373 5792 et
2420 5752 2611 5798 morte.
2672 5746 2753 5801 At:
2779 5752 3044 5808 rationem
3076 5754 3218 5810 haud
3244 5755 3477 5817 dubiaru-

1876 5815 2049 5884 affert,
2082 5824 2431 5890 quamobrem
2462 5829 2513 5884 id
2538 5831 2714 5890 facere
2747 5836 3065 5897 debeamus.
3106 5845 3309 5900 Etenim
3340 5866 3464 5907 cum

1877 5924 1971 5977 per
2011 5910 2184 5980 ipsum
2228 5928 2402 5975 morte
2455 5921 2696 5980 functum
2749 5928 3010 5999 vivamus,
3045 5936 3091 5988 ei
3123 5937 3328 6007 utique,
3362 5957 3471 6011 per,

1871 6018 2029 6074 quem
2058 6006 2304 6079 vivimus,
2336 6011 2517 6077 vivent;
2543 6016 2821 6076 debemus.
2857 6025 3032 6095 Atque
3053 6043 3213 6084 unum
3238 6040 3288 6088 et
3317 6033 3480 6095 idem.
