  <div class='ocr_page' id='page_1' title='image "/cluster/home/n/w/nwhite01/storage/ocr_20150623/61:no.10/coo.31924054869619/481.png"; bbox 0 0 4068 6458; ppageno 0'>
   <div class='ocr_carea' id='block_1_1' title="bbox 548 552 647 614">
    <p class='ocr_par' dir='ltr' id='par_1_1' title="bbox 548 552 647 614">
     <span class='ocr_line' id='line_1_1' title="bbox 548 552 647 614; baseline 0.01 -8"><span class='ocrx_word' id='word_1_1' title='bbox 548 552 647 614; x_wconf 67' lang='grc'><strong>425</strong></span> 
     </span>
    </p>
   </div>
   <div class='ocr_carea' id='block_1_2' title="bbox 1268 530 3044 598">
    <p class='ocr_par' dir='ltr' id='par_1_2' title="bbox 1268 530 3044 598">
     <span class='ocr_line' id='line_1_2' title="bbox 1268 530 3044 598; baseline -0.007 0"><span class='ocrx_word' id='word_1_2' title='bbox 1268 541 1324 598; x_wconf 76' lang='grc' dir='ltr'><strong>ε.</strong></span> <span class='ocrx_word' id='word_1_3' title='bbox 1362 540 1640 598; x_wconf 80' lang='lat' dir='ltr'><strong>JOANNIS</strong></span> <span class='ocrx_word' id='word_1_4' title='bbox 1663 534 2134 596; x_wconf 77' lang='lat' dir='ltr'><strong>CHRYSOSTU‘MI</strong></span> <span class='ocrx_word' id='word_1_5' title='bbox 2173 533 2490 592; x_wconf 81' lang='lat' dir='ltr'><strong>ARCHIEP.</strong></span> <span class='ocrx_word' id='word_1_6' title='bbox 2532 530 3044 590; x_wconf 80' lang='lat' dir='ltr'><strong>CONSTANTINOP</strong></span> 
     </span>
    </p>
   </div>
   <div class='ocr_carea' id='block_1_3' title="bbox 3728 539 3823 594">
    <p class='ocr_par' dir='ltr' id='par_1_3' title="bbox 3728 539 3823 594">
     <span class='ocr_line' id='line_1_3' title="bbox 3728 539 3823 594; baseline 0 -1"><span class='ocrx_word' id='word_1_7' title='bbox 3728 539 3823 594; x_wconf 65' lang='lat'><strong>476</strong></span> 
     </span>
    </p>
   </div>
   <div class='ocr_carea' id='block_1_4' title="bbox 541 650 3823 733">
    <p class='ocr_par' dir='ltr' id='par_1_4' title="bbox 541 650 3823 733">
     <span class='ocr_line' id='line_1_4' title="bbox 541 650 3823 733; baseline -0.004 -8"><span class='ocrx_word' id='word_1_8' title='bbox 541 683 666 725; x_wconf 76' lang='lat' dir='ltr'><strong>esse</strong></span> <span class='ocrx_word' id='word_1_9' title='bbox 695 666 905 722; x_wconf 77' lang='lat' dir='ltr'><strong>videtur</strong></span> <span class='ocrx_word' id='word_1_10' title='bbox 931 663 980 718; x_wconf 99' lang='lat' dir='ltr'><strong>id</strong></span> <span class='ocrx_word' id='word_1_11' title='bbox 1006 661 1148 733; x_wconf 92' lang='lat' dir='ltr'><strong>quod</strong></span> <span class='ocrx_word' id='word_1_12' title='bbox 1178 661 1377 718; x_wconf 79' lang='lat' dir='ltr'><strong>dictum</strong></span> <span class='ocrx_word' id='word_1_13' title='bbox 1406 670 1490 717; x_wconf 90' lang='lat' dir='ltr'><strong>est</strong></span> <span class='ocrx_word' id='word_1_14' title='bbox 1517 677 1531 716; x_wconf 91' lang='lat'><strong>:</strong></span> <span class='ocrx_word' id='word_1_15' title='bbox 1559 670 1814 714; x_wconf 71' lang='lat' dir='ltr'><strong>caeterum</strong></span> <span class='ocrx_word' id='word_1_16' title='bbox 1845 657 1889 710; x_wconf 91' lang='lat' dir='ltr'><strong>si</strong></span> <span class='ocrx_word' id='word_1_17' title='bbox 1916 653 2036 724; x_wconf 87' lang='lat' dir='ltr'><strong>quis</strong></span> <span class='ocrx_word' id='word_1_18' title='bbox 2067 666 2156 706; x_wconf 88' lang='lat' dir='ltr'><strong>ac-</strong></span> <span class='ocrx_word' id='word_1_19' title='bbox 2240 650 2611 722; x_wconf 79' lang='lat' dir='ltr'><strong>appellandam</strong></span> <span class='ocrx_word' id='word_1_20' title='bbox 2633 651 2862 718; x_wconf 77' lang='lat' dir='ltr'><strong>censuit,</strong></span> <span class='ocrx_word' id='word_1_21' title='bbox 2893 659 2950 706; x_wconf 93' lang='lat' dir='ltr'><strong>ut</strong></span> <span class='ocrx_word' id='word_1_22' title='bbox 2980 666 3228 724; x_wconf 87' lang='lat' dir='ltr'><strong>magnam</strong></span> <span class='ocrx_word' id='word_1_23' title='bbox 3259 653 3632 725; x_wconf 69' lang='lat' dir='ltr'><strong>migrationem</strong></span> <span class='ocrx_word' id='word_1_24' title='bbox 3656 671 3721 713; x_wconf 87' lang='lat' dir='ltr'><strong>ac</strong></span> <span class='ocrx_word' id='word_1_25' title='bbox 3747 660 3823 712; x_wconf 82' lang='lat' dir='ltr'><strong>vi-</strong></span> 
     </span>
    </p>
   </div>
   <div class='ocr_carea' id='block_1_5' title="bbox 544 747 2130 824">
    <p class='ocr_par' dir='ltr' id='par_1_5' title="bbox 544 747 2130 824">
     <span class='ocr_line' id='line_1_5' title="bbox 544 747 2130 824; baseline -0.012 -10"><span class='ocrx_word' id='word_1_26' title='bbox 544 768 732 815; x_wconf 88' lang='lat' dir='ltr'><strong>curate</strong></span> <span class='ocrx_word' id='word_1_27' title='bbox 756 773 870 812; x_wconf 88' lang='lat' dir='ltr'><strong>rem</strong></span> <span class='ocrx_word' id='word_1_28' title='bbox 891 752 1178 824; x_wconf 88' lang='lat' dir='ltr'><strong>expendat,</strong></span> <span class='ocrx_word' id='word_1_29' title='bbox 1195 750 1304 808; x_wconf 89' lang='lat' dir='ltr'><strong>duo</strong></span> <span class='ocrx_word' id='word_1_30' title='bbox 1330 750 1446 807; x_wconf 67' lang='lat' dir='ltr'><strong>haec</strong></span> <span class='ocrx_word' id='word_1_31' title='bbox 1467 765 1587 806; x_wconf 89' lang='lat' dir='ltr'><strong>esse</strong></span> <span class='ocrx_word' id='word_1_32' title='bbox 1606 747 1933 820; x_wconf 85' lang='lat' dir='ltr'><strong>comperiet;</strong></span> <span class='ocrx_word' id='word_1_33' title='bbox 1967 758 2130 798; x_wconf 87' lang='lat' dir='ltr'><strong>unum</strong></span> 
     </span>
    </p>
   </div>
   <div class='ocr_carea' id='block_1_6' title="bbox 546 835 2128 917">
    <p class='ocr_par' dir='ltr' id='par_1_6' title="bbox 546 835 2128 917">
     <span class='ocr_line' id='line_1_6' title="bbox 546 835 2128 917; baseline -0.009 -12"><span class='ocrx_word' id='word_1_34' title='bbox 546 851 827 916; x_wconf 85' lang='lat' dir='ltr'><strong>nimirum,</strong></span> <span class='ocrx_word' id='word_1_35' title='bbox 851 845 994 917; x_wconf 91' lang='lat' dir='ltr'><strong>quod</strong></span> <span class='ocrx_word' id='word_1_36' title='bbox 1020 853 1238 916; x_wconf 84' lang='lat' dir='ltr'><strong>propter</strong></span> <span class='ocrx_word' id='word_1_37' title='bbox 1268 843 1442 914; x_wconf 92' lang='lat' dir='ltr'><strong>ipsum</strong></span> <span class='ocrx_word' id='word_1_38' title='bbox 1473 843 1726 900; x_wconf 82' lang='lat' dir='ltr'><strong>vivimus.</strong></span> <span class='ocrx_word' id='word_1_39' title='bbox 1755 839 1980 893; x_wconf 90' lang='lat' dir='ltr'><strong>alterum</strong></span> <span class='ocrx_word' id='word_1_40' title='bbox 2005 835 2128 906; x_wconf 85' lang='lat' dir='ltr'><strong>quia</strong></span> 
     </span>
    </p>
   </div>
   <div class='ocr_carea' id='block_1_7' title="bbox 543 935 2124 1012">
    <p class='ocr_par' dir='ltr' id='par_1_7' title="bbox 543 935 2124 1012">
     <span class='ocr_line' id='line_1_7' title="bbox 543 935 2124 1012; baseline -0.01 -14"><span class='ocrx_word' id='word_1_41' title='bbox 543 944 658 1012; x_wconf 86' lang='lat' dir='ltr'><strong>ipse</strong></span> <span class='ocrx_word' id='word_1_42' title='bbox 702 940 872 996; x_wconf 88' lang='lat' dir='ltr'><strong>nostri</strong></span> <span class='ocrx_word' id='word_1_43' title='bbox 913 953 1074 994; x_wconf 83' lang='lat' dir='ltr'><strong>causa</strong></span> <span class='ocrx_word' id='word_1_44' title='bbox 1113 946 1361 993; x_wconf 88' lang='lat' dir='ltr'><strong>mortuus</strong></span> <span class='ocrx_word' id='word_1_45' title='bbox 1401 944 1506 991; x_wconf 85' lang='lat' dir='ltr'><strong>est.</strong></span> <span class='ocrx_word' id='word_1_46' title='bbox 1538 935 1777 1003; x_wconf 86' lang='lat' dir='ltr'><strong>Quorum</strong></span> <span class='ocrx_word' id='word_1_47' title='bbox 1818 941 2124 999; x_wconf 90' lang='lat' dir='ltr'><strong>utrumque,</strong></span> 
     </span>
    </p>
   </div>
   <div class='ocr_carea' id='block_1_8' title="bbox 543 1021 2130 1097">
    <p class='ocr_par' dir='ltr' id='par_1_8' title="bbox 543 1021 2130 1097">
     <span class='ocr_line' id='line_1_8' title="bbox 543 1021 2130 1097; baseline -0.007 -10"><span class='ocrx_word' id='word_1_48' title='bbox 543 1035 627 1089; x_wconf 91' lang='lat' dir='ltr'><strong>vel</strong></span> <span class='ocrx_word' id='word_1_49' title='bbox 669 1031 897 1088; x_wconf 89' lang='lat' dir='ltr'><strong>seorsim</strong></span> <span class='ocrx_word' id='word_1_50' title='bbox 940 1030 1364 1097; x_wconf 86' lang='lat' dir='ltr'><strong>consideratum,</strong></span> <span class='ocrx_word' id='word_1_51' title='bbox 1406 1044 1507 1084; x_wconf 91' lang='lat' dir='ltr'><strong>nos</strong></span> <span class='ocrx_word' id='word_1_52' title='bbox 1535 1029 1584 1084; x_wconf 92' lang='lat' dir='ltr'><strong>ei</strong></span> <span class='ocrx_word' id='word_1_53' title='bbox 1615 1025 1876 1082; x_wconf 82' lang='lat' dir='ltr'><strong>obnoxios</strong></span> <span class='ocrx_word' id='word_1_54' title='bbox 1903 1021 2130 1078; x_wconf 88' lang='lat' dir='ltr'><strong>reddere</strong></span> 
     </span>
    </p>
   </div>
   <div class='ocr_carea' id='block_1_9' title="bbox 541 1119 2128 1196">
    <p class='ocr_par' dir='ltr' id='par_1_9' title="bbox 541 1119 2128 1196">
     <span class='ocr_line' id='line_1_9' title="bbox 541 1119 2128 1196; baseline -0.009 -14"><span class='ocrx_word' id='word_1_55' title='bbox 541 1135 704 1196; x_wconf 83' lang='lat' dir='ltr'><strong>queat</strong></span> <span class='ocrx_word' id='word_1_56' title='bbox 731 1143 746 1180; x_wconf 90' lang='lat'><strong>:</strong></span> <span class='ocrx_word' id='word_1_57' title='bbox 774 1140 896 1180; x_wconf 90' lang='lat' dir='ltr'><strong>cum</strong></span> <span class='ocrx_word' id='word_1_58' title='bbox 922 1134 1104 1180; x_wconf 87' lang='lat' dir='ltr'><strong>autem</strong></span> <span class='ocrx_word' id='word_1_59' title='bbox 1135 1124 1296 1178; x_wconf 88' lang='lat' dir='ltr'><strong>ambo</strong></span> <span class='ocrx_word' id='word_1_60' title='bbox 1327 1123 1378 1177; x_wconf 91' lang='lat' dir='ltr'><strong>in</strong></span> <span class='ocrx_word' id='word_1_61' title='bbox 1413 1137 1578 1177; x_wconf 88' lang='lat' dir='ltr'><strong>unum</strong></span> <span class='ocrx_word' id='word_1_62' title='bbox 1603 1119 1897 1184; x_wconf 81' lang='lat' dir='ltr'><strong>conﬂuant,</strong></span> <span class='ocrx_word' id='word_1_63' title='bbox 1927 1120 2128 1186; x_wconf 83' lang='lat' dir='ltr'><strong>cogites</strong></span> 
     </span>
    </p>
   </div>
   <div class='ocr_carea' id='block_1_10' title="bbox 486 1208 2130 1287">
    <p class='ocr_par' dir='ltr' id='par_1_10' title="bbox 486 1208 2130 1287">
     <span class='ocr_line' id='line_1_10' title="bbox 486 1208 2130 1287; baseline -0.01 -8"><span class='ocrx_word' id='word_1_64' title='bbox 486 1223 498 1279; x_wconf 72' lang='lat'><strong>.’</strong></span> <span class='ocrx_word' id='word_1_65' title='bbox 542 1219 704 1274; x_wconf 87' lang='lat' dir='ltr'><strong>velim</strong></span> <span class='ocrx_word' id='word_1_66' title='bbox 735 1225 936 1287; x_wconf 87' lang='lat' dir='ltr'><strong>quanto</strong></span> <span class='ocrx_word' id='word_1_67' title='bbox 960 1218 1010 1272; x_wconf 91' lang='lat' dir='ltr'><strong>ei</strong></span> <span class='ocrx_word' id='word_1_68' title='bbox 1037 1216 1301 1272; x_wconf 90' lang='lat' dir='ltr'><strong>beneﬁcio</strong></span> <span class='ocrx_word' id='word_1_69' title='bbox 1321 1217 1396 1271; x_wconf 88' lang='lat' dir='ltr'><strong>sis</strong></span> <span class='ocrx_word' id='word_1_70' title='bbox 1413 1213 1719 1269; x_wconf 82' lang='lat' dir='ltr'><strong>devinctus.</strong></span> <span class='ocrx_word' id='word_1_71' title='bbox 1753 1210 1864 1265; x_wconf 93' lang='lat' dir='ltr'><strong>Imo</strong></span> <span class='ocrx_word' id='word_1_72' title='bbox 1889 1209 1988 1263; x_wconf 84' lang='lat' dir='ltr'><strong>tria</strong></span> <span class='ocrx_word' id='word_1_73' title='bbox 2015 1208 2130 1263; x_wconf 59' lang='lat' dir='ltr'><strong>hac</strong></span> 
     </span>
    </p>
   </div>
   <div class='ocr_carea' id='block_1_11' title="bbox 481 1299 2128 1380">
    <p class='ocr_par' dir='ltr' id='par_1_11' title="bbox 481 1299 2128 1380">
     <span class='ocr_line' id='line_1_11' title="bbox 481 1299 2128 1380; baseline -0.006 -16"><span class='ocrx_word' id='word_1_74' title='bbox 481 1299 490 1364; x_wconf 69' lang='grc'><strong>.’</strong></span> <span class='ocrx_word' id='word_1_75' title='bbox 543 1318 688 1366; x_wconf 88' lang='lat' dir='ltr'><strong>sunt.</strong></span> <span class='ocrx_word' id='word_1_76' title='bbox 720 1309 932 1364; x_wconf 87' lang='lat' dir='ltr'><strong>Etenim</strong></span> <span class='ocrx_word' id='word_1_77' title='bbox 963 1309 1227 1380; x_wconf 86' lang='lat' dir='ltr'><strong>primitias</strong></span> <span class='ocrx_word' id='word_1_78' title='bbox 1257 1317 1473 1378; x_wconf 85' lang='lat' dir='ltr'><strong>propter</strong></span> <span class='ocrx_word' id='word_1_79' title='bbox 1512 1315 1564 1361; x_wconf 91' lang='lat' dir='ltr'><strong>te</strong></span> <span class='ocrx_word' id='word_1_80' title='bbox 1585 1303 1860 1369; x_wconf 79' lang='lat' dir='ltr'><strong>excitavit,</strong></span> <span class='ocrx_word' id='word_1_81' title='bbox 1887 1311 2046 1371; x_wconf 89' lang='lat' dir='ltr'><strong>atque</strong></span> <span class='ocrx_word' id='word_1_82' title='bbox 2076 1299 2128 1354; x_wconf 92' lang='lat' dir='ltr'><strong>in</strong></span> 
     </span>
    </p>
   </div>
   <div class='ocr_carea' id='block_1_12' title="bbox 544 1392 2130 1466">
    <p class='ocr_par' dir='ltr' id='par_1_12' title="bbox 544 1392 2130 1466">
     <span class='ocr_line' id='line_1_12' title="bbox 544 1392 2130 1466; baseline -0.007 -8"><span class='ocrx_word' id='word_1_83' title='bbox 544 1403 738 1458; x_wconf 63' lang='lat' dir='ltr'><strong>catlum</strong></span> <span class='ocrx_word' id='word_1_84' title='bbox 785 1401 964 1456; x_wconf 79' lang='lat' dir='ltr'><strong>evexit</strong></span> <span class='ocrx_word' id='word_1_85' title='bbox 993 1417 1007 1454; x_wconf 91' lang='lat'><strong>:</strong></span> <span class='ocrx_word' id='word_1_86' title='bbox 1043 1401 1187 1456; x_wconf 90' lang='lat' dir='ltr'><strong>unde</strong></span> <span class='ocrx_word' id='word_1_87' title='bbox 1220 1401 1380 1454; x_wconf 88' lang='lat' dir='ltr'><strong>etiam</strong></span> <span class='ocrx_word' id='word_1_88' title='bbox 1417 1397 1642 1464; x_wconf 84' lang='lat' dir='ltr'><strong>addidit,</strong></span> <span class='ocrx_word' id='word_1_89' title='bbox 1674 1394 1739 1450; x_wconf 89' lang='lat' dir='ltr'><strong>Ei</strong></span> <span class='ocrx_word' id='word_1_90' title='bbox 1759 1395 1847 1466; x_wconf 85' lang='lat' dir='ltr'><strong>qui</strong></span> <span class='ocrx_word' id='word_1_91' title='bbox 1867 1410 1962 1464; x_wconf 89' lang='lat' dir='ltr'><strong>pro</strong></span> <span class='ocrx_word' id='word_1_92' title='bbox 1988 1392 2130 1448; x_wconf 86' lang='lat' dir='ltr'><strong>nobis</strong></span> 
     </span>
    </p>
   </div>
   <div class='ocr_carea' id='block_1_13' title="bbox 543 1487 2133 1561">
    <p class='ocr_par' dir='ltr' id='par_1_13' title="bbox 543 1487 2133 1561">
     <span class='ocr_line' id='line_1_13' title="bbox 543 1487 2133 1561; baseline -0.006 -13"><span class='ocrx_word' id='word_1_93' title='bbox 543 1505 780 1550; x_wconf 85' lang='lat' dir='ltr'><strong>mortuus</strong></span> <span class='ocrx_word' id='word_1_94' title='bbox 820 1503 894 1549; x_wconf 86' lang='lat' dir='ltr'><strong>est</strong></span> <span class='ocrx_word' id='word_1_95' title='bbox 929 1511 990 1548; x_wconf 86' lang='lat' dir='ltr'><strong>ac</strong></span> <span class='ocrx_word' id='word_1_96' title='bbox 1023 1495 1316 1549; x_wconf 77' lang='lat' dir='ltr'><strong>resurrexit.</strong></span> <span class='ocrx_word' id='word_1_97' title='bbox 1347 1491 1438 1546; x_wconf 85' lang='grc'><strong>16.</strong></span> <span class='ocrx_word' id='word_1_98' title='bbox 1466 1489 1650 1561; x_wconf 89' lang='lat' dir='ltr'><strong>Itaque</strong></span> <span class='ocrx_word' id='word_1_99' title='bbox 1691 1505 1783 1543; x_wconf 86' lang='lat' dir='ltr'><strong>nos</strong></span> <span class='ocrx_word' id='word_1_100' title='bbox 1813 1503 1878 1542; x_wconf 76' lang='lat' dir='ltr'><strong>ea:</strong></span> <span class='ocrx_word' id='word_1_101' title='bbox 1907 1487 2001 1540; x_wconf 89' lang='lat' dir='ltr'><strong>hoc</strong></span> <span class='ocrx_word' id='word_1_102' title='bbox 2017 1488 2133 1556; x_wconf 85' lang='lat' dir='ltr'><strong>jam</strong></span> 
     </span>
    </p>
   </div>
   <div class='ocr_carea' id='block_1_14' title="bbox 548 1578 2132 1640">
    <p class='ocr_par' dir='ltr' id='par_1_14' title="bbox 548 1578 2132 1640">
     <span class='ocr_line' id='line_1_14' title="bbox 548 1578 2132 1640; baseline -0.004 -1"><span class='ocrx_word' id='word_1_103' title='bbox 548 1587 801 1640; x_wconf 86' lang='lat' dir='ltr'><strong>neminem</strong></span> <span class='ocrx_word' id='word_1_104' title='bbox 843 1587 1076 1640; x_wconf 77' lang='lat' dir='ltr'><strong>norimus</strong></span> <span class='ocrx_word' id='word_1_105' title='bbox 1119 1586 1394 1640; x_wconf 80' lang='lat' dir='ltr'><strong>secundum</strong></span> <span class='ocrx_word' id='word_1_106' title='bbox 1436 1597 1662 1636; x_wconf 89' lang='lat' dir='ltr'><strong>carnem.</strong></span> <span class='ocrx_word' id='word_1_107' title='bbox 1708 1579 1842 1635; x_wconf 83' lang='lat' dir='ltr'><strong>Nam</strong></span> <span class='ocrx_word' id='word_1_108' title='bbox 1867 1578 1913 1634; x_wconf 91' lang='lat' dir='ltr'><strong>si</strong></span> <span class='ocrx_word' id='word_1_109' title='bbox 1943 1592 2132 1633; x_wconf 88' lang='lat' dir='ltr'><strong>omnes</strong></span> 
     </span>
    </p>
   </div>
   <div class='ocr_carea' id='block_1_15' title="bbox 548 1671 2134 1744">
    <p class='ocr_par' dir='ltr' id='par_1_15' title="bbox 548 1671 2134 1744">
     <span class='ocr_line' id='line_1_15' title="bbox 548 1671 2134 1744; baseline -0.005 -11"><span class='ocrx_word' id='word_1_110' title='bbox 548 1679 748 1733; x_wconf 87' lang='lat' dir='ltr'><strong>mortui</strong></span> <span class='ocrx_word' id='word_1_111' title='bbox 777 1688 922 1743; x_wconf 91' lang='lat' dir='ltr'><strong>sunt,</strong></span> <span class='ocrx_word' id='word_1_112' title='bbox 951 1688 1004 1732; x_wconf 92' lang='lat' dir='ltr'><strong>et</strong></span> <span class='ocrx_word' id='word_1_113' title='bbox 1029 1691 1220 1732; x_wconf 92' lang='lat' dir='ltr'><strong>omnes</strong></span> <span class='ocrx_word' id='word_1_114' title='bbox 1249 1681 1684 1740; x_wconf 87' lang='lat' dir='ltr'><strong>resurrexerunt,</strong></span> <span class='ocrx_word' id='word_1_115' title='bbox 1707 1681 1865 1744; x_wconf 83' lang='lat' dir='ltr'><strong>atque</strong></span> <span class='ocrx_word' id='word_1_116' title='bbox 1892 1671 1964 1726; x_wconf 90' lang='lat' dir='ltr'><strong>ita</strong></span> <span class='ocrx_word' id='word_1_117' title='bbox 1991 1686 2134 1726; x_wconf 92' lang='lat' dir='ltr'><strong>mor-</strong></span> 
     </span>
    </p>
   </div>
   <div class='ocr_carea' id='block_1_16' title="bbox 546 1762 2132 1839">
    <p class='ocr_par' dir='ltr' id='par_1_16' title="bbox 546 1762 2132 1839">
     <span class='ocr_line' id='line_1_16' title="bbox 546 1762 2132 1839; baseline -0.004 -16"><span class='ocrx_word' id='word_1_118' title='bbox 546 1770 624 1824; x_wconf 88' lang='lat' dir='ltr'><strong>tui</strong></span> <span class='ocrx_word' id='word_1_119' title='bbox 656 1778 800 1834; x_wconf 89' lang='lat' dir='ltr'><strong>suut,</strong></span> <span class='ocrx_word' id='word_1_120' title='bbox 844 1779 901 1824; x_wconf 92' lang='lat' dir='ltr'><strong>ut</strong></span> <span class='ocrx_word' id='word_1_121' title='bbox 935 1769 1139 1839; x_wconf 84' lang='lat' dir='ltr'><strong>peccati</strong></span> <span class='ocrx_word' id='word_1_122' title='bbox 1185 1767 1427 1838; x_wconf 79' lang='lat' dir='ltr'><strong>tyrannis</strong></span> <span class='ocrx_word' id='word_1_123' title='bbox 1452 1780 1548 1822; x_wconf 89' lang='lat' dir='ltr'><strong>eos</strong></span> <span class='ocrx_word' id='word_1_124' title='bbox 1577 1762 2015 1829; x_wconf 83' lang='lat' dir='ltr'><strong>condemnabat;</strong></span> <span class='ocrx_word' id='word_1_125' title='bbox 2043 1776 2132 1818; x_wconf 86' lang='lat' dir='ltr'><strong>re-</strong></span> 
     </span>
    </p>
   </div>
   <div class='ocr_carea' id='block_1_17' title="bbox 548 1857 2136 1931">
    <p class='ocr_par' dir='ltr' id='par_1_17' title="bbox 548 1857 2136 1931">
     <span class='ocr_line' id='line_1_17' title="bbox 548 1857 2136 1931; baseline -0.005 -13"><span class='ocrx_word' id='word_1_126' title='bbox 548 1871 902 1918; x_wconf 88' lang='lat' dir='ltr'><strong>surrexerunt</strong></span> <span class='ocrx_word' id='word_1_127' title='bbox 945 1870 1122 1916; x_wconf 89' lang='lat' dir='ltr'><strong>autem</strong></span> <span class='ocrx_word' id='word_1_128' title='bbox 1169 1875 1269 1931; x_wconf 91' lang='lat' dir='ltr'><strong>per</strong></span> <span class='ocrx_word' id='word_1_129' title='bbox 1315 1858 1744 1930; x_wconf 75' lang='lat' dir='ltr'><strong>regenerationis</strong></span> <span class='ocrx_word' id='word_1_130' title='bbox 1782 1857 2052 1912; x_wconf 87' lang='lat' dir='ltr'><strong>lavacrum</strong></span> <span class='ocrx_word' id='word_1_131' title='bbox 2081 1864 2136 1910; x_wconf 91' lang='lat' dir='ltr'><strong>et</strong></span> 
     </span>
    </p>
   </div>
   <div class='ocr_carea' id='block_1_18' title="bbox 547 1946 2136 2025">
    <p class='ocr_par' dir='ltr' id='par_1_18' title="bbox 547 1946 2136 2025">
     <span class='ocr_line' id='line_1_18' title="bbox 547 1946 2136 2025; baseline -0.006 -14"><span class='ocrx_word' id='word_1_132' title='bbox 547 1955 778 2025; x_wconf 88' lang='lat' dir='ltr'><strong>Spiritus</strong></span> <span class='ocrx_word' id='word_1_133' title='bbox 805 1953 975 2008; x_wconf 85' lang='lat' dir='ltr'><strong>sancti</strong></span> <span class='ocrx_word' id='word_1_134' title='bbox 1002 1953 1442 2017; x_wconf 87' lang='lat' dir='ltr'><strong>renovationem;</strong></span> <span class='ocrx_word' id='word_1_135' title='bbox 1471 1951 1594 2022; x_wconf 87' lang='lat' dir='ltr'><strong>jure</strong></span> <span class='ocrx_word' id='word_1_136' title='bbox 1620 1949 2049 2017; x_wconf 88' lang='lat' dir='ltr'><strong>dicit,Neminem</strong></span> <span class='ocrx_word' id='word_1_137' title='bbox 2075 1946 2136 2002; x_wconf 88' lang='lat' dir='ltr'><strong>ﬁ-</strong></span> 
     </span>
    </p>
   </div>
   <div class='ocr_carea' id='block_1_19' title="bbox 547 2042 2136 2103">
    <p class='ocr_par' dir='ltr' id='par_1_19' title="bbox 547 2042 2136 2103">
     <span class='ocr_line' id='line_1_19' title="bbox 547 2042 2136 2103; baseline -0.004 -1"><span class='ocrx_word' id='word_1_138' title='bbox 547 2048 748 2103; x_wconf 86' lang='lat' dir='ltr'><strong>delium</strong></span> <span class='ocrx_word' id='word_1_139' title='bbox 779 2047 1007 2101; x_wconf 75' lang='lat' dir='ltr'><strong>norimus</strong></span> <span class='ocrx_word' id='word_1_140' title='bbox 1031 2045 1309 2101; x_wconf 82' lang='lat' dir='ltr'><strong>secundum</strong></span> <span class='ocrx_word' id='word_1_141' title='bbox 1334 2062 1557 2100; x_wconf 88' lang='lat' dir='ltr'><strong>carnem.</strong></span> <span class='ocrx_word' id='word_1_142' title='bbox 1590 2043 1707 2099; x_wconf 86' lang='lat' dir='ltr'><strong>Etsi</strong></span> <span class='ocrx_word' id='word_1_143' title='bbox 1725 2043 1868 2099; x_wconf 90' lang='lat' dir='ltr'><strong>enim</strong></span> <span class='ocrx_word' id='word_1_144' title='bbox 1896 2042 1949 2097; x_wconf 94' lang='lat' dir='ltr'><strong>in</strong></span> <span class='ocrx_word' id='word_1_145' title='bbox 1974 2055 2136 2097; x_wconf 88' lang='lat' dir='ltr'><strong>carne</strong></span> 
     </span>
    </p>
   </div>
   <div class='ocr_carea' id='block_1_20' title="bbox 550 2134 2136 2212">
    <p class='ocr_par' dir='ltr' id='par_1_20' title="bbox 550 2134 2136 2212">
     <span class='ocr_line' id='line_1_20' title="bbox 550 2134 2136 2212; baseline -0.004 -17"><span class='ocrx_word' id='word_1_146' title='bbox 550 2148 697 2206; x_wconf 87' lang='lat' dir='ltr'><strong>sunt,</strong></span> <span class='ocrx_word' id='word_1_147' title='bbox 741 2138 870 2212; x_wconf 92' lang='lat' dir='ltr'><strong>quid</strong></span> <span class='ocrx_word' id='word_1_148' title='bbox 917 2138 1074 2193; x_wconf 82' lang='lat' dir='ltr'><strong>tum?</strong></span> <span class='ocrx_word' id='word_1_149' title='bbox 1112 2137 1244 2192; x_wconf 85' lang='lat' dir='ltr'><strong>Nam</strong></span> <span class='ocrx_word' id='word_1_150' title='bbox 1275 2137 1506 2193; x_wconf 85' lang='lat' dir='ltr'><strong>carnalis</strong></span> <span class='ocrx_word' id='word_1_151' title='bbox 1534 2135 1624 2191; x_wconf 90' lang='lat' dir='ltr'><strong>illa</strong></span> <span class='ocrx_word' id='word_1_152' title='bbox 1650 2136 1756 2190; x_wconf 88' lang='lat' dir='ltr'><strong>vita</strong></span> <span class='ocrx_word' id='word_1_153' title='bbox 1800 2134 2038 2189; x_wconf 86' lang='lat' dir='ltr'><strong>interiit:</strong></span> <span class='ocrx_word' id='word_1_154' title='bbox 2071 2147 2136 2188; x_wconf 90' lang='lat' dir='ltr'><strong>ac</strong></span> 
     </span>
    </p>
   </div>
   <div class='ocr_carea' id='block_1_21' title="bbox 547 2227 2135 2301">
    <p class='ocr_par' dir='ltr' id='par_1_21' title="bbox 547 2227 2135 2301">
     <span class='ocr_line' id='line_1_21' title="bbox 547 2227 2135 2301; baseline -0.004 -13"><span class='ocrx_word' id='word_1_155' title='bbox 547 2232 785 2301; x_wconf 89' lang='lat' dir='ltr'><strong>desuper</strong></span> <span class='ocrx_word' id='word_1_156' title='bbox 833 2230 888 2286; x_wconf 92' lang='lat' dir='ltr'><strong>in</strong></span> <span class='ocrx_word' id='word_1_157' title='bbox 934 2229 1136 2300; x_wconf 89' lang='lat' dir='ltr'><strong>Spiritu</strong></span> <span class='ocrx_word' id='word_1_158' title='bbox 1182 2229 1349 2300; x_wconf 88' lang='lat' dir='ltr'><strong>geniti</strong></span> <span class='ocrx_word' id='word_1_159' title='bbox 1393 2243 1600 2294; x_wconf 89' lang='lat' dir='ltr'><strong>sumus,</strong></span> <span class='ocrx_word' id='word_1_160' title='bbox 1632 2235 1797 2298; x_wconf 90' lang='lat' dir='ltr'><strong>atque</strong></span> <span class='ocrx_word' id='word_1_161' title='bbox 1823 2227 1984 2282; x_wconf 89' lang='lat' dir='ltr'><strong>aliam</strong></span> <span class='ocrx_word' id='word_1_162' title='bbox 2013 2227 2135 2282; x_wconf 67' lang='lat' dir='ltr'><strong>vitae</strong></span> 
     </span>
    </p>
   </div>
   <div class='ocr_carea' id='block_1_22' title="bbox 548 2320 2135 2393">
    <p class='ocr_par' dir='ltr' id='par_1_22' title="bbox 548 2320 2135 2393">
     <span class='ocr_line' id='line_1_22' title="bbox 548 2320 2135 2393; baseline -0.003 -13"><span class='ocrx_word' id='word_1_163' title='bbox 548 2324 814 2380; x_wconf 87' lang='lat' dir='ltr'><strong>rationem</strong></span> <span class='ocrx_word' id='word_1_164' title='bbox 843 2322 1120 2393; x_wconf 90' lang='lat' dir='ltr'><strong>aliumque</strong></span> <span class='ocrx_word' id='word_1_165' title='bbox 1144 2322 1267 2376; x_wconf 74' lang='lat' dir='ltr'><strong>vita:</strong></span> <span class='ocrx_word' id='word_1_166' title='bbox 1288 2331 1508 2386; x_wconf 88' lang='lat' dir='ltr'><strong>statum,</strong></span> <span class='ocrx_word' id='word_1_167' title='bbox 1539 2321 1789 2375; x_wconf 90' lang='lat' dir='ltr'><strong>nimirum</strong></span> <span class='ocrx_word' id='word_1_168' title='bbox 1812 2335 1936 2376; x_wconf 92' lang='lat' dir='ltr'><strong>eum</strong></span> <span class='ocrx_word' id='word_1_169' title='bbox 1965 2322 2056 2391; x_wconf 90' lang='lat' dir='ltr'><strong>qui</strong></span> <span class='ocrx_word' id='word_1_170' title='bbox 2080 2320 2135 2376; x_wconf 89' lang='lat' dir='ltr'><strong>in</strong></span> 
     </span>
    </p>
   </div>
   <div class='ocr_carea' id='block_1_23' title="bbox 550 2411 2135 2484">
    <p class='ocr_par' dir='ltr' id='par_1_23' title="bbox 550 2411 2135 2484">
     <span class='ocr_line' id='line_1_23' title="bbox 550 2411 2135 2484; baseline -0.002 -14"><span class='ocrx_word' id='word_1_171' title='bbox 550 2416 701 2471; x_wconf 80' lang='lat' dir='ltr'><strong>caelis</strong></span> <span class='ocrx_word' id='word_1_172' title='bbox 726 2425 832 2478; x_wconf 85' lang='lat' dir='ltr'><strong>est.</strong></span> <span class='ocrx_word' id='word_1_173' title='bbox 864 2415 1132 2470; x_wconf 89' lang='lat' dir='ltr'><strong>novimus.</strong></span> <span class='ocrx_word' id='word_1_174' title='bbox 1164 2414 1244 2470; x_wconf 91' lang='lat' dir='ltr'><strong>Ac</strong></span> <span class='ocrx_word' id='word_1_175' title='bbox 1270 2429 1481 2470; x_wconf 90' lang='lat' dir='ltr'><strong>rursum</strong></span> <span class='ocrx_word' id='word_1_176' title='bbox 1500 2413 1659 2484; x_wconf 89' lang='lat' dir='ltr'><strong>hujus</strong></span> <span class='ocrx_word' id='word_1_177' title='bbox 1678 2411 1926 2469; x_wconf 90' lang='lat' dir='ltr'><strong>beneﬁcii</strong></span> <span class='ocrx_word' id='word_1_178' title='bbox 1946 2422 2135 2468; x_wconf 86' lang='lat' dir='ltr'><strong>aucto-</strong></span> 
     </span>
    </p>
   </div>
   <div class='ocr_carea' id='block_1_24' title="bbox 555 2504 2134 2578">
    <p class='ocr_par' dir='ltr' id='par_1_24' title="bbox 555 2504 2134 2578">
     <span class='ocr_line' id='line_1_24' title="bbox 555 2504 2134 2578; baseline -0.003 -15"><span class='ocrx_word' id='word_1_179' title='bbox 555 2525 672 2564; x_wconf 88' lang='lat' dir='ltr'><strong>rem</strong></span> <span class='ocrx_word' id='word_1_180' title='bbox 703 2507 972 2564; x_wconf 88' lang='lat' dir='ltr'><strong>Christum</strong></span> <span class='ocrx_word' id='word_1_181' title='bbox 991 2522 1114 2563; x_wconf 90' lang='lat' dir='ltr'><strong>esse</strong></span> <span class='ocrx_word' id='word_1_182' title='bbox 1132 2507 1390 2572; x_wconf 89' lang='lat' dir='ltr'><strong>ostendit,</strong></span> <span class='ocrx_word' id='word_1_183' title='bbox 1423 2521 1486 2560; x_wconf 89' lang='lat' dir='ltr'><strong>ac</strong></span> <span class='ocrx_word' id='word_1_184' title='bbox 1511 2515 1799 2578; x_wconf 87' lang='lat' dir='ltr'><strong>propterea</strong></span> <span class='ocrx_word' id='word_1_185' title='bbox 1818 2504 2096 2574; x_wconf 90' lang='lat' dir='ltr'><strong>subjuuxit</strong></span> <span class='ocrx_word' id='word_1_186' title='bbox 2119 2521 2134 2558; x_wconf 91' lang='lat'><strong>:</strong></span> 
     </span>
    </p>
   </div>
   <div class='ocr_carea' id='block_1_25' title="bbox 553 2595 2140 2669">
    <p class='ocr_par' dir='ltr' id='par_1_25' title="bbox 553 2595 2140 2669">
     <span class='ocr_line' id='line_1_25' title="bbox 553 2595 2140 2669; baseline -0.003 -16"><span class='ocrx_word' id='word_1_187' title='bbox 553 2600 665 2653; x_wconf 75' lang='lat' dir='ltr'><strong>Etsi</strong></span> <span class='ocrx_word' id='word_1_188' title='bbox 693 2599 1018 2669; x_wconf 73' lang='lat' dir='ltr'><strong>cognovimus</strong></span> <span class='ocrx_word' id='word_1_189' title='bbox 1045 2597 1300 2652; x_wconf 79' lang='lat' dir='ltr'><strong>Christum</strong></span> <span class='ocrx_word' id='word_1_190' title='bbox 1325 2596 1602 2652; x_wconf 85' lang='lat' dir='ltr'><strong>secundum</strong></span> <span class='ocrx_word' id='word_1_191' title='bbox 1630 2611 1854 2662; x_wconf 86' lang='lat' dir='ltr'><strong>carnem,</strong></span> <span class='ocrx_word' id='word_1_192' title='bbox 1887 2595 1976 2652; x_wconf 87' lang='lat' dir='ltr'><strong>sed</strong></span> <span class='ocrx_word' id='word_1_193' title='bbox 2001 2611 2140 2649; x_wconf 87' lang='lat' dir='ltr'><strong>nunc</strong></span> 
     </span>
    </p>
   </div>
   <div class='ocr_carea' id='block_1_26' title="bbox 539 2696 1060 2768">
    <p class='ocr_par' dir='ltr' id='par_1_26' title="bbox 539 2696 1060 2768">
     <span class='ocr_line' id='line_1_26' title="bbox 539 2696 1060 2768; baseline -0.004 -18"><span class='ocrx_word' id='word_1_194' title='bbox 539 2699 656 2768; x_wconf 86' lang='lat' dir='ltr'><strong>jam</strong></span> <span class='ocrx_word' id='word_1_195' title='bbox 683 2713 784 2750; x_wconf 86' lang='lat' dir='ltr'><strong>non</strong></span> <span class='ocrx_word' id='word_1_196' title='bbox 811 2696 1060 2750; x_wconf 79' lang='lat' dir='ltr'><strong>novimus.</strong></span> 
     </span>
    </p>
   </div>
   <div class='ocr_carea' id='block_1_27' title="bbox 618 2783 2139 2856">
    <p class='ocr_par' dir='ltr' id='par_1_27' title="bbox 618 2783 2139 2856">
     <span class='ocr_line' id='line_1_27' title="bbox 618 2783 2139 2856; baseline -0.003 -14"><span class='ocrx_word' id='word_1_197' title='bbox 618 2789 674 2842; x_wconf 72' lang='grc'><strong>2.</strong></span> <span class='ocrx_word' id='word_1_198' title='bbox 705 2787 845 2855; x_wconf 75' lang='lat' dir='ltr'><strong>Quid</strong></span> <span class='ocrx_word' id='word_1_199' title='bbox 882 2785 1082 2856; x_wconf 82' lang='lat' dir='ltr'><strong>igitur?</strong></span> <span class='ocrx_word' id='word_1_200' title='bbox 1129 2785 1278 2841; x_wconf 89' lang='lat' dir='ltr'><strong>dices</strong></span> <span class='ocrx_word' id='word_1_201' title='bbox 1300 2826 1316 2850; x_wconf 92' lang='lat'><strong>,</strong></span> <span class='ocrx_word' id='word_1_202' title='bbox 1347 2799 1417 2839; x_wconf 92' lang='lat' dir='ltr'><strong>an</strong></span> <span class='ocrx_word' id='word_1_203' title='bbox 1445 2799 1666 2840; x_wconf 89' lang='lat' dir='ltr'><strong>carnem</strong></span> <span class='ocrx_word' id='word_1_204' title='bbox 1696 2783 1864 2846; x_wconf 85' lang='lat' dir='ltr'><strong>exuit.</strong></span> <span class='ocrx_word' id='word_1_205' title='bbox 1898 2797 1963 2838; x_wconf 91' lang='lat' dir='ltr'><strong>ac</strong></span> <span class='ocrx_word' id='word_1_206' title='bbox 1992 2795 2139 2838; x_wconf 91' lang='lat' dir='ltr'><strong>nunc</strong></span> 
     </span>
    </p>
   </div>
   <div class='ocr_carea' id='block_1_28' title="bbox 549 2874 2139 2950">
    <p class='ocr_par' dir='ltr' id='par_1_28' title="bbox 549 2874 2139 2950">
     <span class='ocr_line' id='line_1_28' title="bbox 549 2874 2139 2950; baseline -0.004 -15"><span class='ocrx_word' id='word_1_207' title='bbox 549 2879 796 2950; x_wconf 87' lang='lat' dir='ltr'><strong>corporis</strong></span> <span class='ocrx_word' id='word_1_208' title='bbox 839 2886 925 2934; x_wconf 90' lang='lat' dir='ltr'><strong>est</strong></span> <span class='ocrx_word' id='word_1_209' title='bbox 966 2877 1202 2948; x_wconf 86' lang='lat' dir='ltr'><strong>expers?</strong></span> <span class='ocrx_word' id='word_1_210' title='bbox 1243 2876 1466 2947; x_wconf 85' lang='lat' dir='ltr'><strong>Apage:</strong></span> <span class='ocrx_word' id='word_1_211' title='bbox 1514 2891 1638 2932; x_wconf 91' lang='lat' dir='ltr'><strong>nam</strong></span> <span class='ocrx_word' id='word_1_212' title='bbox 1670 2891 1811 2932; x_wconf 90' lang='lat' dir='ltr'><strong>nunc</strong></span> <span class='ocrx_word' id='word_1_213' title='bbox 1840 2890 2055 2947; x_wconf 89' lang='lat' dir='ltr'><strong>quoque</strong></span> <span class='ocrx_word' id='word_1_214' title='bbox 2083 2874 2139 2929; x_wconf 91' lang='lat' dir='ltr'><strong>in</strong></span> 
     </span>
    </p>
   </div>
   <div class='ocr_carea' id='block_1_29' title="bbox 547 2967 2142 3037">
    <p class='ocr_par' dir='ltr' id='par_1_29' title="bbox 547 2967 2142 3037">
     <span class='ocr_line' id='line_1_29' title="bbox 547 2967 2142 3037; baseline -0.004 -10"><span class='ocrx_word' id='word_1_215' title='bbox 547 2985 714 3027; x_wconf 80' lang='lat' dir='ltr'><strong>carne</strong></span> <span class='ocrx_word' id='word_1_216' title='bbox 739 2978 842 3026; x_wconf 86' lang='lat' dir='ltr'><strong>est.</strong></span> <span class='ocrx_word' id='word_1_217' title='bbox 869 2968 971 3023; x_wconf 85' lang='lat' dir='ltr'><strong>Hic</strong></span> <span class='ocrx_word' id='word_1_218' title='bbox 996 2968 1139 3024; x_wconf 93' lang='lat' dir='ltr'><strong>enim</strong></span> <span class='ocrx_word' id='word_1_219' title='bbox 1160 2967 1330 3033; x_wconf 75' lang='lat' dir='ltr'><strong>Iesus,</strong></span> <span class='ocrx_word' id='word_1_220' title='bbox 1348 2967 1434 3037; x_wconf 87' lang='lat' dir='ltr'><strong>qui</strong></span> <span class='ocrx_word' id='word_1_221' title='bbox 1454 2968 1641 3022; x_wconf 81' lang='lat' dir='ltr'><strong>auobis</strong></span> <span class='ocrx_word' id='word_1_222' title='bbox 1675 2976 1964 3037; x_wconf 71' lang='lat' dir='ltr'><strong>assumptus</strong></span> <span class='ocrx_word' id='word_1_223' title='bbox 1985 2975 2060 3022; x_wconf 89' lang='lat' dir='ltr'><strong>est</strong></span> <span class='ocrx_word' id='word_1_224' title='bbox 2086 2967 2142 3020; x_wconf 87' lang='lat' dir='ltr'><strong>in</strong></span> 
     </span>
    </p>
   </div>
   <div class='ocr_carea' id='block_1_30' title="bbox 551 3059 2144 3132">
    <p class='ocr_par' dir='ltr' id='par_1_30' title="bbox 551 3059 2144 3132">
     <span class='ocr_line' id='line_1_30' title="bbox 551 3059 2144 3132; baseline -0.004 -16"><span class='ocrx_word' id='word_1_225' title='bbox 551 3063 754 3127; x_wconf 66' lang='lat' dir='ltr'><strong>calum,</strong></span> <span class='ocrx_word' id='word_1_226' title='bbox 785 3063 860 3116; x_wconf 90' lang='lat' dir='ltr'><strong>sic</strong></span> <span class='ocrx_word' id='word_1_227' title='bbox 884 3061 1046 3115; x_wconf 84' lang='lat' dir='ltr'><strong>ueniet</strong></span> <span class='ocrx_word' id='word_1_228' title='bbox 1069 3060 1205 3132; x_wconf 82' lang='lat' dir='ltr'><strong>(Act.</strong></span> <span class='ocrx_word' id='word_1_229' title='bbox 1238 3061 1290 3116; x_wconf 92' lang='grc'><strong>1.</strong></span> <span class='ocrx_word' id='word_1_230' title='bbox 1321 3059 1433 3129; x_wconf 83' lang='lat' dir='ltr'><strong>ll).</strong></span> <span class='ocrx_word' id='word_1_231' title='bbox 1461 3059 1768 3126; x_wconf 83' lang='lat' dir='ltr'><strong>Quomodo,</strong></span> <span class='ocrx_word' id='word_1_232' title='bbox 1796 3060 1916 3114; x_wconf 86' lang='lat' dir='ltr'><strong>sic?</strong></span> <span class='ocrx_word' id='word_1_233' title='bbox 1944 3059 2003 3114; x_wconf 92' lang='lat' dir='ltr'><strong>ln</strong></span> <span class='ocrx_word' id='word_1_234' title='bbox 2026 3073 2144 3113; x_wconf 86' lang='lat' dir='ltr'><strong>car-</strong></span> 
     </span>
    </p>
   </div>
   <div class='ocr_carea' id='block_1_31' title="bbox 555 3149 2146 3220">
    <p class='ocr_par' dir='ltr' id='par_1_31' title="bbox 555 3149 2146 3220">
     <span class='ocr_line' id='line_1_31' title="bbox 555 3149 2146 3220; baseline -0.004 -12"><span class='ocrx_word' id='word_1_235' title='bbox 555 3168 630 3209; x_wconf 92' lang='lat' dir='ltr'><strong>ne</strong></span> <span class='ocrx_word' id='word_1_236' title='bbox 657 3151 924 3218; x_wconf 89' lang='lat' dir='ltr'><strong>videlicet,</strong></span> <span class='ocrx_word' id='word_1_237' title='bbox 949 3161 1003 3206; x_wconf 90' lang='lat' dir='ltr'><strong>et</strong></span> <span class='ocrx_word' id='word_1_238' title='bbox 1031 3166 1151 3204; x_wconf 92' lang='lat' dir='ltr'><strong>cum</strong></span> <span class='ocrx_word' id='word_1_239' title='bbox 1183 3165 1430 3219; x_wconf 88' lang='lat' dir='ltr'><strong>corpore.</strong></span> <span class='ocrx_word' id='word_1_240' title='bbox 1461 3150 1569 3206; x_wconf 90' lang='lat' dir='ltr'><strong>Cur</strong></span> <span class='ocrx_word' id='word_1_241' title='bbox 1592 3165 1722 3220; x_wconf 89' lang='lat' dir='ltr'><strong>ergo</strong></span> <span class='ocrx_word' id='word_1_242' title='bbox 1749 3149 1902 3215; x_wconf 88' lang='lat' dir='ltr'><strong>dicit,</strong></span> <span class='ocrx_word' id='word_1_243' title='bbox 1922 3149 2034 3204; x_wconf 88' lang='lat' dir='ltr'><strong>Etsi</strong></span> <span class='ocrx_word' id='word_1_244' title='bbox 2057 3165 2146 3202; x_wconf 90' lang='lat' dir='ltr'><strong>co-</strong></span> 
     </span>
    </p>
   </div>
   <div class='ocr_carea' id='block_1_32' title="bbox 553 3239 2143 3316">
    <p class='ocr_par' dir='ltr' id='par_1_32' title="bbox 553 3239 2143 3316">
     <span class='ocr_line' id='line_1_32' title="bbox 553 3239 2143 3316; baseline -0.002 -19"><span class='ocrx_word' id='word_1_245' title='bbox 553 3243 816 3316; x_wconf 82' lang='lat' dir='ltr'><strong>gnouimus</strong></span> <span class='ocrx_word' id='word_1_246' title='bbox 829 3239 1087 3297; x_wconf 78' lang='lat' dir='ltr'><strong>Christum</strong></span> <span class='ocrx_word' id='word_1_247' title='bbox 1107 3241 1383 3296; x_wconf 85' lang='lat' dir='ltr'><strong>secundum</strong></span> <span class='ocrx_word' id='word_1_248' title='bbox 1401 3257 1621 3306; x_wconf 87' lang='lat' dir='ltr'><strong>carnem,</strong></span> <span class='ocrx_word' id='word_1_249' title='bbox 1647 3241 1736 3296; x_wconf 85' lang='lat' dir='ltr'><strong>sed</strong></span> <span class='ocrx_word' id='word_1_250' title='bbox 1761 3258 1896 3295; x_wconf 88' lang='lat' dir='ltr'><strong>nunc</strong></span> <span class='ocrx_word' id='word_1_251' title='bbox 1912 3243 2026 3312; x_wconf 87' lang='lat' dir='ltr'><strong>jam</strong></span> <span class='ocrx_word' id='word_1_252' title='bbox 2042 3257 2143 3294; x_wconf 85' lang='lat' dir='ltr'><strong>non</strong></span> 
     </span>
    </p>
   </div>
   <div class='ocr_carea' id='block_1_33' title="bbox 555 3331 2140 3398">
    <p class='ocr_par' dir='ltr' id='par_1_33' title="bbox 555 3331 2140 3398">
     <span class='ocr_line' id='line_1_33' title="bbox 555 3331 2140 3398; baseline -0.003 -9"><span class='ocrx_word' id='word_1_253' title='bbox 555 3335 830 3389; x_wconf 78' lang='lat' dir='ltr'><strong>novimus?</strong></span> <span class='ocrx_word' id='word_1_254' title='bbox 857 3333 992 3389; x_wconf 91' lang='lat' dir='ltr'><strong>Cum</strong></span> <span class='ocrx_word' id='word_1_255' title='bbox 1014 3333 1080 3388; x_wconf 91' lang='lat' dir='ltr'><strong>de</strong></span> <span class='ocrx_word' id='word_1_256' title='bbox 1106 3331 1260 3386; x_wconf 87' lang='lat' dir='ltr'><strong>nobis</strong></span> <span class='ocrx_word' id='word_1_257' title='bbox 1280 3346 1459 3387; x_wconf 91' lang='lat' dir='ltr'><strong>sermo</strong></span> <span class='ocrx_word' id='word_1_258' title='bbox 1474 3342 1576 3397; x_wconf 91' lang='lat' dir='ltr'><strong>est,</strong></span> <span class='ocrx_word' id='word_1_259' title='bbox 1601 3331 1894 3387; x_wconf 87' lang='lat' dir='ltr'><strong>Secundum</strong></span> <span class='ocrx_word' id='word_1_260' title='bbox 1916 3347 2140 3398; x_wconf 87' lang='lat' dir='ltr'><strong>carnem,</strong></span> 
     </span>
    </p>
   </div>
   <div class='ocr_carea' id='block_1_34' title="bbox 554 3425 2143 3495">
    <p class='ocr_par' dir='ltr' id='par_1_34' title="bbox 554 3425 2143 3495">
     <span class='ocr_line' id='line_1_34' title="bbox 554 3425 2143 3495; baseline -0.002 -15"><span class='ocrx_word' id='word_1_261' title='bbox 554 3426 696 3481; x_wconf 91' lang='lat' dir='ltr'><strong>idem</strong></span> <span class='ocrx_word' id='word_1_262' title='bbox 724 3433 827 3492; x_wconf 89' lang='lat' dir='ltr'><strong>est,</strong></span> <span class='ocrx_word' id='word_1_263' title='bbox 857 3425 998 3494; x_wconf 92' lang='lat' dir='ltr'><strong>quod</strong></span> <span class='ocrx_word' id='word_1_264' title='bbox 1031 3426 1084 3480; x_wconf 93' lang='lat' dir='ltr'><strong>in</strong></span> <span class='ocrx_word' id='word_1_265' title='bbox 1123 3425 1356 3495; x_wconf 89' lang='lat' dir='ltr'><strong>peccatis</strong></span> <span class='ocrx_word' id='word_1_266' title='bbox 1383 3439 1539 3491; x_wconf 87' lang='lat' dir='ltr'><strong>esse;</strong></span> <span class='ocrx_word' id='word_1_267' title='bbox 1571 3433 1782 3491; x_wconf 89' lang='lat' dir='ltr'><strong>contra,</strong></span> <span class='ocrx_word' id='word_1_268' title='bbox 1815 3441 1917 3478; x_wconf 87' lang='lat' dir='ltr'><strong>non</strong></span> <span class='ocrx_word' id='word_1_269' title='bbox 1965 3441 2143 3478; x_wconf 82' lang='lat' dir='ltr'><strong>secun-</strong></span> 
     </span>
    </p>
   </div>
   <div class='ocr_carea' id='block_1_35' title="bbox 553 3515 2142 3588">
    <p class='ocr_par' dir='ltr' id='par_1_35' title="bbox 553 3515 2142 3588">
     <span class='ocr_line' id='line_1_35' title="bbox 553 3515 2142 3588; baseline -0.001 -17"><span class='ocrx_word' id='word_1_270' title='bbox 553 3518 678 3572; x_wconf 82' lang='lat' dir='ltr'><strong>dum</strong></span> <span class='ocrx_word' id='word_1_271' title='bbox 697 3533 920 3585; x_wconf 87' lang='lat' dir='ltr'><strong>carnem,</strong></span> <span class='ocrx_word' id='word_1_272' title='bbox 945 3517 1084 3572; x_wconf 89' lang='lat' dir='ltr'><strong>idem</strong></span> <span class='ocrx_word' id='word_1_273' title='bbox 1115 3515 1256 3588; x_wconf 89' lang='lat' dir='ltr'><strong>quod</strong></span> <span class='ocrx_word' id='word_1_274' title='bbox 1287 3517 1340 3571; x_wconf 89' lang='lat' dir='ltr'><strong>in</strong></span> <span class='ocrx_word' id='word_1_275' title='bbox 1364 3516 1596 3587; x_wconf 84' lang='lat' dir='ltr'><strong>peccatis</strong></span> <span class='ocrx_word' id='word_1_276' title='bbox 1621 3530 1726 3572; x_wconf 91' lang='lat' dir='ltr'><strong>non</strong></span> <span class='ocrx_word' id='word_1_277' title='bbox 1757 3531 1879 3572; x_wconf 90' lang='lat' dir='ltr'><strong>esse</strong></span> <span class='ocrx_word' id='word_1_278' title='bbox 1903 3534 1914 3568; x_wconf 91' lang='lat'><strong>:</strong></span> <span class='ocrx_word' id='word_1_279' title='bbox 1941 3523 1996 3570; x_wconf 87' lang='lat' dir='ltr'><strong>at</strong></span> <span class='ocrx_word' id='word_1_280' title='bbox 2019 3530 2142 3570; x_wconf 91' lang='lat' dir='ltr'><strong>cum</strong></span> 
     </span>
    </p>
   </div>
   <div class='ocr_carea' id='block_1_36' title="bbox 551 3606 2142 3674">
    <p class='ocr_par' dir='ltr' id='par_1_36' title="bbox 551 3606 2142 3674">
     <span class='ocr_line' id='line_1_36' title="bbox 551 3606 2142 3674; baseline -0.001 -12"><span class='ocrx_word' id='word_1_281' title='bbox 551 3609 623 3664; x_wconf 85' lang='lat' dir='ltr'><strong>tle</strong></span> <span class='ocrx_word' id='word_1_282' title='bbox 651 3608 867 3664; x_wconf 85' lang='lat' dir='ltr'><strong>Christo</strong></span> <span class='ocrx_word' id='word_1_283' title='bbox 914 3622 1094 3662; x_wconf 88' lang='lat' dir='ltr'><strong>sermo</strong></span> <span class='ocrx_word' id='word_1_284' title='bbox 1135 3607 1384 3674; x_wconf 90' lang='lat' dir='ltr'><strong>habetur,</strong></span> <span class='ocrx_word' id='word_1_285' title='bbox 1417 3607 1709 3662; x_wconf 91' lang='lat' dir='ltr'><strong>secundum</strong></span> <span class='ocrx_word' id='word_1_286' title='bbox 1749 3621 1965 3662; x_wconf 87' lang='lat' dir='ltr'><strong>carnem</strong></span> <span class='ocrx_word' id='word_1_287' title='bbox 2010 3606 2142 3660; x_wconf 92' lang='lat' dir='ltr'><strong>nihil</strong></span> 
     </span>
    </p>
   </div>
   <div class='ocr_carea' id='block_1_37' title="bbox 553 3697 2141 3771">
    <p class='ocr_par' dir='ltr' id='par_1_37' title="bbox 553 3697 2141 3771">
     <span class='ocr_line' id='line_1_37' title="bbox 553 3697 2141 3771; baseline -0.002 -14"><span class='ocrx_word' id='word_1_288' title='bbox 553 3701 699 3757; x_wconf 85' lang='lat' dir='ltr'><strong>aliud</strong></span> <span class='ocrx_word' id='word_1_289' title='bbox 730 3700 1014 3771; x_wconf 82' lang='lat' dir='ltr'><strong>signiﬁcat,</strong></span> <span class='ocrx_word' id='word_1_290' title='bbox 1041 3714 1201 3769; x_wconf 91' lang='lat' dir='ltr'><strong>quam</strong></span> <span class='ocrx_word' id='word_1_291' title='bbox 1241 3699 1294 3754; x_wconf 91' lang='lat' dir='ltr'><strong>in</strong></span> <span class='ocrx_word' id='word_1_292' title='bbox 1331 3707 1540 3757; x_wconf 56' lang='lat' dir='ltr'><strong>natura:</strong></span> <span class='ocrx_word' id='word_1_293' title='bbox 1580 3697 1952 3754; x_wconf 76' lang='lat' dir='ltr'><strong>affectionibus</strong></span> <span class='ocrx_word' id='word_1_294' title='bbox 1999 3713 2141 3764; x_wconf 88' lang='lat' dir='ltr'><strong>esse,</strong></span> 
     </span>
    </p>
   </div>
   <div class='ocr_carea' id='block_1_38' title="bbox 553 3788 2145 3862">
    <p class='ocr_par' dir='ltr' id='par_1_38' title="bbox 553 3788 2145 3862">
     <span class='ocr_line' id='line_1_38' title="bbox 553 3788 2145 3862; baseline -0.005 -14"><span class='ocrx_word' id='word_1_295' title='bbox 553 3793 685 3848; x_wconf 90' lang='lat' dir='ltr'><strong>utin</strong></span> <span class='ocrx_word' id='word_1_296' title='bbox 707 3792 866 3857; x_wconf 85' lang='lat' dir='ltr'><strong>fame,</strong></span> <span class='ocrx_word' id='word_1_297' title='bbox 895 3791 950 3846; x_wconf 90' lang='lat' dir='ltr'><strong>in</strong></span> <span class='ocrx_word' id='word_1_298' title='bbox 979 3792 1090 3856; x_wconf 92' lang='lat' dir='ltr'><strong>siti,</strong></span> <span class='ocrx_word' id='word_1_299' title='bbox 1121 3790 1175 3846; x_wconf 93' lang='lat' dir='ltr'><strong>in</strong></span> <span class='ocrx_word' id='word_1_300' title='bbox 1197 3791 1523 3862; x_wconf 81' lang='lat' dir='ltr'><strong>fatigatione,</strong></span> <span class='ocrx_word' id='word_1_301' title='bbox 1550 3791 1602 3846; x_wconf 90' lang='lat' dir='ltr'><strong>in</strong></span> <span class='ocrx_word' id='word_1_302' title='bbox 1622 3805 1835 3846; x_wconf 91' lang='lat' dir='ltr'><strong>somno.</strong></span> <span class='ocrx_word' id='word_1_303' title='bbox 1869 3788 2145 3842; x_wconf 82' lang='lat' dir='ltr'><strong>Peccatum</strong></span> 
     </span>
    </p>
   </div>
   <div class='ocr_carea' id='block_1_39' title="bbox 554 3879 2142 3956">
    <p class='ocr_par' dir='ltr' id='par_1_39' title="bbox 554 3879 2142 3956">
     <span class='ocr_line' id='line_1_39' title="bbox 554 3879 2142 3956; baseline -0.003 -16"><span class='ocrx_word' id='word_1_304' title='bbox 554 3886 700 3940; x_wconf 89' lang='lat' dir='ltr'><strong>enim</strong></span> <span class='ocrx_word' id='word_1_305' title='bbox 722 3901 825 3939; x_wconf 86' lang='lat' dir='ltr'><strong>non</strong></span> <span class='ocrx_word' id='word_1_306' title='bbox 851 3885 991 3956; x_wconf 77' lang='lat' dir='ltr'><strong>fecit,</strong></span> <span class='ocrx_word' id='word_1_307' title='bbox 1014 3901 1104 3938; x_wconf 88' lang='lat' dir='ltr'><strong>nec</strong></span> <span class='ocrx_word' id='word_1_308' title='bbox 1123 3886 1352 3939; x_wconf 83' lang='lat' dir='ltr'><strong>inventus</strong></span> <span class='ocrx_word' id='word_1_309' title='bbox 1380 3893 1454 3938; x_wconf 89' lang='lat' dir='ltr'><strong>est</strong></span> <span class='ocrx_word' id='word_1_310' title='bbox 1474 3883 1624 3937; x_wconf 85' lang='lat' dir='ltr'><strong>dolus</strong></span> <span class='ocrx_word' id='word_1_311' title='bbox 1649 3883 1702 3936; x_wconf 87' lang='lat' dir='ltr'><strong>in</strong></span> <span class='ocrx_word' id='word_1_312' title='bbox 1733 3899 1820 3935; x_wconf 89' lang='lat' dir='ltr'><strong>ore</strong></span> <span class='ocrx_word' id='word_1_313' title='bbox 1847 3881 1956 3952; x_wconf 85' lang='lat' dir='ltr'><strong>ejus</strong></span> <span class='ocrx_word' id='word_1_314' title='bbox 1986 3879 2142 3950; x_wconf 88' lang='lat' dir='ltr'><strong>(Isai.</strong></span> 
     </span>
    </p>
   </div>
   <div class='ocr_carea' id='block_1_40' title="bbox 554 3973 2145 4047">
    <p class='ocr_par' dir='ltr' id='par_1_40' title="bbox 554 3973 2145 4047">
     <span class='ocr_line' id='line_1_40' title="bbox 554 3973 2145 4047; baseline -0.004 -14"><span class='ocrx_word' id='word_1_315' title='bbox 554 3979 644 4034; x_wconf 80' lang='lat'><strong>55.</strong></span> <span class='ocrx_word' id='word_1_316' title='bbox 693 3977 771 4047; x_wconf 80' lang='lat'><strong>9).</strong></span> <span class='ocrx_word' id='word_1_317' title='bbox 815 3978 991 4046; x_wconf 82' lang='lat' dir='ltr'><strong>Atque</strong></span> <span class='ocrx_word' id='word_1_318' title='bbox 1034 3975 1236 4031; x_wconf 88' lang='lat' dir='ltr'><strong>idcirco</strong></span> <span class='ocrx_word' id='word_1_319' title='bbox 1271 3975 1506 4041; x_wconf 91' lang='lat' dir='ltr'><strong>dicebat,</strong></span> <span class='ocrx_word' id='word_1_320' title='bbox 1551 3975 1676 4045; x_wconf 82' lang='lat' dir='ltr'><strong>Quis</strong></span> <span class='ocrx_word' id='word_1_321' title='bbox 1709 3990 1774 4028; x_wconf 80' lang='lat' dir='ltr'><strong>ea:</strong></span> <span class='ocrx_word' id='word_1_322' title='bbox 1802 3973 1940 4027; x_wconf 81' lang='lat' dir='ltr'><strong>vobis</strong></span> <span class='ocrx_word' id='word_1_323' title='bbox 1969 3983 2145 4045; x_wconf 85' lang='lat' dir='ltr'><strong>arguet</strong></span> 
     </span>
    </p>
   </div>
   <div class='ocr_carea' id='block_1_41' title="bbox 552 4067 2141 4140">
    <p class='ocr_par' dir='ltr' id='par_1_41' title="bbox 552 4067 2141 4140">
     <span class='ocr_line' id='line_1_41' title="bbox 552 4067 2141 4140; baseline -0.002 -16"><span class='ocrx_word' id='word_1_324' title='bbox 552 4086 634 4124; x_wconf 89' lang='lat' dir='ltr'><strong>me</strong></span> <span class='ocrx_word' id='word_1_325' title='bbox 661 4071 725 4123; x_wconf 89' lang='lat' dir='ltr'><strong>de</strong></span> <span class='ocrx_word' id='word_1_326' title='bbox 753 4069 994 4140; x_wconf 83' lang='lat' dir='ltr'><strong>peccato?</strong></span> <span class='ocrx_word' id='word_1_327' title='bbox 1018 4078 1075 4123; x_wconf 90' lang='lat' dir='ltr'><strong>et</strong></span> <span class='ocrx_word' id='word_1_328' title='bbox 1098 4083 1285 4124; x_wconf 88' lang='lat' dir='ltr'><strong>rursus</strong></span> <span class='ocrx_word' id='word_1_329' title='bbox 1311 4069 1486 4124; x_wconf 81' lang='lat' dir='ltr'><strong>:Venit</strong></span> <span class='ocrx_word' id='word_1_330' title='bbox 1514 4070 1748 4139; x_wconf 85' lang='lat' dir='ltr'><strong>princeps</strong></span> <span class='ocrx_word' id='word_1_331' title='bbox 1779 4067 1954 4120; x_wconf 88' lang='lat' dir='ltr'><strong>mundi</strong></span> <span class='ocrx_word' id='word_1_332' title='bbox 1967 4068 2141 4137; x_wconf 85' lang='lat' dir='ltr'><strong>hujus,</strong></span> 
     </span>
    </p>
   </div>
   <div class='ocr_carea' id='block_1_42' title="bbox 554 4157 2141 4234">
    <p class='ocr_par' dir='ltr' id='par_1_42' title="bbox 554 4157 2141 4234">
     <span class='ocr_line' id='line_1_42' title="bbox 554 4157 2141 4234; baseline -0.001 -18"><span class='ocrx_word' id='word_1_333' title='bbox 554 4173 604 4216; x_wconf 87' lang='lat' dir='ltr'><strong>et</strong></span> <span class='ocrx_word' id='word_1_334' title='bbox 623 4161 676 4217; x_wconf 88' lang='lat' dir='ltr'><strong>in</strong></span> <span class='ocrx_word' id='word_1_335' title='bbox 704 4179 784 4215; x_wconf 85' lang='lat' dir='ltr'><strong>me</strong></span> <span class='ocrx_word' id='word_1_336' title='bbox 809 4178 912 4216; x_wconf 84' lang='lat' dir='ltr'><strong>non</strong></span> <span class='ocrx_word' id='word_1_337' title='bbox 939 4160 1086 4216; x_wconf 82' lang='lat' dir='ltr'><strong>habet</strong></span> <span class='ocrx_word' id='word_1_338' title='bbox 1109 4162 1384 4234; x_wconf 83' lang='lat' dir='ltr'><strong>quidquam</strong></span> <span class='ocrx_word' id='word_1_339' title='bbox 1413 4160 1598 4234; x_wconf 83' lang='lat' dir='ltr'><strong>(Joan.</strong></span> <span class='ocrx_word' id='word_1_340' title='bbox 1622 4162 1676 4217; x_wconf 92' lang='lat'><strong>8.</strong></span> <span class='ocrx_word' id='word_1_341' title='bbox 1709 4160 1800 4215; x_wconf 74' lang='grc'><strong>46.</strong></span> <span class='ocrx_word' id='word_1_342' title='bbox 1834 4173 1879 4214; x_wconf 88' lang='lat' dir='ltr'><strong>et</strong></span> <span class='ocrx_word' id='word_1_343' title='bbox 1907 4160 1994 4215; x_wconf 69' lang='grc'><strong>16.</strong></span> <span class='ocrx_word' id='word_1_344' title='bbox 2027 4157 2141 4229; x_wconf 79' lang='grc'><strong>50).</strong></span> 
     </span>
    </p>
   </div>
   <div class='ocr_carea' id='block_1_43' title="bbox 556 4250 2144 4318">
    <p class='ocr_par' dir='ltr' id='par_1_43' title="bbox 556 4250 2144 4318">
     <span class='ocr_line' id='line_1_43' title="bbox 556 4250 2144 4318; baseline -0.004 -10"><span class='ocrx_word' id='word_1_345' title='bbox 556 4252 694 4308; x_wconf 84' lang='lat' dir='ltr'><strong>illud</strong></span> <span class='ocrx_word' id='word_1_346' title='bbox 722 4267 871 4315; x_wconf 91' lang='lat' dir='ltr'><strong>vero,</strong></span> <span class='ocrx_word' id='word_1_347' title='bbox 900 4268 1002 4305; x_wconf 89' lang='lat' dir='ltr'><strong>non</strong></span> <span class='ocrx_word' id='word_1_348' title='bbox 1027 4254 1306 4306; x_wconf 84' lang='lat' dir='ltr'><strong>secundum</strong></span> <span class='ocrx_word' id='word_1_349' title='bbox 1334 4269 1561 4318; x_wconf 84' lang='lat' dir='ltr'><strong>carnem,</strong></span> <span class='ocrx_word' id='word_1_350' title='bbox 1592 4251 1729 4306; x_wconf 90' lang='lat' dir='ltr'><strong>nihil</strong></span> <span class='ocrx_word' id='word_1_351' title='bbox 1751 4250 1896 4304; x_wconf 88' lang='lat' dir='ltr'><strong>aliud</strong></span> <span class='ocrx_word' id='word_1_352' title='bbox 1925 4250 2144 4318; x_wconf 83' lang='lat' dir='ltr'><strong>indicat,</strong></span> 
     </span>
    </p>
   </div>
   <div class='ocr_carea' id='block_1_44' title="bbox 555 4343 2146 4414">
    <p class='ocr_par' dir='ltr' id='par_1_44' title="bbox 555 4343 2146 4414">
     <span class='ocr_line' id='line_1_44' title="bbox 555 4343 2146 4414; baseline -0.001 -16"><span class='ocrx_word' id='word_1_353' title='bbox 555 4359 718 4414; x_wconf 86' lang='lat' dir='ltr'><strong>quam</strong></span> <span class='ocrx_word' id='word_1_354' title='bbox 743 4359 865 4398; x_wconf 87' lang='lat' dir='ltr'><strong>eum</strong></span> <span class='ocrx_word' id='word_1_355' title='bbox 899 4344 1204 4413; x_wconf 86' lang='lat' dir='ltr'><strong>hujusmodi</strong></span> <span class='ocrx_word' id='word_1_356' title='bbox 1246 4343 1621 4399; x_wconf 80' lang='lat' dir='ltr'><strong>aﬁ‘ectionibus</strong></span> <span class='ocrx_word' id='word_1_357' title='bbox 1655 4344 1766 4414; x_wconf 87' lang='lat' dir='ltr'><strong>jam</strong></span> <span class='ocrx_word' id='word_1_358' title='bbox 1797 4359 2008 4407; x_wconf 86' lang='lat' dir='ltr'><strong>vacare,</strong></span> <span class='ocrx_word' id='word_1_359' title='bbox 2038 4359 2146 4398; x_wconf 90' lang='lat' dir='ltr'><strong>non</strong></span> 
     </span>
    </p>
   </div>
   <div class='ocr_carea' id='block_1_45' title="bbox 555 4436 2142 4508">
    <p class='ocr_par' dir='ltr' id='par_1_45' title="bbox 555 4436 2142 4508">
     <span class='ocr_line' id='line_1_45' title="bbox 555 4436 2142 4508; baseline -0.001 -17"><span class='ocrx_word' id='word_1_360' title='bbox 555 4436 901 4508; x_wconf 88' lang='lat' dir='ltr'><strong>autemquod</strong></span> <span class='ocrx_word' id='word_1_361' title='bbox 927 4446 1079 4492; x_wconf 86' lang='lat' dir='ltr'><strong>extra</strong></span> <span class='ocrx_word' id='word_1_362' title='bbox 1106 4453 1324 4492; x_wconf 89' lang='lat' dir='ltr'><strong>carnem</strong></span> <span class='ocrx_word' id='word_1_363' title='bbox 1353 4439 1444 4492; x_wconf 86' lang='lat' dir='ltr'><strong>sit.</strong></span> <span class='ocrx_word' id='word_1_364' title='bbox 1477 4437 1607 4494; x_wconf 86' lang='lat' dir='ltr'><strong>Nam</strong></span> <span class='ocrx_word' id='word_1_365' title='bbox 1629 4453 1750 4493; x_wconf 93' lang='lat' dir='ltr'><strong>cum</strong></span> <span class='ocrx_word' id='word_1_366' title='bbox 1781 4437 1884 4494; x_wconf 83' lang='lat' dir='ltr'><strong>hac</strong></span> <span class='ocrx_word' id='word_1_367' title='bbox 1907 4451 2142 4508; x_wconf 83' lang='lat' dir='ltr'><strong>quoque,</strong></span> 
     </span>
    </p>
   </div>
   <div class='ocr_carea' id='block_1_46' title="bbox 558 4529 2149 4601">
    <p class='ocr_par' dir='ltr' id='par_1_46' title="bbox 558 4529 2149 4601">
     <span class='ocr_line' id='line_1_46' title="bbox 558 4529 2149 4601; baseline 0 -17"><span class='ocrx_word' id='word_1_368' title='bbox 558 4530 841 4599; x_wconf 75' lang='lat' dir='ltr'><strong>impatiltili</strong></span> <span class='ocrx_word' id='word_1_369' title='bbox 865 4530 974 4598; x_wconf 87' lang='lat' dir='ltr'><strong>jam</strong></span> <span class='ocrx_word' id='word_1_370' title='bbox 1004 4539 1164 4601; x_wconf 87' lang='lat' dir='ltr'><strong>atque</strong></span> <span class='ocrx_word' id='word_1_371' title='bbox 1203 4529 1516 4595; x_wconf 88' lang='lat' dir='ltr'><strong>immortali,</strong></span> <span class='ocrx_word' id='word_1_372' title='bbox 1543 4529 1610 4584; x_wconf 86' lang='lat' dir='ltr'><strong>ad</strong></span> <span class='ocrx_word' id='word_1_373' title='bbox 1633 4529 1896 4600; x_wconf 90' lang='lat' dir='ltr'><strong>judicium</strong></span> <span class='ocrx_word' id='word_1_374' title='bbox 1925 4529 1993 4583; x_wconf 92' lang='lat' dir='ltr'><strong>de</strong></span> <span class='ocrx_word' id='word_1_375' title='bbox 2016 4529 2149 4584; x_wconf 89' lang='lat' dir='ltr'><strong>orbe</strong></span> 
     </span>
    </p>
   </div>
   <div class='ocr_carea' id='block_1_47' title="bbox 560 4622 2146 4693">
    <p class='ocr_par' dir='ltr' id='par_1_47' title="bbox 560 4622 2146 4693">
     <span class='ocr_line' id='line_1_47' title="bbox 560 4622 2146 4693; baseline -0.001 -16"><span class='ocrx_word' id='word_1_376' title='bbox 560 4622 842 4678; x_wconf 82' lang='lat' dir='ltr'><strong>ferendum</strong></span> <span class='ocrx_word' id='word_1_377' title='bbox 885 4633 1143 4678; x_wconf 90' lang='lat' dir='ltr'><strong>venturus</strong></span> <span class='ocrx_word' id='word_1_378' title='bbox 1185 4632 1288 4678; x_wconf 90' lang='lat' dir='ltr'><strong>est.</strong></span> <span class='ocrx_word' id='word_1_379' title='bbox 1339 4623 1420 4677; x_wconf 90' lang='lat' dir='ltr'><strong>Ad</strong></span> <span class='ocrx_word' id='word_1_380' title='bbox 1451 4637 1613 4693; x_wconf 88' lang='lat' dir='ltr'><strong>quam</strong></span> <span class='ocrx_word' id='word_1_381' title='bbox 1639 4622 1800 4676; x_wconf 88' lang='lat' dir='ltr'><strong>etiam</strong></span> <span class='ocrx_word' id='word_1_382' title='bbox 1831 4622 2146 4692; x_wconf 86' lang='lat' dir='ltr'><strong>dignitatem</strong></span> 
     </span>
    </p>
   </div>
   <div class='ocr_carea' id='block_1_48' title="bbox 561 4715 2145 4787">
    <p class='ocr_par' dir='ltr' id='par_1_48' title="bbox 561 4715 2145 4787">
     <span class='ocr_line' id='line_1_48' title="bbox 561 4715 2145 4787; baseline -0.001 -16"><span class='ocrx_word' id='word_1_383' title='bbox 561 4733 662 4772; x_wconf 88' lang='lat' dir='ltr'><strong>nos</strong></span> <span class='ocrx_word' id='word_1_384' title='bbox 691 4717 1113 4787; x_wconf 74' lang='lat' dir='ltr'><strong>proficiscemur,</strong></span> <span class='ocrx_word' id='word_1_385' title='bbox 1137 4731 1261 4770; x_wconf 91' lang='lat' dir='ltr'><strong>cum</strong></span> <span class='ocrx_word' id='word_1_386' title='bbox 1286 4731 1482 4781; x_wconf 85' lang='lat' dir='ltr'><strong>corpus</strong></span> <span class='ocrx_word' id='word_1_387' title='bbox 1505 4723 1747 4770; x_wconf 88' lang='lat' dir='ltr'><strong>nostrum</strong></span> <span class='ocrx_word' id='word_1_388' title='bbox 1768 4715 2042 4769; x_wconf 80' lang='lat' dir='ltr'><strong>conforme</strong></span> <span class='ocrx_word' id='word_1_389' title='bbox 2069 4716 2145 4769; x_wconf 82' lang='lat' dir='ltr'><strong>ef-</strong></span> 
     </span>
    </p>
   </div>
   <div class='ocr_carea' id='block_1_49' title="bbox 561 4804 2148 4880">
    <p class='ocr_par' dir='ltr' id='par_1_49' title="bbox 561 4804 2148 4880">
     <span class='ocr_line' id='line_1_49' title="bbox 561 4804 2148 4880; baseline -0.001 -17"><span class='ocrx_word' id='word_1_390' title='bbox 561 4809 761 4863; x_wconf 81' lang='lat' dir='ltr'><strong>fectum</strong></span> <span class='ocrx_word' id='word_1_391' title='bbox 788 4807 946 4862; x_wconf 80' lang='lat' dir='ltr'><strong>fuerit</strong></span> <span class='ocrx_word' id='word_1_392' title='bbox 975 4807 1190 4877; x_wconf 85' lang='lat' dir='ltr'><strong>corpori</strong></span> <span class='ocrx_word' id='word_1_393' title='bbox 1216 4807 1473 4862; x_wconf 84' lang='lat' dir='ltr'><strong>claritatis</strong></span> <span class='ocrx_word' id='word_1_394' title='bbox 1491 4805 1659 4875; x_wconf 88' lang='lat' dir='ltr'><strong>ipsius</strong></span> <span class='ocrx_word' id='word_1_395' title='bbox 1675 4804 1935 4880; x_wconf 83' lang='lat' dir='ltr'><strong>(Philipp.</strong></span> <span class='ocrx_word' id='word_1_396' title='bbox 1955 4808 2009 4862; x_wconf 83' lang='grc'><strong>5.</strong></span> <span class='ocrx_word' id='word_1_397' title='bbox 2031 4807 2148 4879; x_wconf 75' lang='grc'><strong>21).</strong></span> 
     </span>
    </p>
   </div>
   <div class='ocr_carea' id='block_1_50' title="bbox 561 4897 2149 4972">
    <p class='ocr_par' dir='ltr' id='par_1_50' title="bbox 561 4897 2149 4972">
     <span class='ocr_line' id='line_1_50' title="bbox 561 4897 2149 4972; baseline 0.001 -18"><span class='ocrx_word' id='word_1_398' title='bbox 561 4901 651 4954; x_wconf 79' lang='grc'><strong>17.</strong></span> <span class='ocrx_word' id='word_1_399' title='bbox 681 4898 861 4969; x_wconf 84' lang='lat' dir='ltr'><strong>Itaque</strong></span> <span class='ocrx_word' id='word_1_400' title='bbox 887 4900 932 4953; x_wconf 91' lang='lat' dir='ltr'><strong>si</strong></span> <span class='ocrx_word' id='word_1_401' title='bbox 958 4915 1059 4968; x_wconf 88' lang='lat' dir='ltr'><strong>qua</strong></span> <span class='ocrx_word' id='word_1_402' title='bbox 1097 4899 1152 4952; x_wconf 89' lang='lat' dir='ltr'><strong>in</strong></span> <span class='ocrx_word' id='word_1_403' title='bbox 1183 4897 1384 4953; x_wconf 88' lang='lat' dir='ltr'><strong>Christo</strong></span> <span class='ocrx_word' id='word_1_404' title='bbox 1421 4915 1551 4954; x_wconf 85' lang='lat' dir='ltr'><strong>nova</strong></span> <span class='ocrx_word' id='word_1_405' title='bbox 1580 4910 1833 4954; x_wconf 86' lang='lat' dir='ltr'><strong>creatura.</strong></span> <span class='ocrx_word' id='word_1_406' title='bbox 1863 4901 2149 4972; x_wconf 83' lang='lat' dir='ltr'><strong>Postquam</strong></span> 
     </span>
    </p>
   </div>
   <div class='ocr_carea' id='block_1_51' title="bbox 566 4990 2154 5064">
    <p class='ocr_par' dir='ltr' id='par_1_51' title="bbox 566 4990 2154 5064">
     <span class='ocr_line' id='line_1_51' title="bbox 566 4990 2154 5064; baseline 0.002 -19"><span class='ocrx_word' id='word_1_407' title='bbox 566 4992 710 5045; x_wconf 90' lang='lat' dir='ltr'><strong>enim</strong></span> <span class='ocrx_word' id='word_1_408' title='bbox 738 5005 770 5044; x_wconf 88' lang='lat' dir='ltr'><strong>a</strong></span> <span class='ocrx_word' id='word_1_409' title='bbox 797 4991 1022 5045; x_wconf 88' lang='lat' dir='ltr'><strong>caritate</strong></span> <span class='ocrx_word' id='word_1_410' title='bbox 1068 4990 1135 5045; x_wconf 89' lang='lat' dir='ltr'><strong>ad</strong></span> <span class='ocrx_word' id='word_1_411' title='bbox 1182 4991 1433 5047; x_wconf 89' lang='lat' dir='ltr'><strong>virtutem</strong></span> <span class='ocrx_word' id='word_1_412' title='bbox 1479 4992 1737 5058; x_wconf 89' lang='lat' dir='ltr'><strong>incitavit,</strong></span> <span class='ocrx_word' id='word_1_413' title='bbox 1761 4991 1872 5062; x_wconf 87' lang='lat' dir='ltr'><strong>jam</strong></span> <span class='ocrx_word' id='word_1_414' title='bbox 1916 4994 1987 5047; x_wconf 90' lang='lat' dir='ltr'><strong>ab</strong></span> <span class='ocrx_word' id='word_1_415' title='bbox 2021 4995 2154 5064; x_wconf 89' lang='lat' dir='ltr'><strong>ipsis</strong></span> 
     </span>
    </p>
   </div>
   <div class='ocr_carea' id='block_1_52' title="bbox 568 5083 2154 5158">
    <p class='ocr_par' dir='ltr' id='par_1_52' title="bbox 568 5083 2154 5158">
     <span class='ocr_line' id='line_1_52' title="bbox 568 5083 2154 5158; baseline 0.001 -20"><span class='ocrx_word' id='word_1_416' title='bbox 568 5099 782 5154; x_wconf 84' lang='lat' dir='ltr'><strong>quoque</strong></span> <span class='ocrx_word' id='word_1_417' title='bbox 829 5084 991 5139; x_wconf 89' lang='lat' dir='ltr'><strong>rebus</strong></span> <span class='ocrx_word' id='word_1_418' title='bbox 1036 5083 1102 5139; x_wconf 91' lang='lat' dir='ltr'><strong>ad</strong></span> <span class='ocrx_word' id='word_1_419' title='bbox 1132 5099 1252 5139; x_wconf 89' lang='lat' dir='ltr'><strong>eam</strong></span> <span class='ocrx_word' id='word_1_420' title='bbox 1275 5098 1375 5138; x_wconf 89' lang='lat' dir='ltr'><strong>nos</strong></span> <span class='ocrx_word' id='word_1_421' title='bbox 1401 5085 1710 5140; x_wconf 90' lang='lat' dir='ltr'><strong>exstimulat</strong></span> <span class='ocrx_word' id='word_1_422' title='bbox 1737 5102 1750 5138; x_wconf 88' lang='lat'><strong>:</strong></span> <span class='ocrx_word' id='word_1_423' title='bbox 1775 5101 1838 5140; x_wconf 89' lang='lat' dir='ltr'><strong>ac</strong></span> <span class='ocrx_word' id='word_1_424' title='bbox 1870 5098 2154 5158; x_wconf 82' lang='lat' dir='ltr'><strong>propterea</strong></span> 
     </span>
    </p>
   </div>
   <div class='ocr_carea' id='block_1_53' title="bbox 564 5174 2153 5248">
    <p class='ocr_par' dir='ltr' id='par_1_53' title="bbox 564 5174 2153 5248">
     <span class='ocr_line' id='line_1_53' title="bbox 564 5174 2153 5248; baseline 0 -16"><span class='ocrx_word' id='word_1_425' title='bbox 564 5176 860 5248; x_wconf 83' lang='lat' dir='ltr'><strong>subjungit,</strong></span> <span class='ocrx_word' id='word_1_426' title='bbox 904 5176 1088 5248; x_wconf 80' lang='lat' dir='ltr'><strong>Itaque</strong></span> <span class='ocrx_word' id='word_1_427' title='bbox 1129 5178 1176 5232; x_wconf 89' lang='lat' dir='ltr'><strong>si</strong></span> <span class='ocrx_word' id='word_1_428' title='bbox 1202 5192 1305 5248; x_wconf 89' lang='lat' dir='ltr'><strong>qua</strong></span> <span class='ocrx_word' id='word_1_429' title='bbox 1331 5178 1386 5232; x_wconf 90' lang='lat' dir='ltr'><strong>in</strong></span> <span class='ocrx_word' id='word_1_430' title='bbox 1413 5174 1616 5236; x_wconf 82' lang='lat' dir='ltr'><strong>Christo</strong></span> <span class='ocrx_word' id='word_1_431' title='bbox 1643 5194 1774 5232; x_wconf 87' lang='lat' dir='ltr'><strong>nova</strong></span> <span class='ocrx_word' id='word_1_432' title='bbox 1811 5189 2065 5234; x_wconf 88' lang='lat' dir='ltr'><strong>creatura.</strong></span> <span class='ocrx_word' id='word_1_433' title='bbox 2097 5178 2153 5233; x_wconf 90' lang='lat' dir='ltr'><strong>Si</strong></span> 
     </span>
    </p>
   </div>
   <div class='ocr_carea' id='block_1_54' title="bbox 564 5267 2152 5339">
    <p class='ocr_par' dir='ltr' id='par_1_54' title="bbox 564 5267 2152 5339">
     <span class='ocr_line' id='line_1_54' title="bbox 564 5267 2152 5339; baseline 0 -17"><span class='ocrx_word' id='word_1_434' title='bbox 564 5269 688 5337; x_wconf 86' lang='lat' dir='ltr'><strong>quis</strong></span> <span class='ocrx_word' id='word_1_435' title='bbox 735 5268 901 5339; x_wconf 87' lang='lat' dir='ltr'><strong>ipsius</strong></span> <span class='ocrx_word' id='word_1_436' title='bbox 941 5267 1100 5322; x_wconf 88' lang='lat' dir='ltr'><strong>ﬁdem</strong></span> <span class='ocrx_word' id='word_1_437' title='bbox 1133 5269 1414 5337; x_wconf 82' lang='lat' dir='ltr'><strong>amplexus</strong></span> <span class='ocrx_word' id='word_1_438' title='bbox 1457 5277 1560 5330; x_wconf 89' lang='lat' dir='ltr'><strong>est,</strong></span> <span class='ocrx_word' id='word_1_439' title='bbox 1604 5268 1799 5339; x_wconf 90' lang='lat' dir='ltr'><strong>inquit,</strong></span> <span class='ocrx_word' id='word_1_440' title='bbox 1829 5269 1896 5324; x_wconf 88' lang='lat' dir='ltr'><strong>ad</strong></span> <span class='ocrx_word' id='word_1_441' title='bbox 1925 5270 2152 5325; x_wconf 84' lang='lat' dir='ltr'><strong>alterum</strong></span> 
     </span>
    </p>
   </div>
   <div class='ocr_carea' id='block_1_55' title="bbox 565 5361 2153 5433">
    <p class='ocr_par' dir='ltr' id='par_1_55' title="bbox 565 5361 2153 5433">
     <span class='ocr_line' id='line_1_55' title="bbox 565 5361 2153 5433; baseline 0.001 -18"><span class='ocrx_word' id='word_1_442' title='bbox 565 5361 764 5432; x_wconf 75' lang='lat' dir='ltr'><strong>opiﬁcii</strong></span> <span class='ocrx_word' id='word_1_443' title='bbox 791 5377 960 5432; x_wconf 83' lang='lat' dir='ltr'><strong>genus</strong></span> <span class='ocrx_word' id='word_1_444' title='bbox 981 5361 1164 5417; x_wconf 88' lang='lat' dir='ltr'><strong>venit:</strong></span> <span class='ocrx_word' id='word_1_445' title='bbox 1189 5361 1386 5416; x_wconf 87' lang='lat' dir='ltr'><strong>etenim</strong></span> <span class='ocrx_word' id='word_1_446' title='bbox 1409 5375 1641 5430; x_wconf 89' lang='lat' dir='ltr'><strong>superne</strong></span> <span class='ocrx_word' id='word_1_447' title='bbox 1667 5377 1761 5432; x_wconf 90' lang='lat' dir='ltr'><strong>per</strong></span> <span class='ocrx_word' id='word_1_448' title='bbox 1779 5362 2036 5432; x_wconf 86' lang='lat' dir='ltr'><strong>Spiritum</strong></span> <span class='ocrx_word' id='word_1_449' title='bbox 2054 5376 2153 5433; x_wconf 41' lang='lat' dir='ltr'><strong>ges</strong></span> 
     </span>
    </p>
   </div>
   <div class='ocr_carea' id='block_1_56' title="bbox 568 5452 2153 5525">
    <p class='ocr_par' dir='ltr' id='par_1_56' title="bbox 568 5452 2153 5525">
     <span class='ocr_line' id='line_1_56' title="bbox 568 5452 2153 5525; baseline 0.001 -18"><span class='ocrx_word' id='word_1_450' title='bbox 568 5454 714 5508; x_wconf 87' lang='lat' dir='ltr'><strong>nitus</strong></span> <span class='ocrx_word' id='word_1_451' title='bbox 764 5464 869 5509; x_wconf 88' lang='lat' dir='ltr'><strong>est.</strong></span> <span class='ocrx_word' id='word_1_452' title='bbox 919 5454 1093 5523; x_wconf 82' lang='lat' dir='ltr'><strong>Atque</strong></span> <span class='ocrx_word' id='word_1_453' title='bbox 1142 5452 1262 5508; x_wconf 87' lang='lat' dir='ltr'><strong>ideo</strong></span> <span class='ocrx_word' id='word_1_454' title='bbox 1287 5468 1383 5521; x_wconf 86' lang='lat' dir='ltr'><strong>par</strong></span> <span class='ocrx_word' id='word_1_455' title='bbox 1409 5461 1495 5508; x_wconf 91' lang='lat' dir='ltr'><strong>est</strong></span> <span class='ocrx_word' id='word_1_456' title='bbox 1534 5462 1594 5507; x_wconf 92' lang='lat' dir='ltr'><strong>ut</strong></span> <span class='ocrx_word' id='word_1_457' title='bbox 1617 5454 1716 5525; x_wconf 86' lang='lat' dir='ltr'><strong>ipsi</strong></span> <span class='ocrx_word' id='word_1_458' title='bbox 1745 5454 2012 5521; x_wconf 86' lang='lat' dir='ltr'><strong>vivamus,</strong></span> <span class='ocrx_word' id='word_1_459' title='bbox 2047 5469 2153 5508; x_wconf 92' lang='lat' dir='ltr'><strong>non</strong></span> 
     </span>
    </p>
   </div>
   <div class='ocr_carea' id='block_1_57' title="bbox 569 5543 2155 5616">
    <p class='ocr_par' dir='ltr' id='par_1_57' title="bbox 569 5543 2155 5616">
     <span class='ocr_line' id='line_1_57' title="bbox 569 5543 2155 5616; baseline 0.001 -18"><span class='ocrx_word' id='word_1_460' title='bbox 569 5555 778 5601; x_wconf 90' lang='lat' dir='ltr'><strong>tantum</strong></span> <span class='ocrx_word' id='word_1_461' title='bbox 819 5546 943 5616; x_wconf 89' lang='lat' dir='ltr'><strong>quia</strong></span> <span class='ocrx_word' id='word_1_462' title='bbox 993 5544 1162 5599; x_wconf 86' lang='lat' dir='ltr'><strong>nostri</strong></span> <span class='ocrx_word' id='word_1_463' title='bbox 1203 5543 1342 5613; x_wconf 91' lang='lat' dir='ltr'><strong>juris</strong></span> <span class='ocrx_word' id='word_1_464' title='bbox 1390 5559 1495 5599; x_wconf 89' lang='lat' dir='ltr'><strong>non</strong></span> <span class='ocrx_word' id='word_1_465' title='bbox 1526 5558 1733 5606; x_wconf 88' lang='lat' dir='ltr'><strong>sumus,</strong></span> <span class='ocrx_word' id='word_1_466' title='bbox 1771 5554 1863 5598; x_wconf 90' lang='lat' dir='ltr'><strong>aut</strong></span> <span class='ocrx_word' id='word_1_467' title='bbox 1891 5547 2011 5614; x_wconf 90' lang='lat' dir='ltr'><strong>quia</strong></span> <span class='ocrx_word' id='word_1_468' title='bbox 2041 5545 2155 5615; x_wconf 91' lang='lat' dir='ltr'><strong>ipse</strong></span> 
     </span>
    </p>
   </div>
   <div class='ocr_carea' id='block_1_58' title="bbox 572 5635 2159 5710">
    <p class='ocr_par' dir='ltr' id='par_1_58' title="bbox 572 5635 2159 5710">
     <span class='ocr_line' id='line_1_58' title="bbox 572 5635 2159 5710; baseline -0.001 -16"><span class='ocrx_word' id='word_1_469' title='bbox 572 5654 670 5710; x_wconf 85' lang='lat' dir='ltr'><strong>pro</strong></span> <span class='ocrx_word' id='word_1_470' title='bbox 705 5638 860 5693; x_wconf 83' lang='lat' dir='ltr'><strong>nobis</strong></span> <span class='ocrx_word' id='word_1_471' title='bbox 886 5645 1113 5692; x_wconf 90' lang='lat' dir='ltr'><strong>mortem</strong></span> <span class='ocrx_word' id='word_1_472' title='bbox 1141 5635 1386 5706; x_wconf 89' lang='lat' dir='ltr'><strong>oppetiit,</strong></span> <span class='ocrx_word' id='word_1_473' title='bbox 1407 5645 1502 5690; x_wconf 90' lang='lat' dir='ltr'><strong>aut</strong></span> <span class='ocrx_word' id='word_1_474' title='bbox 1519 5636 1643 5706; x_wconf 86' lang='lat' dir='ltr'><strong>quia</strong></span> <span class='ocrx_word' id='word_1_475' title='bbox 1665 5636 1926 5706; x_wconf 87' lang='lat' dir='ltr'><strong>primitias</strong></span> <span class='ocrx_word' id='word_1_476' title='bbox 1946 5637 2159 5708; x_wconf 86' lang='lat' dir='ltr'><strong>generis</strong></span> 
     </span>
    </p>
   </div>
   <div class='ocr_carea' id='block_1_59' title="bbox 574 5725 2157 5796">
    <p class='ocr_par' dir='ltr' id='par_1_59' title="bbox 574 5725 2157 5796">
     <span class='ocr_line' id='line_1_59' title="bbox 574 5725 2157 5796; baseline -0.001 -12"><span class='ocrx_word' id='word_1_477' title='bbox 574 5730 743 5785; x_wconf 80' lang='lat' dir='ltr'><strong>nostri</strong></span> <span class='ocrx_word' id='word_1_478' title='bbox 770 5744 801 5784; x_wconf 90' lang='lat' dir='ltr'><strong>a</strong></span> <span class='ocrx_word' id='word_1_479' title='bbox 826 5737 1001 5784; x_wconf 90' lang='lat' dir='ltr'><strong>morte</strong></span> <span class='ocrx_word' id='word_1_480' title='bbox 1027 5727 1097 5782; x_wconf 90' lang='lat' dir='ltr'><strong>ad</strong></span> <span class='ocrx_word' id='word_1_481' title='bbox 1122 5727 1286 5782; x_wconf 88' lang='lat' dir='ltr'><strong>vitam</strong></span> <span class='ocrx_word' id='word_1_482' title='bbox 1313 5726 1606 5792; x_wconf 89' lang='lat' dir='ltr'><strong>revocavit,</strong></span> <span class='ocrx_word' id='word_1_483' title='bbox 1637 5726 1731 5781; x_wconf 91' lang='lat' dir='ltr'><strong>sed</strong></span> <span class='ocrx_word' id='word_1_484' title='bbox 1755 5725 1917 5781; x_wconf 89' lang='lat' dir='ltr'><strong>etiam</strong></span> <span class='ocrx_word' id='word_1_485' title='bbox 1942 5727 2065 5796; x_wconf 87' lang='lat' dir='ltr'><strong>quia</strong></span> <span class='ocrx_word' id='word_1_486' title='bbox 2091 5728 2157 5782; x_wconf 86' lang='lat' dir='ltr'><strong>ad</strong></span> 
     </span>
    </p>
   </div>
   <div class='ocr_carea' id='block_1_60' title="bbox 572 5813 2232 5889">
    <p class='ocr_par' dir='ltr' id='par_1_60' title="bbox 572 5813 2232 5889">
     <span class='ocr_line' id='line_1_60' title="bbox 572 5813 2232 5889; baseline -0.001 -13"><span class='ocrx_word' id='word_1_487' title='bbox 572 5823 798 5878; x_wconf 77' lang='lat' dir='ltr'><strong>alterum</strong></span> <span class='ocrx_word' id='word_1_488' title='bbox 832 5822 992 5876; x_wconf 87' lang='lat' dir='ltr'><strong>vitam</strong></span> <span class='ocrx_word' id='word_1_489' title='bbox 1020 5819 1369 5876; x_wconf 88' lang='lat' dir='ltr'><strong>accessimus.</strong></span> <span class='ocrx_word' id='word_1_490' title='bbox 1397 5817 1534 5873; x_wconf 83' lang='lat' dir='ltr'><strong>Vide</strong></span> <span class='ocrx_word' id='word_1_491' title='bbox 1561 5827 1691 5888; x_wconf 90' lang='lat' dir='ltr'><strong>quot</strong></span> <span class='ocrx_word' id='word_1_492' title='bbox 1719 5832 1900 5889; x_wconf 56' lang='lat' dir='ltr'><strong>aequas</strong></span> <span class='ocrx_word' id='word_1_493' title='bbox 1922 5818 2163 5874; x_wconf 88' lang='lat' dir='ltr'><strong>rationes</strong></span> <span class='ocrx_word' id='word_1_494' title='bbox 2218 5813 2232 5834; x_wconf 82' lang='lat'><strong>‘</strong></span> 
     </span>
    </p>
   </div>
   <div class='ocr_carea' id='block_1_61' title="bbox 576 5908 2162 5980">
    <p class='ocr_par' dir='ltr' id='par_1_61' title="bbox 576 5908 2162 5980">
     <span class='ocr_line' id='line_1_61' title="bbox 576 5908 2162 5980; baseline -0.003 -10"><span class='ocrx_word' id='word_1_495' title='bbox 576 5914 784 5980; x_wconf 78' lang='lat' dir='ltr'><strong>afferat,</strong></span> <span class='ocrx_word' id='word_1_496' title='bbox 809 5929 908 5970; x_wconf 89' lang='lat' dir='ltr'><strong>cur</strong></span> <span class='ocrx_word' id='word_1_497' title='bbox 933 5922 1080 5970; x_wconf 90' lang='lat' dir='ltr'><strong>recte</strong></span> <span class='ocrx_word' id='word_1_498' title='bbox 1126 5912 1284 5968; x_wconf 87' lang='lat' dir='ltr'><strong>nobis</strong></span> <span class='ocrx_word' id='word_1_499' title='bbox 1307 5908 1552 5967; x_wconf 89' lang='lat' dir='ltr'><strong>ducenda</strong></span> <span class='ocrx_word' id='word_1_500' title='bbox 1591 5910 1699 5965; x_wconf 90' lang='lat' dir='ltr'><strong>vita</strong></span> <span class='ocrx_word' id='word_1_501' title='bbox 1727 5910 1815 5966; x_wconf 89' lang='lat' dir='ltr'><strong>sit.</strong></span> <span class='ocrx_word' id='word_1_502' title='bbox 1849 5909 1981 5964; x_wconf 80' lang='lat' dir='ltr'><strong>Nam</strong></span> <span class='ocrx_word' id='word_1_503' title='bbox 2011 5911 2081 5965; x_wconf 92' lang='lat' dir='ltr'><strong>ob</strong></span> <span class='ocrx_word' id='word_1_504' title='bbox 2110 5909 2162 5965; x_wconf 91' lang='lat' dir='ltr'><strong>id</strong></span> 
     </span>
    </p>
   </div>
   <div class='ocr_carea' id='block_1_62' title="bbox 575 6003 2159 6081">
    <p class='ocr_par' dir='ltr' id='par_1_62' title="bbox 575 6003 2159 6081">
     <span class='ocr_line' id='line_1_62' title="bbox 575 6003 2159 6081; baseline -0.003 -16"><span class='ocrx_word' id='word_1_505' title='bbox 575 6025 788 6081; x_wconf 85' lang='lat' dir='ltr'><strong>quoque</strong></span> <span class='ocrx_word' id='word_1_506' title='bbox 827 6024 1091 6067; x_wconf 71' lang='lat' dir='ltr'><strong>crassnore</strong></span> <span class='ocrx_word' id='word_1_507' title='bbox 1116 6004 1382 6063; x_wconf 87' lang='lat' dir='ltr'><strong>vocabulo</strong></span> <span class='ocrx_word' id='word_1_508' title='bbox 1424 6005 1817 6062; x_wconf 85' lang='lat' dir='ltr'><strong>correctionem</strong></span> <span class='ocrx_word' id='word_1_509' title='bbox 1857 6003 2159 6075; x_wconf 86' lang='lat' dir='ltr'><strong>hujusmodi</strong></span> 
     </span>
    </p>
   </div>
   <div class='ocr_carea' id='block_1_63' title="bbox 2245 746 3824 822">
    <p class='ocr_par' dir='ltr' id='par_1_63' title="bbox 2245 746 3824 822">
     <span class='ocr_line' id='line_1_63' title="bbox 2245 746 3824 822; baseline 0.007 -25"><span class='ocrx_word' id='word_1_510' title='bbox 2245 753 2312 797; x_wconf 77' lang='lat' dir='ltr'><strong>tu:</strong></span> <span class='ocrx_word' id='word_1_511' title='bbox 2339 746 2814 800; x_wconf 88' lang='lat' dir='ltr'><strong>commutationem</strong></span> <span class='ocrx_word' id='word_1_512' title='bbox 2859 746 3130 802; x_wconf 89' lang='lat' dir='ltr'><strong>ostendat.</strong></span> <span class='ocrx_word' id='word_1_513' title='bbox 3157 746 3348 804; x_wconf 86' lang='lat' dir='ltr'><strong>Postea</strong></span> <span class='ocrx_word' id='word_1_514' title='bbox 3380 748 3611 806; x_wconf 85' lang='lat' dir='ltr'><strong>ulterius</strong></span> <span class='ocrx_word' id='word_1_515' title='bbox 3642 767 3824 822; x_wconf 79' lang='lat' dir='ltr'><strong>prose-</strong></span> 
     </span>
    </p>
   </div>
   <div class='ocr_carea' id='block_1_64' title="bbox 2235 838 3824 915">
    <p class='ocr_par' dir='ltr' id='par_1_64' title="bbox 2235 838 3824 915">
     <span class='ocr_line' id='line_1_64' title="bbox 2235 838 3824 915; baseline 0.006 -24"><span class='ocrx_word' id='word_1_516' title='bbox 2235 853 2406 907; x_wconf 89' lang='lat' dir='ltr'><strong>quens</strong></span> <span class='ocrx_word' id='word_1_517' title='bbox 2433 838 2486 893; x_wconf 91' lang='lat' dir='ltr'><strong>id</strong></span> <span class='ocrx_word' id='word_1_518' title='bbox 2514 838 2657 910; x_wconf 88' lang='lat' dir='ltr'><strong>quod</strong></span> <span class='ocrx_word' id='word_1_519' title='bbox 2685 839 2840 906; x_wconf 87' lang='lat' dir='ltr'><strong>dixit,</strong></span> <span class='ocrx_word' id='word_1_520' title='bbox 2871 848 3034 912; x_wconf 91' lang='lat' dir='ltr'><strong>atque</strong></span> <span class='ocrx_word' id='word_1_521' title='bbox 3061 843 3357 898; x_wconf 90' lang='lat' dir='ltr'><strong>ostendens</strong></span> <span class='ocrx_word' id='word_1_522' title='bbox 3384 845 3661 915; x_wconf 90' lang='lat' dir='ltr'><strong>quomodo</strong></span> <span class='ocrx_word' id='word_1_523' title='bbox 3692 861 3824 900; x_wconf 89' lang='lat' dir='ltr'><strong>nova</strong></span> 
     </span>
    </p>
   </div>
   <div class='ocr_carea' id='block_1_65' title="bbox 2236 931 3826 1012">
    <p class='ocr_par' dir='ltr' id='par_1_65' title="bbox 2236 931 3826 1012">
     <span class='ocr_line' id='line_1_65' title="bbox 2236 931 3826 1012; baseline 0.005 -24"><span class='ocrx_word' id='word_1_524' title='bbox 2236 941 2481 988; x_wconf 90' lang='lat' dir='ltr'><strong>creatura</strong></span> <span class='ocrx_word' id='word_1_525' title='bbox 2511 934 2699 1000; x_wconf 91' lang='lat' dir='ltr'><strong>simus,</strong></span> <span class='ocrx_word' id='word_1_526' title='bbox 2754 931 2939 988; x_wconf 83' lang='lat' dir='ltr'><strong>Vetera</strong></span> <span class='ocrx_word' id='word_1_527' title='bbox 2973 936 3303 1002; x_wconf 85' lang='lat' dir='ltr'><strong>transierunt,</strong></span> <span class='ocrx_word' id='word_1_528' title='bbox 3334 938 3524 1010; x_wconf 90' lang='lat' dir='ltr'><strong>inquit;</strong></span> <span class='ocrx_word' id='word_1_529' title='bbox 3552 956 3669 995; x_wconf 82' lang='lat' dir='ltr'><strong>ecce</strong></span> <span class='ocrx_word' id='word_1_530' title='bbox 3693 941 3826 1012; x_wconf 80' lang='lat' dir='ltr'><strong>facta</strong></span> 
     </span>
    </p>
   </div>
   <div class='ocr_carea' id='block_1_66' title="bbox 2237 1025 3827 1105">
    <p class='ocr_par' dir='ltr' id='par_1_66' title="bbox 2237 1025 3827 1105">
     <span class='ocr_line' id='line_1_66' title="bbox 2237 1025 3827 1105; baseline 0.007 -27"><span class='ocrx_word' id='word_1_531' title='bbox 2237 1035 2356 1080; x_wconf 86' lang='lat' dir='ltr'><strong>sunt</strong></span> <span class='ocrx_word' id='word_1_532' title='bbox 2384 1026 2556 1080; x_wconf 87' lang='lat' dir='ltr'><strong>omnia</strong></span> <span class='ocrx_word' id='word_1_533' title='bbox 2583 1041 2732 1080; x_wconf 82' lang='lat' dir='ltr'><strong>noua.</strong></span> <span class='ocrx_word' id='word_1_534' title='bbox 2763 1025 3022 1094; x_wconf 59' lang='lat' dir='ltr'><strong>Quaenam</strong></span> <span class='ocrx_word' id='word_1_535' title='bbox 3058 1029 3285 1084; x_wconf 81' lang='lat' dir='ltr'><strong>vetera?</strong></span> <span class='ocrx_word' id='word_1_536' title='bbox 3316 1030 3539 1087; x_wconf 85' lang='lat' dir='ltr'><strong>Peccata</strong></span> <span class='ocrx_word' id='word_1_537' title='bbox 3560 1043 3618 1088; x_wconf 90' lang='lat' dir='ltr'><strong>et</strong></span> <span class='ocrx_word' id='word_1_538' title='bbox 3645 1034 3827 1105; x_wconf 86' lang='lat' dir='ltr'><strong>impie-</strong></span> 
     </span>
    </p>
   </div>
   <div class='ocr_carea' id='block_1_67' title="bbox 2237 1117 3828 1195">
    <p class='ocr_par' dir='ltr' id='par_1_67' title="bbox 2237 1117 3828 1195">
     <span class='ocr_line' id='line_1_67' title="bbox 2237 1117 3828 1195; baseline 0.004 -23"><span class='ocrx_word' id='word_1_539' title='bbox 2237 1127 2376 1173; x_wconf 90' lang='lat' dir='ltr'><strong>tates</strong></span> <span class='ocrx_word' id='word_1_540' title='bbox 2401 1136 2416 1185; x_wconf 89' lang='lat'><strong>;</strong></span> <span class='ocrx_word' id='word_1_541' title='bbox 2444 1118 2528 1173; x_wconf 90' lang='lat' dir='ltr'><strong>vel</strong></span> <span class='ocrx_word' id='word_1_542' title='bbox 2554 1119 2716 1174; x_wconf 90' lang='lat' dir='ltr'><strong>etiam</strong></span> <span class='ocrx_word' id='word_1_543' title='bbox 2736 1117 2974 1175; x_wconf 75' lang='lat' dir='ltr'><strong>Judaicze</strong></span> <span class='ocrx_word' id='word_1_544' title='bbox 2995 1135 3186 1176; x_wconf 90' lang='lat' dir='ltr'><strong>omnes</strong></span> <span class='ocrx_word' id='word_1_545' title='bbox 3212 1123 3574 1192; x_wconf 70' lang='lat' dir='ltr'><strong>cercmoniae;</strong></span> <span class='ocrx_word' id='word_1_546' title='bbox 3618 1125 3704 1180; x_wconf 89' lang='lat' dir='ltr'><strong>vel</strong></span> <span class='ocrx_word' id='word_1_547' title='bbox 3733 1139 3828 1195; x_wconf 66' lang='lat' dir='ltr'><strong>po-</strong></span> 
     </span>
    </p>
   </div>
   <div class='ocr_carea' id='block_1_68' title="bbox 2239 1210 3827 1283">
    <p class='ocr_par' dir='ltr' id='par_1_68' title="bbox 2239 1210 3827 1283">
     <span class='ocr_line' id='line_1_68' title="bbox 2239 1210 3827 1283; baseline 0.004 -19"><span class='ocrx_word' id='word_1_548' title='bbox 2239 1211 2345 1267; x_wconf 91' lang='lat' dir='ltr'><strong>tius</strong></span> <span class='ocrx_word' id='word_1_549' title='bbox 2375 1210 2490 1266; x_wconf 67' lang='lat' dir='ltr'><strong>haec</strong></span> <span class='ocrx_word' id='word_1_550' title='bbox 2514 1211 2673 1266; x_wconf 86' lang='lat' dir='ltr'><strong>simul</strong></span> <span class='ocrx_word' id='word_1_551' title='bbox 2696 1220 2751 1267; x_wconf 91' lang='lat' dir='ltr'><strong>et</strong></span> <span class='ocrx_word' id='word_1_552' title='bbox 2779 1211 2892 1266; x_wconf 87' lang='lat' dir='ltr'><strong>illa.</strong></span> <span class='ocrx_word' id='word_1_553' title='bbox 2926 1210 3058 1266; x_wconf 84' lang='lat' dir='ltr'><strong>Ecce</strong></span> <span class='ocrx_word' id='word_1_554' title='bbox 3077 1216 3213 1283; x_wconf 80' lang='lat' dir='ltr'><strong>facta</strong></span> <span class='ocrx_word' id='word_1_555' title='bbox 3228 1223 3344 1269; x_wconf 88' lang='lat' dir='ltr'><strong>sunt</strong></span> <span class='ocrx_word' id='word_1_556' title='bbox 3365 1214 3536 1268; x_wconf 81' lang='lat' dir='ltr'><strong>omnia</strong></span> <span class='ocrx_word' id='word_1_557' title='bbox 3563 1232 3714 1270; x_wconf 68' lang='lat' dir='ltr'><strong>noua.</strong></span> <span class='ocrx_word' id='word_1_558' title='bbox 3740 1217 3827 1272; x_wconf 86' lang='grc'><strong>18.</strong></span> 
     </span>
    </p>
   </div>
   <div class='ocr_carea' id='block_1_69' title="bbox 2241 1301 3826 1376">
    <p class='ocr_par' dir='ltr' id='par_1_69' title="bbox 2241 1301 3826 1376">
     <span class='ocr_line' id='line_1_69' title="bbox 2241 1301 3826 1376; baseline 0.005 -20"><span class='ocrx_word' id='word_1_559' title='bbox 2241 1301 2429 1357; x_wconf 85' lang='lat' dir='ltr'><strong>Omnia</strong></span> <span class='ocrx_word' id='word_1_560' title='bbox 2469 1313 2639 1358; x_wconf 84' lang='lat' dir='ltr'><strong>autem</strong></span> <span class='ocrx_word' id='word_1_561' title='bbox 2671 1319 2733 1358; x_wconf 77' lang='lat' dir='ltr'><strong>ea:</strong></span> <span class='ocrx_word' id='word_1_562' title='bbox 2761 1301 2893 1358; x_wconf 87' lang='lat' dir='ltr'><strong>Deo.</strong></span> <span class='ocrx_word' id='word_1_563' title='bbox 2933 1303 3079 1360; x_wconf 86' lang='lat' dir='ltr'><strong>Nihil</strong></span> <span class='ocrx_word' id='word_1_564' title='bbox 3124 1319 3155 1359; x_wconf 89' lang='lat' dir='ltr'><strong>a</strong></span> <span class='ocrx_word' id='word_1_565' title='bbox 3205 1306 3359 1361; x_wconf 87' lang='lat' dir='ltr'><strong>nobis</strong></span> <span class='ocrx_word' id='word_1_566' title='bbox 3397 1305 3702 1376; x_wconf 79' lang='lat' dir='ltr'><strong>profectum</strong></span> <span class='ocrx_word' id='word_1_567' title='bbox 3728 1319 3826 1364; x_wconf 88' lang='lat' dir='ltr'><strong>est.</strong></span> 
     </span>
    </p>
   </div>
   <div class='ocr_carea' id='block_1_70' title="bbox 2237 1392 3827 1470">
    <p class='ocr_par' dir='ltr' id='par_1_70' title="bbox 2237 1392 3827 1470">
     <span class='ocr_line' id='line_1_70' title="bbox 2237 1392 3827 1470; baseline 0.004 -22"><span class='ocrx_word' id='word_1_568' title='bbox 2237 1392 2370 1448; x_wconf 83' lang='lat' dir='ltr'><strong>Nam</strong></span> <span class='ocrx_word' id='word_1_569' title='bbox 2397 1402 2452 1448; x_wconf 92' lang='lat' dir='ltr'><strong>et</strong></span> <span class='ocrx_word' id='word_1_570' title='bbox 2503 1403 2846 1463; x_wconf 90' lang='lat' dir='ltr'><strong>peccatorum</strong></span> <span class='ocrx_word' id='word_1_571' title='bbox 2873 1393 3196 1451; x_wconf 88' lang='lat' dir='ltr'><strong>condonatio</strong></span> <span class='ocrx_word' id='word_1_572' title='bbox 3221 1404 3277 1452; x_wconf 91' lang='lat' dir='ltr'><strong>et</strong></span> <span class='ocrx_word' id='word_1_573' title='bbox 3299 1396 3577 1469; x_wconf 87' lang='lat' dir='ltr'><strong>adoptatio</strong></span> <span class='ocrx_word' id='word_1_574' title='bbox 3617 1407 3674 1454; x_wconf 93' lang='lat' dir='ltr'><strong>et</strong></span> <span class='ocrx_word' id='word_1_575' title='bbox 3714 1398 3827 1470; x_wconf 83' lang='lat' dir='ltr'><strong>glo-</strong></span> 
     </span>
    </p>
   </div>
   <div class='ocr_carea' id='block_1_71' title="bbox 2239 1486 3827 1558">
    <p class='ocr_par' dir='ltr' id='par_1_71' title="bbox 2239 1486 3827 1558">
     <span class='ocr_line' id='line_1_71' title="bbox 2239 1486 3827 1558; baseline 0.003 -17"><span class='ocrx_word' id='word_1_576' title='bbox 2239 1487 2318 1541; x_wconf 87' lang='lat' dir='ltr'><strong>ria</strong></span> <span class='ocrx_word' id='word_1_577' title='bbox 2348 1488 2657 1556; x_wconf 90' lang='lat' dir='ltr'><strong>incorrupta</strong></span> <span class='ocrx_word' id='word_1_578' title='bbox 2687 1486 2856 1558; x_wconf 88' lang='lat' dir='ltr'><strong>ipsius</strong></span> <span class='ocrx_word' id='word_1_579' title='bbox 2884 1503 3106 1544; x_wconf 89' lang='lat' dir='ltr'><strong>munere</strong></span> <span class='ocrx_word' id='word_1_580' title='bbox 3127 1489 3281 1545; x_wconf 87' lang='lat' dir='ltr'><strong>nobis</strong></span> <span class='ocrx_word' id='word_1_581' title='bbox 3299 1505 3556 1547; x_wconf 88' lang='lat' dir='ltr'><strong>concessa</strong></span> <span class='ocrx_word' id='word_1_582' title='bbox 3589 1501 3691 1546; x_wconf 91' lang='lat' dir='ltr'><strong>est.</strong></span> <span class='ocrx_word' id='word_1_583' title='bbox 3715 1491 3827 1546; x_wconf 84' lang='lat' dir='ltr'><strong>Non</strong></span> 
     </span>
    </p>
   </div>
   <div class='ocr_carea' id='block_1_72' title="bbox 2239 1578 3827 1654">
    <p class='ocr_par' dir='ltr' id='par_1_72' title="bbox 2239 1578 3827 1654">
     <span class='ocr_line' id='line_1_72' title="bbox 2239 1578 3827 1654; baseline 0.002 -20"><span class='ocrx_word' id='word_1_584' title='bbox 2239 1580 2382 1634; x_wconf 90' lang='lat' dir='ltr'><strong>enim</strong></span> <span class='ocrx_word' id='word_1_585' title='bbox 2403 1579 2514 1650; x_wconf 90' lang='lat' dir='ltr'><strong>jam</strong></span> <span class='ocrx_word' id='word_1_586' title='bbox 2536 1594 2566 1633; x_wconf 93' lang='lat' dir='ltr'><strong>a</strong></span> <span class='ocrx_word' id='word_1_587' title='bbox 2589 1578 2784 1634; x_wconf 76' lang='lat' dir='ltr'><strong>futuris</strong></span> <span class='ocrx_word' id='word_1_588' title='bbox 2817 1589 3044 1647; x_wconf 87' lang='lat' dir='ltr'><strong>tantum,</strong></span> <span class='ocrx_word' id='word_1_589' title='bbox 3071 1581 3166 1636; x_wconf 90' lang='lat' dir='ltr'><strong>sed</strong></span> <span class='ocrx_word' id='word_1_590' title='bbox 3191 1596 3220 1634; x_wconf 87' lang='lat' dir='ltr'><strong>a</strong></span> <span class='ocrx_word' id='word_1_591' title='bbox 3242 1582 3604 1651; x_wconf 65' lang='lat' dir='ltr'><strong>praesentibus</strong></span> <span class='ocrx_word' id='word_1_592' title='bbox 3622 1598 3827 1654; x_wconf 90' lang='lat' dir='ltr'><strong>quoque</strong></span> 
     </span>
    </p>
   </div>
   <div class='ocr_carea' id='block_1_73' title="bbox 2240 1672 3824 1746">
    <p class='ocr_par' dir='ltr' id='par_1_73' title="bbox 2240 1672 3824 1746">
     <span class='ocr_line' id='line_1_73' title="bbox 2240 1672 3824 1746; baseline 0.003 -18"><span class='ocrx_word' id='word_1_593' title='bbox 2240 1673 2360 1729; x_wconf 90' lang='lat' dir='ltr'><strong>illos</strong></span> <span class='ocrx_word' id='word_1_594' title='bbox 2406 1672 2745 1728; x_wconf 88' lang='lat' dir='ltr'><strong>cohortatur.</strong></span> <span class='ocrx_word' id='word_1_595' title='bbox 2791 1673 3026 1728; x_wconf 84' lang='lat' dir='ltr'><strong>Attende</strong></span> <span class='ocrx_word' id='word_1_596' title='bbox 3054 1675 3199 1729; x_wconf 91' lang='lat' dir='ltr'><strong>enim</strong></span> <span class='ocrx_word' id='word_1_597' title='bbox 3230 1690 3245 1729; x_wconf 91' lang='lat'><strong>:</strong></span> <span class='ocrx_word' id='word_1_598' title='bbox 3273 1673 3485 1730; x_wconf 89' lang='lat' dir='ltr'><strong>dixerat</strong></span> <span class='ocrx_word' id='word_1_599' title='bbox 3512 1675 3630 1732; x_wconf 81' lang='lat' dir='ltr'><strong>lore</strong></span> <span class='ocrx_word' id='word_1_600' title='bbox 3656 1686 3712 1746; x_wconf 87' lang='lat' dir='ltr'><strong>ut</strong></span> <span class='ocrx_word' id='word_1_601' title='bbox 3740 1691 3824 1732; x_wconf 91' lang='lat' dir='ltr'><strong>re-</strong></span> 
     </span>
    </p>
   </div>
   <div class='ocr_carea' id='block_1_74' title="bbox 2239 1763 3826 1837">
    <p class='ocr_par' dir='ltr' id='par_1_74' title="bbox 2239 1763 3826 1837">
     <span class='ocr_line' id='line_1_74' title="bbox 2239 1763 3826 1837; baseline 0.002 -17"><span class='ocrx_word' id='word_1_602' title='bbox 2239 1781 2603 1836; x_wconf 89' lang='lat' dir='ltr'><strong>surgeremus,</strong></span> <span class='ocrx_word' id='word_1_603' title='bbox 2627 1775 2785 1836; x_wconf 89' lang='lat' dir='ltr'><strong>atque</strong></span> <span class='ocrx_word' id='word_1_604' title='bbox 2805 1763 2874 1820; x_wconf 91' lang='lat' dir='ltr'><strong>ad</strong></span> <span class='ocrx_word' id='word_1_605' title='bbox 2904 1765 3358 1837; x_wconf 85' lang='lat' dir='ltr'><strong>incorruptionem</strong></span> <span class='ocrx_word' id='word_1_606' title='bbox 3389 1768 3826 1836; x_wconf 84' lang='lat' dir='ltr'><strong>veniremus,do-</strong></span> 
     </span>
    </p>
   </div>
   <div class='ocr_carea' id='block_1_75' title="bbox 2238 1859 3820 1932">
    <p class='ocr_par' dir='ltr' id='par_1_75' title="bbox 2238 1859 3820 1932">
     <span class='ocr_line' id='line_1_75' title="bbox 2238 1859 3820 1932; baseline -0.001 -16"><span class='ocrx_word' id='word_1_607' title='bbox 2238 1875 2494 1931; x_wconf 89' lang='lat' dir='ltr'><strong>mumque</strong></span> <span class='ocrx_word' id='word_1_608' title='bbox 2533 1859 2915 1928; x_wconf 89' lang='lat' dir='ltr'><strong>sempiternam</strong></span> <span class='ocrx_word' id='word_1_609' title='bbox 2962 1859 3536 1916; x_wconf 82' lang='lat' dir='ltr'><strong>liaberemns:verum</strong></span> <span class='ocrx_word' id='word_1_610' title='bbox 3578 1862 3820 1932; x_wconf 87' lang='lat' dir='ltr'><strong>quoniam</strong></span> 
     </span>
    </p>
   </div>
   <div class='ocr_carea' id='block_1_76' title="bbox 2240 1949 3820 2022">
    <p class='ocr_par' dir='ltr' id='par_1_76' title="bbox 2240 1949 3820 2022">
     <span class='ocr_line' id='line_1_76' title="bbox 2240 1949 3820 2022; baseline 0 -17"><span class='ocrx_word' id='word_1_611' title='bbox 2240 1951 2380 2022; x_wconf 91' lang='lat' dir='ltr'><strong>apud</strong></span> <span class='ocrx_word' id='word_1_612' title='bbox 2407 1965 2523 2014; x_wconf 87' lang='lat' dir='ltr'><strong>eos,</strong></span> <span class='ocrx_word' id='word_1_613' title='bbox 2555 1951 2644 2020; x_wconf 93' lang='lat' dir='ltr'><strong>qui</strong></span> <span class='ocrx_word' id='word_1_614' title='bbox 2675 1949 2851 2006; x_wconf 81' lang='lat' dir='ltr'><strong>futura</strong></span> <span class='ocrx_word' id='word_1_615' title='bbox 2870 1966 2976 2006; x_wconf 92' lang='lat' dir='ltr'><strong>non</strong></span> <span class='ocrx_word' id='word_1_616' title='bbox 3001 1951 3224 2021; x_wconf 90' lang='lat' dir='ltr'><strong>perinde</strong></span> <span class='ocrx_word' id='word_1_617' title='bbox 3255 1960 3313 2006; x_wconf 94' lang='lat' dir='ltr'><strong>ut</strong></span> <span class='ocrx_word' id='word_1_618' title='bbox 3339 1961 3558 2022; x_wconf 89' lang='lat' dir='ltr'><strong>oportet</strong></span> <span class='ocrx_word' id='word_1_619' title='bbox 3582 1953 3820 2015; x_wconf 80' lang='lat' dir='ltr'><strong>credunt,</strong></span> 
     </span>
    </p>
   </div>
   <div class='ocr_carea' id='block_1_77' title="bbox 2241 2043 3825 2115">
    <p class='ocr_par' dir='ltr' id='par_1_77' title="bbox 2241 2043 3825 2115">
     <span class='ocr_line' id='line_1_77' title="bbox 2241 2043 3825 2115; baseline -0.001 -16"><span class='ocrx_word' id='word_1_620' title='bbox 2241 2044 2524 2115; x_wconf 67' lang='lat' dir='ltr'><strong>praesentia</strong></span> <span class='ocrx_word' id='word_1_621' title='bbox 2552 2044 2812 2113; x_wconf 90' lang='lat' dir='ltr'><strong>majorem</strong></span> <span class='ocrx_word' id='word_1_622' title='bbox 2838 2043 2902 2100; x_wconf 90' lang='lat' dir='ltr'><strong>ad</strong></span> <span class='ocrx_word' id='word_1_623' title='bbox 2943 2043 3254 2100; x_wconf 88' lang='lat' dir='ltr'><strong>excitandos</strong></span> <span class='ocrx_word' id='word_1_624' title='bbox 3269 2043 3482 2100; x_wconf 88' lang='lat' dir='ltr'><strong>animos</strong></span> <span class='ocrx_word' id='word_1_625' title='bbox 3504 2045 3614 2099; x_wconf 92' lang='lat' dir='ltr'><strong>vim</strong></span> <span class='ocrx_word' id='word_1_626' title='bbox 3638 2045 3825 2100; x_wconf 85' lang='lat' dir='ltr'><strong>habent</strong></span> 
     </span>
    </p>
   </div>
   <div class='ocr_carea' id='block_1_78' title="bbox 2240 2136 3823 2209">
    <p class='ocr_par' dir='ltr' id='par_1_78' title="bbox 2240 2136 3823 2209">
     <span class='ocr_line' id='line_1_78' title="bbox 2240 2136 3823 2209; baseline -0.002 -15"><span class='ocrx_word' id='word_1_627' title='bbox 2240 2154 2401 2209; x_wconf 86' lang='lat' dir='ltr'><strong>quam</strong></span> <span class='ocrx_word' id='word_1_628' title='bbox 2452 2138 2652 2205; x_wconf 78' lang='lat' dir='ltr'><strong>futura,</strong></span> <span class='ocrx_word' id='word_1_629' title='bbox 2697 2147 2896 2208; x_wconf 82' lang='lat' dir='ltr'><strong>quanta</strong></span> <span class='ocrx_word' id='word_1_630' title='bbox 2921 2137 3030 2205; x_wconf 86' lang='lat' dir='ltr'><strong>jam</strong></span> <span class='ocrx_word' id='word_1_631' title='bbox 3056 2136 3364 2207; x_wconf 89' lang='lat' dir='ltr'><strong>acceperint</strong></span> <span class='ocrx_word' id='word_1_632' title='bbox 3395 2137 3747 2200; x_wconf 83' lang='lat' dir='ltr'><strong>demonstrat,</strong></span> <span class='ocrx_word' id='word_1_633' title='bbox 3774 2146 3823 2191; x_wconf 90' lang='lat' dir='ltr'><strong>ct</strong></span> 
     </span>
    </p>
   </div>
   <div class='ocr_carea' id='block_1_79' title="bbox 2238 2227 3823 2301">
    <p class='ocr_par' dir='ltr' id='par_1_79' title="bbox 2238 2227 3823 2301">
     <span class='ocr_line' id='line_1_79' title="bbox 2238 2227 3823 2301; baseline -0.003 -15"><span class='ocrx_word' id='word_1_634' title='bbox 2238 2232 2328 2301; x_wconf 90' lang='lat' dir='ltr'><strong>qui</strong></span> <span class='ocrx_word' id='word_1_635' title='bbox 2360 2240 2472 2286; x_wconf 93' lang='lat' dir='ltr'><strong>tum</strong></span> <span class='ocrx_word' id='word_1_636' title='bbox 2495 2239 2698 2297; x_wconf 88' lang='lat' dir='ltr'><strong>essent,</strong></span> <span class='ocrx_word' id='word_1_637' title='bbox 2717 2244 2841 2284; x_wconf 90' lang='lat' dir='ltr'><strong>cum</strong></span> <span class='ocrx_word' id='word_1_638' title='bbox 2866 2227 3170 2297; x_wconf 89' lang='lat' dir='ltr'><strong>hujusmodi</strong></span> <span class='ocrx_word' id='word_1_639' title='bbox 3201 2227 3477 2284; x_wconf 88' lang='lat' dir='ltr'><strong>beneﬁciis</strong></span> <span class='ocrx_word' id='word_1_640' title='bbox 3493 2230 3667 2285; x_wconf 87' lang='lat' dir='ltr'><strong>ornati</strong></span> <span class='ocrx_word' id='word_1_641' title='bbox 3690 2237 3823 2284; x_wconf 84' lang='lat' dir='ltr'><strong>sunt-</strong></span> 
     </span>
    </p>
   </div>
   <div class='ocr_carea' id='block_1_80' title="bbox 2239 2319 3820 2392">
    <p class='ocr_par' dir='ltr' id='par_1_80' title="bbox 2239 2319 3820 2392">
     <span class='ocr_line' id='line_1_80' title="bbox 2239 2319 3820 2392; baseline -0.002 -16"><span class='ocrx_word' id='word_1_642' title='bbox 2239 2321 2468 2389; x_wconf 83' lang='lat' dir='ltr'><strong>Quinam</strong></span> <span class='ocrx_word' id='word_1_643' title='bbox 2513 2336 2643 2392; x_wconf 85' lang='lat' dir='ltr'><strong>ergo</strong></span> <span class='ocrx_word' id='word_1_644' title='bbox 2685 2320 2884 2376; x_wconf 84' lang='lat' dir='ltr'><strong>erant?</strong></span> <span class='ocrx_word' id='word_1_645' title='bbox 2923 2319 3118 2375; x_wconf 73' lang='lat' dir='ltr'><strong>Mortui</strong></span> <span class='ocrx_word' id='word_1_646' title='bbox 3165 2319 3350 2390; x_wconf 89' lang='lat' dir='ltr'><strong>utique</strong></span> <span class='ocrx_word' id='word_1_647' title='bbox 3389 2333 3585 2378; x_wconf 88' lang='lat' dir='ltr'><strong>omnes</strong></span> <span class='ocrx_word' id='word_1_648' title='bbox 3625 2321 3820 2392; x_wconf 81' lang='lat' dir='ltr'><strong>(Omnes</strong></span> 
     </span>
    </p>
   </div>
   <div class='ocr_carea' id='block_1_81' title="bbox 2241 2410 3821 2484">
    <p class='ocr_par' dir='ltr' id='par_1_81' title="bbox 2241 2410 3821 2484">
     <span class='ocr_line' id='line_1_81' title="bbox 2241 2410 3821 2484; baseline -0.004 -15"><span class='ocrx_word' id='word_1_649' title='bbox 2241 2413 2385 2469; x_wconf 89' lang='lat' dir='ltr'><strong>enim</strong></span> <span class='ocrx_word' id='word_1_650' title='bbox 2435 2413 2622 2468; x_wconf 87' lang='lat' dir='ltr'><strong>mortui</strong></span> <span class='ocrx_word' id='word_1_651' title='bbox 2649 2422 2802 2478; x_wconf 85' lang='lat' dir='ltr'><strong>sunt;</strong></span> <span class='ocrx_word' id='word_1_652' title='bbox 2830 2420 2886 2467; x_wconf 90' lang='lat' dir='ltr'><strong>et</strong></span> <span class='ocrx_word' id='word_1_653' title='bbox 2914 2428 3006 2484; x_wconf 88' lang='lat' dir='ltr'><strong>pro</strong></span> <span class='ocrx_word' id='word_1_654' title='bbox 3032 2410 3262 2466; x_wconf 79' lang='lat' dir='ltr'><strong>munibus</strong></span> <span class='ocrx_word' id='word_1_655' title='bbox 3285 2422 3519 2466; x_wconf 80' lang='lat' dir='ltr'><strong>mortuus</strong></span> <span class='ocrx_word' id='word_1_656' title='bbox 3543 2421 3614 2468; x_wconf 88' lang='lat' dir='ltr'><strong>est</strong></span> <span class='ocrx_word' id='word_1_657' title='bbox 3642 2429 3661 2467; x_wconf 90' lang='lat'><strong>:</strong></span> <span class='ocrx_word' id='word_1_658' title='bbox 3688 2423 3821 2466; x_wconf 83' lang='lat' dir='ltr'><strong>tanto</strong></span> 
     </span>
    </p>
   </div>
   <div class='ocr_carea' id='block_1_82' title="bbox 2242 2503 3816 2576">
    <p class='ocr_par' dir='ltr' id='par_1_82' title="bbox 2242 2503 3816 2576">
     <span class='ocr_line' id='line_1_82' title="bbox 2242 2503 3816 2576; baseline -0.003 -15"><span class='ocrx_word' id='word_1_659' title='bbox 2242 2521 2366 2576; x_wconf 91' lang='lat' dir='ltr'><strong>erga</strong></span> <span class='ocrx_word' id='word_1_660' title='bbox 2393 2519 2582 2560; x_wconf 87' lang='lat' dir='ltr'><strong>omnes</strong></span> <span class='ocrx_word' id='word_1_661' title='bbox 2607 2518 2792 2559; x_wconf 88' lang='lat' dir='ltr'><strong>amore</strong></span> <span class='ocrx_word' id='word_1_662' title='bbox 2819 2503 3074 2574; x_wconf 81' lang='lat' dir='ltr'><strong>ﬂagrabat</strong></span> <span class='ocrx_word' id='word_1_663' title='bbox 3103 2503 3146 2572; x_wconf 93' lang='lat'><strong>),</strong></span> <span class='ocrx_word' id='word_1_664' title='bbox 3169 2518 3232 2559; x_wconf 91' lang='lat' dir='ltr'><strong>ac</strong></span> <span class='ocrx_word' id='word_1_665' title='bbox 3258 2504 3372 2559; x_wconf 87' lang='lat' dir='ltr'><strong>vitii</strong></span> <span class='ocrx_word' id='word_1_666' title='bbox 3408 2505 3565 2560; x_wconf 91' lang='lat' dir='ltr'><strong>senio</strong></span> <span class='ocrx_word' id='word_1_667' title='bbox 3603 2513 3656 2559; x_wconf 91' lang='lat' dir='ltr'><strong>et</strong></span> <span class='ocrx_word' id='word_1_668' title='bbox 3680 2514 3816 2558; x_wconf 81' lang='lat' dir='ltr'><strong>vetu-</strong></span> 
     </span>
    </p>
   </div>
   <div class='ocr_carea' id='block_1_83' title="bbox 2241 2596 2862 2654">
    <p class='ocr_par' dir='ltr' id='par_1_83' title="bbox 2241 2596 2862 2654">
     <span class='ocr_line' id='line_1_83' title="bbox 2241 2596 2862 2654; baseline -0.008 0"><span class='ocrx_word' id='word_1_669' title='bbox 2241 2608 2380 2654; x_wconf 76' lang='lat' dir='ltr'><strong>State</strong></span> <span class='ocrx_word' id='word_1_670' title='bbox 2401 2612 2588 2652; x_wconf 87' lang='lat' dir='ltr'><strong>omnes</strong></span> <span class='ocrx_word' id='word_1_671' title='bbox 2613 2596 2862 2652; x_wconf 81' lang='lat' dir='ltr'><strong>confecti.</strong></span> 
     </span>
    </p>
   </div>
   <div class='ocr_carea' id='block_1_84' title="bbox 2317 2686 3816 2757">
    <p class='ocr_par' dir='ltr' id='par_1_84' title="bbox 2317 2686 3816 2757">
     <span class='ocr_line' id='line_1_84' title="bbox 2317 2686 3816 2757; baseline -0.003 -13"><span class='ocrx_word' id='word_1_672' title='bbox 2317 2688 2504 2744; x_wconf 85' lang='lat' dir='ltr'><strong>Omnia</strong></span> <span class='ocrx_word' id='word_1_673' title='bbox 2529 2689 2646 2757; x_wconf 88' lang='lat' dir='ltr'><strong>jam</strong></span> <span class='ocrx_word' id='word_1_674' title='bbox 2688 2704 2818 2744; x_wconf 74' lang='lat' dir='ltr'><strong>nova</strong></span> <span class='ocrx_word' id='word_1_675' title='bbox 2860 2696 2999 2752; x_wconf 85' lang='lat' dir='ltr'><strong>sunt,</strong></span> <span class='ocrx_word' id='word_1_676' title='bbox 3037 2687 3312 2757; x_wconf 87' lang='lat' dir='ltr'><strong>quomodo.</strong></span> <span class='ocrx_word' id='word_1_677' title='bbox 3355 2687 3709 2757; x_wconf 78' lang='lat' dir='ltr'><strong>Apostolorum</strong></span> <span class='ocrx_word' id='word_1_678' title='bbox 3743 2686 3816 2740; x_wconf 82' lang='lat' dir='ltr'><strong>di-</strong></span> 
     </span>
    </p>
   </div>
   <div class='ocr_carea' id='block_1_85' title="bbox 2245 2779 3808 2852">
    <p class='ocr_par' dir='ltr' id='par_1_85' title="bbox 2245 2779 3808 2852">
     <span class='ocr_line' id='line_1_85' title="bbox 2245 2779 3808 2852; baseline -0.001 -16"><span class='ocrx_word' id='word_1_679' title='bbox 2245 2782 2582 2852; x_wconf 85' lang='lat' dir='ltr'><strong>gnitas.—At</strong></span> <span class='ocrx_word' id='word_1_680' title='bbox 2601 2795 2730 2836; x_wconf 91' lang='lat' dir='ltr'><strong>ecce</strong></span> <span class='ocrx_word' id='word_1_681' title='bbox 2754 2780 2862 2850; x_wconf 87' lang='lat' dir='ltr'><strong>jam</strong></span> <span class='ocrx_word' id='word_1_682' title='bbox 2883 2779 3060 2834; x_wconf 86' lang='lat' dir='ltr'><strong>anima</strong></span> <span class='ocrx_word' id='word_1_683' title='bbox 3085 2795 3219 2834; x_wconf 82' lang='lat' dir='ltr'><strong>nova</strong></span> <span class='ocrx_word' id='word_1_684' title='bbox 3249 2779 3510 2851; x_wconf 87' lang='lat' dir='ltr'><strong>(purgata</strong></span> <span class='ocrx_word' id='word_1_685' title='bbox 3532 2781 3669 2837; x_wconf 88' lang='lat' dir='ltr'><strong>enim</strong></span> <span class='ocrx_word' id='word_1_686' title='bbox 3695 2780 3808 2850; x_wconf 90' lang='lat' dir='ltr'><strong>est),</strong></span> 
     </span>
    </p>
   </div>
   <div class='ocr_carea' id='block_1_86' title="bbox 2244 2873 3814 2946">
    <p class='ocr_par' dir='ltr' id='par_1_86' title="bbox 2244 2873 3814 2946">
     <span class='ocr_line' id='line_1_86' title="bbox 2244 2873 3814 2946; baseline -0.004 -14"><span class='ocrx_word' id='word_1_687' title='bbox 2244 2885 2300 2932; x_wconf 90' lang='lat' dir='ltr'><strong>et</strong></span> <span class='ocrx_word' id='word_1_688' title='bbox 2344 2891 2542 2946; x_wconf 89' lang='lat' dir='ltr'><strong>corpus</strong></span> <span class='ocrx_word' id='word_1_689' title='bbox 2589 2890 2812 2940; x_wconf 89' lang='lat' dir='ltr'><strong>novum,</strong></span> <span class='ocrx_word' id='word_1_690' title='bbox 2862 2882 2918 2930; x_wconf 90' lang='lat' dir='ltr'><strong>et</strong></span> <span class='ocrx_word' id='word_1_691' title='bbox 2952 2889 3149 2930; x_wconf 90' lang='lat' dir='ltr'><strong>novum</strong></span> <span class='ocrx_word' id='word_1_692' title='bbox 3191 2873 3522 2929; x_wconf 88' lang='lat' dir='ltr'><strong>adorationis</strong></span> <span class='ocrx_word' id='word_1_693' title='bbox 3557 2890 3737 2945; x_wconf 86' lang='lat' dir='ltr'><strong>genus,</strong></span> <span class='ocrx_word' id='word_1_694' title='bbox 3763 2879 3814 2926; x_wconf 87' lang='lat' dir='ltr'><strong>ct</strong></span> 
     </span>
    </p>
   </div>
   <div class='ocr_carea' id='block_1_87' title="bbox 2244 2965 3816 3040">
    <p class='ocr_par' dir='ltr' id='par_1_87' title="bbox 2244 2965 3816 3040">
     <span class='ocr_line' id='line_1_87' title="bbox 2244 2965 3816 3040; baseline -0.004 -16"><span class='ocrx_word' id='word_1_695' title='bbox 2244 2969 2665 3040; x_wconf 83' lang='lat' dir='ltr'><strong>pollicitationes</strong></span> <span class='ocrx_word' id='word_1_696' title='bbox 2709 2981 2886 3032; x_wconf 76' lang='lat' dir='ltr'><strong>novm,</strong></span> <span class='ocrx_word' id='word_1_697' title='bbox 2937 2975 2993 3021; x_wconf 91' lang='lat' dir='ltr'><strong>et</strong></span> <span class='ocrx_word' id='word_1_698' title='bbox 3036 2965 3467 3030; x_wconf 86' lang='lat' dir='ltr'><strong>Testamentum,</strong></span> <span class='ocrx_word' id='word_1_699' title='bbox 3513 2975 3568 3022; x_wconf 88' lang='lat' dir='ltr'><strong>et</strong></span> <span class='ocrx_word' id='word_1_700' title='bbox 3612 2967 3731 3029; x_wconf 91' lang='lat' dir='ltr'><strong>vita,</strong></span> <span class='ocrx_word' id='word_1_701' title='bbox 3765 2973 3816 3020; x_wconf 91' lang='lat' dir='ltr'><strong>et</strong></span> 
     </span>
    </p>
   </div>
   <div class='ocr_carea' id='block_1_88' title="bbox 2246 3056 3814 3125">
    <p class='ocr_par' dir='ltr' id='par_1_88' title="bbox 2246 3056 3814 3125">
     <span class='ocr_line' id='line_1_88' title="bbox 2246 3056 3814 3125; baseline -0.005 -9"><span class='ocrx_word' id='word_1_702' title='bbox 2246 3075 2455 3125; x_wconf 89' lang='lat' dir='ltr'><strong>mensa,</strong></span> <span class='ocrx_word' id='word_1_703' title='bbox 2491 3069 2547 3116; x_wconf 84' lang='lat' dir='ltr'><strong>ot</strong></span> <span class='ocrx_word' id='word_1_704' title='bbox 2591 3059 2777 3124; x_wconf 83' lang='lat' dir='ltr'><strong>vestis,</strong></span> <span class='ocrx_word' id='word_1_705' title='bbox 2821 3067 2875 3112; x_wconf 90' lang='lat' dir='ltr'><strong>et</strong></span> <span class='ocrx_word' id='word_1_706' title='bbox 2915 3056 3096 3112; x_wconf 85' lang='lat' dir='ltr'><strong>omnia</strong></span> <span class='ocrx_word' id='word_1_707' title='bbox 3133 3071 3272 3112; x_wconf 86' lang='lat' dir='ltr'><strong>nova</strong></span> <span class='ocrx_word' id='word_1_708' title='bbox 3317 3066 3462 3114; x_wconf 91' lang='lat' dir='ltr'><strong>sunt.</strong></span> <span class='ocrx_word' id='word_1_709' title='bbox 3495 3057 3695 3113; x_wconf 84' lang='lat' dir='ltr'><strong>Etenim</strong></span> <span class='ocrx_word' id='word_1_710' title='bbox 3724 3068 3814 3125; x_wconf 91' lang='lat' dir='ltr'><strong>pro</strong></span> 
     </span>
    </p>
   </div>
   <div class='ocr_carea' id='block_1_89' title="bbox 2244 3149 3810 3220">
    <p class='ocr_par' dir='ltr' id='par_1_89' title="bbox 2244 3149 3810 3220">
     <span class='ocr_line' id='line_1_89' title="bbox 2244 3149 3810 3220; baseline -0.004 -13"><span class='ocrx_word' id='word_1_711' title='bbox 2244 3161 2457 3209; x_wconf 91' lang='lat' dir='ltr'><strong>terrena</strong></span> <span class='ocrx_word' id='word_1_712' title='bbox 2506 3150 2808 3206; x_wconf 89' lang='lat' dir='ltr'><strong>Jerusalem</strong></span> <span class='ocrx_word' id='word_1_713' title='bbox 2825 3150 3096 3204; x_wconf 69' lang='lat' dir='ltr'><strong>cmlestem</strong></span> <span class='ocrx_word' id='word_1_714' title='bbox 3124 3151 3462 3220; x_wconf 88' lang='lat' dir='ltr'><strong>metropolim</strong></span> <span class='ocrx_word' id='word_1_715' title='bbox 3487 3149 3810 3217; x_wconf 85' lang='lat' dir='ltr'><strong>accepimus;</strong></span> 
     </span>
    </p>
   </div>
   <div class='ocr_carea' id='block_1_90' title="bbox 2247 3241 3812 3314">
    <p class='ocr_par' dir='ltr' id='par_1_90' title="bbox 2247 3241 3812 3314">
     <span class='ocr_line' id='line_1_90' title="bbox 2247 3241 3812 3314; baseline -0.003 -16"><span class='ocrx_word' id='word_1_716' title='bbox 2247 3258 2345 3314; x_wconf 92' lang='lat' dir='ltr'><strong>pro</strong></span> <span class='ocrx_word' id='word_1_717' title='bbox 2373 3242 2569 3297; x_wconf 86' lang='lat' dir='ltr'><strong>visibili</strong></span> <span class='ocrx_word' id='word_1_718' title='bbox 2602 3242 2802 3312; x_wconf 90' lang='lat' dir='ltr'><strong>templo</strong></span> <span class='ocrx_word' id='word_1_719' title='bbox 2830 3241 3090 3312; x_wconf 91' lang='lat' dir='ltr'><strong>templum</strong></span> <span class='ocrx_word' id='word_1_720' title='bbox 3111 3242 3395 3313; x_wconf 83' lang='lat' dir='ltr'><strong>spirituale</strong></span> <span class='ocrx_word' id='word_1_721' title='bbox 3418 3243 3694 3307; x_wconf 86' lang='lat' dir='ltr'><strong>cernimus,</strong></span> <span class='ocrx_word' id='word_1_722' title='bbox 3721 3254 3812 3310; x_wconf 93' lang='lat' dir='ltr'><strong>pro</strong></span> 
     </span>
    </p>
   </div>
   <div class='ocr_carea' id='block_1_91' title="bbox 2246 3333 3810 3407">
    <p class='ocr_par' dir='ltr' id='par_1_91' title="bbox 2246 3333 3810 3407">
     <span class='ocr_line' id='line_1_91' title="bbox 2246 3333 3810 3407; baseline -0.003 -17"><span class='ocrx_word' id='word_1_723' title='bbox 2246 3333 2471 3407; x_wconf 88' lang='lat' dir='ltr'><strong>lapideis</strong></span> <span class='ocrx_word' id='word_1_724' title='bbox 2485 3334 2677 3389; x_wconf 87' lang='lat' dir='ltr'><strong>tabulis</strong></span> <span class='ocrx_word' id='word_1_725' title='bbox 2689 3349 2934 3394; x_wconf 87' lang='lat' dir='ltr'><strong>carneas,</strong></span> <span class='ocrx_word' id='word_1_726' title='bbox 2952 3349 3050 3404; x_wconf 91' lang='lat' dir='ltr'><strong>pro</strong></span> <span class='ocrx_word' id='word_1_727' title='bbox 3068 3334 3474 3392; x_wconf 87' lang='lat' dir='ltr'><strong>circumcisione</strong></span> <span class='ocrx_word' id='word_1_728' title='bbox 3488 3335 3810 3404; x_wconf 81' lang='lat' dir='ltr'><strong>baptismum,</strong></span> 
     </span>
    </p>
   </div>
   <div class='ocr_carea' id='block_1_92' title="bbox 2247 3429 3808 3501">
    <p class='ocr_par' dir='ltr' id='par_1_92' title="bbox 2247 3429 3808 3501">
     <span class='ocr_line' id='line_1_92' title="bbox 2247 3429 3808 3501; baseline -0.004 -16"><span class='ocrx_word' id='word_1_729' title='bbox 2247 3445 2344 3501; x_wconf 91' lang='lat' dir='ltr'><strong>pro</strong></span> <span class='ocrx_word' id='word_1_730' title='bbox 2397 3445 2590 3484; x_wconf 84' lang='lat' dir='ltr'><strong>manna</strong></span> <span class='ocrx_word' id='word_1_731' title='bbox 2640 3444 2838 3498; x_wconf 90' lang='lat' dir='ltr'><strong>corpus</strong></span> <span class='ocrx_word' id='word_1_732' title='bbox 2888 3429 3246 3494; x_wconf 87' lang='lat' dir='ltr'><strong>Dominicum,</strong></span> <span class='ocrx_word' id='word_1_733' title='bbox 3291 3447 3388 3500; x_wconf 90' lang='lat' dir='ltr'><strong>pro</strong></span> <span class='ocrx_word' id='word_1_734' title='bbox 3426 3443 3555 3499; x_wconf 90' lang='lat' dir='ltr'><strong>aqua</strong></span> <span class='ocrx_word' id='word_1_735' title='bbox 3598 3443 3628 3481; x_wconf 89' lang='lat' dir='ltr'><strong>c</strong></span> <span class='ocrx_word' id='word_1_736' title='bbox 3669 3436 3808 3494; x_wconf 87' lang='lat' dir='ltr'><strong>petra</strong></span> 
     </span>
    </p>
   </div>
   <div class='ocr_carea' id='block_1_93' title="bbox 2247 3517 3809 3591">
    <p class='ocr_par' dir='ltr' id='par_1_93' title="bbox 2247 3517 3809 3591">
     <span class='ocr_line' id='line_1_93' title="bbox 2247 3517 3809 3591; baseline -0.006 -15"><span class='ocrx_word' id='word_1_737' title='bbox 2247 3536 2496 3577; x_wconf 90' lang='lat' dir='ltr'><strong>cruorem</strong></span> <span class='ocrx_word' id='word_1_738' title='bbox 2545 3537 2576 3576; x_wconf 92' lang='lat' dir='ltr'><strong>e</strong></span> <span class='ocrx_word' id='word_1_739' title='bbox 2614 3521 2782 3575; x_wconf 89' lang='lat' dir='ltr'><strong>latere</strong></span> <span class='ocrx_word' id='word_1_740' title='bbox 2823 3521 3196 3589; x_wconf 84' lang='lat' dir='ltr'><strong>proﬂuentem,</strong></span> <span class='ocrx_word' id='word_1_741' title='bbox 3236 3537 3331 3591; x_wconf 83' lang='lat' dir='ltr'><strong>pro</strong></span> <span class='ocrx_word' id='word_1_742' title='bbox 3372 3521 3514 3590; x_wconf 77' lang='lat' dir='ltr'><strong>virga</strong></span> <span class='ocrx_word' id='word_1_743' title='bbox 3552 3517 3700 3572; x_wconf 79' lang='lat' dir='ltr'><strong>Mosis</strong></span> <span class='ocrx_word' id='word_1_744' title='bbox 3721 3525 3809 3568; x_wconf 88' lang='lat' dir='ltr'><strong>aut</strong></span> 
     </span>
    </p>
   </div>
   <div class='ocr_carea' id='block_1_94' title="bbox 2247 3605 3816 3683">
    <p class='ocr_par' dir='ltr' id='par_1_94' title="bbox 2247 3605 3816 3683">
     <span class='ocr_line' id='line_1_94' title="bbox 2247 3605 3816 3683; baseline -0.007 -15"><span class='ocrx_word' id='word_1_745' title='bbox 2247 3614 2476 3668; x_wconf 81' lang='lat' dir='ltr'><strong>Aarouis</strong></span> <span class='ocrx_word' id='word_1_746' title='bbox 2501 3627 2740 3680; x_wconf 86' lang='lat' dir='ltr'><strong>crucem,</strong></span> <span class='ocrx_word' id='word_1_747' title='bbox 2773 3628 2869 3683; x_wconf 93' lang='lat' dir='ltr'><strong>pro</strong></span> <span class='ocrx_word' id='word_1_748' title='bbox 2897 3623 3038 3669; x_wconf 86' lang='lat' dir='ltr'><strong>terra</strong></span> <span class='ocrx_word' id='word_1_749' title='bbox 3061 3613 3145 3667; x_wconf 89' lang='lat' dir='ltr'><strong>illa</strong></span> <span class='ocrx_word' id='word_1_750' title='bbox 3168 3611 3364 3667; x_wconf 73' lang='lat' dir='ltr'><strong>Iudaeis</strong></span> <span class='ocrx_word' id='word_1_751' title='bbox 3387 3608 3644 3681; x_wconf 73' lang='lat' dir='ltr'><strong>promissa</strong></span> <span class='ocrx_word' id='word_1_752' title='bbox 3667 3605 3816 3660; x_wconf 61' lang='lat' dir='ltr'><strong>caelo-</strong></span> 
     </span>
    </p>
   </div>
   <div class='ocr_carea' id='block_1_95' title="bbox 2247 3697 3811 3774">
    <p class='ocr_par' dir='ltr' id='par_1_95' title="bbox 2247 3697 3811 3774">
     <span class='ocr_line' id='line_1_95' title="bbox 2247 3697 3811 3774; baseline -0.006 -14"><span class='ocrx_word' id='word_1_753' title='bbox 2247 3721 2366 3760; x_wconf 92' lang='lat' dir='ltr'><strong>rum</strong></span> <span class='ocrx_word' id='word_1_754' title='bbox 2387 3719 2632 3774; x_wconf 88' lang='lat' dir='ltr'><strong>regnum,</strong></span> <span class='ocrx_word' id='word_1_755' title='bbox 2664 3719 2762 3774; x_wconf 87' lang='lat' dir='ltr'><strong>pro</strong></span> <span class='ocrx_word' id='word_1_756' title='bbox 2787 3705 3054 3760; x_wconf 86' lang='lat' dir='ltr'><strong>sexcentis</strong></span> <span class='ocrx_word' id='word_1_757' title='bbox 3073 3702 3433 3759; x_wconf 82' lang='lat' dir='ltr'><strong>sacerdotibus</strong></span> <span class='ocrx_word' id='word_1_758' title='bbox 3453 3716 3614 3758; x_wconf 88' lang='lat' dir='ltr'><strong>unum</strong></span> <span class='ocrx_word' id='word_1_759' title='bbox 3641 3697 3811 3770; x_wconf 90' lang='lat' dir='ltr'><strong>ponti-</strong></span> 
     </span>
    </p>
   </div>
   <div class='ocr_carea' id='block_1_96' title="bbox 2248 3791 3809 3867">
    <p class='ocr_par' dir='ltr' id='par_1_96' title="bbox 2248 3791 3809 3867">
     <span class='ocr_line' id='line_1_96' title="bbox 2248 3791 3809 3867; baseline -0.006 -16"><span class='ocrx_word' id='word_1_760' title='bbox 2248 3797 2422 3862; x_wconf 88' lang='lat' dir='ltr'><strong>licem,</strong></span> <span class='ocrx_word' id='word_1_761' title='bbox 2457 3811 2556 3866; x_wconf 90' lang='lat' dir='ltr'><strong>pro</strong></span> <span class='ocrx_word' id='word_1_762' title='bbox 2580 3811 2718 3867; x_wconf 87' lang='lat' dir='ltr'><strong>agno</strong></span> <span class='ocrx_word' id='word_1_763' title='bbox 2746 3797 2968 3852; x_wconf 89' lang='lat' dir='ltr'><strong>rationis</strong></span> <span class='ocrx_word' id='word_1_764' title='bbox 2996 3805 3216 3866; x_wconf 90' lang='lat' dir='ltr'><strong>experte</strong></span> <span class='ocrx_word' id='word_1_765' title='bbox 3241 3810 3436 3866; x_wconf 84' lang='lat' dir='ltr'><strong>agnum</strong></span> <span class='ocrx_word' id='word_1_766' title='bbox 3472 3791 3809 3862; x_wconf 84' lang='lat' dir='ltr'><strong>spiritualem.</strong></span> 
     </span>
    </p>
   </div>
   <div class='ocr_carea' id='block_1_97' title="bbox 2250 3879 3816 3954">
    <p class='ocr_par' dir='ltr' id='par_1_97' title="bbox 2250 3879 3816 3954">
     <span class='ocr_line' id='line_1_97' title="bbox 2250 3879 3816 3954; baseline -0.008 -8"><span class='ocrx_word' id='word_1_767' title='bbox 2250 3889 2376 3946; x_wconf 67' lang='lat' dir='ltr'><strong>Haec</strong></span> <span class='ocrx_word' id='word_1_768' title='bbox 2421 3889 2630 3954; x_wconf 83' lang='lat' dir='ltr'><strong>aliaque</strong></span> <span class='ocrx_word' id='word_1_769' title='bbox 2663 3887 2864 3944; x_wconf 88' lang='lat' dir='ltr'><strong>Paulus</strong></span> <span class='ocrx_word' id='word_1_770' title='bbox 2905 3889 3084 3944; x_wconf 90' lang='lat' dir='ltr'><strong>animo</strong></span> <span class='ocrx_word' id='word_1_771' title='bbox 3125 3887 3369 3952; x_wconf 89' lang='lat' dir='ltr'><strong>volvens,</strong></span> <span class='ocrx_word' id='word_1_772' title='bbox 3412 3883 3635 3948; x_wconf 81' lang='lat' dir='ltr'><strong>dicebat,</strong></span> <span class='ocrx_word' id='word_1_773' title='bbox 3678 3879 3816 3935; x_wconf 76' lang='lat' dir='ltr'><strong>Noua</strong></span> 
     </span>
    </p>
   </div>
   <div class='ocr_carea' id='block_1_98' title="bbox 2250 3973 3813 4050">
    <p class='ocr_par' dir='ltr' id='par_1_98' title="bbox 2250 3973 3813 4050">
     <span class='ocr_line' id='line_1_98' title="bbox 2250 3973 3813 4050; baseline -0.008 -16"><span class='ocrx_word' id='word_1_774' title='bbox 2250 3981 2388 4050; x_wconf 77' lang='lat' dir='ltr'><strong>facta</strong></span> <span class='ocrx_word' id='word_1_775' title='bbox 2415 3989 2528 4035; x_wconf 88' lang='lat' dir='ltr'><strong>sunt</strong></span> <span class='ocrx_word' id='word_1_776' title='bbox 2550 3979 2740 4034; x_wconf 84' lang='lat' dir='ltr'><strong>omnia.</strong></span> <span class='ocrx_word' id='word_1_777' title='bbox 2777 3978 2964 4033; x_wconf 88' lang='lat' dir='ltr'><strong>Omnia</strong></span> <span class='ocrx_word' id='word_1_778' title='bbox 2989 3989 3156 4033; x_wconf 77' lang='lat' dir='ltr'><strong>autem</strong></span> <span class='ocrx_word' id='word_1_779' title='bbox 3183 3995 3247 4034; x_wconf 80' lang='lat' dir='ltr'><strong>ea:</strong></span> <span class='ocrx_word' id='word_1_780' title='bbox 3271 3977 3386 4036; x_wconf 84' lang='lat' dir='ltr'><strong>Deo</strong></span> <span class='ocrx_word' id='word_1_781' title='bbox 3405 3996 3425 4032; x_wconf 89' lang='lat'><strong>:</strong></span> <span class='ocrx_word' id='word_1_782' title='bbox 3453 3992 3546 4048; x_wconf 89' lang='lat' dir='ltr'><strong>per</strong></span> <span class='ocrx_word' id='word_1_783' title='bbox 3565 3973 3813 4031; x_wconf 88' lang='lat' dir='ltr'><strong>Christum</strong></span> 
     </span>
    </p>
   </div>
   <div class='ocr_carea' id='block_1_99' title="bbox 2249 4063 3816 4141">
    <p class='ocr_par' dir='ltr' id='par_1_99' title="bbox 2249 4063 3816 4141">
     <span class='ocr_line' id='line_1_99' title="bbox 2249 4063 3816 4141; baseline -0.006 -15"><span class='ocrx_word' id='word_1_784' title='bbox 2249 4072 2524 4134; x_wconf 86' lang='lat' dir='ltr'><strong>videlicet,</strong></span> <span class='ocrx_word' id='word_1_785' title='bbox 2555 4086 2618 4126; x_wconf 86' lang='lat' dir='ltr'><strong>ac</strong></span> <span class='ocrx_word' id='word_1_786' title='bbox 2644 4087 2740 4141; x_wconf 86' lang='lat' dir='ltr'><strong>per</strong></span> <span class='ocrx_word' id='word_1_787' title='bbox 2779 4070 3096 4126; x_wconf 85' lang='lat' dir='ltr'><strong>beneﬁcium</strong></span> <span class='ocrx_word' id='word_1_788' title='bbox 3143 4071 3214 4126; x_wconf 87' lang='lat' dir='ltr'><strong>ab</strong></span> <span class='ocrx_word' id='word_1_789' title='bbox 3245 4085 3313 4126; x_wconf 88' lang='lat' dir='ltr'><strong>eo</strong></span> <span class='ocrx_word' id='word_1_790' title='bbox 3357 4081 3648 4139; x_wconf 85' lang='lat' dir='ltr'><strong>acceptum.</strong></span> <span class='ocrx_word' id='word_1_791' title='bbox 3673 4063 3816 4122; x_wconf 87' lang='lat' dir='ltr'><strong>Unde</strong></span> 
     </span>
    </p>
   </div>
   <div class='ocr_carea' id='block_1_100' title="bbox 2251 4157 3814 4233">
    <p class='ocr_par' dir='ltr' id='par_1_100' title="bbox 2251 4157 3814 4233">
     <span class='ocr_line' id='line_1_100' title="bbox 2251 4157 3814 4233; baseline -0.008 -14"><span class='ocrx_word' id='word_1_792' title='bbox 2251 4166 2412 4220; x_wconf 87' lang='lat' dir='ltr'><strong>etiam</strong></span> <span class='ocrx_word' id='word_1_793' title='bbox 2440 4162 2733 4233; x_wconf 87' lang='lat' dir='ltr'><strong>suhjungit,</strong></span> <span class='ocrx_word' id='word_1_794' title='bbox 2753 4161 2854 4226; x_wconf 86' lang='lat' dir='ltr'><strong>Qui</strong></span> <span class='ocrx_word' id='word_1_795' title='bbox 2873 4179 2964 4216; x_wconf 88' lang='lat' dir='ltr'><strong>nos</strong></span> <span class='ocrx_word' id='word_1_796' title='bbox 2985 4160 3316 4216; x_wconf 82' lang='lat' dir='ltr'><strong>reconcilians</strong></span> <span class='ocrx_word' id='word_1_797' title='bbox 3339 4162 3433 4215; x_wconf 87' lang='lat' dir='ltr'><strong>sibi</strong></span> <span class='ocrx_word' id='word_1_798' title='bbox 3450 4177 3536 4229; x_wconf 84' lang='lat' dir='ltr'><strong>per</strong></span> <span class='ocrx_word' id='word_1_799' title='bbox 3555 4157 3814 4219; x_wconf 82' lang='lat' dir='ltr'><strong>Christum,</strong></span> 
     </span>
    </p>
   </div>
   <div class='ocr_carea' id='block_1_101' title="bbox 2250 4247 3820 4323">
    <p class='ocr_par' dir='ltr' id='par_1_101' title="bbox 2250 4247 3820 4323">
     <span class='ocr_line' id='line_1_101' title="bbox 2250 4247 3820 4323; baseline -0.008 -11"><span class='ocrx_word' id='word_1_800' title='bbox 2250 4265 2298 4312; x_wconf 88' lang='lat' dir='ltr'><strong>et</strong></span> <span class='ocrx_word' id='word_1_801' title='bbox 2323 4257 2461 4312; x_wconf 86' lang='lat' dir='ltr'><strong>dedit</strong></span> <span class='ocrx_word' id='word_1_802' title='bbox 2482 4255 2623 4309; x_wconf 83' lang='lat' dir='ltr'><strong>nobis</strong></span> <span class='ocrx_word' id='word_1_803' title='bbox 2647 4255 2981 4309; x_wconf 87' lang='lat' dir='ltr'><strong>ministerium</strong></span> <span class='ocrx_word' id='word_1_804' title='bbox 3006 4254 3450 4309; x_wconf 75' lang='lat' dir='ltr'><strong>reconciliationis.</strong></span> <span class='ocrx_word' id='word_1_805' title='bbox 3467 4253 3550 4323; x_wconf 83' lang='lat' dir='ltr'><strong>Ex</strong></span> <span class='ocrx_word' id='word_1_806' title='bbox 3572 4252 3671 4306; x_wconf 85' lang='lat' dir='ltr'><strong>hoc</strong></span> <span class='ocrx_word' id='word_1_807' title='bbox 3687 4247 3820 4304; x_wconf 88' lang='lat' dir='ltr'><strong>enim</strong></span> 
     </span>
    </p>
   </div>
   <div class='ocr_carea' id='block_1_102' title="bbox 2251 4341 3820 4417">
    <p class='ocr_par' dir='ltr' id='par_1_102' title="bbox 2251 4341 3820 4417">
     <span class='ocr_line' id='line_1_102' title="bbox 2251 4341 3820 4417; baseline -0.007 -14"><span class='ocrx_word' id='word_1_808' title='bbox 2251 4351 2430 4404; x_wconf 89' lang='lat' dir='ltr'><strong>omnia</strong></span> <span class='ocrx_word' id='word_1_809' title='bbox 2457 4349 2620 4404; x_wconf 91' lang='lat' dir='ltr'><strong>bona.</strong></span> <span class='ocrx_word' id='word_1_810' title='bbox 2653 4346 2786 4402; x_wconf 81' lang='lat' dir='ltr'><strong>Nam</strong></span> <span class='ocrx_word' id='word_1_811' title='bbox 2816 4347 2868 4402; x_wconf 91' lang='lat' dir='ltr'><strong>ei</strong></span> <span class='ocrx_word' id='word_1_812' title='bbox 2911 4347 3004 4417; x_wconf 92' lang='lat' dir='ltr'><strong>qui</strong></span> <span class='ocrx_word' id='word_1_813' title='bbox 3033 4361 3131 4403; x_wconf 86' lang='lat' dir='ltr'><strong>nos</strong></span> <span class='ocrx_word' id='word_1_814' title='bbox 3159 4347 3362 4403; x_wconf 88' lang='lat' dir='ltr'><strong>amicos</strong></span> <span class='ocrx_word' id='word_1_815' title='bbox 3385 4345 3636 4411; x_wconf 89' lang='lat' dir='ltr'><strong>reddidit,</strong></span> <span class='ocrx_word' id='word_1_816' title='bbox 3662 4341 3820 4398; x_wconf 89' lang='lat' dir='ltr'><strong>eidem</strong></span> 
     </span>
    </p>
   </div>
   <div class='ocr_carea' id='block_1_103' title="bbox 2253 4431 3821 4512">
    <p class='ocr_par' dir='ltr' id='par_1_103' title="bbox 2253 4431 3821 4512">
     <span class='ocr_line' id='line_1_103' title="bbox 2253 4431 3821 4512; baseline -0.008 -15"><span class='ocrx_word' id='word_1_817' title='bbox 2253 4457 2468 4512; x_wconf 91' lang='lat' dir='ltr'><strong>quoque</strong></span> <span class='ocrx_word' id='word_1_818' title='bbox 2488 4439 2592 4494; x_wconf 90' lang='lat' dir='ltr'><strong>alia</strong></span> <span class='ocrx_word' id='word_1_819' title='bbox 2631 4447 2848 4509; x_wconf 88' lang='lat' dir='ltr'><strong>accepta</strong></span> <span class='ocrx_word' id='word_1_820' title='bbox 2875 4438 3156 4494; x_wconf 74' lang='lat' dir='ltr'><strong>referenda</strong></span> <span class='ocrx_word' id='word_1_821' title='bbox 3201 4449 3347 4504; x_wconf 88' lang='lat' dir='ltr'><strong>sunt,</strong></span> <span class='ocrx_word' id='word_1_822' title='bbox 3378 4438 3662 4509; x_wconf 64' lang='lat' dir='ltr'><strong>quaebeus</strong></span> <span class='ocrx_word' id='word_1_823' title='bbox 3684 4431 3821 4488; x_wconf 87' lang='lat' dir='ltr'><strong>nobis</strong></span> 
     </span>
    </p>
   </div>
   <div class='ocr_carea' id='block_1_104' title="bbox 2255 4528 3824 4602">
    <p class='ocr_par' dir='ltr' id='par_1_104' title="bbox 2255 4528 3824 4602">
     <span class='ocr_line' id='line_1_104' title="bbox 2255 4528 3824 4602; baseline -0.008 -14"><span class='ocrx_word' id='word_1_824' title='bbox 2255 4533 2309 4588; x_wconf 93' lang='lat' dir='ltr'><strong>in</strong></span> <span class='ocrx_word' id='word_1_825' title='bbox 2348 4532 2637 4588; x_wconf 89' lang='lat' dir='ltr'><strong>amicitiam</strong></span> <span class='ocrx_word' id='word_1_826' title='bbox 2680 4532 2912 4601; x_wconf 89' lang='lat' dir='ltr'><strong>receptis</strong></span> <span class='ocrx_word' id='word_1_827' title='bbox 2951 4531 3173 4601; x_wconf 81' lang='lat' dir='ltr'><strong>largitus</strong></span> <span class='ocrx_word' id='word_1_828' title='bbox 3222 4540 3324 4586; x_wconf 91' lang='lat' dir='ltr'><strong>est.</strong></span> <span class='ocrx_word' id='word_1_829' title='bbox 3366 4530 3553 4602; x_wconf 86' lang='lat' dir='ltr'><strong>Neque</strong></span> <span class='ocrx_word' id='word_1_830' title='bbox 3574 4528 3710 4584; x_wconf 89' lang='lat' dir='ltr'><strong>enim</strong></span> <span class='ocrx_word' id='word_1_831' title='bbox 3737 4538 3824 4579; x_wconf 90' lang='lat' dir='ltr'><strong>nos</strong></span> 
     </span>
    </p>
   </div>
   <div class='ocr_carea' id='block_1_105' title="bbox 2255 4614 3822 4692">
    <p class='ocr_par' dir='ltr' id='par_1_105' title="bbox 2255 4614 3822 4692">
     <span class='ocr_line' id='line_1_105' title="bbox 2255 4614 3822 4692; baseline -0.008 -11"><span class='ocrx_word' id='word_1_832' title='bbox 2255 4628 2442 4682; x_wconf 86' lang='lat' dir='ltr'><strong>hostes</strong></span> <span class='ocrx_word' id='word_1_833' title='bbox 2471 4639 2695 4681; x_wconf 87' lang='lat' dir='ltr'><strong>manere</strong></span> <span class='ocrx_word' id='word_1_834' title='bbox 2719 4623 2905 4682; x_wconf 90' lang='lat' dir='ltr'><strong>sinens</strong></span> <span class='ocrx_word' id='word_1_835' title='bbox 2933 4622 3240 4692; x_wconf 89' lang='lat' dir='ltr'><strong>hujusmodi</strong></span> <span class='ocrx_word' id='word_1_836' title='bbox 3273 4639 3495 4680; x_wconf 83' lang='lat' dir='ltr'><strong>munere</strong></span> <span class='ocrx_word' id='word_1_837' title='bbox 3520 4621 3710 4684; x_wconf 79' lang='lat' dir='ltr'><strong>affecit,</strong></span> <span class='ocrx_word' id='word_1_838' title='bbox 3741 4614 3822 4671; x_wconf 89' lang='lat' dir='ltr'><strong>sed</strong></span> 
     </span>
    </p>
   </div>
   <div class='ocr_carea' id='block_1_106' title="bbox 2257 4707 3895 4786">
    <p class='ocr_par' dir='ltr' id='par_1_106' title="bbox 2257 4707 3895 4786">
     <span class='ocr_line' id='line_1_106' title="bbox 2257 4707 3895 4786; baseline -0.01 -13"><span class='ocrx_word' id='word_1_839' title='bbox 2257 4718 2405 4786; x_wconf 89' lang='lat' dir='ltr'><strong>prius</strong></span> <span class='ocrx_word' id='word_1_840' title='bbox 2447 4717 2498 4770; x_wconf 90' lang='lat' dir='ltr'><strong>in</strong></span> <span class='ocrx_word' id='word_1_841' title='bbox 2539 4715 2832 4771; x_wconf 84' lang='lat' dir='ltr'><strong>amicitiam</strong></span> <span class='ocrx_word' id='word_1_842' title='bbox 2874 4715 3042 4784; x_wconf 91' lang='lat' dir='ltr'><strong>ipsius</strong></span> <span class='ocrx_word' id='word_1_843' title='bbox 3080 4716 3381 4769; x_wconf 90' lang='lat' dir='ltr'><strong>restitutos.</strong></span> <span class='ocrx_word' id='word_1_844' title='bbox 3421 4715 3589 4770; x_wconf 84' lang='lat' dir='ltr'><strong>Porro</strong></span> <span class='ocrx_word' id='word_1_845' title='bbox 3608 4725 3723 4768; x_wconf 89' lang='lat' dir='ltr'><strong>cum</strong></span> <span class='ocrx_word' id='word_1_846' title='bbox 3748 4707 3824 4761; x_wconf 86' lang='lat' dir='ltr'><strong>aio</strong></span> <span class='ocrx_word' id='word_1_847' title='bbox 3887 4747 3895 4756; x_wconf 81' lang='grc'><strong><em>,</em></strong></span> 
     </span>
    </p>
   </div>
   <div class='ocr_carea' id='block_1_107' title="bbox 2256 4803 3826 4864">
    <p class='ocr_par' dir='ltr' id='par_1_107' title="bbox 2256 4803 3826 4864">
     <span class='ocr_line' id='line_1_107' title="bbox 2256 4803 3826 4864; baseline -0.003 0"><span class='ocrx_word' id='word_1_848' title='bbox 2256 4809 2526 4864; x_wconf 88' lang='lat' dir='ltr'><strong>Christum</strong></span> <span class='ocrx_word' id='word_1_849' title='bbox 2577 4806 3035 4864; x_wconf 90' lang='lat' dir='ltr'><strong>reconciliationis</strong></span> <span class='ocrx_word' id='word_1_850' title='bbox 3061 4806 3216 4862; x_wconf 90' lang='lat' dir='ltr'><strong>nobis</strong></span> <span class='ocrx_word' id='word_1_851' title='bbox 3245 4814 3524 4862; x_wconf 84' lang='lat' dir='ltr'><strong>auctorem</strong></span> <span class='ocrx_word' id='word_1_852' title='bbox 3551 4803 3826 4860; x_wconf 74' lang='lat' dir='ltr'><strong>exstitisse.</strong></span> 
     </span>
    </p>
   </div>
   <div class='ocr_carea' id='block_1_108' title="bbox 2257 4889 3828 4970">
    <p class='ocr_par' dir='ltr' id='par_1_108' title="bbox 2257 4889 3828 4970">
     <span class='ocr_line' id='line_1_108' title="bbox 2257 4889 3828 4970; baseline -0.006 -15"><span class='ocrx_word' id='word_1_853' title='bbox 2257 4900 2471 4958; x_wconf 89' lang='lat' dir='ltr'><strong>Patrem</strong></span> <span class='ocrx_word' id='word_1_854' title='bbox 2495 4913 2709 4970; x_wconf 85' lang='lat' dir='ltr'><strong>quoque</strong></span> <span class='ocrx_word' id='word_1_855' title='bbox 2734 4899 2857 4954; x_wconf 90' lang='lat' dir='ltr'><strong>dico</strong></span> <span class='ocrx_word' id='word_1_856' title='bbox 2881 4916 2895 4954; x_wconf 91' lang='lat'><strong>:</strong></span> <span class='ocrx_word' id='word_1_857' title='bbox 2927 4913 3051 4954; x_wconf 90' lang='lat' dir='ltr'><strong>cum</strong></span> <span class='ocrx_word' id='word_1_858' title='bbox 3092 4897 3216 4952; x_wconf 88' lang='lat' dir='ltr'><strong>dico</strong></span> <span class='ocrx_word' id='word_1_859' title='bbox 3242 4898 3458 4954; x_wconf 86' lang='lat' dir='ltr'><strong>Patrem</strong></span> <span class='ocrx_word' id='word_1_860' title='bbox 3489 4895 3718 4960; x_wconf 82' lang='lat' dir='ltr'><strong>dedisse,</strong></span> <span class='ocrx_word' id='word_1_861' title='bbox 3746 4889 3828 4946; x_wconf 78' lang='lat' dir='ltr'><strong>Fi-</strong></span> 
     </span>
    </p>
   </div>
   <div class='ocr_carea' id='block_1_109' title="bbox 2260 4989 3832 5063">
    <p class='ocr_par' dir='ltr' id='par_1_109' title="bbox 2260 4989 3832 5063">
     <span class='ocr_line' id='line_1_109' title="bbox 2260 4989 3832 5063; baseline -0.006 -16"><span class='ocrx_word' id='word_1_862' title='bbox 2260 4993 2390 5048; x_wconf 92' lang='lat' dir='ltr'><strong>lium</strong></span> <span class='ocrx_word' id='word_1_863' title='bbox 2430 5006 2644 5063; x_wconf 92' lang='lat' dir='ltr'><strong>quoque</strong></span> <span class='ocrx_word' id='word_1_864' title='bbox 2685 4990 2828 5056; x_wconf 91' lang='lat' dir='ltr'><strong>dico,</strong></span> <span class='ocrx_word' id='word_1_865' title='bbox 2879 4989 3068 5044; x_wconf 89' lang='lat' dir='ltr'><strong>Omnia</strong></span> <span class='ocrx_word' id='word_1_866' title='bbox 3104 4991 3250 5046; x_wconf 88' lang='lat' dir='ltr'><strong>enim</strong></span> <span class='ocrx_word' id='word_1_867' title='bbox 3289 5006 3380 5061; x_wconf 88' lang='lat' dir='ltr'><strong>per</strong></span> <span class='ocrx_word' id='word_1_868' title='bbox 3417 5007 3530 5044; x_wconf 82' lang='lat' dir='ltr'><strong>eum</strong></span> <span class='ocrx_word' id='word_1_869' title='bbox 3562 4989 3699 5054; x_wconf 83' lang='lat' dir='ltr'><strong>[acta</strong></span> <span class='ocrx_word' id='word_1_870' title='bbox 3729 4989 3832 5038; x_wconf 82' lang='lat' dir='ltr'><strong>sunt</strong></span> 
     </span>
    </p>
   </div>
   <div class='ocr_carea' id='block_1_110' title="bbox 2265 5074 3830 5158">
    <p class='ocr_par' dir='ltr' id='par_1_110' title="bbox 2265 5074 3830 5158">
     <span class='ocr_line' id='line_1_110' title="bbox 2265 5074 3830 5158; baseline -0.01 -18"><span class='ocrx_word' id='word_1_871' title='bbox 2265 5084 2442 5158; x_wconf 83' lang='lat' dir='ltr'><strong>(Joan.</strong></span> <span class='ocrx_word' id='word_1_872' title='bbox 2496 5086 2548 5139; x_wconf 89' lang='grc'><strong>1.</strong></span> <span class='ocrx_word' id='word_1_873' title='bbox 2600 5083 2727 5155; x_wconf 76' lang='grc'><strong>15);</strong></span> <span class='ocrx_word' id='word_1_874' title='bbox 2758 5093 2919 5154; x_wconf 88' lang='lat' dir='ltr'><strong>atque</strong></span> <span class='ocrx_word' id='word_1_875' title='bbox 2959 5084 3075 5154; x_wconf 90' lang='lat' dir='ltr'><strong>ipse</strong></span> <span class='ocrx_word' id='word_1_876' title='bbox 3113 5082 3270 5153; x_wconf 89' lang='lat' dir='ltr'><strong>hujus</strong></span> <span class='ocrx_word' id='word_1_877' title='bbox 3301 5083 3377 5138; x_wconf 89' lang='lat' dir='ltr'><strong>rei</strong></span> <span class='ocrx_word' id='word_1_878' title='bbox 3408 5090 3595 5144; x_wconf 84' lang='lat' dir='ltr'><strong>auctor</strong></span> <span class='ocrx_word' id='word_1_879' title='bbox 3618 5074 3830 5135; x_wconf 78' lang='lat' dir='ltr'><strong>exsistit.</strong></span> 
     </span>
    </p>
   </div>
   <div class='ocr_carea' id='block_1_111' title="bbox 2260 5174 3836 5246">
    <p class='ocr_par' dir='ltr' id='par_1_111' title="bbox 2260 5174 3836 5246">
     <span class='ocr_line' id='line_1_111' title="bbox 2260 5174 3836 5246; baseline -0.006 -14"><span class='ocrx_word' id='word_1_880' title='bbox 2260 5175 2447 5246; x_wconf 85' lang='lat' dir='ltr'><strong>Neque</strong></span> <span class='ocrx_word' id='word_1_881' title='bbox 2476 5176 2618 5231; x_wconf 91' lang='lat' dir='ltr'><strong>enim</strong></span> <span class='ocrx_word' id='word_1_882' title='bbox 2650 5190 2751 5235; x_wconf 86' lang='lat' dir='ltr'><strong>nos</strong></span> <span class='ocrx_word' id='word_1_883' title='bbox 2775 5175 2840 5230; x_wconf 91' lang='lat' dir='ltr'><strong>ad</strong></span> <span class='ocrx_word' id='word_1_884' title='bbox 2852 5190 2977 5230; x_wconf 90' lang='lat' dir='ltr'><strong>eum</strong></span> <span class='ocrx_word' id='word_1_885' title='bbox 3000 5175 3354 5238; x_wconf 84' lang='lat' dir='ltr'><strong>accurrimus,</strong></span> <span class='ocrx_word' id='word_1_886' title='bbox 3378 5175 3475 5230; x_wconf 89' lang='lat' dir='ltr'><strong>sed</strong></span> <span class='ocrx_word' id='word_1_887' title='bbox 3496 5174 3612 5244; x_wconf 88' lang='lat' dir='ltr'><strong>ipse</strong></span> <span class='ocrx_word' id='word_1_888' title='bbox 3641 5184 3734 5225; x_wconf 89' lang='lat' dir='ltr'><strong>nos</strong></span> <span class='ocrx_word' id='word_1_889' title='bbox 3753 5181 3836 5219; x_wconf 82' lang='lat' dir='ltr'><strong>vo-</strong></span> 
     </span>
    </p>
   </div>
   <div class='ocr_carea' id='block_1_112' title="bbox 2261 5256 3836 5334">
    <p class='ocr_par' dir='ltr' id='par_1_112' title="bbox 2261 5256 3836 5334">
     <span class='ocr_line' id='line_1_112' title="bbox 2261 5256 3836 5334; baseline -0.006 -10"><span class='ocrx_word' id='word_1_890' title='bbox 2261 5269 2421 5324; x_wconf 90' lang='lat' dir='ltr'><strong>cavit.</strong></span> <span class='ocrx_word' id='word_1_891' title='bbox 2446 5273 2692 5334; x_wconf 76' lang='lat' dir='ltr'><strong>Quonam</strong></span> <span class='ocrx_word' id='word_1_892' title='bbox 2719 5267 2880 5322; x_wconf 92' lang='lat' dir='ltr'><strong>modo</strong></span> <span class='ocrx_word' id='word_1_893' title='bbox 2908 5266 3157 5322; x_wconf 78' lang='lat' dir='ltr'><strong>vocavit?</strong></span> <span class='ocrx_word' id='word_1_894' title='bbox 3178 5267 3281 5322; x_wconf 88' lang='lat' dir='ltr'><strong>Per</strong></span> <span class='ocrx_word' id='word_1_895' title='bbox 3295 5265 3497 5326; x_wconf 83' lang='lat' dir='ltr'><strong>Christi</strong></span> <span class='ocrx_word' id='word_1_896' title='bbox 3510 5278 3714 5321; x_wconf 89' lang='lat' dir='ltr'><strong>necem.</strong></span> <span class='ocrx_word' id='word_1_897' title='bbox 3745 5256 3836 5325; x_wconf 70' lang='lat' dir='ltr'><strong>Qui</strong></span> 
     </span>
    </p>
   </div>
   <div class='ocr_carea' id='block_1_113' title="bbox 2263 5360 3839 5417">
    <p class='ocr_par' dir='ltr' id='par_1_113' title="bbox 2263 5360 3839 5417">
     <span class='ocr_line' id='line_1_113' title="bbox 2263 5360 3839 5417; baseline -0.005 -1"><span class='ocrx_word' id='word_1_898' title='bbox 2263 5363 2406 5416; x_wconf 85' lang='lat' dir='ltr'><strong>nobis</strong></span> <span class='ocrx_word' id='word_1_899' title='bbox 2455 5361 2594 5415; x_wconf 81' lang='lat' dir='ltr'><strong>dedit</strong></span> <span class='ocrx_word' id='word_1_900' title='bbox 2647 5361 2980 5416; x_wconf 85' lang='lat' dir='ltr'><strong>ministerium</strong></span> <span class='ocrx_word' id='word_1_901' title='bbox 3029 5361 3477 5417; x_wconf 81' lang='lat' dir='ltr'><strong>reconciliationis.</strong></span> <span class='ocrx_word' id='word_1_902' title='bbox 3525 5360 3622 5416; x_wconf 79' lang='lat' dir='ltr'><strong>Hic</strong></span> <span class='ocrx_word' id='word_1_903' title='bbox 3668 5366 3839 5412; x_wconf 82' lang='lat' dir='ltr'><strong>rursus</strong></span> 
     </span>
    </p>
   </div>
   <div class='ocr_carea' id='block_1_114' title="bbox 2263 5451 3839 5524">
    <p class='ocr_par' dir='ltr' id='par_1_114' title="bbox 2263 5451 3839 5524">
     <span class='ocr_line' id='line_1_114' title="bbox 2263 5451 3839 5524; baseline -0.006 -17"><span class='ocrx_word' id='word_1_904' title='bbox 2263 5453 2630 5524; x_wconf 88' lang='lat' dir='ltr'><strong>apostolorum</strong></span> <span class='ocrx_word' id='word_1_905' title='bbox 2645 5451 2958 5522; x_wconf 82' lang='lat' dir='ltr'><strong>dignitatem</strong></span> <span class='ocrx_word' id='word_1_906' title='bbox 2973 5452 3517 5516; x_wconf 86' lang='lat' dir='ltr'><strong>ostendit,declarans</strong></span> <span class='ocrx_word' id='word_1_907' title='bbox 3532 5460 3586 5507; x_wconf 90' lang='lat' dir='ltr'><strong>et</strong></span> <span class='ocrx_word' id='word_1_908' title='bbox 3599 5457 3839 5522; x_wconf 87' lang='lat' dir='ltr'><strong>quantum</strong></span> 
     </span>
    </p>
   </div>
   <div class='ocr_carea' id='block_1_115' title="bbox 2267 5541 3842 5618">
    <p class='ocr_par' dir='ltr' id='par_1_115' title="bbox 2267 5541 3842 5618">
     <span class='ocr_line' id='line_1_115' title="bbox 2267 5541 3842 5618; baseline -0.003 -19"><span class='ocrx_word' id='word_1_909' title='bbox 2267 5560 2461 5600; x_wconf 89' lang='lat' dir='ltr'><strong>munus</strong></span> <span class='ocrx_word' id='word_1_910' title='bbox 2487 5545 2723 5616; x_wconf 89' lang='lat' dir='ltr'><strong>ipsorum</strong></span> <span class='ocrx_word' id='word_1_911' title='bbox 2746 5545 2866 5600; x_wconf 90' lang='lat' dir='ltr'><strong>ﬁdei</strong></span> <span class='ocrx_word' id='word_1_912' title='bbox 2891 5547 3240 5606; x_wconf 86' lang='lat' dir='ltr'><strong>commissum</strong></span> <span class='ocrx_word' id='word_1_913' title='bbox 3269 5548 3361 5614; x_wconf 89' lang='lat' dir='ltr'><strong>sit,</strong></span> <span class='ocrx_word' id='word_1_914' title='bbox 3378 5558 3438 5604; x_wconf 86' lang='lat' dir='ltr'><strong>et</strong></span> <span class='ocrx_word' id='word_1_915' title='bbox 3449 5561 3608 5618; x_wconf 86' lang='lat' dir='ltr'><strong>quam</strong></span> <span class='ocrx_word' id='word_1_916' title='bbox 3629 5541 3842 5600; x_wconf 86' lang='lat' dir='ltr'><strong>eximius</strong></span> 
     </span>
    </p>
   </div>
   <div class='ocr_carea' id='block_1_116' title="bbox 2267 5639 3845 5710">
    <p class='ocr_par' dir='ltr' id='par_1_116' title="bbox 2267 5639 3845 5710">
     <span class='ocr_line' id='line_1_116' title="bbox 2267 5639 3845 5710; baseline -0.001 -16"><span class='ocrx_word' id='word_1_917' title='bbox 2267 5653 2330 5694; x_wconf 88' lang='lat' dir='ltr'><strong>ac</strong></span> <span class='ocrx_word' id='word_1_918' title='bbox 2359 5639 2646 5710; x_wconf 81' lang='lat' dir='ltr'><strong>singularis</strong></span> <span class='ocrx_word' id='word_1_919' title='bbox 2670 5639 2742 5693; x_wconf 89' lang='lat' dir='ltr'><strong>sit</strong></span> <span class='ocrx_word' id='word_1_920' title='bbox 2786 5639 2877 5694; x_wconf 91' lang='lat' dir='ltr'><strong>Dei</strong></span> <span class='ocrx_word' id='word_1_921' title='bbox 2902 5655 3030 5710; x_wconf 83' lang='lat' dir='ltr'><strong>erga</strong></span> <span class='ocrx_word' id='word_1_922' title='bbox 3063 5655 3167 5695; x_wconf 85' lang='lat' dir='ltr'><strong>nos</strong></span> <span class='ocrx_word' id='word_1_923' title='bbox 3191 5655 3368 5697; x_wconf 89' lang='lat' dir='ltr'><strong>amor.</strong></span> <span class='ocrx_word' id='word_1_924' title='bbox 3397 5641 3514 5697; x_wconf 86' lang='lat' dir='ltr'><strong>Non</strong></span> <span class='ocrx_word' id='word_1_925' title='bbox 3539 5639 3682 5696; x_wconf 85' lang='lat' dir='ltr'><strong>enim</strong></span> <span class='ocrx_word' id='word_1_926' title='bbox 3712 5639 3845 5707; x_wconf 47' lang='lat' dir='ltr'><strong>post!</strong></span> 
     </span>
    </p>
   </div>
   <div class='ocr_carea' id='block_1_117' title="bbox 2268 5724 3844 5802">
    <p class='ocr_par' dir='ltr' id='par_1_117' title="bbox 2268 5724 3844 5802">
     <span class='ocr_line' id='line_1_117' title="bbox 2268 5724 3844 5802; baseline -0.003 -16"><span class='ocrx_word' id='word_1_927' title='bbox 2268 5745 2430 5801; x_wconf 87' lang='lat' dir='ltr'><strong>quam</strong></span> <span class='ocrx_word' id='word_1_928' title='bbox 2473 5732 2630 5802; x_wconf 88' lang='lat' dir='ltr'><strong>legati</strong></span> <span class='ocrx_word' id='word_1_929' title='bbox 2659 5731 2821 5798; x_wconf 89' lang='lat' dir='ltr'><strong>illius,</strong></span> <span class='ocrx_word' id='word_1_930' title='bbox 2849 5733 2939 5801; x_wconf 90' lang='lat' dir='ltr'><strong>qui</strong></span> <span class='ocrx_word' id='word_1_931' title='bbox 2977 5743 3218 5798; x_wconf 83' lang='lat' dir='ltr'><strong>venerat,</strong></span> <span class='ocrx_word' id='word_1_932' title='bbox 3249 5748 3440 5789; x_wconf 88' lang='lat' dir='ltr'><strong>vocem</strong></span> <span class='ocrx_word' id='word_1_933' title='bbox 3465 5730 3653 5788; x_wconf 86' lang='lat' dir='ltr'><strong>audire</strong></span> <span class='ocrx_word' id='word_1_934' title='bbox 3676 5724 3844 5792; x_wconf 70' lang='lat' dir='ltr'><strong>negle-</strong></span> 
     </span>
    </p>
   </div>
   <div class='ocr_carea' id='block_1_118' title="bbox 2269 5819 3849 5896">
    <p class='ocr_par' dir='ltr' id='par_1_118' title="bbox 2269 5819 3849 5896">
     <span class='ocr_line' id='line_1_118' title="bbox 2269 5819 3849 5896; baseline -0.004 -18"><span class='ocrx_word' id='word_1_935' title='bbox 2269 5830 2484 5890; x_wconf 86' lang='lat' dir='ltr'><strong>xerunt,</strong></span> <span class='ocrx_word' id='word_1_936' title='bbox 2510 5822 2587 5877; x_wconf 88' lang='lat' dir='ltr'><strong>ira</strong></span> <span class='ocrx_word' id='word_1_937' title='bbox 2618 5821 2871 5880; x_wconf 86' lang='lat' dir='ltr'><strong>incensus</strong></span> <span class='ocrx_word' id='word_1_938' title='bbox 2895 5832 2980 5880; x_wconf 89' lang='lat' dir='ltr'><strong>est</strong></span> <span class='ocrx_word' id='word_1_939' title='bbox 3006 5839 3210 5896; x_wconf 77' lang='lat' dir='ltr'><strong>eosque</strong></span> <span class='ocrx_word' id='word_1_940' title='bbox 3236 5824 3498 5887; x_wconf 69' lang='lat' dir='ltr'><strong>deseruit.</strong></span> <span class='ocrx_word' id='word_1_941' title='bbox 3539 5821 3632 5878; x_wconf 84' lang='lat' dir='ltr'><strong>sed</strong></span> <span class='ocrx_word' id='word_1_942' title='bbox 3658 5819 3849 5891; x_wconf 72' lang='lat' dir='ltr'><strong>perstat</strong></span> 
     </span>
    </p>
   </div>
   <div class='ocr_carea' id='block_1_119' title="bbox 2271 5909 3849 5988">
    <p class='ocr_par' dir='ltr' id='par_1_119' title="bbox 2271 5909 3849 5988">
     <span class='ocr_line' id='line_1_119' title="bbox 2271 5909 3849 5988; baseline -0.008 -19"><span class='ocrx_word' id='word_1_943' title='bbox 2271 5914 2470 5979; x_wconf 88' lang='lat' dir='ltr'><strong>adhuc,</strong></span> <span class='ocrx_word' id='word_1_944' title='bbox 2505 5924 2614 5969; x_wconf 91' lang='lat' dir='ltr'><strong>tum</strong></span> <span class='ocrx_word' id='word_1_945' title='bbox 2639 5929 2736 5984; x_wconf 85' lang='lat' dir='ltr'><strong>per</strong></span> <span class='ocrx_word' id='word_1_946' title='bbox 2757 5929 2817 5971; x_wconf 87' lang='lat' dir='ltr'><strong>se</strong></span> <span class='ocrx_word' id='word_1_947' title='bbox 2845 5924 2957 5971; x_wconf 90' lang='lat' dir='ltr'><strong>tum</strong></span> <span class='ocrx_word' id='word_1_948' title='bbox 2988 5933 3083 5988; x_wconf 92' lang='lat' dir='ltr'><strong>per</strong></span> <span class='ocrx_word' id='word_1_949' title='bbox 3106 5918 3242 5974; x_wconf 84' lang='lat' dir='ltr'><strong>alios</strong></span> <span class='ocrx_word' id='word_1_950' title='bbox 3262 5917 3560 5973; x_wconf 84' lang='lat' dir='ltr'><strong>admonens</strong></span> <span class='ocrx_word' id='word_1_951' title='bbox 3579 5922 3636 5969; x_wconf 90' lang='lat' dir='ltr'><strong>et</strong></span> <span class='ocrx_word' id='word_1_952' title='bbox 3665 5909 3849 5966; x_wconf 86' lang='lat' dir='ltr'><strong>exhor-</strong></span> 
     </span>
    </p>
   </div>
   <div class='ocr_carea' id='block_1_120' title="bbox 2273 6007 3848 6080">
    <p class='ocr_par' dir='ltr' id='par_1_120' title="bbox 2273 6007 3848 6080">
     <span class='ocr_line' id='line_1_120' title="bbox 2273 6007 3848 6080; baseline 0 -20"><span class='ocrx_word' id='word_1_953' title='bbox 2273 6014 2411 6063; x_wconf 83' lang='lat' dir='ltr'><strong>tans.</strong></span> <span class='ocrx_word' id='word_1_954' title='bbox 2446 6007 2642 6079; x_wconf 85' lang='lat' dir='ltr'><strong>Ecquis</strong></span> <span class='ocrx_word' id='word_1_955' title='bbox 2668 6018 2749 6065; x_wconf 82' lang='lat' dir='ltr'><strong>est</strong></span> <span class='ocrx_word' id='word_1_956' title='bbox 2777 6010 2864 6080; x_wconf 90' lang='lat' dir='ltr'><strong>qui</strong></span> <span class='ocrx_word' id='word_1_957' title='bbox 2895 6017 3096 6068; x_wconf 86' lang='lat' dir='ltr'><strong>tantam</strong></span> <span class='ocrx_word' id='word_1_958' title='bbox 3123 6010 3312 6067; x_wconf 87' lang='lat' dir='ltr'><strong>salutis</strong></span> <span class='ocrx_word' id='word_1_959' title='bbox 3332 6018 3533 6066; x_wconf 74' lang='lat' dir='ltr'><strong>nostra:</strong></span> <span class='ocrx_word' id='word_1_960' title='bbox 3558 6016 3737 6062; x_wconf 86' lang='lat' dir='ltr'><strong>curam</strong></span> <span class='ocrx_word' id='word_1_961' title='bbox 3761 6009 3848 6070; x_wconf 71' lang='lat' dir='ltr'><strong>pro</strong></span> 
     </span>
    </p>
   </div>
  </div>
