4068 6412
311 476 415 532 ιπς

300 587 524 654 σάρκα.
579 579 644 636 El
677 584 787 652 γὰρ
828 579 1030 642 πάντες
1072 576 1367 643 ἀπέθανον,
1419 585 1513 635 καὶ
1553 583 1754 646 πάντες
1793 585 1908 636 ἄνι’

304 683 564 754 έστησαν,
598 681 691 733 καὶ
721 677 992 732 ἀπέθανον
1019 678 1120 750 μὲν
1153 678 1324 742 οὕτως
1354 680 1428 744 ὡς
1471 682 1571 751 τῆς
1614 681 1889 753 ἁμαρτίας

302 785 339 856 ἡ
372 785 629 854 τυραννὶς
671 778 1052 844 κατεδίκαζεν,
1084 779 1390 851 ἀνέστησαν
1435 781 1493 834 δὲ
1529 780 1619 836 διὰ
1661 781 1887 851 λουτροῦ

301 881 746 951 παλιγγενεσίας,
773 879 870 934 καὶ
891 878 1313 944 ἀνακαινώσεως
1337 880 1479 933 Πνεύ
1489 897 1660 950 ματος
1691 881 1849 948 ἁγίου
1871 896 1887 911 ·

299 980 526 1043 εἰκότως
563 979 750 1048 φησὶν,
786 975 1019 1034 Οὐδένα
1064 977 1314 1046 οἴδαμεν
1346 977 1498 1032 κατὰ
1547 979 1747 1046 σαρκὰ
1781 979 1890 1031 τῶν

300 1080 530 1134 πιστῶν.
557 1079 623 1132 Τί
656 1078 787 1148 γὰρ,
813 1078 862 1131 εί
892 1077 986 1131 καὶ
1012 1078 1071 1131 ἐν
1112 1078 1276 1148 σαρκί
1306 1079 1446 1133 είσιν
1469 1095 1485 1145 ;
1526 1078 1688 1132 Ἀλλὰ
1715 1082 1749 1150 ἡ
1774 1077 1902 1150 ζωὴ.

297 1182 482 1254 ἐκείνη
509 1183 543 1252 ή
577 1180 816 1252 σαρκικὴ
845 1179 1119 1244 ἀπώλετο,
1147 1180 1242 1232 καὶ
1276 1180 1483 1235 ἀνωθεν
1514 1180 1897 1253 ἐγεννήθημεν

297 1280 358 1332 ἐν
388 1278 689 1348 Πνεύματι,
724 1279 817 1330 καὶ
865 1277 1060 1347 ἑτέραν
1102 1276 1324 1348 οἴδαμεν
1361 1277 1637 1331 πολιτείαν
1674 1277 1770 1331 καὶ
1810 1278 1888 1331 δι·

297 1379 524 1448 αγωγὴν
540 1380 637 1431 καὶ
659 1377 806 1448 ζωὴν
827 1379 920 1430 καὶ
939 1378 1276 1432 κατάστασιν
1290 1378 1390 1449 τὴν
1414 1380 1472 1432 ἐν
1487 1381 1600 1442 τοῖς
1614 1379 1880 1450 οὐρανοῖς.

299 1479 410 1532 Καὶ
453 1479 616 1532 πάλιν
647 1480 836 1532 τούτου
867 1477 1030 1532 αὑτοῦ
1071 1478 1316 1550 ἀρχηγὸν
1354 1480 1446 1534 τὸν
1485 1479 1721 1550 Χριστὸν
1753 1480 1884 1533 ὄντα

293 1579 538 1632 δείκνυσι
567 1595 583 1610 ·
623 1579 704 1632 διὸ
735 1579 825 1630 καὶ
869 1579 1174 1648 ἐπήγαγεν,
1209 1581 1280 1634 Et
1314 1579 1383 1633 δὲ
1410 1581 1510 1634 καὶ
1540 1581 1886 1652 ἐγνώκαμεν

295 1679 447 1732 κατὰ
473 1678 675 1747 σάρκα
700 1678 982 1746 Χριστὸν,
1023 1679 1188 1732 ἀλλὰ
1215 1679 1334 1734 νῦν
1362 1681 1561 1734 οὐκέτι
1591 1681 1884 1752 γινώσκο-

286 1793 422 1847 μεν.

362 1941 429 2012 β’.
448 1941 516 1996 Τί
542 1937 658 2006 οῦν,
680 1941 801 1996 εἰπέ
821 1959 912 2014 μοι
929 1958 943 2008 ;
962 1941 1062 2012 τὴν
1079 1943 1256 2016 σάρκα
1270 1944 1522 2009 ἀπέθετο,
1541 1946 1640 1999 καὶ
1662 1945 1756 2001 νῦν
1779 1947 1880 2000 οὐκ

293 2043 414 2097 ἐστι
441 2043 581 2114 μετὰ
600 2042 694 2097 τοῦ
724 2045 979 2115 σώματος
1000 2061 1016 2109 ;
1049 2044 1262 2112 Ἄπαγε
1283 2063 1299 2078 ο
1329 2046 1424 2099 καὶ
1447 2047 1556 2118 γὰρ
1579 2047 1674 2099 καὶ
1703 2045 1798 2099 νῦν
1820 2046 1887 2098 ἐν-

289 2145 456 2218 σαρκε
487 2145 657 2200 ἐστιν.
689 2141 878 2212 Οὗτος
924 2145 1034 2217 γὰρ
1068 2148 1102 2200 ό
1156 2145 1399 2215 Ἰησοῦς
1439 2149 1472 2201 ό
1505 2147 1879 2216 ἀναληφθεὶς

285 2241 393 2314 ἀφ’
428 2241 592 2312 ὑμῶν
620 2245 706 2310 εις
730 2241 840 2296 τὸν
864 2243 1151 2312 οὐρανὸν,
1177 2242 1361 2307 οὕτως
1389 2243 1727 2299 ἐλεύσεται.
1763 2243 1878 2297 Οὕ-

285 2361 368 2398 τω
394 2361 408 2375 ·
446 2345 604 2412 πῶς;
647 2345 734 2399 Ἐν
778 2345 962 2417 σαρκὶ,
1008 2345 1147 2416 μετὰ
1183 2345 1276 2399 τοῦ
1312 2345 1583 2417 σώματος..
1620 2346 1744 2410 Πῶς
1785 2340 1878 2400 οὖν

286 2463 474 2516 φησιν,
498 2446 573 2500 El
599 2441 669 2500 δὲ
696 2445 798 2501 καί
827 2443 1177 2516 ἐγνώκαμεν
1201 2448 1350 2503 κατὰ
1367 2447 1568 2516 σάρκα
1593 2427 1875 2517 Χριστὸν,

283 2546 446 2600 ἀλλὰ
471 2546 591 2600 νῦν
619 2544 861 2612 οὺκέτι;
896 2545 1082 2616 Ἦμῶν
1117 2547 1215 2616 μὲν
1246 2545 1356 2617 γὰρ
1380 2547 1441 2599 τὸ
1468 2547 1630 2602 Κατὰ
1655 2545 1874 2614 σάρκα,

285 2647 346 2698 τὸ
369 2648 426 2699 ἐν
450 2647 748 2718 ἁμαρτίαις
778 2643 941 2712 εἶναι,
971 2647 1032 2700 τὸ
1065 2647 1122 2700 δὲ
1152 2647 1249 2717 Μὴ
1278 2649 1430 2702 κατὰ
1461 2647 1681 2716 σάρκα,
1713 2649 1774 2702 τὸ
1801 2649 1875 2720 μὴ

284 2748 345 2799 ἐν
377 2747 676 2818 ἁμαρτίαις
707 2742 868 2802 εἶναι.
901 2746 1140 2818 Χριστοῦ
1163 2746 1220 2800 δὲ
1245 2747 1306 2800 τὸ
1335 2748 1476 2801 κατὰ
1504 2747 1705 2818 σάρκα,
1731 2750 1794 2802 τὸ
1819 2752 1876 2806 ἐν

285 2848 399 2910 τοῖς
425 2846 744 2918 παθήμασιν
771 2843 911 2900 εῖναι
934 2847 1034 2917 τῆς
1065 2845 1302 2916 φύσεως,
1336 2840 1469 2912 οἷον,
1506 2848 1565 2899 ἐν
1589 2846 1669 2917 τῷ
1691 2846 1874 2918 διψῇν,

283 2948 346 3000 ἐν
366 2945 445 3019 τῷ
469 2949 679 3020 πεινῆν,
706 2949 764 3001 ὲν
788 2947 867 3018 τῷ
896 2947 1118 3018 κοπιᾷν,
1149 2947 1206 3000 ἐν
1231 2945 1308 3016 τῷ
1333 2945 1618 2999 καθεύδειν
1643 2946 1662 3017 (
1676 2945 1877 3015 Ἀμαρ·

284 3047 422 3102 τίαν
444 3048 554 3119 γὰρ
583 3050 695 3102 οὐκ
723 3049 1033 3115 ἐποίησεν,
1058 3046 1203 3101 οὐδὲ
1234 3045 1449 3116 εὐρέοη
1481 3046 1664 3112 δόλος
1702 3047 1773 3100 ἐν
1795 3046 1876 3113 τῷ

282 3148 534 3216 στόματι
560 3147 768 3200 αὑτοῦ.
800 3147 890 3199 Διὸ
909 3147 1005 3199 καὶ
1029 3145 1208 3214 έλεγε,
1244 3145 1339 3210 Τίς
1362 3145 1430 3209 ἐξ
1454 3143 1622 3210 ὑμῶν
1642 3144 1874 3215 ἐλέγχει

279 3263 357 3315 με
390 3247 523 3314 περὶ
554 3245 878 3316 ἀμαρτίας;
927 3249 1024 3300 καὶ
1075 3246 1260 3312 πάλιν,
1296 3247 1576 3314 Ἔρχεται
1608 3245 1640 3299 ὁ
1675 3247 1876 3316 ἅρχων

285 3345 392 3399 τοῦ
425 3347 654 3416 κόσμου
686 3348 923 3413 τούτου,
959 3347 1057 3400 καί
1085 3347 1154 3400 ἐν
1187 3345 1316 3416 ἐμοὶ
1341 3348 1453 3400 οὐκ
1477 3347 1602 3416 ἔχει
1631 3347 1832 3417 οὐδέν)
1854 3362 1872 3378 ο

282 3447 344 3499 τὸ
369 3447 425 3501 δὲ
462 3447 538 3520 μὴ
586 3449 726 3501 κατά
778 3449 978 3518 σάρκα,
1031 3447 1092 3500 τὸ
1138 3448 1234 3500 καὶ
1277 3447 1482 3501 τούτων
1529 3449 1873 3519 ἀπηλλάχθαι

281 3548 488 3614 λοιπὸν,
529 3550 589 3603 ού
647 3550 708 3602 τὸ
764 3549 921 3612 ἐκτὸς
975 3546 1180 3620 σαρκδς
1227 3543 1388 3603 εἶναι.
1427 3549 1534 3603 Καὶ
1587 3548 1694 3619 γὰρ
1734 3548 1874 3620 μετὰ

281 3649 486 3720 ταύτης
517 3650 735 3721 ἔρχεται
779 3651 982 3721 κρίνων
1015 3651 1116 3722 τὴν
1163 3650 1511 3722 οἰκουμένην,
1542 3650 1731 3721 ἀπαθῆ
1771 3651 1873 3704 αύ-

282 3750 384 3822 τὴν
408 3750 547 3820 ἔχων
576 3752 669 3804 καὶ
699 3753 978 3822 ἀκήρατον
1001 3767 1013 3781 ’
1047 3754 1126 3815 είς
1155 3751 1186 3804 ὃ
1211 3753 1308 3805 καὶ
1328 3754 1487 3822 ἡμεῖς
1513 3751 1868 3822 βαδιούμεθα,

285 3850 611 3922 συμμόρφου
647 3851 743 3904 τοῦ
779 3850 1028 3922 σώματος
1053 3855 1187 3922 ἡμῖν
1222 3851 1514 3922 γενομένου
1543 3850 1621 3921 τῷ
1656 3849 1870 3920 σώματι

279 3955 383 4023 τῆς
418 3952 576 4024 δόξης
631 3952 818 4006 αὐτοῦ.
877 3953 1062 4007 Ὥστε
1097 3953 1152 4006 εἴ
1183 3970 1275 4020 τις
1321 3953 1392 4006 ἐν
1423 3950 1652 4020 Χριστῷ
1689 3951 1868 4020 καινὴ

281 4060 498 4122 κτίσις.
539 4054 758 4125 Ἐπειδὴ
787 4054 895 4126 γὰρ
917 4052 1026 4106 ἀπὸ
1056 4053 1156 4124 τῆς
1177 4053 1404 4122 ἀγάπης
1430 4050 1768 4123 προέτρεψεν
1788 4052 1869 4115 είς

279 4159 376 4229 τῆν
400 4158 620 4229 ἀρετὴν,
646 4156 833 4210 λοιπὸν
860 4156 952 4208 καὶ
982 4154 1040 4221 ἐξ
1066 4153 1245 4206 αὐτῶν
1275 4153 1386 4206 τῶν
1409 4155 1761 4225 πραγμάτων
1787 4155 1867 4217 είς

276 4258 437 4310 τοῦτο
463 4259 646 4326 ἐνάγει
667 4275 681 4288 ·
713 4256 794 4310 διὸ
829 4255 924 4309 κώ⁹
953 4256 1255 4325 ἐπήγαγεν,
1301 4253 1374 4308 Εἴ
1401 4271 1494 4320 τις
1517 4254 1588 4308 ἐν
1629 4253 1868 4323 Χριστῷ

278 4357 458 4425 καινὴ
487 4359 703 4421 κτίσις.
734 4356 803 4407 Εἴ
821 4373 903 4418 τις
933 4354 1083 4427 [5151
1112 4359 1434 4409 ἐπίστευσεν
1463 4354 1638 4427 αὐτῷ,
1675 4359 1863 4428 φησὶν,

275 4460 357 4523 εἰς
369 4458 563 4530 ἑτέραν
576 4454 706 4526 ἦλθε
726 4455 1107 4526 δημιουργίαν·
1132 4455 1346 4526 καὶγὰρ
1369 4455 1576 4510 ἀνωθεν
1599 4459 1862 4533 ἐγεννήθη

272 4559 364 4613 διὰ
402 4546 740 4625 Πνεύματος.
784 4555 951 4606 Ὥστε
975 4555 1070 4607 καὶ
1103 4553 1193 4607 διὰ
1221 4553 1400 4622 τοῦτο,
1425 4557 1612 4627 φησὶν,
1644 4553 1861 4628 ὀφείλο-

275 4676 380 4730 μεν
425 4656 574 4727 αύτῴ
621 4655 741 4726 ζῇν,
792 4653 890 4724 οὐχ
938 4655 1019 4708 ὅτι
1068 4655 1169 4707 ούκ
1213 4655 1378 4726 ἐσμὲν
1421 4645 1631 4712 ἐαυτῶν
1677 4660 1860 4732 μόνον,

270 4759 380 4813 οὐδ’
407 4759 489 4812 ὃτι
539 4755 810 4811 ἀπέθανεν
864 4755 1004 4826 ὑπὲρ
1063 4755 1226 4826 ἡμῶν
1267 4756 1447 4827 μόνον,
1489 4759 1598 4812 οὐδ’
1639 4761 1723 4814 δτι
1760 4763 1859 4817 ἀν·-

270 4865 497 4933 έστησεν
530 4860 696 4931 ήμῶν
723 4858 820 4928 τὴν
851 4857 1105 4929 ἀπαρχὴν
1141 4859 1324 4928 μόνον,
1376 4859 1491 4913 ἀλλ’
1521 4862 1604 4916 ὅτι
1635 4865 1731 4917 καὶ
1777 4867 1860 4930 είς

269 4965 437 5034 ἀλλην
463 4962 697 5034 ήλθομεν
719 4961 886 5030 ζωήν.
923 4959 1067 5030 Ὅρα
1097 4960 1242 5014 πόσα
1265 4960 1611 5034 δικαιώματα
1634 4965 1729 5018 τοῦ
1759 4984 1859 5020 κα-

268 5062 376 5125 λῶς
405 5060 502 5132 ζῇν
523 5059 726 5129 τίθησι.
759 5059 858 5111 Διά
882 5057 996 5129 γὰρ
1023 5057 1182 5111 τοῦτο
1215 5059 1308 5111 καὶ
1337 5060 1634 5133 παχυτέρῳ
1657 5063 1859 5136 ὀνόμα-

265 5177 320 5216 τι
361 5162 514 5214 καλεῖ
539 5160 636 5232 τὴν
672 5154 989 5230 διόρθωσιν,
1025 5159 1113 5212 ἵνα
1139 5159 1342 5232 πολλὴν
1368 5161 1519 5234 δείξῃ
1557 5163 1659 5236 τὴν
1686 5169 1853 5237 μετά..

267 5280 457 5317 στασιν
487 5261 581 5315 καὶ
611 5261 708 5331 τὴν
741 5259 1068 5331 μεταϐολήν.
1109 5257 1246 5314 Εἶτα
1275 5264 1588 5335 περαιτέρω
1618 5267 1852 5334 ἐπεξιὼν

261 5365 340 5436 τῷ
372 5363 669 5435 εἰρημένῳ,
700 5361 795 5415 καὶ
818 5361 1032 5424 δεικνὺς
1059 5359 1174 5424 πῶς
1206 5362 1368 5431 καινὴ
1405 5363 1604 5428 κτίσις,
1645 5368 1719 5420 Τὰ
1747 5369 1850 5436 ἀρ-

261 5466 404 5536 χαῖα
434 5462 730 5533 παρῆλθε,
759 5462 924 5532 φησὶν
947 5502 961 5526 ,
991 5460 1121 5515 ἰδοὺ
1150 5462 1360 5531 γέγονε
1391 5463 1568 5519 καινὰ
1598 5467 1672 5520 τὰ
1698 5468 1850 5522 πάν-

261 5584 355 5626 τα.
389 5569 526 5621 Ποῖα
570 5566 807 5637 ἀρχαῖα;
837 5558 995 5615 ’Ἤτοι
1044 5563 1112 5615 τὰ
1149 5563 1525 5635 ἁμαρτήματά
1551 5582 1707 5638 φησι,
1754 5570 1850 5624 καὶ

260 5669 361 5734 τὰς
391 5665 728 5736 ἀσεϐείας,ἦ
766 5665 834 5718 τά
877 5663 1142 5717 Ἰουδαϊκὰ
1174 5666 1384 5719 πάντα’
1423 5667 1624 5736 μᾶλλον
1662 5669 1719 5724 δέ
1753 5674 1849 5727 καὶ

262 5767 438 5823 ταῦτα
459 5769 689 5824 κάκεῖνά
711 5786 896 5839 φησιν.
948 5769 1104 5824 Ἰδοὺ
1141 5773 1346 5843 γέγονε
1378 5776 1451 5830 τὰ
1487 5778 1686 5833 πάντα
1722 5799 1846 5836 atat-

263 5875 362 5931 νά.
402 5875 475 5930 Τὰ
500 5875 568 5929 δὲ
597 5877 793 5931 πάντα
813 5876 881 5932 ἐκ
913 5876 1019 5932 τοῦ
1059 5878 1224 5933 Θεοῦ.
1257 5880 1419 5938 Οὐδὲν
1442 5883 1501 5949 ἐξ
1529 5887 1702 5955 ἡμῶν.
1737 5889 1844 5943 Καὶ

1299 465 1364 520 IN
1403 465 1622 522 EPIST.
1678 468 1721 523 11
1781 469 1873 523 AD
1925 469 2088 526 COR.
2131 469 2368 526 HOMIL.
2412 470 2502 526 XI.

3471 475 3581 532 476

2004 584 2114 655 γὰρ
2145 585 2340 654 ἄφεσις
2377 585 2793 655 ἁμαρτημάτων
2827 584 2919 638 καὶ
2957 583 3198 638 υἱοθεσία
3245 585 3338 638 καί
3375 587 3408 658 ή
3451 587 3580 654 δόξα

1994 683 2267 753 ἄφθαρτος
2294 683 2352 748 ἐξ
2387 683 2552 738 αὑτοῦ
2585 686 2718 755 ἡμῖν
2754 683 3074 755 δεδώρηται.
3107 683 3305 738 Οὐκέτι
3336 684 3445 757 γὰρ
3473 688 3582 740 ἀπὸ

1994 782 2104 836 τῶν
2138 784 2438 854 μελλόντων
2471 786 2652 856 μόνον,
2689 784 2826 839 ἀλλὰ
2872 786 2967 838 καὶ
3009 785 3118 840 ἀπὸ
3143 786 3254 840 τῶν
3293 788 3581 860 παρόντων

1997 884 2197 948 αὐτοὺς
2229 885 2551 958 προτρέπει.
2582 886 2781 940 Σκόπει
2824 886 2880 940 δέ
2916 904 2929 918 ο
2957 881 3112 940 εἶπεν
3141 928 3157 953 ,
3188 889 3270 942 ὅτι
3313 889 3581 960 μέλλομεν

1996 987 2338 1052 ἀνίστασθαι,
2387 988 2482 1041 καὶ
2527 988 2606 1051 είς
2652 987 2962 1058 ἀφθαρσίαν
3014 990 3234 1060 χωρεῖν,
3280 990 3374 1042 καὶ
3403 991 3581 1043 οἰκίαν

1994 1087 2141 1156 ἐχειν
2169 1087 2386 1140 αἰώνιον
2409 1103 2424 1118 ·
2449 1085 2565 1139 ἀλλ’
2594 1085 2783 1158 ἐπειδὴ
2811 1086 3034 1157 μείζονα
3063 1087 3216 1158 ίσχῦν
3249 1089 3329 1151 εἰς
3354 1087 3416 1141 τὸ
3445 1106 3580 1160 προ-

1994 1186 2190 1257 τρέψαι
2222 1186 2335 1257 ἔχει
2355 1186 2422 1240 τὰ
2444 1186 2689 1258 παρόντα
2714 1186 2823 1240 τῶν
2852 1187 3155 1256 μελλόντων
3185 1188 3322 1258 πρὸς
3349 1188 3479 1252 τοὺς
3504 1189 3582 1260 μὴ

1994 1282 2348 1346 πιστεύοντας
2377 1283 2610 1346 τούτοις,
2649 1284 2725 1347 ὠς
2747 1284 2828 1336 δεῖ
2853 1284 3155 1353 πιστεύειν,
3182 1285 3454 1339 δείκνυσιν
3480 1289 3581 1341 ὅσα

1993 1379 2088 1434 καὶ
2108 1380 2211 1452 ήδη
2243 1381 2457 1446 έλαϐον,
2491 1381 2586 1438 καὶ
2605 1382 2751 1446 τίνες
2780 1382 2956 1444 ὄντες.
2988 1381 3146 1446 Τίνες
3163 1380 3256 1438 οῦν
3277 1384 3431 1448 ὄντες
3455 1385 3581 1438 έλα-

1993 1478 2126 1547 6ον;
2161 1480 2368 1553 Νεκροὶ
2395 1482 2598 1546 πάντες
2630 1482 2863 1553 (Πάντες
2895 1483 3025 1555 γάρ,
3061 1484 3248 1555 φησιν,
3284 1484 3578 1551 ἀπέθανον,

1992 1577 2089 1631 καὶ
2141 1577 2282 1651 ὑπὲρ
2325 1579 2543 1634 πάντων
2587 1580 2887 1636 ἀπέθανεν·
2936 1583 3082 1637 οὕτω
3123 1585 3333 1648 πάντας
3377 1585 3581 1656 ὁμοίως

1989 1678 2222 1751 ἠγάπα),
2250 1680 2695 1752 πεπαλαιωμένοι
2722 1721 2738 1747 ,
2776 1674 3153 1754 γεγηρακότες
3189 1684 3428 1749 ἅπαντες
3469 1687 3582 1748 τοῖς

1989 1783 2198 1844 κακοῖς.

2073 1944 2214 1998 Ἀλλ’
2267 1945 2376 2001 ἰδοῦ
2423 1945 2521 2000 καὶ
2569 1946 2720 2018 ψυχὴ
2750 1946 2913 2018 καινὴ
2941 1947 3246 2020 (ἐκαθάρθη
3281 1947 3448 2021 γὰρ),
3483 1947 3581 2005 καὶ

1990 2044 2152 2115 σῶμα
2194 2045 2404 2112 καινὸν,
2460 2048 2556 2100 καὶ
2603 2047 2832 2120 λατρεία
2870 2048 3056 2119 καινὴ,
3115 2051 3215 2102 καὶ
3255 2050 3579 2119 ἐπαγγελίαι

1989 2146 2201 2212 καιναὶ,
2255 2149 2350 2201 καὶ
2401 2147 2662 2219 διαθήκη,
2718 2149 2810 2202 καὶ
2841 2148 2976 2220 ζωὴ,
3041 2151 3138 2203 καὶ
3177 2149 3450 2222 τράπεζα,
3483 2152 3580 2204 καὶ

1987 2244 2186 2317 στολὴ,
2233 2246 2330 2300 καὶ
2360 2246 2542 2300 πάντα
2587 2248 2752 2300 καινά
2790 2246 2998 2309 ἁπλῶς.
3044 2235 3153 2300 Καὶ
3187 2248 3297 2320 γάρ
3326 2249 3450 2302 ἀντὶ
3477 2250 3578 2320 τῆς

1984 2351 2138 2405 κάτω
2169 2352 2528 2424 Ἰερουσαλὴμ
2554 2353 2819 2425 ἐλάϐομεν
2845 2354 2944 2424 τὴν
2969 2353 3081 2406 ἀνω
3111 2353 3464 2424 μητρόπολιν,
3484 2355 3580 2408 καὶ

1983 2451 2108 2506 ἀντὶ
2134 2453 2264 2507 ναοῦ
2308 2452 2574 2525 αἰσθητοῦ
2607 2453 2736 2507 ναὸν
2779 2455 2992 2524 εἴδομεν
3022 2453 3418 2522 πνευματικὸν.
3455 2455 3579 2508 ἀντὶ

1985 2549 2215 2606 πλακῶν
2262 2552 2482 2606 λιθίνων
2525 2552 2822 2623 σαρκίνας,
2852 2553 2978 2607 ἀντὶ
3029 2555 3341 2624 περιτομῆς
3382 2551 3577 2621 βόιπτι⁴⁹

1985 2670 2121 2726 σμα,
2172 2655 2296 2709 ἀντὶ
2325 2655 2422 2709 τοῦ
2457 2655 2636 2726 μάννα
2659 2655 2821 2726 σῶμα
2860 2655 3210 2719 Δεσπυτικὸν,
3239 2656 3360 2710 ἀντὶ
3384 2656 3577 2720 ὓδατος

1982 2754 2092 2808 ἀπὸ
2115 2755 2323 2827 πέτρας
2339 2751 2482 2826 αἷμα
2499 2754 2608 2809 ἀπὸ
2637 2755 2772 2809 πλευ
2780 2757 2900 2828 ρᾶς,
2919 2758 3041 2810 ἀντὶ
3077 2756 3274 2827 ῥάϐδου
3293 2756 3576 2820 Μωῦσέως

1981 2857 2016 2927 ἢ
2060 2855 2274 2927 ’Δαρὼν
2293 2857 2388 2912 τὸν
2419 2859 2656 2930 σταυρὸν
2680 2898 2696 2922 ,
2727 2858 2850 2912 ἀντὶ
2891 2857 2996 2928 γῆς
3031 2859 3132 2928 τῆς
3176 2857 3514 2927 ἐπαγγελίας
3544 2870 3572 2898 ει

1981 2961 2082 3033 τήν
2127 2960 2406 3031 βασιλείαν
2473 2960 2583 3014 τῶν
2632 2960 2900 3032 οὐρανῶν,
2952 2961 3074 3015 ἀντὶ
3121 2960 3333 3032 μυρίων
3385 2960 3577 3030 ἱερέων

1981 3062 2078 3116 ἕνα
2116 3061 2417 3135 ἀρχιερέα,
2449 3063 2576 3116 am
2613 3055 2791 3132 ἀμνοῦ
2826 3061 3028 3130 ἀλόγου
3071 3061 3244 3133 ἀμνὸν
3270 3077 3574 3131 πνευματι-

1982 3163 2097 3217 κόν.
2126 3163 2314 3217 Ταῦτα
2345 3163 2437 3217 καὶ
2457 3161 2764 3217 τὰτοιαῦτα
2794 3162 3141 3233 λογιζόμενος
3171 3148 3345 3229 ἔλεγε,
3389 3163 3578 3216 Καινὰ

1982 3263 2055 3319 τὰ
2084 3262 2305 3317 πάντα.
2355 3263 2548 3318 Ταῦτα
2577 3261 2646 3317 δὲ
2682 3262 2882 3318 πάντα
2909 3263 2976 3316 ἐκ
3005 3263 3114 3317 τοῦ
3147 3262 3296 3317 Θεοῦ
3319 3261 3408 3315 διὰ
3444 3263 3578 3332 Χρι-

1985 3362 2115 3417 στοῦ
2163 3364 2260 3418 καὶ
2301 3365 2405 3434 τῆς
2434 3364 2603 3418 αὐτοῦ
2631 3365 2862 3437 δωρεᾶς.
2893 3365 2986 3418 Διὸ
3011 3365 3105 3417 καὶ
3130 3365 3381 3433 ἐπήγαγε
3404 3378 3417 3392 ·
3464 3363 3575 3416 Τοῦ

1981 3466 2480 3534 καταλλάξαντπ
2502 3466 2663 3535 ἡμᾶς
2685 3465 2881 3530 ἑαυτῷ
2907 3465 3006 3518 διὰ
3028 3463 3134 3518 τοῦ
3165 3461 3447 3532 Χριστοῦ,
3474 3461 3573 3514 καὶ

1979 3566 2201 3633 δόντος
2249 3565 2396 3635 ἡμῖν
2453 3564 2571 3634 τὴν
2621 3564 2945 3619 διακονίαν
2984 3562 3097 3631 τῆς
3146 3559 3570 3629 καταλλαγῆς.

1991 3667 2128 3721 Ἀπὸ
2176 3666 2286 3738 γὰρ
2327 3666 2519 3720 τούτου
2574 3667 2755 3720 πάντα
2785 3665 2855 3718 τὰ
2887 3664 3092 3735 ἀγαθά.
3137 3664 3196 3717 '0
3236 3664 3343 3735 γὰρ
3383 3663 3573 3733 φίλους

1977 3770 2128 3839 ἡμᾶς
2153 3769 2392 3839 ποιήσας
2411 3809 2428 3835 ,
2461 3767 2627 3832 αὐτὸς
2673 3769 2768 3822 καὶ
2813 3767 2924 3821 τῶν
2954 3767 3141 3821 ἄλλων
3161 3765 3361 3832 αἴτιος,
3398 3765 3434 3820 ἁ
3455 3765 3568 3829 τοῖς

1977 3869 2154 3938 φίλοις
2179 3869 2382 3923 ἔδωκεν
2406 3871 2434 3924 ό
2471 3869 2624 3933 Θεός,
2664 3869 2740 3924 Ού
2772 3867 2884 3940 γὰρ
2917 3869 3078 3938 ἀφεὶς
3107 3869 3292 3939 μένειν
3318 3866 3567 3938 ἐχθροὺς,

1975 3969 2152 4034 οῦτως
2183 3970 2338 4041 ἡμᾶς
2365 3968 2660 4041 ἠμείψατο,
2701 3967 2838 4022 ἀλλά
2873 3967 3068 4038 φίλους
3096 3968 3332 4036 ποιήσας
3367 3963 3564 4034 ἐαυτῷ.

1983 4065 2156 4126 Ὅταν
2180 4072 2238 4125 δὲ
2267 4072 2435 4135 εἴπω,
2474 4071 2556 4124 ὄτι
2588 4071 2830 4140 Χριστὸς
2859 4070 3035 4132 αἴτιος
3071 4068 3171 4138 τῆς
3197 4067 3564 4136 καταλλαγῆς,

1977 4173 2072 4226 καὶ
2103 4172 2195 4225 τδν
2229 4171 2458 4243 Πατέρα
2479 4170 2625 4238 λέγω
2651 4187 2666 4202 ο
2701 4171 2830 4224 ὅταν
2859 4169 3000 4224 εἴπω
3033 4168 3124 4222 τὸν
3150 4168 3372 4240 Πατέρα
3405 4166 3567 4220 δεδω-

1975 4273 2150 4337 κέναι,
2195 4273 2287 4326 καὶ
2336 4271 2430 4324 τὸν
2474 4269 2606 4324 Υίδν
2643 4271 2806 4340 λέγω.
2857 4270 3063 4325 Πάντα
3106 4269 3216 4341 γάρ
3272 4269 3348 4323 δι’
3376 4268 3565 4324 αὑτοῦ

1972 4363 2240 4440 ἐγένετο’
2278 4368 2372 4422 καὶ
2409 4367 2598 4422 τούτου
2641 4361 2698 4422 δὲ
2741 4368 2904 4432 αὐτὸς
2930 4367 3084 4442 [516]
3109 4367 3300 4431 αἴτιος.
3339 4367 3414 4420 Οὐ
3457 4367 3565 4437 γάρ

1973 4473 2136 4543 ἡμεῖς
2153 4469 2303 4541 αὐτῷ
2323 4469 2806 4540 προσεδρὰμομεν,
2825 4469 2941 4522 ἀλλ’
2958 4469 3125 4531 αὐτὸς
3143 4469 3290 4538 ἡμᾶς
3306 4467 3560 4520 ἐκάλεσε.

1972 4573 2097 4638 Πῶς
2120 4573 2377 4640 ἐκάλεσε;
2407 4574 2508 4626 Διά
2523 4573 2621 4642 τῆς
2638 4572 2731 4626 τοῦ
2754 4571 2993 4644 Χριστοῦ
3011 4572 3254 4640 σφαγῆς.
3277 4571 3385 4623 Καὶ
3422 4571 3563 4623 δόν-

1969 4694 2072 4743 τος
2115 4677 2262 4744 ἡμῖν
2291 4675 2407 4744 τὴν
2429 4675 2750 4728 διακονίαν
2799 4673 2909 4742 τῆς
2943 4671 3355 4742 καταλλαγῆς.
3393 4672 3562 4724 Πάλιν

1967 4776 2204 4829 ἐνταῦθα
2238 4775 2483 4828 δείκνυσι
2531 4773 2593 4827 τὸ
2635 4774 2745 4827 τῶν
2796 4772 3113 4827 ἀποστόλων
3155 4771 3397 4842 ἀξίωμα,
3447 4772 3560 4824 δει-

1966 4877 2100 4939 κνὺς
2121 4875 2314 4946 ἡλίκον
2339 4877 2572 4945 πρᾶγμα
2594 4873 3068 4946 ἐνεχειρίσθησαν,
3105 4872 3320 4941 καὶτῆς
3336 4873 3558 4941 ἀγάπης

1963 4975 2062 5030 τοῦ
2111 4974 2246 5028 Θεοῦ
2307 4975 2408 5046 τὴν
2451 4975 2784 5047 ὑπερϐολήν.
2833 4973 2968 5028 Οὐδὲ
2996 4974 3144 5044 γὰρ,
3181 4972 3374 5042 ἐπειδὴ
3411 4990 3526 5039 παρ

1963 5078 2209 5150 ήκουσαν
2259 5075 2358 5130 τοῦ
2405 5074 2654 5140 ἐλθόντος
2683 5075 3048 5144 πρεσϐευτοῦ,
3087 5073 3413 5145 παρωξύνθη
3459 5076 3556 5128 καὶ

1962 5177 2176 5248 ἀφῆκεν
2217 5177 2440 5242 αὐτοὺς,
2491 5177 2611 5230 ἀλλ’
2664 5175 2918 5248 ἐπιμένει
2965 5178 3310 5248 παρακαλῶν
3341 5177 3436 5231 καὶ
3482 5173 3552 5230 δι’

1961 5279 2158 5333 ἐαυτοῦ
2195 5279 2291 5333 καὶ
2321 5275 2390 5332 δι’
2423 5277 2652 5348 ἐτέρων.
2691 5279 2790 5343 Τίς
2820 5279 2886 5333 ἂν
2919 5278 3128 5348 ταύτην
3145 5279 3314 5346 ἀξίως
3342 5280 3550 5332 ἐκπλα-

1959 5380 2085 5450 γείη
2120 5380 2220 5450 τὴν
2252 5378 2621 5450 κηδεμονίαν;
2671 5377 2920 5451 Ἐσφὰγη
2949 5381 2978 5433 ὁ
3009 5380 3136 5444 Υἱὸς
3161 5381 3252 5436 ἐπὶ
3277 5381 3551 5435 καταλλα-

1957 5481 2060 5550 γὰς
2088 5480 2278 5554 ἐλθὼν,
2307 5481 2336 5533 ὁ
2363 5481 2586 5552 γνήσιος
2616 5481 2710 5534 καὶ
2738 5480 3058 5553 μονογενὴς,
3093 5484 3188 5537 καὶ
3217 5483 3338 5537 ούδέ
3371 5482 3548 5548 οὕτως

1956 5580 2287 5654 ἀπεστράφη
2332 5580 2460 5645 τοὺς
2508 5582 2860 5658 ἀνῃρηκότας
2884 5588 2913 5640 ὁ
2943 5587 3136 5659 Πατὴρ
3158 5627 3172 5653 ,
3204 5587 3326 5641 ούδέ
3365 5583 3543 5651 εἶπεν,

1960 5679 2225 5749 Ἔπεμψα
2264 5677 2357 5733 τὸν
2400 5680 2528 5734 Υἰόν
2575 5699 2679 5752 μου
2732 5686 3234 5756 πρεσϐευσόμενον,
3272 5688 3323 5739 οἱ
3377 5687 3434 5740 δέ
3477 5688 3538 5740 οὐ

2015 5930 2040 5959 ⁸
2075 5927 2334 5990 chebalur
2359 5932 2459 5980 ἀντὶ
2500 5938 2581 5990 τῆς
2623 5931 2914 5993 ἐπαγγελίας.
