4068 6442
331 496 436 552 «ΠἹ

329 609 594 678 dign-tate
610 602 867 659 admirari
884 600 1093 672 possit?
1123 599 1480 670 lnteremptus
1504 609 1587 655 est.
1615 600 1802 665 Filius,
1824 596 1913 667 qui

332 696 653 755 dirimeudae
697 693 912 764 injuriae
953 708 1114 749 causa
1158 702 1408 760 venerat;
1446 692 1633 759 Filius,
1676 693 1913 762 inquam,

328 803 491 844 verus
516 796 681 856 atque
711 783 1015 854 unigenitus
1044 823 1058 837 .
1089 798 1152 838 ac
1173 797 1241 838 ne
1266 783 1346 839 sic
1364 783 1579 853 quidem
1612 781 1771 838 Pater
1799 793 1915 842 eos,

332 880 427 950 qui
459 879 559 949 ipsi
594 891 783 932 necem
811 875 1126 941 intulerunt,
1153 884 1429 930 aversatus
1464 884 1569 939 est,
1619 889 1720 929 uec
1761 872 1913 938 dixit,

334 972 453 1028 Misi
497 969 780 1041 legationis
822 982 981 1023 causa
1011 966 1207 1023 Filium
1237 982 1448 1033 meum;
1481 967 1558 1022 illi
1598 975 1776 1021 autem
1811 981 1916 1020 non

334 1062 496 1118 modo
543 1062 719 1131 ipsum
744 1056 933 1112 audire
963 1067 1302 1123 recusarunt,
1333 1056 1430 1112 sed
1454 1056 1615 1112 etiam
1643 1054 1713 1110 de
1738 1054 1919 1110 medio

332 1154 689 1216 sustulerunt,
708 1150 941 1221 atquein
957 1164 1170 1205 erucem
1196 1158 1456 1220 egerunt:
1479 1162 1688 1218 aequum
1709 1156 1791 1202 est
1807 1147 1916 1216 jam

333 1260 431 1300 eos
481 1243 860 1312 derelinquere
890 1257 907 1296 :
934 1255 1123 1295 verum
1164 1247 1350 1294 contra
1400 1238 1622 1293 omnino
1662 1237 1818 1302 fecit;
1863 1244 1920 1290 et

336 1337 458 1405 quia
489 1335 579 1389 ille
606 1331 892 1396 abscessit,
922 1330 1079 1386 nobis
1098 1329 1237 1385 hanc
1262 1328 1593 1399 provinciam
1619 1322 1916 1384 mandavit.

339 1427 442 1492 Qui
472 1424 610 1479 dedit
636 1422 780 1477 nobis
802 1421 1134 1476 ministerium
1178 1420 1641 1475 reconciliationis:
1668 1418 1914 1489 i9.‘quo-

336 1515 476 1568 niam
503 1515 705 1586 quidem
730 1511 870 1567 Deus
890 1521 997 1566 erat
1024 1512 1080 1565 in
1107 1508 1308 1567 Christo
1327 1511 1572 1565 mundum
1587 1510 1921 1565 reconcilians

334 1608 454 1670 sibi,
483 1622 586 1659 non
606 1613 851 1677 reputans
874 1603 979 1657 illis
1007 1601 1194 1657 delicta
1228 1602 1478 1673 ipsorum.
1511 1600 1746 1657 Videsne
1773 1601 1918 1656 cari-

337 1707 524 1762 tatem,
556 1697 664 1751 vim
694 1710 910 1750 omnem
959 1694 1266 1759 verborum,
1297 1693 1678 1763 cogitationem
1703 1706 1916 1747 omnem

334 1786 728 1844 excedentem?
757 1787 1014 1854 Quisnam
1043 1795 1180 1850 erat,
1209 1786 1299 1855 qui
1327 1785 1572 1854 injuriam
1602 1783 1920 1852 acceperat?

270 1877 279 1885 “
334 1884 473 1951 Ipse.
502 1881 763 1950 Quisnam
793 1880 911 1945 luit,
940 1879 1029 1949 qui
1058 1880 1261 1948 primus
1286 1876 1351 1931 ad
1376 1875 1657 1931 delendam
1686 1874 1919 1930 inimici-

334 1976 462 2027 tiam
499 1971 691 2026 venit?
720 1970 856 2040 lpse.
885 1969 975 2034 At,
1017 1969 1248 2039 inquies,
1280 1967 1472 2022 Filium
1500 1967 1666 2032 misit,
1690 1979 1797 2020 non
1825 1979 1921 2020 au-

337 2075 445 2118 tem
472 2062 587 2131 ipse
612 2061 781 2120 venit.
811 2057 1007 2114 Filium
1041 2058 1259 2129 quidem
1291 2059 1456 2122 misit,
1488 2057 1583 2112 sed
1608 2066 1784 2111 tamen
1811 2070 1916 2110 non

335 2157 384 2212 is
405 2158 581 2210 solum
605 2152 938 2218 hortabatur,
971 2150 1067 2205 sed
1093 2150 1251 2205 Pater
1277 2164 1512 2220 quoque,
1539 2159 1594 2204 et
1618 2163 1741 2203 cum
1768 2162 1836 2204 eo
1864 2156 1920 2202 et

336 2260 437 2316 per
477 2258 600 2299 eum
633 2259 647 2297 :
690 2242 760 2297 ob
801 2241 962 2311 idque
992 2241 1155 2295 etiam
1196 2239 1407 2294 dicebat
1438 2238 1748 2309 Apostolus,
1780 2235 1919 2292 Deus

333 2345 444 2394 erat
471 2333 717 2389 mundum
742 2334 839 2388 sibi
863 2331 1197 2387 reconcilians
1221 2331 1274 2384 in
1303 2329 1523 2384 Christo.
1552 2329 1665 2384 Hoc
1688 2336 1791 2395 est,
1822 2342 1919 2396 per

332 2426 626 2482 Christum.
653 2423 918 2492 Quoniam
941 2423 1084 2479 enim
1107 2421 1344 2487 dixerat,
1379 2421 1478 2488 Qui
1503 2419 1642 2475 dedit
1667 2420 1809 2474 nobis
1829 2421 1921 2473 mi-

332 2520 597 2576 nisterium
620 2517 1068 2586 reconciliationis,
1101 2524 1524 2587 temperamento
1549 2513 1778 2584 quodam
1800 2514 1921 2568 uti-

334 2620 441 2674 tur,
471 2609 693 2665 dicens:
722 2607 802 2665 Ne
825 2607 1143 2665 existimetis
1156 2621 1419 2662 summam
1442 2605 1602 2677 hujus
1624 2605 1702 2661 rei
1725 2612 1910 2659 aucto-

333 2702 553 2758 ritatem
605 2717 772 2773 penes
813 2716 914 2757 nos
963 2716 1121 2768 esse;
1172 2699 1404 2756 ministri
1448 2708 1654 2754 tantum
1695 2713 1914 2754 sumus:

335 2792 480 2848 Deus
519 2806 604 2848 est
644 2795 734 2864 qui
766 2803 935 2849 totum
967 2795 1070 2849 hoc
1115 2792 1297 2857 efﬁcit,
1331 2793 1421 2863 qui
1452 2808 1546 2862 per
1577 2790 1916 2862 Uuigenitum

338 2896 600 2941 terrarum
627 2886 813 2943 orbem
841 2887 1233 2942 reconciliavit.
1264 2885 1383 2955 Quo
1403 2884 1613 2940 tandem
1643 2884 1694 2939 id
1714 2882 1917 2938 modo?

337 2994 461 3034 nam
510 2979 613 3035 hoc
661 2988 746 3034 est
782 2978 1121 3042 admirabile,
1166 2992 1272 3032 non
1300 2977 1475 3033 solum
1517 2975 1662 3047 quod
1709 2975 1915 3029 amicus

336 3069 557 3127 clfectus
587 3070 677 3135 sit,
709 3070 804 3126 sed
829 3071 991 3125 etiam
1035 3068 1179 3140 quod
1207 3070 1284 3124 sic
1307 3068 1531 3123 amicus.
1561 3068 1671 3133 Sic,
1695 3079 1920 3135 quomo-

336 3161 452 3218 do?
494 3162 716 3217 Peccata
773 3160 904 3231 ipsis
948 3161 1268 3225 remittens;
1319 3175 1442 3214 nam
1481 3159 1636 3213 aliter
1685 3157 1917 3212 amicitia

337 3254 580 3308 contrahi
620 3270 725 3308 non
754 3263 964 3324 poterat
995 3270 1009 3306 :
1039 3253 1183 3308 unde
1212 3251 1372 3307 etiam
1402 3252 1657 3313 subdidit,
1687 3249 1809 3304 Non
1833 3265 1917 3302 re-

342 3352 529 3411 putans
563 3344 666 3398 illis
699 3344 881 3397 delicta
920 3344 1170 3413 ipsorum.
1217 3342 1428 3398 Etenim
1468 3343 1512 3397 si
1561 3340 1915 3396 admissorum

338 3444 680 3509 peccatorum
732 3435 999 3489 rationem
1045 3447 1341 3503 exposcere
1395 3434 1655 3487 voluisset
1682 3474 1696 3497 ,
1726 3445 1918 3487 omnes

338 3509 684 3596 periissemus
709 3544 722 3580 :
754 3541 942 3581 omnes
971 3526 1168 3597 quippe
1197 3523 1392 3579 mortui
1415 3535 1589 3580 erant.
1615 3524 1720 3580 Sed
1741 3534 1918 3579 tamen

336 3632 459 3671 cum
506 3624 684 3671 tantus
729 3624 1067 3685 peccatorum
1107 3629 1362 3670 numerus
1402 3624 1564 3680 esset,
1614 3629 1721 3668 non
1757 3614 1919 3668 modo

340 3707 513 3762 nullas
546 3721 576 3759 a
614 3705 769 3761 nobis
809 3722 997 3777 poenas
1026 3706 1299 3775 expetivit,
1328 3705 1422 3760 sed
1452 3706 1611 3760 etiam
1638 3705 1916 3760 nobiscum

340 3797 395 3851 in
425 3795 649 3864 gratiam
677 3796 863 3861 rediit;
896 3812 1001 3851 non
1036 3798 1196 3852 modo
1224 3796 1448 3860 remisit,
1472 3796 1565 3849 sed
1600 3810 1699 3851 nec
1741 3795 1916 3864 impu-

343 3890 491 3940 tavit.
522 3885 612 3942 Sic
637 3893 692 3940 et
718 3885 876 3942 nobis
900 3886 1204 3943 iaciendum
1230 3896 1335 3953 est,
1373 3895 1430 3941 ut
1456 3885 1687 3940 inimicis
1718 3885 1918 3939 nostris

341 3980 695 4048 ignoscamus,
718 3995 824 4049 quo
842 3980 1084 4035 eamdem
1106 3981 1313 4036 veniam
1335 3982 1702 4049 impetremus.
1732 3977 1800 4032 Et
1820 3994 1916 4048 po-

338 4074 440 4127 suit
465 4074 520 4127 in
561 4073 701 4128 nobis
724 4074 926 4129 verbum
970 4074 1408 4129 reconciliationis.
1439 4072 1620 4143 Neque
1643 4073 1786 4127 enim
1818 4086 1917 4126 nos

336 4165 405 4219 ad
447 4179 611 4235 grave
653 4165 867 4235 aliquod
911 4165 1181 4235 negetium
1223 4165 1486 4229 venimus,
1525 4163 1619 4217 sed
1649 4173 1706 4218 ut
1729 4177 1918 4217 onmes

342 4257 456 4311 Deo
485 4255 688 4312 amicos
707 4255 1025 4312 efﬁciamus.
1045 4255 1330 4323 Quoniam,
1363 4254 1554 4324 inquit,
1580 4254 1758 4309 verbis
1785 4255 1918 4309 meis

338 4348 499 4402 iidem
528 4363 633 4402 non
674 4348 1056 4415 adhibuerunt,
1087 4347 1140 4402 in
1170 4344 1505 4403 exhortando
1534 4347 1630 4416 ipsi
1662 4357 1915 4415 perstate,

336 4440 511 4494 donec
543 4438 934 4507 persuaseritis.
958 4436 1086 4492 ideo
1114 4430 1391 4508 subjunxit
1424 4457 1438 4492 :
1467 4437 1558 4494 20.
1584 4437 1691 4492 Pro
1717 4437 1917 4493 Christo

338 4530 587 4600 legatione
625 4528 908 4600 fungimur,
938 4538 1193 4598 tamquam
1221 4526 1332 4583 Deo
1363 4532 1659 4585 exhortante
1684 4548 1775 4602 per
1802 4548 1914 4587 nos.

341 4621 673 4675 Obsecramus
702 4635 794 4689 pro
818 4617 1036 4683 Christo,
1067 4619 1462 4674 reconciliamini
1489 4620 1616 4676 Deo.

406 4714 458 4768 5.
489 4709 649 4767 Vides
672 4710 942 4781 quomodo
985 4710 1088 4766 hoe
1136 4711 1407 4781 negotium
1450 4713 1742 4778 extulerit,
1787 4730 1909 4770 cum

330 4807 605 4862 Christum
660 4804 833 4875 ipsum
886 4804 1271 4875 supplicantem
1320 4802 1563 4871 induxit;
1628 4807 1738 4861 imo
1806 4823 1913 4862 non

327 4897 602 4951 Christum
633 4895 841 4960 solum,
883 4894 977 4950 sed
1017 4895 1180 4950 etiam
1221 4867 1479 4949 βίαι-«ξηιῖ
1524 4895 1723 4951 Horum
1769 4899 1913 4953 enim

329 4987 616 5042 verborum
653 4985 738 5039 hic
761 4999 951 5040 sensus
979 4993 1106 5041 est:
1149 4985 1308 5040 Pater
1350 4983 1545 5040 Filium
1597 4987 1774 5053 misit,
1820 4989 1911 5058 qui

331 5077 498 5146 ipsius
540 5078 759 5133 nomine
797 5076 1202 5143 exhortaretur,
1241 5090 1402 5148 atque
1448 5079 1588 5151 apud
1636 5080 1910 5136 hominum

329 5182 497 5233 genus
523 5167 805 5237 legationis
829 5182 1022 5223 munus
1053 5169 1349 5238 susciperet
1378 5187 1391 5222 :
1422 5169 1518 5225 sed
1547 5172 1797 5239 quoniam
1820 5171 1911 5227 ille

328 5266 552 5312 necatus
599 5256 898 5322 abscessit,
956 5275 1055 5313 nos
1096 5259 1347 5329 legationi
1393 5260 1468 5315 illi
1511 5262 1906 5328 successimus,

325 5362 490 5420 atque
543 5359 600 5405 et
648 5351 788 5405 illius
830 5361 885 5407 et
926 5352 1099 5408 Patris
1143 5352 1359 5407 nomine
1404 5367 1500 5408 vos
1539 5352 1905 5408 exhortamur.

322 5442 500 5497 Tanto
526 5441 775 5496 nimirum
803 5442 853 5496 in
883 5444 1053 5511 pretio
1080 5454 1163 5498 est
1190 5443 1332 5513 apud
1361 5458 1483 5498 eum
1510 5444 1783 5499 hominum
1810 5461 1906 5515 ge-

325 5551 424 5588 nus
449 5577 464 5599 ,
496 5541 556 5589 ut
576 5541 632 5589 et
654 5532 848 5589 Filium
879 5533 1105 5601 dederit,
1137 5534 1298 5605 idque
1322 5547 1441 5588 cum
1468 5548 1589 5588 eum
1616 5544 1905 5591 mactatum

324 5627 388 5681 iri
418 5627 611 5694 sciret,
648 5634 704 5680 et
727 5636 905 5680 vestra
935 5640 1096 5680 eausa
1126 5641 1224 5681 nos
1246 5626 1519 5696 apostolos
1548 5629 1760 5683 crearit.
1803 5628 1908 5683 Ita-

323 5728 427 5785 que
466 5733 572 5772 non
622 5717 717 5774 abs
767 5732 828 5772 re
874 5715 1116 5783 dicebat,
1166 5716 1352 5773 Omnia
1393 5728 1600 5790 propter
1639 5734 1744 5776 vos.
1797 5720 1906 5777 Pro

324 5807 522 5861 Christo
545 5808 699 5878 igitur
718 5807 965 5878 legatione
981 5810 1274 5879 fungimur;
1293 5825 1356 5866 ac
1384 5811 1431 5867 si
1458 5811 1682 5875 diceret,
1706 5811 1903 5869 Christi

323 5895 440 5951 vice
471 5914 487 5952 :
517 5913 621 5953 non
647 5899 790 5955 cuitu
817 5897 984 5970 ipsius
1010 5899 1220 5955 muneri
1252 5901 1627 5959 successimus.
1658 5901 1811 5971 Quod
1854 5905 1898 5960 si

1393 487 1456 543 ΙΝ
1499 487 1710 544 EPIST.
1745 486 1787 542 Il
1850 485 1941 541 AD
1977 484 2132 541 (ΞΟΠ.
2176 484 2400 541 ιιοΜιιι.
2446 484 2539 541 Xl.

3504 487 3607 544 ιτε

2028 597 2130 652 hoc
2183 598 2609 667 magniﬁcentius
2652 597 2926 666 aliquanto
2974 599 3066 654 tibi
3113 600 3316 655 dictum
3360 601 3605 671 videtur,

2024 688 2149 744 audi
2174 704 2295 759 qua:
2324 698 2619 759 sequuntur
2642 729 2657 751 ,
2686 704 2752 743 ex
2778 689 2970 757 quibus
2998 691 3262 754 ostendit,
3311 692 3451 762 quod
3497 707 3605 748 non

2024 780 2242 835 Christo
2285 779 2593 845 dumtaxat,
2638 779 2733 834 sed
2775 780 2920 835 Patri
2967 796 3179 849 quoque
3223 780 3325 837 hoc
3388 782 3607 839 faciant.

2024 870 2156 925 Nam
2182 870 2254 925 ob
2279 869 2332 925 id
2360 870 2518 925 etiam
2545 869 2804 939 adjunxit,
2834 870 3111 941 Tamquam
3137 870 3244 926 Deo
3274 889 3364 941 per
3385 890 3480 928 nos
3521 890 3609 928 ea:-

2027 963 2280 1017 hortante.
2309 961 2427 1018 Non
2456 963 2599 1016 enim
2632 978 2728 1032 per
2768 961 2963 1016 Filium
3016 972 3220 1018 tantum
3265 979 3456 1031 suum,
3510 965 3608 1020 sed

2025 1063 2079 1107 et
2109 1068 2206 1122 per
2235 1068 2333 1107 nos
2356 1067 2569 1123 quoque
2591 1093 2607 1118 ,
2639 1052 2728 1121 qui
2760 1052 2929 1120 ipsius
2967 1053 3175 1108 muneri
3218 1054 3606 1119 successimus,

2025 1144 2390 1198 exhortamur.
2423 1141 2782 1209 Quamobrem
2808 1159 2878 1197 ne
2900 1143 3219 1198 existimetis
3245 1161 3339 1200 vos
3384 1161 3414 1199 a
3452 1146 3609 1201 nobis

2026 1235 2200 1305 rogari
2233 1252 2248 1290 ε
2276 1235 2522 1291 Christus
2550 1236 2665 1305 ipse
2695 1249 2790 1291 vos
2809 1245 2961 1305 rogat
2983 1277 2999 1301 ,
3029 1235 3191 1291 Pater
3230 1236 3343 1308 ipse
3370 1253 3467 1308 per
3506 1253 3607 1292 nos

2026 1341 2124 1379 vos
2147 1336 2283 1381 erat.
2313 1326 2519 1396 Ecquid
2547 1336 2631 1382 est
2653 1326 2796 1397 quod
2823 1341 2948 1381 cum
2985 1335 3089 1381 tam
3127 1327 3322 1382 eximia
3364 1329 3611 1399 benigni-

2025 1426 2135 1473 tate
2156 1417 2388 1473 conferri
2430 1418 2630 1486 possit?
2672 1417 2792 1489 Ipse
2833 1418 2977 1472 enim
3024 1426 3143 1487 post
3187 1418 3463 1474 innumera
3509 1436 3605 1475 sua

2023 1510 2281 1565 beneﬁcia
2306 1510 2645 1566 contumeliis
2669 1509 2909 1574 aﬂ‘eetus,
2949 1526 3055 1565 non
3084 1511 3243 1565 modo
3287 1512 3457 1567 nullas
3497 1529 3612 1582 pa:-

2025 1617 2125 1657 nas
2150 1603 2398 1666 sumpsit,
2436 1618 2617 1656 verum
2643 1602 2803 1657 etiam
2828 1602 3020 1657 Filium
3042 1618 3197 1657 suum
3226 1603 3395 1670 dedit,
3420 1616 3478 1659 ut
3505 1605 3607 1674 ipsi

2026 1694 2455 1749 reconciliemur.
2483 1693 2584 1763 Qui
2609 1704 2786 1748 autem
2816 1710 2941 1749 eum
2986 1705 3345 1764 acceperunt,
3386 1695 3524 1759 adeo
3553 1697 3606 1751 in

2021 1786 2247 1857 gratiam
2277 1786 2457 1841 reduci
2482 1802 2591 1841 non
2630 1794 2917 1849 curarunt,
2966 1795 3025 1840 ut
3062 1787 3222 1841 etiam
3264 1801 3386 1841 eum
3437 1796 3610 1841 morte

2022 1876 2321 1931 all'eeerint.
2350 1876 2581 1931 Rursum
2611 1876 2746 1930 alios
2786 1875 3166 1943 deprecatores
3210 1876 3386 1941 misit,
3436 1877 3608 1946 iisque

2024 1968 2225 2034 missis,
2255 1967 2372 2038 ipse
2400 1977 2484 2023 est
2509 1968 2601 2039 qui
2629 1976 2801 2039 rogat.
2829 1967 2965 2035 Quid
2993 1978 3169 2021 autem
3194 1967 3377 2037 rogat?
3408 1967 3611 2021 Recon-

2023 2059 2270 2113 ciliamini
2297 2057 2426 2113 Deo.
2473 2058 2589 2113 Non
2633 2059 2799 2123 dixit,
2843 2059 2938 2115 Dei
2984 2058 3211 2128 gratiam
3256 2068 3608 2129 recuperate;

2024 2166 2203 2220 neque
2232 2152 2373 2204 enim
2403 2152 2517 2220 ipse
2540 2158 2626 2204 est
2649 2151 2739 2221 qui
2766 2150 3073 2206 inimicitias
3110 2152 3251 2221 gerit
3274 2192 3289 2212 .
3333 2151 3425 2206 sed
3464 2167 3560 2207 vos
3586 2169 3600 2206 :

2023 2242 2165 2297 Deus
2190 2244 2386 2313 quippe
2413 2258 2701 2313 numquam
2730 2242 3037 2298 inimicitias
3063 2246 3221 2313 gerit.
3251 2245 3428 2314 Atque
3447 2245 3609 2299 etiam

2023 2342 2081 2387 ut
2111 2333 2317 2402 legatus
2339 2334 2555 2398 missus,
2580 2348 2795 2389 causam
2817 2334 3146 2405 disceptaus.
3175 2335 3265 2389 21.
3296 2334 3431 2389 Eum
3453 2336 3608 2403 enim,

2022 2424 2212 2493 inquit,
2242 2424 2329 2494 qui
2351 2441 2452 2478 non
2478 2435 2684 2479 noverat
2712 2436 2972 2498 peccatum
2991 2466 3006 2492 ,
3046 2442 3138 2497 pro
3167 2427 3308 2480 nobis
3350 2436 3612 2495 peccatum

2023 2515 2160 2585 fecit.
2185 2514 2300 2569 Non
2329 2515 2506 2584 priora
2535 2516 2678 2582 dico,
2712 2516 2916 2587 inquit,
2946 2531 3142 2587 nempe
3164 2516 3307 2586 quod
3333 2528 3614 2572 contume—

2024 2608 2092 2660 lia
2120 2623 2244 2662 eum
2272 2607 2567 2672 ali‘eeistis,
2614 2607 2759 2678 quod
2809 2623 2934 2663 eum
2981 2624 3011 2663 a
3060 2623 3168 2679 quo
3217 2609 3350 2663 nihil
3397 2609 3610 2678 injuria:

2021 2698 2379 2767 aceeperatis,
2411 2697 2556 2768 quod
2583 2698 2840 2767 prmelare
2862 2700 2932 2754 de
2960 2699 3112 2754 vobis
3143 2701 3392 2755 meritum
3418 2742 3432 2764 ,
3463 2699 3608 2770 quod

2024 2790 2194 2844 nullas
2221 2804 2253 2843 a
2280 2789 2435 2844 vobis
2468 2803 2651 2858 ptenas
2686 2789 2983 2861 expetivit,
3030 2790 3175 2859 quod
3227 2791 3374 2859 prior
3415 2791 3607 2859 injuria

2022 2879 2249 2936 allectus
2268 2920 2284 2945 ,
2314 2880 2461 2950 prior
2490 2890 2643 2951 rogat
2669 2895 2687 2935 :
2716 2881 2850 2937 nihil
2879 2880 3069 2936 horum
3097 2897 3240 2936 nunc
3282 2898 3611 2938 commemo-

2011 2984 2191 3045 retur.
2219 2976 2411 3029 Annon
2437 2976 2524 3030 vel
2569 2976 2641 3030 ob
2684 2991 2851 3030 unum
2906 2975 3008 3030 hoc
3054 2976 3415 3043 beneﬁcium,
3464 2977 3606 3049 quod

2024 3080 2166 3120 nunc
2194 3066 2247 3120 in
2274 3080 2369 3121 vos
2396 3067 2623 3121 contulit
2644 3106 2662 3134 ,
2693 3082 2903 3136 :cquum
2940 3066 3099 3122 fuerit
3143 3078 3201 3123 ut
3224 3084 3344 3124 cum
3390 3071 3507 3138 ipse
3554 3071 3609 3126 in

2021 3160 2246 3229 gratiam
2274 3159 2543 3214 redeatis?
2572 3159 2638 3213 Et
2657 3159 2799 3229 quod
2830 3160 3082 3214 tandem?
3109 3160 3243 3213 Eum
3272 3161 3359 3231 qui
3385 3178 3487 3216 non
3520 3178 3613 3215 nc-

2022 3260 2160 3304 verat
2185 3259 2446 3318 peccatum
2462 3290 2479 3315 ,
2508 3265 2601 3319 pro
2630 3248 2767 3304 vobis
2789 3260 3049 3321 peccatum
3078 3253 3215 3322 fecit.
3238 3250 3371 3306 Nam
3396 3253 3610 3308 etiamsi

2025 3341 2154 3395 nihil
2185 3341 2404 3396 omnino
2432 3341 2797 3411 praestitisset,
2824 3341 2917 3397 sed
2943 3340 3046 3397 hoc
3075 3342 3352 3398 dumtaxat
3371 3344 3610 3409 fecisset;

2022 3433 2217 3504 cogita,
2248 3449 2454 3504 quaeso,
2482 3431 2670 3504 quanti
2695 3432 2826 3490 illud
2848 3433 3220 3489 aestimandum
3264 3447 3380 3490 erat
3406 3474 3422 3501 ,
3464 3439 3608 3505 quod

2024 3524 2217 3581 Filium
2242 3541 2396 3580 suum
2424 3540 2523 3596 pro
2551 3525 2652 3591 iis,
2697 3538 2728 3579 a
2773 3524 2967 3594 quibus
3010 3525 3334 3579 contumelia
3388 3524 3611 3595 allectus

2023 3617 2217 3683 fuerat,
2244 3615 2504 3671 dedisset.
2532 3614 2683 3670 Nunc
2716 3629 2848 3670 vero
2891 3624 2945 3669 et
2991 3628 3180 3685 magna
3226 3616 3511 3685 praestitit,
3553 3626 3610 3672 et

2024 3719 2284 3776 praeterea
2314 3722 2437 3762 eum
2466 3707 2558 3776 qui
2583 3706 2743 3761 laesus
2765 3704 2968 3772 fuerat,
3000 3722 3098 3776 pro
3126 3707 3190 3762 iis
3216 3708 3307 3778 qui
3335 3708 3604 3775 lwserant,

2021 3796 2250 3851 cruciari
2280 3796 2542 3866 permisit.
2571 3797 2641 3851 At
2669 3795 2773 3851 hoc
2796 3796 3015 3853 minime
3042 3798 3255 3868 quidem
3296 3798 3431 3854 dixit
3462 3803 3609 3870 Apo-

2023 3889 2214 3954 stolus,
2241 3888 2358 3954 sed,
2387 3889 2528 3958 quod
2550 3888 2718 3943 tnulto
2743 3887 2827 3944 bis
2850 3888 3023 3960 majus
3047 3898 3182 3953 erat,
3216 3892 3409 3960 posuit.
3441 3891 3609 3960 Quid-

2023 3993 2147 4032 nam
2173 3979 2396 4033 autem?
2423 3976 2583 4045 Eum,
2612 3978 2805 4048 inquit,
2832 3980 2919 4049 qui
2937 3995 3036 4032 non
3063 3991 3269 4034 noverat
3312 3993 3570 4051 peccatum
3588 4025 3605 4050 ,

2022 4069 2113 4139 qui
2140 4068 2363 4139 ipsamet
2391 4069 2593 4138 justitia
2617 4079 2763 4138 erat,
2792 4078 3059 4139 peccatum
3079 4070 3237 4141 fecit;
3266 4072 3368 4128 hoc
3395 4084 3477 4128 est
3499 4117 3516 4141 ,
3547 4085 3607 4130 ut

2024 4170 2357 4232 peccatorem
2383 4161 2726 4218 condemnari
2771 4163 2973 4232 passus‘
3004 4176 3120 4228 ρει,
3166 4174 3226 4219 ut
3264 4166 3605 4222 maledictum

2022 4253 2294 4307 hominem
2324 4253 2460 4308 mori
2495 4271 2507 4306 :
2544 4251 2848 4307 Maledictus
2873 4253 3013 4308 enim
3034 4298 3049 4319 ,
3081 4256 3167 4325 qui
3214 4258 3396 4325 pendet
3436 4258 3489 4312 in
3534 4261 3603 4314 li-

2021 4359 2121 4413 gno
2151 4342 2338 4413 (Deut.
2362 4343 2453 4399 21.
2483 4343 2555 4398 25
2580 4344 2617 4414 ).
2650 4344 2815 4399 Multo
2857 4345 3057 4415 quippe
3098 4348 3332 4403 atrocius
3373 4360 3489 4404 erat
3532 4351 3604 4406 ita

2023 4436 2158 4490 mori
2182 4478 2197 4501 ,
2229 4451 2389 4506 quam
2416 4436 2700 4491 dumtaxat
2727 4438 2858 4491 mori
2891 4454 2905 4490 :
2938 4439 3077 4508 quod
3106 4439 3221 4509 ipse
3245 4457 3458 4513 quoque
3499 4445 3606 4499 alio

2022 4526 2141 4581 loco
2182 4526 2511 4593 subindicat,
2547 4527 2760 4593 dicens,
2810 4527 3002 4582 Factus
3041 4531 3274 4585 obedienc
3317 4550 3473 4604 usque
3536 4536 3606 4590 ad

2019 4629 2230 4675 mortem
2248 4661 2264 4686 ,
2295 4630 2505 4675 mortem
2533 4629 2699 4674 autem
2722 4621 2886 4675 crucis
2917 4619 3189 4695 (Philipp.
3212 4625 3266 4678 2.
3299 4627 3391 4698 8).
3419 4626 3603 4699 Neque

2020 4712 2162 4767 ettim
2193 4713 2487 4767 cruciatum
2525 4712 2802 4769 dumtaxat
2844 4727 2908 4769 ea
2956 4730 3046 4770 res
3087 4714 3357 4783 habebat.
3402 4720 3499 4776 sed
3544 4733 3601 4778 et

2020 4803 2382 4873 ignominiam.
2410 4803 2784 4860 Animadverte
2801 4803 2978 4875 itaque
3005 4816 3134 4876 quot
3157 4807 3226 4863 ab
3251 4823 3318 4864 eo
3345 4810 3602 4868 beneﬁcia

2019 4896 2309 4966 acceperis.
2342 4895 2589 4965 Magnum
2618 4896 2759 4950 enim
2789 4897 3116 4952 censendum
3147 4907 3232 4955 est
3253 4940 3269 4966 ,
3299 4915 3421 4957 eum
3449 4905 3602 4974 quis,

2018 4988 2178 5043 etiam
2206 4995 2481 5056 peccator,
2512 5001 2609 5055 pro
2634 4987 2740 5042 alio
2765 5002 3087 5059 quicumque
3114 4988 3185 5045 sit
3223 5000 3451 5048 mortem
3497 5009 3599 5065 op-

2019 5080 2191 5149 petit:
2225 5087 2280 5132 at
2306 5093 2425 5133 cum
2447 5078 2624 5148 justus
2642 5079 2805 5134 etiam
2856 5087 2940 5134 est
2984 5078 3076 5150 qui
3118 5081 3356 5151 patitur,
3407 5094 3463 5140 et
3504 5100 3603 5154 pro

2018 5170 2388 5241 peccatoribus
2412 5172 2674 5239 moritur;
2704 5186 2807 5227 nec
2833 5172 3007 5228 solum
3037 5175 3282 5242 moritur,
3312 5176 3407 5232 sed
3435 5179 3598 5235 etiam

2019 5270 2074 5314 ut
2102 5260 2484 5326 exsecrandus,
2512 5275 2612 5316 nec
2638 5270 2694 5315 ut
2712 5262 3072 5317 exsecmndus
3100 5272 3301 5320 tantum
3330 5270 3595 5338 moritur,

2015 5367 2201 5405 verum
2232 5352 2391 5404 etiam
2415 5351 2645 5421 ingentia
2675 5349 2801 5406 hinc
2820 5392 2836 5415 ,
2864 5361 2919 5406 et
2950 5368 3067 5423 qua:
3094 5369 3379 5424 numquam
3406 5373 3599 5427 exspe-

2012 5452 2371 5507 ctaveramus,
2397 5442 2537 5497 bona
2565 5441 2719 5499 nobis
2738 5443 3028 5515 conciliat(
3051 5442 3122 5501 Ut
3140 5447 3285 5501 enim
3315 5449 3602 5519 efﬁciamur

2015 5533 2109 5588 Dei
2129 5534 2335 5605 justitia
2363 5535 2419 5588 in
2444 5535 2555 5605 ipso
2578 5574 2594 5600 ,
2640 5532 2854 5606 inquit)
2881 5551 2896 5588 :
2926 5549 3175 5607 quaenam
3222 5537 3336 5593 lucc
3377 5540 3551 5613 oratio
3578 5582 3595 5608 ,

2012 5644 2254 5697 quaenam
2283 5646 2434 5685 mens
2455 5626 2848 5701 hazcconsequi
2878 5639 3037 5700 atque
3070 5632 3371 5701 exprimere
3398 5635 3597 5704 queat?

2014 5722 2147 5775 Eum
2174 5722 2339 5787 enim,
2363 5721 2450 5790 qui
2482 5720 2660 5789 justus
2689 5731 2826 5787 erat,
2858 5721 3048 5790 inquit,
3077 5731 3410 5791 peccatorem
3433 5722 3593 5793 fecit,

2013 5823 2067 5864 ut
2091 5820 2401 5881 peccatores
2424 5811 2601 5881 justos
2630 5811 2854 5866 efﬁciat.
2885 5811 2995 5867 lino
3040 5828 3108 5867 ne
3146 5814 3225 5866 sic
3260 5812 3476 5882 quidem
3506 5814 3589 5869 lo-

2014 5915 2206 5976 quutus
2236 5914 2335 5974 est,
2369 5904 2463 5961 sed
2510 5904 2651 5974 quini
2694 5904 2848 5975 longe
2892 5896 3172 5960 sublimius
3219 5916 3372 5978 erat,
3418 5906 3581 5971 dixit;
