4068 6420
585 437 656 492 79
1301 440 1355 496 S.
1397 440 1676 496 JOANNIS
1713 437 2187 496 CllliYSOSTOMl
2223 441 2541 505 ARCHIEP.
2582 450 3112 515 CONSTANTINOP.

547 554 884 621 nequeenim
908 553 1264 620 aﬁ'ectionem,
1288 553 1382 607 sed
1409 556 1717 624 qualitatem
1742 556 1909 623 ipsam
1939 556 2134 624 posuit.

551 643 668 698 Non
700 648 843 701 enim
874 645 1008 699 dixit
1028 687 1041 710 ,
1072 645 1223 701 Fecit
1251 655 1610 715 peccatorem,
1631 647 1724 700 sed
1746 689 1761 712 ,
1797 645 1940 700 Fecit
1963 663 2139 717 pecca-

547 745 655 787 tum
680 752 698 800 ;
732 749 862 802 non,
894 734 1030 789 Eum
1053 739 1141 806 qui
1172 746 1448 805 peccatum
1477 753 1585 792 non
1611 746 1942 808 perpetrarat
1963 778 1978 802 ,
2016 739 2134 805 sed,

545 828 646 891 Qui
672 841 739 880 ne
773 836 1045 895 peccatum
1073 829 1287 898 quidem
1314 838 1468 885 norat
1495 848 1508 884 :
1544 839 1601 883 ut
1623 840 1674 884 et
1703 843 1801 884 nos
1817 829 2134 898 efﬁciamur,

545 927 651 969 non
674 916 827 984 justi,
851 917 945 971 sed
969 917 1175 986 justitia
1209 920 1321 990 ipsa
1343 961 1357 983 ,
1390 931 1552 991 atque
1592 920 1729 976 adeo
1773 920 1868 976 Dei
1905 921 2132 992 justitia.

545 1007 636 1060 Dei
659 1008 802 1060 enim
835 1008 948 1077 ipsa
979 1019 1083 1074 est,
1113 1025 1234 1066 cum
1261 1027 1368 1067 non
1394 1024 1461 1068 ex
1485 1015 1737 1085 operibus
1784 1017 1946 1086 (nam
1982 1019 2035 1071 in
2071 1018 2136 1072 iis

543 1099 745 1154 nullam
777 1101 953 1156 labem
983 1102 1210 1160 inveniri
1243 1121 1465 1162 necesse
1490 1111 1694 1178 esset),
1721 1109 1816 1164 sed
1847 1126 1911 1166 ex
1937 1111 2131 1181 gratia,

543 1207 664 1261 qua:
693 1204 970 1262 peccatum
997 1211 1157 1252 ontne
1189 1211 1406 1267 prorsus
1432 1199 1594 1266 delet,
1623 1201 1998 1270 justiﬁeamur.
2021 1204 2135 1261 Hoc

540 1295 708 1350 porro
737 1283 896 1340 simul
926 1299 1024 1339 nec
1053 1288 1246 1344 animis
1273 1289 1450 1345 efferri
1480 1305 1578 1346 nos
1605 1291 1765 1357 sinit,
1807 1295 1949 1365 quod
1991 1295 2134 1354 Deus

541 1372 594 1426 id
627 1383 796 1429 totum
828 1377 980 1431 nobis
1009 1378 1286 1445 tribuerit,
1320 1390 1377 1436 et
1416 1381 1660 1439 beneﬁcii
1714 1387 2129 1456 magnitudinem

540 1467 798 1520 ostendit.
833 1468 985 1524 Prior
1011 1471 1154 1524 enim
1182 1471 1271 1526 illa
1309 1471 1441 1542 legis
1469 1482 1631 1545 atque
1658 1490 1880 1545 operum
1925 1480 2129 1546 justitia

539 1564 659 1622 est,
687 1557 801 1614 haec
831 1575 958 1616 vero
994 1561 1086 1617 Dei
1131 1562 1360 1631 justitia.
1414 1565 1541 1620 ΙΙωο
1593 1567 1750 1637 igitur
1795 1571 2128 1640 cogitantes,

537 1649 708 1717 magis
733 1651 892 1705 verba
925 1652 1024 1707 ista
1044 1693 1060 1719 ,
1090 1667 1253 1722 quam;
1278 1657 1576 1725 gehennam
1607 1660 1890 1717 timeamus
1915 1680 1930 1729 ;
1961 1667 2130 1735 magis

541 1739 638 1794 has
659 1757 772 1805 res,
799 1759 958 1812 quam
991 1745 1161 1814 ipsum
1189 1747 1441 1805 caelorum
1487 1766 1709 1820 regnum
1756 1755 2124 1826 admiremur;

539 1841 640 1885 nec
667 1847 828 1902 grave
857 1847 978 1889 esse
1001 1836 1304 1904 judicemus
1336 1854 1491 1909 pana
1529 1842 1700 1907 afﬁci,
1743 1848 1834 1900 sed
1885 1864 2124 1917 peccare.

536 1924 670 1980 Nam
689 1928 895 1982 etiamsi
929 1929 1043 1997 ipse
1073 1932 1124 1985 in
1155 1947 1252 1987 nos
1281 1935 1500 1990 minime
1530 1938 1999 2009 animadverteret,
2029 1963 2125 2001 nos

539 2021 716 2072 tamen
746 2018 814 2073 de
838 2020 991 2076 nobis
1019 2022 1148 2092 ipsis
1181 2038 1368 2094 poenas
1393 2041 1607 2084 sumere
1627 2032 1946 2089 deberemus
1969 2078 1984 2101 ,
2035 2040 2124 2108 qui

541 2115 646 2160 tam
697 2108 888 2179 ingrati
917 2112 968 2164 in
1020 2113 1157 2167 bene
1198 2114 1266 2169 de
1305 2117 1461 2171 nobis
1503 2121 1754 2176 meritum
1800 2127 2122 2183 exstitimus.

539 2197 608 2252 Et
637 2201 854 2270 quidem
879 2243 892 2267 ,
919 2205 1178 2260 amasiam
1204 2207 1470 2277 quispiam
1499 2211 1702 2268 habens
1727 2257 1741 2277 ,
1774 2229 1917 2286 saepe
1960 2221 2123 2276 etiam

537 2291 638 2344 sibi
667 2303 891 2348 m0rtem
923 2297 1202 2362 conscivit,
1233 2301 1376 2369 quod
1400 2317 1462 2357 ea
1486 2306 1645 2372 potiri
1675 2321 1780 2361 non
1827 2311 2120 2380 potuisset;

533 2389 694 2452 atque
724 2385 884 2440 etiam
913 2387 1133 2455 potitus,
1160 2390 1205 2445 si
1230 2392 1354 2460 quid
1386 2394 1438 2447 in
1464 2410 1580 2449 eam
1612 2401 1880 2466 peccarit,
1909 2418 1977 2457 ne
2005 2405 2124 2460 luce

532 2473 748 2541 quidem
775 2491 834 2531 se
860 2478 1078 2548 dignum
1106 2482 1376 2539 existimat
1406 2504 1419 2539 :
1469 2503 1568 2541 nos
1610 2499 1788 2546 autem
1823 2503 1928 2548 tam
1973 2497 2123 2552 beni-

531 2578 694 2632 gnum
716 2565 998 2626 Dominum
1019 2573 1358 2632 contumeliis
1381 2575 1735 2650 incessentes,
1757 2598 1864 2638 non
1885 2588 2136 2662 nosipsos

529 2647 584 2709 in
629 2658 887 2727 gehenna:
944 2661 1213 2720 ﬂammam
1258 2669 1598 2739 lnjiciemus?
1637 2675 1825 2732 Mirum
1875 2681 2073 2752 aliquid
2102 2727 2119 2753 ,

530 2748 822 2818 singulare,
853 2754 1104 2824 quodque
1143 2757 1416 2830 plerisque
1462 2763 1778 2823 incredibile
1816 2748 2118 2844 videbitur,

529 2837 704 2893 dicant
739 2858 752 2894 τ
791 2844 962 2912 major
989 2847 1038 2899 ei
1066 2849 1155 2916 qui
1182 2890 1196 2911 ,
1229 2865 1356 2905 cum
1379 2861 1484 2907 tam
1515 2855 1802 2928 benignum
1834 2863 2119 2923 Dominunt

530 2931 862 2999 ostenderit,
894 2950 1081 3004 poenas
1113 2939 1227 3006 luit,
1250 2945 1548 3000 consolatio
1572 2948 1743 3004 futura
1770 2965 1852 3009 est
1874 2996 1886 3017 ,
1916 2958 1959 3010 si
1990 2973 2118 3016 sana

531 3032 709 3076 tuente
733 3024 822 3086 sit,
853 3039 1104 3097 eumque,
1138 3040 1195 3084 ut
1220 3049 1315 3100 par
1342 3045 1446 3104 est,
1479 3048 1643 3108 atuet,
1672 3057 1830 3112 quam
1856 3047 1902 3101 ei
1925 3049 1993 3104 de
2013 3065 2120 3120 quo

527 3113 848 3181 supplicium
876 3133 980 3170 non
1012 3121 1258 3176 sumitur.

601 3203 656 3256 4.
684 3204 860 3273 Atque
882 3205 984 3262 hoc
1000 3209 1081 3263 vel
1101 3227 1165 3265 ex
1188 3217 1458 3270 communi
1482 3224 1868 3281 consuetudine
1887 3233 2118 3301 perspici

529 3303 724 3359 potest.
747 3295 884 3352 Nam
908 3301 998 3369 qui
1031 3303 1300 3360 hominem
1327 3309 1429 3364 sibi
1453 3313 1793 3372 carissimum
1818 3319 1975 3388 lmsit,
2007 3335 2116 3381 tum

528 3388 758 3444 maxime
783 3392 1033 3460 quiescit,
1065 3409 1186 3451 cum
1215 3412 1244 3452 a
1275 3401 1456 3470 seipso
1501 3419 1692 3474 pcenas
1731 3416 2006 3484 exegerit,
2052 3433 2117 3476 ac

526 3479 653 3533 mali
684 3479 882 3552 aliquid
915 3498 1202 3554 perpessus
1228 3489 1387 3547 fuerit
1418 3511 1432 3546 ε
1462 3503 1519 3550 ιιι
1557 3509 1611 3552 et
1656 3499 1820 3557 David
1836 3479 2111 3578 vdicehat,

527 3572 636 3642 Ego
661 3576 748 3644 qui
768 3586 942 3645 pastor
969 3595 1082 3632 sum
1099 3621 1114 3647 ,
1156 3585 1383 3650 peccavi;
1401 3603 1492 3656 ego
1518 3591 1607 3659 qui
1635 3605 1810 3660 pastor
1833 3615 1944 3653 sum
1969 3643 1983 3668 ,
2016 3605 2114 3659 ini-

522 3679 619 3731 que
639 3667 716 3735 egi
739 3681 757 3718 :
777 3667 858 3719 isti
888 3668 976 3736 qui
1010 3679 1124 3724 oves
1157 3682 1272 3726 sunt
1293 3715 1308 3740 ,
1345 3677 1468 3745 quid
1509 3681 1784 3750 fecerunt?
1832 3667 2071 3748 Vertatur
2094 3739 2109 3763 ,

523 3754 732 3816 obsecro
753 3797 769 3822 ,
801 3773 982 3813 manus
1004 3770 1090 3814 tua
1114 3773 1291 3817 contra
1320 3783 1401 3822 me
1422 3779 1469 3822 et
1498 3782 1674 3828 contra
1711 3777 1918 3836 domum
1951 3788 2112 3854 patris

522 3846 618 3898 mei
643 3845 734 3918 (2.
762 3845 889 3919 Reg.
915 3849 1006 3904 24.
1033 3851 1100 3904 l7
1123 3854 1164 3921 ).
1196 3855 1275 3908 Ad
1308 3855 1423 3914 haec
1448 3877 1570 3916 cum
1605 3865 1930 3927 Absalonem
1951 3845 2109 3931 Iami-

518 3939 628 4001 sit,
671 3941 1015 4008 gravissimas
1044 3959 1072 3999 a
1103 3949 1282 4020 seipso
1313 3967 1497 4022 poenas
1523 3962 1847 4028 exposcebat
1873 3982 1889 4019 :
1922 3983 2111 4038 quaut-

519 4041 678 4096 quam
705 4045 812 4085 non
839 4033 953 4103 ipse
977 4047 1093 4092 erat
1116 4081 1129 4102 ,
1164 4043 1250 4110 qui
1281 4043 1532 4114 injuriam
1558 4051 1845 4122 intulerat,
1875 4033 1970 4115 sed
2016 4065 2104 4133 qni

518 4133 837 4192 acceperat;
869 4127 964 4182 sed
995 4139 1169 4186 tamen
1193 4137 1312 4205 quia
1341 4137 1543 4206 ingenti
1567 4159 1754 4202 amore
1800 4148 1967 4206 ﬁlium
2009 4127 2105 4210 dc-

518 4212 756 4270 Functum
785 4221 1244 4290 complectebatur
1266 4268 1281 4292 ,
1310 4229 1584 4289 doloribus
1610 4252 1730 4294 sese
1751 4243 2099 4314 conﬁciebat,

521 4304 620 4359 hac
647 4310 854 4364 ratione
885 4311 1137 4369 leviorem
1165 4318 1265 4373 sibi
1308 4321 1423 4391 ejus
1470 4341 1651 4382 casunt
1699 4331 1957 4393 efﬁciens.
2013 4340 2103 4396 Sic

426 4443 436 4462 ι
515 4410 617 4449 nos
637 4399 812 4466 igitur,
846 4416 967 4456 cum
1001 4405 1052 4458 in
1077 4422 1199 4461 eum
1229 4426 1511 4479 peccamus
1534 4459 1548 4480 ,
1585 4421 1637 4474 in
1671 4437 1830 4492 quem
1879 4445 2104 4496 peccare

513 4487 733 4545 minime
761 4495 1073 4562 oportebat,
1105 4513 1314 4567 poenam
1360 4505 1428 4560 de
1467 4487 1757 4582 nobisipsls
1801 4487 2098 4580 sumamus.

511 4579 705 4634 Annon
727 4597 820 4636 eos
846 4586 1035 4641 videtis
1057 4629 1072 4650 ,
1106 4592 1197 4658 qui
1226 4593 1541 4656 clarissimis
1564 4579 1690 4659 ﬁliis
1719 4607 1891 4665 orbati
1933 4625 2058 4672 sunt
2077 4659 2094 4685 ,

509 4671 778 4736 quomodo
806 4672 1200 4734 discrucienzur
1225 4699 1288 4738 ac
1309 4687 1532 4755 capillos
1556 4694 1761 4751 vella'n't
1781 4739 1796 4764 ,
1841 4706 2096 4772 quoniam

507 4759 683 4815 solatii
711 4763 831 4818 loco
858 4765 962 4822 illis
987 4777 1071 4823 est
1093 4812 1109 4835 ,
1141 4785 1238 4840 pro
1283 4775 1347 4831 iis
1381 4791 1517 4847 quos
1560 4796 1747 4842 amant
1782 4759 1906 4850 sese
1957 4799 2097 4856 afﬂi-

505 4852 692 4905 ctare?
716 4853 868 4919 Quod
897 4857 940 4911 si
965 4899 980 4922 ,
1010 4875 1130 4915 cum
1160 4865 1291 4920 nihil
1313 4869 1440 4924 mali
1464 4871 1515 4927 in
1539 4873 1785 4937 homines
1816 4887 1971 4943 nobis
2001 4907 2095 4945 ca-

505 4941 747 4996 rissimos
767 4944 1158 5015 admiserimus.
1189 4956 1431 5015 levamur
1455 4973 1651 5035 tamen,
1674 4979 1795 5028 eum
1817 4993 1880 5032 ex
1903 4995 2091 5039 eorum

502 5032 894 5095 calamitatibus
913 5041 1102 5102 dolore
1141 5049 1238 5118 ipsi
1267 5053 1562 5124 afﬁcimur;
1591 5077 1769 5121 annon
1815 5086 1936 5127 cum
1987 5079 2089 5148 ipsi

501 5139 709 5194 sumus,
755 5132 848 5200 qui
874 5147 969 5189 eos
988 5137 1055 5191 ad
1086 5139 1410 5200 iracundiam
1441 5155 1828 5217 concitavimus
1862 5175 1914 5220 et
1946 5132 2090 5240 injru-

506 5215 639 5240 ..ιη-..-
667 5215 931 5240 ι...ηη..ηκ
1123 5230 1155 5240 .,
1368 5237 1378 5240 _

506 5215 640 5270 riam
667 5215 979 5289 intulimus,
1029 5230 1196 5285 multo
1242 5237 1412 5306 magis
1454 5257 1553 5298 nos
1589 5251 1855 5308 recreabit
1898 5215 2087 5326 poenas

497 5305 652 5371 dare,
679 5323 837 5379 quam
861 5328 1017 5383 pinna
1044 5335 1148 5375 non
1176 5305 1354 5383 aﬂici‘t
1378 5328 1585 5391 Nemini
1626 5339 1676 5394 id
1722 5305 1939 5404 dubium
1981 5365 2084 5409 est.

577 5397 853 5500 qum-erga
882 5405 1150 5466 Christum
1179 5430 1245 5470 eo
1268 5434 1452 5478 amore
1476 5440 1578 5494 est,
1612 5394 1939 5506 quodet-iet:

496 5483 672 5541 dicam
718 5488 998 5596 intelligit,
1045 5509 1336 5577 quomodo,
1391 5529 1460 5570 ne

498 5585 678 5634 orente
700 5619 718 5646 ,
764 5585 899 5653 quin
919 5589 1154 5662 seipsum
1179 5603 1384 5660 cruciet
1410 5585 1830 5674 non—sustinebit
1856 5639 1869 5675 :
1900 5585 2074 5684 niaxi-

3739 475 3838 535 $80

2249 573 2392 612 mum
2419 561 2562 616 enim
2593 569 2910 636 supplicium
2935 590 3001 629 eo
3028 574 3144 643 ipso
3169 581 3371 649 pendit,
3403 585 3545 654 quod
3573 587 3750 658 ipsum
3767 597 3832 650 ad

2246 648 2570 708 iracundiam
2601 661 2982 718 exstimulavit.
3013 665 3125 722 Nec
3149 683 3276 724 vero
3303 687 3392 728 me
3422 676 3550 746 l'ugit
3598 680 3834 738 incredi-

2243 739 2366 795 bilia
2395 746 2665 818 plerisque
2689 753 2854 808 videri
2882 773 3002 826 quae
3025 761 3185 827 dico;
3219 765 3314 820 sed
3343 739 3519 823 tamen
3545 772 3615 826 ita
3643 788 3704 830 se
3745 793 3830 833 res

2243 832 2441 902 habet,
2472 839 2677 895 utdixi.
2707 844 2966 909 Quocirca
2994 851 3039 904 si
3064 851 3334 910 Christum
3359 857 3427 911 ita
3456 874 3704 917 amemus
3729 907 3743 926 ,
3774 879 3828 922 ut

2239 930 2502 984 amandus
2528 942 2628 998 est,
2656 950 2996 1003 peccatorum
3027 953 3335 1004 nostrorum
3359 950 3830 1019 ipsimetvindiccs

2239 1018 2458 1076 erimus.
2511 1024 2578 1079 lis
2624 1030 2766 1082 enim
2791 1070 2806 1091 ,
2855 1034 2944 1101 qui
2989 1035 3225 1104 cujusvis
3263 1041 3496 1098 hominis
3521 1061 3710 1103 amore
3737 1050 3832 1104 ﬁa-

2237 1121 2413 1178 grant,
2440 1130 2545 1170 non
2578 1117 2703 1173 illttd
2730 1123 3011 1180 molestum
3041 1139 3143 1195 est,
3172 1132 3314 1200 quod
3347 1150 3444 1202 pro
3477 1137 3690 1194 oﬂ‘enso
3713 1145 3828 1212 ejus

2237 1215 2397 1269 quem
2419 1218 2602 1262 amant
2635 1213 2850 1278 gravius
2875 1215 3073 1286 aliquid
3100 1223 3388 1289 patiantur.
3420 1229 3514 1282 sed
3548 1231 3679 1286 illud
3703 1247 3825 1290 ante

2235 1294 2437 1358 omnia,
2466 1300 2608 1366 quod
2639 1317 2762 1356 eum
2792 1320 2950 1372 quem
2981 1308 3209 1380 diligunt
3254 1315 3598 1374 oﬁ'enderint.
3650 1326 3730 1379 Ac
3779 1329 3823 1382 si

2235 1381 2324 1438 ille
2352 1385 2430 1440 ira
2453 1401 2774 1462 commotus,
2800 1397 3046 1465 injuriam
3075 1415 3348 1474 acceptam
3379 1425 3484 1464 non
3511 1413 3821 1484 ulciscatur,

2237 1472 2338 1529 hoc
2361 1477 2476 1544 ipso
2501 1483 2732 1539 amicum
2755 1491 2972 1557 gravius
2998 1472 3270 1553 excruciat
3299 1517 3312 1552 :
3342 1512 3526 1558 contra
3550 1547 3566 1568 ,
3620 1509 3664 1560 si
3695 1512 3819 1578 quid

2235 1579 2512 1634 pinnarum
2544 1585 2738 1639 sutnat,
2773 1579 2890 1647 plus
2913 1583 2962 1637 ei
2992 1583 3271 1644 levationis
3314 1593 3491 1650 aﬂ'ert.
3535 1596 3617 1653 Ne
3665 1601 3822 1670 igitur

2232 1660 2532 1726 gehennam
2557 1667 3033 1735 perhorrescatnus
3054 1718 3074 1745 ,
3105 1681 3199 1736 sed
3231 1682 3283 1738 id
3331 1687 3507 1754 potius
3536 1660 3817 1751 timeavmus

2233 1766 2301 1805 ne
2346 1754 2511 1810 Deum
2557 1760 2932 1824 olfendamus:
2967 1767 3068 1825 hoc
3110 1774 3252 1828 enim
3293 1777 3385 1831 illo
3419 1783 3656 1838 atrocius
3698 1788 3814 1854 est,

2231 1854 2351 1898 cum
2380 1845 2621 1906 infensus
2648 1854 2849 1910 vultum
2873 1873 3028 1916 suum
3055 1877 3084 1916 a
3112 1867 3266 1921 nobis
3295 1872 3487 1924 avertit
3511 1889 3526 1938 ;
3561 1873 3663 1930 hoc
3685 1893 3812 1945 quo-

2231 1935 2311 1990 vis
2340 1939 2602 2010 supplicio
2629 1947 2843 2014 gravius
2867 1960 3028 2022 atque
3053 1958 3319 2014 acerbius.
3355 1935 3530 2035 Atque
3562 1977 3614 2021 ttt
3653 1935 3814 2038 quan-

2232 2034 2342 2082 tum
2385 2031 2490 2088 hoc
2534 2038 2730 2092 malum
2781 2041 2852 2096 sit
2905 2044 3212 2117 intelligas,
3257 2031 3628 2114 animadverte
3673 2063 3809 2132 quod

2227 2121 2371 2179 dico.
2397 2127 2453 2180 Si
2486 2131 2606 2198 quis
2631 2148 2724 2188 rex
2765 2135 3026 2193 latronem
3067 2142 3301 2212 aliquem
3338 2162 3403 2203 ac
3450 2147 3807 2210 facinorosum

2229 2215 2501 2275 hominem
2531 2240 2718 2291 poenas
2741 2227 2978 2288 luentem
3006 2239 3366 2306 conspicimus,
3397 2255 3583 2298 carum
3613 2257 3666 2301 et
3687 2253 3799 2303 uni-

2227 2324 2348 2365 cum
2379 2327 2442 2368 ac
2462 2330 2775 2385 germanum
2809 2324 2974 2380 lilittm
3019 2323 3318 2388 necandum
3362 2335 3611 2407 dederit,
3655 2355 3805 2414 atque

2227 2411 2329 2455 una
2362 2419 2482 2460 cum
2513 2420 2686 2466 morte
2727 2415 2932 2470 crimen
2981 2434 3195 2492 quoque
3239 2426 3307 2478 ab
3351 2425 3445 2482 illo
3494 2432 3562 2486 ad
3611 2411 3801 2500 ﬁliuni,

2227 2495 2384 2566 longe
2408 2499 2476 2554 ab
2503 2501 2644 2556 illius
2665 2503 2876 2576 ﬂagitiis
2902 2523 3187 2579 remotum,
3213 2523 3563 2588 transtulerit,
3587 2536 3642 2580 ut
3664 2543 3801 2581 reum

2224 2598 2279 2642 et
2308 2606 2336 2642 a
2364 2594 2627 2663 supplicio
2665 2601 2862 2655 eximat
2887 2612 2943 2657 et
2973 2606 3039 2660 ab
3081 2609 3296 2665 infamia
3343 2615 3604 2685 vindicet,
3649 2631 3800 2690 atque

2226 2679 2444 2756 insuper
2473 2686 2538 2744 ad
2566 2689 2835 2762 ingentem
2863 2695 3176 2781 dignitatem
3199 2707 3472 2776 erexerit;
3504 2726 3568 2767 ac
3615 2712 3798 2768 deinde

2226 2777 2339 2845 ipse
2364 2793 2480 2849 post
2500 2786 2714 2842 allatam
2747 2790 2823 2845 illi
2856 2777 3118 2861 ejusmodi
3147 2801 3372 2856 salutem
3401 2807 3796 2874 amplissimam-

2224 2885 2326 2937 que
2353 2873 2576 2943 gloriam
2609 2881 2677 2934 ab
2701 2897 2766 2937 eo
2787 2924 2802 2948 ,
2839 2887 2889 2938 itt
2922 2902 3080 2956 quem
3113 2901 3254 2945 tanta
3285 2873 3541 2954 beneﬁcia
3567 2901 3796 2955 contule-

2223 2965 2312 3030 rit,
2336 2973 2673 3029 contumeliis
2697 2977 2958 3034 al’liciatur
2980 2997 2994 3045 ;
3019 2999 3193 3041 annon
3222 2987 3341 3057 ille,
3370 2993 3414 3046 si
3444 2995 3601 3051 modo
3621 3008 3790 3052 mente

2221 3067 2466 3126 constet,
2501 3064 2695 3121 millies
2719 3080 2945 3125 mortem
2976 3086 3231 3144 oppetere
3261 3081 3472 3148 mallet,
3510 3101 3658 3153 quam
3686 3095 3786 3138 tant

2223 3145 2412 3216 ingrati
2459 3154 2624 3210 animi
2675 3159 2902 3218 criutine
2951 3165 3238 3223 laborare?
3275 3170 3389 3228 Hoc
3437 3176 3604 3246 itaque
3650 3193 3783 3231 nunc

2220 3253 2432 3308 quoque
2461 3249 2874 3320 perpendamus,
2909 3266 3068 3326 atque
3094 3259 3163 3312 ob
3186 3262 3450 3320 otl‘eusum
3498 3268 3778 3323 beneﬁcum

2220 3330 2445 3386 acerbos
2460 3337 2689 3403 gemitus
2714 3344 3020 3401 emittamns
3045 3366 3060 3403 :
3093 3366 3190 3405 nec
3213 3355 3333 3422 quia
3363 3355 3559 3426 injuriis
3576 3372 3604 3410 a
3627 3357 3772 3411 nobis

2219 3420 2499 3480 lacessitus
2520 3427 2880 3501 longanimem
2913 3453 2970 3493 se
3001 3420 3241 3510 pnebet,
3266 3420 3504 3504 ﬁdentem
3545 3447 3764 3501 animum

2219 3517 2598 3589 pt'mfcratttus,
2633 3540 2814 3581 verum
2844 3529 2915 3584 ob
2946 3532 2996 3585 id
3027 3550 3236 3606 quoque
3258 3538 3424 3607 ipsum
3453 3540 3765 3608 distorquea-

2217 3621 2354 3661 mur.
2381 3607 2513 3666 Nam
2541 3615 2701 3669 etiam
2729 3621 2868 3688 apud
2911 3621 3185 3692 homines,
3229 3644 3347 3683 cum
3395 3632 3508 3700 quis
3552 3631 3770 3701 impacta

2213 3699 2313 3752 sibi
2356 3701 2408 3755 in
2455 3705 2698 3763 dextram
2746 3715 3016 3770 maxillam
3063 3719 3214 3790 alapa
3269 3723 3530 3779 sinistram
3573 3738 3775 3794 quoque

2213 3793 2447 3861 pt'mbet,’
2497 3801 2754 3868 majorem
2805 3807 3058 3864 ultionem
3101 3815 3301 3878 sumit,
3355 3832 3508 3886 quam
3554 3793 3601 3871 si
3639 3814 3777 3869 millc

2213 3885 2392 3952 plagas
2425 3889 2705 3949 inﬁixisset
2733 3913 2748 3951 :
2776 3909 2830 3951 et
2854 3916 2975 3954 cum
3009 3902 3306 3960 maledictis
3335 3885 3598 3979 impetitus
3619 3947 3634 3970 ,
3676 3922 3774 3960 non

2211 3979 2372 4029 modo
2402 3983 2679 4037 maledicta
2714 4004 2818 4042 non
2847 3996 3077 4061 regerit,
3106 3995 3199 4050 sed
3245 3999 3406 4053 etiam
3448 3997 3773 4056 conviciatori

2207 4079 2306 4119 suo
2334 4070 2501 4126 fausta
2527 4088 2781 4142 precatur
2803 4122 2818 4148 ,
2848 4085 3064 4152 gravius
3092 4101 3214 4142 eum
3249 4086 3396 4159 l‘erit,
3425 4108 3579 4164 quam
3602 4093 3642 4145 si
3664 4105 3776 4156 sex-

2207 4161 2378 4214 centis
2407 4179 2528 4217 eum
2558 4168 2766 4234 probris
2793 4176 3300 4248 aspersisset.Quod
3317 4181 3360 4236 si
3387 4185 3439 4236 in
3465 4183 3774 4245 hominibus,

2204 4262 2325 4304 cum
2352 4253 2395 4306 is
2415 4264 2571 4325 quem
2593 4259 2783 4328 injuria
2806 4264 3081 4323 aﬁ'ecimus
3099 4269 3274 4326 lenem
3299 4288 3358 4329 se
3384 4275 3541 4331 nobis
3566 4274 3774 4344 praebet.

2204 4344 2618 4416 erubescamus;
2651 4366 2851 4424 quanto
2880 4363 3048 4430 magis
3072 4361 3124 4416 in
3156 4361 3266 4418 Deo
3301 4369 3644 4423 metuendum
3680 4363 3776 4418 illis

2205 4447 2309 4502 est,
2342 4441 2429 4508 qui
2459 4446 2712 4511 peccandi
2739 4449 2898 4505 linem
2926 4469 3029 4508 non
3058 4455 3259 4513 faciunt
3279 4501 3295 4525 ,
3352 4479 3454 4518 nec
3497 4463 3772 4535 quidquam

2201 4528 2410 4587 adversi
2440 4537 2711 4602 patiuntur
2743 4559 2758 4596 :
2789 4545 3052 4615 siquidem
3083 4549 3136 4604 in
3167 4553 3356 4622 capitis
3388 4556 3623 4625 ipsorum
3667 4567 3776 4621 μετ’

2203 4621 2415 4689 niciem,
2447 4627 2820 4690 inenarrabilis
2845 4640 3112 4695 cruciatus
3139 4657 3466 4701 asscrvatnr.
3490 4650 3611 4704 Haec
3628 4647 3777 4715 igitur

2156 4781 2160 4784 ⁵
2200 4714 2382 4770 animo
2407 4721 2710 4790 volventes,
2742 4741 3015 4795 peccatum
3060 4746 3185 4791 ante
3227 4740 3405 4795 omnia
3459 4743 3773 4798 timeamuS!

2200 4802 2306 4860 hoc
2331 4811 2472 4864 enim
2501 4829 2656 4882 poena
2702 4829 2820 4885 est,
2870 4821 2973 4877 hoc
3024 4827 3299 4898 gehenna,
3351 4831 3458 4889 hoc
3506 4835 3774 4889 innumera

2199 4899 2359 4953 mala”.
2387 4902 2496 4959 Nec
2526 4923 2656 4962 vero
2684 4917 2888 4968 tantum
2923 4917 3204 4976 timeamus
3228 4963 3243 4988 ,
3274 4923 3370 4978 sed
3400 4929 3561 4982 etiam
3602 4921 3776 4991 fugia"

2196 5007 2338 5059 mus,
2361 5013 2425 5054 ac
2451 4999 2561 5054 Deo
2593 5015 2852 5075 perpetuo
2883 5011 3092 5078 placere
3121 5016 3432 5073 studeamus
3466 5037 3479 5073 :
3514 5019 3614 5072 hoc
3638 5015 3772 5071 enim

2195 5100 2416 5156 regnum
2442 5101 2544 5162 est,
2571 5094 2675 5153 hoc
2703 5101 2824 5166 vita,
2861 5100 2962 5158 hoc
2993 5106 3267 5162 innumera
3298 5109 3457 5166 bona.
3489 5111 3562 5165 Ita
3593 5109 3682 5163 lict
3724 5112 3775 5156 ut

2192 5184 2249 5231 et
2298 5178 2385 5234 hic
2422 5182 2532 5252 jam
2581 5202 2747 5258 regno
2793 5193 3091 5261 potiantur,
3121 5205 3175 5251 et
3210 5197 3402 5256 futuris
3432 5201 3588 5258 bonis
3616 5217 3630 5253 :
3663 5209 3774 5266 qua!

2192 5268 2392 5326 utinam
2421 5291 2608 5331 omnes
2628 5295 3019 5353 consequmnur
3037 5328 3054 5354 ,
3081 5303 3178 5358 per
3199 5291 3424 5360 gratiam
3446 5310 3511 5350 ac
3533 5288 3771 5360 benigni--

2193 5371 2353 5419 tatem
2380 5366 2586 5424 Domini
2609 5377 2776 5429 nostri
2805 5377 2932 5433 Jesu
2961 5381 3195 5452 Christi,
3218 5389 3304 5442 cui
3350 5405 3473 5444 cum
3523 5389 3679 5444 Patre
3721 5386 3770 5435 εἲ

2190 5454 2391 5525 Spiritu
2421 5474 2607 5519 sancto
2627 5467 2816 5536 gloria,
2847 5471 3153 5545 imperium,
3183 5479 3379 5551 honor,
3400 5499 3544 5541 nunc
3559 5491 3614 5538 et
3636 5487 3768 5533 sem-

2188 5563 2304 5618 per,
2327 5563 2379 5607 ct
2405 5554 2457 5611 in
2480 5559 2676 5614 smcula
2699 5564 3039 5622 szrculorum.
3067 5572 3259 5631 Amen.
