4068 6490
464 489 565 551 ιει

1193 489 1249 543 s.
1296 470 2125 543 Jomms’cunvsosrom
2178 480 2500 537 mauu-:0.
2544 479 3098 537 coxsnmmor.

3650 474 3775 534 δεῖ

1900 749 2145 801 ΟΜΙΛῘΑ
2195 747 2296 801 lB'.

469 890 910 972 Συνεργοῦντες
931 888 999 969 δρ
1019 887 1117 972 καί
1136 886 1633 972 παρακατζοῦιιεν,
1651 887 1843 972 μὴεοίς
1868 887 2049 972 κενρν
2146 885 2328 937 τοίνυν
2365 884 2521 954 ἡμῖν,
2563 884 2659 937 καὶ
2708 883 2783 954 μὴ
2828 886 2909 947 είς
2949 883 3105 938 κενὸν
3144 883 3243 955 τὴν
3290 883 3454 954 χάριν
3484 884 3766 956 δέξησθε.

538 956 857 1039 τῂνχάρίν
880 959 987 1038 τοοῦ
1017 958 1165 1039 ᾷεοῇ
1195 957 1485 1039 δέξασθαι
1512 956 1688 1039 ὑμᾶςε
1712 956 1889 1039 Λέγει

538 1025 733 1099 καιρῷ
753 1025 971 1093 δεκτῷ
998 1026 1339 1099 ,ἐπήκουσὰ
1384 1025 1560 1093 σου,⁷
1594 1027 1693 1082 καὶ
1740 1025 1811 1081 ἐν
1857 1025 2049 1096 θήμέρᾳ

532 1097 836 1169 σωτηρίας
870 1097 1178 1168 ἐϐοήθησά
1206 1112 1328 1153 σοι.

538 1265 610 1313 α’.
645 1255 863 1327 Ἐπειδὴ
903 1255 1013 1326 γὰρ
1044 1250 1218 1319 εἶπεν,
1251 1253 1332 1307 ὅτι
1376 1254 1433 1306 ’0
1453 1252 1584 1315 Θεδς
1607 1250 1931 1324 παρακαλεῖ,
1956 1250 2049 1304 καὶ

468 1352 627 1421 ἡμεῖς
657 1348 1038 1419 πρεσϐεύομεν
1065 1351 1159 1401 καὶ
1194 1356 1507 1415 ικετευομεν
1526 1387 1541 1411 ,
1569 1344 1945 1413 καταλλάγητε
1972 1341 2051 1413 τῷ

468 1440 608 1511 Θεῷ·
643 1440 731 1493 ἵνα
763 1438 837 1510 μὴ
861 1438 1228 1501 ἀναπέσωσιν,
1259 1436 1510 1491 ἐντεῦθεν
1539 1437 1737 1499 αὐτοὺς
1768 1436 1930 1490 πάλιν
1956 1453 2051 1502 φο-

469 1533 556 1585 ϐεῖ
593 1533 689 1585 καὶ
720 1532 1025 1602 διανίστησι
1058 1530 1232 1597 λέγων
1253 1571 1267 1593 ,
1303 1527 1812 1596 Παρακαλοῦμεν,
1839 1527 1927 1595 μὴ
1965 1529 2052 1592 εἰς

469 1622 653 1676 κενὸν
688 1621 804 1690 τὴν
842 1620 1020 1691 χάριν
1067 1621 1175 1675 τοῦ
1216 1620 1364 1674 Θεοῦ
1406 1620 1697 1683 δέξασθαι
1730 1616 1906 1688 ὑμᾶς.
1958 1620 2051 1689 Μὴ

467 1714 599 1786 γάρ,
627 1713 814 1784 ἐπειδὴ
844 1712 1175 1784 παρακαλεῖ,
1217 1711 1372 1782 φησὶ,
1410 1711 1507 1764 καὶ⁷
1535 1709 1750 1781 έπεμψε
1781 1710 2051 1781 πρεσϐευ-

472 1805 754 1876 σομένους,
798 1805 884 1859 διά
917 1804 1076 1859 τοῦτο
1114 1803 1449 1875 ῥαθυμῶμεν
1472 1819 1485 1831 ·
1528 1801 1662 1855 ἀλλά
1693 1802 1760 1854 δι’
1791 1801 1923 1855 αὐτὸ
1942 1802 2053 1879 μὲν

467 1893 563 1949 οὖν
601 1896 758 1950 τοῦτο
790 1897 883 1948 καὶ¹
925 1894 1274 1965 ἐπειγώμεθα
1303 1896 1441 1963 πρδς
1472 1894 1534 1948 τὸ
1564 1894 1761 1964 ἀρέσαι
1791 1892 1869 1962 τῷ
1908 1891 2049 1962 Θεῷ,

467 1988 567 2042 καὶ
614 1986 992 2057 πνευματικὴν
1037 1989 1365 2055 συναγαγεῖν
1422 1985 1698 2056 ἐμπορίαν
1748 1984 1924 2056 (ὅπερ
1963 1988 2055 2038 καὶ

468 2076 727 2144 ἀνωτέρω
764 2076 972 2145 ἔλεγεν,
1008 2076 1090 2130 ὃτι
1135 2076 1197 2133 Ἡ
1222 2075 1425 2145 ἀγάπη
1468 2076 1575 2130 τοῦ
1627 2076 1776 2130 Θεοῦ
1807 2075 2055 2145 συνέχει

469 2168 649 2241 ἡμᾶς·
687 2170 956 2232 τουτέστι,
992 2169 1185 2236 θλίϐει,
1236 2168 1385 2233 ὠθεῖ,
1428 2168 1803 2236 κατεπείγει),
1846 2168 1934 2222 ἵνα
1977 2169 2053 2239 μὴ

470 2263 613 2333 μετά
642 2260 910 2331 τοσαύτην
935 2260 1262 2331 κηδεμονίαν
1289 2261 1652 2324 ἀναπεσόντες
1679 2271 1729 2324 ι,
1764 2261 1859 2314 καὶ
1891 2261 2055 2331 μηδὲν

467 2355 716 2422 γενναῖον
743 2352 1167 2422 ἐπιδειξάμενοι,
1193 2351 1301 2404 τῶν
1328 2351 1597 2405 τοσούτων
1616 2350 1888 2422 ἐκπέσητε
1915 2352 2053 2420 ἀγα-

467 2444 602 2499 θῶν.
627 2445 720 2517 Μὴ
744 2444 946 2505 τοίνυν,
981 2444 1169 2514 ἐπειδὴ
1203 2442 1417 2515 έπεμψε
1440 2442 1944 2514 παρακαλέσοντας,
1972 2461 2058 2496 νο-

473 2536 668 2607 μίσητε
708 2535 868 2588 τοῦτο
910 2536 997 2589 ἀεὶ
1030 2531 1190 2588 εἶναι·
1220 2534 1383 2606 μέχρι
1421 2534 1523 2603 τῆς
1552 2536 1860 2605 παρουσίας
1888 2536 2055 2589 αὐτοῦ

467 2627 570 2697 τῆς
605 2625 867 2697 δευτέρας
909 2625 1069 2679 τοῦτο
1118 2625 1291 2689 ἔσται,
1343 2625 1505 2697 μέχρι
1553 2626 1677 2680 τότε
1724 2628 2055 2698 παρακαλεῖ,

468 2717 578 2780 ἓως
604 2714 670 2769 ἂν
698 2709 849 2786 ὦμεν
876 2715 1130 2768 ἐνταῦθα·
1167 2715 1307 2784 μετὰ
1330 2715 1387 2768 δὲ
1419 2715 1592 2770 ταῦτα
1618 2716 1742 2788 δίκη
1770 2717 1865 2769 καὶ
1891 2717 2056 2771 κόλασ-

472 2824 579 2870 σις.
619 2806 718 2861 Διά
754 2807 934 2873 τοῦτο,
979 2808 1348 2878 Συνεχόμεθα,
1396 2809 1578 2880 φησίν.
1630 2809 1767 2863 Οὐδὲ
1804 2810 1913 2881 γὰρ
1950 2811 2059 2863 ἀπὸ

468 2900 566 2953 τοῦ
603 2898 870 2970 μεγέθους
900 2899 1011 2953 τῶν
1034 2898 1256 2968 ἀγαθῶν
1284 2901 1480 2963 αὐτοὺς
1504 2899 1721 2970 καὶτῆς
1749 2901 2059 2972 ιριλανθρω⁹

472 2992 604 3053 πίας
641 2991 835 3062 μόνον,
867 2989 1005 3044 ἀλλά
1035 2993 1130 3043 καὶ
1168 2990 1276 3042 ἀπὸ
1314 2990 1413 3059 τῆς
1446 2988 1786 3060 βραχύτητος
1831 2991 1931 3059 τῆς
1962 2992 2058 3043 τοῦ

472 3081 666 3151 καιροῦ
704 3082 1023 3150 κατεπείγει
1061 3081 1169 3135 ἀεί.
1204 3082 1295 3133 Διὸ
1338 3081 1434 3134 καὶ
1468 3081 1701 3152 ἀλλαχοῦ
1740 3098 1893 3151 φησι,
1929 3082 2052 3136 Νῦν

474 3173 583 3245 γὰρ
619 3173 944 3243 ἐγγύτερον
980 3171 1150 3242 ἡμῶν
1200 3173 1238 3241 ή
1290 3173 1572 3240 σωτηρία·
1624 3173 1719 3226 καὶ
1752 3172 1938 3237 πάλιν,
1998 3173 2060 3226 '0

470 3265 689 3333 Κύριος
710 3264 911 3334 ἐγγύς.
956 3262 1220 3317 Ἐνταῦθα
1246 3263 1303 3317 δέ
1328 3279 1381 3315 τι
1412 3264 1509 3315 καὶ
1540 3262 1701 3316 πλέον
1734 3266 1898 3319 ποιεῖ.
1925 3263 2059 3317 Οὐδέ

472 3355 585 3426 γὰρ
616 3355 727 3408 ἀπὸ
762 3355 856 3408 τοῦ
906 3356 968 3408 τὸ
1013 3355 1336 3426 λειπόμενον
1365 3353 1459 3408 τοῦ
1502 3354 1696 3426 χρόνου
1745 3354 1919 3427 βραχὺ
1964 3357 2060 3409 καὶ

476 3449 674 3520 μικρὸν
722 3444 880 3513 εἶναι,
921 3449 1058 3503 ἀλλά
1103 3449 1197 3502 καὶ
1242 3448 1350 3501 ἀπὸ
1394 3446 1488 3500 τοῦ
1528 3447 1720 3502 τοῦτον
1770 3448 1929 3518 μόνον
1967 3448 2060 3501 τὸν

474 3539 665 3610 καιρὸν
693 3539 997 3609 ἐπιτήδειον
1025 3534 1163 3591 εἶναι
1201 3539 1281 3600 είς
1317 3538 1612 3608 σωτηρίαν,
1659 3538 1866 3606 ἐνάγει.
1912 3536 2059 3591 Ἰδοὺ

473 3631 605 3702 γὰρ,
638 3631 795 3702 φησὶ,
827 3631 946 3685 νῦν
980 3631 1188 3699 καιρὸς
1215 3629 1680 3698 εὐπρόσδεκτος,
1716 3628 1845 3682 ὶδοὺ
1869 3628 2063 3698 ἡμέρα

471 3725 794 3791 σωτηρίας.
838 3722 930 3794 Μὴ
968 3722 1147 3775 τοίνυν
1185 3721 1476 3794 προδῶμεν
1512 3721 1574 3773 τὸ
1614 3719 1893 3792 εὐκαιρον,
1942 3721 2059 3774 ἀλλ’

471 3815 873 3887 ἐπιδειξώμεθα
903 3814 1060 3881 ἀξίαν
1095 3814 1195 3884 τῆς
1246 3814 1472 3884 χάριτος
1518 3812 1616 3884 τὴν
1658 3813 1915 3883 σπουδήν.
1960 3812 2060 3865 Διά

471 3906 631 3960 τοῦτο
663 3907 769 3976 γὰρ
810 3907 904 3961 καὶ
934 3908 1094 3977 ἡμεῖς
1122 3904 1480 3975 ἐπειγόμεθα,
1527 3906 1621 3957 καὶ
1650 3905 1710 3958 τὸ
1742 3904 1918 3976 βραχύ
1967 3907 2061 3958 καὶ

470 4003 535 4054 τὸ
587 4001 897 4070 ἐπιτήδειον
947 3999 1150 4062 εἰδότες
1198 3998 1293 4051 τοῦ
1336 3997 1551 4065 καιροῦ·
1596 3996 1679 4050 διὸ
1723 3997 1817 4050 καὶ
1874 3996 2057 4064 ἔλεγε,

474 4090 915 4160 Συνεργοῦντες
939 4088 1008 4142 δὲ
1039 4088 1137 4141 καί
1167 4088 1656 4156 παρακαλοῦμεν.
1691 4088 2061 4157 Συνεργοῦνο

475 4199 574 4248 τες
598 4180 748 4253 [521]
780 4182 929 4250 ὑμῖν·
967 4180 1096 4251 ύμῖν
1117 4178 1226 4249 γὰρ
1254 4178 1627 4249 συνεργοῦμεν
1658 4178 1882 4250 μᾶλλον,
1918 4179 1951 4250 ἢ
1982 4178 2060 4250 τῷ

470 4273 614 4345 Θεῷ,
641 4275 781 4345 ὑπὲρ
804 4268 865 4327 οὗ
887 4272 1285 4343 πρεσϐεύομεν.
1323 4273 1552 4336 Οὐδενὸς
1584 4271 1689 4343 γὰρ
1716 4274 1920 4334 ἐκεῖνος
1954 4272 2061 4324 δεῖ·

471 4382 586 4430 ται,
619 4366 734 4419 ἀλλ’
768 4368 801 4436 ἡ
834 4364 1077 4436 σωτηρία
1108 4366 1257 4418 πᾶσα
1291 4364 1371 4427 είς
1399 4365 1545 4434 ὑμᾶς
1589 4363 1873 4418 διαϐαίνει.
1909 4364 1971 4417 Et
2002 4364 2060 4418 δὲ

474 4458 571 4511 καὶ
595 4457 674 4528 τῷ
700 4457 820 4527 Θεῷ
846 4457 993 4525 λέγει
1020 4458 1322 4527 συνεργεῖν,
1350 4456 1472 4509 οὐδὲ
1498 4456 1658 4510 τοῦτο
1684 4458 2056 4528 παραιτεῖται·

478 4550 701 4624 καὶγὰρ
736 4551 972 4622 ἀλλαχοῦ
1004 4567 1159 4620 φησι,
1202 4548 1352 4603 Θεοῦ
1384 4548 1495 4620 γάρ
1528 4550 1717 4617 ἐσμεν
1751 4548 2057 4619 συνεργοί.

474 4643 663 4716 Ταύτῃ
713 4645 846 4714 φησι
892 4646 1017 4706 τοὺς
1068 4641 1393 4713 ἀνθρώπους
1445 4641 1640 4705 σώζειν
1693 4640 1890 4695 πάλιν·
1946 4641 2060 4695 Καὶ

472 4739 785 4805 παρακαλο
798 4735 966 4805 ῦμεν.
1017 4735 1257 4796 Ἐκεῖνος
1294 4732 1393 4803 μὲν
1422 4733 1531 4802 γὰρ
1559 4732 1897 4805 παρακαλῶν
1916 4774 1931 4799 ,
1958 4733 2059 4804 οὐχ

474 4827 663 4892 ἁπλῶς
707 4828 1052 4899 παρακαλεῖ,
1104 4828 1242 4881 ἀλλά
1284 4827 1458 4880 ταῦτα
1521 4825 1939 4897 προτεινόμενος
1990 4826 2059 4881 τὰ

473 4920 838 4991 δικαιώματα·
868 4923 951 4974 ὅτι
978 4920 1069 4974 τὸν
1090 4920 1220 4972 Υίδν
1247 4919 1415 4972 ἔδωκε
1445 4919 1536 4972 τὸν
1564 4919 1794 4983 δίκαιον,
1825 4919 1915 4974 τὸν
1936 4920 2059 4973 οὐδέ

476 5013 750 5084 ἁμαρτίαν
782 5012 982 5079 είδότα,
1018 5012 1112 5064 καὶ
1134 5011 1411 5082 ἁμαρτίαν
1441 5011 1605 5064 αὐτὸν
1634 5010 1889 5082 ἐποίησεν
1918 5013 2058 5083 ὑπὲρ

473 5102 630 5173 ἡμῶν
653 5102 761 5156 τῶν
796 5100 1141 5173 ἁμαρτωλῶν
1159 5139 1173 5163 ,
1203 5100 1290 5152 ἴνα
1323 5101 1486 5170 ἡμεῖς
1510 5098 1799 5170 γενώμεθα
1833 5100 2055 5154 δίκαιοι·

474 5197 619 5265 ἅπερ
657 5192 851 5263 ἔχοντα
872 5234 886 5259 ,
926 5191 1022 5244 καὶ
1055 5189 1188 5243 Θεὸν
1217 5190 1375 5252 ὄντα,
1409 5189 1531 5242 οὐδέ
1566 5191 1907 5261 παρακαλεῖν
1938 5191 2054 5256 δεῖ,

475 5287 570 5341 καὶ
603 5284 778 5339 ταῦτα
818 5282 1162 5355 ἀνθρώπους,
1199 5283 1293 5336 καὶ
1328 5284 1874 5355 προσκεκρουκότας,
1922 5284 2060 5338 ἀλλά

473 5374 910 5447 παρακαλεῖσθαι
964 5373 1086 5427 καθ’
1148 5375 1385 5445 ἐκάστην
1444 5375 1680 5447 ἡμέραν·
1739 5374 1853 5427 ἀλλ’
1908 5375 2058 5445 ὅμως

473 5469 800 5539 παρακαλεῖ·
836 5470 998 5539 ἡμεῖς
1040 5468 1097 5521 δέ
1130 5468 1593 5539 παρακαλοῦμεν,
1636 5468 1915 5538 δικαίωμα
1958 5470 2058 5539 μὲν

476 5562 643 5634 μηδὲν
681 5561 895 5632 ἔχοντες
924 5563 1084 5632 ἡμῶν
1117 5562 1291 5613 εἰπεῖν
1332 5561 1455 5613 οὐδὲ
1482 5561 1834 5631 εὐεργέτημα
1855 5600 1870 5624 ,
1913 5560 1971 5613 ἓν
1999 5561 2057 5613 δὲ

476 5654 667 5725 μόνον,
710 5651 771 5705 τὸ
808 5651 948 5721 ὑπὲρ
994 5650 1153 5714 θεοῦ,
1207 5650 1300 5703 καὶ
1346 5650 1570 5703 τοιαῦτα
1620 5649 2054 5720 ἐπιδειξαμένου,

474 5744 831 5815 παρακαλεῖν.
876 5740 1312 5811 Παρακαλοῦμεν
1361 5741 1419 5793 δὲ
1460 5743 1549 5793 ’ίνα
1591 5739 1689 5809 τὴν
1733 5740 2057 5809 εὐεργεσίαν

472 5834 720 5906 δέξησθε,
748 5834 844 5890 καὶ
871 5837 947 5906 μὴ
975 5833 1393 5906 ἀποκρούσησθε
1409 5833 1509 5903 τὴν
1530 5833 1759 5905 δωρεάν.
1792 5832 2056 5905 Πείσθητε

536 5960 561 5990 ³
582 5959 731 6009 Savil.
760 5960 808 6009 in
827 5972 1001 6022 marg.,
1028 5955 1393 6009 καταπεσόντες.

2150 978 2265 1029 Ἵνα
2299 975 2410 1047 γὰρ
2462 975 2537 1047 μὴ
2565 976 2863 1045 νομίσωσιν
2890 1015 2907 1041 ,
2939 976 3020 1029 ὅτι
3070 976 3228 1029 τοῦτό
3270 979 3385 1030 ἐστι
3420 978 3769 1052 καταλλαγὴ

2150 1069 2332 1137 μόνον,
2367 1065 2428 1118 τὸ
2456 1065 2740 1119 πιστεῦσαι
2772 1065 2850 1135 τῷ
2881 1065 3154 1130 καλοῦντι,
3184 1066 3381 1134 ἐπάγει
3409 1066 3623 1131 ταῦτα,
3657 1067 3772 1138 τὴν

2149 1160 2276 1230 περὶ
2305 1159 2395 1211 τὸν
2422 1158 2534 1228 βίον
2560 1157 2795 1228 σπουδὴν
2820 1158 3093 1211 ἀπαιτῶν.
3120 1157 3195 1210 Τὸ
3220 1157 3328 1227 γάρ
3354 1158 3771 1227 ἀπαλλαγέντα

2150 1250 2567 1321 ἁμαρτημάτων
2600 1250 2695 1303 καὶ
2732 1249 2883 1317 φίλον
2920 1250 3248 1320 γενόμενον,
3298 1252 3412 1312 τοῖς
3446 1250 3772 1321 προτέροις

2149 1338 2580 1409 ἐγκαλινδεῖσθαι
2624 1340 2806 1402 πάλιν,
2849 1339 2937 1392 ἐπ’
2988 1339 3190 1411 έχθραν
3229 1340 3554 1394 ἐπανελθεῖν
3607 1342 3767 1406 ἐστι,

2149 1436 2245 1487 καὶ
2278 1434 2359 1496 είς
2385 1432 2539 1486 κενὸν
2568 1432 2667 1504 τὴν
2698 1432 2861 1504 χάριν
2890 1432 3165 1500 δέξασθαι,
3199 1433 3343 1487 κατά
3374 1434 3463 1487 τὸν
3489 1432 3598 1488 τοῦ
3638 1434 3769 1504 βίον

2150 1526 2331 1595 λόγον.

2222 1640 2389 1693 Οὐδὲν
2421 1640 2529 1711 γάρ
2564 1638 2672 1693 ἀπὸ
2704 1639 2800 1709 τῆς
2837 1638 3059 1710 χάριτος
3102 1638 3246 1709 μέγα
3278 1638 3654 1708 ὠφελούμεθα
3682 1639 3769 1703 είς

2154 1734 2449 1804 σωτηρίαν,
2476 1733 2806 1805 άκαθάρτως
2832 1733 3034 1797 ζῶντες
3055 1748 3070 1763 ·
3106 1732 3241 1786 ἀλλά
3269 1733 3362 1785 καὶ
3388 1731 3768 1803 βλαπτόμεθα

2156 1825 2423 1896 μειζόνως
2441 1825 2613 1896 ταύτῃ
2642 1824 2968 1896 βαρούμενοι
2993 1824 3088 1878 καὶ
3103 1824 3163 1877 ἐν
3182 1825 3296 1887 τοῖς
3322 1825 3765 1895 ἁμαρτήμασιν,

2153 1917 2235 1970 ὅτι
2265 1918 2361 1970 καὶ
2391 1917 2530 1987 μετά
2563 1918 2858 1984 ἐπίγνωσιν
2885 1915 3143 1985 τοιαύτην
3175 1915 3269 1967 καὶ
3313 1914 3523 1986 δωρεὰν
3559 1915 3664 1967 ἐπὶ
3693 1915 3768 1966 τά

2156 2008 2398 2079 πρότερα
2423 2006 2798 2078 ἐπανήλθομεν
2824 2005 2991 2060 κακά.
3031 2006 3193 2059 Ἀλλά
3217 2004 3378 2059 τοῦτο
3404 2005 3502 2076 μὲν
3533 2004 3767 2058 οὐδέπω

2153 2099 2390 2170 τίθησιν,
2421 2100 2561 2153 ὥστε
2609 2098 2684 2170 μὴ
2721 2099 2928 2171 τραχὺν
2975 2098 3201 2168 ποιῆσαι
3232 2097 3325 2150 τὸν
3358 2097 3539 2166 λόγον·
3578 2097 3669 2151 ὅτι
3704 2097 3765 2148 δὲ

2156 2192 2310 2245 οὐδὲν
2338 2190 2700 2263 ὠφελούμεθα
2731 2191 2881 2259 λέγει
2908 2191 3089 2261 μόνον.
3120 2185 3254 2244 Εἶτα
3282 2189 3378 2242 καὶ
3408 2189 3773 2261 προφητείας

2158 2285 2589 2355 ἀναμιμνήσκει,
2620 2283 2969 2352 κατεπείγων
3000 2283 3219 2349 αὐτοὺς,
3254 2282 3348 2336 καὶ
3380 2280 3647 2335 συνωθῶν
3681 2281 3769 2344 είς

2155 2377 2219 2431 τὸ
2246 2375 2606 2446 διαναστῆναι
2640 2377 2778 2446 πρὸς
2803 2376 2902 2448 τὴν
2934 2377 3032 2447 τῆς
3057 2374 3261 2438 οἰκείας
3290 2374 3570 2445 σωτηρίας
3601 2373 3761 2427 ἀντί-

2157 2469 2340 2540 ληψιν.
2386 2469 2557 2538 Λέγει
2593 2467 2726 2538 γὰρ,
2767 2468 2919 2537 φησί’
2966 2467 3160 2535 Καιρῷ
3192 2465 3380 2531 δεκτῷ
3427 2463 3761 2535 ἐπήκουσὰ

2158 2578 2297 2625 σου,
2330 2559 2430 2614 καί
2450 2560 2520 2613 ἐν
2548 2559 2739 2628 ἡμέρᾳ
2768 2560 3067 2626 σωτηρίας
3091 2555 3398 2624 ἐϐοήθησά
3427 2570 3549 2609 σοι.
3594 2553 3767 2609 Ἰδοὺ

2156 2653 2276 2707 νῦν
2303 2652 2507 2719 καιρὸς
2531 2648 2999 2717 εὐπρόσδεκτος,
3035 2648 3163 2701 ἰδοὺ
3189 2646 3309 2701 νῦν
3331 2644 3526 2714 ἡμέρα
3554 2660 3756 2710 σωτη-

2151 2746 2311 2812 ρίας.
2349 2743 2568 2811 Καιρὸς
2610 2740 3060 2815 εὐπρόσδεκτος
3082 2756 3096 2769 ·
3131 2740 3283 2801 ποῖος
3318 2729 3502 2804 οὗτος
3555 2737 3616 2790 '0
3654 2737 3756 2806 τῆς

2158 2835 2389 2909 δωρεᾶς,
2421 2838 2449 2888 ό
2472 2836 2572 2902 τῆς
2601 2834 2860 2905 χάριτος,
2892 2834 2982 2886 ὅτε
3010 2832 3109 2885 οὐκ
3138 2831 3286 2885 ἔστιν
3321 2829 3555 2893 εὐθύνας
3580 2829 3751 2882 ἀπαι-

2158 2928 2392 2997 τηθῆναι
2426 2924 2535 2979 τῶν
2569 2924 2987 2995 ἁμαρτημάτων
3020 2922 3141 2976 οὐδὲ
3182 2922 3340 2991 δίκην
3368 2918 3576 2986 δοῦναι,
3613 2918 3753 2973 ἀλλά

2163 3018 2302 3089 μετὰ
2328 3017 2429 3087 τῆς
2452 3016 2773 3086 ἀπαλλαγῆς
2801 3016 2894 3069 καὶ
2926 3016 3136 3087 μυρίων
3159 3012 3467 3068 ἀπολαῦσαι
3496 3010 3740 3081 ἀγαθῶν.

2160 3106 2533 3176 δικαιοσύνης,
2564 3105 2839 3177 ἀγιασμοῦ
2861 3147 2875 3172 ,
2911 3106 3019 3160 τῶν
3066 3105 3243 3160 ἀλλων
3279 3106 3557 3159 ἀπάντων.
3599 3104 3747 3157 Πόσα

2162 3199 2271 3270 γὰρ
2304 3199 2411 3252 ἔδει
2441 3200 2659 3269 καμεῖν,
2692 3198 2833 3253 ῶστε
2866 3198 3146 3268 ἐπιτυχεῖν
3172 3196 3268 3250 τοῦ
3291 3195 3485 3267 καιροῦ
3518 3194 3741 3258 τούτου;

2162 3286 2280 3341 ἀλλ’
2336 3288 2445 3341 1δού
2468 3328 2484 3353 ,
2523 3288 2687 3359 μηδὲν
2719 3290 3005 3359 καμόντων
3036 3286 3198 3360 ἡμῶν
3232 3289 3600 3359 παραγέγονεν
3639 3285 3742 3353 ἀφ-

2162 3399 2279 3435 εσιν
2309 3382 2475 3454 φέρον
2503 3383 2759 3437 ἀπάντων
2780 3384 2886 3437 τῶν
2911 3382 3243 3456 ἔμπροσθεν.
3272 3383 3364 3435 Διὸ
3392 3381 3485 3436 καὶ
3509 3379 3736 3450 εὐπρόσ-

2161 3473 2348 3527 δεκτον
2372 3473 2560 3539 καλεῖ,
2590 3473 2777 3547 ἐπειδὴ
2806 3475 2904 3528 καὶ
2929 3474 3056 3538 τοὺς
3085 3473 3255 3544 μυρία
3280 3467 3728 3542 πεπλημμεληκόο

2161 3582 2262 3627 τας
2304 3565 2683 3636 προσεδέχετο,
2723 3566 2818 3618 καὶ
2860 3565 2959 3635 οὐχ
2993 3565 3180 3628 ἁπλῶς
3221 3563 3576 3636 προσεδέχετο.
3613 3556 3725 3612 ἀλλ’

2163 3657 2244 3720 είς
2271 3656 2371 3727 τὴν
2401 3657 2666 3710 ἀνωτάτω
2695 3652 2800 3727 ἦγε
2830 3658 2998 3727 τιμήν
3024 3675 3036 3688 ·
3073 3657 3345 3727 καθάπερ,
3370 3653 3580 3708 ἐπειδὰν
3605 3650 3734 3719 ἔλθῃ

2165 3747 2444 3818 βασιλεὺς,
2477 3736 2925 3819 οὐδικαστηρίου
2965 3750 3177 3820 καιρὸς,
3219 3749 3354 3801 ἀλλά
3391 3747 3606 3818 χάριτος
3643 3740 3740 3796 καὶ

2165 3840 2463 3911 σωτηρίας.
2492 3839 2584 3893 Διὸ
2609 3842 2705 3893 καὶ
2738 3842 3135 3913 εὐπρόσδεκτον
3163 3842 3325 3894 αὐτὸν
3357 3841 3529 3903 καλεῖ,
3556 3837 3661 3898 ἕως
3680 3826 3741 3888 οὗ

2162 3930 2245 3984 ἔτι
2278 3933 2335 3984 ἐν
2375 3932 2454 4002 τῷ
2493 3933 2782 4003 σκάμματί
2812 3934 3001 4003 ἐσμὲν,
3033 3935 3138 3996 ἕως
3162 3936 3220 3988 ἐν
3242 3932 3323 4004 τῷ
3350 3931 3631 4004 ἀμπελῶνι
3657 3930 3744 3999 ἐρα

2162 4022 2469 4093 γαζόμεθα,
2497 4024 2603 4086 ἕως
2632 4023 2880 4078 λείπεται
2905 4027 2937 4094 ἡ
2971 4026 3255 4095 ἑνδεκάτη.

2235 4112 2301 4182 β’.
2328 4113 2742 4183 Προσέλθωμεν,
2770 4116 2866 4168 καὶ
2889 4115 3004 4185 βίον
3027 4114 3423 4185 ἐπιδειξώμεθα
3443 4111 3594 4186 [522]
3613 4111 3746 4178 ἀγα-

2162 4201 2253 4254 θόν
2268 4218 2281 4231 ·
2312 4205 2405 4256 καὶ
2437 4204 2543 4273 γὰρ
2561 4203 2802 4262 εὐκολον.
2833 4207 2893 4259 '0
2914 4207 3023 4277 γὰρ
3039 4207 3096 4259 ὲν
3110 4205 3334 4276 τοιούτῳ
3349 4203 3526 4273 καιρῷ
3552 4207 3747 4271 ἀγωνιο

2162 4291 2412 4364 ζόμενος,
2447 4296 2505 4348 ἐν
2527 4288 2571 4362 ᾧ
2600 4298 2838 4368 τοσαύτη
2863 4298 3087 4369 κέχυται
3119 4297 3317 4369 δωρεὰ,
3354 4299 3412 4351 ἐν
3434 4289 3477 4364 ᾧ
3511 4293 3742 4361 τοσαύτη

2161 4386 2343 4457 χάρις,
2368 4387 2607 4451 εὐκόλως
2642 4389 2986 4456 ἐπιτεύξεται
3024 4390 3135 4443 τῶν
3172 4388 3461 4460 βραϐείων.
3509 4388 3622 4443 Καὶ
3644 4386 3747 4455 γὰρ

2161 4480 2255 4530 ἐπὶ
2279 4476 2546 4547 βασιλέων
2574 4479 2682 4532 τῶν
2706 4481 2857 4534 κάτω
2884 4484 2941 4534 ἐν
2967 4482 3067 4553 μὲν
3100 4481 3178 4552 τῷ
3203 4480 3381 4553 καιρῷ
3415 4480 3523 4534 τῶν
3546 4475 3747 4551 ἑορτῶν

2162 4569 2362 4635 αὐτῶν,
2385 4571 2479 4624 καὶ
2506 4572 2596 4623 ὅτε
2646 4573 2702 4623 ἐν
2739 4572 2960 4626 ὑπάτων
2983 4573 3264 4642 φαίνονται
3292 4574 3557 4645 σχήματι,
3603 4570 3697 4625 καὶ
3722 4567 3750 4619 δ

2165 4661 2359 4731 μικρὸν
2381 4661 2767 4733 προσενεγκὼν
2796 4662 3037 4733 μεγάλας
3061 4664 3330 4734 λαμϐάνει
3358 4664 3593 4735 δωρεάς·
3617 4664 3675 4714 ἐν
3695 4657 3749 4711 δὲ

2160 4756 2281 4815 ταῖς
2302 4753 2561 4824 ἡμέραις,
2611 4748 2701 4817 αἷς
2752 4754 2818 4808 ἂν
2874 4755 3161 4822 δικάζωσι,
3220 4756 3422 4826 πολλῆς
3463 4754 3750 4828 ἀκριϐείας

2161 4844 2339 4917 χρεία»
2393 4846 2595 4917 πολλῆς
2620 4846 2945 4911 ἐξετάσεως.
2986 4848 3099 4902 Καὶ
3131 4851 3297 4918 ἡμεῖς
3345 4848 3527 4903 τοίνυν
3581 4850 3640 4901 ἐν
3673 4841 3750 4912 τῶ

2161 4937 2337 5009 καιρῷ
2364 4940 2459 5009 τῆς
2479 4939 2691 5010 δωρεάς
2744 4940 2949 5012 ταύτης
2982 4940 3401 5012 ἀγωνισώμεθα·
3432 4940 3619 5012 ἡμέρα
3655 4935 3750 5007 χά-

2163 5030 2310 5100 ριτός
2344 5032 2482 5094 ἐστι,
2513 5032 2737 5101 χάριτος
2772 5032 2942 5096 θείας·
2980 5033 3061 5086 διὸ
3104 5035 3200 5086 καὶ
3251 5031 3490 5095 εὐκόλως
3527 5033 3748 5084 ἐπιτευ-

2162 5120 2365 5192 ξόμεθα
2410 5122 2518 5176 τῶν
2563 5125 2864 5191 στεφάνων.
2913 5125 2974 5177 El
3025 5125 3136 5195 γὰρ
3166 5124 3435 5177 τοσούτων
3479 5124 3749 5195 γέμοντας

2160 5213 2347 5266 κακῶν
2371 5215 2466 5267 καί⁹
2490 5216 2825 5285 προσήκατο,
2863 5216 2960 5269 καὶ
2997 5215 3296 5288 ἀπήλλαξε·
3339 5217 3561 5271 πάντων
3581 5210 3750 5269 ἀπαλα

2159 5306 2440 5375 λαγέντας,
2477 5307 2573 5360 καὶ
2596 5309 2665 5360 τὰ
2697 5311 2829 5379 παρ’
2856 5309 3065 5363 ἑαυτῶν
3081 5310 3456 5379 εἰσφέροντας,
3482 5310 3543 5362 οὐ
3576 5300 3748 5371 πολλῷ
3836 5370 3839 5373 λ

2164 5397 2360 5468 μᾶλλον
2391 5398 2781 5471 προσδέξεται;
2819 5394 2986 5464 Εἶτα,
3013 5401 3152 5471 ὅπερ
3204 5400 3290 5453 ἀεὶ
3342 5401 3509 5463 ποιεῖ,
3562 5391 3748 5450 ἐαυτὸν

2163 5489 2327 5559 μέσον
2353 5488 2547 5554 τιθεὶς,
2588 5491 2684 5545 καὶ
2745 5490 2995 5544 ἐντεῦθεν
3027 5490 3267 5546 κελεύων
3296 5490 3358 5543 τὸ
3398 5491 3746 5561 παράδειγμα

2159 5581 2479 5652 λαμϐάνειν,
2537 5582 2699 5636 τοῦτο
2752 5585 2848 5638 καὶ
2878 5584 3115 5639 ἐνταῦθα
3169 5585 3487 5655 ἐργάζεται·
3534 5584 3616 5638 διὸ
3654 5577 3746 5633 καὶ

2159 5672 2375 5739 ἐπάγει,
2410 5671 2719 5740 Μηδεμίαν
2748 5674 3048 5743 ἐνμηδενί
3071 5674 3341 5740 διδόντες
3366 5669 3745 5743 προσκοπὴνν

2161 5766 2265 5819 ἵνα
2315 5764 2402 5833 μὴ
2436 5763 2691 5834 μωμηθῇ
2741 5767 2779 5834 ἠ
2828 5765 3107 5823 διακονία
3137 5767 3324 5836 ἡμῶν·
3360 5768 3463 5821 οὐκ
3501 5764 3610 5821 ἀπὸ
3655 5755 3745 5812 τοῦ

2163 5857 2356 5926 καιροῦ
2400 5859 2583 5927 μόνον,
2628 5857 2767 5911 ἀλλά
2827 5862 2923 5913 καὶ
2978 5861 3088 5915 ἀπὸ
3128 5862 3237 5914 τῶν
3287 5860 3745 5932 κατορθωσάντων

2162 5948 2356 6012 αὐτοὺς
2402 5948 2625 6006 πείθων.
2674 5952 2784 6006 Καὶ
2819 5954 2920 6026 ὅρα
2971 5956 3086 6022 πῶς
3121 5955 3371 6024 ἀτύφως,
3405 5956 3467 6010 ού
3498 5954 3604 6025 γάρ
3629 5943 3744 6004 εἶπε
