4068 6410
292 349 392 406 481

397 453 2730 478 Mm

1362 337 1427 393 IN
1466 334 1683 392 EPIST.
1718 333 1760 388 11
1820 333 1876 389 Al

1986 333 2079 391 £08
2092 377 2104 390 .
2148 334 2376 392 HOMIL.
2418 336 2532 392 ΧΠ.
3469 347 3581 403 4εέ

1690 515 2037 577 HOMILIA
2082 516 2226 579 XII.

291 705 422 759 (lar.
444 698 497 753 ϐ.
512 698 636 753 v.1.
653 694 962 766 Adjuvantes
975 700 1141 745 autent
1157 691 1501 747 exhortamur,
1517 703 1579 741 ne
1597 686 1650 739 in
1670 700 1883 738 vacuum

368 792 587 863 gratiam
615 786 714 841 Dei
739 783 1015 857 recipiatis.
1045 782 1100 836 2.
1134 783 1217 835 Ait
1258 780 1431 836 enim:
1456 779 1706 849 Tempore
1740 792 1883 830 acce-

368 892 454 952 pta
483 878 723 935 exaudiui
749 885 799 932 te
819 919 833 942 ,
867 886 915 930 et
942 876 996 928 in
1024 873 1107 928 die
1130 874 1314 928 salutis
1334 872 1612 925 auxiliata:
1635 884 1748 923 sum
1769 866 1877 921 tibi.

367 977 419 1030 l.
443 972 707 1042 Quoniam
734 969 878 1026 enim
910 967 1075 1022 Deum
1107 979 1297 1035 rogare
1325 963 1572 1026 dixerat,
1602 960 1878 1030 apostolos

296 1076 476 1121 autem
504 1064 771 1135 legatione
801 1059 982 1131 fungi,
1019 1067 1179 1128 atque
1216 1056 1499 1111 obsecrare
1527 1062 1585 1107 ut
1622 1067 1743 1107 cum
1772 1052 1882 1105 Deo

298 1159 353 1214 in
385 1149 608 1228 gratiam
639 1154 916 1219 redirent;
944 1166 1011 1207 ne
1032 1150 1307 1219 segniores
1334 1146 1457 1202 inde
1487 1145 1843 1201 redderentur
1863 1183 1881 1209 ,

299 1251 424 1305 hinc
451 1262 638 1304 rursus
661 1262 756 1301 eos
782 1252 948 1300 terret
976 1251 1031 1297 et
1054 1242 1251 1296 excitat
1275 1239 1460 1293 dicens
1480 1279 1496 1304 ,
1530 1237 1615 1291 Ne
1634 1237 1802 1306 itaque
1826 1235 1880 1289 in

297 1359 514 1399 vacuum
543 1340 639 1394 Dei
667 1339 884 1411 gratiam
909 1335 1190 1405 recipiatis.
1213 1332 1398 1402 Neque
1427 1330 1569 1385 enim
1600 1336 1881 1399 propterea

298 1450 399 1491 nos
437 1432 700 1489 socordia:
738 1431 927 1486 demus
949 1470 965 1494 ,
999 1427 1203 1498 inquit,
1230 1425 1354 1496 quia
1387 1424 1528 1478 Deus
1558 1437 1656 1476 nos
1683 1430 1875 1491 rogat,

297 1542 362 1582 ac
386 1527 590 1597 legatos
615 1523 681 1578 ad
714 1536 812 1576 nos
843 1519 1023 1575 misit:
1052 1518 1161 1573 imo
1185 1531 1313 1571 vero
1334 1515 1404 1571 ob
1431 1513 1534 1569 hoc
1560 1515 1731 1582 ipsum
1758 1526 1878 1564 ma-

294 1619 413 1688 jore
452 1615 628 1672 studio
659 1623 713 1668 et
740 1611 1017 1682 diligentia
1050 1609 1159 1664 Deo
1190 1608 1407 1676 placere
1427 1647 1441 1672 ,
1475 1619 1538 1661 ac
1576 1601 1879 1706 spirituales

297 1723 504 1764 merces
532 1707 788 1775 colligere
833 1716 1085 1758 curemus
1115 1701 1205 1771 (id
1246 1698 1389 1770 quod
1440 1698 1600 1753 etiam
1632 1698 1879 1766 superius

293 1799 526 1862 dicebat,
558 1796 758 1853 Caritas
784 1795 882 1850 Dei
910 1804 1054 1863 urget
1078 1809 1202 1858 nos,
1231 1791 1333 1845 hoc
1363 1799 1448 1844 est
1468 1832 1482 1853 ,
1516 1790 1744 1858 premit,
1774 1788 1881 1841 im-

293 1889 517 1962 pellit):
565 1904 633 1944 ne
675 1887 873 1958 alioqui
918 1893 1040 1955 post
1070 1892 1273 1939 tantam
1320 1881 1412 1936 Dei
1460 1880 1874 1935 sollicitudinem

293 1980 538 2050 collapsi,
563 1994 661 2034 nec
682 1978 848 2032 ullum
880 1977 1153 2047 egregium
1183 1972 1393 2027 virtutis
1417 1971 1685 2041 specimen
1712 1970 1881 2026 eden-

296 2081 377 2126 tes
401 2112 418 2139 ,
465 2070 626 2124 tantis
655 2068 812 2125 bonis
839 2067 1172 2123 excidemus.
1205 2064 1282 2120 Ne
1332 2064 1493 2133 igitur
1521 2062 1840 2116 existimetis
1860 2102 1875 2127 ,

294 2168 502 2237 inquit,
547 2167 668 2237 quia
714 2166 1015 2221 hortatores
1061 2162 1244 2225 misit,
1295 2168 1610 2230 perpetuum
1638 2158 1690 2212 id
1722 2156 1875 2211 fore:

297 2274 467 2329 usque
493 2259 558 2314 ad
599 2258 891 2313 secundum
936 2256 1105 2326 ipsius
1133 2253 1419 2309 adventum
1463 2251 1565 2305 hoc
1593 2249 1731 2303 erit:
1762 2257 1878 2301 tan-

296 2363 408 2407 tum
449 2352 692 2405 hortatur
717 2350 844 2405 dum
870 2348 958 2404 hic
982 2360 1198 2407 sumus;
1230 2352 1416 2414 postea
1445 2341 1688 2411 sequitur
1716 2353 1874 2409 poena

292 2456 348 2501 et
396 2446 686 2507 cruciatus.
734 2444 1061 2513 Propterea,
1106 2438 1409 2515 Urgemur,
1457 2434 1647 2506 inquit.
1693 2432 1877 2502 Neque

294 2537 436 2593 enim
468 2551 564 2592 eos
592 2538 766 2591 solum
795 2550 827 2588 a
854 2533 1117 2588 bonorum
1156 2527 1521 2599 magnitudine
1558 2540 1623 2582 ac
1653 2525 1745 2579 Dei
1778 2524 1874 2578 be-

294 2631 586 2700 nignitate,
621 2627 714 2684 sed
747 2626 906 2681 etiam
940 2622 1198 2693 temporis
1227 2620 1490 2676 brevitate
1530 2630 1745 2686 semper
1781 2630 1876 2670 ex-

295 2720 571 2774 stimulat:
604 2717 746 2773 uude
785 2725 840 2771 et
865 2716 973 2770 alio
1001 2716 1123 2769 loco
1165 2714 1273 2777 ait,
1307 2711 1461 2765 Nunc
1505 2709 1636 2764 enim
1667 2708 1877 2778 prapior

297 2821 368 2867 est
407 2821 580 2866 nostra
620 2812 760 2865 salus
802 2808 990 2881 (Rom.
1021 2809 1110 2863 15.
1143 2807 1268 2876 ll);
1296 2815 1350 2860 et
1380 2818 1599 2868 rursus,
1629 2801 1877 2855 Dominus

296 2921 454 2977 prape
482 2914 555 2958 est
577 2901 835 2974 (Philipp.
865 2903 920 2956 4.
956 2899 1033 2969 5).
1068 2899 1166 2953 Hic
1190 2912 1319 2952 vero
1343 2894 1613 2967 quidpiam
1646 2892 1877 2962 amplius

295 2996 440 3053 facit.
483 2994 666 3066 Neque
696 2992 836 3049 enim
887 2992 1010 3047 hinc
1056 2999 1263 3045 tantum
1301 3004 1395 3044 eos
1421 2986 1487 3042 ad
1519 2986 1744 3040 salutem
1778 2984 1879 3038 im-

294 3086 475 3158 pellit,
508 3085 651 3157 quod
697 3085 859 3139 breve
896 3092 1056 3154 atque
1108 3083 1360 3151 exiguum
1405 3078 1477 3133 sit
1514 3076 1569 3132 id
1616 3074 1876 3145 temporis

291 3178 436 3250 quod
458 3186 644 3243 restat,
675 3176 770 3232 sed
803 3176 927 3231 hinc
952 3175 1135 3241 etiam,
1169 3172 1311 3243 quod
1334 3171 1509 3226 solum
1540 3170 1642 3225 hoc
1665 3178 1877 3238 tempus

291 3271 359 3328 ad
387 3285 504 3326 eam
531 3268 927 3337 adipiscendam
955 3267 1256 3337 appositum
1285 3264 1380 3318 sit.
1417 3260 1547 3317 Ecce
1568 3263 1702 3316 enim
1741 3276 1877 3314 nunc

292 3374 488 3435 tempus
516 3361 855 3427 acceptabile,
887 3376 1001 3413 ecce
1035 3359 1144 3412 dies
1175 3357 1376 3411 salutis.
1420 3353 1501 3410 Ne
1531 3354 1692 3422 igitur
1717 3366 1877 3407 occa-

288 3456 497 3511 sionem
527 3453 683 3508 nobis
712 3452 891 3521 perire
939 3451 1214 3511 sinamus,
1246 3445 1341 3502 sed
1389 3445 1605 3515 dignum
1658 3451 1876 3511 accepta

289 3547 458 3617 gratia
486 3545 720 3601 studium
747 3543 1120 3599 exhibeamus.
1152 3539 1283 3594 Nam
1312 3538 1435 3594 ideo
1455 3547 1509 3593 et
1531 3538 1629 3606 ipsi
1657 3535 1879 3591 festina-

292 3653 413 3692 mus
439 3678 454 3703 ,
487 3636 630 3707 quod
678 3644 733 3690 et
778 3635 1094 3689 brevitatem
1144 3641 1199 3687 et
1242 3629 1697 3701 opportunitatem
1737 3637 1875 3681 tem-

293 3726 441 3795 poris
484 3732 818 3794 perspectam
848 3722 1183 3778 habeamus:
1236 3720 1378 3775 unde
1419 3719 1580 3772 etiam
1626 3716 1873 3778 dicebat,

294 3815 606 3887 Adjuvantes
644 3824 814 3868 autem
847 3815 1197 3868 exhortamur.
1236 3811 1570 3882 Adjuvantes,
1599 3822 1697 3863 vos
1724 3807 1875 3862 scili-

293 3915 412 3961 cet:
442 3920 541 3960 vos
585 3906 726 3960 enim
779 3905 991 3975 potius,
1021 3919 1177 3974 quam
1227 3906 1392 3959 Deum
1431 3917 1532 3972 pro
1577 3915 1684 3970 quo
1728 3900 1876 3968 lega-

294 3998 457 4052 tionis
498 4012 694 4053 munus
734 3997 975 4060 obimus,
1003 3995 1335 4064 adjuvamus.
1393 3994 1510 4063 Ipse
1554 3992 1696 4046 enim
1730 3991 1875 4045 nulla

293 4105 353 4145 re
380 4087 620 4160 indiget,
650 4105 835 4145 verum
867 4088 1010 4143 salus
1054 4089 1230 4143 omnis
1259 4087 1326 4141 ad
1355 4100 1453 4141 vos
1484 4092 1744 4154 permeat.
1777 4083 1874 4138 At-

290 4194 396 4250 que
423 4180 670 4234 utetiam
704 4180 797 4234 Dei
842 4178 1146 4249 adjutorem
1192 4192 1253 4234 se
1293 4192 1415 4231 esse
1443 4176 1613 4239 dicat,
1659 4189 1729 4229 ne
1774 4173 1877 4227 hoc

290 4270 505 4338 quidem
529 4270 620 4325 ille
646 4269 892 4340 repudiat
920 4288 933 4325 :
961 4285 1083 4323 nam
1111 4277 1165 4324 et
1190 4268 1297 4323 alio
1327 4267 1447 4322 loco
1472 4266 1636 4331 dicit,
1662 4265 1758 4319 Dei
1778 4264 1879 4317 ad-

292 4361 483 4428 iutores
512 4375 685 4414 sumus
717 4360 798 4432 (i.
826 4356 951 4412 (’or.
975 4361 1031 4415 5.
1058 4358 1155 4430 9).
1189 4362 1363 4428 Atque
1391 4357 1493 4412 hac
1536 4357 1743 4411 ratione
1773 4356 1878 4408 lto-

291 4450 469 4504 mines
496 4463 710 4503 rursum
741 4450 969 4504 salutem
992 4448 1267 4516 impertire
1290 4449 1402 4503 ait:
1429 4447 1500 4501 Et
1525 4448 1873 4502 exhortamur.

292 4542 389 4597 llle
429 4543 626 4612 quippe
651 4556 774 4596 cum
821 4541 1162 4603 exhortatur,
1193 4556 1301 4594 non
1345 4541 1661 4610 simpliciter
1681 4541 1879 4596 exhor-

292 4644 470 4700 tatur,
503 4634 599 4689 sed
628 4634 724 4688 has
747 4633 1162 4703 justiﬁcationes
1189 4632 1382 4697 affert;
1412 4633 1551 4703 quod
1578 4634 1782 4702 justum
1814 4635 1878 4688 il-

292 4727 400 4781 lum
434 4725 663 4791 Filium,
691 4725 782 4796 qui
804 4740 872 4779 ne
903 4734 1179 4794 peccatum
1205 4724 1419 4794 quidem
1452 4731 1669 4790 nosset,
1704 4726 1876 4780 dona-

290 4821 464 4886 verit,
513 4829 568 4874 et
616 4834 715 4889 pro
744 4818 899 4874 nobis
941 4815 1311 4887 peccatoribus
1369 4818 1543 4888 ipsum
1594 4830 1872 4888 peccatum

293 4907 510 4975 iecerit,
538 4918 596 4964 ut
639 4924 739 4964 nos
765 4907 896 4979 justi
942 4907 1282 4964 efﬁciamur:
1314 4923 1435 4977 quae
1485 4909 1703 4979 quidem
1753 4923 1874 4963 cum

294 4999 523 5066 habeat,
552 5016 614 5057 ac
641 5002 782 5056 Deus
808 5001 896 5064 sit,
933 5015 1001 5056 ne
1031 5015 1224 5071 rogare
1248 5000 1465 5071 quidem
1486 5016 1609 5057 eum
1638 5009 1874 5071 Oportet,

293 5091 540 5146 homines
553 5093 871 5161 praesertim,
892 5102 947 5147 et
961 5107 989 5145 a
1003 5092 1197 5163 quibus
1213 5091 1448 5148 offensus
1464 5090 1658 5160 fuerat,
1682 5107 1874 5147 verum

293 5182 520 5254 singulis
561 5183 748 5240 diebus
782 5185 994 5255 rogari;
1042 5183 1211 5239 nihilo
1247 5184 1423 5239 secius
1468 5193 1646 5238 tamen
1677 5193 1830 5253 rogat
1859 5199 1873 5236 :

290 5285 346 5332 at
375 5289 502 5339 nos,
531 5289 651 5331 cum
681 5291 964 5347 rogamus,
1016 5277 1220 5332 nullum
1246 5275 1470 5331 omnino
1509 5276 1598 5345 jus
1618 5315 1635 5341 ,
1668 5276 1873 5330 nullum

289 5367 610 5430 beneﬁcium
656 5369 897 5438 proferre
942 5382 1227 5439 possumus
1255 5384 1271 5433 ;
1302 5382 1490 5421 verum
1532 5380 1697 5419 unum
1731 5366 1868 5429 hoc,

290 5461 432 5532 quod
462 5461 595 5525 Dei,
626 5460 717 5530 qui
761 5468 907 5515 tanta
938 5460 1076 5516 bona
1121 5458 1362 5521 dederit,
1394 5456 1612 5511 nomine
1637 5470 1734 5510 vos
1769 5456 1871 5509 ob-

291 5567 586 5608 secramns.
610 5551 967 5607 Obsecramus
993 5565 1175 5620 porro,
1203 5558 1263 5605 ut
1285 5548 1522 5603 oblatum
1546 5548 1869 5603 beneficium

292 5645 564 5716 accipiatis
589 5686 605 5713 ,
634 5660 734 5701 nec
760 5658 954 5700 munus
984 5643 1298 5714 repudietis.
1322 5642 1526 5696 Morem
1558 5641 1741 5711 itaque
1773 5655 1875 5696 no-

293 5733 376 5791 his
409 5737 577 5806 gerite
598 5776 616 5804 ,
641 5750 703 5791 ae
731 5734 908 5791 videte
939 5749 1007 5789 ne
1031 5733 1085 5788 in
1115 5747 1341 5789 vacuum
1372 5732 1604 5804 gratiam
1628 5732 1863 5804 accipia-

1997 681 2084 732 tls.
2113 678 2324 734 Etenim
2350 697 2419 737 ne
2452 683 2525 738 illi
2557 684 2611 739 in
2644 687 2745 741 hoc
2769 703 2873 742 uno
2902 692 3399 752 reconciliationem
3429 699 3581 767 posi-

1995 779 2100 824 tam
2123 786 2244 827 esse
2272 775 2644 831 existimarent
2662 820 2676 841 ,
2709 789 2767 834 ut
2793 782 3002 836 vocanti
3030 780 3189 839 ﬁdem
3216 786 3540 844 adhiberent
3563 831 3581 855 ,

1994 860 2115 916 ideo
2161 863 2275 919 haec
2320 866 2480 921 verba
2511 867 2786 939 adiungit,
2831 872 3026 941 quibus
3070 875 3305 930 studium
3358 878 3410 931 in
3456 878 3580 943 vita:

1994 953 2199 1009 ratione
2228 955 2503 1025 efﬂagitat.
2534 958 2666 1014 Nam
2703 962 2824 1030 qui,
2863 972 3208 1034 posteaquam
3242 969 3481 1036 peccatis
3510 948 3643 1047 lia,“

1993 1044 2210 1100 beratus
2229 1057 2390 1118 atque
2413 1050 2465 1103 in
2492 1052 2784 1107 amicitiam
2812 1066 3064 1126 receptus
3093 1068 3196 1124 est,
3224 1060 3275 1113 in
3307 1062 3575 1130 prioribus
3622 1044 3699 1103 iis

1992 1137 2205 1209 ﬂagitiis
2232 1157 2419 1197 rursus
2442 1144 2744 1212 volutatur,
2780 1147 2825 1201 is
2853 1148 2921 1203 ad
2969 1150 3282 1207 inimicitias
3309 1154 3482 1216 redit:
3514 1173 3580 1212 ac

1994 1229 2220 1300 fruStra,
2252 1245 2507 1304 quantum
2535 1236 2602 1291 ad
2633 1238 2796 1292 vitam
2837 1241 3066 1309 attinet,
3098 1244 3323 1313 gratiam
3365 1245 3460 1302 Dei
3488 1263 3579 1302 ac.

1993 1325 2155 1393 cepit.

2067 1413 2244 1469 Gratia
2272 1434 2372 1471 non
2402 1420 2614 1474 multum
2639 1422 2785 1492 juvat
2811 1424 2881 1476 ad
2910 1425 3123 1479 salutem
3148 1469 3162 1492 ,
3194 1429 3239 1481 si
3265 1429 3464 1499 impure
3506 1435 3582 1487 ui-

1991 1524 2187 1562 uamus.
2212 1511 2482 1581 —Neque
2509 1518 2649 1567 enim
2676 1531 2923 1585 magnum
2952 1518 3226 1588 quidpiam
3250 1521 3318 1576 ad
3347 1523 3575 1579 salutem

1991 1599 2145 1653 nobis
2176 1600 2329 1656 affert
2353 1607 2521 1673 gratia
2543 1648 2558 1670 ,
2593 1607 2637 1661 si
2682 1608 2890 1676 impure
2917 1610 3164 1667 vivamus
3191 1631 3204 1666 :
3239 1615 3365 1683 quin
3399 1618 3577 1686 potius

1991 1689 2370 1748 detrimentum
2400 1695 2451 1750 in
2482 1712 2578 1751 nos
2608 1701 2855 1765 accersit,
2878 1702 3253 1759 vehementius
3291 1707 3346 1760 in
3376 1724 3574 1777 pecca-

1992 1783 2059 1836 tis
2101 1796 2384 1853 gravatos,
2419 1789 2592 1858 utqui
2640 1799 2765 1859 post
2809 1792 3073 1861 ejusmodi
3120 1798 3482 1866 cognitionem
3513 1815 3579 1855 ac

1988 1875 2305 1931 beneﬁcium
2349 1880 2415 1933 ad
2459 1881 2640 1949 priora
2673 1883 2798 1937 vitia
2837 1900 2937 1939 nos
2980 1886 3125 1955 ipsos
3159 1889 3474 1945 referamus.
3508 1894 3579 1946 At

1987 1965 2223 2020 nondum
2257 1967 2357 2023 hoc
2386 1973 2559 2039 ponit,
2590 1987 2657 2027 ne
2686 1974 2969 2028 molestam
2993 1985 3153 2046 atque
3180 1993 3422 2048 asperam
3455 1995 3583 2035 ora-

1988 2057 2185 2113 tionem
2216 2059 2407 2115 reddat
2438 2079 2451 2114 :
2482 2061 2584 2117 hoc
2610 2064 2784 2118 solmn
2814 2064 2962 2130 dicit,
2997 2069 3195 2121 nullam
3231 2069 3354 2124 hinc
3380 2070 3446 2124 ad
3477 2086 3580 2125 nos

1986 2150 2271 2206 utilitatem
2304 2152 2505 2208 redire.
2550 2154 2754 2210 Deinde
2793 2156 3091 2227 prophetia:
3122 2174 3336 2230 quoque
3367 2177 3582 2216 memo-

1986 2241 2118 2295 riam
2165 2242 2416 2309 rel‘ricat,
2463 2260 2572 2314 quo
2602 2261 2790 2301 eorum
2840 2249 3050 2304 animos
3079 2249 3146 2304 ad
3180 2254 3575 2320 capessendum

1985 2334 2175 2390 salutis
2214 2336 2449 2393 studium
2493 2339 2735 2408 impellat
2776 2349 2831 2396 et
2859 2353 3068 2412 urgeat.
3103 2344 3188 2396 Ait
3215 2346 3350 2398 enim
3377 2363 3396 2399 :
3424 2346 3587 2402 Tem-

1983 2446 2106 2499 pore
2144 2418 2352 2501 accepto
2395 2432 2630 2486 exaudiui
2661 2443 2709 2489 te
2731 2476 2746 2498 ,
2778 2445 2826 2488 et
2854 2438 2907 2490 in
2936 2437 3020 2491 die
3058 2438 3238 2491 salutis
3289 2442 3576 2499 auxiliata:

1986 2538 2097 2575 sum
2125 2523 2232 2576 tibi.
2260 2522 2395 2578 Ecce
2420 2541 2555 2578 nunc
2586 2536 2780 2596 tempus
2806 2529 3130 2598 acceptabile,
3167 2547 3280 2584 ecce
3309 2549 3439 2586 nunc
3462 2522 3593 2590 dies,

1983 2611 2183 2667 salutis.
2216 2612 2451 2685 Tempus
2500 2618 2834 2686 acceptabile
2861 2636 2875 2672 :
2908 2620 3176 2690 quodnam
3204 2622 3388 2678 istud?
3414 2625 3580 2681 Tem-

1983 2719 2084 2775 pus
2107 2706 2359 2764 videlicet
2389 2709 2634 2766 beneﬁcii
2673 2722 2723 2768 et
2751 2714 2939 2783 gratiae
2964 2755 2980 2780 ,
3012 2716 3064 2770 in
3106 2732 3212 2785 quo
3242 2718 3309 2772 de
3335 2722 3574 2789 peccatis

1981 2797 2234 2852 admissis
2263 2800 2499 2855 rationes
2530 2818 2635 2856 non
2679 2815 3049 2872 exposcuntur
3090 2822 3189 2862 nec
3218 2823 3393 2878 pmna:
3431 2824 3571 2879 peu-

1982 2888 2213 2958 duntur,
2243 2892 2295 2946 in
2322 2908 2430 2964 quo
2472 2910 2572 2948 una
2618 2912 2740 2952 cum
2789 2900 3228 2956 reconciliatione
3274 2902 3573 2959 innumeris

1982 2996 2195 3051 quoque
2222 2984 2377 3039 bonis
2421 2983 2648 3042 fruimur
2667 3028 2682 3052 ,
2724 2988 2928 3057 justitia
2957 2991 3208 3046 nimirum
3231 3032 3246 3055 ,
3278 2996 3576 3050 sanctiﬁca-

1986 3071 2128 3127 tione
2149 3116 2164 3139 ,
2194 3074 2420 3147 aliisque
2449 3079 2719 3133 omnibus.
2747 3078 2988 3147 Quantos
3020 3083 3164 3137 enim
3194 3082 3409 3140 labores
3452 3101 3574 3141 sus-

1982 3164 2165 3236 cipere
2192 3181 2288 3235 par
2315 3177 2454 3230 erat.
2482 3178 2540 3224 ut
2566 3170 2704 3225 hanc
2728 3173 3069 3228 occasionem
3096 3175 3574 3232 nancisceremur?

1982 3266 2038 3310 at
2061 3271 2189 3313 ecce
2209 3298 2225 3325 ,
2255 3260 2406 3313 nullo
2438 3276 2466 3313 a
2501 3262 2660 3317 nobis
2687 3273 2941 3333 suscepto
2973 3264 3186 3332 labore,
3236 3267 3422 3334 adest,
3452 3285 3574 3324 om-

1983 3349 2128 3402 nium
2156 3359 2280 3405 ante
2309 3350 2669 3406 admissurum
2703 3354 2916 3408 veniam
2957 3355 3209 3411 aﬁ'erens.
3241 3358 3320 3413 Ac
3346 3359 3573 3427 proinde

1982 3442 2312 3510 acceptabile
2340 3443 2445 3498 hoc
2474 3455 2683 3515 tempus
2714 3455 2902 3511 vocat,
2934 3448 3185 3516 quoniam
3215 3463 3312 3504 eos
3334 3465 3566 3520 quoque,

1983 3533 2071 3600 qui
2105 3533 2401 3588 innumeris
2433 3536 2729 3590 sceleribus
2758 3552 2879 3592 sese
2909 3538 3311 3594 obstrinxerant
3330 3583 3345 3605 ,
3375 3542 3570 3596 admit-

1984 3622 2164 3688 tebat,
2221 3638 2321 3678 nec
2370 3633 2575 3679 tantmu
2634 3625 2987 3695 admittebat,
3041 3630 3134 3684 sed
3181 3630 3247 3685 ad
3298 3647 3571 3688 summum

1983 3713 2143 3767 etiam
2173 3714 2393 3769 honoris
2419 3718 2644 3786 gradum
2673 3718 3006 3775 subvehebat
3031 3740 3045 3775 :
3091 3737 3197 3776 non
3226 3737 3383 3779 secus
3408 3734 3572 3795 atque

1984 3805 2300 3860 adveniente
2346 3822 2473 3876 rege
2509 3808 2692 3876 judicii
2728 3819 2940 3881 tempus
2968 3827 3074 3866 non
3105 3823 3223 3879 est,
3253 3815 3346 3869 sed
3384 3816 3571 3884 gratia:

1983 3910 2046 3949 ac
2101 3896 2310 3951 salutis.
2335 3895 2415 3951 Ob
2463 3913 2582 3952 eam
2632 3914 2847 3953 Causam
2901 3903 3231 3971 acceptabile
3277 3905 3377 3959 hoc
3433 3913 3571 3960 temo

1985 4003 2083 4056 pus
2109 3997 2290 4053 vocat,
2326 3991 2580 4060 quamdiu
2612 3991 2789 4048 adhuc
2832 3994 2882 4046 iu
2927 4004 3225 4050 scammate
3250 4010 3566 4066 versamur,

1984 4079 2236 4146 quamdiu
2259 4079 2433 4135 adhuc
2461 4082 2512 4136 in
2535 4084 2830 4139 excolenda
2853 4092 3006 4140 vinea
3031 4102 3250 4157 operam
3275 4093 3531 4146 navamus
3552 4132 3569 4159 ,

1985 4171 2237 4240 quamdiu
2267 4171 2547 4227 undecima
2579 4173 2709 4228 hora
2738 4186 3005 4246 superest.

2040 4263 2095 4317 2.
2122 4263 2479 4328 Accedamus,
2504 4281 2568 4321 ac
2585 4267 2751 4321 vitam
2773 4280 3009 4323 nostram
3032 4278 3178 4326 recte
3197 4272 3568 4329 instituamus:

1987 4356 2035 4408 id
2064 4357 2205 4410 enim
2239 4355 2394 4412 facile
2436 4371 2539 4414 est.
2572 4359 2704 4414 Nam
2735 4362 2824 4430 qui
2851 4378 2917 4416 eo
2951 4372 3193 4433 tempore
3221 4377 3426 4434 certat,
3458 4385 3569 4439 quo

1987 4456 2192 4503 tantum
2223 4448 2547 4505 beneﬁcium
2578 4465 2640 4505 ac
2688 4460 2830 4506 tanta
2875 4456 3045 4522 gratia
3090 4454 3256 4510 effusa
3287 4468 3406 4523 est,
3449 4461 3568 4529 pal—

1986 4553 2126 4592 mam
2158 4539 2298 4595 facili
2328 4542 2547 4611 negotio
2574 4552 2955 4610 consequetur.
2992 4544 3204 4600 Etenim
3234 4550 3372 4618 apud
3404 4559 3575 4606 terre-

1985 4646 2083 4686 nos
2109 4648 2323 4703 quoque
2364 4634 2720 4704 imperatores
2741 4675 2757 4701 ,
2793 4650 2914 4691 cum
2946 4637 3065 4691 festi
3093 4654 3280 4692 eorum
3313 4641 3429 4695 dies
3455 4645 3570 4713 agis

1988 4731 2187 4790 tantur,
2211 4735 2372 4795 atque
2397 4725 2449 4779 in
2477 4727 2744 4781 consulari
2772 4727 2958 4783 habitu
2986 4741 3303 4796 cernuntur,
3333 4733 3379 4787 is
3407 4736 3569 4791 etiam

1982 4813 2072 4882 qui
2099 4815 2347 4884 exiguum
2377 4830 2572 4870 munus
2598 4815 2789 4881 offert,
2838 4819 3045 4887 magnis
3090 4819 3247 4874 donis
3293 4821 3571 4891 afﬁcitur;

1984 4904 2050 4959 iis
2075 4913 2252 4959 autem
2282 4905 2491 4972 diebus,
2522 4909 2677 4977 queis
2696 4908 2896 4977 judicis
2926 4925 3120 4966 munus
3148 4923 3423 4980 exercent,
3453 4932 3574 4970 ma-

1982 5013 2084 5067 gua
2129 4999 2404 5069 diligentia
2437 5015 2739 5072 magnoque
2768 4996 3017 5058 examine
3044 5019 3180 5074 opus
3218 5014 3321 5062 est.
3354 5007 3443 5064 Sic
3467 5024 3572 5065 nos

1980 5091 2142 5143 etiam
2195 5090 2352 5161 hujus
2406 5090 2652 5147 beneﬁcii
2706 5100 2949 5163 tempore
3009 5096 3394 5153 decertemus:
3454 5101 3572 5158 dies

1981 5182 2167 5251 gratia:
2196 5194 2280 5238 est
2303 5224 2318 5249 ,
2349 5182 2545 5239 divina:
2576 5184 2792 5254 inquam
2820 5187 3030 5256 gratiae,
3061 5189 3204 5245 unde
3227 5192 3390 5246 etiam
3418 5193 3575 5250 facile

1983 5285 2212 5326 coronas
2267 5273 2649 5343 adipisccmur.
2681 5275 2814 5331 Nam
2846 5277 2932 5341 si,
2965 5294 3085 5333 cum
3118 5289 3194 5334 tot
3223 5282 3368 5337 vitiis
3397 5295 3574 5342 scate-

1981 5378 2166 5436 remus
2187 5407 2200 5430 ,
2231 5375 2286 5419 et
2310 5366 2529 5421 admisit
2553 5382 2657 5422 nos
2681 5377 2736 5422 et
2776 5369 2841 5423 iis
2872 5369 3156 5436 liberavit;
3203 5375 3453 5429 omnibus
3480 5393 3574 5431 so.

1985 5456 2124 5511 lutos
2144 5500 2159 5523 ,
2207 5474 2375 5529 caque
2407 5476 2525 5529 qua:
2574 5462 2747 5517 nostri
2795 5465 3035 5519 muneris
3061 5475 3188 5520 sunt
3213 5477 3532 5537 praestantes
3558 5514 3573 5535 ,

1983 5563 2160 5605 annon
2190 5552 2361 5607 multo
2389 5553 2560 5624 magis
2590 5552 2928 5611 admissurus
2977 5557 3098 5611 est?
3129 5557 3319 5613 Postea
3348 5561 3398 5613 id
3432 5561 3574 5628 quod

1986 5651 2243 5712 perpetuo
2270 5643 2430 5712 facit,
2458 5655 2516 5701 ut
2546 5647 2783 5718 seipsum
2817 5649 2870 5703 in
2905 5649 3139 5705 medium
3174 5659 3466 5720 proponat,
3496 5664 3575 5708 at-

1983 5748 2088 5804 que
2110 5735 2233 5790 hinc
2253 5738 2554 5808 exemplum
2582 5754 2795 5797 sumere
2811 5740 3016 5812 iubeat,
3046 5741 3139 5798 hic
3165 5756 3379 5813 quoque
3402 5743 3563 5798 facit:
