4068 6420
569 379 673 432 ΗΞ

573 471 719 525 unde
745 469 908 526 etiam
940 464 1240 536 subjungit,
1275 463 1328 516 3.
1365 459 1574 515 Nemini
1601 460 1778 512 dantes
1805 457 1968 510 ultam
1996 452 2160 521 ofen-

480 628 492 637 _
569 563 782 626 sionem,
811 572 868 614 ut
899 576 1000 614 non
1044 557 1351 626 vituperetur
1393 551 1732 606 ministerium
1759 559 2011 603 nostrum.
2041 544 2160 599 Non

573 651 733 706 modo
761 665 793 706 a
838 660 1100 719 tempore,
1131 645 1226 702 sed
1270 645 1432 700 etiam
1461 643 1531 698 ab
1560 642 1628 696 iis
1647 682 1664 708 ,
1696 641 1785 708 qui
1817 639 2074 709 przeclare
2101 651 2164 692 se

567 752 867 813 gesserunt,
899 755 995 804 eos
1021 751 1341 809 permovere
1365 733 1570 790 studet.
1597 735 1676 788 Ac
1703 732 1828 785 vide
1853 743 2016 799 quam
2043 727 2163 780 sine

570 835 708 889 fastu
751 842 910 903 atque
955 831 1261 901 arrogantia
1295 846 1308 883 :
1355 844 1463 883 non
1491 827 1635 882 enim
1666 825 1838 890 dixit,
1871 819 2160 877 Intuemini

568 927 620 980 in
654 939 788 990 nos,
833 925 957 995 quia
998 923 1130 978 tales
1172 937 1359 978 sumus
1392 939 1407 986 ;
1457 935 1644 976 verum
1673 919 1819 987 prius
1853 929 1975 984 qua:
2003 913 2069 967 ad
2099 926 2160 966 se

567 1025 812 1086 spectant
836 1025 1052 1070 enarrat
1082 1055 1098 1080 ,
1145 1023 1204 1069 ut
1233 1029 1446 1070 onmem
1483 1008 1916 1082 reprehensionis
1941 1020 2159 1060 causam

565 1107 903 1165 submoveat.
935 1108 1012 1162 Ac
1057 1104 1166 1162 duo
1192 1105 1388 1161 eximia
1433 1101 1794 1158 immaculata:
1827 1100 1950 1154 vita:
1994 1111 2158 1166 argu-

569 1210 750 1256 menta
800 1201 982 1269 ponit,
1032 1199 1162 1254 dum
1211 1199 1326 1263 ait,
1371 1196 1579 1251 Nemini
1610 1195 1791 1248 dantes
1821 1192 1982 1246 ullam
2008 1205 2027 1245 :
2057 1204 2160 1244 nec

566 1294 702 1348 dixit
739 1296 1143 1347 accusationem
1167 1333 1181 1356 ,
1215 1290 1344 1356 sed,
1377 1288 1520 1360 quod
1577 1287 1736 1356 longe
1780 1283 1956 1339 minus
2002 1290 2156 1347 erat,

570 1384 956 1452 ()ffensioncm;
987 1399 1050 1437 ac
1081 1384 1124 1437 si
1155 1381 1392 1444 diceret,
1425 1375 1865 1448 reprehensionis
1895 1381 1950 1428 et
1977 1371 2160 1442 queri-

568 1476 764 1531 monia:
797 1478 973 1531 locum
1009 1475 1140 1529 nulli
1169 1474 1377 1527 dantes.
1415 1469 1482 1525 Ut
1530 1486 1632 1522 non
1670 1468 1982 1538 vituperetur
2007 1463 2158 1517 mini-

567 1573 778 1626 sterium
808 1580 1058 1624 nostrum.
1095 1569 1207 1623 lloc
1246 1577 1348 1630 est,
1380 1580 1449 1620 nc
1486 1565 1606 1634 quis
1645 1560 1772 1614 illud
1803 1566 2009 1629 carpat.
2050 1555 2160 1613 Nec

566 1676 753 1715 rursus
777 1660 932 1724 dixit,
967 1659 1036 1715 Ut
1063 1675 1166 1712 non
1197 1665 1503 1718 accusvtur,
1535 1653 1653 1716 sed,
1687 1652 1749 1709 Ut
1780 1668 1850 1707 ne
1880 1648 2155 1706 levissima

565 1755 780 1824 quidem
810 1754 861 1808 in
884 1769 950 1808 eo
976 1753 1132 1823 culpa
1153 1751 1386 1815 haereat,
1418 1763 1519 1804 nec
1548 1747 1812 1818 quispiam
1838 1745 1910 1799 sit
1929 1743 2021 1814 qui
2048 1742 2160 1797 ulla

566 1845 620 1898 in
652 1861 712 1901 re
739 1844 870 1900 illud
902 1844 1156 1900 insectari
1201 1853 1380 1913 queat.
1415 1842 1467 1896 4.
1501 1840 1608 1894 Sed
1636 1839 1689 1892 in
1734 1836 1964 1892 omnibus
2015 1834 2159 1889 exhi-

564 1935 734 1990 bentes
779 1937 1111 2004 nosmetipsos
1152 1935 1282 1989 sicut
1325 1931 1422 1987 Dei
1480 1929 1757 1984 ministros.
1811 1926 1927 1982 Hoc
1987 1925 2158 1980 multo

564 2032 740 2099 majus
768 2039 871 2084 est.
902 2027 1086 2097 Neque
1117 2026 1261 2082 enim
1293 2025 1344 2078 in
1377 2023 1492 2094 pari
1522 2021 1677 2076 laude
1702 2017 2008 2088 ponendum
2039 2025 2154 2080 est,

565 2119 995 2194 reprehensione
1050 2131 1246 2172 vacare
1267 2157 1282 2180 ,
1327 2125 1488 2184 atque
1518 2114 1588 2168 ita
1633 2127 1692 2168 se
1718 2124 2034 2180 comparare
2056 2149 2071 2172 ,
2102 2117 2156 2160 ut

565 2213 804 2284 undique
827 2211 1168 2282 perspicuum
1199 2208 1288 2270 sit,
1317 2221 1413 2261 eos
1441 2205 1536 2260 Dei
1561 2203 1838 2258 ministros
1857 2213 1978 2256 esse
2004 2217 2017 2252 :
2048 2213 2156 2252 non

563 2288 712 2362 enim
737 2305 880 2374 paris
901 2302 1069 2357 laudis
1090 2310 1203 2366 est,
1231 2315 1261 2356 a
1285 2297 1708 2368 reprehensione
1739 2294 1966 2349 liberum
1994 2305 2116 2347 esse
2134 2330 2153 2354 .

563 2408 621 2454 et
663 2395 880 2454 laudum
929 2391 1263 2449 ornamentis
1308 2388 1602 2444 abundare.
1633 2384 1743 2440 Nec
1771 2385 1937 2447 dixit,
1973 2387 2156 2452 Appa-

563 2499 780 2552 rentcs,
838 2485 931 2539 sed
993 2483 1328 2546 Exhibentcs,
1379 2479 1481 2533 hoc
1527 2488 1648 2543 est,
1700 2476 2152 2531 demonstrantes.

567 2582 770 2638 Deinde
789 2579 929 2634 unde
949 2581 1081 2632 tales
1099 2575 1271 2632 effecti
1291 2574 1401 2629 sint
1415 2571 1656 2642 exponit.
1671 2569 1949 2626 Undenam
1969 2567 2157 2638 igitur?

565 2676 634 2730 In
682 2674 844 2728 multa
893 2671 1135 2743 patientia
1157 2711 1173 2736 ,
1225 2667 1418 2738 inquit.
1450 2663 1658 2733 Quibus
1681 2661 1860 2717 verbis
1889 2661 2154 2716 bonorum

563 2747 802 2824 nomium
835 2765 1240 2822 fundamentum
1285 2759 1482 2831 posuit.
1531 2757 1656 2813 Ideo
1686 2770 1792 2811 non
1837 2752 2156 2825 simpliciter

565 2861 878 2932 patientiam
936 2857 1110 2922 dixit,
1156 2853 1251 2910 sed
1283 2852 1505 2908 multam
1555 2848 1735 2915 addit,
1766 2856 1824 2901 ut
1870 2845 2013 2902 illius
2043 2859 2158 2898 ma-

563 2952 896 3024 gnitudinem
955 2947 1276 3002 declararet.
1333 2943 1507 2999 Unam
1559 2949 1650 2995 aut
1695 2939 1916 2994 alteram
1968 2936 2156 2990 tulisse

571 3043 919 3098 tentationem
947 3053 1053 3094 non
1081 3051 1332 3106 magnum
1358 3043 1532 3097 esset;
1565 3030 1659 3086 sed
1685 3031 1775 3085 ille
1803 3028 2154 3084 tentationem

565 3153 666 3191 ceu
710 3133 935 3190 imbrem
965 3129 1207 3194 inducit,
1252 3126 1472 3188 dicens,
1508 3123 1573 3177 In
1619 3121 2057 3186 tribulationibus,
2102 3119 2156 3172 in

567 3225 968 3283 necessitatibus.
1001 3223 1112 3278 lloc
1143 3219 1491 3273 afllictionum
1514 3223 1859 3286 augmentum
1886 3221 2005 3279 est,
2031 3227 2156 3268 cum

567 3321 707 3376 mala
748 3317 904 3372 vitari
952 3321 1246 3383 nequeunt,
1277 3327 1342 3366 ac
1371 3310 1522 3365 velut
1569 3307 1864 3362 necessitas
1909 3305 2156 3376 quaedam

565 3411 920 3468 acerbitatum
952 3405 1236 3469 incumbit,
1262 3419 1326 3458 ex
1355 3417 1459 3473 qua
1493 3401 1577 3454 vix
1608 3410 1658 3455 te
1684 3393 1942 3468 expedire
1968 3410 2153 3467 queas.

567 3505 634 3561 In
657 3501 925 3574 angustiis.
953 3496 1136 3553 Famis
1167 3495 1371 3550 scilicet
1395 3493 1731 3561 aliarumque
1758 3503 1940 3544 rerum
1968 3501 2157 3542 neces-

567 3597 830 3653 sariarum
849 3633 865 3658 ,
897 3591 981 3646 vel
1011 3587 1328 3659 simpliciter
1357 3583 1736 3640 tentationum.
1770 3582 1823 3637 5.
1857 3578 1924 3634 In
1951 3580 2118 3651 plagis
2137 3619 2153 3644 ,

565 3693 620 3744 in
647 3687 932 3743 carceribus
951 3725 966 3751 ,
993 3684 1048 3739 in
1074 3680 1430 3737 seditionibus.
1462 3675 1625 3746 Atqui
1655 3673 1933 3745 quodlibet
1963 3672 2154 3726 horum

567 3783 653 3837 vel
679 3781 851 3836 solum
875 3773 1213 3832 intolerabile
1239 3779 1392 3836 erat,
1419 3777 1475 3824 et
1498 3767 1679 3838 ﬂagris
1698 3764 1831 3820 caedi
1857 3763 2032 3819 solum
2053 3804 2070 3828 ,
2098 3771 2155 3817 et

566 3872 757 3927 vinciri
785 3869 981 3932 solum,
1013 3876 1069 3921 et
1095 3865 1311 3934 pulsum
1338 3874 1602 3931 nusquam
1629 3857 1929 3912 consistere
1955 3867 2115 3925 posse
2139 3871 2153 3908 :

570 3966 676 4020 hoc
700 3964 846 4019 enint
889 3956 1154 4030 significat
1173 3996 1190 4022 ,
1222 3951 1291 4007 In
1334 3950 1689 4006 seditionibus.
1717 3949 1788 4002 At
1815 3961 1938 4002 cum
1965 3955 2021 4001 et
2042 3943 2159 4000 hac

567 4055 750 4112 omnia
774 4061 830 4108 et
855 4049 1015 4105 simul
1047 4049 1301 4118 ingruunt
1321 4085 1336 4110 ,
1380 4042 1556 4112 cogita
1586 4054 1748 4111 quam
1797 4037 2012 4093 ﬁrmum
2042 4037 2160 4091 ani-

572 4165 720 4207 mum
748 4145 1042 4217 requirant.
1074 4141 1339 4211 Deinceps
1376 4153 1481 4193 una
1522 4151 1647 4192 cum
1673 4135 1912 4191 externis
1940 4146 2037 4188 sua
2065 4145 2157 4186 re-

571 4250 759 4298 censet
791 4259 804 4296 :
859 4236 927 4292 In
973 4235 1259 4298 laboribus,
1303 4232 1358 4285 in
1386 4229 1574 4301 vigiliis
1595 4268 1610 4293 ,
1640 4229 1694 4282 in
1731 4225 1983 4298 jejuniis,
2015 4223 2072 4278 6.
2104 4222 2159 4276 in

572 4335 822 4390 castitate.
867 4327 964 4384 llis
1007 4325 1186 4381 verbis
1229 4334 1500 4378 terumnas
1525 4332 1619 4373 eas
1651 4317 1859 4380 innuit,
1893 4330 2026 4385 quas
2056 4312 2160 4367 huc

538 4462 546 4469 -
569 4437 731 4496 atque
759 4423 885 4477 illuc
905 4415 1170 4474 cursando
1191 4428 1254 4468 ac
1271 4412 1470 4467 victum
1487 4408 1587 4465 sibi
1610 4409 1855 4464 manibus
1869 4405 2160 4479 quaerendo

575 4513 887 4574 cxantlabat
907 4552 920 4574 ,
948 4518 1243 4577 noctesque
1273 4519 1405 4575 quas
1432 4504 1485 4558 in
1514 4500 1760 4558 docendo
1779 4502 1863 4555 vel
1889 4499 2050 4555 etiam
2079 4497 2160 4553 la-

573 4605 816 4663 borando
866 4599 1202 4658 c0nterebat.
1250 4595 1331 4651 Ad
1385 4595 1500 4650 hate
1541 4594 1702 4650 etiam
1755 4607 1855 4647 nec
1893 4591 2160 4662 jejunium

581 4697 886 4754 omittebat,
928 4690 1141 4745 tametsi
1183 4689 1273 4742 illa
1324 4686 1472 4742 mille
1497 4685 1823 4756 jejuniorum
1871 4683 2038 4737 instar
2068 4697 2160 4736 es-

577 4797 719 4845 sent.
754 4787 855 4842 Per
883 4782 1182 4838 castitatem
1215 4792 1399 4834 rursus
1450 4777 1553 4833 hoc
1578 4777 1700 4832 loco
1734 4776 1821 4831 vel
1850 4774 2158 4844 pudicitiam

579 4879 866 4948 intelligit,
896 4876 981 4930 vel
1009 4874 1060 4928 iu
1090 4871 1335 4926 omnibus
1362 4869 1526 4926 rebus
1553 4869 1837 4940 puritatem
1855 4908 1872 4935 ,
1904 4867 1990 4922 vel
2016 4867 2162 4938 quod

581 4973 892 5028 muneribus
941 4967 1164 5036 abiectis
1211 4964 1379 5037 gratis
1425 4961 1768 5032 evangelium
1817 4961 2158 5030 praedicaret.

580 5067 650 5122 In
673 5064 900 5118 scientia.
933 5059 1067 5131 Quid
1098 5070 1216 5124 est,
1241 5055 1308 5112 In
1335 5055 1590 5112 scientia?
1620 5053 1678 5111 lu
1705 5054 1967 5124 sapientia
1993 5069 2023 5110 a
2054 5054 2162 5108 Deo

579 5170 872 5219 concessa,
919 5168 1039 5222 qua:
1086 5164 1211 5206 vera
1259 5147 1484 5204 scicntia
1514 5154 1639 5202 est:
1688 5160 1794 5199 non
1824 5154 1883 5200 ut
1927 5145 2040 5212 illi,
2071 5148 2162 5216 qui

579 5247 853 5316 sapientes
878 5245 1146 5308 videntur,
1171 5255 1236 5295 ac
1253 5241 1322 5296 de
1343 5248 1567 5294 externa
1590 5237 1814 5292 scientia
1837 5237 2159 5306 gloriantur,

583 5341 686 5396 hac
705 5356 831 5396 vero
855 5337 1095 5394 destituti
1115 5343 1260 5390 sunt.
1291 5332 1355 5386 In
1379 5333 1782 5402 longanimitate,
1808 5331 1860 5386 in
1889 5332 2160 5386 suavitate.

585 5433 712 5487 llzec
736 5445 948 5502 quoque
978 5441 1230 5498 perquam
1272 5425 1516 5495 generosi
1544 5424 1708 5478 animi
1741 5432 1903 5489 sunt,
1933 5437 2160 5492 nempe,

583 5540 706 5580 cum
735 5522 968 5592 undique
999 5518 1306 5591 provoceris
1349 5531 1412 5572 ac
1455 5517 1744 5586 pungaris,
1773 5531 1930 5588 tequo
1978 5517 2162 5571 animo

583 5618 729 5673 ferre
758 5615 957 5670 omnia.
985 5612 1118 5666 Tum
1143 5619 1322 5665 autem
1351 5607 1680 5674 ostendens,
1707 5608 1850 5664 unde
1877 5607 1999 5663 talis
2028 5607 2162 5664 eﬂ'e-

587 5717 706 5762 ctus
733 5707 838 5771 sit,
882 5701 1180 5771 subjunxit,
1215 5699 1281 5754 In
1325 5699 1527 5770 Spiritu
1554 5709 1750 5755 sancto.
1780 5698 1837 5753 In
1877 5700 1997 5770 ipso
2020 5702 2166 5756 enim

583 5796 762 5852 omnia
792 5794 907 5851 htec
933 5792 1332 5862 consequimur.
1357 5795 1428 5846 At
1452 5789 1570 5846 vide
1598 5790 1941 5860 quandonam
1986 5790 2163 5862 Spiri-

1313 344 1371 400 S.
1410 343 1688 401 JOANNIS
1724 335 2208 398 CIIRYSOSTOMI
2247 336 2560 392 ARCIIIEP.
2603 335 3140 398 CONSTANTINOP.

3745 353 3840 412 ιει

2271 461 2356 508 tus
2380 455 2552 508 sancti
2581 455 2839 508 auxilium
2869 457 3083 526 posuit:
3118 469 3394 530 postquam
3425 479 3620 536 nempe
3646 481 3746 523 sua
3767 487 3849 529 os-

2269 544 2531 599 tenderat.
2561 545 2896 614 Quamquam
2945 548 3076 605 mihi
3106 551 3250 605 aliud
3281 569 3493 624 quoque
3539 556 3626 613 his
3674 562 3850 619 verbis

2268 636 2504 693 indicare
2525 637 2758 694 videtur.
2785 639 3053 708 Quidnam
3084 642 3229 698 hoc?
3257 643 3460 716 Nempe
3483 649 3627 718 quod
3659 653 3848 722 copio—

2267 744 2328 783 so
2359 728 2566 802 Spiritu
2596 731 2837 800 repletus
2861 742 3028 798 esset,
3058 742 3219 804 atque
3246 734 3370 790 hinc
3390 753 3605 810 quoque
3634 739 3848 798 missio-

2275 825 2357 873 nis
2402 835 2516 874 suas
2544 832 2920 892 argumentum
2967 825 3266 894 pra-heret,
3308 831 3432 898 quia
3481 829 3850 900 spiritualibus

2264 909 2449 979 gratiis
2479 911 2710 967 donatus
2757 912 2967 968 fuisset.
3008 913 3142 969 Nam
3182 917 3282 970 etsi
3330 918 3379 971 id
3425 935 3642 990 quoque
3686 925 3847 994 gratia

2264 1010 2411 1066 erat;
2443 1011 2494 1056 at
2522 1006 2638 1072 ipse
2665 1019 2879 1074 quoque
2909 1020 3068 1059 causa
3096 1006 3223 1060 item
3245 1019 3392 1072 erat,
3427 1019 3482 1064 ut
3509 1014 3600 1080 qui
3636 1027 3734 1082 per
3759 1029 3849 1069 sua

2265 1101 2414 1150 recte
2460 1094 2598 1149 facta
2625 1103 2682 1150 et
2726 1095 2953 1150 sudores
2985 1098 3207 1165 gratiam
3256 1101 3586 1156 attraxisset.
3625 1101 3781 1172 Quod
3809 1107 3850 1161 si

2264 1189 2385 1258 quis
2415 1187 2633 1256 insuper
2660 1187 2710 1242 id
2742 1204 2957 1259 quoque
2983 1191 3324 1260 abApostolo
3372 1193 3594 1250 indicari
3625 1207 3850 1253 conten-

2264 1280 2389 1343 dat,
2453 1281 2596 1350 quod
2649 1281 2701 1336 in
2750 1281 3013 1351 spirituali
3059 1285 3220 1338 etiam
3279 1285 3368 1339 illa
3419 1288 3591 1357 gratia
3653 1289 3848 1344 nullam

2263 1371 2577 1426 offensionis
2621 1387 2808 1426 ansam
2841 1372 3081 1440 dederit,
3129 1375 3198 1428 ab
3245 1376 3410 1445 ipsius
3440 1379 3710 1433 sententia
3746 1395 3845 1435 non

2265 1467 2545 1521 aberrarit.
2615 1466 2824 1521 Etenim
2893 1467 3005 1532 illi,
3051 1469 3139 1538 qui
3205 1468 3346 1540 apud
3399 1485 3494 1524 eos
3546 1471 3845 1543 linguarum

2265 1556 2463 1612 donum
2507 1567 2865 1627 acceperant,
2909 1557 3135 1628 ideoque
3175 1560 3539 1630 arrogantiam
3587 1578 3846 1634 concepe-

2264 1657 2426 1715 rant,
2455 1649 2742 1720 vituperati
2771 1659 2930 1705 sunt:
2966 1648 3084 1704 fieri
3114 1651 3256 1704 enim
3288 1663 3499 1725 potest,
3531 1662 3593 1708 ut
3615 1655 3704 1725 qui
3728 1656 3845 1726 spi—

2265 1740 2510 1794 ritualem
2531 1741 2756 1811 gratiam
2784 1741 3075 1811 acceperit,
3108 1757 3170 1796 ea
3199 1758 3302 1796 non
3332 1752 3392 1798 ut
3421 1759 3517 1813 par
3542 1756 3628 1799 est
3652 1753 3841 1801 utatur.

2265 1835 2334 1886 At
2364 1848 2461 1889 nos
2488 1848 2593 1888 non
2626 1834 2735 1896 ita;
2771 1849 2957 1888 verum
2987 1834 3039 1888 in
3067 1834 3257 1904 spiritu
3285 1837 3446 1891 etiam
3469 1879 3484 1902 ,
3515 1837 3622 1892 hoc
3650 1847 3733 1894 est
3752 1882 3766 1906 ,
3795 1841 3842 1894 in

2264 1926 2632 1994 spiritualibus
2656 1927 2866 1998 gratiis,
2893 1927 3149 1999 inculpati
3176 1928 3396 1984 fuimus.
3423 1927 3490 1984 In
3512 1932 3727 1986 caritate
3749 1949 3841 1988 non

2264 2020 2406 2088 ﬁcta.

2332 2111 2386 2164 5.
2417 2109 2540 2164 llaac
2571 2110 2829 2164 bonorum
2867 2109 3107 2164 omnium
3135 2124 3297 2166 causa
3329 2120 3478 2176 erat;
3523 2111 3643 2167 hmc
3685 2111 3833 2168 talem

2263 2205 2435 2275 ipsum
2462 2205 2760 2271 efﬁciebat;
2787 2205 2902 2260 haec
2929 2205 2979 2260 id
3003 2205 3310 2275 praestabat,
3333 2215 3392 2260 ut
3412 2205 3672 2276 Spiritus,
3696 2209 3838 2278 cujus

2262 2311 2365 2366 ope
2402 2296 2582 2352 omnia
2628 2306 2775 2351 recte
2819 2295 3120 2361 efliciebat,
3169 2295 3309 2366 apud
3352 2297 3526 2367 ipsum
3586 2308 3834 2355 maneret.

2263 2389 2318 2443 7.
2350 2387 2416 2443 In
2443 2389 2592 2442 verba
2617 2388 2857 2441 veritatis.
2891 2387 3002 2442 Hoc
3026 2397 3108 2442 est
3131 2427 3148 2453 ,
3200 2385 3342 2458 quod
3371 2387 3690 2459 plerumque
3734 2389 3834 2456 ait,

2263 2495 2370 2535 non
2389 2479 2513 2533 dolo
2541 2489 2831 2534 tractantes
2851 2493 2949 2532 nec
2975 2477 3338 2534 adulterantes
3362 2479 3586 2534 verbum
3618 2480 3705 2534 Dei
3729 2496 3835 2550 per-

2262 2573 2516 2626 stitimus.
2550 2569 2612 2625 In
2643 2571 2822 2625 virtute
2844 2569 2959 2624 Dei.
2996 2570 3146 2638 Quod
3169 2585 3429 2638 nusquam
3463 2587 3570 2626 non
3600 2571 3753 2638 facit,
3781 2583 3833 2628 ut

2261 2663 2393 2718 nihil
2429 2663 2552 2727 sibi,
2584 2662 2679 2718 sed
2708 2662 2817 2716 Deo
2844 2673 3062 2733 accepta
3085 2661 3264 2716 omnia
3293 2663 3509 2726 referat,
3536 2679 3703 2734 eaque
3725 2681 3831 2736 qua:

2261 2771 2383 2810 cum
2422 2755 2575 2810 laude
2605 2755 2833 2825 gesserit
2878 2753 3184 2818 adscribat,
3227 2753 3330 2809 hoc
3375 2757 3537 2810 etiam
3564 2755 3652 2811 hic
3696 2756 3827 2810 fecit.

2261 2850 2523 2915 Quoniam
2548 2849 2692 2903 enim
2721 2862 2909 2917 magna
2935 2845 3178 2916 qumdam
3205 2846 3455 2917 loquutus
3489 2847 3675 2911 fuerat,
3694 2849 3830 2904 dixe-

2264 2951 2452 3012 ratquc
2475 2955 2534 2995 se
2560 2940 2723 2994 vitam
2747 2953 2960 3007 semper
2984 2953 3014 2991 a
3043 2938 3462 3007 reprehensione
3489 2939 3745 3004 alienam,
3771 2954 3827 2993 ac

2261 3050 2528 3090 summam
2571 3032 2966 3103 pluilosnphiam
3007 3031 3352 3100 exhibuisse,
3385 3033 3603 3106 Spiritui
3638 3050 3697 3090 ac
3729 3035 3826 3089 Deo

2264 3130 2380 3184 htec
2416 3128 2677 3184 attribuit.
2705 3126 2890 3196 Neque
2936 3127 3081 3181 enim
3107 3127 3346 3198 vulgaria
3371 3139 3526 3184 erant
3549 3145 3660 3200 quas
3688 3129 3824 3183 dixe-

2264 3231 2364 3277 rat.
2396 3221 2526 3276 Nam
2555 3221 2598 3275 si
2628 3221 2860 3289 quietam
2885 3220 3044 3274 vitam
3076 3221 3254 3290 agenti
3280 3222 3529 3277 virtutem
3554 3223 3749 3292 assequi
3772 3232 3822 3276 et

2266 3311 2792 3384 irreprehensibilem
2841 3326 2962 3366 esse
2994 3309 3210 3368 difﬁcile
3239 3325 3318 3368 est
3343 3355 3358 3379 ,
3391 3314 3513 3368 illud
3544 3324 3702 3368 tecum
3743 3329 3819 3367 re-

2266 3414 2416 3474 puta,
2446 3418 2606 3473 quam
2629 3403 2828 3473 egregii
2859 3403 3021 3457 animi
3042 3405 3108 3457 sit
3132 3444 3148 3470 ,
3179 3413 3256 3458 tot
3282 3404 3640 3460 tentationibus
3667 3417 3814 3455 vexa-

2264 3505 2376 3550 tum
2403 3509 2617 3564 semper
2637 3493 2921 3549 etl'ulsisse.
2949 3494 3106 3560 Atqui
3144 3511 3249 3549 non
3274 3494 3381 3549 haec
3404 3495 3512 3548 sola
3536 3491 3803 3554 sustinuit,

2263 3589 2358 3644 sed
2409 3589 2583 3670 multo
2623 3589 2706 3644 his
2753 3589 2900 3658 plura
2929 3631 2943 3655 ,
2990 3604 3111 3658 qum
3152 3589 3400 3656 deinceps
3440 3595 3716 3642 enumerat.
3756 3581 3810 3636 In

2263 3698 2368 3753 quo
2397 3680 2526 3736 illud
2569 3681 2939 3736 admirandum
2976 3692 3059 3737 est
3081 3721 3098 3748 ,
3148 3697 3254 3736 non
3295 3679 3437 3752 quod
3463 3689 3536 3734 tot
3569 3676 3818 3747 tantisque

2264 3775 2516 3830 ﬂuctibus
2561 3772 3050 3842 irrcprehensibilis
3099 3772 3290 3837 fuerit,
3338 3787 3437 3827 nec
3479 3769 3612 3841 quod
3656 3766 3822 3821 omnia

2263 3867 2388 3923 forti
2412 3867 2592 3922 animo
2633 3865 2932 3934 pertulerit,
2960 3863 3057 3920 sed
3082 3863 3222 3934 quod
3247 3865 3406 3918 etiam
3422 3879 3552 3917 tcum
3576 3860 3825 3930 voluptate

2264 3958 2490 4013 omnia:
2531 3972 2650 4026 qua:
2677 3955 2875 4010 deinde
2905 3954 2990 4010 his
3035 3953 3215 4010 verbis
3260 3954 3517 4008 declarat.
3561 3951 3660 4006 Per
3696 3965 3826 4002 arma

2257 4049 2493 4119 justitite,
2515 4064 2546 4100 a
2568 4047 2759 4100 dextris
2787 4055 2834 4100 et
2857 4061 2890 4098 a
2913 4045 3151 4100 sinistris.
3177 4043 3410 4099 Videsne
3427 4042 3587 4098 animi
3614 4053 3827 4112 praesen-

2268 4142 2393 4196 tiam
2425 4141 2712 4208 lirmosquc
2739 4137 2970 4192 sensus?
2999 4135 3334 4192 Afilictiones
3357 4135 3501 4190 enim
3543 4147 3686 4188 arma
3723 4144 3829 4184 esse

2265 4232 2539 4299 ostendit,
2576 4247 2696 4302 qua:
2739 4245 2849 4284 non
2888 4228 3050 4284 modo
3085 4245 3191 4285 non
3231 4227 3524 4298 dejiciant,
3566 4225 3660 4282 sed
3685 4225 3829 4280 etiam

2268 4325 2511 4379 muniant
2555 4337 2619 4377 ac
2665 4321 2929 4376 firmiores
2975 4319 3230 4375 efficiant.
3286 4317 3513 4374 Sinistra
3567 4326 3738 4372 autem
3777 4330 3832 4368 ea

2266 4423 2443 4479 vocat,
2471 4429 2590 4484 quae
2620 4412 2880 4468 molestia:
2904 4409 3137 4480 speciem
3167 4409 3365 4464 habent
3395 4425 3411 4463 :
3441 4424 3566 4464 nam
3591 4405 3832 4478 ejusmodi

2259 4515 2396 4562 sunt
2429 4519 2525 4569 ea,
2551 4519 2671 4573 quae
2712 4502 3015 4557 mercedem
3060 4501 3281 4557 habent.
3309 4499 3418 4557 Cur
3456 4502 3620 4572 igitur
3645 4500 3743 4555 hoc
3781 4500 3836 4552 iis

2269 4613 2470 4654 nomen
2524 4593 2918 4666 imponit?Vel
2971 4593 3266 4650 secundum
3317 4595 3458 4665 vulgi
3503 4596 3832 4664 Opinionem,

2269 4690 2354 4744 vel
2389 4688 2510 4758 quia
2555 4686 2716 4757 jussit
2755 4699 2853 4739 nos
2881 4685 3024 4740 Deus
3053 4700 3209 4740 orare
3232 4727 3248 4753 ,
3300 4700 3367 4740 ne
3406 4687 3458 4740 in
3499 4686 3836 4741 tentationem

2270 4781 2549 4834 intremus.
2578 4777 2632 4832 8.
2663 4775 2766 4830 Per
2779 4776 2999 4848 gloriam
3021 4786 3068 4829 et
3097 4775 3449 4847 ignominiam,
3474 4794 3566 4846 per
3594 4777 3837 4845 infamiam

2269 4883 2315 4925 et
2343 4871 2527 4924 bonam
2567 4873 2778 4938 famam.
2824 4867 2962 4934 Quid
3005 4868 3124 4923 ais?
3167 4883 3489 4937 magnumne
3532 4870 3601 4923 ad
3648 4868 3838 4922 laudem

2273 4964 2366 5018 tibi
2406 4977 2528 5016 esse
2565 4974 2757 5015 censes
2793 4959 2963 5031 gloria
3003 4958 3144 5014 frui?
3180 4959 3444 5021 Maxime,
3491 4960 3680 5030 inquit.
3719 4956 3840 5026 Quid

2271 5053 2386 5108 ita?
2416 5067 2539 5108 nam
2574 5051 2918 5122 ignominiam
2950 5051 3164 5120 quidem
3194 5049 3336 5105 ferre
3377 5067 3629 5121 magnum
3656 5059 3766 5114 est;
3796 5049 3808 5101 i
3835 5065 3842 5095 ι

2270 5149 2438 5220 gloria
2465 5157 2644 5202 autem
2692 5147 2932 5211 versari,
2963 5161 3141 5201 annon
3169 5157 3446 5201 strenuum
3489 5147 3726 5200 animum
3765 5156 3839 5195 re-

2271 5242 2468 5312 quirit?
2495 5241 2781 5296 Strenuum
2817 5242 2972 5310 plane
3001 5256 3064 5296 ac
3086 5255 3340 5310 perquam
3365 5241 3634 5308 ingentem
3656 5279 3672 5305 ,
3705 5245 3758 5290 ut
3785 5248 3844 5287 ne

2275 5334 2321 5388 is
2356 5333 2446 5403 qui
2472 5347 2536 5387 ea
2567 5329 2761 5386 fruitur
2788 5333 3067 5390 obruatur.
3095 5332 3212 5398 Quo
3255 5331 3312 5386 fit
3334 5371 3349 5394 ,
3380 5340 3440 5385 ut
3474 5330 3526 5384 in
3554 5345 3620 5385 eo
3644 5339 3842 5398 quoque

2275 5422 2774 5492 Paulusglorietur,
2807 5431 2865 5476 ut
2908 5435 2962 5477 et
2995 5424 3045 5476 in
3076 5420 3167 5476 illo
3210 5439 3224 5476 :
3253 5421 3506 5492 quoniam
3538 5422 3590 5476 in
3638 5431 3848 5489 utraque

2277 5534 2335 5572 re
2361 5530 2609 5588 peraeque
2638 5515 2902 5571 elucebat.
2931 5514 3214 5582 Quomodo
3257 5530 3406 5570 arma
3431 5514 3691 5586 justilite?
3717 5513 3843 5579 Quu-

2277 5610 2423 5664 niam
2461 5607 2660 5662 multos
2695 5606 2764 5662 ad
2796 5607 3012 5677 pietatis
3039 5607 3274 5662 studium
3307 5609 3516 5674 incitat,
3543 5622 3664 5663 cum
3691 5603 3843 5673 magi.

2277 5711 2416 5756 stros
2456 5701 2509 5756 in
2560 5699 2767 5755 honore
2797 5715 2917 5756 esse
2965 5702 3349 5772 conspiciunt:
3394 5713 3555 5773 atque
3596 5702 3842 5757 bonorum

2281 5809 2502 5863 operum
2547 5792 2650 5848 hoc
2677 5803 3048 5864 argumentum
3081 5805 3191 5862 est,
3224 5807 3275 5851 et
3297 5795 3422 5852 hinc
3449 5798 3542 5853 Dei
3577 5796 3740 5867 gloria
3765 5805 3843 5848 oe-
