4068 6412
296 345 406 402 485

297 458 606 533 Προσέχετε
647 456 728 520 εἰς
758 457 904 526 ἡμᾶς
937 455 1020 509 ὅτι
1060 452 1294 509 τοιοῦτοί
1329 453 1525 523 ἐσμεν⁹
1571 448 1708 504 ἀλλά
1742 446 1879 510 τέως

295 552 384 606 ἐπ’
410 550 688 622 ἀναιρέσει
721 549 1058 619 κατηγορίας
1097 547 1167 600 τά
1197 545 1321 601 καθ’
1360 546 1551 599 ἐαυτὸν
1579 543 1879 614 διηγεῖται.

295 645 408 700 Kal
440 643 534 698 δύο
563 641 778 712 τίθησιν
806 639 1112 711 ὑπερϐολὰς
1137 639 1371 710 ἀμώμου
1404 638 1539 709 βίου,
1572 634 1884 704 Μηδεμιάν

294 734 365 790 ἐν
387 730 629 804 μηδενί,
657 730 851 798 λέγων.
888 729 998 783 Kal
1029 729 1130 784 οὐκ
1160 725 1281 793 εἷπε
1316 727 1672 798 κατηγορίαν,
1705 722 1818 776 ἀλλ’
1852 719 1881 774 ὃ

295 829 476 901 πολλῷ
522 828 741 882 ἔλαττον
771 822 862 898 ἦν,
910 822 1296 896 Προσκοπήν·
1352 819 1617 882 τουτέστι,
1648 814 1877 887 μέμψιν.

297 924 640 990 κατάγνωσιν
666 917 857 989 μηδενὶ
886 915 1224 986 παρέχοντες
1261 911 1386 966 καθ’
1418 909 1597 982 ἡμῶν.
1631 909 1757 962 Ἵνα
1789 904 1878 974 μὴ

289 1009 547 1082 μωμηθῇ
585 1012 625 1078 ἡ
655 1006 931 1063 διακονία
977 1003 1168 1074 ἡμῶν.
1205 1003 1517 1060 Τουτὲστιν.
1547 1001 1634 1052 ἵνα
1688 999 1761 1069 μή
1794 1013 1879 1060 τις

294 1103 467 1174 αὐτῆς
497 1099 844 1170 ἐπιλάϐηται.
877 1097 985 1149 Kal
1006 1096 1108 1148 οὐκ
1124 1091 1242 1147 εἶπε
1278 1093 1461 1154 πάλιν,
1498 1091 1617 1143 Ἵνα
1652 1087 1726 1158 μὴ
1750 1103 1882 1140 κατ-

291 1195 567 1268 ηγορηθῇ,
601 1191 742 1254 ἀλλ’,
777 1190 899 1243 Ἵνα
935 1187 1070 1259 μηδὲ
1123 1187 1224 1256 τὴν
1253 1183 1525 1255 τυχοῦσαν
1553 1183 1734 1236 αἰτίαν
1756 1180 1877 1252 ἔχῃ,

297 1291 374 1359 μή
407 1305 489 1351 τις
518 1287 654 1356 αὐτῇ
685 1285 763 1346 εἰς
794 1280 974 1336 ὁτιοῦν
1003 1277 1308 1348 ἐπισκῆψαι
1340 1277 1565 1348 δυνηθῇ.
1615 1273 1780 1328 Ἀλλ’
1810 1274 1880 1327 ἐν

294 1379 477 1436 παντὶ
540 1375 950 1440 συνιστῶντες
985 1370 1258 1436 ἑαυτοὺς,
1294 1369 1375 1434 ὡς
1411 1366 1560 1422 Θεοῦ
1589 1365 1875 1421 διάκονοι.

297 1469 468 1524 Τοῦτο
497 1467 677 1536 πολλῷ
700 1466 904 1537 μεῖζον.
941 1462 1016 1516 Οὐ
1049 1462 1158 1532 γάρ
1191 1462 1342 1514 ἐστιν
1391 1462 1504 1514 ῑσον
1542 1458 1879 1530 κατηγορίας

297 1561 587 1632 ἐλεύθερον
636 1557 799 1623 εἶναι,
865 1559 959 1614 καὶ
1019 1557 1245 1612 τοιαῦτα
1312 1552 1739 1614 ἐπιδείκνυσθαι,
1801 1552 1878 1615 ὡς

299 1651 566 1706 πάντοθεν
607 1648 894 1718 φαίνεσθαι
937 1647 1219 1710 διακόνους
1259 1644 1420 1707 ὄντας
1469 1641 1627 1695 Θεοῦ·
1669 1641 1731 1694 οὐ
1767 1640 1880 1711 γάρ

295 1747 444 1796 ἐστιν
476 1742 588 1796 ἴσον
627 1741 977 1812 ἀπηλλάχθαι
1033 1736 1390 1808 κατηγορίας,
1429 1735 1523 1787 καὶ
1579 1731 1879 1802 ἐγκωμίοις

305 1834 516 1904 βρύειν.
557 1834 668 1886 Kal
689 1833 790 1885 οὐκ
815 1827 957 1895 εἶπε,
981 1830 1324 1899 Φαινόμενοι,
1362 1827 1519 1888 ἀλλὰ,
1549 1829 1594 1879 Σ
1601 1821 1881 1878 υνιστῶν·

291 1943 418 1991 τες,
443 1925 746 1987 τουτέστιν,
789 1922 1226 1984 ἀποδεικνύντες.
1265 1915 1398 1973 Εἶτα
1425 1918 1686 1985 λέγεικαὶ
1715 1917 1880 1970 πόθεν

293 2016 528 2070 τοιοῦτοι
555 2015 826 2084 ἐγένοντο.
855 2012 1028 2067 Πόθεν
1051 2007 1144 2064 οὖν
1169 2010 1418 2078 ἐγένοντο
1441 2026 1456 2072 ;
1477 2008 1579 2062 Ἐν
1599 2004 1879 2076 ὑπομονῇ

292 2107 521 2175 πολλῇ,
556 2107 714 2176 φησί·
743 2105 835 2158 τὸν
865 2104 1114 2176 θεμέλιον
1141 2103 1251 2155 τῶν
1292 2101 1513 2170 ἀγαθῶν
1547 2099 1735 2164 τιθείς.
1761 2099 1879 2152 Διό-

295 2217 404 2271 περ
431 2199 552 2251 οὐδέ
581 2197 770 2260 ἁπλῶς
798 2194 1077 2267 ὑπομονὴν
1109 2189 1284 2256 εἶπεν,
1331 2191 1467 2245 ἀλλά
1515 2190 1738 2262 πολλὴν,
1783 2190 1879 2244 καὶ

291 2291 566 2345 δείκνυσιν
618 2291 788 2359 αὐτῆς
817 2291 910 2342 καὶ
947 2289 1008 2340 τὸ
1057 2287 1307 2358 μέγεθος.
1343 2285 1417 2337 Τὸ
1447 2285 1554 2356 γὰρ
1588 2285 1646 2337 ἐν
1685 2302 1740 2337 τι
1782 2285 1878 2338 καὶ

289 2382 541 2454 δεύτερον
569 2382 836 2450 ἐνεγκεῖν,
867 2379 1019 2432 οὐδὲν
1043 2378 1206 2449 μέγα·
1239 2375 1356 2428 ἀλλ’
1404 2376 1601 2444 ἐπάγει
1646 2378 1741 2429 καὶ
1780 2377 1879 2440 τάς

290 2472 519 2542 νιφάδας
543 2471 653 2523 τῶν
695 2467 1044 2540 πειρασμῶν,
1097 2465 1296 2533 λέγων,
1337 2465 1442 2520 Ἕν
1462 2467 1767 2534 θλίψεσιν,
1808 2467 1881 2520 ἐν

291 2563 600 2635 ἀνάγκαις.
641 2561 814 2616 Τοῦτο
859 2559 1110 2622 ἐπίτασις
1151 2557 1406 2628 θλίψεως,
1440 2559 1568 2611 ὅταν
1596 2556 1876 2632 ἀφυκταῇ

288 2657 360 2712 τά
384 2655 553 2716 κακὰ,
587 2655 682 2708 xal
716 2652 906 2724 ὥσπερ
937 2651 1151 2721 ἀνάγκη
1190 2667 1276 2714 τις
1321 2650 1608 2721 ἐπικέηται
1631 2650 1740 2705 τῶν
1771 2652 1879 2705 δει-

291 2748 400 2801 νῶν
423 2746 870 2811 δυσδιεξὸδευτος.
925 2745 1022 2796 Ἑν
1079 2745 1524 2810 στενοχωρίαις.
1566 2744 1724 2798 Ἤτοι
1755 2747 1876 2810 ταῖς

291 2839 389 2894 τοῦ
441 2837 600 2908 λιμοῦ
631 2853 788 2908 φησι,
831 2837 926 2892 καὶ
953 2837 1073 2898 ταῖς
1105 2835 1216 2888 τῶν
1247 2834 1425 2888 ἄλλων
1470 2835 1813 2903 ἀναγκαίων·
1839 2835 1877 2907 ἦ

291 2927 387 2981 καὶ
409 2925 596 2990 ἁπλῶς
616 2928 738 2990 ταῖς
799 2925 910 2978 τῶν
960 2924 1308 2994 πειρασμῶν.
1351 2925 1448 2977 Ἑν
1492 2925 1776 2993 πληγαῖς,
1807 2925 1877 2977 ἐν

291 3015 620 3086 φυλακαῖς,
653 3016 724 3068 ἐν
744 3015 1243 3080 ἀκαταστασίαις.
1282 3013 1474 3068 Καίτοι
1525 3014 1731 3068 τούτων
1754 3014 1872 3066 καθ’

293 3109 454 3163 ἑαυτὸ
472 3109 702 3164 ἕκαστον
724 3108 998 3179 ἀφόρητον
1013 3102 1102 3177 ἦν,
1119 3107 1216 3159 καὶ
1235 3105 1296 3159 τὸ
1316 3105 1672 3176 μαστίςεσθαι
1693 3107 1872 3177 μόνον,

293 3202 390 3254 καὶ
443 3200 505 3252 τὸ
560 3197 805 3252 δεδέσθαι
847 3197 1030 3266 μόνον,
1085 3197 1178 3250 καὶ
1220 3197 1282 3249 τὸ
1319 3195 1569 3268 μηδαμοῦ
1614 3197 1875 3252 δύνασθαι

293 3289 484 3360 στῆναι
506 3283 1072 3356 ἐλαυνόμενον·τοῦτο
1120 3286 1230 3356 γάρ
1283 3286 1451 3350 ἐστιν,
1513 3284 1616 3337 Ἔν
1657 3284 1876 3338 dicata-

289 3382 592 3448 στασίαις·
624 3381 753 3432 ὃταν
779 3377 950 3432 δὲκαὶ
973 3377 1172 3439 πάντα,
1203 3374 1351 3448 [523]
1380 3374 1476 3428 καὶ
1510 3371 1644 3445 ὁμοῦ
1697 3375 1876 3428 πάντα

289 3473 442 3546 ἐπίῃ,
477 3473 733 3543 ἐννόησον
762 3471 959 3542 ἡλίκης
980 3471 1156 3524 δεῖται
1189 3469 1389 3539 ψυχῆς.
1426 3463 1562 3521 Εἶτα
1601 3469 1738 3538 μετά
1765 3467 1875 3520 τῶν

290 3564 489 3630 ἔξωθεν
517 3567 612 3628 καὶ
640 3564 710 3618 τά
736 3565 867 3635 παρ’
890 3561 1085 3617 ἐαυτοῦ
1119 3561 1355 3631 τίθησιν.
1395 3561 1499 3615 Ἐν
1539 3561 1770 3628 κόποις,
1805 3561 1876 3616 ἐν

294 3656 669 3725 ἀγρυπνίαις,
698 3655 769 3709 ἐν
795 3656 1129 3724 νηστείαις,
1153 3653 1224 3706 ἐν
1242 3654 1543 3722 ἁγνότητι.
1603 3653 1702 3707 Διά
1747 3653 1873 3706 τού-

291 3768 400 3802 των
429 3751 554 3811 τοὺς
591 3747 874 3818 καμάτους
909 3747 1231 3812 αἰνίττεται,
1279 3744 1374 3808 οὒς
1422 3744 1597 3815 ἔκαμε
1647 3743 1877 3815 περιιὼν

293 3840 388 3892 καὶ
417 3837 810 3910 ἐργαζόμενος,
839 3838 939 3900 τάς
959 3835 1160 3900 νύκτας
1185 3837 1245 3888 ἐν
1273 3831 1362 3899 αἷς
1401 3835 1699 3896 ἐδίδασκεν,
1723 3833 1761 3904 ἢ
1791 3835 1874 3887 ὅτι

293 3936 387 3988 καὶ
414 3936 471 3987 ἐν
501 3935 696 3998 αὐταῖς
723 3933 1032 4004 εἰργάζετο.
1073 3932 1177 3986 Kal
1209 3935 1352 4004 μετά
1379 3931 1584 3985 τούτων
1613 3931 1872 3986 ἀπάντων

291 4031 412 4084 οὐδὲ
442 4031 536 4084 τοῦ
558 4029 840 4101 νηστεύειν
867 4029 1080 4101 ἡμέλει,
1113 4030 1290 4084 καίτοι
1316 4045 1380 4097 γε
1413 4027 1585 4082 ταῦτα
1612 4028 1733 4081 ἀντὶ
1767 4044 1874 4097 μυρ-

294 4123 424 4196 ρίων
456 4123 617 4194 ἧρκει
647 4123 932 4194 νηστειῶν.
984 4122 1290 4192 ’Λγνότητα
1323 4120 1382 4174 δέ
1432 4119 1668 4175 ἐνταῦθα
1700 4118 1737 4190 ἦ
1769 4137 1874 4172 σω-

290 4215 565 4287 φροσύνην
587 4216 770 4280 πάλιν,
815 4215 848 4287 ἢ
905 4216 1005 4284 τὴν
1031 4217 1088 4268 ἐν
1118 4216 1289 4268 ἆπασι
1342 4212 1708 4284 καθαρότητα,
1750 4211 1781 4282 ἢ
1813 4211 1878 4264 τδ

289 4309 715 4380 ἀδωροδόκητον,
750 4308 784 4378 ἢ
814 4310 908 4361 καὶ
931 4309 994 4361 τὸ
1019 4307 1230 4377 δωρεὰν
1244 4307 1306 4360 τὸ
1326 4305 1643 4374 εὐαγγέλιον
1670 4303 1872 4374 κηρύτ-

286 4414 423 4452 τειν.
468 4400 570 4453 Ἐν
591 4398 827 4467 γνώσει.
852 4399 917 4452 Τί
940 4400 1110 4462 ἐστιν,
1157 4398 1262 4452 Ἐν
1293 4397 1547 4468 rubeat;
1586 4397 1674 4448 Ἐν
1710 4394 1876 4465 σοφίᾳ

287 4491 357 4559 τῇ
381 4488 532 4558 παρά
561 4487 656 4540 τοῦ
679 4487 815 4540 Θεοῦ
849 4486 1134 4558 δεδομένῃ,
1183 4490 1252 4557 τῇ
1299 4487 1470 4551 ὅντως
1527 4488 1750 4556 γνώσει·
1808 4486 1870 4540 οὐ

289 4581 543 4649 καθάπερ
569 4579 765 4632 ἐκεῖνοι
794 4579 845 4631 οἰ
894 4577 1180 4641 δοκοῦντες
1245 4572 1385 4630 εἶναι
1436 4578 1614 4646 σοφοὶ,
1663 4579 1756 4632 καὶ
1803 4581 1870 4651 τῇ

288 4669 488 4737 ἔξωθεν
516 4669 798 4723 παιδεύσει
827 4668 1232 4738 κομπάζοντες,
1262 4667 1436 4739 ταύτῃ
1458 4667 1515 4720 δέ
1545 4667 1874 4741 ἐλαττούμε-

286 4780 387 4818 νοι.
437 4763 540 4816 Ἐν
584 4763 989 4832 μακροθυμίᾳ.
1027 4761 1098 4820 ἐν
1152 4760 1545 4830 χρηστότητι.
1583 4762 1726 4817 Πολὺ
1761 4763 1876 4834 γὰρ

287 4855 382 4910 καὶ
406 4855 583 4909 ταῦτα
601 4855 856 4924 γενναίας
881 4849 949 4924 ἦν
979 4852 1182 4924 ψυχῆς,
1213 4853 1273 4906 τὸ
1317 4851 1586 4906 πάντοθεν
1636 4853 1874 4924 παροξυ-

287 4943 509 5014 νόμενον
530 4945 624 4999 καὶ
640 4943 1022 5016 κεντούμενον,
1040 4943 1410 5015 μακροθύμως
1426 4943 1642 4998 ἅπαντα
1664 4946 1869 5018 φέρειν.

290 5032 423 5089 Εἶτα
443 5036 657 5100 δεικνὺς
683 5037 846 5090 πόθεν
865 5038 1105 5099 τοιοῦτος
1149 5037 1401 5104 γέγονεν,
1427 5038 1727 5107 ἐπήγαγεν·
1771 5039 1872 5091 Ἐν

289 5128 586 5196 Πνεύματι
618 5129 782 5198 ἁγίῳ.
828 5128 914 5180 Ἐν
939 5127 1088 5198 αὐτῷ
1111 5129 1220 5198 γὰρ
1255 5128 1434 5182 πάντα
1472 5127 1645 5182 ταῦτα
1667 5147 1871 5202 κατορο

287 5219 511 5292 θοῦμεν,
541 5219 725 5291 φησίν.
764 5220 905 5272 Ἀλλ’
948 5221 1052 5291 ὅρα
1081 5222 1210 5273 πότε
1237 5221 1338 5291 τὴν
1367 5221 1520 5291 παρά
1561 5221 1657 5274 τοῦ
1697 5223 1874 5275 Πνεύο

288 5330 457 5384 ματος
480 5311 646 5382 ἐθηκε
675 5311 770 5364 τοῦ
795 5311 949 5380 ἁγίου
984 5312 1257 5386 βοήθειαν·
1292 5314 1382 5367 ὅτε
1402 5313 1471 5365 τὰ
1516 5315 1644 5384 παρ’
1679 5313 1869 5366 ἐαυτοῦ

283 5405 622 5471 ἐπεδείξατο.
665 5404 820 5475 Ἐμοὶ
874 5403 932 5458 δέ
973 5405 1244 5459 δοκεῖκαὶ
1292 5405 1484 5474 ἕτερον
1545 5404 1729 5473 λέγειν
1781 5405 1872 5459 διὰ

282 5497 496 5552 τούτου.
525 5495 685 5549 Ποῖον
717 5494 783 5566 δὴ
805 5492 1004 5560 τοῦτο;
1036 5495 1160 5549 Ὀτι
1189 5494 1285 5548 καὶ
1316 5491 1638 5563 Πνεύματος
1671 5492 1871 5548 πολλοῦ

1331 335 1398 392 ιΝ
1441 333 1660 390 EPIST.
1698 329 1742 385 ll
1780 329 1872 385 AD
1904 328 2064 386 C08.
2100 328 2340 387 HOMIL.
2386 330 2497 386 ΧΗ.

3467 337 3572 391 Δεῖ

1983 446 2012 497 ὁ
2034 446 2122 500 διὰ
2145 447 2253 500 τῶν
2281 446 2724 517 κατορθωμάτων
2757 447 2981 504 καὶτῶν
3007 447 3247 520 ἱδρώτων
3284 448 3381 520 τὴν
3407 453 3574 524 χάριν

1985 539 2450 610 ἐπισπασάμενος.
2479 541 2543 594 Εἰ
2581 540 2638 594 δέ
2667 558 2751 606 τις
2776 541 2940 604 εῐποι,
2972 543 3112 612 μετά
3133 541 3242 595 τῶν
3261 542 3576 614 εἰρημένων

1983 630 2148 684 αὐτὸν
2171 632 2454 702 ἐμφαίνειν
2494 633 2556 684 τὸ
2589 633 2670 686 ὃτι
2700 633 2792 692 καὶ
2819 633 2882 686 ἐν
2907 634 2976 704 τῇ
3010 633 3197 705 χάριτι
3228 635 3294 705 τῇ
3326 651 3573 706 πνευμα-

1985 721 2110 789 τικῇ
2143 719 2400 790 οὐδεμίαν
2434 720 2602 774 ἔδωκε
2626 723 2966 794 προσκοπὴν,
2994 723 3094 776 οὐκ
3116 723 3184 776 ἂν
3219 724 3456 796 ἁμάρτοι
3471 725 3574 797 τῆς

1987 810 2216 873 ἐννοίας.
2251 812 2367 865 Kal
2405 812 2512 883 γὰρ
2545 813 2711 876 οῐτάς
2732 814 2982 880 γλώσσας
3021 813 3278 877 λαϐόντες
3311 819 3444 888 παρ’
3472 819 3570 869 αὐ-

1985 902 2122 963 τοῖς,
2171 903 2264 955 καὶ
2316 903 2669 974 ἐπαρθέντες,
2725 905 3126 977 ἐμωμήθησαν·
3179 907 3294 959 εστι
3335 909 3444 980 γὰρ
3474 909 3570 962 καὶ

1986 991 2234 1062 χάρισμα
2263 993 2494 1049 λαϐόντα
2540 996 2932 1065 πνευματικὸν,
2982 998 3082 1050 οὐκ
3123 999 3203 1062 είς
3248 999 3366 1052 δέον
3416 1001 3568 1072 αὐτῷ

1987 1085 2314 1156 χρήσασθαι.
2355 1087 2495 1140 Ἀλλ’
2517 1088 2614 1158 οὐχ
2635 1089 2816 1159 ἡμεῖς,
2843 1090 3032 1160 φησὶν,
3051 1090 3189 1143 ἀλλά
3205 1091 3300 1146 καὶ
3326 1093 3383 1144 ἐν
3406 1093 3570 1146 πνεύ-

1989 1193 2140 1246 ματι,
2181 1179 2478 1246 τουτέστιν,
2508 1181 2601 1232 καὶ
2630 1182 2688 1232 ἐν
2729 1184 2841 1244 τοῖς
2881 1181 3221 1251 χαρίσμασιν
3272 1183 3570 1258 ἀμώμητοι

1984 1267 2304 1338 ἐγενόμεθα.
2351 1270 2450 1322 Ἑν
2475 1269 2674 1339 ἀγάπῃ
2701 1272 3108 1340 ἀνυποκρίτῳ.

2050 1365 2120 1427 γ’.
2142 1359 2312 1412 Τοῦτο
2330 1360 2545 1415 πάντων
2570 1360 2743 1416 αἴτιον
2762 1362 2870 1414 τῶν
2892 1363 3131 1430 ἀγαθῶν,
3148 1363 3306 1418 τοῦτο
3329 1364 3576 1420 τοιοῦτον

1984 1449 2146 1503 αὐτὸν
2175 1451 2482 1520 εἰργάζετο,
2515 1453 2674 1506 τοῦτο
2712 1457 2806 1506 καὶ
2828 1454 2888 1505 τὸ
2919 1453 3145 1525 Πνεῦμα
3177 1456 3362 1525 μένειν
3390 1456 3568 1512 ἐποίει

1985 1544 2116 1612 παρ’
2137 1543 2305 1614 αὐτῷ,
2335 1543 2401 1596 δι’
2434 1538 2496 1598 οὗ
2527 1547 2618 1600 καὶ
2645 1548 2826 1600 πάντα
2866 1547 3018 1617 αὐτῷ
3050 1547 3423 1618 κατωρθοῦτο.
3472 1549 3570 1606 Ἐν

1983 1637 2145 1701 λόγῳ
2167 1636 2472 1704 ἀληθείας.
2506 1638 2569 1691 Ὃ
2589 1637 2858 1708 πολλαχοῦ
2880 1637 3052 1706 λέγει,
3077 1639 3161 1692 ὃτι
3183 1639 3260 1693 Οὐ
3288 1639 3568 1704 δολοῦντες

1983 1729 2074 1783 τὸν
2095 1729 2250 1799 λόγον
2272 1732 2366 1784 τοῦ
2382 1732 2539 1797 Θεοῦ,
2572 1732 2694 1785 οὐδὲ
2715 1731 3028 1794 νοθεύοντες
3046 1730 3446 1800 διετελέσαμεν.
3464 1731 3572 1784 Ἐν

1983 1818 2232 1890 δυνάμει
2259 1821 2426 1876 Θεοῦ.
2462 1823 2638 1890 Ὅπερ
2677 1822 2766 1873 ἀεὶ
2799 1823 2961 1885 ποιεῖ,
2999 1820 3151 1872 οὐδὲν
3194 1819 3389 1890 ἐαυτῷ,
3430 1819 3568 1873 ἀλλᾶ

1982 1913 2062 1984 τῷ
2089 1913 2208 1984 Θεῷ
2231 1914 2291 1966 τὸ
2327 1917 2434 1967 πᾶν
2455 1914 2756 1978 ἀνατιθεὶς,
2793 1913 2889 1966 καὶ
2917 1912 3068 1982 αὐτῷ
3095 1911 3445 1982 λογιζόμενος
3497 1912 3568 1964 τὰ

1983 2005 2149 2059 αὐτοῦ
2176 2006 2597 2076 κατορθώματα.
2644 2005 2803 2058 τοῦτο
2832 2007 2927 2058 καὶ
2963 2003 3202 2057 ἐνταῦθα
3240 2004 3563 2070 πεποίηκεν.

1996 2095 2214 2168 Ἐπειδὴ
2245 2096 2355 2167 γὰρ
2385 2097 2597 2167 μεγάλα
2627 2095 2952 2166 ἐφθέγξατο,
2975 2095 3070 2148 καὶ
3103 2094 3305 2165 ἔφησεν
3324 2093 3568 2163 ἄληπτον

1982 2189 2361 2261 παρεσχῆσθαι
2387 2189 2500 2260 βίον
2526 2189 2615 2244 διά
2644 2189 2880 2252 πάντων,
2906 2189 3001 2242 καὶ
3025 2187 3342 2257 φιλοσοφίαν
3363 2186 3569 2256 ἄκραν,

1980 2281 2061 2353 τῷ
2101 2281 2380 2352 Πνεύματι
2433 2283 2528 2336 xal
2568 2281 2647 2352 τῷ
2686 2281 2804 2352 Θεῷ
2851 2280 3026 2334 ταῦτα
3056 2279 3395 2348 ἀνατίθησιν.
3429 2277 3567 2330 Οὐδὲ

1981 2375 2089 2445 γάρ
2110 2374 2179 2436 τά
2213 2376 2442 2446 τυχόντα
2471 2371 2539 2446 ἦν
2565 2374 2636 2428 τά
2667 2373 2954 2445 εἰρημένα.
2980 2373 3040 2425 Εἰ
3063 2373 3172 2441 γάρ
3205 2373 3300 2425 καὶ
3339 2373 3398 2423 ἐν
3431 2373 3568 2440 ησυ-

1981 2469 2075 2539 χίᾳ
2095 2467 2273 2536 ζῶντα
2298 2465 2556 2521 δύσκολον
2587 2465 2890 2537 κατορθοῦν
2914 2465 3006 2518 καὶ
3023 2464 3263 2534 ἄληπτον
3286 2459 3448 2526 εἶναι,
3473 2462 3570 2515 τὸν

1983 2559 2090 2616 ὑπὸ
2109 2558 2382 2614 τοσούτων
2404 2557 2799 2629 ἐνοχλούμενον
2827 2555 3170 2626 πειρασμῶν,
3195 2556 3288 2608 καὶ
3313 2555 3400 2608 διὰ
3429 2557 3568 2610 πάν-

1979 2668 2088 2706 των
2112 2651 2425 2721 λάμψαντα,
2453 2649 2707 2720 ἐννόησον
2737 2649 2933 2720 ἡλίκης
2965 2642 3106 2700 εἶναι
3139 2645 3340 2716 ψυχῆς.
3370 2648 3566 2700 Καίτοι

1981 2744 2102 2798 οὐδέ
2117 2743 2292 2798 ταῦτα
2321 2743 2564 2812 ὑπέμενε
2593 2743 2755 2812 μόνον
2789 2781 2801 2799 ,
2840 2740 2978 2792 ἀλλά
3015 2739 3114 2792 καὶ
3136 2737 3316 2808 πολλῷ
3339 2739 3568 2792 πλείονα

1980 2835 2206 2900 τούτων,
2237 2835 2380 2905 ἅπερ
2407 2834 2531 2904 ἐξῆς
2560 2834 2764 2903 τίθησι.
2797 2833 2906 2886 Kal
2927 2834 2986 2885 τὸ
3015 2832 3082 2902 δὴ
3103 2830 3440 2902 θαυμαστὸν,
3466 2831 3568 2900 οὐχ

1979 2929 2067 2982 ὅτι
2082 2929 2323 2999 ἄληπτος
2349 2925 2418 3002 ἦν
2446 2929 2502 2981 ἐν
2531 2927 2809 2989 τοσούτοις
2838 2925 3050 2995 κύμασι
3099 2924 3298 2988 πλέων,
3350 2923 3458 2976 οὐδ’
3484 2924 3567 2976 ὃτι

1981 3021 2162 3075 πάντα
2178 3021 2440 3090 ὑπέμεινε
2457 3017 2741 3086 γενναίως,
2769 3015 2923 3089 [59.4]
2947 3015 3060 3070 ἀλλ’
3084 3017 3165 3069 ὅτι
3188 3015 3281 3067 καὶ
3308 3014 3427 3085 μεθ’
3444 3015 3570 3086 ἡδο-

1979 3113 2076 3184 νῆς
2095 3113 2291 3165 πάντα·
2313 3112 2456 3181 άπερ
2476 3109 2564 3163 διὰ
2578 3108 2688 3161 τῶν
2706 3108 2832 3178 ἑξῆς
2849 3109 2982 3178 ἡμῖν
3001 3107 3178 3160 πάντα
3198 3109 3341 3159 ποιεῖ
3362 3123 3490 3175 φανε
3500 3106 3568 3175 ρὰ

1979 3203 2154 3272 λέγων
2171 3203 2334 3258 οὕτω·
2358 3202 2462 3256 Διὰ
2483 3201 2602 3256 τῶν
2632 3200 2841 3254 ὅπλων
2872 3197 2987 3266 τῆς
3028 3198 3424 3264 δικαιοσύνης
3449 3194 3570 3249 τῶν

1981 3290 2199 3355 δεξιῶν
2249 3291 2350 3345 και
2383 3287 2738 3359 ἀριστερῶν.
2782 3281 2938 3348 Εἶδες
2973 3285 3151 3354 ψυχῆς
3200 3283 3564 3354 παράστημα.

1981 3385 2075 3436 καὶ
2104 3383 2360 3454 φρόνημα
2391 3380 2608 3434 εὔτονον
2632 3396 2646 3443 ;
2672 3377 2926 3431 Δείκνυσι
2950 3376 3057 3446 γάρ
3077 3377 3158 3429 ὃτι
3179 3375 3326 3430 ὅπλα
3342 3374 3480 3427 εἰσιν
3509 3375 3568 3425 αἱ

1981 3476 2212 3546 θλίψεις,
2232 3477 2294 3530 οὐ
2327 3477 2487 3546 μόνον
2519 3477 2582 3527 οὐ
2609 3472 3049 3534 καταϐάλλοντα,
3077 3469 3216 3522 ἀλλά
3259 3470 3354 3522 καὶ
3405 3469 3568 3537 τειχίο

1981 3569 2145 3633 ζοντα
2178 3571 2273 3622 καὶ
2305 3568 2692 3640 ἰσχυροτέρους
2719 3564 3003 3618 ποιοῦντα.
3046 3562 3339 3633 Ἀριστερὰ
3376 3561 3432 3615 δὲ
3461 3578 3566 3614 καφ

1980 3661 2061 3713 λεί
2080 3660 2150 3712 τά
2176 3660 2437 3714 δοκοῦντα
2481 3655 2619 3712 εἶναι
2661 3656 2902 3728 λυπηρά·
2935 3655 3163 3725 καὶγὰρ
3193 3653 3423 3706 τοιαῦτά
3448 3655 3565 3705 ἐστι

1979 3753 2050 3806 τὰ
2073 3753 2164 3806 τὸν
2192 3753 2386 3823 μισθὸν
2412 3753 2627 3822 ἔχοντα.
2657 3750 2812 3812 Τίνος
2843 3745 2938 3803 οὖν
2983 3749 3174 3801 ’ἐνεκεν
3215 3745 3386 3809 οὕτως
3425 3749 3566 3801 αὐτά

1979 3847 2178 3913 καλεῖ;
2211 3847 2281 3898 Ἢ
2319 3843 2462 3898 κατά
2485 3843 2588 3914 τὴν
2616 3843 2886 3913 ὑπόληψιν
2899 3841 3006 3895 τῶν
3036 3839 3267 3900 πολλῶν,
3298 3839 3332 3909 ἢ
3373 3840 3566 3909 ἐπειδὴ

1981 3940 2269 3992 ἐκέλευσεν
2298 3940 2327 3992 ὁ
2357 3937 2492 4000 Θεὸς
2551 3933 2808 4006 εὔχεσθαι
2843 3933 2920 4004 μὴ
2957 3932 3222 3986 εἰσελθεῖν
3255 3934 3338 3994 εἰς
3370 3948 3568 4001 πειραη

1984 4031 2274 4103 σμόν.’Διὰ
2299 4031 2484 4098 δόξης
2504 4028 2600 4082 καὶ
2637 4029 2894 4098 ἀτιμίας,
2937 4027 3035 4080 διὰ
3074 4025 3422 4095 δυσφημίας
3466 4023 3564 4076 καὶ

1980 4123 2300 4192 εὐφημίας.
2346 4122 2411 4176 Τί
2464 4121 2678 4188 λέγεις;
2732 4121 2814 4173 ὅτι
2854 4118 3010 4188 δόξης
3055 4115 3368 4179 ἀπολαύεις,
3421 4115 3566 4184 μέγα

1979 4215 2136 4268 τοῦτο
2160 4213 2315 4284 τίθης
2347 4210 2486 4266 εἶναι
2511 4230 2529 4280 ;
2562 4213 2691 4276 Ναὶ,
2720 4211 2875 4282 φησί.
2900 4210 2964 4262 Τί
2987 4209 3219 4280 δήποτε;
3247 4207 3308 4260 τὸ
3328 4206 3429 4275 μὲν
3455 4207 3568 4277 γὰρ

1980 4306 2204 4378 ἀτιμίαν
2231 4308 2498 4374 ἐνεγκεῖν,
2543 4305 2712 4376 μέγα⁹
2741 4305 2803 4356 τὸ
2849 4303 2906 4355 δὲ
2954 4302 3112 4372 δόξης
3151 4301 3464 4372 μετασχεῖν,
3501 4299 3567 4352 οὐ

1980 4399 2238 4470 νεανικῆς
2259 4399 2429 4452 δεῖται
2451 4397 2664 4468 ψυχῆς
2693 4395 2970 4465 Νεανικῆς
3007 4395 3104 4464 μὲν
3120 4389 3214 4446 οὖν
3236 4392 3331 4445 καὶ
3358 4391 3566 4462 σφόδρα

1981 4491 2250 4564 μεγάλης,
2281 4490 2423 4544 ὥστε
2454 4492 2626 4560 αὐτῆς
2642 4485 2988 4542 ἀπολαύοντα
3015 4485 3090 4555 μὴ
3124 4483 3562 4553 ἐκτραχηλισθῆ-

1978 4605 2090 4640 ναι.
2117 4585 2212 4638 Διδ
2245 4585 2338 4638 καὶ
2362 4583 2454 4636 ἐπὶ
2481 4581 2658 4652 τούτῳ
2716 4581 2926 4651 φρονεῖ,
2967 4578 3044 4640 ὡς
3091 4579 3177 4630 ἐπ’
3206 4578 3398 4646 ἐκείνῳ
3421 4593 3433 4606 ·
3471 4577 3565 4628 xa‘:

1975 4680 2088 4750 γὰρ
2123 4679 2182 4732 ἐν
2229 4675 2562 4748 ἀμφοτέροις
2599 4673 2804 4742 ὁμοίως
2858 4671 3090 4739 ἐλαμπε.
3134 4668 3260 4732 Πῶς
3297 4667 3352 4719 δέ
3397 4667 3566 4720 ὅπλον

1976 4772 2189 4842 γίνεται
2220 4767 2603 4837 δικαιοσύνης;
2633 4767 2758 4819 ’Ότι
2795 4765 2978 4833 ἐνάγει
3022 4762 3252 4824 πολλοὺς
3290 4762 3370 4824 εἰς
3409 4758 3564 4812 εὐσέ-

1978 4864 2130 4917 ϐειαν
2150 4863 2210 4916 τὸ
2241 4863 2298 4915 ἐν
2337 4863 2476 4931 τιμῇ
2523 4855 2662 4916 εἶναι
2694 4859 2822 4920 τοὺς
2855 4856 3232 4918 διδασκάλους·
3260 4853 3353 4906 καὶ
3384 4853 3564 4923 ἔργων

1975 4956 2030 5008 δὲ
2061 4952 2286 5019 ἀγαθῶν
2309 4951 2468 5006 τοῦτο
2507 4949 2706 5020 δεῖγμά
2751 4950 2889 5014 ἐστι,
2948 4949 3044 5002 καὶ
3092 4947 3183 5000 τὸν
3223 4945 3355 4999 Θεὸν
3401 4944 3566 4998 τοῦτο

1976 5045 2206 5111 δοξάζει.
2241 5044 2352 5100 Kal
2382 5043 2541 5097 τοῦτο
2573 5043 2631 5096 δέ
2665 5041 2767 5111 τῆς
2793 5040 2889 5094 τοῦ
2945 5039 3080 5093 Θεοῦ
3113 5038 3472 5108 εὐμηχανίας,
3500 5038 3569 5090 τὺ

1975 5137 2062 5190 διὰ
2088 5137 2197 5191 τῶν
2227 5136 2485 5190 ἐναντίων
2537 5135 2779 5202 εἰσάγειν
2828 5133 2890 5186 τὸ
2925 5133 3205 5203 κήρυγμα.
3244 5131 3446 5185 Σκόπει
3467 5129 3560 5183 δέ·

1974 5228 2183 5282 ἐδέδετο
2209 5228 2238 5279 ὁ
2271 5226 2480 5289 Παῦλος
2501 5242 2516 5291 ;
2542 5225 2653 5279 Kal
2671 5223 2828 5277 τοῦτο
2845 5220 2912 5295 ἦν
2928 5223 3069 5294 ὑπὲρ
3093 5223 3186 5276 τοῦ
3213 5220 3560 5292 εὐαγγελίου.

1981 5321 2059 5373 Τὰ
2078 5318 2188 5389 γὰρ
2218 5320 2346 5371 κατ’
2368 5317 2491 5386 ἐμὲ,
2517 5316 2703 5386 φησιν,
2723 5318 2810 5380 εὶς
2838 5313 3159 5382 προκοπὴν
3183 5313 3289 5366 τοῦ
3315 5315 3562 5380 εὐαγγε-

1974 5412 2112 5465 λίου
2138 5411 2465 5478 ἐλήλυθεν,
2482 5408 2639 5462 ὥστε
2661 5407 2805 5473 τοὺς
2825 5407 3115 5471 πλείονας
3140 5404 3261 5458 τῶν
3279 5401 3564 5471 ἀδελφῶν

1974 5505 2338 5568 πεποιθότας
2372 5501 2499 5566 τοῖς
2524 5499 2772 5569 δεσμοῖς
2787 5517 2932 5569 μου,
2956 5496 3396 5566 περισσοτέρως
3421 5495 3562 5546 τολ-

283 5585 714 5658 πεπληρώμεθα,
755 5585 854 5639 καὶ
901 5585 1300 5656 ἀποδείκνυμεν
1350 5583 1447 5638 καὶ
1497 5583 1748 5638 ἐντεῦθεν
1769 5584 1871 5656 τὴν
1967 5593 2094 5662 μᾷν
2117 5593 2352 5661 ἀφόϐως
2398 5592 2506 5644 τὸν
2553 5591 2740 5659 λόγον
2762 5586 2995 5642 λαλεῖν.
3033 5583 3200 5651 Δόξης
3233 5581 3395 5634 πάλιν
3415 5578 3560 5646 ἀπή-

287 5677 606 5750 ἀποστολὴν,
635 5677 748 5731 ἀπὸ
762 5675 856 5730 τοῦ
881 5676 1236 5748 χαρισμάτων
1270 5674 1534 5747 ὴξιῶσθαι
1567 5693 1870 5747 πνευματι-

286 5770 418 5826 κῶν.
448 5772 509 5824 Εἰ
531 5770 639 5841 γὰρ
664 5771 759 5824 καὶ
794 5769 953 5849 χάρις
980 5768 1160 5836 τοῦτο,
1187 5769 1325 5823 ἀλλά
1357 5771 1454 5825 καὶ
1493 5771 1658 5835 αὐτὸς
1695 5772 1869 5836 αἴτιος

1971 5685 2140 5750 laus;
2170 5685 2277 5738 Kal
2306 5683 2464 5737 τοῦτο
2502 5682 2664 5737 πάλιν
2682 5679 2926 5743 ἐκείνους
2976 5674 3423 5748 προθυμοτέρους
3440 5671 3558 5737 εἰρ-

1972 5777 2198 5846 γάζετο.
2248 5776 2354 5830 Διά
2407 5771 2757 5843 δυσφημίας
2809 5770 2904 5824 καὶ
2945 5766 3267 5836 εὐφημίας.
3320 5762 3396 5815 Οὐ
3444 5763 3555 5830 γάρ
