4068 6430
329 370 437 429 ως

330 487 591 541 lcbratur.
620 485 760 551 Quin
783 480 915 536 illud
935 494 1148 551 quoque
1180 479 1342 533 divini
1366 477 1578 534 artiﬁcii
1605 487 1740 542 erat,
1766 476 1924 532 nimi-

329 599 450 636 rum
481 580 740 650 evangelii
773 576 1137 648 prtedieationi
1165 576 1368 629 aditum
1390 589 1484 644 per
1507 573 1774 628 contraria
1801 587 1928 641 ape-

332 676 460 729 rire.
515 673 607 728 Sic
662 671 806 727 enim
857 671 1032 738 cogita
1086 686 1098 720 :
1143 666 1365 722 Vinctus
1417 675 1534 720 erat
1587 664 1819 718 Paulus?
1869 664 1924 717 Id

328 782 544 838 quoque
574 765 640 819 ad
669 757 942 829 evangelii
965 759 1306 814 commodum
1346 759 1592 812 cedebat.
1632 757 1759 821 Qua:
1787 756 1925 808 circa

329 873 412 911 me
436 867 574 922 sunt,
601 856 789 925 inquit,
817 852 976 924 magis
995 851 1064 904 ad
1086 852 1367 920 profectum
1384 849 1628 918 evangelii
1649 857 1885 901 venerunt
1910 863 1927 900 :

328 949 402 1002 ita
429 958 483 1002 ut
511 949 682 1018 plures
727 963 756 998 e
791 946 1036 1017 fratribus
1067 943 1376 1011 conﬁdentes
1413 943 1463 994 in
1505 941 1718 994 vinculis
1763 940 1884 992 meis
1906 978 1922 1000 ,

331 1039 672 1093 abundantius
693 1038 935 1090 auderent
951 1036 1059 1088 sine
1080 1035 1256 1087 timore
1282 1033 1482 1085 verbum
1499 1031 1589 1084 Dei
1612 1031 1747 1099 loqui
1770 1028 1924 1099 (Phi-

334 1131 463 1202 lipp.
498 1132 545 1184 1.
583 1129 669 1183 12.
705 1129 813 1197 14).
846 1127 1077 1181 Rursum
1126 1126 1178 1179 in
1225 1125 1393 1194 gloria
1432 1123 1781 1177 versabalur?
1813 1122 1924 1175 lloc

333 1238 546 1292 quoque
567 1237 776 1276 rursum
807 1218 1280 1289 promptitudiuem
1308 1217 1414 1270 illis
1445 1214 1703 1284 majorem
1733 1212 1925 1267 alterc-

336 1316 506 1368 rebat.
546 1312 647 1366 Per
671 1312 942 1381 infamiam
972 1320 1017 1362 et
1047 1309 1230 1362 bonam
1257 1311 1470 1377 famam.
1519 1305 1632 1359 Non
1666 1305 1808 1358 enim
1858 1320 1921 1359 ca

338 1407 514 1459 solum
530 1420 652 1474 qua:
669 1419 894 1473 corpore
916 1401 1234 1470 excipiebat,
1258 1399 1377 1454 forti
1396 1401 1575 1452 animo
1603 1397 1920 1468 perferebat,

336 1496 676 1561 afﬁictiones,
695 1512 864 1565 eaque
881 1495 1058 1549 omnia
1085 1510 1201 1562 qua:
1223 1493 1512 1559 recensuit,
1534 1492 1625 1546 scd
1651 1508 1712 1547 ea
1735 1493 1920 1557 etiam,

337 1608 458 1661 qua:
485 1591 719 1644 animum
745 1591 913 1644 solum
939 1587 1370 1660 perstringebant
1400 1602 1414 1639 :
1450 1602 1621 1656 neque
1643 1585 1786 1640 enim
1811 1585 1924 1641 hare

340 1681 598 1736 tumultus
647 1682 884 1735 excitare
934 1689 1344 1735 consueverunt.
1376 1679 1494 1747 Ipse
1532 1679 1732 1748 quippe
1768 1678 1923 1733 Jerc.

333 1775 490 1840 mlas,
528 1788 650 1828 cum
682 1773 879 1826 multas
911 1773 1234 1826 tcutationcs
1274 1771 1516 1833 tulisset,
1545 1769 1612 1824 ad
1656 1770 1752 1824 has
1799 1771 1923 1823 fati-

331 1865 536 1930 scebat,
569 1872 625 1919 et
658 1871 779 1920 cum
808 1864 1066 1919 conviciis
1097 1864 1479 1930 incesseretur,
1505 1863 1718 1918 dicebat
1752 1881 1764 1916 :
1803 1863 1925 1916 Non

334 1955 645 2027 prophetabo
664 1998 680 2021 ,
711 1972 801 2009 nec
831 1956 1010 2026 loquar
1039 1956 1176 2010 ultra
1221 1956 1274 2010 in
1318 1956 1521 2010 nomine
1549 1954 1758 2010 Domini
1785 1954 1918 2026 (Jer.

331 2049 420 2104 9.0.
449 2048 526 2118 9).
560 2047 722 2101 David
750 2048 909 2101 ctiam
940 2063 1081 2116 saepe
1110 2047 1162 2100 in
1194 2046 1390 2116 probro
1415 2060 1475 2100 se
1512 2060 1632 2100 esse
1653 2046 1918 2116 deplorat.

332 2144 505 2209 Atque
547 2139 703 2193 lsaias
727 2149 846 2207 post
885 2138 987 2192 alia
1017 2138 1181 2192 multa
1213 2153 1308 2208 pro
1333 2137 1431 2192 hac
1458 2152 1517 2191 re
1553 2138 1633 2193 sic
1657 2138 1916 2193 cohorta-

335 2242 420 2286 tur
453 2249 467 2286 :
493 2229 669 2284 Nolite
696 2233 870 2285 timere
895 2233 1223 2300 opprobrium
1248 2231 1530 2296 hominum,
1562 2241 1610 2285 et
1635 2232 1923 2302 despectum

330 2341 503 2378 eorum
547 2340 609 2378 ne
637 2325 870 2377 metuatis
899 2322 1054 2394 (lsai.
1089 2324 1178 2377 51.
1223 2323 1298 2395 7).
1329 2325 1406 2380 Ac
1433 2339 1643 2379 rursum
1675 2325 1922 2380 Christus

329 2415 628 2486 discipulis,
656 2414 784 2470 Cum
812 2415 1053 2480 dixerint,
1085 2414 1257 2484 inquit
1284 2455 1299 2480 ,
1329 2430 1476 2468 omne
1505 2416 1700 2468 malum
1741 2415 1920 2470 adver-

327 2525 440 2561 sum
469 2524 575 2573 vos,
612 2509 926 2574 mentientes,
952 2507 1166 2578 gaudete
1192 2517 1238 2561 et
1259 2508 1506 2561 exsultate
1527 2509 1768 2579 quoniam
1790 2526 1921 2562 mer-

328 2618 406 2654 ces
444 2612 605 2654 vestra
649 2601 854 2669 copiosa
882 2610 954 2653 est
992 2601 1042 2652 in
1072 2600 1210 2653 uelis
1242 2598 1452 2669 (Matth.
1487 2601 1540 2655 5.
1573 2600 1658 2654 11.
1696 2599 1824 2668 12);
1865 2611 1915 2655 et

327 2693 434 2745 alio
461 2693 580 2746 lilCO
602 2692 732 2746 dicit
754 2736 767 2757 ,
805 2691 869 2744 Et
897 2691 1146 2746 exsultale
1180 2690 1327 2762 (Luc.
1357 2691 1411 2744 6.
1440 2689 1553 2761 25).
1605 2692 1765 2760 Atqui
1801 2707 1911 2750 non

330 2793 529 2838 tantam
562 2785 862 2839 mercedem
890 2783 1276 2849 constituisset,
1303 2783 1402 2837 nisi
1432 2782 1619 2853 ingens
1641 2793 1782 2837 esset
1803 2800 1917 2839 crr-

332 2886 526 2929 tamcn.
559 2876 610 2927 lu
646 2876 974 2930 cruciatibus
1003 2875 1148 2928 enim
1174 2889 1371 2944 corpus
1397 2889 1518 2927 cum
1545 2875 1726 2929 animo
1754 2875 1910 2929 dol-i-

330 2985 414 3022 res
439 2969 706 3039 partitur;
758 2968 858 3019 hoc
889 2967 1087 3037 quippe
1118 2965 1282 3020 habet
1312 2965 1499 3030 dolor,
1535 2974 1590 3019 ut
1622 2975 1678 3019 et
1721 2980 1918 3036 corpus

325 3067 380 3112 et
423 3059 661 3112 animum
709 3057 958 3111 alliciat:
1013 3067 1068 3110 at
1127 3057 1183 3112 in
1233 3057 1448 3126 probris
1500 3057 1712 3111 animus
1765 3061 1914 3114 solus

326 3161 566 3205 vexatur.
602 3151 752 3204 Multi
783 3161 928 3205 certe
959 3151 1044 3206 his
1073 3150 1200 3204 solis
1233 3150 1482 3219 proSIrati
1513 3159 1658 3217 sunt,
1689 3152 1915 3207 anima:-

325 3258 430 3310 que
458 3257 570 3296 suae
593 3241 859 3313 jacturam
894 3243 1154 3297 fecerunt.
1189 3244 1362 3312 Atque
1405 3243 1505 3312 ipsi
1535 3242 1673 3298 Jobo
1713 3246 1916 3298 vermi-

325 3336 426 3390 bus
451 3345 504 3390 et
526 3335 794 3392 ulceribus
819 3338 1065 3406 graviora
1098 3350 1158 3389 ea
1192 3336 1388 3405 probra
1422 3334 1592 3401 fuere,
1624 3336 1822 3407 quibus
1847 3338 1916 3391 ab

323 3430 512 3484 amicis
548 3440 802 3484 oneratus
835 3429 951 3482 fuit.
987 3427 1128 3483 Nihil
1160 3429 1302 3482 enim
1333 3437 1446 3491 est,
1482 3429 1637 3490 nihil,
1663 3430 1906 3498 inquam,

321 3534 407 3578 est
439 3524 504 3578 iis
524 3524 614 3594 qui
645 3523 924 3577 doloribus
961 3530 1274 3590 premuntur
1306 3521 1723 3584 intolerabilius,
1755 3538 1913 3591 quam

323 3615 497 3668 oratio
526 3631 644 3684 qua:
677 3615 797 3667 illos
829 3615 1090 3666 mordeat.
1120 3611 1383 3680 Quocirca
1411 3627 1532 3665 cum
1567 3613 1824 3680 periculis
1851 3627 1914 3667 ac

325 3705 610 3759 sudoribus
656 3705 771 3759 lucc
820 3705 1086 3770 collocat,
1147 3704 1373 3769 dicens,
1431 3702 1532 3757 Per
1599 3704 1814 3772 gloriam
1867 3715 1915 3757 et

327 3797 685 3864 ignominiam.
727 3796 874 3849 Multi
902 3797 1098 3866 quippe
1118 3837 1133 3860 ,
1157 3797 1316 3850 etiam
1363 3811 1428 3850 ex
1467 3795 1666 3849 Judzcis
1692 3837 1705 3858 ,
1737 3810 1802 3848 ne
1851 3810 1913 3849 ea

326 3888 494 3958 gloria
529 3889 579 3943 in
607 3904 706 3958 qua
737 3887 876 3956 apud
926 3888 1114 3956 vulgus
1151 3895 1309 3942 erant
1354 3887 1663 3941 laberentur
1687 3927 1702 3952 ,
1753 3886 1911 3940 fidem

326 3979 577 4049 amplecti
608 3979 913 4033 noluerunt.
947 3977 1231 4032 Timebant
1257 3979 1439 4043 enim,
1473 3993 1578 4031 non
1609 3994 1674 4030 ne
1699 3977 1908 4046 suppli-

325 4073 409 4125 cio
439 4071 802 4134 afﬁcerentur,
835 4071 930 4125 sed
962 4085 1028 4126 ne
1051 4087 1116 4126 ex
1143 4085 1411 4142 synagoga
1440 4069 1916 4138 proscriberentur

327 4161 508 4232 (Joan.
544 4163 629 4218 12.
663 4164 754 4235 42)
791 4183 803 4219 :
837 4165 976 4218 unde
1016 4164 1180 4219 etiam
1207 4162 1422 4218 dicebat
1452 4161 1719 4224 Christus,
1766 4161 1912 4228 Quo-

323 4255 476 4309 modo
503 4257 712 4324 potestis
744 4256 947 4310 credere
965 4297 981 4321 ,
1009 4257 1095 4322 qui
1122 4254 1340 4327 gloriam
1365 4254 1427 4308 ab
1452 4255 1663 4307 invicem
1689 4255 1916 4321 accipitis

327 4346 508 4416 tJaan.
543 4347 595 4401 5.
632 4348 680 4400 Ιι.
718 4346 817 4417 4)?
861 4350 939 4402 Ac
975 4349 1176 4402 multos
1224 4361 1450 4402 cernere
1490 4354 1609 4410 est,
1647 4345 1737 4415 qui
1792 4361 1912 4400 cum

325 4438 520 4492 acerba
550 4438 730 4491 omnia
754 4438 1230 4508 contempsissent,
1261 4454 1290 4491 a
1320 4438 1490 4507 gloria
1513 4437 1744 4507 superati
1768 4447 1912 4490 sunt.

329 4527 399 4584 Ut
422 4532 711 4583 seductores
738 4537 784 4582 et
810 4521 1028 4581 vei'aces.
1055 4526 1197 4581 Idem
1225 4536 1306 4583 est
1337 4543 1460 4582 cum
1489 4528 1581 4582 illo
1605 4570 1620 4592 ,
1651 4526 1750 4580 Per
1776 4529 1914 4597 infa-

277 4650 290 4657 -
326 4622 482 4674 miam
502 4629 546 4674 et
571 4619 755 4674 bonam
781 4621 993 4688 famam.
1024 4620 1167 4674 Sicut
1197 4621 1282 4691 qui
1307 4620 1468 4689 ignoti
1493 4630 1542 4674 et
1570 4621 1781 4692 cogniti.
1805 4621 1915 4676 Hoc

326 4713 554 4782 idipsum
580 4720 664 4766 est
691 4711 854 4782 quod,
881 4710 982 4763 Per
1001 4711 1217 4783 gloriam
1239 4721 1283 4763 et
1309 4712 1658 4781 ignominiam.
1685 4714 1916 4779 Quibus-

324 4803 446 4857 dam
474 4802 619 4857 enim
660 4803 772 4856 noti
801 4812 957 4856 erant
977 4844 992 4867 ,
1017 4803 1084 4857 ab
1127 4802 1299 4871 iisque
1329 4800 1670 4867 colebantur;
1700 4803 1915 4874 quidam

325 4909 392 4946 ne
436 4907 764 4962 cognoscere
800 4893 1016 4962 quidem
1067 4907 1163 4947 eos
1221 4892 1596 4962 diguabantur.
1645 4893 1697 4949 9.
1757 4894 1916 4960 Quasi

327 4985 615 5049 morientes,
646 4994 692 5038 et
717 5002 829 5039 ecce
855 4986 1087 5041 vivimus.
1124 4985 1193 5040 Ut
1218 4988 1376 5040 tnorti
1418 4987 1634 5042 obnoxii
1661 5003 1723 5042 ac
1764 4989 1917 5043 dam-

325 5075 438 5130 nati
469 5093 484 5128 :
513 5076 652 5145 quod
690 5076 862 5146 ipsum
895 5092 1112 5146 quoque
1139 5076 1429 5147 ignominia
1459 5086 1593 5132 erat.

398 5166 452 5219 4.
489 5165 599 5221 lloc
640 5183 801 5236 porro
831 5168 1079 5233 diccbat,
1115 5177 1226 5224 tum
1269 5177 1329 5223 ut
1366 5169 1778 5226 inenarrabilem
1820 5171 1914 5227 Dei

329 5257 645 5326 potentiam,
681 5268 788 5310 tum
817 5258 1131 5327 patientiam
1186 5273 1337 5314 suam
1383 5259 1704 5316 declararet.
1739 5261 1868 5314 Nam
1897 5301 1912 5324 ,

329 5358 588 5416 quantum
619 5366 782 5419 pcnes
813 5351 1155 5407 insidiatores
1182 5360 1284 5417 est,
1307 5353 1504 5406 mortui
1526 5368 1733 5416 sumus,
1758 5362 1917 5423 atque

330 5444 399 5497 ita
431 5458 620 5499 omnes
650 5445 996 5511 existimant;
1022 5454 1077 5500 at
1101 5445 1282 5500 divina
1319 5445 1555 5514 potentia
1586 5446 1782 5499 factum
1811 5456 1914 5512 est,

329 5546 388 5590 ut
429 5551 494 5590 ex
531 5535 784 5605 periculis
813 5537 986 5606 erepti
1020 5536 1210 5591 simus.
1247 5537 1436 5590 Postea
1478 5550 1574 5590 cur
1603 5535 1720 5591 brcc
1777 5537 1919 5590 Deus

331 5626 605 5695 permittat
630 5628 948 5696 explanans,
977 5627 1288 5700 subiungit,
1341 5626 1409 5683 Ut
1441 5628 1715 5699 castigati,
1743 5637 1790 5682 et
1817 5645 1918 5682 non

332 5719 642 5786 ntortiﬁeati.
684 5718 889 5786 Quibus
939 5718 1175 5784 indicat,
1208 5736 1271 5776 ex
1305 5722 1691 5776 tentationibus
1733 5721 1921 5794 ingen-

334 5819 439 5863 tem
476 5815 634 5865 ctiam
664 5821 787 5865 ante
816 5810 927 5878 ipsa
960 5813 1178 5879 praemia
1230 5814 1458 5867 fructum
1499 5812 1631 5881 ipsis
1681 5813 1917 5882 exoriri,

665 5930 933 5989 PATBOL.
979 5925 1095 5983 Gn.
1140 5923 1297 5984 LXI.

1337 361 1401 418 IN
1441 362 1654 419 EPlST.
1695 358 1739 416 ιι
1803 360 1894 414 AD
1931 358 2086 416 COR.
2129 360 2360 419 IIOMIL.
2401 361 2517 418 ΧΠ.

3519 369 3622 426 6816

2039 479 2331 550 bOSIesque
2353 482 2434 536 vel
2455 481 2649 536 invitos
2676 482 2776 536 sibi
2806 481 2966 537 utiles
2991 483 3228 539 esseJO.
3257 483 3415 552 Quasi
3432 487 3620 552 tristes,

2033 588 2228 642 semper
2263 584 2430 626 autem
2476 575 2772 645 gaudentes.
2816 576 3000 631 Extcri
3030 577 3372 647 sospicantur
3413 595 3510 632 nos
3567 579 3621 634 in

2032 681 2265 721 maerore
2294 681 2446 732 esse;
2492 677 2546 721 at
2591 685 2726 735 nos,
2776 670 2902 739 quid
2941 670 3038 738 ipsi
3081 671 3426 735 existiment,
3480 673 3620 727 haud

2030 757 2358 813 attendimus
2381 801 2394 824 ,
2428 776 2612 814 verum
2643 760 3024 816 ﬂorentissima
3050 762 3324 832 voluptate
3369 761 3617 817 fruimur.

2033 847 2139 900 Nec
2163 863 2289 902 vero
2317 850 2611 919 gaudentes
2631 852 2802 904 solum
2823 853 2977 917 dixit,
3003 853 3097 907 sed
3124 853 3346 917 addidit,
3380 854 3616 922 Semper.

2032 937 2246 1006 Semper
2275 942 2416 995 enim
2443 945 2752 1012 gaudentes,
2805 944 2995 1014 inquit.
3042 945 3245 1015 Ecquid
3288 948 3446 1015 igitur
3499 949 3622 1001 huic

2032 1029 2152 1081 vitae
2184 1046 2279 1100 par
2319 1049 2440 1088 csse
2469 1017 2648 1103 queui,
2680 1037 2878 1106 inqua,
2915 1045 2992 1089 tot
3015 1037 3409 1092 calamitatibus
3438 1038 3620 1092 incur-

2029 1121 2292 1189 Santibus,
2345 1126 2550 1179 auctior
2603 1126 2846 1196 voluptas
2892 1127 3159 1182 efficitur?
3204 1129 3350 1184 Sicut
3380 1140 3618 1200 egentes,

2028 1215 2212 1267 multos
2241 1227 2404 1269 autem
2435 1218 2822 1286 locupletantes.
2848 1220 3072 1286 Quidam
3107 1221 3252 1275 aiunt
3280 1219 3382 1274 hnc
3411 1222 3528 1276 loco
3553 1223 3620 1274 de

2029 1304 2393 1372 spiritualibus
2439 1309 2627 1378 opibus
2654 1312 2814 1366 verba
2858 1311 3043 1366 haberi
3069 1329 3082 1377 ;
3111 1328 3210 1383 ego
3236 1323 3416 1368 autem
3445 1314 3510 1368 de
3555 1314 3619 1367 iis

2027 1411 2239 1465 quoque
2259 1439 2273 1465 ,
2304 1415 2422 1468 qua:
2464 1400 2530 1454 ad
2559 1417 2776 1456 carnem
2803 1404 3031 1458 attinent
3061 1421 3073 1456 :
3106 1421 3226 1458 nam
3264 1414 3318 1458 et
3350 1406 3432 1460 his
3482 1421 3619 1458 novo

2027 1487 2258 1554 quodam
2309 1491 2467 1545 modo
2516 1493 2723 1562 praediti
2776 1505 2970 1557 erant,
3026 1503 3083 1549 ut
3130 1497 3326 1565 quibus
3375 1498 3613 1550 omnium

2028 1579 2173 1634 mdes
2221 1593 2485 1651 paterent.
2518 1586 2691 1655 Atque
2737 1587 2838 1640 hoc
2881 1589 3221 1657 perspicuum
3267 1588 3392 1644 fecit
3437 1607 3500 1644 cx
3550 1607 3617 1645 eo

2026 1673 2167 1740 quod
2199 1673 2452 1745 deinceps
2480 1679 2555 1730 ait
2579 1719 2593 1740 ,
2626 1677 2906 1746 Tamquam
2941 1680 3069 1732 nihil
3094 1680 3350 1745 habentes,
3375 1691 3420 1732 ct
3448 1683 3618 1735 omnia

2028 1768 2357 1833 possidentes.
2393 1769 2463 1823 Et
2489 1771 2576 1838 qui
2614 1771 2726 1824 ﬁeri
2758 1771 2859 1824 hoc
2893 1771 3100 1841 potest?
3122 1773 3360 1842 inquies.
3398 1773 3508 1826 lmo
3530 1774 3618 1842 qui

2025 1859 2353 1912 contrarimn
2401 1859 2514 1915 fieri
2549 1863 2762 1930 potest?
2812 1862 2942 1915 Nam
2974 1863 3063 1932 qui
3119 1863 3289 1916 multa
3333 1864 3613 1932 possidet,

2027 1947 2156 2000 nihil
2200 1950 2390 2015 habet;
2421 1951 2508 2018 qui
2540 1960 2716 2005 autem
2745 1952 2874 2005 nihil
2907 1952 3070 2005 habet
3091 1994 3106 2018 ,
3136 1953 3318 2006 omnia
3350 1953 3612 2023 posieidet.

2024 2043 2207 2112 Neque
2237 2044 2319 2097 hic
2346 2044 2519 2099 solum
2554 2045 2654 2098 hoc
2681 2062 2778 2100 usu
2814 2047 2982 2111 venit,
3013 2046 3109 2102 sed
3143 2059 3196 2101 cl
3231 2047 3282 2101 in
3311 2049 3430 2102 aliis
3459 2052 3618 2104 rebus

2023 2150 2055 2190 e
2099 2136 2380 2190 contrariis
2431 2137 2697 2191 contraria
2745 2138 3029 2191 exsistunt.
3082 2137 3237 2204 Quod
3283 2139 3327 2192 si
3385 2139 3602 2193 miraris

2024 2242 2255 2296 quonam
2289 2227 2448 2280 modo
2473 2227 2580 2293 ﬁat,
2613 2237 2668 2281 ut
2698 2227 2786 2297 qui
2817 2229 2976 2282 rebus
3001 2229 3251 2283 omnibus
3280 2241 3443 2293 caret,
3485 2247 3618 2286 cun-

2025 2326 2108 2368 cta
2143 2317 2355 2382 habeat,
2388 2317 2526 2372 hunc
2568 2319 2740 2388 ipsum
2776 2319 2998 2372 Paulum
3033 2319 3084 2372 in
3116 2319 3348 2373 medium
3379 2320 3617 2376 adduca-

2025 2423 2142 2460 tnus
2166 2448 2181 2474 ,
2211 2408 2299 2478 qui
2329 2408 2444 2462 orbi
2480 2417 2742 2463 terrarum
2772 2409 3106 2478 imperabat,
3139 2426 3238 2465 nec
3267 2412 3614 2480 pecuniarum

2026 2511 2248 2566 tantum,
2272 2502 2366 2556 sed
2393 2511 2447 2556 et
2468 2505 2748 2558 oculorum
2767 2505 3007 2560 omnium
3026 2504 3274 2560 dominus
3296 2516 3412 2562 erat
3437 2523 3612 2572 :naiu,

2025 2591 2086 2646 Si
2114 2593 2226 2662 ﬁeri
2267 2595 2543 2661 potuisset,
2576 2595 2781 2664 inquit,
2815 2597 2988 2649 oculos
3034 2605 3220 2651 vestros
3246 2599 3503 2651 eruissetis
3525 2641 3538 2662 ,
3565 2608 3614 2652 et

2025 2685 2147 2737 mihi
2176 2685 2438 2740 dedissetis
2471 2685 2612 2756 (Gal.
2646 2689 2698 2740 4.
2735 2688 2848 2758 15).
2873 2687 2996 2742 [hcc
3030 2701 3190 2756 porro
3220 2688 3350 2742 dicit
3371 2732 3383 2751 ,
3415 2699 3472 2743 ut
3515 2705 3616 2744 nos

2023 2777 2213 2833 doceat
2252 2789 2308 2832 ut
2335 2794 2402 2834 ne
2432 2781 2502 2834 ob
2533 2780 2671 2850 vulgi
2725 2781 3004 2850 opiniooes
3051 2783 3329 2837 turbcmur
3351 2827 3366 2851 ,
3399 2786 3613 2840 etiamsi

2024 2884 2123 2925 nos
2150 2869 2471 2941 imposlorcs
2498 2873 2790 2941 appellent,
2830 2873 3040 2928 etiamsi
3082 2889 3180 2929 nos
3207 2875 3494 2944 ignorent,
3519 2879 3617 2933 da-

2022 2971 2232 3016 mnatos
2248 2963 2576 3026 existiment,
2605 2963 2816 3017 etiamsi
2849 2965 2899 3018 in
2932 2979 3164 3019 maerore
3191 2975 3349 3036 atque
3377 2976 3617 3039 egestate

2023 3054 2223 3110 versari
2262 3064 2444 3122 putent
2487 3065 2541 3108 et
2595 3055 2772 3124 inopia
2831 3057 3021 3123 premi,
3077 3058 3307 3119 etiamsi,
3355 3073 3476 3113 cum
3507 3061 3615 3115 la'ti

2023 3146 2209 3212 simus,
2238 3157 2430 3200 mmsto
2461 3148 2641 3201 animo
2663 3162 2782 3201 esse
2808 3149 2988 3202 dicant
3012 3168 3023 3202 :
3053 3151 3482 3220 quandoquidem
3516 3169 3617 3210 nec

2021 3239 2177 3293 caecis
2209 3239 2519 3308 perspicuus
2550 3250 2632 3293 est
2662 3240 2790 3293 solis
2822 3239 3082 3309 splendor
3104 3282 3116 3304 ,
3161 3256 3260 3294 nec
3287 3242 3493 3297 insanis
3522 3259 3610 3298 sa-

2021 3332 2279 3400 pientium
2351 3330 2618 3402 voluptas.
2665 3331 2777 3386 Soli
2827 3332 2969 3386 enim
3030 3333 3098 3402 pii
3161 3333 3258 3388 viri
3311 3335 3442 3389 recti
3490 3347 3618 3392 sunt

2022 3437 2203 3477 rerum
2241 3421 2454 3492 judices
2476 3464 2491 3489 ,
2526 3436 2625 3476 nec
2651 3421 2720 3476 de
2755 3422 2944 3477 iisdem
2972 3424 3170 3492 quibus
3195 3425 3283 3478 alii
3315 3426 3476 3480 rebus
3522 3429 3608 3482 vel

2021 3513 2252 3584 gaudent
2300 3513 2384 3567 vel
2427 3521 2718 3582 anguntur.
2767 3512 2901 3566 Nam
2930 3514 2974 3567 si
3003 3515 3123 3584 quis
3153 3516 3416 3584 palaestra:
3465 3518 3614 3572 rudis

2022 3605 2254 3674 pugilem
2287 3603 2598 3660 vulneribus
2628 3602 2877 3658 aﬁ'eclum
2912 3615 3119 3673 spectet
3148 3621 3210 3659 ac
3238 3622 3435 3660 corona
3468 3608 3613 3664 redi-

2021 3698 2240 3757 mitum,
2272 3713 2396 3750 eum
2444 3697 2514 3750 ob
2545 3697 2766 3751 vulnera
2811 3697 3423 3768 discruciarijudicarit,
3471 3703 3614 3770 quod

2019 3801 2275 3860 quantam
2301 3790 2349 3844 ei
2377 3803 2575 3844 corona
2599 3789 2923 3857 voluptatem
2956 3791 3126 3858 pariat
3148 3790 3375 3861 ignoret.
3413 3793 3612 3848 Eodem

2024 3883 2184 3937 modo
2215 3883 2341 3948 isti,
2385 3882 2510 3951 quia
2542 3896 2661 3950 qua:
2688 3883 2920 3950 patimur
2950 3889 3149 3936 norunt
3175 3923 3189 3948 ,
3221 3899 3283 3937 ea
3311 3893 3491 3940 autem
3544 3887 3615 3943 ob

2020 3991 2139 4044 qua:
2170 3975 2400 4042 patimur
2428 3973 2692 4038 nesciunt,
2719 3988 2824 4027 non
2855 3974 3048 4028 mirum
3073 3975 3117 4030 si
3144 3975 3257 4030 haec
3279 3977 3392 4031 sola
3415 3992 3611 4048 suspe-

2020 4077 2102 4121 cta
2151 4067 2401 4132 habeant,
2433 4075 2490 4120 ut
2539 4066 2629 4135 qui
2681 4065 2974 4120 certamina
3012 4066 3226 4136 quidem
3267 4077 3321 4122 et
3377 4069 3610 4137 pericula

2022 4159 2368 4228 pcrspiciant,
2391 4158 2612 4226 praemia
2641 4166 2822 4211 autem
2847 4167 2902 4212 et
2930 4173 3157 4212 coronas
3180 4168 3233 4212 ct
3257 4163 3610 4216 certaminum

2020 4266 2234 4305 causam
2260 4266 2388 4327 Onon
2434 4251 2582 4304 item.
2615 4250 2874 4315 Qua'nam
2916 4267 3045 4322 ergo
3087 4267 3148 4306 ea
3191 4255 3368 4307 omnia
3415 4265 3606 4321 erant,

2021 4359 2140 4414 qua:
2171 4343 2369 4398 Paulus
2396 4342 2724 4412 possidebat,
2757 4358 2878 4396 cum
2909 4343 3148 4409 diceret,
3183 4343 3461 4413 Tamquam
3485 4348 3615 4401 nihil

2020 4435 2258 4489 habentes
2284 4445 2329 4488 et
2355 4437 2526 4488 omnia
2545 4436 2862 4504 possidentes
2879 4437 2904 4489 ?
2924 4435 3185 4491 Mundaua
3211 4448 3260 4492 et
3291 4439 3609 4506 spiritualia.

2021 4528 2116 4583 llle
2145 4527 2286 4581 enim
2313 4543 2472 4596 quem
2502 4528 2665 4582 urbes
2691 4527 2834 4580 velut
2875 4529 3120 4597 angelum
3149 4530 3459 4599 exciperent
3483 4572 3497 4595 ,
3550 4547 3613 4584 ac

2022 4635 2120 4690 pro
2149 4637 2256 4692 quo
2283 4621 2510 4677 ell'ossos
2550 4621 2737 4675 oculos
2783 4621 3030 4686 tradere,
3075 4639 3171 4691 pro
3211 4639 3320 4693 quo
3372 4625 3615 4680 cervices

2022 4727 2147 4766 snas
2172 4728 2446 4781 exponere
2474 4714 2643 4782 parati
2679 4713 2828 4766 multi
2853 4723 3033 4768 essent
3051 4756 3065 4779 ,
3091 4729 3269 4768 annon
3312 4715 3402 4770 ille
3427 4716 3606 4771 omnia

2022 4819 2206 4858 eorum
2264 4805 2401 4856 bona
2437 4801 2781 4871 possidebat?
2805 4802 2958 4870 Quod
2989 4806 3031 4856 si
3063 4805 3358 4872 Spiritualia
3389 4821 3605 4876 quoque

2024 4897 2330 4966 perspicere
2361 4896 2509 4958 libet,
2544 4894 2746 4950 videbis
2774 4911 2896 4950 eum
2928 4899 2978 4948 in
3015 4897 3076 4948 iis
3103 4897 3335 4951 maxime
3367 4897 3603 4969 locuple-

2025 4996 2152 5041 tem.
2184 4985 2318 5041 Nam
2346 4985 2435 5056 qui
2464 4986 2516 5039 in
2550 4993 2693 5040 tanta
2716 4987 2957 5040 omnium
2988 4986 3146 5055 Regis
3175 4988 3407 5052 amicitia
3433 5004 3613 5043 versa-

2022 5081 2198 5144 batur,
2218 5087 2278 5134 ut
2302 5079 2614 5148 angelorum
2644 5077 2905 5133 Dominus
2930 5093 3123 5132 arcana
3156 5094 3248 5132 sua
3283 5079 3379 5149 ipsi
3410 5080 3614 5150 imper-

2025 5173 2149 5228 tiret
2179 5190 2191 5225 :
2222 5173 2310 5243 qui
2353 5171 2468 5226 ﬁeri
2501 5179 2726 5240 poterat,
2756 5170 2884 5240 quin
2910 5184 3101 5224 omnes
3140 5171 3329 5239 Opibus
3358 5172 3615 5238 anteiret,

2023 5273 2184 5334 atque
2210 5263 2387 5317 omnia
2420 5262 2754 5332 possideret?
2784 5262 2899 5316 Non
2927 5262 3071 5316 enim
3115 5263 3310 5332 alioqui
3341 5263 3619 5318 daamoucs

2026 5354 2096 5408 ita
2142 5354 2190 5408 ei
2239 5354 2566 5417 cessissent;
2616 5367 2743 5406 non'
2771 5352 2842 5406 ita
2883 5352 3100 5406 dolores
3129 5367 3191 5407 ac
3232 5353 3405 5408 morbi
3437 5352 3615 5424 fugam

2025 5447 2434 5517 corripuissent.
2491 5445 2724 5500 Proinde
2775 5459 2876 5499 nos
2931 5460 3180 5515 quoque,
3233 5460 3355 5499 cum
3397 5456 3620 5516 propter

2025 5538 2296 5594 Christum
2350 5538 2491 5590 malo
2534 5535 2840 5601 afﬁcimur,
2894 5553 3001 5591 non
3055 5537 3216 5590 modo
3267 5535 3616 5599 l'ortem,sed

2027 5631 2188 5686 etiam
2216 5628 2397 5682 lretutn
2427 5629 2660 5682 animum
2689 5628 3025 5697 praebeamus
3054 5645 3068 5686 :
3101 5628 3146 5682 si
3166 5627 3494 5697 jejunamus,
3523 5638 3621 5697 pe-

2029 5719 2181 5776 rinde
2228 5720 2559 5776 cxsultemus
2602 5735 2666 5772 ac
2720 5720 2764 5774 si
2815 5720 2868 5773 in
2916 5719 3194 5789 voluptate
3240 5729 3520 5779 essemus;
3569 5719 3616 5770 st

2030 5812 2380 5870 contumelias
2417 5812 2748 5881 accipimus,
2791 5824 2854 5866 ac
2900 5811 2946 5865 si
3001 5808 3340 5863 laudaremur
3384 5802 3623 5872 choreas

3154 5919 3228 5980 31
