4068 6414
545 388 618 443 ’48
628 388 655 439 't'

550 515 774 569 agamus
796 539 812 565 ,
841 498 882 551 si
913 504 1155 564 sumplus
1185 490 1408 545 iacimus
1427 526 1445 554 ,
1471 487 1543 541 ita
1569 484 1741 538 allecti
1765 481 1953 545 simus,
1996 490 2056 529 ac
2082 473 2127 525 si

550 602 785 662 qureslus
817 590 1101 651 faciamus;
1133 585 1177 639 si
1210 581 1528 653 pauperibus
1552 576 1805 647 largimur
1831 615 1845 637 ,
1881 572 2124 639 nosipsos

550 685 796 753 accipere
825 682 1145 735 arbitremur
1191 693 1206 730 :
1253 689 1377 730 nam
1404 672 1493 742 qui
1523 685 1626 723 non
1673 683 1738 721 eo
1765 667 1943 719 animo
1992 662 2122 753 dat,

553 751 851 829 necifacile
888 770 1053 825 dabit.
1082 769 1259 836 Quare
1302 780 1425 820 cum
1473 763 1551 815 vis
1596 774 1881 831 spargere,
1926 771 2030 810 non
2073 751 2124 806 id

549 868 718 919 solum
765 872 942 933 specta
976 860 1116 931 qttod
1164 856 1458 927 expendis,
1503 852 1594 908 sed
1640 855 1740 904 hoc
1789 850 1947 903 etiam
1985 845 2124 916 quod

552 959 698 1026 plura
733 953 995 1017 lucraris;
1027 960 1080 1006 et
1111 951 1212 1003 hoc
1245 948 1391 1017 prius
1419 960 1578 1014 quam
1611 940 1758 995 illud.
1790 939 1897 993 Nec
1926 952 2051 992 vero
2071 935 2124 989 itt

549 1052 889 1117 cleemosyna
915 1044 1112 1107 solum,
1143 1042 1237 1097 sed
1269 1041 1320 1095 in
1348 1038 1491 1093 omni
1519 1049 1730 1105 quoque
1754 1034 1983 1096 virtute,
2016 1045 2124 1083 non

546 1142 786 1197 laborum
830 1136 1199 1201 acrimoniam,
1243 1131 1336 1187 sed
1392 1128 1731 1202 praemiorum
1786 1124 2123 1187 suavitatem,

548 1245 706 1302 atque
734 1241 857 1285 ante
895 1230 1072 1285 omnia
1115 1225 1411 1289 Christum,
1442 1221 1533 1291 qui
1563 1216 1916 1273 certaminum
1964 1227 2124 1269 causa

546 1335 664 1388 est,
720 1323 812 1377 tibi
857 1334 1115 1391 propone.
1165 1317 1252 1370 Sic
1294 1314 1414 1378 ﬁet,
1458 1322 1513 1364 ιιι
1555 1309 1845 1364 certamina
1902 1306 2127 1374 impigre

546 1417 709 1470 adeas
736 1455 749 1478 ,
797 1422 959 1481 atque
995 1424 1207 1464 onmem
1252 1408 1376 1461 vita:
1424 1417 1639 1457 cursum
1686 1415 1807 1454 cum
1853 1397 2126 1466 voluptate

543 1505 818 1560 conﬁcias.
858 1501 1040 1570 Neque
1074 1498 1216 1552 enim
1245 1496 1533 1568 quidquam
1585 1499 1702 1556 est,
1731 1490 1872 1559 quod
1924 1496 2124 1541 tantam

547 1598 869 1666 voluptatem
911 1592 1129 1656 afferat,
1180 1598 1234 1643 ut
1273 1589 1484 1640 animus
1522 1584 1621 1638 sibi
1677 1582 1814 1636 bene
1855 1577 2122 1635 conscius.

550 1692 834 1759 Propterea
860 1686 1057 1742 Paulus
1082 1683 1316 1755 quidem,
1347 1696 1467 1734 cum
1494 1676 1717 1747 singulis
1741 1673 1929 1728 diebus
1961 1682 2122 1723 vexa-

546 1791 712 1844 retur,
739 1778 1002 1851 gaudebat
1024 1786 1078 1832 et
1119 1774 1417 1830 exsultabat
1443 1790 1457 1828 :
1486 1785 1625 1825 nunc
1671 1776 1849 1822 autem
1883 1765 2124 1819 homines

546 1889 613 1928 ne
645 1887 742 1942 per
770 1869 1035 1926 somnium
1089 1866 1302 1938 quidem
1344 1864 1533 1918 horum
1566 1858 1769 1930 aliquid
1822 1857 2121 1928 perpetien-

545 1976 645 2032 tes,
679 1964 861 2019 dolent
888 1976 951 2017 ac
978 1960 1154 2016 moesti
1180 1965 1324 2023 sunt,
1357 1957 1555 2011 nullam
1585 1955 1744 2009 aliam
1790 1953 1859 2008 ob
1884 1966 2120 2017 causam,

547 2073 705 2128 quam
736 2054 876 2126 quod
926 2052 1295 2125 pbilosophico
1340 2049 1519 2103 animo
1572 2044 1779 2117 praediti
1828 2060 1932 2099 non
1990 2042 2120 2097 sint.

544 2150 756 2220 Alioqui
802 2148 944 2203 enim
988 2157 1224 2216 exponas
1265 2141 1393 2197 mihi
1436 2140 1595 2195 velint
1644 2137 1769 2209 quid
1819 2136 1888 2191 sit
1932 2150 2122 2206 quam-

542 2244 728 2297 obrem
768 2238 991 2309 lugeas?
1023 2253 1090 2291 an
1117 2237 1237 2306 quia
1286 2248 1488 2304 pauper
1524 2245 1601 2295 es,
1634 2245 1696 2284 ac
1726 2245 1905 2285 rerum
1932 2242 2118 2283 ncces-

543 2332 802 2387 sariarnm
829 2329 1006 2400 inopia
1030 2325 1325 2398 premeris?
1342 2323 1489 2395 Ergo
1508 2323 1628 2377 ideo
1659 2322 1837 2391 potius
1865 2319 2123 2389 lugendus

543 2440 624 2486 es,
656 2438 761 2477 non
783 2420 904 2492 quia
935 2419 1114 2489 ploras
1152 2432 1252 2472 nec
1276 2417 1398 2487 quia
1428 2428 1554 2484 eges
1575 2455 1590 2478 ,
1618 2412 1714 2468 sed
1740 2413 1863 2483 quia
1910 2410 2119 2479 abiecto

543 2530 603 2569 es
632 2513 811 2567 animo
830 2529 846 2570 :
867 2526 973 2567 non
1002 2510 1121 2580 quia
1152 2506 1382 2562 nummis
1406 2520 1576 2569 cares,
1601 2505 1694 2560 sed
1726 2504 1848 2574 quia
1875 2516 2120 2556 nummos

544 2605 676 2659 tanti
720 2605 975 2659 :estimas.
1030 2602 1086 2656 In
1135 2599 1376 2671 singulos
1413 2599 1528 2653 dies
1580 2604 1756 2652 morte
1800 2595 2120 2665 fungebatur

543 2698 739 2752 Paulus
764 2738 779 2763 ,
810 2711 908 2750 nec
942 2703 1116 2748 tamen
1145 2692 1421 2762 plorabat,
1456 2693 1561 2744 imo
1590 2689 1752 2745 etiam
1781 2687 2061 2742 laitabatttr
2102 2703 2115 2739 :

543 2805 664 2844 cum
705 2796 957 2859 perpetua
994 2784 1140 2839 fame
1168 2782 1505 2846 luctabatur,
1554 2794 1652 2836 nec
1701 2778 1952 2843 dolebat,
2011 2778 2118 2831 imo

546 2882 707 2935 etiam
738 2877 1081 2949 gloriabatur.

702 2974 771 3026 At
816 2978 890 3034 tu,
946 2970 1068 3038 quia
1115 2967 1275 3021 totius
1313 2967 1441 3025 anni,
1482 2972 1769 3034 proventus
1816 2961 2119 3017 reconditos

544 3082 649 3119 non
690 3064 886 3126 babes,
921 3061 1132 3130 angoris
1170 3067 1327 3129 teque
1353 3055 1583 3127 amigis?
1621 3056 1735 3111 Non
1771 3056 1985 3120 mirum,
2033 3055 2116 3107 in-

544 3159 665 3227 quis
695 3174 708 3210 :
739 3156 827 3209 ille
853 3153 995 3208 enim
1026 3151 1093 3207 de
1115 3168 1174 3206 se
1197 3160 1400 3206 tantum
1429 3160 1543 3203 erat
1563 3148 1821 3204 sollicitus
1844 3164 1859 3214 ;
1883 3161 1969 3202 me
1992 3160 2117 3201 vero

543 3259 597 3302 et
625 3247 769 3302 servi
798 3254 852 3300 et
880 3245 1029 3299 liberi
1054 3252 1108 3297 et
1133 3258 1264 3298 uxor
1282 3242 1566 3297 sollicitum
1601 3251 1802 3296 tenent.
1848 3239 1960 3293 luto
1988 3253 2117 3294 vero

544 3340 633 3393 ille
671 3353 774 3392 non
804 3350 980 3391 rerum
1024 3350 1239 3389 suarum
1273 3342 1473 3387 tantmn
1524 3331 1934 3387 sollicitudinem
1962 3343 2113 3400 gere-

542 3433 657 3497 bat,
681 3430 773 3485 sed
813 3430 1043 3483 universi
1076 3438 1336 3483 terrarum
1375 3427 1519 3481 urbis
1550 3445 1561 3481 :
1590 3442 1654 3481 ac
1686 3437 1736 3479 tu
1780 3426 1993 3494 quidem
2023 3440 2117 3493 pro

542 3525 696 3578 unica
721 3522 882 3577 domo
904 3520 1260 3575 sollicitudine
1288 3518 1548 3585 afﬁceris;
1584 3520 1670 3572 ille
1699 3530 1879 3572 autem
1923 3532 2016 3586 pro
2040 3525 2116 3571 tot

540 3611 1004 3684 Jerosolymitanis
1044 3610 1385 3680 pauperibus,
1439 3626 1537 3680 pro
1582 3608 1966 3673 Macedonicis,
2020 3623 2116 3677 pro

539 3707 788 3764 omnibus
813 3704 1043 3775 denique
1070 3706 1252 3776 egenis
1278 3703 1369 3774 qui
1392 3694 1586 3773 ubiqtie
1612 3712 1786 3769 erant,
1822 3718 1919 3757 nec
1942 3703 2116 3758 minus

540 3815 638 3871 pro
668 3800 733 3854 iis
759 3801 849 3869 qui
874 3799 1003 3867 ipsis
1038 3796 1419 3867 largiebantur,
1452 3811 1610 3866 quam
1642 3810 1740 3866 pro
1767 3796 1830 3849 iis
1855 3794 1940 3865 qui
1968 3795 2113 3849 acci—

536 3890 775 3961 piebant.
803 3888 1004 3958 Duplex
1035 3888 1178 3943 enim
1204 3888 1376 3960 ipsum
1405 3887 1454 3941 in
1487 3896 1749 3942 terrarum
1774 3888 1957 3942 orbem
1985 3901 2113 3942 cura

537 3984 806 4055 tangebat,
836 3997 1029 4052 nempe
1056 3991 1115 4037 ut
1142 3996 1211 4037 ue
1236 3981 1397 4036 rebus
1422 3980 1488 4035 ad
1514 3981 1673 4035 vitam
1702 3980 2021 4035 necessariis
2043 3980 2116 4033 in-

535 4080 797 4149 digerent,
832 4086 886 4134 et
916 4086 979 4132 ut
1010 4075 1373 4147 spiritualibns
1405 4075 1592 4145 opibus
1631 4072 1982 4129 abundarent.
2007 4071 2116 4128 Nec

535 4186 662 4226 vero
694 4179 894 4226 tantum
923 4169 1170 4225 mceroris
1195 4168 1288 4224 tibi
1312 4167 1542 4223 aﬂerunt
1573 4168 1664 4222 lilii
1692 4167 1830 4222 fame
1861 4167 2113 4222 laboran—

538 4271 639 4326 tes,
657 4269 914 4331 quautum
937 4261 1035 4330 ipsi
1054 4260 1285 4314 ﬁdelium
1312 4260 1551 4313 omnium
1577 4259 1811 4329 negOtia.
1831 4258 1966 4324 Quid
1995 4257 2114 4312 dico

536 4350 814 4406 ﬁdelium?
843 4366 965 4405 nam
994 4365 1167 4421 neque
1195 4351 1263 4405 ab
1291 4348 1582 4404 inﬁdelium
1606 4365 1731 4405 cura
1763 4350 2000 4416 vacabat,
2027 4363 2116 4403 ve-

535 4459 654 4498 rum
685 4460 747 4499 ea
789 4443 861 4497 ita
902 4441 1304 4505 conﬁciebatur,
1332 4450 1391 4495 ut
1432 4457 1619 4498 eorum
1662 4441 1784 4496 loco
1830 4441 2115 4497 anathema

535 4550 750 4606 quoque
788 4534 902 4589 ﬁeri
948 4543 1157 4604 Optaret
1186 4552 1200 4592 :
1230 4545 1282 4589 tu
1323 4548 1470 4601 vero,
1502 4550 1567 4588 ne
1603 4535 1646 4589 si
1677 4535 1871 4590 millies
1896 4534 2113 4605 quidem

538 4629 706 4684 fames
754 4627 1123 4693 invalesceret,
1184 4642 1281 4696 pro
1337 4625 1445 4680 ullo
1490 4638 1664 4682 tamen
1710 4626 1929 4681 homine
1979 4625 2113 4680 mori

524 4722 721 4793 velles.
752 4721 829 4774 Ac
853 4729 906 4771 tu
937 4719 1148 4787 quidem
1177 4734 1272 4789 pro
1295 4717 1449 4775 unica
1475 4735 1643 4775 uxore
1675 4719 1726 4773 iu
1754 4734 1880 4774 cura
1908 4734 1999 4784 es;
2028 4719 2114 4774 ille

537 4800 715 4867 autem
747 4824 843 4880 pro
874 4809 1121 4863 omnibus
1142 4810 1302 4866 totius
1323 4812 1467 4866 orbis
1488 4812 1741 4867 Eeclesiis
1765 4826 1778 4863 :
1805 4811 2113 4866 Sollicitudo

535 4905 677 4957 enim
708 4917 848 4965 mea,
898 4901 1086 4970 inquit,
1118 4905 1342 4956 omnium
1385 4901 1727 4958 Ecclesiarum
1764 4901 1839 4975 (2.
1870 4902 1987 4957 Cor.
2023 4904 2111 4958 ll.

534 4993 651 5063 28).
683 4993 972 5060 Quousque
1020 5008 1149 5063 ergo
1198 4994 1386 5063 ludes,
1428 5012 1461 5049 ο
1489 4997 1668 5059 1ιοιιιο,
1718 4996 1943 5065 teipsum
1990 5012 2111 5051 cum

538 5086 702 5139 l‘aulo
722 5085 1032 5140 conferens?
1056 5103 1159 5141 non
1190 5097 1245 5141 tu
1272 5089 1371 5142 hac
1394 5095 1539 5141 tanta
1561 5088 1721 5141 animi
1753 5088 2114 5145 imbecillitate

534 5177 778 5233 laborare
823 5176 1077 5232 desines?
1112 5176 1613 5249 Collacrymandum
1661 5179 1801 5233 enim
1856 5188 1957 5245 est,
2009 5196 2112 5235 non

533 5282 656 5322 cum
689 5268 741 5321 in
772 5279 1083 5338 paupertate
1121 5286 1339 5335 sumus,
1374 5269 1467 5324 sed
1507 5284 1628 5324 eum
1661 5284 1941 5338 peccamus
1971 5289 1984 5324 :
2013 5272 2113 5328 hoc

534 5360 732 5431 quippe
769 5369 885 5427 est,
916 5361 1057 5430 quod
1104 5361 1366 5433 lacrymas
1395 5372 1656 5426 meretur;
1693 5378 1813 5417 nam
1861 5365 1963 5418 alia
2003 5366 2111 5420 risu

529 5454 689 5523 digna
723 5463 865 5509 sunt.
901 5456 968 5508 At
1002 5469 1104 5507 non
1152 5452 1254 5507 hoc
1282 5452 1559 5508 dumtaxat
1598 5454 1727 5508 mihi
1761 5457 1978 5512 maerori
2009 5466 2109 5521 est,

534 5548 730 5619 inquis,
760 5548 854 5604 sed
886 5546 1015 5601 illud
1043 5561 1272 5615 quoque,
1303 5546 1442 5615 quod
1468 5545 1555 5602 hic
1585 5550 1818 5618 potentia
1856 5548 2111 5618 prtcditus

533 5652 639 5709 est,
661 5658 761 5712 ego
787 5652 961 5696 autem
989 5641 1162 5709 jaceo.
1193 5639 1327 5708 Quid
1361 5642 1507 5695 tum?
1534 5644 1647 5712 ipse
1673 5660 1887 5715 quoque
1915 5644 2112 5699 Paulus

535 5733 785 5803 ignobilis
822 5743 984 5802 atque
1009 5731 1246 5800 abiectus
1285 5734 1552 5806 plerisque
1584 5735 1881 5791 videbatur.
1916 5734 2110 5792 Verum

532 5819 725 5876 Paulus
749 5823 836 5879 ille
857 5833 990 5889 erat,
1024 5824 1217 5894 inquis.
1252 5826 1390 5898 Ergo
1419 5842 1523 5882 non
1550 5842 1728 5883 rerum
1762 5838 1978 5897 natura,
2009 5831 2102 5886 sed

1238 377 1295 432 S.
1336 370 1611 431 JOANNIS
1648 359 2110 422 CllllYSOSTOMl
2150 360 2459 414 Alltlllllil'.
2500 363 3025 426 CONSTANTINOP.

3728 382 3831 438 £38

2240 481 2399 535 animi
2428 484 2782 538 imbecillitas
2827 485 2963 540 hanc
3009 486 3099 540 tibi
3133 488 3441 544 tumstitiam
3468 489 3647 546 aﬂeﬂ.
3683 493 3831 562 Quu-

2236 574 2375 628 circa
2401 587 2765 645 paupertatem
2816 577 2922 633 noli
2955 577 3179 646 deﬂere,
3208 595 3395 635 verum
3425 591 3481 634 te
3502 583 3706 650 ipsum,
3738 586 3827 654 qui

2236 666 2304 719 ita
2346 665 2566 720 affectus
2611 668 2730 723 sis:
2765 668 2871 721 imo
2928 685 3056 723 vero
3103 671 3331 739 teipsum
3386 687 3455 726 ne
3508 672 3675 737 deﬂe,
3734 675 3825 729 sed

2235 756 2408 827 potius
2436 759 2664 828 corrige,
2697 774 2794 814 nec
2837 774 2967 829 opes
3011 775 3193 828 qurere
3215 804 3232 823 ,
3273 762 3367 818 sed
3393 762 3532 833 quod
3557 764 3823 833 majorem

2234 865 2390 920 quam
2423 851 2642 904 inﬁnite
2668 866 2798 920 epes
2828 851 3067 905 lauitiam
3095 854 3253 921 parit,
3282 864 3598 908 consectare
3619 896 3635 918 ,
3666 871 3821 909 nem-

2238 958 2301 1011 pe
2345 940 2735 1011 philosophiam
2784 956 2849 996 ac
2902 945 3174 997 virtutem.
3221 943 3348 999 llaec
3391 946 3532 1000 enim
3575 945 3623 999 si
3656 946 3818 1013 adsit,

2235 1032 2364 1085 nihil
2402 1042 2559 1085 nocet
2599 1041 2918 1101 paupertas;
2960 1034 3003 1087 si
3050 1034 3209 1098 desit,
3248 1033 3377 1087 nihil
3408 1044 3635 1103 prosunt
3665 1049 3820 1104 opes.

2233 1122 2369 1191 Quid
2398 1124 2564 1187 enim,
2589 1137 2687 1177 oro
2715 1133 2787 1187 te,
2824 1124 3068 1179 utilitatis
3102 1127 3337 1195 capiunt,
3365 1126 3453 1195 qui
3478 1125 3814 1196 opibus-qui-

2233 1215 2352 1270 dem
2380 1212 2625 1276 aftluunt,
2656 1231 2842 1270 verum
2887 1230 3147 1285 pauperes
3188 1217 3397 1271 animos
3424 1216 3666 1271 habent?
3704 1217 3818 1271 Non

2233 1316 2290 1361 tu
2308 1316 2413 1359 tam
2444 1308 2700 1361 miserum
2728 1316 2777 1361 te
2806 1307 2976 1375 ipsum
3003 1322 3211 1374 censes,
3242 1322 3401 1376 quam
3426 1307 3577 1362 dives
3607 1307 3703 1363 ille
3729 1322 3817 1363 se-

2232 1399 2424 1467 ipsum,
2456 1398 2710 1466 quianon
2752 1398 2988 1452 omnium
3028 1412 3159 1467 opes
3203 1398 3382 1452 habet.
3412 1396 3565 1464 Quod
3614 1400 3662 1452 si
3710 1414 3814 1452 non

2234 1489 2454 1560 perinde
2476 1500 2532 1544 ut
2560 1499 2612 1543 tn
2632 1491 2969 1556 lamentatur,
2986 1490 3151 1561 ipsius
3170 1490 3554 1545 conscientiam
3578 1489 3810 1560 explica,

2229 1595 2281 1639 et
2305 1582 2715 1640 lamentationes
2740 1594 2900 1655 atque
2934 1584 3196 1654 singultus
3222 1583 3450 1639 videbis.

2302 1676 2434 1745 Opes
2473 1692 2708 1745 quaenam
2745 1691 2875 1729 certe
2912 1676 3029 1730 sint.
3066 1674 3326 1744 Pauper“
3354 1676 3593 1731 divitibus
3617 1676 3812 1747 felicio-

2227 1783 2328 1821 res.
2358 1796 2431 1806 —
2461 1765 2548 1820 Vis
2590 1776 2704 1821 tuas
2748 1766 2840 1821 tibi
2887 1781 3018 1836 opes
3055 1766 3359 1829 ostendam,
3407 1776 3466 1821 ut
3490 1766 3684 1823 beatos
3719 1782 3810 1821 eos

2227 1858 2798 1922 existimaredesiuas,
2829 1860 2917 1929 qui
2961 1867 3087 1914 sunt
3135 1859 3471 1930 locupletes?
3502 1859 3667 1915 Vides
3713 1860 3809 1913 hoc

2226 1952 2435 2017 caelum,
2470 1966 2628 2021 quam
2656 1952 2989 2021 praeclarum,
3015 1967 3173 2021 quam
3195 1952 3384 2023 ingens
3406 1992 3422 2017 ,
3453 1967 3617 2022 quam
3649 1952 3810 2006 subli-

2226 2044 2298 2099 mi
2322 2044 2441 2099 loco
2468 2044 2668 2098 situm?
2694 2043 2806 2099 Hac
2836 2043 2927 2099 ille
2951 2043 3348 2113 pulchritudine
3383 2043 3554 2099 nihilo
3577 2044 3807 2114 amplius

2227 2134 2419 2190 fruitur
2439 2150 2596 2205 quam
2631 2144 2705 2200 tu,
2748 2149 2845 2189 nec
2876 2144 2927 2190 te
2949 2134 3037 2189 ille
3068 2136 3388 2206 pr0pellere,
3419 2143 3704 2206 totumque
3729 2137 3806 2189 sui

2221 2228 2357 2297 juris
2394 2226 2605 2282 efﬁcere
2632 2236 2792 2298 queat
2819 2244 2834 2280 :
2866 2236 2923 2281 ut
2950 2227 3092 2281 enim
3125 2234 3342 2297 propter
3362 2226 3511 2281 illum
3541 2235 3633 2282 est
3655 2240 3801 2281 crea-

2227 2329 2358 2386 tum,
2398 2320 2465 2374 ita
2493 2321 2651 2374 etiam
2682 2330 2902 2391 propter
2922 2330 3001 2375 te.
3044 2318 3182 2388 Quid
3203 2319 3305 2385 sol,
3337 2319 3676 2389 splendidum
3708 2318 3803 2374 hoc

2225 2409 2372 2465 sidus
2421 2425 2484 2464 ac
2530 2410 2777 2476 rutilans,
2807 2418 2968 2480 atque
2995 2410 3181 2465 oculos
3229 2419 3446 2465 nostros
3491 2407 3802 2466 obiectans?

2225 2515 2405 2554 annon
2446 2500 2747 2555 communis
2803 2501 2891 2555 hic
2941 2514 3152 2571 quoque
3196 2500 3448 2556 omnibus
3488 2502 3797 2556 mortalibus

2228 2601 2389 2662 patet,
2422 2601 2580 2662 atque
2611 2608 2798 2648 omnes
2825 2608 2998 2663 reque,
3027 2602 3133 2648 tam
3160 2592 3353 2649 divites
3375 2608 3534 2664 quam
3563 2604 3790 2664 egentes.

2225 2702 2291 2742 eo
2322 2685 2567 2742 fruuntur
2586 2687 2609 2742 ?
2628 2687 2753 2757 quid
2781 2687 3054 2743 stellarum
3075 2700 3296 2753 corona,
3316 2687 3442 2758 quid
3468 2687 3607 2742 luna:
3628 2687 3794 2742 orbis?

2224 2792 2399 2833 annon
2430 2779 2677 2834 omnibus
2706 2795 2857 2851 asque
2879 2792 3134 2836 concessa
3160 2789 3281 2834 sunt
3303 2780 3327 2833 ?
3347 2778 3459 2834 imo
3481 2795 3629 2847 vero,
3657 2778 3790 2849 quod

2224 2870 2368 2924 dictu
2402 2870 2644 2926 mirabile
2665 2880 2766 2936 est,
2796 2884 2913 2935 nos,
2943 2870 3032 2941 qui
3062 2884 3323 2940 pauperes
3352 2887 3553 2935 sumus,
3588 2870 3791 2925 uberius

2226 2963 2288 3017 iis
2318 2961 2544 3017 fruimur
2572 2978 2730 3033 quam
2761 2961 2857 3017 illi.
2889 2962 3100 3018 Etenim
3128 2963 3224 3030 illi,
3254 2977 3403 3018 mero
3430 2972 3484 3017 ut
3514 2963 3784 3032 plurimum

2222 3056 2423 3121 obruti,
2452 3065 2611 3126 atque
2633 3057 2684 3111 in
2715 3056 3195 3112 comessationibus
3222 3056 3587 3128 altissimoque
3605 3070 3786 3111 somno

2224 3150 2385 3203 vitam
2411 3149 2665 3220 degentes
2684 3190 2700 3216 ,
2734 3164 2803 3204 ne
2833 3149 2947 3204 lucc
2975 3150 3187 3220 quidem
3215 3150 3471 3217 sentiunt,
3505 3161 3559 3205 ut
3582 3151 3665 3221 qui
3691 3150 3784 3204 sub

2225 3248 2364 3296 tecto
2401 3255 2461 3296 se
2487 3250 2702 3296 teneant
2745 3250 2903 3311 atque
2946 3242 3009 3319 ὶιι⁸
3041 3241 3225 3295 umbra
3251 3242 3464 3297 alantur
3495 3261 3509 3297 :
3538 3256 3783 3313 pauperes

2223 3343 2408 3389 contra
2438 3348 2499 3388 ea
2527 3333 2833 3389 conditione
2859 3345 3010 3399 sunt,
3043 3345 3096 3389 ttt
3123 3334 3251 3389 nulli
3284 3335 3576 3390 mortalium
3602 3347 3774 3403 parem

2222 3442 2288 3480 ex
2320 3426 2598 3483 elementis
2639 3430 2962 3497 voluptatem
2997 3431 3228 3499 capiant.
3265 3429 3397 3499 Quin
3428 3430 3470 3483 si
3496 3442 3660 3482 acrem
3688 3425 3766 3490 ip-

2223 3536 2360 3585 sum,
2386 3522 2476 3592 qui
2505 3522 2700 3593 ubique
2723 3522 2867 3578 fusus
2892 3533 2994 3590 est,
3027 3526 3410 3596 exploraret-is,
3443 3526 3642 3596 pariete
3670 3523 3768 3575 uti-

2220 3627 2326 3682 que
2348 3628 2415 3669 eo
2441 3621 2601 3684 atque
2625 3615 2872 3670 uberiore
2894 3631 3179 3688 pauperem
3206 3617 3306 3672 frui
3327 3617 3620 3688 perspicies.
3647 3612 3772 3667 Nam

2221 3714 2274 3760 et
2318 3704 2551 3761 viatores
2593 3716 2648 3761 et
2698 3707 2943 3778 agricola:
2973 3708 3147 3763 laetius
3174 3723 3240 3764 eo
3286 3708 3601 3772 afﬁciuntur,
3629 3720 3778 3776 quam

2222 3795 2314 3865 qui
2357 3796 2412 3851 in
2463 3794 2683 3853 urbibus
2733 3797 2966 3867 degunt;
3012 3799 3136 3853 etsi
3188 3799 3285 3853 bos
3329 3814 3537 3871 quoque
3563 3805 3780 3868 spectes,

2223 3886 2398 3943 lzetius
2421 3889 2657 3944 artiﬁces
2685 3931 2700 3956 ,
2735 3905 2895 3959 quam
2922 3890 3013 3960 qui
3060 3899 3173 3945 toto
3219 3891 3308 3947 die
3351 3891 3781 3964 perbacchantur.

2220 3982 2352 4037 Nam
2382 3982 2508 4053 quid
2553 3984 2621 4037 de
2652 3993 2789 4040 terra
2837 3982 3011 4039 dicam
3035 3983 3059 4034 ?
3083 3998 3263 4039 annon
3290 3986 3499 4038 cunctis
3527 3999 3673 4054 teque
3700 3995 3784 4050 pa-

2224 4074 2347 4129 tet?
2395 4074 2634 4142 Minime,
2686 4077 2916 4147 inquies.
2966 4077 3105 4148 Quid
3154 4079 3261 4134 ita?
3307 4079 3569 4148 Quoniam
3610 4079 3674 4143 is,
3705 4075 3785 4145 qni

2220 4165 2371 4222 dives
2390 4175 2473 4222 est
2490 4175 2543 4222 et
2562 4168 2614 4221 in
2638 4167 2768 4223 urbe
2794 4169 2956 4224 multa
2982 4177 3138 4223 terra:
3156 4170 3339 4241 jugera
3366 4170 3612 4239 adeptus,
3642 4168 3789 4234 longa

2222 4260 2481 4330 pomoeria
2506 4260 2735 4314 exstruit
2761 4302 2776 4325 ,
2805 4269 2861 4316 et
2889 4262 2940 4316 in
2968 4263 3109 4333 agris
3136 4263 3331 4318 multas
3356 4272 3535 4334 partes
3562 4263 3786 4318 desecat.

2221 4349 2359 4418 Quid
2384 4349 2550 4421 ergo?
2589 4366 2656 4404 an
2685 4352 2807 4421 quia
2835 4352 3048 4408 desecat
3073 4395 3088 4419 ,
3127 4353 3275 4409 solus
3296 4353 3521 4425 proinde
3567 4355 3632 4410 iis
3672 4349 3794 4406 frui-

2221 4443 2352 4497 tur?
2376 4442 2525 4497 Haud
2552 4456 2702 4508 sane,
2731 4444 3021 4511 quamlibet
3045 4445 3314 4501 adnitatur
3342 4462 3355 4501 :
3381 4443 3594 4501 fructus
3606 4441 3791 4500 etenim

2222 4537 2277 4591 in
2305 4551 2491 4591 omnes
2532 4535 2853 4593 distribuere
2879 4539 3089 4609 cogitur
3109 4578 3127 4607 ,
3156 4553 3220 4595 ac
3245 4539 3501 4607 triticum,
3533 4540 3713 4594 vinum
3746 4540 3795 4588 et

2222 4628 2403 4684 oleum
2451 4627 2545 4682 tibi
2589 4628 2850 4694 elaborat,
2879 4643 2943 4685 ac
2969 4646 3232 4703 nusquam
3278 4646 3384 4688 non
3414 4631 3507 4686 tibi
3555 4627 3789 4691 inservit.

2221 4722 2535 4791 Amplorum
2568 4722 2724 4777 etiam
2774 4732 3049 4792 septorum
3074 4737 3139 4778 ac
3157 4722 3550 4778 domiciliorum
3581 4728 3700 4794 post
3724 4719 3795 4771 in-

2220 4814 2505 4869 credibiles
2533 4824 2778 4885 smnptus
2822 4827 2876 4870 et
2928 4815 3141 4871 labores
3167 4824 3327 4887 atque
3352 4831 3626 4871 azrumnas
3652 4824 3794 4868 usum

2223 4906 2317 4960 tibi
2345 4915 2643 4976 comparat,
2672 4906 2880 4976 exiguis
2905 4921 2934 4960 a
2964 4914 3015 4962 te
3044 4922 3140 4976 pro
3174 4906 3479 4977 hujusmodi
3506 4900 3796 4962 ministerio

2220 4998 2454 5053 nummis
2480 4999 2736 5069 acceptis.
2769 4999 2943 5070 Atque
2969 4998 3071 5055 hoc
3110 5008 3165 5056 et
3205 4999 3256 5053 in
3296 4999 3499 5054 balneis
3524 5008 3581 5054 et
3607 4999 3657 5052 in
3684 4990 3797 5049 aliis

2221 5090 2473 5145 omnibus
2496 5090 2657 5146 rebus
2685 5105 2785 5145 usu
2811 5091 2998 5147 venire
3022 5092 3326 5161 comperias
3347 5132 3362 5157 ,
3408 5100 3465 5145 ut
3495 5091 3585 5160 qui
3615 5085 3796 5144 divites

2222 5193 2367 5247 sunt,
2400 5183 2720 5253 sumptibus,
2742 5182 2887 5238 curis
2910 5189 2967 5238 et
2991 5182 3265 5240 laboribus
3289 5180 3680 5245 conficiantur;
3711 5173 3794 5245 qui

2221 5288 2400 5331 autem
2426 5275 2618 5345 opibus
2638 5284 2844 5341 carent,
2874 5277 3060 5347 paucis
3079 5275 3253 5331 obolis
3278 5274 3383 5331 bne
3401 5281 3755 5346 assequuntur
3777 5307 3791 5330 ι

2224 5374 2281 5420 ιιι
2311 5364 2395 5420 his
2419 5366 2666 5421 omnibus
2689 5380 2811 5421 cum
2849 5380 3059 5421 summa
3098 5367 3385 5422 securitate
3409 5364 3672 5421 fruantur.
3694 5358 3795 5414 Nec

2223 5469 2352 5510 vero
2382 5455 2498 5526 plus
2536 5456 2744 5512 fructus
2771 5467 2969 5513 eterra
3018 5456 3087 5512 ad
3138 5457 3358 5513 divitem
3386 5458 3526 5512 redit
3575 5476 3588 5512 :
3635 5463 3794 5520 neque

2223 5549 2364 5604 enim
2397 5548 2487 5604 ille
2528 5549 2715 5604 decem
2746 5558 2962 5606 ventres
2992 5550 3197 5619 implet,
3229 5566 3351 5604 cum
3382 5560 3437 5604 tu
3460 5565 3621 5604 unum
3653 5545 3795 5599 dum—

2223 5649 2388 5695 taxat.
2439 5642 2509 5695 At
2560 5640 3001 5710 exquisitioribus
3049 5641 3184 5696 cibis
3229 5641 3318 5697 ille
3366 5635 3795 5696 vescitur?Sane

2221 5731 2436 5805 quidem
2468 5733 2603 5789 istud
2633 5733 2771 5787 haud
2803 5747 2993 5802 magna
3023 5734 3329 5803 praestantia
3358 5743 3441 5788 est
3470 5751 3483 5786 :
3516 5741 3689 5787 tamen
3716 5722 3794 5776 hic

2226 5844 2437 5903 quoque
2476 5841 2764 5902 Paupcrcm
2815 5825 2933 5899 plus
2973 5824 3170 5883 habere
3199 5824 3613 5897 comperietnus.
3665 5819 3790 5875 Nam
