4068 6414
293 387 397 444 437

292 497 662 570 διακεώμεθα·
705 493 810 548 κᾶν
852 489 1046 560 πένησι
1081 470 1432 555 παρέχωμεν,
1461 479 1759 551 λαμϐάνειν
1791 491 1870 528 νο-

298 596 567 665 μίζωμεν·
610 590 637 640 6
666 586 775 655 7&9
804 582 878 653 μὴ
902 580 1044 635 οὕτω
1077 577 1274 639 διδοὺς,
1309 573 1433 628 οὐδὲ
1459 571 1618 627 δώσει
1652 569 1869 641 ῥᾳδίως.

295 659 467 739 ἐὈταν
492 680 669 735 τοίνυν
708 673 870 745 θέλῃς
896 670 1208 742 σκορπίσαι,
1239 666 1312 738 μὴ
1338 663 1495 717 τοῦτο
1533 662 1647 734 ἴδῃς
1693 659 1873 731 μόνον,

295 779 379 830 ὅτι
411 772 744 830 ἀναλίσκεις,
775 763 893 819 ἀλλ’
922 764 1004 816 ὅτι
1032 761 1126 815 καὶ
1164 758 1386 812 πλείονα
1427 753 1748 825 κερδαίνεις.
1781 751 1876 804 καὶ

296 866 454 921 τοῦτο
490 861 596 934 πρὸ
623 858 857 912 ἐκείνου.
893 853 1005 908 Καὶ
1037 852 1113 924 μὴ
1162 849 1321 921 μόνον
1364 847 1455 900 ἐπὶ
1482 841 1872 934 ἐλεημοσύνης,

299 957 437 1013 ἀλλά
461 933 558 1009 καλ.
582 951 676 1005 ἐπὶ
708 947 891 1014 πάσης
920 943 1120 1015 ἀρετῆς
1147 941 1221 1011 μὴ
1246 939 1308 992 τὸ
1335 937 1499 1009 δριμὺ
1529 934 1638 988 τῶν
1676 933 1874 997 πόνων,

300 1046 439 1102 ἀλλὰ
470 1045 563 1099 καὶ
598 1042 659 1095 τὸ
699 1039 873 1109 γλυκὺ
910 1035 1020 1089 τῶν
1061 1031 1312 1085 ἐπάθλων
1363 1026 1597 1094 λογίζου·
1644 1023 1739 1076 καὶ
1770 1020 1877 1093 πρὸ

303 1138 520 1192 πάντων
546 1134 646 1203 τὴν
673 1127 932 1185 ὑπόθεσιν
971 1122 1082 1177 τῶν
1122 1117 1518 1188 παλαισμάτων
1549 1115 1640 1167 τὸν
1674 1111 1878 1182 Κύριον

306 1230 463 1302 ἡμῶν
503 1224 732 1299 Ἰησοῦν·
758 1221 854 1276 καὶ
881 1216 1078 1289 ῥᾳδίως
1101 1212 1339 1282 ὲπιϐήσῃ
1367 1209 1477 1263 τῶν
1511 1205 1756 1302 ἀγώνων,
1771 1203 1878 1302 ..καὶ

390 1293 672 1390 ἡδονῇ-τὸν
707 1313 924 1367 ἅπαντα
959 1306 1131 1379 βιώσῃ
1162 1304 1372 1376 χρόνον.
1405 1298 1583 1357 Οὐδὲν,
1599 1295 1705 1390 γὰρ
1739 1293 1881 1390 ούτω

310 1385 482 1466 ποιεῖν
505 1385 696 1480 ήδονὴν
725 1402 934 1465 εἴωθεν,
975 1397 1051 1461 ὡς
1076 1394 1311 1458 συνειδὸς
1337 1390 1560 1461 ἀγαθόν.
1603 1387 1702 1441 Διά
1721 1385 1882 1440 τοῦτο

310 1478 536 1566 Παῦλος
568 1499 664 1570 μὲν
707 1495 827 1550 καθ’
861 1492 1099 1561 ἑκάστην
1135 1487 1469 1556 κοπτόμενος
1510 1482 1611 1553 τὴν
1646 1478 1879 1551 ἡμέραν,

312 1596 498 1666 ἔχαιρε
542 1590 637 1644 καὶ
663 1586 942 1658 ἠγάλλετο·
971 1584 1021 1635 οἱ
1047 1581 1103 1633 δὲ
1132 1579 1246 1645 νῦν,
1272 1575 1393 1631 οὐδὲ
1424 1574 1557 1645 ὄναρ
1585 1572 1883 1666 ὑπομένον-

311 1659 402 1749 τές
421 1659 473 1738 τι
499 1682 723 1744 τούτων,
754 1673 977 1744 ἀλγοῦσι
1010 1671 1106 1725 καὶ
1137 1667 1446 1740 θρηνοῦσιν,
1478 1661 1773 1733 οὐδαμόθεν
1793 1659 1885 1714 ἀλ-

310 1774 484 1839 λοθεν,
509 1771 623 1825 ἀλλ’
668 1769 702 1840 ἢ
763 1770 828 1820 ὲκ
880 1764 973 1818 τοῦ
1017 1762 1093 1835 μὴ
1142 1759 1429 1831 φιλόσοφον
1467 1755 1610 1826 ἔχειν
1637 1750 1882 1823 γνώμην.

326 1867 479 1921 Ἐπεὶ
499 1865 642 1925 τίνος
670 1861 880 1923 ἕνεκεν,
912 1856 1034 1910 εἰπέ
1059 1872 1170 1926 μοι,
1194 1855 1222 1906 6
1244 1847 1438 1923 θρῆνος
1459 1864 1474 1915 ;
1499 1848 1582 1900 ὅτι
1612 1845 1780 1912 πένης
1812 1840 1883 1905 εἶ,

311 1963 405 2014 καὶ
438 1958 549 2011 τῶν
591 1950 905 2022 ἀναγκαίων
949 1948 1209 2019 ἀπορεῖς;
1241 1940 1451 1997 Οὐκοῦν
1490 1937 1579 1993 διὰ
1623 1936 1779 1991 τοῦτό
1827 1953 1886 1989 σε

317 2048 514 2121 μᾶλλον
564 2046 780 2117 θρηνεῖν
810 2042 910 2104 δεῖ,
939 2040 1038 2108 οὐχ
1075 2038 1156 2091 ὅτι
1196 2033 1424 2096 κλαίεις,
1452 2032 1552 2100 οὐχ
1594 2030 1676 2083 ὅτι
1720 2031 1887 2096 πένης

314 2118 385 2203 ἐξ,
410 2138 524 2193 ἀλλ’
558 2138 639 2191 ὅτι
686 2132 1039 2206 μικρόψυχος
1068 2129 1167 2198 ούχ
1197 2128 1278 2180 ὅτι
1307 2126 1565 2196 χρήματα
1591 2122 1692 2174 οὐκ
1720 2118 1884 2189 ἔχεις,

318 2229 431 2282 ἀλλ’
467 2227 547 2280 δτι
575 2222 827 2279 τοσούτου
868 2221 935 2274 τὰ
967 2218 1226 2290 χρήματα
1254 2214 1439 2284 τιμᾷς.
1476 2209 1614 2264 Καθ’
1652 2209 1888 2276 ἑκάστην

316 2319 531 2392 ἡμέραν
555 2314 865 2385 ἀπέθνησκε
887 2310 1118 2375 Παῦλος,
1147 2307 1244 2360 καὶ
1267 2306 1366 2358 ούκ
1385 2302 1616 2366 ἔκλαιεν,
1643 2298 1776 2354 ἀ)λά
1796 2301 1889 2353 καὶ

316 2388 522 2482 ἔχαιρε·
554 2405 697 2479 λιμῷ
723 2405 958 2476 ἐμάχετο
984 2400 1242 2472 διηνεκεῖ,
1285 2396 1377 2450 καὶ
1419 2394 1518 2448 οὐκ
1543 2391 1718 2463 ήλγει,
1753 2388 1888 2443 ἀλλὰ

319 2502 414 2555 καὶ
441 2494 865 2558 ἐκαλλωπίζετο.

377 2598 438 2644 ε’.
462 2591 535 2643 Σὺ
552 2587 608 2641 δὲ
624 2588 706 2641 ὅτι
728 2584 802 2656 μὴ
817 2575 993 2637 πάντα
1009 2582 1153 2651 ἔχεις
1168 2578 1239 2633 τὰ
1256 2576 1352 2631 τοῦ
1370 2573 1617 2630 ἐνιαυτοῦ
1639 2573 1885 2643 κείμενα,

319 2683 503 2751 ἀλγεῖς
530 2679 624 2732 καὶ
647 2677 867 2739 κόπτεις
892 2674 1117 2737 ἐαυτόν;
1157 2671 1283 2734 Ναὶ,
1315 2669 1478 2739 φησίν
1499 2682 1512 2697 ·
1546 2668 1751 2727 ἐκεῖνος
1783 2664 1890 2735 γὰρ

318 2774 388 2827 τά
417 2769 608 2827 ἑαυτοῦ
641 2769 798 2841 μόνον
828 2766 1118 2838 ἐμερίμνα,
1142 2762 1253 2830 ἐγὼ
1275 2763 1331 2815 δὲ
1356 2762 1449 2815 καὶ
1474 2760 1613 2830 ὑπὲρ
1640 2756 1886 2821 οἰκετῶν,

322 2865 415 2918 καὶ
449 2863 651 2916 παίδων
672 2861 765 2914 καὶ
790 2859 1064 2928 γυναικός.
1112 2857 1348 2916 Ἐκεῖνος
1382 2853 1479 2923 μὲν
1504 2848 1596 2905 οὖν
1618 2848 1766 2922 [527]
1796 2849 1892 2919 μό-

322 2974 410 3020 νος
439 2954 509 3009 τά
535 2953 724 3008 ἑαυτοῦ
751 2954 851 3006 οὐκ
880 2951 1172 3022 ὲμερίμνα,
1195 2948 1329 3002 ἀλλά
1349 2946 1418 3000 τὰ
1446 2947 1544 3016 τῆς
1568 2944 1893 3015 οἰκουμένης

324 3049 560 3118 ἀπάσης·
603 3046 696 3098 καὶ
750 3046 814 3098 σὺ
865 3043 962 3113 μὲν
1007 3041 1149 3113 ὑπὲρ
1200 3039 1378 3103 οἰκίας
1422 3041 1568 3110 μιᾶς,
1602 3039 1805 3100 ἐκεῖνος
1835 3036 1892 3088 δὲ

325 3141 466 3211 ὑπὲρ
492 3137 601 3191 τῶν
633 3138 689 3189 έν
720 3133 1113 3207 Ἱεροσολύμοις
1138 3135 1385 3202 πενήτων
1412 3129 1678 3183 τοσούτων
1705 3129 1892 3191 όντων,

326 3231 467 3301 ὑπὲρ
505 3231 612 3282 τῶν
645 3232 702 3282 ὲν
736 3227 1062 3298 Μακεδονίᾳ,
1102 3226 1240 3295 ὑπὲρ
1283 3224 1391 3278 τῶν
1438 3223 1710 3294 πανταχοῦ
1753 3241 1897 3275 πτω-

325 3323 612 3391 χευόντων,
640 3320 779 3389 ὑπὲρ
804 3317 913 3370 τῶν
941 3316 1187 3369 διδόντων
1216 3314 1444 3377 ἐκείνοις
1477 3314 1576 3383 ούχ
1625 3309 1810 3384 ἦττον,
1859 3313 1892 3381 ἢ

326 3414 431 3465 τῶν
461 3411 861 3481 λαμϐανόντων.
893 3409 1002 3461 Καὶ
1026 3407 1133 3478 7&9
1154 3406 1314 3477 διπλῆ
1344 3402 1411 3476 ἦν
1438 3406 1587 3475 αύτῷ
1616 3406 1648 3474 ή
1678 3403 1897 3475 φροντὶς

328 3506 467 3577 ὑπὲρ
508 3505 609 3573 τῆς
640 3502 984 3573 οἰκουμένης,
1016 3501 1109 3553 καὶ
1138 3500 1285 3562 ὅπως
1326 3498 1432 3551 τῶν
1473 3496 1785 3564 ἀναγκαίων
1823 3494 1899 3565 μὴ

327 3596 602 3664 ἀποροῖεν,
642 3592 736 3645 καὶ
773 3592 920 3652 ὅπως
946 3590 1002 3640 ὲν
1035 3590 1145 3649 τοῖς
1180 3588 1567 3657 πνευματικοῖς
1602 3586 1898 3636 πλουτοῖεν.

328 3683 440 3736 Καὶ
482 3684 579 3751 οὐχ
628 3681 768 3733 οὕτω
808 3696 866 3732 σε
900 3679 1061 3731 λυπεῖ
1094 3690 1119 3718 δ
1161 3677 1228 3729 τά
1267 3675 1456 3728 παιδία
1503 3674 1793 3737 πεινῶντα,
1826 3673 1900 3736 ὡς

334 3776 539 3827 ἐκεῖνον
562 3773 629 3826 τά
655 3771 762 3825 τῶν
787 3770 990 3823 πιστῶν
1018 3772 1321 3841 πράγματα
1347 3768 1546 3822 πάντα.
1583 3765 1647 3817 Τί
1676 3765 1817 3833 λέγω
1836 3764 1902 3818 τά

333 3861 443 3915 τῶν
474 3860 713 3925 πιστῶν;
744 3859 865 3913 ούδὲ
891 3858 999 3930 γὰρ
1039 3859 1142 3928 τῆς
1173 3859 1314 3931 ὑπὲρ
1343 3857 1449 3911 τῶν
1479 3856 1722 3911 ἀπίστων
1744 3872 1905 3924 φρον-

333 3954 474 4017 τίδος
502 3952 784 4024 ἐλεύθερος
812 3947 898 4021 ἦν,
931 3951 1044 4004 ἀλλ’
1077 3951 1251 4013 ούτως
1285 3950 1390 4002 ὑπὸ
1414 3949 1619 4018 ταύτης
1656 3949 1901 4018 ἐτήκετο,

333 4046 408 4108 ὡς
427 4042 680 4115 εὔχεσθαι
700 4044 793 4097 καὶ
818 4042 1064 4112 ἀνάθεμα
1085 4041 1326 4111 γίνεσθαι
1353 4041 1493 4111 ὑπὲρ
1516 4040 1714 4094 αὐτῶν·
1740 4040 1803 4093 σὺ
1823 4039 1902 4105 δὲ,

335 4138 439 4191 κᾶν
474 4136 735 4210 μυριάκις
772 4136 1115 4208 ἐπικρατήσῃ
1156 4134 1337 4205 λιμὸς,
1360 4134 1461 4187 οὐκ
1498 4134 1563 4186 ἂν
1595 4132 1735 4187 ἓλοιό
1774 4149 1904 4186 ποτε

335 4230 627 4285 ἀποθανεῖν
661 4229 803 4298 ὑπὲρ
836 4229 1079 4283 ὁτουοῦν.
1114 4229 1224 4282 Καὶ
1252 4228 1316 4280 σὺ
1352 4228 1451 4297 μὲν
1478 4228 1620 4297 ὑπὲρ
1649 4227 1907 4294 γυναικὸς

342 4323 469 4390 μιᾶς
500 4322 786 4391 μεριμνᾷς,
810 4322 1015 4382 ἐκεῖνος
1038 4320 1095 4373 δὲ
1123 4318 1263 4390 ὑπὲρ
1298 4318 1486 4372 πασῶν
1512 4318 1621 4371 τῶν
1646 4317 1789 4371 κατὰ
1808 4320 1907 4387 τὴν

338 4411 662 4480 οἰκουμένην
690 4410 1049 4480 Ἐκκλησιῶν·
1086 4410 1147 4464 Ἠ
1166 4409 1275 4479 γὰρ
1301 4402 1557 4479 μέριμνά
1578 4428 1720 4478 μου,
1753 4411 1904 4479 φησὶ,

339 4502 554 4556 πασῶν
582 4501 703 4555 τῶν
741 4499 1136 4567 Ἔκκλησιῶν.
1176 4500 1356 4570 Μέχρι
1380 4500 1525 4564 τίνος
1554 4498 1648 4555 οὖν
1672 4500 1905 4567 παίζεις,

340 4592 613 4664 ἄνθρωπε,
639 4592 836 4660 Παύλῳ
866 4591 1064 4646 σαυτὸν
1092 4591 1476 4661 παραὸἀλλων,
1513 4594 1607 4645 καὶ
1634 4593 1696 4645 οὐ
1724 4592 1910 4663 παύσῃ

337 4686 434 4755 τῆς
460 4685 664 4754 πολλῆς
687 4682 890 4754 ταύτης
919 4681 1320 4755 μικροψυχίαςς
1355 4681 1622 4752 Δακρύειν
1656 4683 1785 4756 γὰρ,
1813 4684 1909 4754 οὐχ

336 4780 467 4832 ὅταν
510 4780 568 4831 ὲν
619 4776 777 4846 πενίᾳ
822 4771 993 4844 ὦμεν,
1040 4775 1155 4829 ἀλλ’
1183 4774 1310 4830 ὅταν
1354 4774 1776 4847 άμαρτάνωμεν,
1809 4776 1907 4829 δεῖ·

338 4869 494 4923 τοῦτο
527 4869 632 4940 γὰρ
659 4868 870 4937 θρήνων
895 4867 1062 4933 ἄξιον·
1091 4867 1166 4929 ὼς
1193 4868 1263 4920 τά
1290 4883 1352 4935 γε
1380 4865 1513 4920 ἄλλα
1536 4867 1629 4920 καὶ
1651 4866 1906 4935 γέλωτος.

353 4959 491 5012 Ἀλλ’
519 4961 580 5013 οὐ
618 4958 776 5012 τοῦτό
805 4975 871 5027 με
898 4957 1075 5023 λυπεῖ,
1105 4960 1258 5027 φησι,
1297 4957 1481 5028 μόνον,
1513 4959 1628 5012 ἀλλ’
1650 4960 1728 5012 δτι
1763 4961 1857 5013 καὶ
1881 4962 1911 5012 6

343 5051 489 5104 δεῖνα
511 5053 568 5104 ἐν
589 5051 896 5122 δυναστείᾳ,
918 5050 1031 5118 ἐγὼ
1058 5049 1115 5102 δὲ
1143 5050 1336 5119 ἄτιμος
1357 5050 1451 5102 καὶ
1475 5050 1907 5120 ἀπερῤιμμένος.

345 5143 456 5197 Καὶ
505 5144 559 5197 τί
594 5144 784 5209 τοῦτο;
818 5144 911 5196 καὶ
955 5143 1064 5213 γὰρ
1106 5145 1135 5196 6
1174 5143 1441 5213 μακάριος
1479 5143 1691 5207 Παῦλος
1722 5145 1912 5214 ἄτιμος

345 5237 440 5289 κοιλ⁵
483 5233 892 5305 ἀπερριμμένος
947 5227 1087 5285 εἶναι
1130 5232 1306 5285 ἐδόκει
1345 5232 1457 5294 τοῖς
1490 5232 1727 5295 πολλοῖς.
1773 5231 1911 5286 Ἀλλ’

344 5327 552 5387 ἐκεῖνος
591 5322 801 5386 Παῦλος
839 5316 929 5393 ἦν,
972 5320 1156 5390 φησιν.
1190 5317 1398 5372 Οὐκοῦν
1437 5319 1535 5388 ούχ
1564 5321 1597 5389 ή
1626 5319 1735 5372 τῶν
1773 5333 1915 5389 πραι-

345 5416 572 5488 γμάτων
600 5413 784 5483 φύσις,
826 5412 943 5467 ἀλλ’
985 5412 1020 5482 ή
1072 5410 1172 5480 τῆς
1212 5408 1437 5479 γνώμης
1479 5407 1729 5463 ἀσθένεια
1772 5426 1914 5463 ποιει

301 5533 307 5539 ·
347 5523 430 5561 σοι
457 5508 558 5577 τὴν
584 5503 844 5574 ἀθυμίαν.
878 5502 971 5574 Μὴ
997 5502 1176 5555 τοίνυν
1204 5499 1304 5570 τὴν
1330 5498 1522 5553 πενίαν
1543 5498 1749 5571 θρήνει,
1780 5501 1917 5555 ἀλλά

347 5597 540 5651 σαυτὸν
573 5596 666 5650 τὸν
699 5594 845 5649 οὓτω
880 5592 1251 5663 διακείμενον·
1298 5589 1498 5661 μᾶλλον
1522 5590 1580 5645 δὲ
1607 5591 1683 5662 μὴ
1721 5592 1916 5647 σαυτὸν

410 5770 436 5799 ⁸
473 5767 728 5833 Legebamr
753 5767 904 5824 οὕτως
929 5765 1104 5816 ἐλύπει.

1338 361 1401 417 ΙΝ
1443 355 1663 416 EPIST.
1707 356 1748 409 ll
1784 354 1875 410 AD
1909 350 2066 408 (ΞΟΠ.
2109 351 2343 407 1103111..
2386 351 2500 406 XII.

3330 330 3339 339 ’
3450 346 3549 401 483

1976 473 2186 546 θρήνει,
2229 473 2362 527 ἀλλά
2405 472 2640 542 διόρθου,
2694 469 2827 540 μηδὲ
2865 469 3123 539 χρήματα
3151 466 3324 537 ζήτει,
3365 464 3480 519 ἀλλ’
3522 464 3550 517 6

1978 568 2184 637 μυρίων
2210 566 2508 637 χρημάτων
2559 562 2944 632 φαιδροτέρους
2976 563 3142 626 ποιεῖ,
3174 559 3331 612 τοῦτο
3361 557 3547 618 δίωκε,

1976 657 2293 725 φιλοσοφίαν
2318 655 2412 708 καὶ
2439 654 2659 724 ἀρετήν.
2684 650 2898 721 Ταύτης
2929 650 3027 721 μὲν
3054 650 3161 720 7&9
3183 648 3369 720 οὔσης,
3399 649 3550 702 οὐδὲν

1976 750 2166 812 πενίας
2200 748 2413 819 βλάϐος·
2465 746 2670 816 ταύτης
2700 744 2756 798 δὲ
2806 745 2905 797 οὐκ
2933 742 3119 814 οῦσης,
3149 742 3301 796 οὐδὲν
3330 741 3550 813 χρημά-

1976 857 2084 893 των
2110 840 2321 908 δφελος.
2350 840 2393 890 Τ
2400 838 2415 888 ί
2447 836 2554 907 γὰρ
2586 834 2794 903 ὄφελος,
2821 834 2941 887 είπέ
2976 851 3088 904 μοι,
3121 833 3228 886 τῶν
3256 830 3551 885 πλουτούν-

1977 948 2084 983 των
2125 932 2244 1000 μὲν,
2280 928 2539 999 πενιχρὰς
2576 927 2631 979 δὲ
2666 924 2897 996 ἐχόντων
2921 924 3135 993 ψυχάς
3173 920 3456 993 ούχ”οῦτω
3487 921 3550 973 σὺ

1980 1022 2175 1074 σαυτὸν
2204 1020 2529 1084 ταλανίςεις,
2558 1018 2633 1081 ὡς
2664 1020 2868 1080 ἐκεῖνος
2903 1019 2931 1070 ὁ
2962 1016 3212 1079 πλούσιος
3240 1014 3449 1079 ἑαυτὸν,
3473 1013 3555 1068 ὅτι

1983 1112 2057 1182 μὴ
2086 1110 2156 1164 τά
2185 1112 2400 1166 πάντων
2440 1110 2573 1178 ἔχει.
2620 1107 2680 1161 El
2724 1107 2781 1160 δὲ
2827 1107 2901 1178 μὴ
2940 1106 3138 1173 κλαίει,
3170 1105 3425 1177 καθάπερ
3462 1107 3553 1171 σὺ,

1979 1202 2287 1267 ἀνάπτυξον
2320 1200 2485 1254 αὐτοῦ
2512 1199 2572 1252 τὸ
2607 1198 2865 1263 συνειδὸς,
2898 1199 2991 1252 καὶ
3017 1197 3138 1267 ὄψει
3169 1198 3294 1260 τοὺς
3324 1196 3556 1269 θρήνους

1980 1295 2076 1348 καὶ
2108 1294 2234 1357 τοὺς
2269 1291 2570 1354 κωκυτούς.

2052 1384 2237 1447 Θέλεις
2269 1400 2352 1436 σοι
2390 1382 2548 1447 δείξω
2591 1380 2682 1434 τὸν
2720 1378 2949 1433 πλοῦτον
2989 1380 3080 1441 τὸν
3115 1379 3227 1446 σόν,
3255 1381 3341 1434 ἴνα
3371 1380 3555 1451 παύσῃ

1986 1475 2304 1546 μακαρίζων
2356 1474 2482 1537 τοὺς
2527 1475 2585 1526 ἐν
2629 1473 2875 1542 χρήμασι
2927 1470 3330 1536 πλουτοῦντας;
3394 1471 3558 1543 Ὁρᾷς

1982 1566 2189 1620 τουτονὶ
2214 1565 2305 1619 τὸν
2337 1563 2583 1633 οὐρανὸν,
2619 1563 2737 1627 πῶς
2767 1563 2865 1633 μὲν
2891 1560 3075 1627 καλὸς,
3112 1562 3230 1625 πῶς
3268 1561 3326 1616 δὲ
3362 1562 3557 1633 μέγας,

1984 1658 2101 1722 πῶς
2133 1658 2190 1712 δὲ
2216 1658 2299 1726 ἐφ’
2322 1654 2527 1727 ὑψηλοῦ
2552 1658 2727 1708 κεῖται
2754 1673 2769 1722 ;
2810 1654 3014 1708 Τούτου
3056 1654 3149 1708 τοῦ
3175 1654 3406 1718 κάλλους
3436 1655 3560 1724 ούχὶ

1984 1751 2145 1805 πλέον
2195 1751 2293 1821 μὲν
2339 1747 2602 1803 ἀπολαύει
2646 1749 2873 1811 ἐκεῖνος,
2924 1745 3031 1799 οὔδ’
3082 1746 3149 1800 ἀν
3202 1745 3454 1818 δυνηθείη
3499 1761 3558 1797 σε

1986 1841 2367 1913 παρώσασθαι,
2397 1840 2493 1894 καὶ
2522 1839 2690 1893 αὐτοῦ
2722 1838 2946 1909 ποιῆσαι
2971 1839 3183 1893 τδρπᾶν·
3230 1838 3421 1910 ῶσπερ
3450 1837 3561 1907 7&9

1985 1934 2051 1987 δι’
2076 1934 2284 1988 ἐκεῖνον
2332 1934 2576 2003 γέγονεν,
2619 1932 2762 1987 οὕτω
2791 1932 2887 1985 καὶ
2915 1932 3003 1985 διὰ
3032 1933 3112 1986 σέ.
3151 1933 3217 1985 Τί
3249 1933 3306 1986 δὲ
3332 1936 3361 1988 6
3383 1933 3556 2002 ἥλιος,

1984 2026 2046 2081 τὸ
2067 2027 2290 2098 φαιδρὸν
2317 2026 2478 2079 τοῦτο
2501 2025 2700 2098 ἄστρον
2727 2029 2818 2080 καὶ
2847 2026 3137 2096 τηλαυγὲς,
3166 2026 3260 2080 καὶ
3284 2024 3382 2088 τὰς
3410 2025 3561 2095 θέλεις

1985 2119 2144 2191 ἡμῶν
2171 2120 2483 2191 εὐφραῖνον,
2514 2119 2634 2189 ούχὶ
2677 2119 2855 2185 κοινὸς
2893 2119 3068 2174 ἀπασι
3112 2117 3206 2172 καὶ
3243 2112 3397 2180 οὗτος
3428 2116 3565 2187 πρό-

1987 2229 2186 2277 κειται,
2222 2213 2317 2265 καὶ
2347 2212 2547 2275 πάντες
2572 2211 2937 2266 ἀπολαύουσιν
2979 2211 3039 2278 ἐξ
3075 2210 3196 2281 ἴσης
3234 2206 3423 2272 αὐτοῦ,
3467 2207 3564 2262 καὶ

1988 2303 2232 2358 πλούσιοι
2274 2305 2367 2357 καὶ
2395 2303 2659 2374 πένητε;;
2690 2303 2804 2357 ἀλλ’
2835 2306 2864 2357 6
2893 2303 3001 2357 τῶν
3028 2302 3244 2373 ἄστρων
3276 2303 3561 2369 στέφανος,

1989 2397 2081 2450 καὶ
2101 2394 2129 2447 6
2151 2395 2253 2465 τῆς
2272 2394 2499 2465 σελήνης
2523 2394 2740 2460 κύκλος,
2771 2394 2868 2464 οὐχ
2896 2395 3099 2464 ὁμοίως
3125 2395 3291 2447 πᾶσιν
3313 2393 3523 2446 ἀνεῖται
3545 2407 3561 2457 ;

1990 2486 2204 2541 Μᾶλλον
2239 2486 2314 2548 δὲ,
2346 2487 2393 2538 εί
2426 2486 2509 2538 δεῖ
2542 2502 2594 2537 τι
2622 2484 2935 2554 θαυμαστὸν
2965 2485 3161 2546 εἰπεῖν,
3198 2482 3362 2535 πλέον
3401 2482 3567 2554 ἡμεῖς

1990 2581 2035 2631 οξ
2069 2578 2297 2647 πένητες
2345 2575 2709 2645 ἀπολαύομεν,
2744 2576 2775 2646 ἢ
2808 2577 3025 2629 ἐκεῖνοι.
3071 2575 3296 2628 Ἐκεῖνοι
3330 2575 3428 2645 μὲν
3457 2573 3566 2646 γὰρ

1992 2671 2057 2726 τὰ
2081 2669 2251 2723 πολλὰ
2275 2668 2424 2741 [59.8]
2455 2669 2590 2739 μέθῃ
2615 2666 3019 2737 βαπτιζόμενοι,
3048 2666 3143 2718 καὶ
3173 2667 3230 2717 ὲν
3252 2662 3460 2734 κώμοις
3491 2662 3569 2716 δι-

1994 2767 2216 2835 άγοντες
2268 2764 2362 2816 καὶ
2400 2762 2555 2832 ὕπνῳ
2595 2760 2768 2827 βαθεῖ,
2814 2758 2936 2811 οὐδὲ
2980 2757 3397 2811 έπαισθάνονται
3443 2753 3569 2808 τού-

1993 2875 2121 2920 των,
2147 2856 2447 2925 ὑπωρόφιοι
2473 2853 2622 2916 ὄντες
2648 2852 2741 2905 καὶ
2769 2847 3286 2921 σκιατραφούμενοι·
3313 2849 3364 2901 οἱ
3393 2847 3448 2901 δὲ
3472 2847 3571 2900 πέ-

1993 2963 2151 3018 νητες
2175 2945 2410 3017 μάλιστα
2441 2946 2659 2998 πάντων
2687 2941 2826 2994 είσὶν
2862 2941 2912 2992 οἱ
2937 2940 3047 3002 τοῖς
3072 2938 3355 3008 στοιχείοις
3384 2938 3571 3007 ἐντρυ-

1998 3039 2209 3109 φῶντες
2246 3036 2477 3099 τούτοις.
2511 3032 2628 3087 Κᾶν
2650 3031 2742 3084 τὸν
2779 3029 2917 3101 ἀέρα
2943 3028 2999 3082 δὲ
3028 3027 3290 3098 ὲξετάσῃς
3318 3026 3407 3079 τὸν
3436 3043 3573 3079 παν-

1994 3129 2165 3201 ταχοῦ
2224 3127 2543 3199 κεχυμένον,
2608 3123 2700 3176 τὺν
2760 3122 2968 3190 πένητα
3037 3118 3425 3190 καθαρωτέρου
3479 3118 3576 3171 καὶ⁵

1997 3224 2241 3285 πλείονος
2280 3217 2625 3275 ἀπολαύοντα
2664 3215 2805 3285 ὄψει.
2861 3215 2971 3268 Καὶ
3014 3213 3122 3283 γὰρ
3161 3210 3431 3280 ὁδοιπόροι
3481 3210 3579 3263 καὶ

1997 3313 2236 3385 γεωργοὶ
2260 3311 2368 3365 τῶν
2399 3311 2457 3363 ὲν
2487 3306 2640 3361 ἄστει
2673 3303 2870 3375 μᾶλλον
2890 3300 3195 3372 ἐντρυφῶσι
3227 3300 3456 3362 τούτοις,
3482 3297 3578 3352 καὶ

1999 3408 2176 3462 αὐτῶν
2209 3405 2369 3458 πάλιν
2404 3401 2515 3455 τῶν
2543 3401 2601 3452 ἐν
2641 3397 2794 3451 ἄστει
2821 3395 3025 3448 τούτων
3057 3393 3215 3447 πλέον
3245 3392 3295 3444 οἱ
3333 3390 3579 3462 χειροτέ-

1999 3516 2121 3569 χναι
2150 3497 2259 3550 τῶν
2280 3496 2345 3548 δι’
2373 3493 2501 3560 ὅλης
2534 3489 2842 3561 μεθυόντων
2871 3487 2968 3557 τῆς
2988 3486 3219 3555 ἡμέρας·
3243 3483 3307 3535 Τί
3335 3482 3393 3534 δὲ
3419 3483 3452 3552 ἦ
3482 3481 3576 3552 γῆ,

2001 3588 2120 3658 οὐχὶ
2147 3584 2300 3654 κοινὴ
2326 3584 2489 3635 πᾶσιν
2518 3581 2756 3642 ἀνεῖται;
2788 3576 2943 3645 Οὐχὶ,
2973 3573 3126 3644 φησί.
3159 3573 3283 3634 Πῶς
3307 3571 3465 3624 τοῦτο
3494 3569 3581 3623 λέ-

2001 3695 2155 3747 γεις;
2194 3675 2314 3728 εἰπέ
2350 3689 2460 3744 μοι.
2499 3671 2621 3724 Ὅτι
2646 3671 2675 3722 6
2712 3665 2958 3720 πλουτῶν
2980 3664 3073 3718 καὶ
3108 3665 3164 3718 ὲν
3193 3663 3346 3718 ἄστει
3372 3660 3581 3732 πλέθρα

2002 3765 2292 3823 ἀπολαϐὼν
2346 3763 2593 3824 πλείονα,
2637 3759 2882 3829 μακροὺς
2932 3755 3184 3824 ἀνίστησι
3238 3752 3579 3823 περιϐόλους,

2004 3862 2096 3913 καὶ
2157 3861 2215 3911 ὲν
2271 3858 2461 3928 ἀγροῖς
2511 3849 2682 3904 πολλὰ
2734 3847 3102 3916 ἀποτέμνεται
3159 3843 3320 3915 μέρη.
3366 3841 3432 3895 Τί
3462 3838 3579 3905 οῦν,

2005 3949 2192 4019 ἐπειδὴ
2236 3945 2598 4014 ἀποτέμνεται
2643 3938 2826 4001 αὐτὸς,
2867 3936 3046 3990 αὐτῶν
3086 3933 3349 3988 ἀπολαύει
3386 3932 3581 4005 μόνος;

2006 4039 2289 4110 Οὐδαμῶς,
2315 4038 2420 4091 κᾶν
2447 4036 2618 4107 μυρία
2644 4031 3015 4102 φιλονεικήσῃ·
3047 4027 3142 4081 καὶ
3170 4026 3278 4098 γὰρ
3305 4027 3433 4089 τοὺς
3454 4042 3585 4096 καρο

2006 4135 2142 4198 ποὺς
2175 4134 2256 4196 εἰς
2295 4131 2539 4192 ἅπαντας
2579 4123 2948 4195 ἀναγκάζεται
2984 4120 3284 4191 διανέμειν,
3313 4119 3407 4171 καὶ
3437 4120 3584 4171 σῖτον

2007 4228 2102 4281 καὶ
2127 4220 2269 4278 οἶνον
2301 4222 2395 4276 καὶ
2419 4219 2598 4274 ἔλαιον
2625 4217 2709 4270 σοὶ
2731 4216 2984 4285 γεωργεῖ,
3019 4212 3111 4265 καὶ
3139 4202 3465 4264 διακονεῖται
3501 4209 3586 4262 σοι

2010 4314 2304 4387 πανταχοῦ.
2335 4315 2445 4367 Καὶ
2471 4311 2579 4365 τῶν
2610 4307 2910 4381 περιϐόλων
2944 4305 3051 4358 τῶν
3087 4302 3315 4373 μακρῶν
3358 4299 3585 4355 καὶτῶν

2009 4410 2348 4479 οἰκημάτων,
2393 4402 2532 4474 μετά
2554 4401 2652 4471 τὴν
2683 4400 2889 4470 ἄφατον
2914 4396 3161 4465 δαπάνην
3198 4394 3294 4447 καὶ
3329 4394 3457 4455 τοὺς
3485 4392 3587 4479 πό-

2011 4477 2265 4561 νουςῗκαὶ
2312 4494 2411 4557 τὰς
2457 4488 2856 4558 ταλαιπωρίας,
2901 4486 2985 4537 σοὶ
3026 4479 3436 4552 παρασκευάζει
3486 4477 3587 4547 τὴν

2012 4591 2226 4662 χρῆσιν,
2257 4586 2437 4654 ὀλίγον
2465 4582 2615 4652 παρά
2651 4579 2745 4632 σοῦ
2775 4580 2874 4647 τῆς
2892 4573 3163 4643 τοσαύτης
3188 4569 3586 4662 διακονίαςμάρς

2011 4658 2201 4753 γύριον
2244 4676 2445 4733 λαὸών.
2494 4673 2603 4727 Καὶ
2647 4674 2705 4724 ὲν
2737 4666 3038 4740 βαλανείοις
3084 4664 3180 4718 καὶ
3208 4658 3484 4731 πανταχοῦ
3528 4658 3589 4712 τὸ

2014 4751 2144 4829 αὐτὸ
2167 4771 2462 4843 συμϐαῖνον
2488 4767 2586 4821 ἴδοι
2610 4782 2694 4828 τις
2714 4763 2798 4818 άν·
2825 4762 2951 4824 τοὺς
2984 4758 3083 4830 μὲν
3106 4754 3469 4816 πλουτοῦντας
3493 4751 3589 4806 καὶ

2012 4865 2259 4935 χρήμασι
2312 4860 2407 4914 καὶ
2459 4855 2707 4928 φροντίσι
2751 4852 2844 4906 καὶ
2897 4850 3079 4911 πόνοις
3142 4843 3587 4935 δαπανωμένους,

2165 4954 2223 5007 δὲ
2247 4952 2486 5021 πένητας
2526 4946 2724 5014 ὀλίγων
2757 4942 2959 4996 ὀϐολῶν
2988 4938 3125 5011 μετά
3157 4935 3342 4999 ἀδείας
3371 4933 3589 4989 ἅπαντα

2013 5042 2428 5119 καρπουμένους
2466 5040 2659 5093 ταῦτα.
2685 5036 2797 5090 Καὶ
2828 5032 2989 5087 πλέον
3015 5029 3168 5084 οὐδὲν
3191 5024 3456 5083 ἀπολαύει
3493 5041 3607 5091 σου.

2013 5116 2111 5211 τῆς
2136 5138 2256 5208 γῆς·
2290 5136 2352 5189 οὐ
2383 5133 2491 5206 γὰρ
2518 5132 2581 5201 δὴ
2605 5132 2814 5192 ἐκεῖνος
2839 5127 2938 5197 μὲν
2957 5125 3089 5178 δέκα
3120 5121 3418 5191 γαστέρας,
3445 5117 3510 5171 σὺ
3532 5116 3591 5170 δὲ

2019 5208 2146 5302 μίαν
2175 5228 2423 5298 πληροῖς.
2466 5221 2626 5276 Ἀλλά
2671 5215 3139 5286 πολυτελεστέρων
3169 5211 3331 5302 αὐτὸς
3373 5208 3590 5302 μετέχει

2016 5322 2230 5385 σιτίων;
2252 5319 2503 5373 Μάλιστα
2532 5314 2631 5384 μὲν
2659 5312 2719 5365 ού
2748 5310 2918 5381 πολλὴ
2937 5306 3094 5360 τοῦτο
3120 5301 3420 5366 πλεονεξία·
3452 5298 3592 5369 πλὴν

2014 5411 2291 5469 κάνταῦθά
2320 5426 2380 5463 σε
2411 5407 2504 5462 τὸν
2537 5403 2699 5458 πλέον
2728 5402 2919 5473 ἔχοντα
2955 5397 3279 5468 εὑρήσομεν.
3323 5391 3390 5445 Ἦ
3431 5389 3540 5461 γάρ
3562 5390 3592 5429 ιι

2017 5505 2338 5560 πολυτέλεια
2373 5499 2517 5569 αῦτη
2554 5499 2642 5553 διὰ
2682 5495 2843 5551 τοῦτό
2880 5510 2964 5547 σοι
3009 5487 3227 5561 ζηλωτὴ
3252 5481 3391 5540 εἶναι
3421 5483 3590 5545 δοκεῖ,

2019 5597 2207 5669 ἐπειδὴ
2237 5595 2457 5650 πλείονα
2490 5592 2605 5663 ἔχει
2633 5590 2734 5662 τὴν
2761 5588 2977 5661 ἡδονήν·
3019 5584 3136 5640 ἀλλ’
3167 5581 3305 5649 αὕτη
3335 5573 3488 5647 παρά
3513 5575 3592 5643 τῷ

2082 5774 2112 5813 1»
2148 5770 2427 5834 Legebatur
2452 5770 2492 5818 εί
2519 5768 2627 5832 γάρ,
2649 5772 2698 5818 et
2734 5763 2865 5829 infra
2886 5759 3165 5818 πλεονεκτῇ,
3186 5764 3279 5819 pro
3300 5739 3589 5800 πλεονεκτεῖ.
