4068 6416
538 349 643 405 439

538 465 736 536 πένητι
762 460 979 522 πλείων,
1009 457 1106 525 οὐχ
1136 451 1296 525 ἡδονὴ
1323 451 1380 505 δὲ
1433 451 1614 521 μόνον,
1642 447 1777 502 ἀλλά
1806 447 1900 500 καὶ
1931 444 2108 536 ὑγεία·

537 557 639 611 κάν
666 534 675 536 ⁷
702 555 877 623 τούτῳ
926 547 1238 603 πλεονεκτεῖ
1285 542 1446 614 μόνον
1499 543 1527 595 6
1586 540 1865 603 πλούσιος,
1925 536 2006 608 τῷ
2053 534 2115 588 τὸ

539 647 702 718 σῶμα
752 642 1139 710 ἀσθενέστερον
1192 632 1653 698 κατασκευάζειν,
1707 633 1804 687 καλ⁵
1862 629 2114 691 πλείονας

539 739 795 805 συνάγειν
836 734 934 797 τὰς
970 730 1154 803 πηγάς
1196 728 1305 782 τῶν
1357 726 1828 800 ἀρρωστημάτων.
1890 722 1972 776 Τὰ
2019 721 2112 792 μὲν

537 829 645 898 γάρ
674 825 771 880 τοῦ
800 824 1029 892 πένητος
1068 818 1210 873 κατά
1239 816 1403 887 φύσιν
1430 817 1794 888 οἰκονομεῖται
1826 814 2023 880 πάντα,
2045 810 2117 865 τά

537 920 589 970 δὲ
620 914 828 968 ἐκείνου
855 911 946 966 διὰ
988 910 1086 981 τὴν
1113 907 1381 979 ἀμετρίαν
1407 907 1487 970 εἰς
1520 906 1728 978 φθοράν
1763 904 1989 975 τελευτᾷ
2021 902 2117 957 καὶ

537 1006 869 1079 ἀρρωστίαν.

608 1105 679 1164 ς’·
709 1099 774 1152 Εἰ
789 1097 845 1151 δὲ
864 1094 1137 1167 βούλεσθε,
1159 1094 1253 1147 καὶ
1269 1092 1364 1146 ἐπὶ
1384 1090 1782 1161 ὑποδείγματος
1802 1087 1935 1142 αὐτὸ
1960 1086 2118 1141 τοῦτο

537 1191 864 1262 κατίδωμεν.
897 1190 959 1242 El
991 1187 1102 1258 γάρ
1137 1185 1248 1240 δέοι
1285 1185 1515 1256 κάμινον
1552 1182 1778 1251 ἀνάψαι,
1815 1174 1935 1234 εἶτα
1963 1181 1991 1233 6
2021 1179 2117 1250 μὲν

538 1281 742 1354 σηρικά
778 1279 971 1351 ἱμάτια
996 1277 1094 1331 καὶ
1122 1276 1314 1339 ὀθόνας
1344 1274 1545 1338 λεπτὰς
1566 1271 1894 1327 καταϐάλλω
1919 1270 2119 1332 πολλὰς

537 1377 630 1430 καὶ
669 1373 955 1444 ἀπείρους,
991 1369 1086 1424 καὶ
1119 1369 1292 1433 οὑτως
1322 1367 1491 1438 αὐτὴν
1520 1366 1793 1432 ἀνακαίοι,
1821 1366 1849 1419 6
1888 1365 1946 1418 δὲ
1987 1363 2120 1431 ξύλα

536 1467 696 1539 δρυὸς
727 1466 822 1520 καὶ
847 1464 1078 1533 πεύκης·
1108 1463 1161 1516 τί
1193 1461 1353 1515 πλέον
1378 1460 1535 1531 ἔσχεν
1560 1453 1714 1522 οὗτος
1743 1456 1985 1522 ἐκείνους
2016 1456 2121 1510 Οὐ-

536 1552 644 1607 δέν·
674 1551 810 1607 ἀλλά
837 1551 931 1605 καὶ
960 1550 1200 1603 ἑλαττον.
1235 1548 1302 1601 Τί
1328 1547 1418 1612 δές
1450 1547 1623 1619 (οὐδὲν
1651 1545 1761 1618 γάρ
1784 1545 1983 1600 κωλύει
2027 1545 2122 1598 καὶ

538 1642 739 1715 ἑτέρως
758 1640 820 1695 τὸ
858 1640 991 1694 αὐτὸ
1018 1639 1344 1712 περιτρέψαι
1377 1638 1704 1708 ὑπόδειγμα)
1732 1637 1781 1690 εί
1810 1639 1839 1690 6
1868 1636 1967 1708 μὲν
1990 1634 2123 1702 ξύλα

540 1735 747 1806 βάλλοι,
774 1735 801 1787 ὁ
832 1733 890 1786 δὲ
928 1732 1156 1803 σώματα
1199 1731 1473 1797 ὑποκαίοι,
1509 1730 1639 1802 ποία
1679 1729 1745 1785 ἂν
1774 1729 1944 1801 ἡδέως
1975 1746 2120 1800 παρ-

539 1827 702 1897 έστης
749 1826 987 1895 καμίνῳ,
1034 1826 1099 1894 τῇ
1140 1822 1248 1875 τῶν
1273 1822 1469 1890 ξύλων,
1508 1822 1541 1891 ἢ
1572 1825 1640 1893 τῇ
1668 1821 1779 1875 τῶν
1813 1821 2116 1892 σωμάτων;

538 1917 773 1989 Εὐδηλον
806 1917 889 1970 ὅτι
915 1918 980 1986 τῇ
1007 1915 1116 1969 τῶν
1136 1914 1331 1981 ξύλων·
1366 1912 1550 1984 ἐκείνη
1578 1912 1676 1982 μὲν
1706 1911 1815 1983 γάρ
1852 1910 1992 1965 κατά
2020 1901 2146 1979 φύ-’

539 2028 626 2064 σιν
655 2009 891 2071 καίεται,
920 2007 1016 2062 καὶ
1043 2007 1142 2078 ἡδὺ
1174 2006 1355 2078 θέαμα
1396 2007 1509 2069 τοῖς
1545 2004 1747 2077 ὁρῶσίν
1774 2005 1942 2057 ἐστιν·
1980 2000 2118 2071 αὐτη

537 2103 595 2156 δὲ
626 2104 691 2172 τῇ
725 2100 919 2171 κνίσσῃ
948 2099 1042 2152 καὶ
1066 2097 1141 2168 τῷ
1169 2096 1324 2169 ἰχῶρι
1351 2096 1447 2150 καὶ
1473 2095 1551 2167 τῷ
1581 2093 1773 2166 καπνῷ
1801 2095 1891 2148 καὶ
1920 2096 1986 2165 τῇ
2012 2092 2119 2146 τῶν

538 2193 742 2246 ὀστέων
808 2188 1042 2260 δυσωδία
1093 2187 1303 2249 πάντας
1345 2186 1413 2240 ἂν
1453 2185 1795 2239 ἀπελάσειεν.
1855 2180 2120 2253 Ἔφριξας

539 2281 804 2346 ἀκούσας,
860 2280 957 2333 καὶ
1008 2277 1277 2342 ἐϐδελύξω
1334 2276 1434 2347 τὴν
1475 2276 1733 2346 κάμινον;
1772 2274 2033 2327 Τοιαῦται
2065 2274 2119 2325 αἰ

541 2370 694 2446 [529]
722 2369 831 2425 τῶν
878 2368 1151 2422 πλουσίων
1184 2366 1453 2436 γαστέρες
1476 2364 1603 2418 εἰσί.
1644 2363 1874 2417 Πλείονα
1916 2360 2026 2433 γάρ
2062 2362 2120 2414 ἐν

538 2466 750 2530 τούτοις
791 2463 1082 2535 σηπεδόνα,
1115 2461 1146 2533 ἢ
1185 2462 1244 2514 ὲν
1279 2462 1347 2531 τῇ
1382 2459 1597 2529 καμίνῳ
1624 2456 1810 2529 ἐκείνῃ
1853 2454 2003 2522 εὖροι
2036 2471 2120 2518 τις

540 2560 630 2626 ἂν,
678 2557 775 2611 καὶ
818 2553 1105 2624 πνεύματα
1136 2550 1348 2622 δυσώδη
1395 2550 1490 2603 καὶ
1532 2549 1779 2620 ῥεύματα
1810 2546 2118 2617 ἀκάθαρτα,

539 2649 618 2722 τῷ
660 2646 936 2718 πανταχοῦ
969 2646 1063 2700 καὶ
1089 2647 1145 2698 ἐν
1169 2645 1385 2712 ἑκάστῳ
1412 2641 1586 2714 μορίῳ
1618 2639 1822 2711 πολλὴν
1859 2633 2000 2692 εἶναι
2023 2636 2121 2708 τὴν

540 2741 781 2811 ἀπεψίαν
827 2739 917 2793 διὰ
962 2739 1058 2807 τὴν
1094 2735 1433 2806 πλησμονήν.
1472 2732 1576 2786 Τοῦ
1621 2732 1730 2803 γάρ
1777 2729 1920 2785 κατὰ
1960 2729 2121 2798 φύσιν

541 2832 748 2907 θερμοῦ
780 2833 883 2886 οὐκ
911 2828 1208 2901 ἀρκοῦντος
1234 2825 1452 2881 ἅπαντα
1475 2821 1949 2896 κατεργάσασθαι,
1982 2821 2121 2876 ἀλλά

530 2918 1056 2992 ’καταχωννυμένου,
1093 2917 1371 2970 ἐπίκειται
1414 2916 1598 2969 ἐκεῖνα
1624 2914 1830 2968 ἀνωθεν
1858 2911 2119 2976 καπνιςό-

549 3029 704 3082 μενα,
750 3011 843 3065 καί
886 3009 1089 3078 πολλὴν
1128 3006 1386 3061 ποιοῦντα
1415 3005 1512 3077 τὴν
1539 3006 1750 3077 ἀηδίαν.
1782 3006 1901 3058 Τίνι
1934 2999 2025 3057 οῦν
2055 3002 2121 3057 ἄν

544 3122 627 3167 τις
656 3101 963 3175 παραὸάλοι
1002 3102 1100 3163 τὰς
1126 3097 1351 3152 ἐκείνων
1378 3097 1651 3166 γαστέρας
1675 3115 1690 3165 ;
1724 3096 1862 3151 ἀλλά
1891 3096 1966 3168 μὴ
1992 3096 2121 3149 δυσ-

546 3195 811 3267 χεράνητε
836 3193 967 3265 πρὸς
1002 3193 1093 3245 τὸν
1115 3190 1292 3260 λόγον,
1323 3188 1437 3242 ἀλλ’
1462 3190 1512 3242 εί
1540 3189 1617 3260 μὴ
1648 3188 1823 3261 ἀληθῆ
1851 3188 2014 3257 λέγω,
2042 3187 2124 3241 δι-

532 3285 821 3354 ελέγξατε·
853 3284 960 3337 τίνι
981 3278 1073 3337 οῦν
1104 3282 1169 3337 ἄν
1198 3299 1280 3346 τις
1308 3280 1475 3345 αὐτάς
1503 3281 1840 3352 παραϐάλοι;
1873 3282 1994 3335 οὐδὲ
2017 3281 2127 3354 γὰρ

546 3379 705 3450 ἀρκεῖ
726 3376 793 3430 τὰ
815 3376 1079 3448 εἰρημένα
1102 3373 1271 3439 δεῖξαι
1295 3372 1474 3427 αὐτῶν
1494 3373 1594 3444 τὴν
1617 3373 1932 3445 ἀθλιότητα.
1954 3367 2129 3445 Εῦρον

546 3471 641 3527 καὶ
683 3470 877 3541 ἑτέραν
911 3468 1113 3524 εἰκόνα.
1145 3467 1281 3520 Τίνα
1328 3464 1392 3536 δὴ
1437 3465 1675 3536 ταύτην;
1715 3465 1984 3537 Καθάπερ
2032 3465 2126 3519 ἐπὶ

545 3559 655 3617 τῶν
682 3557 913 3631 ἀμαρῶν
940 3557 1070 3612 ἔνθα
1105 3556 1291 3610 πολλοὶ
1323 3558 1371 3610 οἰ
1404 3556 1629 3627 φορυτοὶ
1651 3556 1884 3627 κόπρου,
1905 3557 2123 3627 χόρτου,

1278 339 1336 393 S.
1376 334 1665 392 JOANNI’S
1703 328 2195 389 Cll-HYSOSTOMI
2236 328 2557 384 ARCHIEP.
2598 324 3149 383 CONSTANTINOP.

3697 327 3810 381 490

2223 440 2497 511 καλάμης,
2519 438 2701 507 λίθων,
2727 436 2922 511 πηλοῦ,
2951 438 3193 508 συνεχεῖς
3217 436 3518 510 ὲμφράξεις
3541 438 3810 508 γίνονται,

2221 533 2315 586 καὶ
2367 533 2752 604 ὑπερεκχεῖται
2800 543 2823 571 ι
2867 530 3056 584 λοιπὸν
3085 530 3293 584 ἀνωθεν
3337 532 3370 602 η
3410 529 3505 584 τοῦ
3539 531 3814 604 βορῆὁρου

2222 623 2392 695 ῥύμη·
2436 623 2579 677 οῦτω
2614 623 2707 677 καὶ
2739 622 2832 675 ἐπὶ
2870 623 2969 693 τῆς
3007 622 3212 675 τούτων
3250 623 3456 687 κοιλίας
3489 624 3809 694 συμϐαίνει·

2223 715 2602 788 φραττομένης
2628 716 2737 788 γάρ
2774 717 2942 788 αὐτῆς
2975 714 3240 779 κάτωθεν,
3273 715 3480 770 ἄνωθεν
3513 716 3812 779 ἀναϐλύζει

2220 810 2291 861 τά
2335 807 2557 861 πλείονα
2588 806 2697 860 τῶν
2744 807 3000 878 πονηρῶν
3038 804 3245 859 τούτων
3293 806 3603 878 ῥευμάτων.
3657 803 3811 857 Ἀλλ’

2220 900 2321 953 οὐκ
2343 900 2563 954 ἐπὶτῶν
2586 900 2833 971 πενήτων
2860 898 3049 963 οὑτως·
3077 898 3187 951 ἀλλ’
3210 897 3400 970 ῶσπερ
3422 899 3477 952 αἱ
3496 898 3563 951 τά
3586 896 3813 969 καθαρὰ

2224 991 2551 1063 προχέουσαι
2584 992 2777 1063 ῥεῖθρα
2815 991 3013 1061 πηγαὶ,
3047 991 3142 1043 καὶ
3172 990 3385 1063 κήπους
3410 990 3667 1059 ἄρδουσαι
3706 992 3811 1044 καὶ

2223 1082 2605 1154 παραδείσους,
2636 1082 2779 1136 οὑτω
2815 1082 2911 1136 καὶ
2952 1083 3009 1135 αἱ
3034 1081 3242 1136 τούτων
3273 1080 3539 1152 γαστέρες
3572 1082 3676 1135 είσί
3705 1098 3811 1134 κα-

2225 1174 2386 1245 θαραὶ
2408 1172 2517 1227 τῶν
2538 1173 2797 1227 τοιούτων
2820 1172 3293 1244 περιττευμάτων.
3330 1172 3474 1227 Ἀλλ’
3495 1174 3591 1243 οὐχ
3615 1174 3671 1227 αἰ
3695 1172 3812 1226 τῶν

2226 1262 2618 1337 πλουτούντων,
2652 1262 2851 1334 μᾶλλον
2888 1262 2944 1316 δὲ
2983 1263 3335 1335 τρυφώντων,
3366 1262 3632 1327 τοιαῦται,
3668 1260 3810 1315 ἀλλά

2225 1352 2435 1424 χυμῶν.
2464 1353 2807 1425 φλεγμάτων,
2829 1354 3012 1425 χολῆς,
3036 1353 3268 1424 αἵματος
3296 1352 3657 1425 διεφθορότος,
3683 1352 3809 1422 ῥεύ-

2229 1462 2397 1516 ματος
2439 1445 2758 1517 σεσηπότος,
2793 1445 2889 1499 καὶ
2921 1445 3029 1499 τῶν
3062 1445 3236 1500 ἀλλων
3264 1444 3375 1498 τῶν
3410 1444 3665 1497 τοιούτων
3694 1445 3807 1497 εἰσὶ

2229 1537 2405 1607 πεπλη
2415 1537 2674 1609 ρωμέναι.
2697 1537 2900 1608 Διόπερ
2920 1537 3094 1601 οὐδεὶς
3120 1536 3222 1591 κᾶν
3245 1535 3382 1608 πρὸς
3413 1535 3616 1608 βραχὺν
3641 1537 3803 1607 ἀρκέ-

2229 1646 2313 1682 σει
2346 1629 2538 1700 χρόνον
2568 1628 2858 1693 διαπαντὸς
2901 1630 2960 1681 ἐν
2990 1631 3169 1703 τρυφῇ
3209 1627 3341 1696 ζῶν,
3388 1628 3504 1682 ἀλλ’
3532 1630 3590 1681 ἐν
3618 1630 3809 1701 ἀρῥω-

2227 1721 2403 1785 στίαις
2437 1720 2701 1792 βιώσεται
2726 1721 3018 1791 διηνεκέσι.
3049 1721 3140 1774 Διὸ
3162 1720 3256 1774 καί⁵
3288 1719 3459 1792 ἡδέως
3487 1719 3553 1773 ἂν
3592 1719 3813 1791 ἠρόμην

2186 1840 2192 1845 ·
2225 1813 2441 1880 αὐτοὺς,
2468 1813 2613 1877 τίνος
2639 1813 2825 1866 ἕνεκεν
2854 1812 2923 1866 τά
2953 1812 3098 1867 σιτία
3127 1792 3335 1866 δέδοται
3354 1828 3367 1841 ·
3396 1811 3483 1865 ἵνα
3499 1809 3815 1883 φθειρώμε-

2229 1905 2319 1972 θα,
2361 1905 2394 1977 ἢ
2428 1904 2517 1959 ἵνα
2544 1903 2905 1977 τρεφώμεθα;
2937 1905 3025 1959 ἴνα
3049 1902 3316 1974 νοσῶμεν,
3348 1903 3381 1974 ἢ
3419 1903 3506 1970 ἵνα
3552 1902 3814 1971 ὑγιαίνω-

2228 2013 2368 2067 μεν;
2409 1996 2498 2050 ῖνα
2531 1994 2870 2066 ἀσθενῶμεν,
2918 1995 2950 2066 ἢ
2986 1995 3075 2050 ἵνα
3108 1993 3422 2065 ίσχύωμεν;
3458 1992 3693 2061 Εὔδηλον
3723 1992 3814 2045 ὅτι

2225 2085 2315 2139 διὰ
2342 2085 2548 2157 τροφὴν
2572 2086 2665 2139 καί
2688 2084 2874 2153 ὑγείαν
2904 2085 2996 2137 καί¹
3023 2084 3195 2155 ἰσχύν.
3221 2084 3378 2148 Τίνος
3407 2080 3498 2138 οὖν
3518 2084 3702 2137 ἕνεκεν
3727 2085 3813 2146 είς

2225 2178 2534 2232 τούναντίον
2562 2177 2746 2240 αὐτοῖς
2783 2176 3188 2247 ἀποκέχρησθε,
3213 2176 3369 2231 νόσον
3392 2175 3485 2229 καὶ
3516 2175 3813 2229 ἀσθένειαν

2225 2270 2311 2325 διὰ
2346 2272 2552 2324 τούτων
2581 2268 3041 2342 δημιουργοῦντες
3069 2268 3147 2339 τῷ
3178 2267 3431 2340 σώματι;
3473 2266 3613 2322 Ἀλλ’
3644 2268 3745 2339 οὐχ
3781 2268 3813 2321 6

2228 2361 2420 2431 πένης,
2443 2360 2558 2414 ἀλλ’
2584 2360 2771 2429 ὑγείαν
2799 2361 2892 2414 καὶ
2921 2360 3223 2430 εὐρωστίαν
3272 2360 3366 2412 καὶ
3398 2358 3550 2428 ίσχὺν
3588 2358 3677 2412 διά
3705 2359 3813 2428 τῆς

2226 2454 2378 2523 λιτῆς
2424 2454 2645 2507 ὠνεῖται
2679 2453 2905 2524 τροφῆς.
2946 2454 3038 2523 Μὴ
3062 2452 3125 2523 δὴ
3158 2452 3308 2505 κλαῖε
3350 2450 3439 2505 διὰ
3472 2451 3660 2504 πενίαν
3706 2450 3815 2521 τὴν

2228 2545 2416 2615 ὑγείας
2445 2546 2676 2618 μητέρα,
2717 2545 2854 2599 άλλά
2908 2544 3002 2598 καὶ
3055 2544 3314 2614 ἀγάλλου·
3361 2543 3477 2607 καὶ,
3530 2545 3578 2596 εἰ
3628 2541 3812 2612 βούλει

2228 2638 2496 2703 πλουτεῖν,
2529 2638 2858 2709 καταφρόνει
2908 2637 3162 2691 πλούτου.
3196 2637 3272 2690 Οὐ
3306 2635 3414 2707 γὰρ
3453 2637 3514 2689 τὸ
3545 2638 3809 2706 χρήματα

2228 2732 2393 2804 ἔχειν,
2423 2732 2561 2787 ἀλλά
2592 2733 2653 2787 τὸ
2687 2733 2762 2805 μὴ
2804 2732 3012 2786 δεῖσθαι
3059 2732 3152 2785 τοῦ
3180 2732 3344 2802 ἔχειν,
3378 2731 3537 2786 τοῦτο
3575 2732 3812 2802 μάλιστα

2228 2827 2475 2899 εὐπορία.
2506 2829 2605 2881 Ἂν
2633 2825 2792 2880 τοῦτο
2820 2824 3275 2898 κατορθώσωμεν,
3307 2827 3401 2880 καὶ
3432 2826 3666 2881 ἐνταῦθα
3699 2828 3812 2881 τῶν

2230 2917 2604 2972 πλουτούντων
2633 2917 2849 2971 πάντων
2873 2915 3240 2988 εὐπορώτεροι
3267 2917 3525 2988 ἐσόμεθα,
3562 2918 3658 2971 καὶ
3692 2918 3811 2971 ἐκεῖ

2226 3009 2335 3063 τῶν
2388 3009 2693 3081 μελλόντων
2738 3007 3138 3080 ἐπιτευξόμεθα
3194 3009 3436 3077 ἀγαθῶν·
3475 3002 3551 3064 ὧν
3596 3009 3809 3079 γένοιτο

2230 3102 2440 3166 πάντας
2463 3104 2608 3175 ἡμᾶς
2639 3103 2936 3173 ἐπιτυχεῖν,
2973 3100 3158 3174 χάριτι
3186 3102 3281 3155 καί
3303 3101 3682 3172 φιλανθρωπίᾳ
3706 3099 3803 3154 τοῦ

2230 3196 2437 3266 Κυρίου
2489 3182 2647 3265 ἡμῶν
2692 3195 2865 3266 Ἰησοῦ
2922 3194 3185 3267 Χριστοῦ,
3233 3194 3353 3264 μεθ’
3395 3187 3458 3247 οῦ
3502 3192 3579 3263 τῷ
3626 3193 3805 3263 Πατρὶ

2230 3284 2350 3354 ἅμα
2372 3283 2449 3354 τῷ
2482 3284 2622 3355 ἀγίῳ
2652 3284 2931 3356 Πνεύματι
2966 3285 3111 3351 δόξα,
3154 3284 3371 3357 κράτος,
3403 3283 3552 3353 τιμὴ,
3589 3281 3680 3335 νῦν
3706 3280 3802 3335 καὶ

2232 3376 2341 3441 ἀεὶ,
2374 3378 2469 3431 καὶ
2500 3379 2581 3440 εἰς
2608 3377 2735 3441 τούς
2765 3377 2967 3441 αἰῶνας
3001 3377 3108 3432 τῶν
3130 3376 3359 3435 αἰώνων.
3405 3375 3588 3444 Ἀμήν.

2294 3566 2319 3593 ⁵
2348 3564 2609 3630 Legebalur
2629 3563 2976 3627 ὑπερεγχεῖται-

1902 3966 2054 4040 [550}
2087 3968 2332 4021 OMIAIA
2373 3968 2468 4021 II".

555 4105 625 4163 Τὸ
655 4107 849 4174 στόμα
887 4106 1054 4176 ἡμῶν
1084 4106 1308 4174 ἀνέῳγε
1337 4104 1487 4173 πρὸς
1524 4101 1701 4175 ὑμᾶς,
1730 4104 2048 4176 Κορίνθιοι,
2078 4104 2117 4170 ἡ

2225 4104 2358 4157 Ἵνα
2373 4104 2482 4176 γάρ
2500 4103 2598 4157 καί
2619 4105 2657 4172 ἡ
2670 4102 2782 4172 ζωὴ
2806 4103 2914 4159 τοῦ
2950 4104 3154 4173 Ἰησοῦ
3173 4074 3482 4174 φανερωθῇ
3498 4101 3567 4155 ἐν
3580 4098 3654 4168 τῇ
3670 4103 3804 4169 θνη-

617 4173 1483 4268 Ξῖἕέῗέίξξῆέζδίἶῖἓξξνὲίὲῖῗῖῗίέξ·
1498 4173 2121 4268 Εὖ..ίζῗε1’3²ξίὲξῗξὲἷὶίῗῗ
2220 4195 2297 4264 τῇ
2313 4173 2495 4264 «rapit
2518 4195 2703 4265 ἡμῶν.
2722 4195 2900 4268 φησί’
2941 4196 3036 4251 και
3057 4190 3133 4251 ὧν
3178 4173 3376 4267 τέγονε
3414 4192 3685 4258 κοινωνδςι
3711 4192 3806 4247 και

615 4243 1382 4371 ἕν’ᾐμῒνξστενοχωρεῖσθε
1403 4243 1472 4297 δὲ
1492 4244 1562 4299 ὲν
1587 4245 1709 4311 τοῖς
1738 4245 2122 4313 σπλάγχνοις

661 4334 806 4371 ιιων.

653 4334 806 4385 ιμων.

618 4477 690 4524 α’.
722 4470 1134 4542 Διηγησάμενος
1156 4469 1286 4540 περί
1314 4468 1423 4523 τῶν
1447 4466 1640 4522 ἐαυτοῦ
1671 4467 1996 4539 πειρασμῶν
2030 4466 2123 4521 καὶ

546 4560 814 4630 θλίψεων·
852 4563 955 4615 Ἐν
978 4559 1258 4629 ὑπομονῇ
1298 4558 1429 4629 γὰρ,
1468 4559 1653 4628 φησὶν,
1692 4559 1763 4612 ἐν
1803 4560 2125 4626 θλίψεσιν,

543 4652 614 4705 ἐν
646 4651 941 4721 ἀνάγκαις
970 4691 987 4713 ,
1011 4651 1083 4704 ἐν
1122 4649 1559 4718 στενοχωρίαις
1582 4689 1598 4715 ,
1629 4649 1700 4703 ἐν
1733 4648 2023 4718 πληγαῖς,
2055 4648 2127 4703 ἐν

545 4743 868 4812 φυλακαῖς,
935 4742 1008 4795 ἐν
1074 4739 1553 4806 ἀκαταστασίαις
1577 4777 1593 4804 ,
1659 4740 1730 4793 ὲν
1778 4740 1990 4807 κόποις
2013 4782 2029 4807 ,
2054 4740 2126 4794 ἐν

545 4834 945 4904 ἀγρυπνίαις·
982 4832 1078 4886 καὶ
1134 4831 1315 4899 δείξας
1361 4832 1443 4886 ὅτι
1480 4831 1622 4903 μέγα
1651 4829 1854 4901 ἀγαθὸν
1887 4831 1949 4885 τὸ
1981 4831 2124 4905 πρᾶ-

548 4943 667 4996 γμα
698 4939 713 4954 ·
769 4926 867 4990 Ὠς
926 4923 1301 4994 λυπούμενοι
1354 4924 1484 4997 γὰρ,
1524 4924 1706 4994 φησὶν,
1753 4923 1846 4978 ἀεὶ
1895 4922 1963 4977 δὲ
1990 4923 2123 4992 χαί-

540 5031 763 5082 ροντες
797 5030 812 5044 ·
847 5014 929 5081 ὡς
970 5014 1219 5084 πτωχοί,
1249 5013 1523 5080 πολλοὺς
1559 5012 1629 5067 δὲ
1658 5012 2082 5080 πλουτίζοντες
2105 5029 2120 5043 ·

545 5106 630 5171 ὡς
662 5103 863 5174 μηδὲν
908 5108 1181 5176 ἔχοντες,
1226 5104 1331 5161 καί
1379 5104 1579 5160 πάντα
1608 5103 1966 5174 κατέχοντες
1991 5119 2003 5133 ·
2029 5104 2125 5158 καὶ

547 5197 686 5251 ὅπλα
719 5196 859 5252 αὐτά
887 5195 1055 5251 εἰπών
1077 5211 1093 5227 ·
1131 5198 1229 5264 Ὠς
1249 5196 1667 5265 παιδευόμενοι
1690 5197 1821 5268 γάρ,
1857 5196 2010 5268 φησὶ,
2025 5197 2124 5251 καί

541 5285 627 5356 μὴ
675 5289 1110 5358 θανατούμενοι
1138 5302 1151 5318 ·
1186 5288 1282 5341 καί
1305 5285 1398 5340 τοῦ
1428 5285 1566 5341 Θεοῦ
1594 5287 1694 5358 τὴν
1727 5286 1931 5360 πολλὴν
1956 5287 2124 5359 κηδε-

548 5377 739 5446 μονίαν
769 5378 858 5432 διὰ
901 5379 1109 5433 τούτων
1153 5379 1404 5449 ἐμφήνας
1434 5378 1543 5431 ’καὶ
1568 5377 1668 5449 τὴν
1698 5377 1931 5449 δύναμιν
1956 5394 1969 5407 ·
1999 5380 2126 5433 Ἵνα

545 5469 653 5540 γάρ
676 5469 715 5537 ἡ
749 5471 1052 5540 ὑπερϐολὴ
1079 5468 1190 5538 τῆς
1226 5467 1538 5540 δυνάμεως
1561 5464 1605 5541 ᾗ
1625 5471 1732 5525 τοῦ
1764 5471 1935 5537 Θεοῦ,
1967 5472 2123 5541 φησὶ,

545 5561 642 5615 καὶ
684 5559 773 5630 μὴ
804 5561 876 5627 ἐξ
918 5559 1087 5631 ἡμῶν
1110 5576 1122 5589 ·
1151 5558 1247 5612 καὶ
1294 5560 1423 5622 τοὺς
1461 5561 1662 5622 ἄθλους
1689 5561 1857 5615 αὐτοῦ
1891 5561 2125 5616 καταλέο

546 5652 640 5716 ξας
659 5668 671 5681 ·
690 5653 950 5707 Πάντοτε
975 5651 1084 5724 γάρ
1101 5650 1216 5719 τὴν
1228 5648 1525 5718 νέκρωσιν
1538 5651 1749 5716 αὐτοῦ,
1784 5653 1940 5725 φησὶ,
1958 5670 2125 5723 περι-

546 5744 827 5812 φέρομεν·
864 5745 960 5799 καί
974 5745 1053 5800 δτι
1071 5741 1422 5807 ἀναστάσεως
1439 5744 1598 5799 τοῦτο
1623 5744 1897 5813 ἀπόδειξις
1924 5750 2121 5817 σαφής·

2222 4283 2346 4338 τίνα
2402 4285 2702 4357 ἐπιστεύθη
2738 4303 2751 4316 ·
2797 4286 2978 4355 ’Υπὲρ
3021 4285 3282 4356 Χριστοῦ
3327 4284 3436 4357 γάρ
3480 4283 3805 4353 πρεσϐεύο-

2218 4392 2355 4445 μεν,
2383 4377 2570 4448 φησὶν,
2590 4379 2670 4445 ὡς
2686 4378 2794 4433 τοῦ
2822 4377 2972 4433 Θεοῦ
2994 4377 3495 4448 παρακαλοῦντος
3520 4376 3595 4431 δι’
3618 4374 3803 4446 ἡμῶν·

2227 4468 2323 4522 καὶ
2361 4467 2526 4522 τίνων
2565 4469 2684 4522 ἐστὶ
2723 4469 2993 4534 διάκονος,
3028 4471 3113 4523 ὅτι
3158 4469 3220 4523 οὐ
3274 4468 3639 4541 γράμματος,
3673 4464 3809 4520 ἀλλά

2229 4558 2548 4631 πνεύματος
2576 4577 2590 4593 ·
2624 4563 2720 4615 καὶ
2752 4561 2836 4615 ὅτι
2868 4562 2931 4615 οὐ
2957 4561 3133 4633 τούτῳ
3163 4560 3324 4633 μόνον
3357 4556 3805 4630 αἰδέσιμος,ωά

2227 4648 2323 4702 καὶ
2348 4651 2461 4711 τοῖς
2485 4654 2812 4722 πειρασμοῖς
2831 4669 2845 4684 ·
2890 4651 2977 4719 Τῷ
3005 4652 3127 4719 Θεῴ
3159 4652 3287 4724 γὰρ,
3316 4651 3487 4722 φησὶ,
3529 4649 3701 4719 χάρις
3722 4645 3806 4713 τῷ

2233 4740 2496 4795 πάντοτε
2536 4740 2695 4810 ἡμᾶς
2715 4745 3127 4814 θριαμϐεύοντι
3145 4761 3160 4775 ·
3194 4743 3382 4814 μέλλει
3411 4742 3595 4796 λοιπὸν
3620 4741 3805 4803 αὐτοῖς

2227 4834 2322 4887 καὶ
2346 4834 2630 4904 ἐπιτιμᾷν,
2654 4833 2731 4898 ὡς
2751 4835 2813 4888 οὐ
2843 4836 3052 4908 σφόδρα
3069 4838 3198 4908 περὶ
3220 4836 3383 4890 αὐτὸν
3411 4834 3803 4905 διακειμένοις.

2241 4924 2405 4980 Ἀλλά
2438 4927 2649 4998 μέλλων
2676 4969 2690 4994 ,
2719 4929 2820 4982 οὐκ
2848 4928 3050 4994 εὐθέως
3095 4932 3188 4983 ἐπὶ
3219 4928 3379 4983 τοῦτο
3394 4924 3807 5000 ἔρχεται,ἀλλά

2230 5017 2501 5091 πρότερον
2550 5020 2619 5073 τά
2678 5021 2811 5092 περὶ
2871 5025 2971 5094 τῆς
3021 5022 3244 5093 ἀγάπης
3311 5020 3505 5087 εἰπὼν,
3554 5021 3621 5091 ἢν
3676 5016 3809 5087 περὶ

2227 5110 2428 5173 αὐτοὺς
2471 5110 2827 5167 ἐπεδείκνυτο
2853 5155 2870 5183 ,
2896 5114 3017 5168 τότε
3043 5114 3294 5186 ἐμϐαίνει
3328 5116 3424 5170 καὶ
3459 5118 3538 5179 εἰς
3562 5115 3651 5167 τὸν
3678 5112 3807 5183 περί

2229 5201 2438 5256 τούτων
2493 5203 2673 5273 λόγον.
2704 5205 2770 5259 Εἰ
2797 5205 2907 5278 γὰρ
2940 5207 3035 5262 καὶ
3072 5207 3183 5262 ἀπὸ
3214 5207 3325 5262 τῶν
3362 5209 3581 5262 οἰκείων
3602 5222 3804 5277 κατορ-

2231 5292 2507 5364 θωμάτων
2532 5294 2814 5367 αἰδέσιμος
2847 5299 2874 5352 6
2897 5298 3170 5370 ἐπιτιμῶν
3198 5299 3285 5370 είη
3309 5340 3324 5362 ,
3357 5299 3478 5353 ἀλλ’
3504 5299 3652 5371 ὅμως
3676 5297 3807 5350 ὅταν

2227 5387 2323 5437 καί
2349 5385 2448 5457 τὴν
2479 5386 2660 5458 φιλίαν
2680 5429 2696 5454 ,
2721 5389 2791 5460 ῆν
2827 5389 2941 5460 ἔχει
2986 5392 3123 5464 πρὸς
3168 5394 3295 5457 τοὺς
3327 5389 3767 5462 ἐγκαλουμένους
3787 5429 3807 5457 9

2228 5475 2590 5548 ἐπιδείξηται,
2644 5480 3117 5555 ἀνεπαχθέστερον
3167 5485 3317 5538 ποιεῖ
3361 5483 3454 5538 τὸν
3494 5482 3672 5551 λόγον.
3704 5480 3808 5535 Διά

2230 5568 2391 5622 τοῦτο
2430 5571 2526 5623 καὶ
2569 5572 2735 5637 αὐτὸς
2761 5574 2871 5628 ἀπὸ
2898 5574 3009 5630 τῶν
3036 5576 3360 5648 πειρασμῶν
3385 5575 3482 5630 καὶ
3505 5573 3613 5628 τῶν
3644 5571 3809 5643 ἱδρώ-

2228 5677 2336 5714 των
2356 5661 2466 5716 τῶν
2496 5663 2691 5717 ἑαυτοῦ
2730 5665 2956 5722 καὶτῶν
2979 5669 3206 5738 ἀγώνων
3238 5668 3429 5736 ἐκϐὰς,
3459 5670 3539 5731 εἰς
3560 5665 3652 5720 τὸν
3675 5662 3809 5735 περὶ

2226 5752 2329 5821 τῆς
2347 5753 2570 5825 ἀγάπης
2595 5757 2914 5824 μεταϐαίνει
2940 5760 3120 5827 λόγον,
3150 5761 3247 5816 καὶ
3263 5761 3432 5826 οὑτως
3456 5758 3635 5814 αὐτῶν
3666 5757 3806 5812 καθ-
