4000 6398
504 415 569 474 ll
1525 403 1581 458 S.
1625 395 1966 456 PAULINUS
2001 389 2320 449 NOLANUS
2355 385 2750 446 EPISCOPUS.
3701 384 3774 440 ιε

509 500 3735 553 W

1336 651 2931 814 PROLEGOMENA.

1674 903 2608 933 ...ι-ψα-

1814 1059 2454 1146 PREFATIO.

572 1275 755 1335 Sancti
786 1272 962 1329 Pontii
991 1267 1218 1340 Meropii
1241 1263 1449 1321 Paulini
1475 1277 1639 1334 Opera
1665 1277 1694 1314 a
1723 1261 1938 1315 nemine
1963 1260 2095 1314 satis
2122 1263 2169 1322 Α
2198 1271 2348 1316 erat:
2384 1272 2568 1312 rerum
2631 1255 2773 1326 quod
2799 1257 2912 1313 hac
2951 1258 3115 1312 veluti
3153 1255 3374 1326 disiecta
3422 1257 3660 1314 membra
3715 1258 3788 1313 ali

501 1387 604 1445 pro
630 1368 888 1440 dignitate
916 1365 1200 1432 laudanda,
1221 1363 1316 1434 qui
1343 1359 1398 1418 in
1426 1360 1518 1416 illo
1551 1365 1644 1414 aut
1669 1354 2094 1445 eloquentissimi

503 1444 782 1535 scriptoris
800 1457 1159 1516 eruditionem
1184 1461 1242 1510 et
1269 1453 1446 1520 tidem,
1476 1459 1568 1506 aut
1595 1447 1782 1504 eximii
1799 1447 1940 1502 vatis
1965 1444 2096 1502 divi-

503 1568 630 1610 nam
659 1561 896 1608 meutem
931 1558 989 1605 et
1033 1546 1440 1619 intelligentiam
1468 1541 1746 1613 suspiciat,
1775 1548 1836 1595 ut
1875 1538 2095 1595 lectori-

503 1646 603 1700 bus
629 1657 731 1713 ego
759 1655 1087 1712 magnopere
1114 1636 1511 1705 commendem,
1539 1641 1717 1702 neque
1742 1629 1971 1687 instituti
1990 1629 2098 1685 mel

505 1735 643 1791 ratio
667 1748 843 1804 neque
870 1733 985 1805 ipsa
1013 1731 1210 1804 patitur
1224 1726 1548 1786 sanctissimi
1573 1723 1809 1780 auctoris
1835 1729 2097 1793 praestan-

505 1827 582 1883 tia
610 1847 624 1882 :
673 1828 730 1882 in
753 1840 917 1896 quem
950 1816 1274 1896 praeclarum
1306 1820 1438 1876 illud
1466 1817 1698 1887 elogium
1737 1815 1968 1887 plurima
1985 1811 2102 1884 jam

500 1919 600 1974 diu
633 1916 861 1983 saecula,
895 1923 1081 1984 totque
1128 1913 1360 1968 aliorum
1401 1907 1649 1974 Patrum,
1691 1915 1747 1961 et
1790 1903 2102 1976 cumprimis

509 2011 801 2078 Ambrosii,
849 2007 1193 2082 Hieronymi,
1219 2003 1500 2076 Augustini
1529 1999 1836 2064 testimonia
1880 2011 2105 2056 consen-

508 2110 715 2170 serunt,
747 2115 1013 2158 summum
1059 2101 1112 2155 in
1141 2097 1381 2155 Ecclesia
1412 2094 1575 2153 fuisse
1612 2094 1808 2150 virum.
1838 2091 1910 2146 At
1956 2089 2102 2146 enim

508 2195 656 2268 quod
677 2195 767 2252 illa
796 2193 1045 2250 universa
1075 2207 1218 2247 nunc
1246 2192 1475 2262 primum
1499 2177 1728 2244 collecta
1753 2184 1810 2241 in
1829 2183 2102 2256 publicum

510 2285 758 2359 profero,
787 2285 834 2342 si
859 2284 992 2341 nihil
1033 2283 1207 2350 aliud,
1232 2282 1518 2344 hoccerte
1544 2292 1706 2352 spero
1733 2283 2103 2334 assecuturum

511 2394 599 2440 me
627 2378 823 2448 laudis,
859 2376 1005 2450 quod
1028 2391 1218 2434 eorum
1269 2375 1577 2442 hominum,
1609 2385 1747 2442 quos
1792 2377 2105 2426 sanctorum

511 2471 674 2529 lectio
703 2469 923 2526 Patrum
939 2467 1179 2525 delectat
1199 2463 1417 2538 (quibus
1441 2462 1686 2536 profecto
1705 2461 1880 2526 omnis
1900 2457 2106 2517 doctri-

512 2578 585 2629 na
617 2563 868 2632 elegans,
899 2559 1076 2617 omnis
1115 2557 1453 2629 antiquitatis
1497 2553 1756 2611 memoria
1779 2550 2106 2622 continetur)

2194 1353 2403 1420 reliquo
2441 1366 2670 1421 corpore
2704 1359 3105 1420 separarentur,
3132 1350 3184 1405 in
3211 1351 3450 1408 omnium
3477 1352 3621 1408 votis
3645 1359 3786 1412 erat,

2196 1455 2254 1500 ut
2291 1441 2344 1500 in
2377 1459 2540 1500 unum
2565 1443 2952 1509 coalescerent,
2982 1453 3232 1514 essetque
3275 1442 3412 1498 adeo
3457 1452 3517 1498 ut
3555 1441 3810 1504 aliorum,

2195 1534 2438 1608 Patrum,
2479 1535 2548 1590 ita
2579 1542 2634 1589 et
2668 1532 2880 1588 Paulini
2923 1547 3149 1603 operum
3200 1531 3448 1588 absoluta
3499 1533 3686 1588 editio.
3719 1531 3792 1588 Et

2195 1643 2328 1683 vero
2355 1627 2468 1682 haec
2497 1635 2610 1693 est,
2641 1625 2708 1682 ad
2737 1640 2898 1695 quam
2937 1622 3310 1682 contendimus
3347 1622 3654 1693 utilitatem,
3683 1622 3794 1679 hoc

2199 1719 2399 1776 laboris
2430 1719 2598 1773 nostri
2627 1717 2963 1788 palmarium,
2996 1713 3266 1772 studuisse
3299 1728 3357 1772 ut
3385 1723 3440 1772 et
3463 1731 3602 1771 nova
3633 1728 3794 1771 acce-

2199 1809 2390 1865 derent
2412 1818 2562 1867 recto
2584 1824 2812 1879 qumque
2839 1809 3048 1878 ordine,
3076 1822 3371 1877 eorumque
3404 1809 3515 1878 ipsa
3549 1807 3795 1864 accessio

2201 1901 2368 1956 altera
2396 1901 2688 1955 donaretur
2717 1900 3064 1971 prterogativa
3084 1941 3098 1964 ,
3132 1909 3187 1953 ut
3223 1899 3378 1954 novis
3407 1899 3550 1953 curis
3576 1897 3645 1954 ab
3673 1898 3793 1970 ipso

2201 1993 2409 2050 editore
2438 2001 2973 2061 recognoscerentur.
3007 1990 3184 2058 Quare
3209 1991 3568 2046 convertimus
3596 2006 3696 2045 nos
3721 1989 3793 2046 ad

2203 2086 2272 2143 cl.
2319 2082 2668 2140 Muratorlnm
2691 2125 2706 2146 ,
2747 2083 3028 2154 ipsumque
3057 2084 3214 2140 enixe
3251 2080 3688 2152 eﬂlagitavimus,
3731 2091 3794 2137 ut

2205 2191 2340 2252 quas
2360 2174 2543 2231 multis
2559 2173 2672 2244 jam
2701 2173 2900 2230 abhinc
2926 2173 3082 2230 anuis
3111 2173 3162 2230 in
3192 2189 3254 2230 ea
3285 2183 3533 2245 poemata
3558 2173 3794 2230 excude-

2205 2277 2312 2328 rat.
2343 2267 2750 2324 dissertationes
2782 2277 2838 2323 et
2869 2274 3025 2322 notas
3044 2267 3306 2322 recolere!
3325 2307 3344 2336 ,
3374 2275 3430 2321 et
3465 2268 3508 2322 si
3550 2282 3654 2338 qua
3689 2267 3796 2323 sibi

2211 2362 2295 2418 vel
2323 2361 2538 2416 uberius
2586 2359 2926 2416 edisserenda
2946 2404 2961 2426 ,
2987 2359 3075 2414 vel
3111 2374 3328 2430 quoquo
3356 2359 3518 2415 modo
3559 2360 3796 2414 videreno

2209 2463 2297 2507 tur
2325 2451 2669 2510 immutanda.
2702 2453 3042 2515 edissereret,
3075 2451 3432 2522 mutaretque,
3461 2459 3514 2504 et
3543 2452 3597 2506 in
3621 2450 3797 2522 publi-

2209 2562 2353 2608 cum,
2387 2547 2540 2615 cujus
2568 2545 2802 2600 martimc
2835 2543 3106 2600 studiosus
3135 2553 3237 2611 est,
3269 2544 3468 2598 bonum
3507 2543 3795 2598 conterret.

514 2655 706 2712 studiis
729 2651 1115 2710 consuluerim.
1145 2649 1278 2705 Nam
1307 2650 1408 2705 etsi
1435 2646 1578 2704 haud
1627 2644 1780 2704 multi
1809 2644 2105 2703 faciendam
2141 2641 2183 2703 Β
2213 2637 2312 2707 Qui
2336 2649 2391 2694 et
2435 2639 2662 2708 benigne
2693 2638 2880 2694 annuit
2911 2648 2964 2692 ut
2997 2647 3077 2694 est
3108 2638 3172 2694 ad
3215 2647 3360 2696 recta
3391 2638 3572 2694 omnia
3599 2646 3655 2692 et
3699 2636 3798 2692 bo-

514 2747 713 2818 scntio,
741 2762 902 2817 quam
931 2745 984 2801 in
1014 2746 1080 2801 iis
1107 2743 1420 2814 colligendis
1447 2741 1685 2812 impendi
1718 2754 1971 2810 operam,
2011 2753 2112 2793 nec

515 2840 662 2913 quod
692 2838 936 2896 nonnulli
962 2853 1106 2894 nunc
1145 2837 1366 2902 faciunt,
1391 2850 1460 2890 ex
1487 2848 1622 2905 pura
1645 2840 1880 2904 putaque
1908 2831 2113 2885 alieno-

515 2949 636 2990 rum
688 2929 1046 3001 descriptione
1099 2928 1468 3002 συνταγμάτων
1513 2923 1710 2979 l'amam
1749 2922 1889 2976 inter
1928 2917 2112 2976 erudi-

518 3033 606 3081 tos
632 3037 900 3094 aucupor:
931 3018 1089 3075 video
1117 3026 1299 3074 tamen
1327 3022 1588 3087 quantum
1617 3029 1684 3070 ex
1713 3013 1814 3068 bac
1841 3011 1954 3081 ipsa
1984 3026 2111 3067 cura

519 3116 764 3173 utilitatis
815 3121 872 3170 et
921 3109 1205 3189 commodi
1244 3109 1312 3166 ad
1352 3124 1467 3166 rem
1500 3105 1858 3164 Christianam
1899 3118 2115 3161 sacras-

518 3223 626 3282 que
667 3206 901 3264 Litteras
945 3203 1178 3269 eveniat,
1211 3200 1426 3272 quando
1455 3214 1641 3256 eorum
1683 3211 1906 3268 operum
1955 3195 2115 3251 ador-

521 3306 683 3356 natur
704 3297 894 3363 editio,
923 3309 1044 3366 qttzc
1071 3309 1190 3350 cum
1213 3292 1296 3348 sui
1323 3291 1520 3348 merito
1547 3289 1707 3346 nullis
1733 3288 1902 3345 ter-me
1924 3303 2116 3344 secun-

519 3390 589 3446 da
634 3389 773 3455 sint,
822 3387 1061 3443 nondum
1098 3394 1285 3440 tamen
1335 3383 1539 3452 integra
1567 3382 1834 3451 simulque
1877 3381 2115 3436 numeris

522 3480 774 3536 omnibus
795 3479 1041 3536 absoluta
1080 3477 1134 3532 in
1159 3476 1350 3546 vulgus
1390 3473 1735 3546 prodierant,
1767 3479 1828 3527 ut
1854 3472 2116 3526 vetustio-

521 3588 611 3629 res
636 3571 902 3636 omittam,
924 3569 1100 3638 deque
1127 3579 1252 3633 una,
1282 3581 1402 3636 qua:
1429 3565 1666 3622 omnium
1710 3570 1981 3643 postrema
2009 3559 2114 3630 est,

521 3660 812 3717 Parisiensi
833 3659 1027 3724 dicam,
1050 3666 1168 3714 erat
1192 3657 1280 3714 illa
1299 3656 1514 3727 quidem
1537 3655 1872 3712 celeberrimi
1893 3655 2116 3726 presby-

522 3753 625 3810 teri
650 3750 872 3808 Joannis
905 3749 1158 3822 Baptista:
1197 3749 1272 3804 Le
1315 3747 1458 3804 Brun
1487 3747 1663 3804 studio
1695 3763 1822 3802 sane
1851 3760 2114 3817 perquam

521 3845 732 3902 erudite
761 3858 826 3901 ac
871 3841 1158 3911 diligenter
1186 3841 1534 3904 concinnata,
1571 3839 1638 3894 ad
1663 3839 1895 3910 plurium
1922 3851 2114 3893 manu-

522 3916 845 4004 scriptorum
872 3931 1116 3988 codicum
1147 3938 1338 3986 exacta
1379 3927 1568 3996 ﬁdem,
1595 3927 1736 3984 notis
1771 3943 1836 3984 ac
1861 3926 2115 3984 disserta-

2216 2740 2366 2788 ncsta
2413 2732 2588 2787 studia
2615 2732 3065 2802 promptissimus,
3099 2725 3310 2800 suoque
3339 2729 3678 2802 potissimum
3722 2727 3800 2783 fa-

2215 2841 2346 2881 vore
2376 2826 2572 2880 tactum
2603 2834 2704 2890 est,
2737 2832 2794 2878 ut
2822 2823 3092 2893 egregium
3124 2825 3290 2879 hocce
3323 2839 3459 2894 Opus
3495 2831 3696 2894 quanta
3731 2809 3800 2877 li-

2220 2918 2334 2975 cuit
2356 2909 2485 2973 eura
2515 2917 2812 2989 expolitum
2836 2917 3079 2988 prodiret
3099 2917 3150 2972 in
3169 2910 3464 2987 'publicum.

2285 3010 2404 3066 Jam
2429 3028 2532 3082 qua
2562 3011 2612 3066 id
2647 3011 2855 3066 ratione
2881 3011 2952 3066 sit
2990 3011 3316 3082 praestitum,
3344 3011 3530 3083 paucis
3569 3024 3800 3088 comme-

2218 3104 2463 3161 morabo.
2492 3103 2622 3171 Qtue
2647 3103 2819 3158 tribus
2845 3104 2898 3158 in
2940 3112 3152 3174 quarto,
3185 3112 3244 3158 ut
3277 3109 3488 3168 vocant,
3521 3103 3682 3160 tomis
3707 3117 3802 3158 an-

2215 3204 2302 3252 tea
2351 3190 2786 3260 continebantur,
2839 3195 2948 3252 hoc
2991 3211 3090 3251 nos
3141 3211 3251 3251 uno
3300 3196 3808 3268 comprehendimus

2216 3290 2521 3357 volumine;
2553 3289 2837 3346 tribuimus
2864 3297 3044 3346 autem
3077 3289 3130 3344 in
3168 3289 3302 3348 duas
3338 3299 3518 3363 partes
3557 3292 3805 3360 universa

2215 3389 2572 3456 syntagmata,
2601 3396 2827 3450 quarum
2859 3382 3028 3438 altera
3057 3398 3176 3454 quae
3202 3382 3379 3439 soluta
3400 3384 3645 3440 oratione
3670 3400 3806 3440 con~

2216 3482 2380 3540 stant,
2407 3474 2577 3530 altera
2605 3489 2726 3545 qum
2753 3473 2981 3544 poeticis
3015 3473 3272 3540 numel'is,
3300 3477 3566 3547 complexi
3596 3492 3804 3532 sumus.

2219 3563 2313 3621 llis
2349 3564 2640 3620 succedere
2673 3563 2932 3634 jussimus
2970 3566 3283 3635 appendicis
3322 3566 3441 3622 loco
3469 3573 3593 3638 post
3630 3579 3804 3638 pauca

2216 3657 2462 3727 qutedam
2504 3656 2785 3727 utriusque
2819 3659 3033 3726 generis
3071 3658 3358 3729 opuscula,
3397 3671 3516 3729 qua:
3549 3659 3684 3716 falso
3721 3666 3806 3713 ta-

2216 3763 2337 3804 men
2391 3745 2619 3805 Paulino
2685 3749 3058 3818 ascribuntur,
3129 3751 3482 3808 vetustiorum
3537 3751 3807 3808 editorum

2217 3847 2395 3907 notas,
2426 3840 2836 3896 dissertationes
2864 3849 2918 3898 et
2946 3844 3352 3911 commentaria,
3381 3858 3500 3914 quae
3541 3843 3806 3900 Parisien-

2217 3929 2290 3989 sis
2332 3946 2500 4002 quam
2553 3931 2884 3988 laudavimus
2947 3943 3218 4004 postrema
3269 3936 3436 3992 editio
3488 3936 3612 3992 anni
3671 3935 3810 4014 I685

523 4027 759 4084 tionibus
801 4025 1063 4081 lllustrata
1108 4023 1562 4089 luculentissimis,
1597 4022 1794 4079 Verum
1837 4037 1961 4078 cum
2007 4037 2114 4076 non
2141 4024 2187 4088 C
2217 4022 2620 4078 accuratissime
2674 4025 3028 4095 repraesentat
3069 4045 3082 4080 :
3115 4041 3296 4082 curam
3345 4042 3537 4099 nempe
3565 4044 3804 4094 omnem,

523 4136 630 4176 una
671 4129 764 4174 aut
792 4113 961 4173 altera
1001 4111 1208 4187 privata
1233 4113 1482 4187 epistola,
1523 4115 1617 4170 sed
1648 4115 1854 4184 integra
1882 4121 2114 4184 quatuor

524 4219 800 4281 poemata,
831 4223 957 4278 pars
996 4208 1164 4263 totius
1197 4206 1376 4277 operis
1403 4204 1756 4272 nobilissima,
1783 4203 2117 4284 desiderare-

523 4310 629 4366 tur,
660 4315 779 4370 quae
807 4307 1106 4370 temporum
1147 4296 1454 4352 infelicitate
1478 4295 1710 4352 nondum
1740 4297 1793 4350 in
1818 4296 1952 4350 lucis
1979 4310 2112 4351 con-

525 4401 768 4463 spectum
812 4399 1105 4458 venerant,
1133 4388 1320 4444 aberat
1365 4401 1580 4459 quoque
1625 4385 1715 4443 illa
1744 4404 1774 4443 a
1821 4388 2001 4442 nativa
2031 4389 2114 4441 sui

525 4481 831 4550 integritate
859 4487 1091 4545 tantum,
1121 4487 1378 4547 quantum
1408 4478 1536 4534 illud
1563 4480 1633 4534 ab
1670 4479 1888 4534 humani
1919 4493 2112 4547 corpo-

525 4574 600 4628 ris
628 4570 986 4645 perfectione,
1017 4571 1105 4626 cui
1145 4586 1239 4626 ora
1282 4585 1541 4626 manusve
1585 4569 1780 4626 fuerint
1825 4579 2114 4642 amputatae

525 4666 717 4721 ambte.
745 4663 982 4734 Contigit
999 4679 1131 4718 vero
1160 4663 1466 4738 felicissimo
1491 4673 1730 4720 veterum
1759 4667 2114 4720 monimento-

527 4773 645 4812 rum
691 4755 991 4826 indagatori
1033 4763 1193 4825 atque
1238 4755 1516 4826 interpreti
1561 4756 1630 4812 cl.
1679 4757 1793 4813 viro
1841 4754 2112 4814 Ludovico

530 4848 762 4904 A‘ntonio
791 4846 1085 4918 Muratorio
1111 4847 1223 4916 ipsa
1246 4847 1336 4900 illa
1365 4856 1595 4915 quatuor
1616 4857 1866 4917 poemata
1890 4864 1958 4906 ex
1988 4849 2114 4904 Am-

528 4941 809 5002 brosianus,
839 4955 959 5009 qua:
990 4937 1271 4994 Eediolani
1302 4946 1403 5002 est,
1435 4940 1772 4995 bibliotheca:
1798 4957 1924 4997 mss.
1953 4957 2112 4997 erue-

526 5045 606 5097 re,
633 5031 1006 5100 jacturamque
1032 5029 1175 5084 illam
1201 5044 1267 5084 eo
1291 5030 1614 5098 graviorem,
1644 5030 1790 5100 quod
1820 5033 1986 5088 series
2015 5048 2112 5086 na-

526 5121 713 5176 talium
751 5121 809 5178 S.
841 5120 1033 5176 Felicis
1073 5121 1501 5191 interciperetur,
1531 5138 1650 5193 qum
1689 5125 1942 5193 singulari
1977 5139 2112 5195 poe~

528 5225 676 5272 mate
702 5214 980 5272 celebrare
1029 5211 1281 5271 Paulinus
1309 5215 1597 5284 quotannis
1625 5226 1998 5283 consueverat,
2031 5233 2114 5274 re-

476 5296 479 5299 ’
527 5309 749 5366 sarcire.
772 5308 906 5364 Cum
935 5308 1073 5364 tanti
1099 5322 1186 5363 res
1213 5317 1373 5373 esset,
1407 5325 1504 5366 nec
1531 5309 1643 5380 pati
1669 5311 1752 5365 vir
1776 5311 2112 5366 doctissimus

2215 4127 2376 4185 quam
2418 4121 2528 4168 tres
2572 4114 2865 4170 doctissimi
2915 4131 2948 4172 e
3001 4117 3260 4174 societate
3303 4115 3428 4197 Jesu
3485 4120 3805 4192 presbyteri,

2219 4205 2459 4261 Andreas
2507 4205 2793 4274 Sebottns,
2845 4207 3156 4264 Heribertus
3218 4209 3549 4283 Rosweydus
3587 4221 3639 4267 et
3703 4210 3806 4269 Pe-

2216 4305 2331 4353 trus
2378 4297 2696 4357 Franciscus
2737 4298 3034 4356 Chililetius
3080 4301 3458 4367 adhibuerunt,
3489 4317 3612 4359 cum
3647 4285 3803 4359 suam

2215 4390 2440 4459 quisque
2469 4390 2715 4459 Spartam
2746 4391 3050 4446 adornaret.
3105 4391 3225 4450 lino
3260 4394 3429 4452 verbo
3466 4411 3584 4451 eam
3627 4398 3804 4466 ipsam

2215 4486 2504 4544 editionem
2526 4503 2645 4556 qua:
2675 4498 2895 4544 auctore.
2923 4488 3120 4544 Brunio
3162 4491 3378 4560 prodiit,
3411 4495 3665 4562 p'erpetua
3694 4491 3803 4547 fer-

2216 4593 2303 4632 me
2331 4581 2470 4633 serie
2495 4587 2658 4648 atque
2687 4579 2874 4634 ordine
2904 4584 3054 4649 sequi
3092 4581 3264 4645 libuit,
3294 4582 3361 4637 ad
3396 4584 3618 4654 ejusque
3648 4585 3801 4654 inge-

2215 4671 2362 4725 nium
2393 4685 2453 4723 ea
2485 4671 2647 4724 etiam
2675 4686 2796 4751 quae
2829 4672 3039 4726 not-iter
3061 4685 3426 4737 accesserunt,
3452 4675 3798 4747 digessimus.

2213 4759 2478 4827 Quoniam
2507 4775 2637 4816 vero
2664 4762 2714 4816 id
2743 4771 2930 4832 optare
2952 4765 3214 4834 quispiam
3244 4775 3514 4836 potuerat,
3549 4777 3607 4824 ut
3635 4767 3802 4840 (μιθιὶ-

2213 4853 2284 4907 do
2310 4854 2421 4908 haec
2451 4868 2555 4909 uno
2579 4855 2850 4910 volumine
2877 4857 3384 4926 complcctebamur,
3409 4861 3649 4930 qumdam
3671 4877 3801 4932 pro-

2213 4948 2392 5018 posito
2434 4949 2602 5016 niagis
2637 4950 3190 5018 accommodarentur,
3244 4969 3311 5006 ne
3350 4968 3452 5008 suo
3488 4955 3590 5010 isto
3628 4957 3800 5014 lector

2213 5047 2343 5093 voto
2389 5039 2680 5107 excideret,
2731 5051 2784 5094 et
2830 5040 3115 5097 frustratus
3165 5043 3329 5098 videri
3374 5055 3577 5115 posset,
3623 5047 3796 5102 Vitam

2213 5131 2380 5184 sancti
2412 5132 2647 5187 auctoris
2693 5135 2905 5203 scriptis
2945 5136 3062 5204 ejus
3098 5141 3509 5210 lim-posuimus,
3542 5142 3799 5200 elenchos

2213 5235 2448 5290 quoque,
2491 5223 2602 5278 sive
2634 5223 2840 5278 tabulas
2881 5241 3004 5279 eum
3031 5227 3401 5298 epistolarum,
3435 5239 3546 5285 tum
3577 5247 3798 5300 poema-

2215 5320 2347 5376 tum,
2380 5315 2589 5380 utrique
2619 5315 2757 5385 parti
2808 5319 3130 5386 prtetix'imus
3177 5324 3222 5384 ',
3277 5320 3488 5391 aliaque
3535 5321 3583 5375 id
3630 5337 3796 5394 genus

528 5410 732 5472 posset,
757 5400 954 5457 diutius
985 5402 1312 5456 monimenta
1336 5401 1422 5456 illa
1455 5409 1604 5458 tanto
1623 5417 1892 5459 sacrarum
1921 5419 1986 5461 ac
2013 5421 2112 5476 po-
2141 5419 2193 5481 Β
2218 5405 2578 5481 praestitimus,
2603 5414 2662 5460 ut
2688 5423 2786 5462 nec
2809 5409 2984 5464 minus
3011 5409 3290 5476 elegantiae
3315 5411 3649 5466 satisfactum
3681 5412 3796 5469 fue-

528 5492 769 5548 litiorum
802 5491 1100 5547 litterarum
1130 5491 1400 5564 impendio
1429 5510 1549 5550 cum
1591 5496 1747 5550 blatis
1790 5497 2104 5563 conﬂictari,

531 5599 596 5639 ac
619 5582 734 5641 tine
749 5599 797 5649 ε,
825 5583 1051 5638 seorsim
1079 5599 1188 5640 uno
1218 5583 1613 5642 Anccdotorum
1643 5596 1790 5643 tomo
1816 5589 2000 5644 edidit.
2030 5589 2108 5645 ita

531 5672 724 5732 demuu
791 5669 935 5741 quod
961 5673 1154 5728 saltem
1185 5675 1296 5730 lucc
1316 5685 1526 5746 spectat
1557 5679 1827 5748 Natalitia,
1858 5681 2004 5736 salva
2028 5698 2112 5737 res

2213 5500 2304 5562 rit,
2337 5515 2436 5556 nec
2464 5499 2662 5569 aliquid
2685 5502 2901 5557 utilitati
2931 5501 3254 5567 detractum,
3276 5513 3368 5558 aut
3392 5507 3681 5574 legentium
3713 5523 3800 5564 vo-

2217 5590 2426 5661 luptati,
2459 5591 2584 5646 dum
2615 5595 2794 5647 omnia
2822 5609 2941 5661 qua:
2965 5594 3031 5649 ad
3061 5595 3336 5665 scriptoris
3364 5599 3530 5652 nostri
3559 5609 3799 5656 commo—

2220 5683 2426 5739 diorcm
2459 5684 2741 5740 lectionem
2787 5685 3007 5748 faciunt,
3055 5705 3160 5744 uno
3210 5697 3400 5746 tenore
3435 5700 3801 5762 contextoque

605 5849 624 5871 ‘
651 5848 752 5904 Nos
784 5863 972 5906 omnes
999 5850 1204 5909 indices
1247 5853 1297 5908 in
1347 5867 1511 5909 unum
1559 5870 1752 5926 corpus
1783 5858 1850 5914 ad
1896 5859 2096 5914 calcem
2125 5861 2281 5931 hujus
2311 5859 2629 5932 Patrologize
2663 5863 2794 5920 torni
2821 5863 3153 5933 collegimus.
3183 5867 3336 5924 Eutr.
