4000 6396
220 368 282 426 IS
1611 366 1818 424 1³1ὶοῌῖ

1931 365 2130 425 “ENA.
3438 365 3509 419 τι

213 489 488 542 constant.
522 481 662 542 Nihil
700 484 988 542 enimvero
1036 486 1087 540 in
1145 483 1368 559 reliquis
1419 486 1821 557 quanticunque
1849 489 1895 548 Α
1921 484 2230 556 percepisse
2250 481 2569 544 videbimur,
2595 478 2642 536 si
2672 490 2910 536 nostram
2935 478 3254 535 industriam
3281 479 3511 559 solidio-

211 574 372 631 studii
394 575 549 632 licuit
574 578 1027 648 praetermissum,
1056 579 1198 648 quod
1220 578 1288 633 ad
1320 594 1513 633 novam
1537 579 1676 634 hanc
1700 578 1818 634 edi-—

211 667 414 724 tionem
455 683 528 723 ex
578 668 827 724 omnium
876 672 1030 726 votis
1055 686 1124 725 ex
1171 670 1356 726 animo
1393 670 1817 725 cumulatissime

214 758 581 814 instruendam
623 774 688 816 ac
732 761 975 816 numeris
1001 761 1253 817 omnibus
1280 760 1666 818 absulvendam
1696 777 1819 830 per-

211 851 424 916 tineret,
455 853 620 908 lectio
673 853 792 924 ipsa
831 856 1006 926 magis
1029 869 1193 924 quam
1219 857 1509 911 verborum
1538 870 1816 912 cumineo-

1923 578 1995 630 ris
2015 575 2275 631 doctrinae
2300 572 2601 632 candidatis
2624 581 2734 627 tum
2763 581 2971 644 gratam
2989 587 3114 629 cum
3132 557 3317 629 utilem
3344 571 3510 629 fuisse

1920 668 2349 745 intellexerimus
2379 685 2393 718 :
2420 682 2816 737 pergemusque
2843 666 2948 721 huc
2973 664 3104 722 eniti
3134 673 3192 720 ut
3220 669 3510 735 quotannis

1919 760 2118 832 aliquid
2169 776 2233 814 ex
2288 759 2474 813 labore
2510 768 2700 813 nostro
2731 757 2956 828 prodeat
2981 771 3149 814 sacra
3173 773 3293 813 cum
3325 757 3511 829 primis

1922 855 2236 908 litteratura:
2260 849 2516 904 studiosis
2542 835 2869 920 veluptatem
2889 864 3013 905 cum
3035 850 3265 908 utilitate
3287 850 3482 922 conjun
3497 883 3511 892 -

209 941 354 997 datio
393 943 800 1013 eomprobabit.
846 943 1099 1017 Magnum
1141 945 1337 1002 exinde
1381 945 1613 1002 fructum
1664 945 1820 1000 nobis
1917 960 2060 999 cram
2092 943 2397 996 allaturum.

825 1196 1440 1281 PR/EFATIO
1497 1195 2210 1281 PARISIENSIS
2264 1190 2897 1277 EDITIONIS.

272 1501 567 1561 Paulinum
605 1503 932 1574 episcopum
970 1500 1238 1558 Nolanum
1289 1511 1348 1554 et
1403 1499 1571 1570 ipsius
1608 1495 1810 1566 scripta
1989 1491 2186 1549 Tutum
2219 1510 2352 1566 opus
2383 1496 2438 1551 in
2484 1497 2620 1551 duos
2666 1505 2844 1554 tomos
2886 1496 3247 1562 distinximus,
3281 1513 3512 1569 quorum

205 1597 390 1671 quanti
421 1597 662 1653 fecerint
705 1593 808 1650 SS.
839 1593 1095 1651 Ecclesia
1145 1593 1362 1659 Patres,
1403 1590 1559 1646 multi
1589 1596 1808 1651 norunt,
1915 1590 2122 1659 primus
2169 1590 2551 1660 complectitur
2604 1590 2902 1646 indubitata
2959 1590 3018 1646 S.
3081 1590 3289 1647 Paulini
3345 1608 3511 1664 opera

207 1707 393 1750 omnes
439 1707 511 1748 ex
541 1690 792 1764 ipsorum
815 1688 1008 1760 elogiis
1057 1688 1195 1743 infra
1235 1684 1605 1742 describendis
1652 1695 1811 1737 nosse
1913 1679 2210 1736 secundum
2227 1683 2470 1737 ordinem
2497 1694 2796 1753 temporum
2819 1700 2961 1740 nunc
2978 1685 3209 1755 primum
3230 1687 3512 1758 disposita,

206 1792 452 1858 possunt.
472 1782 605 1839 Jam
630 1781 842 1854 pridem
878 1764 1011 1838 viris
1035 1779 1212 1836 doctis
1240 1791 1384 1848 aegre
1413 1785 1532 1833 erat
1574 1784 1686 1832 tam
1715 1774 1809 1830 de-
1848 1799 1890 1859 Β
1917 1788 2078 1842 quem
2119 1775 2298 1830 studio
2328 1786 2384 1832 et
2409 1777 2652 1833 consiliis
2695 1776 2994 1834 doctissimi
3042 1779 3144 1835 viri
3191 1777 3513 1852 investigare

206 1887 428 1951 pravata
457 1893 588 1934 esse
617 1877 755 1932 tanti
783 1875 885 1932 viri
913 1890 1101 1946 opera,
1127 1882 1186 1930 et
1215 1873 1284 1928 ab
1325 1872 1509 1943 aliquo
1551 1870 1813 1927 mediam
1915 1868 2231 1940 sategimus.
2267 1869 2562 1928 Nonnullas
2607 1871 2902 1940 adiecimus
2931 1874 3209 1944 epistolas,
3251 1875 3431 1946 plures
3453 1875 3512 1942 in

205 1971 336 2043 ipsis
366 1968 628 2030 adhiberi
653 1985 880 2026 meum
916 1968 1270 2025 vehementer
1293 1964 1578 2035 optabant.
1611 1961 1813 2018 Horum

210 2061 448 2119 consiliis
468 2073 532 2118 et
551 2060 980 2118 auctoritatibus
1008 2057 1222 2114 adducti
1243 2059 1311 2114 ad
1350 2073 1416 2112 ea
1449 2055 1706 2128 primaevo
1736 2054 1816 2109 ni-

207 2152 312 2209 tori
335 2151 686 2209 restituenda
712 2153 954 2209 animum
977 2149 1296 2221 adiecimus,
1323 2147 1632 2219 corrogatis
1660 2147 1818 2203 unde

207 2259 438 2317 quaque,
471 2253 598 2300 tum
651 2259 720 2299 ex
748 2243 918 2299 Gallia
971 2252 1084 2303 tum
1133 2256 1207 2299 ex
1251 2241 1444 2297 vicinis
1483 2239 1814 2309 regionibus,

206 2339 482 2396 codicibus
508 2337 925 2410 manuscriptis,
955 2351 1188 2408 quorum
1215 2351 1324 2409 ope
1351 2342 1511 2391 aucta
1533 2344 1592 2389 et
1632 2347 1819 2390 emcn-

207 2427 327 2484 data
353 2435 504 2485 sunt.

276 2519 454 2576 Prima
488 2537 688 2579 eorum
721 2520 1201 2596 editioprodierat
1231 2520 1456 2574 Lutetiae
1488 2517 1815 2575 Parisiorth

211 2629 353 2670 anno
385 2613 531 2670 l5l6
575 2615 719 2688 typis
744 2613 939 2672 Jodoci
989 2615 1139 2670 Badii
1169 2614 1408 2670 Ascensii
1441 2615 1494 2668 iu
1523 2609 1709 2670 multis
1735 2615 1816 2669 ιι-

209 2722 350 2774 cera,
384 2709 441 2764 in
483 2708 769 2764 nonnullis
817 2708 1025 2773 mutila,
1056 2723 1123 2763 ac
1150 2707 1314 2762 etiam
1353 2723 1382 2760 a
1418 2722 1650 2762 censore
1701 2707 1823 2778 ipso

215 2797 372 2854 Badio
399 2802 738 2872 depravata.

275 2891 472 2950 Secuta
518 2903 610 2950 est
650 2895 819 2950 editio
849 2897 1083 2952 secunda
1113 2896 1334 2953 Hem-lci
1369 2895 1553 2952 Gravii
1582 2895 1817 2950 Domini-

213 2980 350 3056 eani,
378 2988 473 3057 qui
507 3002 660 3042 anno
703 2985 844 3041 1560
884 2987 1130 3044 Colonia:
1167 2989 1266 3043 sub
1307 2989 1458 3059 prelo
1496 2986 1816 3044 Choliniano

215 3073 416 3132 Paulini
445 3087 623 3149 opera
651 3077 837 3134 multis
863 3071 1072 3136 mendis
1099 3081 1409 3150 rapui-gavit
1435 3086 1504 3136 ex
1537 3078 1817 3135 veteribus

213 3169 626 3241 exemplaribus
642 3185 776 3227 mss.

278 3261 408 3320 inde
437 3262 607 3320 tertia
637 3262 841 3334 prodiit
884 3263 1106 3320 Basileae
1147 3281 1234 3318 an.
1264 3261 1410 3321 1569
1439 3266 1578 3320 inter
1622 3265 1816 3318 ortho-

216 3353 605 3428 doxographos
625 3373 654 3412 a
683 3357 896 3413 Joanne
915 3357 1127 3414 Jacobo
1154 3359 1370 3414 (li-intro
1409 3358 1672 3414 collectos
1700 3373 1820 3428 quae

217 3449 424 3506 videtur
468 3465 548 3506 ex
591 3451 978 3522 manuscriptis
1017 3461 1155 3524 post
1187 3453 1397 3524 priores
1423 3451 1692 3506 editiones
1719 3466 1818 3506 ex-

216 3558 420 3614 pressa.

283 3633 550 3702 Quartam
570 3651 696 3691 cum
719 3651 822 3692 ms.
839 3636 1026 3694 codice
1044 3637 1300 3694 collatam
1329 3636 1559 3692 intexuit
1579 3635 1821 3692 Andreas

213 3723 470 3785 Selmttus
489 3725 704 3783 Jesuita
726 3728 781 3784 in
809 3727 1191 3785 Coloniensem
1220 3727 1570 3784 Bibliotheca:
1597 3725 1820 3783 Patrum

216 3819 514 3876 editionem
547 3834 638 3875 an.
664 3819 824 3887 tots,
854 3820 1039 3877 addito
1066 3817 1430 3890 Epithalamio
1445 3818 1644 3874 Juliani
1672 3828 1729 3874 et
1751 3818 1821 3874 lic

218 3911 457 3968 nondum
491 3926 715 3968 excuso.

285 4001 548 4070 Quintam
573 4010 630 4059 ct
657 4012 988 4075 postremam
1015 4004 1310 4059 editionem
1353 4019 1502 4061 anno
1531 4002 1670 4058 l622
1711 4003 1822 4060 An-

217 4097 442 4166 tuerpia:
464 4097 711 4166 curavit,
733 4103 790 4152 et
812 4097 960 4170 typis
986 4093 1345 4154 Plautiuianis
1374 4096 1646 4153 commisit
1671 4094 1822 4152 Heri-

218 4187 402 4244 bcrtus
423 4187 766 4261 Rosweydus
785 4205 898 4247 soc.
918 4187 1070 4257 Jesu,
1105 4190 1183 4246 vir
1203 4189 1328 4262 pius
1353 4197 1408 4246 et
1428 4190 1700 4257 eruditus;
1721 4189 1817 4244 sed

221 4287 302 4334 tot
328 4281 789 4354 occupationibus
827 4283 1155 4355 implicatus,
1194 4293 1277 4354 ut,
1307 4300 1430 4340 eum
1473 4293 1685 4356 tempus
1713 4300 1820 4340 non

219 4372 522 4442 sulliceret,
550 4375 779 4430 aliorum
805 4390 952 4447 saepe
978 4377 1180 4434 studiis.
1199 4378 1279 4432 uti
1295 4385 1606 4448 cogeretur,
1631 4388 1688 4432 et
1707 4392 1824 4434 suc-

218 4463 516 4522 cedaneam
537 4465 799 4522 duntaxat
818 4467 1120 4539 imponeret
1145 4485 1382 4526 manum.
1407 4469 1557 4526 Illam
1577 4468 1822 4542 profecto

1919 1960 2052 2016 duas
2073 1961 2352 2018 divisimus
2372 1964 2540 2020 secuti
2577 1979 2705 2020 mss.
2739 1966 2984 2020 codicum
3016 1967 3414 2034 auctoritatem,
3445 1983 3511 2027 ex

1919 2052 2127 2108 duabus
2152 2070 2312 2109 unam
2333 2070 2402 2111 ex
2431 2055 2594 2113 certis
2618 2061 2949 2127 argumentis
2965 2059 3252 2130 aliquando
3273 2043 3512 2118 confeci-

1919 2162 2058 2202 mus.
2092 2133 2197 2203 llas
2226 2149 2368 2205 inter
2393 2150 2581 2205 ordine
2611 2167 2710 2207 suo
2737 2151 3124 2208 colincavimus
3152 2155 3390 2220 unicum,
3419 2154 3512 2224 qui

1921 2241 2078 2296 nobis
2106 2249 2380 2314 superest,
2413 2241 2471 2298 S.
2505 2241 2715 2299 Paulini
2759 2227 3064 2302 sermonem
3110 2243 3181 2302 de
3227 2245 3511 2318 Gazophy-

1923 2337 2076 2391 lacio.

1991 2427 2255 2485 Prrterea
2287 2445 2398 2486 rem
2429 2441 2632 2502 gratam
2660 2434 2951 2503 utilemque
2981 2433 3236 2492 studiosis
3271 2434 3513 2492 fat-turos

1922 2537 2022 2575 nos
2045 2521 2308 2583 arbitrati
2329 2539 2542 2588 smnus,
2577 2526 2620 2579 si
2653 2525 2735 2581 bis
2779 2525 3136 2582 insereremus
3164 2527 3418 2597 epistolas
3445 2528 3512 2583 ad

1922 2611 2202 2669 Paulinum
2233 2616 2316 2670 vel
2343 2617 2568 2688 scriptas
2599 2617 2680 2672 vel
2713 2620 3019 2689 rescriptas.

1994 2707 2194 2764 Deinde
2223 2709 2570 2779 epistularum
2593 2719 2912 2778 argumenta
2940 2712 3081 2766 male
3105 2711 3314 2778 digesta
3345 2720 3403 2767 et
3429 2712 3514 2766 in-

1920 2802 2219 2873 composita
2271 2802 2686 2871 castigarimus,
2741 2812 2796 2858 ct
2843 2819 3008 2858 sacrae
3056 2803 3346 2874 Scriptor-2e
3394 2803 3515 2861 loca

1921 2893 2113 2949 Italico
2142 2894 2507 2966 expressimus
2536 2896 2868 2951 clmracterc.

1993 2986 2262 3042 Caeterum
2307 3002 2429 3042 eum
2475 2985 2616 3058 apud
2666 3003 2855 3044 omnes
2902 2995 3115 3044 constet
3148 2987 3250 3044 SS.
3299 2987 3514 3044 Palmm
3609 3009 3623 3022 ἠ

1921 3081 2148 3138 allectus
2177 3090 2234 3137 et
2263 3082 2488 3138 virtutes
2510 3098 2618 3136 non
2644 3081 2770 3136 alibi
2796 3080 2988 3136 melius
3008 3097 3166 3151 quam
3195 3083 3250 3139 in
3271 3083 3517 3154 epistolis
3595 3086 3602 3093 '

1843 3191 1893 3256 ρ
1924 3189 2082 3243 posse
2111 3172 2464 3244 deprehendi,
2497 3174 2552 3229 in
2574 3173 2784 3228 Paulini
2805 3172 3000 3234 litteris
3019 3174 3258 3232 aucwris
3276 3175 3512 3243 genium,
3601 3249 3611 3260 ‘

1924 3266 2306 3338 eloquentiam,
2331 3265 2692 3339 prudentiam,
2716 3265 2910 3330 zelum,
2935 3266 3102 3322 animi
3131 3267 3514 3337 constantiam,
3601 3265 3628 3298 "

1923 3361 2165 3416 veritatis
2181 3376 2246 3416 ac
2260 3360 2476 3431 pietatis
2491 3375 2750 3424 amorem,
2768 3359 3057 3433 Scriptum
3070 3376 3238 3418 saeta:
3256 3360 3512 3427 studium,

1924 3452 2328 3520 humanitatem,
2359 3451 2698 3514 modestiam,
2730 3451 3090 3508 humilitatem
3108 3469 3236 3510 vere
3252 3453 3515 3511 Christia-

1923 3559 2067 3608 nam,
2090 3544 2369 3600 caritatem
2391 3545 2699 3612 maximam,
2731 3560 2833 3601 nec
2860 3559 2968 3600 non
2991 3543 3180 3603 faciem
3203 3555 3260 3603 et
3276 3548 3516 3604 anilitum

1921 3634 2078 3692 facile
2117 3636 2291 3707 quivis
2321 3635 2514 3692 intueri
2559 3643 2756 3708 potest.
2796 3635 2868 3692 ειη
2910 3637 3073 3694 variis
3101 3627 3248 3694 enim
3275 3639 3517 3711 epistolis

1923 3735 2173 3784 auctores
2220 3737 2414 3800 sponte
2453 3743 2516 3785 se
2563 3729 2663 3802 ipsi
2693 3729 2930 3802 produnt
2957 3732 3290 3803 pinguntque
3319 3734 3517 3792 nativis
3559 3737 3562 3740 ’

1919 3821 2216 3888 coloribus,
2265 3834 2400 3890 qnos
2445 3829 2660 3890 natura,
2709 3822 2880 3890 locus,
2929 3825 3165 3888 occasio,
3215 3827 3517 3894 argumenti

1920 3927 2113 3982 genus,
2142 3928 2408 3984 personae,
2431 3914 2598 3971 etiam
2617 3929 2650 3968 a
2668 3929 2778 3970 non
2805 3914 3167 3984 cogitantibus
3185 3917 3514 3987 exprimunt.

1920 4007 2076 4074 Quod
2104 4007 2241 4064 adeo
2275 4020 2490 4074 verum,
2533 4016 2591 4062 ut
2618 4004 2894 4072 Paulinus,
2925 4007 3018 4078 qui
3046 4008 3333 4078 imaginem
3361 4024 3515 4081 suam

1923 4115 2023 4154 suo
2048 4098 2254 4156 Severo
2276 4098 2568 4169 postulanti
2589 4085 2970 4167 denegaverat,
3000 4115 3060 4156 se
3089 4099 3200 4171 ipse
3223 4107 3332 4155 tam
3362 4115 3516 4171 egre.

1923 4191 2009 4261 gie
2036 4191 2272 4262 pinxerit
2311 4191 2366 4246 in
2409 4190 2574 4248 variis
2602 4178 2952 4261 epistolarum
2998 4195 3214 4245 suarmh
3263 4186 3424 4257 locis,
3455 4201 3517 4247 ut

1923 4283 2080 4342 facile
2107 4285 2265 4342 nobis
2290 4283 2452 4340 fuerit
2473 4299 2542 4340 ex
2571 4285 2636 4340 iis
2657 4283 2846 4339 faciem
2867 4283 2984 4352 ejus
3007 4282 3074 4342 ad
3107 4284 3283 4338 viv‘mn
3313 4299 3514 4358 reprae-

1922 4385 2159 4441 sentare,
2189 4377 2430 4448 epistolis
2459 4377 2662 4432 scilicet
2691 4374 2740 4443 5,
2767 4369 2913 4432 num.
2940 4374 3003 4441 ις
3035 4374 3123 4440 ‘22,
3157 4373 3303 4430 num.
3335 4377 3397 4442 ’2;
3419 4374 3516 4446 ‘25,

1925 4486 2074 4528 num.
2108 4470 2177 4526 10
2200 4482 2259 4528 et
2284 4470 2374 4537 2'5,
2421 4479 2477 4524 et
2521 4469 2589 4522 ω
2626 4485 2781 4525 num.
2832 4469 2885 4532 6,
2912 4502 2918 4510 -
2941 4467 3184 4522 nonnihil
3219 4449 3394 4550 etiam
3448 4471 3516 4528 ad

221 4556 523 4614 editionem
547 4571 856 4624 accuratam
885 4577 994 4616 non
1021 4562 1356 4618 existimavit
1391 4563 1630 4633 ejusdem
1653 4563 1821 4618 socie-
1850 4586 1900 4650 υ
1926 4567 2190 4638 picturam
2219 4563 2602 4622 absolvendam
2627 4563 2849 4632 iuvante
2880 4560 3086 4620 Urauio
3126 4577 3272 4618 num.
3315 4562 3368 4625 5,
3401 4562 3436 4617 6
3463 4573 3518 4620 et

224 4651 348 4705 tatis
391 4651 592 4708 Petrus
635 4651 956 4710 Francisens
994 4653 1318 4719 Cltiﬂletius,
1367 4656 1458 4728 qui
1504 4654 1574 4711 ad
1621 4672 1817 4711 novam

221 4742 281 4797 S.
306 4744 522 4802 Paulini
543 4761 772 4817 operum
794 4748 1090 4805 editionem
1129 4749 1524 4821 procurandum
1564 4751 1733 4807 multa
1765 4751 1818 4805 in

224 4837 464 4892 medium
497 4837 725 4908 protulit
755 4839 807 4893 in
837 4855 936 4894 suo
959 4841 1188 4896 Paulino
1215 4842 1495 4908 illustrato,
1527 4859 1596 4898 ex
1623 4858 1731 4914 quo
1762 4851 1821 4898 ut

225 4937 279 4982 et
307 4945 376 4984 cx
402 4930 612 4987 recenti
641 4941 866 5001 operum
887 4931 948 4987 S.
973 4932 1257 5001 Augustini
1287 4933 1527 4990 editione
1547 4935 1822 5006 excerpsi-

227 5036 346 5076 mus
371 5037 495 5092 qua:
517 5023 588 5078 ad
617 5039 732 5080 rem
761 5030 1000 5081 nostram
1030 5010 1424 5084 conducebant.

299 5113 370 5170 Ut
397 5123 582 5171 autem
630 5114 927 5190 intelligas,
975 5119 1146 5176 lector
1185 5121 1480 5184 benevole,
1533 5122 1756 5193 praestiti
1786 5135 1817 5176 a

231 5207 385 5265 nobis
411 5209 576 5266 officii
601 5211 819 5266 modum
847 5221 904 5268 et
929 5213 1188 5275 rationes,
1217 5229 1386 5284 pauca
1417 5215 1502 5270 hic
1532 5212 1813 5284 pra-fabor.

300 5301 383 5357 Ad
434 5302 750 5372 castiganda
799 5301 1006 5360 Paulini
1055 5321 1218 5376 opera
1270 5295 1574 5376 complures
1627 5321 1818 5361 manu-

233 5392 460 5464 scriptos
479 5393 698 5450 codices
716 5411 815 5464 per
834 5411 1003 5451 annos
1019 5411 1116 5473 sex
1139 5397 1468 5452 excessimus
1493 5405 1551 5454 et
1573 5407 1822 5453 accurate

236 5486 558 5544 contulimus
603 5501 728 5544 cum
774 5486 958 5555 editis,
991 5504 1055 5545 ac
1101 5491 1246 5543 viros
1285 5490 1554 5557 eruditos,
1598 5490 1642 5546 si
1691 5491 1819 5562 quid

238 5576 509 5636 obscurius
528 5587 586 5636 et
615 5579 926 5650 perplexius
943 5581 1278 5642 occurrebat,
1303 5580 1695 5642 consuluimus:
1719 5596 1821 5636 nec

240 5684 444 5743 semper
462 5672 610 5744 quod
639 5671 844 5726 clarius
857 5682 999 5728 esset
1026 5683 1118 5728 aut
1145 5674 1443 5747 elegantius
1468 5674 1817 5746 prtetttlimus,

239 5764 332 5819 sed
347 5767 488 5838 quod
505 5778 766 5836 germana
784 5763 988 5822 Paulini
1009 5767 1172 5826 ditio
1193 5785 1312 5824 esse
1337 5768 1551 5826 collatis
1566 5769 1684 5826 aliis
1703 5769 1820 5840 ejus

243 5871 454 5929 operum
479 5863 618 5920 locis
651 5859 950 5915 videbatur.

1922 4658 1976 4722 'i,
2023 4657 2321 4713 Fortunato
2370 4657 2462 4712 lib.
2515 4673 2550 4712 ll
2588 4654 2655 4710 de
2700 4654 2824 4709 Vita
2977 4653 3210 4720 Martini,
3252 4661 3306 4710 et
3353 4653 3514 4722 Rom.

1923 4751 2168 4806 Subtcrr.

1993 4841 2263 4912 Epistolas
2290 4839 2566 4909 excipiunt
2594 4846 2841 4909 poemata
2869 4836 3162 4892 innumeris
3191 4834 3398 4891 mendis
3429 4850 3515 4893 re-

1921 4943 2167 5006 purgata,
2200 4932 2442 4987 versibus
2469 4930 2713 5000 plurimis
2741 4937 2926 4993 aucta,
2951 4934 3006 4982 et
3033 4927 3362 4993 argumentis
3394 4926 3516 4982 illu-

1921 5035 2109 5081 strata.
2142 5023 2236 5079 llis
2262 5022 2488 5094 plurima
2521 5021 2902 5078 ecclesiasticae
2929 5017 3242 5088 disciplinae,
3277 5019 3516 5090 antiqui-

1923 5119 2054 5174 tatis
2080 5127 2137 5174 et
2165 5116 2402 5172 historiae
2448 5125 2798 5171 monumenta
2842 5113 3209 5172 continentur,
3261 5127 3362 5169 nec
3408 5128 3516 5167 non

1922 5212 2194 5286 pmcipua
2222 5209 2493 5279 Evangelii
2524 5216 2791 5280 praecepta
2827 5215 2881 5263 ct
2907 5207 3150 5269 consilia.
3281 5270 3284 5274 Α

1996 5293 2164 5358 Porro
2192 5301 2247 5358 in
2275 5302 2524 5357 omnibus
2564 5298 2777 5367 Paulini
2815 5297 3069 5370 operibus
3111 5298 3380 5356 sectiones
3422 5297 3521 5368 de:

1923 5385 2254 5466 signavimus
2299 5393 2624 5464 frequentes,
2673 5389 2846 5446 aﬂiiis
2893 5391 3187 5445 numerieis
3213 5390 3378 5458 notis,
3407 5406 3518 5460 quo

1923 5496 2068 5544 esset
2106 5487 2357 5556 deinceps
2405 5485 2613 5540 facilior
2657 5481 2866 5538 Paulini
2913 5496 3059 5547 usus,
3102 5480 3515 5553 expeditiorque

1925 5580 2165 5636 locorum
2195 5577 2486 5646 inquisitio.
2514 5570 2959 5630 Emendatiouum
2981 5581 3160 5628 autem
3182 5586 3372 5654 causas
3395 5573 3515 5641 qui-

1923 5659 2148 5731 busdam
2175 5671 2557 5728 notatiuneulis
2586 5669 2638 5724 in
2683 5666 3024 5722 inferioribus
3059 5664 3396 5736 marginibus
3420 5675 3514 5719 ex-

1923 5767 2217 5840 posuimus,
2248 5765 2298 5820 in
2317 5763 2628 5818 lateralibus
2651 5773 2808 5817 voces
2835 5759 3122 5816 nonnullas
3142 5755 3511 5819 obscuriores;

1923 5877 2045 5933 quae
2075 5875 2202 5917 vero
2232 5860 2409 5916 addita
2443 5865 2596 5922 sunt,
2641 5855 2849 5912 duabus
2877 5853 3148 5924 ansulis()
3179 5848 3508 5909 inclusimus.
