4000 6400
479 416 551 472 IS
1502 405 1562 462 S.
1603 403 1946 463 PAULINUS
1985 399 2300 461 NOLANUS
2338 401 2727 463 EPISCOPUS.
3687 403 3762 465 46

543 525 606 580 In
632 520 927 584 secundum
953 526 1161 576 tomum
1176 514 1430 589 "conjecta
1458 527 1584 573 sunt
1623 530 1789 588 opera
1819 526 1933 572 tum
1957 513 2060 572 du-
2093 519 2140 577 Α
2237 512 2346 571 Hos
2397 515 2693 589 sequuntur
2747 513 2836 569 alii
2891 515 3095 572 indices
3143 515 3250 573 duo
3297 517 3539 574 locorum
3588 535 3760 578 sacrm

473 618 583 684 bia,
609 627 722 671 tum
744 607 1103 684 snpposititia.
1125 606 1221 666 His
1237 610 1398 664 notas
1415 607 1688 664 varion
1711 605 2061 692 subiecimus,

478 710 534 764 in
560 692 788 778 quarum
819 709 925 760 tine
953 707 1213 773 cujusque
1239 701 1476 758 auctoris
1500 710 1698 758 nomen
1727 699 1932 756 editum
1959 706 2059 753 est.

477 801 680 856 nostris
709 813 839 854 vero
865 798 980 854 haec
1007 802 1135 851 nota
1163 793 1187 866 Ἱ
1217 793 1457 864 ριεωίίκα.

546 891 857 962 Sequuntur
882 887 1206 945 sanctissimi
1230 886 1332 942 viri
1355 885 1529 956 elogia
1558 900 1626 942 ex
1653 883 1818 941 variis
1838 884 2068 954 scripto-

475 983 626 1039 ribus
655 981 724 1037 ad
752 997 879 1046 mss.
910 980 1123 1036 codices
1152 978 1460 1048 recognita,
1490 993 1611 1048 quae
1651 977 1832 1034 locum
1875 983 2070 1049 parant

477 1074 611 1131 Vitae
631 1073 689 1130 S.
709 1071 915 1132 Paulini
939 1085 1008 1128 ex
1028 1071 1196 1142 ipsius
1216 1069 1387 1126 sancti
1409 1076 1464 1126 et
1482 1077 1724 1124 veterum
1745 1069 2067 1138 scriptorum

478 1156 732 1239 operibus
761 1181 954 1222 recens
977 1167 1332 1221 concinnatae.

550 1259 687 1316 Huic
712 1258 936 1329 adjectae
981 1263 1107 1313 sunt
1129 1254 1534 1312 dissertationes
1561 1261 1804 1326 septem,
1833 1269 2065 1326 quarum

477 1357 651 1428 prima
680 1351 1030 1430 epistularum
1075 1349 1322 1406 ordinem
1369 1348 1811 1414 cbronologicum
1860 1347 2070 1412 astruit,

478 1445 716 1514 secunda
745 1448 1076 1514 poematum.
1126 1438 1342 1502 Tertia,
1391 1441 1580 1508 quarta
1610 1446 1666 1492 et
1691 1436 1878 1506 quinta
1909 1444 2076 1505 agunt

481 1543 552 1592 de
579 1534 818 1605 Sulpicio
847 1520 1083 1598 Severo,
1131 1529 1375 1596 Alethio,
1426 1527 1679 1584 Victi-icio
1713 1535 1772 1583 et
1794 1528 1976 1599 Apro,
2003 1527 2072 1582 ad

485 1643 626 1699 quos
653 1626 868 1696 scripsit
911 1621 1192 1688 Paulinus;
1225 1610 1381 1678 sexta
1407 1620 1474 1676 de
1501 1619 1754 1691 operibus
1777 1619 1835 1675 S.
1866 1619 2092 1680 Paulini-

483 1723 716 1786 amissis,
740 1717 917 1774 dubiis
943 1725 1000 1772 et
1025 1708 1377 1786 supposititiis
1402 1731 1414 1765 :
1442 1711 1670 1782 septima
1693 1726 1824 1777 vero
1845 1709 1915 1767 de
1934 1712 2077 1779 ejus-

486 1812 613 1868 dem
641 1808 813 1866 sancti
840 1815 1191 1864 eontroversa
1218 1799 1531 1874 captivitate
1558 1801 1673 1858 fuse
1697 1802 1930 1858 disserit.

2165 603 2456 675 Scriptum
2501 605 2576 672 ",
2622 620 2741 680 quae
2787 605 3140 676 explicantur,
3190 616 3247 665 et
3292 609 3545 679 singulari
3589 610 3758 669 modo

2160 697 2552 766 exprimuntur.
2586 695 2679 751 His
2707 698 3070 756 item.accedit
3097 699 3254 755 index
3294 717 3505 770 vocum,
3531 719 3758 773 quarum

2167 787 2396 866 insolita
2443 787 2778 856 signiﬁcatio.
2846 790 3059 859 Agmen.
3103 791 3319 848 claudet
3363 793 3759 853 indexrerum

2167 879 2588 950 copiosissimus.

2241 970 2376 1035 Tum
2403 988 2472 1032 ne
2499 972 2630 1043 quid
2644 971 3228 1047 difﬁcultatispariant
3254 976 3526 1043 variorum
3566 989 3763 1037 aucto"-

2169 1065 2591 1138 rumapposiue-
2616 1065 2670 1120 in
2718 1066 3048 1134 marginibus
3075 1067 3380 1136 citationes,
3412 1075 3466 1124 te
3494 1059 3765 1126 monitum

2171 1147 2418 1212 volumus
2462 1172 2560 1212 nos
2603 1155 2767 1214 fuisse
2795 1162 2924 1212 u'sos
2952 1158 3174 1215 Ausonii
3225 1159 3466 1216 editione
3492 1159 3768 1232 Burdega-

2174 1245 2440 1300 lensian.
2490 1243 2634 1308 15.75
2673 1246 2928 1308 aVineto
2974 1258 3291 1318 procurata,
3341 1248 3399 1306 S.
3451 1241 3767 1324 Hieronymi

2178 1327 2466 1394 Basileensi
2488 1352 2576 1392 an.
2608 1336 2768 1404 1565,
2791 1337 2847 1394 S.
2875 1339 3157 1408 Augustini
3183 1326 3420 1398 editione
3447 1344 3764 1409 novissima,

2174 1427 2396 1500 Sulpicii
2417 1429 2616 1488 Severi.
2635 1431 3001 1502 Antuerpiana
3027 1447 3116 1487 an.
3141 1431 3300 1500 1574,
3323 1431 3566 1511 Gregorii
3592 1434 3768 1492 Turo-~

2166 1525 2357 1579 nensis
2385 1523 2657 1578 διμιδιο
2688 1523 3094 1603 ParisiensLS.
3143 1524 3388 1598 Gregorii
3429 1525 3767 1596 Magniitem

2177 1609 2346 1673 Paris.
2402 1634 2494 1673 an.
2548 1615 2706 1684 1605,
2741 1606 3124 1677 .Conciliorum
3178 1620 3314 1676 Binii
3369 1630 3426 1677 et
3461 1609 3766 1679 Annalium

2177 1710 2377 1773 eccles.
2397 1709 2612 1766 Baronii
2637 1711 2875 1769 editione
2902 1709 3211 1770 Coloniensi
3239 1730 3327 1770 an.
3365 1713 3520 1770 £609.
3714 1702 3718 1704 Ὗ

2249 1801 2309 1858 In
2337 1803 2658 1861 dictionibus
2685 1821 2716 1860 e
2743 1803 2930 1862 Graeco
2967 1805 3221 1864 derivatis
3246 1805 3487 1864 Cra-eam
3531 1825 3761 1882 usurpa-

555 1902 868 1971 Sequuntnr
893 1903 1168 1954 variantes
1212 1911 1281 1952 ex
1321 1904 1448 1950 mss.
1496 1903 1554 1950 et
1597 1894 1758 1952 editis
1803 1890 2076 1953 codicibus
2108 1903 2150 1961 Β
2177 1897 2352 1950 vimus
2373 1895 2833 1970 orthographiam,
2865 1897 2919 1952 in
2944 1895 3145 1956 Latinis
3172 1914 3293 1956 eam
3315 1913 3476 1970 qnam
3507 1901 3768 1959 exhibent

485 1995 767 2060 lectiones,
810 2007 945 2064 quas
993 1996 1132 2047 inter
1174 1989 1578 2062 deprehendere
1605 1995 1689 2044 est
1717 1987 1934 2044 levioris
1959 2003 2079 2042 mo-

487 2099 656 2144 menti
685 2084 1084 2142 emendationes
1111 2084 1147 2136 ".

564 2181 642 2234 Ne
666 2177 796 2248 quid
826 2191 954 2233 vero
985 2176 1038 2230 in
1067 2184 1340 2246 postrema
1381 2175 1482 2228 bac
1527 2171 1764 2228 editione
1808 2170 2084 2230 desidera-

489 2281 670 2338 retur,
701 2266 1008 2341 quindecim
1037 2266 1241 2322 indices
1269 2265 1616 2344 attexuimus.
1647 2263 1856 2321 Primus
1883 2281 2082 2322 novum

490 2361 704 2418 huncce
753 2358 1105 2430 epistolartmi
1154 2356 1406 2412 ordinem
1445 2371 1567 2412 cum
1614 2357 1876 2412 hactenus
1921 2357 2084 2427 vulgo

488 2433 862 2522 comparaium
889 2447 1130 2503 exhibet.
1161 2445 1442 2503 Secundus
1469 2447 1740 2516 vulgatum
1768 2448 1918 2519 prius
1940 2450 2085 2506 ordi-

490 2557 616 2597 nem
648 2531 931 2606 continet,
967 2537 1244 2612 ‘quatenus
1270 2538 1355 2593 ad'
1378 2538 1521 2595 hunc
1550 2531 1750 2612 novum
1789 2539 2082 2598 reducitur.

490 2627 709 2706 Tettius
736 2642 950 2691 constat
975 2620 1502 2689 ecrum‘nom‘inibus
1529 2630 1869 2710 alphabetieo
1896 2636 2085 2693 ordine

492 2725 734 2795 digestis,
759 2723 839 2780 ad
862 2739 1000 2794 quos
1025 2723 1280 2780 Paulinus
1307 2723 1453 2779 dedit
1480 2725 1752 2796 epistolas,
1785 2727 1870 2785 vel
1896 2743 1928 2784 a
1967 2729 2086 2800 qui-

486 2817 594 2896 bus
621 2810 736 2889 ipse
765 2816 998 2872 vicissim
1026 2816 1254 2887 accepit.
1283 2815 1516 2883 Quartus
1550 2831 1686 2874 vero
1719 2819 2086 2891 exhibetepi-

493 2897 769 2965 stolarum
792 2903 942 2964 initia
965 2907 1268 2964 'secundum
1290 2909 1563 2980 alphabeti
1582 2909 1779 2966 seriem
1803 2910 2081 2983 disposita.

491 2999 736 3068 Quatuor
764 3007 1052 3075 sequentes
1079 3001 1317 3056 carmina
1345 2999 1532 3056 eadem
1556 2997 1803 3072 spectant
1849 3004 2080 3060 ratione.

536 3086 827 3148 ‘His'octo
863 3091 1157 3162 adjecimus
1203 3091 1470 3162 digestum
1517 3093 1706 3151 ordine
1745 3093 2084 3171 alphabetico

401 3171 404 3173 λ
491 3183 756 3262 syllabam
775 3191 834 3240 et
859 3183 1126 3239 editorum
1155 3191 1210 3239 et
1245 3197 1374 3240 mss.
1395 3181 1692 3269 Codicum,
1722 3201 1952 3256 quorum
1980 3203 2082 3259 ope

490 3275 775 3334 Paulinum
801 3277 1228 3348 repurgavimns.
1257 3275 1462 3334 Horum
1491 3285 1601 3334 neu
1625 3280 1960 3359 mediocrem
1979 3298 2076 3339 co-
2103 3283 2148 3345 Ο

491 3369 635 3438 piam
662 3368 1045 3426 humanissime
1072 3384 1169 3440 pro
1195 3384 1351 3425 more
1389 3384 1495 3426 suo
1540 3367 1666 3426 fecit
1709 3371 2006 3431 nobistum
2047 3391 2079 3430 e

442 3467 443 3470 ‘
492 3475 588 3516 sua
618 3459 821 3530 insigni
842 3458 1200 3526 Bibliotheca,
1235 3469 1348 3516 tum
1369 3476 1436 3517 ex
1453 3462 1732 3526 nonnullis
1759 3464 1877 3521 aliis
1903 3465 1986 3521 vir
2005 3467 2076 3522 cl.

498 3550 774 3610 Emericus
818 3551 1060 3623 Bigotius
1101 3551 1548 3629 Retomagensis,
1593 3556 1722 3611 viris
1747 3557 1924 3614 doctis
1940 3558 2082 3616 satis

493 3652 675 3707 notus.
724 3645 1084 3720 Apposuimus
1129 3644 1511 3703 indicesduos
1545 3646 1790 3705 codicum
1831 3649 1905 3712 ad
1943 3666 2080 3721 quos

484 3735 712 3806 singulae
739 3737 982 3808 epistolae
1009 3740 1296 3806 recognitaa
1319 3745 1464 3804 sunt,
1490 3747 1546 3795 et
1572 3748 1824 3811 poemata
1852 3758 2080 3816 quaque

491 3830 769 3898 castigata.

615 3947 721 4004 Has
747 3946 1019 4002 variantes
1047 3961 1166 4016 quae
1193 3947 1354 4002 etiam
1377 3947 1442 4001 ad
1468 3947 2078 4010 Veronensiiseditionis

493 4019 695 4144 Ealeem
717 4017 932 4087 reiecta:
951 4016 1196 4086 fuerant,
1220 4033 1318 4074 nos
1334 4019 1435 4073 sub
1457 4027 1662 4075 textum
1688 4025 2073 4082 revocavimus.

539 4105 648 4144 ntr.

539 4105 648 4145 DIT.

567 4160 608 4181 “
642 4158 734 4215 His
776 4158 1042 4216 indicibus
1087 4159 1375 4232 Scriptum
1423 4147 1839 4231 abstinebimus,
1888 4173 1944 4220 ut
1989 4165 2080 4237 qui

2182 1996 2392 2044 veteres
2419 2003 2547 2045 mss.
2576 1988 2790 2045 codices
2815 1990 2898 2056 θ’,
2925 1989 3213 2056 dummodo
3236 1994 3292 2048 in
3321 1994 3383 2048 iis
3409 1995 3768 2064 pronuntian-

2180 2081 2265 2136 dis
2307 2081 2450 2137 nulla
2500 2083 2569 2138 sit
2597 2083 2665 2138 ab
2695 2098 2793 2138 usu
2840 2092 3059 2151 recepto
3086 2082 3414 2140 dissonantia
3463 2100 3582 2156 quae
3605 2101 3768 2143 aures

2183 2172 2441 2229 oll‘endat.

2253 2264 2419 2321 Nobis
2445 2265 2661 2336 quidem
2691 2264 2878 2326 {uisset
2925 2266 3162 2324 invotis
3205 2276 3264 2323 ut
3311 2267 3620 2326 Pauliniaua
3651 2271 3770 2327 haec

2184 2371 2350 2429 opera
2391 2372 2581 2412 manus
2607 2357 2906 2428 elegantior
2950 2366 3316 2426 retractasset,
3368 2375 3476 2431 quo
3507 2363 3639 2416 tanti
3668 2362 3771 2419 viri

2185 2447 2426 2518 dignitati
2458 2463 2523 2504 ac
2557 2449 2762 2504 meritis
2792 2450 3119 2520 respondere
3147 2452 3408 2521 potuisset
3451 2455 3661 2509 laboris.
3689 2456 3772 2510 ἰη-

2185 2540 2408 2596 dustria.
2451 2539 2586 2597 Cum
2617 2555 2743 2597 vero
2773 2541 2838 2595 ad
2887 2550 3196 2614 susceptum
3247 2559 3385 2614 opus
3437 2546 3772 2602 eruditorum

2185 2634 2420 2690 virorum
2438 2635 2686 2690 .consiliis
2727 2633 2947 2697 "adducti
2976 2638 3162 2703 simus,
3186 2653 3397 2715 quibus
3438 2657 3545 2698 non
3576 2655 3782 2716 parere.

2185 2733 2372 2804 religio
2400 2735 2556 2793 nobis
2583 2734 2794 2799 fuisset,
2817 2736 2921 2802 hoc
2947 2752 3113 2792 unum
3142 2738 3298 2792 nobis
3329 2717 3672 2810 relinquitur,
3709 2756 3775 2806 ut

2188 2835 2314 2892 illud
2335 2836 2651 2892 humanitati
2668 2844 2792 2904 ture,
2812 2836 2986 2894 lector
2997 2837 3773 2906 carissime,.'commendemus

2185 2938 2240 2994 et
2265 2935 2780 2993 contendamus-abs
2807 2943 2863 2992 te
2887 2918 3228 3008 supplicibus
3261 2941 3431 3008 votis,
3463 2949 3524 2996 ut
3562 2942 3608 2998 si
3651 2958 3775 3016 qua

2186 3041 2464 3097 ibi-errata
2491 3036 2928 3118 deprehenderis,
2961 3046 3088 3096 nan
3116 3040 3271 3096 malae
3298 3043 3500 3112 menti,
3529 3059 3655 3111 non
3684 3045 3776 3100 in-

2183 3144 2346 3201 curia:
2374 3133 2739 3222 tribuas,sed
2776 3136 3104 3200 infirmitatis
3129 3143 3378 3201 humana:
3417 3145 3567 3202 vitio.
3603 3146 3774 3204 Porro

2186 3240 2284 3316 age
2327 3245 2607 3302 nobiscum
2629 3242 2858 3316 pariter,
2887 3244 3142 3310 obsecro,
3173 3247 3234 3300 ut
3261 3241 3560 3317 buic'operi
3601 3247 3775 3302 bene-

2181 3344 2416 3400 dictione
2444 3341 2651 3400 coslesti
2672 3339 2848 3398 faveat
2867 3341 3030 3411 Deus,
3059 3329 3296 3413 illudque
3324 3358 3512 3400 omnes
3535 3358 3772 3414 quorum

2183 3447 2235 3501 in
2291 3431 2484 3502 manus
2535 3443 2874 3517 pervenerit,”
2927 3443 3088 3512 digna
3143 3423 3367 3499 Paulino
3420 3427 3775 3505 veneratione

2185 3557 2450 3618 tractent,
2497 3558 2553 3606 et
2596 3560 2775 3619 quam,
2803 3546 2997 3619 divinae
3039 3547 3277 3604 caritatis
3317 3549 3436 3616 luce
3473 3549 3771 3620 perfusum,
3829 3541 3835 3544 ’

2181 3637 2572 3722 preceptisqne
2619 3651 2944 3722 evangelicis
2972 3660 3038 3708 et
3068 3651 3349 3722 disciplina
3401 3633 3770 3710 ecclesiastica

2183 3754 2437 3812 refertum
2467 3768 2604 3824 opus
2627 3767 2863 3824 congrua
2891 3753 3093 3824 pietate
3119 3753 3426 3824 suscipiant.

2225 3963 2373 4023 estea
2421 3955 2473 4010 in
2505 3955 2696 4011 indice
2741 3953 2978 4024 generali
3023 3951 3313 4026 Scriptum
3360 3953 3413 4007 in
3462 3957 3769 4008 universam

2225 3971 2373 4023 estea
2421 3973 2473 4010 ιη
2505 3971 2696 4011 ·ιηαιοθ
2741 3971 2978 4024 generati
3023 3971 3240 4026 Scriptu

2183 3971 2540 4094 Batrologiam
2571 4026 2904 4085 exscribendi
2929 4027 3052 4081 sint.
3086 4023 3240 4092 Eutr.

2258 4099 2322 4118 ‘“
2349 4097 2479 4152 Eam
2508 4097 2944 4166 orthographiam
2974 4111 3074 4152 nos
3111 4111 3328 4167 quoque
3358 4095 3612 4150 intactam
3637 4109 3760 4150 ser-

2184 4167 2443 4224 vavimus.
2474 4167 2626 4221 Ευιτ.

1049 4381 1516 4526 VITA
1611 4385 2324 4535 SANCTI
2418 4284 3282 4535 PAULINf

1657 4603 2038 4685 NOLANI
2110 4609 2592 4708 EPISCOPI,

845 4738 951 4793 EX
989 4736 1264 4794 IPSIUS
1300 4737 1674 4808 SCRIPTIS
1711 4740 1809 4798 AC
1851 4741 2240 4803 VETERUM
2280 4743 2819 4802 MONUMENTIS
2856 4744 3409 4803 CONGINNATA.

1011 4980 1237 5040 CAPUT
1265 4984 1554 5040 PRIMUM.

499 5126 556 5183 S.
590 5122 801 5179 Paulini
829 5128 988 5180 ortus.
1024 5119 1224 5187 familia
1258 5130 1306 5172 et
1335 5135 1492 5190 opes.-
1513 5115 1792 5184 Deaariis
1812 5117 2074 5175 Paulinis.

568 5287 612 5358 ι
625 5282 901 5346 Paulinus,
918 5277 1010 5350 qui
1035 5285 1089 5332 et
1112 5275 1345 5347 antiquis
1359 5285 1384 5314 ⁸
1403 5268 1646 5342 Pontius,
1665 5285 1720 5332 et
1744 5291 1871 5332 mss.
1895 5292 1958 5332 ac
1974 5279 2088 5332 edi-

495 5381 560 5433 tis
588 5375 865 5433 codicibus
885 5371 911 5411 b
930 5369 1199 5440 Mernpius
1214 5411 1228 5435 ,
1259 5375 1342 5424 tot
1367 5382 1432 5424 ac
1450 5368 1613 5450 tantis
1643 5364 1885 5424 laudibus
1907 5363 1959 5423 in
1981 5367 2085 5424 Ec-

491 5468 656 5523 clesia
679 5465 979 5520 celebratus
1018 5475 1084 5516 ex
1120 5470 1140 5499 ο
1177 5454 1530 5515 illustrissima
1563 5457 1765 5514 familia
1803 5467 1952 5514 ortus
1977 5468 2080 5528 est,

2109 4990 2160 5050 D
2188 4997 2292 5044 tam
2316 4989 2536 5046 illustris
2561 4990 2740 5046 Romae
2759 4981 3078 5052 habebatur.
3101 4989 3274 5048 amnis
3294 5000 3436 5055 erat;
3464 5004 3488 5040 ιε
3504 4991 3772 5052 Pnenma-

2185 5086 2246 5141 tii
2270 5093 2482 5156 quoque
2507 5085 2616 5141 lilio
2640 5083 2819 5153 Celso,
2848 5085 2917 5141 de
2943 5089 3093 5156 cujus
3113 5087 3263 5143 obitu
3289 5103 3453 5144 suave
3472 5096 3527 5144 et
3553 5089 3773 5161 elegans

2187 5170 2385 5233 Pocma
2413 5177 2670 5235 condidit.

2260 5271 2313 5326 2.
2356 5270 2468 5326 Sub
2507 5271 2708 5342 primis
2760 5270 3171 5342 imperatoribus
3217 5269 3246 5311 δ
3288 5272 3470 5344 plures
3504 5275 3774 5331 exstitere

2188 5362 2464 5429 Paulini;l
2500 5362 2762 5419 Consules
2787 5363 2893 5418 duo
2922 5364 3037 5418 sub.
3062 5363 3418 5421 Constantino
3465 5367 3620 5442 anuis
3665 5365 3773 5422 325

2187 5463 2239 5510 et
2268 5453 2390 5510 554.
2424 5453 2567 5509 Inter
2584 5455 2836 5526 patricias
2854 5454 3106 5523 familias,
3134 5471 3252 5526 quae
3277 5458 3524 5528 primitus
3550 5459 3620 5514 ab
3647 5460 3769 5516 ido-

492 5576 560 5615 ex
587 5547 991 5614 ‘senatoribus'
1016 5551 1223 5608 scilicet
1266 5556 1377 5605 tum
1405 5558 1632 5621 paterno
1677 5557 1789 5604 tum
1837 5547 2080 5605 materno
2186 5550 2250 5604 lis
2298 5547 2366 5603 ad
2418 5545 2687 5603 Christum
2733 5547 3109 5616 transierant,
3138 5546 3393 5605 Paulinos
3445 5559 3691 5606 recenset
3738 5537 3771 5603 i'

493 5663 690 5720 genere
722 5656 746 5685 ε
769 5644 1042 5700 Romanis.
1080 5642 1094 5681 ί
1133 5642 1371 5697 Melaniae
1391 5641 1610 5704 seniori,
1651 5641 1801 5710 cujus
1833 5641 2083 5698 nobilitas
2184 5637 2523 5693 Prudentius.
2552 5635 2702 5693 Enim
2739 5652 2869 5693 vero
2909 5654 3030 5695 cum
3061 5635 3266 5694 Paulini
3297 5641 3462 5694 nostri
3491 5639 3626 5695 fama
3651 5639 3765 5711 jam

573 5799 592 5824 θ
628 5789 825 5856 Auson.
850 5800 934 5856 cp.
966 5783 1051 5856 23.
1100 5783 1157 5856 Ηδ
1187 5780 1392 5837 Paulin.
1420 5796 1506 5856 ep.
1541 5781 1727 5856 40L}
1752 5780 1998 5856 Arnbros.
2023 5794 2110 5850 ep.
2130 5777 2260 5856 502-
2293 5773 2319 5815 ἀ
2340 5774 2502 5856 Ursin.
2539 5775 2566 5848 ᾗ
2592 5774 2644 5830 9.
2723 5772 3270 5856 °_Paulip._§hiﬂl-.p.
3307 5773 3425 5856 I51;
3507 5771 3758 5856 'Paulig.

497 5878 582 5932 cp.
613 5855 699 5923 2‘3,
725 5875 779 5912 [ι.
887 5842 899 5856 ’
942 5865 964 5901 κ
988 5854 1190 5910 i‘aulin.
1221 5869 1389 5910 carm.
1419 5842 1505 5907 59.
1535 5868 1586 5907 γ.
1608 5851 1730 5907 622.
1808 5850 1832 5889 ’δ
1857 5842 2075 5908 Auson.’

2198 5848 2283 5902 l9.
2363 5846 2380 5886 ί
2409 5842 2606 5903 Bamb.
2637 5861 2725 5901 an.
2750 5845 2884 5913 ⁸594,
2917 5845 2945 5918 §
2977 5846 3067 5904 78.
3143 5846 3158 5898 ἑ
3198 5842 3360 5902 Prud.
3384 5842 3585 5919 Symm.
3619 5862 3675 5918 p.
3710 5847 3762 5903 7.
