4000 6436
481 398 555 458 35
1506 398 1565 454 S.
1605 393 1945 452 PAULINUS
1984 390 2302 451 NOIANUS
2341 392 2733 451 EPISCOPUS.
3690 394 3765 454 36

480 530 565 569 me
594 510 807 584 (Matth.
833 525 953 578 xix,
986 508 1097 583 2|),
1131 509 1288 566 istam
1317 510 1563 567 altiorem
1584 510 1954 567 difﬁcultatem
1986 518 2069 565 at-
2099 514 2148 575 Α
2173 508 2289 564 dcte
2317 512 2567 582 quoniam
2618 486 2719 582 ego.
2762 524 2876 562 sum
2918 505 3170 563 Dominus
3206 509 3225 572 (
3256 507 3406 565 Psal.
3438 526 3566 575 nv,
3620 510 3681 566 li
3719 512 3763 587 ).

485 604 732 668 tendens.
758 604 1048 660 verebatur
1090 617 1159 658 ne
1199 604 1493 659 secundam
1545 619 1651 658 non
1684 613 1867 674 posset
1912 601 2074 673 perti-

484 710 629 752 cere.
661 694 784 751 Cum
808 695 1003 761 uideas,
1026 696 1201 764 inquit
1222 706 1246 733 δ
1270 694 1337 750 ad
1367 694 1616 750 eumdem
1643 695 1904 750 Severum
1919 708 2076 748 suum

485 788 745 859 scribens,
796 797 1004 860 quantae
1054 787 1205 841 molis
1253 789 1460 842 uerbum
1510 786 1757 857 supersit,
1804 802 1917 839 cum
1968 787 2078 855 ipse

478 864 739 932 Dominus
788 876 1077 948 majestatis
1126 876 1395 949 adjiciat:
1432 876 1502 929 Et
1551 876 1683 941 ueni,
1737 892 1946 947 sequere
1996 892 2078 930 me

487 966 680 1040 (Ibid.)
714 984 728 1020 :
761 965 928 1021 Istam
974 967 1144 1039 potius
1188 967 1547 1037 difﬁcultatem
1596 966 1890 1034 considera,
1920 976 1969 1019 et
2002 964 2082 1019 di-

488 1057 654 1111 latato
673 1057 830 1111 corde
857 1059 1051 1123 metire,
1080 1065 1201 1110 tunc
1227 1056 1482 1128 intelliges
1504 1057 1735 1126 majores
1775 1056 1864 1109 tibi
1893 1046 2077 1110 causas

489 1166 585 1221 pro
615 1150 761 1205 nobis
794 1166 1063 1220 superesse
1089 1148 1474 1215 sollicitudinis,
1500 1166 1656 1221 quam
1701 1166 1811 1203 esse
1840 1150 2081 1221 guttula--

493 1242 667 1296 tionis.
700 1238 886 1296 Facile
906 1241 1043 1296 enim
1073 1241 1218 1295 nobis
1240 1240 1375 1295 bona
1397 1241 1469 1296 uel
1499 1256 1660 1312 onera
1693 1241 1934 1311 apposita
1960 1240 2080 1309 pal-

490 1334 620 1390 lium
645 1332 1017 1389 remittentibus
1052 1334 1352 1388 exciderunt
1399 1350 1419 1388 :
1456 1341 1505 1386 et
1530 1349 1645 1405 quin
1685 1332 1948 1387 nobiscum
1977 1348 2083 1387 non

492 1428 834 1484 intuleramus
871 1429 924 1482 in
954 1427 1090 1483 hunc
1131 1425 1409 1493 mundum,
1442 1442 1537 1481 nec
1572 1436 1870 1497 peterurnus
1898 1424 2087 1497 elei-re

494 1520 781 1586 uobiscum,
826 1522 975 1591 quasi
1010 1527 1246 1575 mutuati:
1274 1517 1627 1581 reddidimus,
1651 1532 1745 1571 nec
1772 1526 1831 1569 ut
1857 1525 2024 1570 cutem
2048 1532 2089 1571 α

495 1628 651 1667 carne
672 1612 1033 1676 distraximus,
1054 1607 1149 1666 sed
1159 1614 1219 1665 ιι
1231 1617 1428 1664 uestem
1445 1624 1481 1661 ιε
1497 1620 1717 1680 corpore
1734 1607 2080 1678 deposuimus.

565 1703 620 1758 3.
663 1703 863 1759 Solcrti
909 1698 1216 1758 humilitate
1260 1702 1481 1772 exponit
1525 1716 1586 1757 se
1632 1700 1869 1757 nondum
1900 1699 2080 1755 omnia

497 1792 820 1851 vendidisse.
855 1788 982 1848 Non
1001 1794 1139 1847 enim
1166 1796 1441 1863 pecuniam
1471 1799 1670 1845 tantum
1690 1831 1705 1856 ,
1747 1790 1919 1860 inquit
1951 1787 2001 1857 δ,
2032 1796 2082 1845 et

2177 602 2368 657 Nonne
2406 613 2453 655 et
2481 601 2564 655 hic
2595 603 2790 655 videtur
2814 601 2986 654 dicere
3014 616 3029 653 :
3056 598 3180 653 Non
3203 603 3419 670 potestis
3442 602 3642 657 duobus
3671 602 3771 657 do-

2179 694 2331 747 minis
2358 694 2549 746 seruire
2575 691 2787 762 (Matth.
2820 710 2889 755 νι,
2923 690 3052 761 24)?
3075 689 3196 745 Non
3229 692 3367 746 enim
3392 694 3553 747 otium
3579 694 3772 749 suadet

2177 784 2273 838 hoc
2312 784 2481 848 verba,
2522 786 2610 855 qui
2650 790 2906 839 instanter
2937 801 3091 838 orare
3117 793 3165 838 et
3194 785 3413 857 uigilare
3445 802 3541 841 nos
3590 798 3772 843 nionet

2177 892 2243 930 ne
2270 878 2518 930 intremus
2546 878 2599 928 in
2631 877 2967 931 tentationent
2990 873 3206 946 (Matth.
3231 893 3375 938 xx".
3408 876 3533 947 lit};
3565 876 3664 944 sed
3679 896 3775 932 oa-

2178 987 2297 1022 care
2315 986 2348 1021 a
2373 969 2545 1022 seculo
2570 979 2624 1021 ut
2653 984 2961 1037 occupemur
2987 967 3104 1031 sibi,
3132 985 3313 1022 vacare
3342 968 3406 1021 ab
3436 970 3517 1024 Itis
3546 970 3775 1040 negotiis

2178 1062 2358 1131 quibus
2381 1058 2634 1127 implicati
2656 1059 2879 1112 alienior
2907 1057 3031 1113 Deo.
3060 1058 3242 1126 Itaque
3274 1061 3551 1113 nouitatem
3582 1062 3704 1116 vita:
3718 1063 3775 1115 in

2180 1147 2327 1203 nobis
2353 1149 2671 1218 a’diﬁcanles
2693 1165 2898 1202 necesse
2918 1160 3012 1212 est,
3031 1157 3085 1201 ut
3108 1155 3409 1203 uetustatem
3440 1150 3775 1206 de‘struantus

2184 1240 2359 1311 (Rom.
2392 1258 2463 1306 vi,
2496 1240 2581 1311 6);
2625 1252 2673 1295 et
2704 1248 2826 1309 quia
2863 1243 3062 1295 stultum
3094 1242 3316 1309 tenebris
3350 1261 3461 1298 mm
3493 1245 3688 1300 luniine
3722 1254 3776 1299 et

2178 1348 2492 1394 manu
2534 1349 2655 1389 ann
2691 1333 2897 1390 Christo
2940 1343 3109 1405 potest
3152 1353 3266 1391 esse
3301 1339 3663 1393 commercium
3694 1336 3777 1411 (ll

2184 1428 2307 1485 Cor.
2328 1445 2404 1499 vr,
2429 1428 2538 1495 ιδ),
2562 1436 2765 1502 oportet
2780 1440 2839 1481 ut
2872 1431 3016 1484 nouis
3038 1439 3208 1484 cetera
3236 1438 3525 1495 maternas;
3550 1437 3605 1486 et
3627 1446 3779 1485 oeu-

2182 1524 2410 1596 pulienis
2426 1524 2627 1592 pariter
2654 1537 2717 1575 ac
2736 1522 3024 1577 uacationis
3045 1538 3233 1593 genere
3253 1539 3518 1590 converso,
3542 1525 3778 1594 implice-

2182 1629 2317 1679 ntur,
2357 1613 2536 1685 quibus
2575 1614 2899 1678 vacat-intus,
2947 1622 2996 1666 et
3042 1614 3265 1667 vicissim
3293 1631 3560 1681 vacemus,
3590 1616 3777 1687 quibus

2184 1702 2376 1779 fuimus
2404 1706 2655 1772 implicati
2682 1721 2699 1759 :
2733 1705 3019 1759 moriamur
3037 1704 3220 1776 quibus
3247 1693 3486 1759 .ciximus
3503 1746 3517 1769 ,
3562 1715 3615 1782 et
3638 1707 3779 1761 ιγὶιιαο

2186 1814 2298 1852 mus
2318 1797 2544 1852 vicissim
2567 1797 2648 1850 his
2669 1795 2910 1860 operibus
2932 1812 2994 1849 nc
3028 1796 3216 1851 studiis
3251 1795 3431 1867 quibus
3458 1799 3649 1852 mortui
3672 1797 3775 1868 fui-

498 1887 710 1961 ρεαδς,
741 1896 797 1940 et
813 1895 1089 1941 extraneas
1117 1886 1413 1957 facultates.
1439 1884 1531 1939 sed
1553 1887 1709 1939 etiam
1730 1883 1893 1937 animi
1922 1882 2086 1936 nostri

2196 1907 2303 1945 mus
2335 1907 2354 1944 :
2385 1906 2500 1944 cum
2540 1888 2656 1953 civi,
2687 1904 2913 1943 essemus
2942 1889 3154 1954 mortui,
3176 1898 3227 1942 et
3262 1890 3640 1959 morti/Scantio
3684 1908 3778 1961 ςε-

498 1984 735 2038 internas
775 1997 918 2054 apes,
949 1997 1063 2049 qua:
1092 1997 1204 2034 vere
1243 1990 1423 2034 nostra
1452 1978 1742 2033 substantia
1789 1986 1893 2041 est,
1925 1974 2089 2047 possi-

498 2073 678 2129 demus
705 2088 723 2127 :
752 2073 885 2126 lianc
918 2072 1147 2135 tendere,
1182 2070 1279 2125 hoc
1307 2080 1382 2124 est
1426 2070 1658 2123 alienare
1686 2085 1719 2121 a
1741 2065 1907 2131 nobis,
1940 2076 2087 2120 tanto

499 2168 673 2239 major
696 2164 912 2237 victoria
936 2203 949 2229 ,
1004 2172 1197 2232 quanto
1221 2163 1377 2217 altior
1422 2159 1694 2237 diﬁicultus
1734 2170 1814 2214 est
1845 2159 2088 2230 ingenita

499 2276 653 2330 quam
682 2258 920 2333 apposita
938 2273 1202 2326 separare,
1229 2266 1278 2309 et
1300 2257 1437 2310 intus
1456 2255 1621 2325 inﬁxa
1651 2252 1910 2317 ditellcre,
1934 2266 2088 2323 quam

502 2350 661 2422 anim
698 2352 1016 2406 extrinsecus
1058 2350 1290 2420 reﬁcere.
1321 2347 1385 2400 Et
1419 2346 1543 2401 alibi
1579 2358 1623 2415 ε,
1676 2344 1833 2400 Nunc
1860 2360 1988 2415 opus
2012 2352 2090 2397 est

501 2452 558 2495 ut
576 2458 690 2515 quae
712 2458 824 2497 rere
864 2450 1043 2495 nostra
1073 2449 1192 2494 sunt
1232 2439 1589 2511 dependamus
1618 2437 1745 2504 Deo,
1773 2437 1867 2492 hoc
1896 2445 1973 2491 est
2001 2451 2091 2490 cor

503 2542 555 2590 et
581 2535 811 2589 animum
832 2544 882 2588 et
908 2551 1129 2603 corpora
1159 2546 1341 2589 nostra
1363 2532 1664 2587 exhibentes
1695 2533 1750 2586 in
1771 2531 1995 2584 hostium
2018 2530 2092 2583 vi-

506 2645 650 2691 vam,
676 2630 997 2699 utscn'ptum
1019 2637 1094 2680 est
1122 2627 1139 2698 (
1166 2625 1317 2681 Rom.
1351 2640 1444 2689 xu,
1480 2624 1499 2677 ι
1529 2624 1574 2695 ),
1609 2621 1856 2687 Domino,
1901 2636 2093 2688 nosque

504 2718 645 2791 ipsos
672 2719 994 2788 tediﬁcantes
1015 2719 1063 2794 ei
1100 2718 1154 2771 in
1195 2717 1440 2789 templum
1468 2723 1724 2769 sanctum.
1771 2710 1932 2766 Orate
1956 2710 2096 2766 solli-

507 2813 617 2882 citi,
650 2812 820 2882 inquit
851 2811 978 2867 alibi
999 2809 1046 2876 ἀ,
1078 2821 1136 2865 ut
1155 2802 1299 2867 tanto
1319 2827 1408 2864 ore
1436 2807 1512 2863 vel
1531 2823 1743 2863 munere
1764 2805 1858 2860 Dei
1879 2806 2091 2873 dignum

507 2922 600 2960 cor
635 2905 950 2975 accipiamus
975 2911 1076 2969 ,tet
1124 2904 1211 2973 qui
1248 2903 1538 2971 accepimus
1584 2906 1892 2953 contemtum
1937 2897 2097 2965 patri-

509 2998 688 3063 monii,
720 2997 1033 3068 accipiamus
1054 2997 1213 3066 etiam,
1238 2996 1403 3050 nostri
1432 3002 1761 3050 contemtum.
1793 2990 1902 3046 Sed
1932 3000 1986 3045 et
2012 3005 2095 3043 su-

510 3106 608 3163 pra
636 3091 769 3147 satis
801 3106 868 3145 ex
898 3086 1226 3161 Hieronymo
1253 3086 1737 3143 demonstravimus
1765 3097 1789 3122 υ
1816 3084 1957 3138 hunc
1984 3083 2094 3138 ler-

509 3181 837 3238 ventissimas
875 3179 998 3236 ﬁdei
1030 3180 1203 3235 virum
1241 3194 1351 3234 non
1395 3178 1570 3234 solum
1616 3175 1826 3233 divitias
1852 3221 1865 3243 ,
1913 3176 2009 3233 sed
2041 3184 2098 3230 et

2190 1992 2380 2049 rentes,
2410 1999 2464 2035 in
2494 1984 2710 2036 mortuis
2732 1983 3026 2034 viveremus.

2258 2076 2311 2130 4.
2352 2074 2484 2131 Tam
2516 2073 2790 2128 humiliter
2807 2072 2874 2128 de
2902 2087 2962 2128 se
3010 2071 3252 2129 sentiens
3306 2071 3581 2137 Paulinus,
3613 2074 3667 2130 in
3698 2076 3776 2131 ni-

2189 2167 2303 2225 hilo
2329 2181 2389 2223 se
2409 2165 2528 2221 aliis
2557 2164 2907 2236 praeponebat
2934 2163 3029 2234 qui
3057 2179 3154 2219 sua
3198 2175 3567 2220 rese-"asserit
3602 2166 3775 2234 bona;

2192 2270 2218 2308 κ
2247 2260 2516 2331 cogitabat
2540 2258 2683 2312 enim
2720 2256 3012 2312 divisiones
3047 2271 3166 2311 esse
3194 2256 3491 2324 gratiarum
3527 2265 3585 2313 et
3619 2274 3779 2315 men-

2190 2367 2346 2408 suras
2371 2350 2747 2417 donationum,
2777 2362 2912 2418 quas
2937 2356 2997 2403 ut
3026 2349 3078 2403 in
3127 2350 3370 2420 corporis
3391 2349 3475 2405 sui
3516 2352 3780 2409 membris

2193 2459 2329 2500 unus
2356 2451 2517 2513 atque
2546 2443 2686 2497 idem
2716 2442 3057 2512 dispensator
3083 2451 3342 2510 operatur
3387 2441 3665 2509 Dominus,
3697 2444 3779 2499 di-

2194 2550 2352 2589 versa
2389 2534 2444 2589 in
2488 2549 2587 2589 suo
2640 2549 2873 2603 corpore
2901 2533 3236 2603 distinguens
3280 2532 3488 2605 placitis
3534 2537 3779 2594 membra

2195 2625 2539 2691 muneribus;
2567 2623 2662 2679 scd
2682 2631 2739 2678 et
2760 2639 2958 2692 corpus
2988 2639 3151 2678 unum
3176 2639 3244 2679 cx
3271 2623 3581 2681 diversitate
3606 2637 3781 2682 mem-

2192 2719 2414 2774 brorum
2435 2725 2672 2779 struens,
2705 2723 2765 2771 ut
2787 2717 2910 2771 hinc
2933 2731 3149 2786 quoque
3170 2717 3341 2785 gratia
3368 2719 3504 2773 sacri
3534 2720 3781 2789 corporis

2194 2820 2472 2880 augeatur,
2495 2809 2543 2865 si
2568 2809 2850 2879 multiplex
2874 2809 3044 2863 virtus
3071 2810 3121 2863 in
3153 2825 3257 2864 una
3278 2825 3538 2881 compage
3579 2828 3774 2870 nuntc-

2194 2910 2363 2959 retur.
2393 2899 2661 2972 Snlpicius
2688 2900 2940 2963 Severus,
2967 2914 3127 2969 quem
3150 2912 3274 2955 cum
3304 2899 3530 2960 Paulino
3550 2904 3769 2973 junctis-

2195 2998 2329 3052 sima
2351 2994 2551 3067 prioris
2597 2994 2719 3049 vitae
2758 2993 3003 3051 amicitia
3050 2994 3377 3064 signaverat,
3430 2998 3623 3055 eodem
3666 3016 3782 3073 quo

2196 3085 2451 3161 Paulinus
2488 3096 2733 3157 tempore
2774 3102 2833 3140 se
2879 3086 2989 3141 Deo
3031 3085 3261 3153 dicavit;
3291 3088 3383 3145 sed
3432 3093 3634 3161 praedia
3679 3110 3780 3151 sua

2196 3180 2482 3237 conferens
2504 3178 2780 3255 Ecclesiaz,
2802 3177 2890 3248 jus
2915 3177 3101 3233 utendi
3128 3162 3451 3250 fruendique
3469 3183 3571 3240 sibi
3597 3200 3780 3243 reser-

509 3273 746 3344 seipsum
775 3264 1005 3328 Domino
1032 3270 1319 3333 obtulisse;
1356 3268 1454 3340 qui
1482 3278 1671 3325 contra
1699 3268 1897 3323 diaboli
1927 3267 2091 3336 tergi-
2122 3284 2169 3350 ε
2196 3274 2362 3329 vavit.
2406 3269 2632 3327 Omnem
2680 3269 2878 3337 ingenii
2922 3269 3001 3324 sui
3047 3271 3324 3326 solertiam
3370 3281 3425 3328 et
3463 3273 3781 3335 industriam

510 3366 873 3421 versationem
910 3377 1249 3434 nequaquam
1279 3363 1477 3434 pellem
1505 3378 1605 3433 pro
1635 3362 1806 3432 pelle;
1854 3360 1946 3418 scd
1977 3377 2098 3417 car-

510 3472 626 3525 nes,
649 3473 744 3514 cor
763 3465 817 3512 et
847 3472 993 3525 ossa,
1040 3458 1275 3512 nuntiam
1322 3472 1477 3511 suam
1524 3464 1580 3511 et
1627 3455 1867 3511 membra
1906 3454 2096 3522 omnia

512 3548 625 3605 Deo
643 3548 998 3605 consecravit.
1030 3546 1205 3607 Etiam
1227 3547 1353 3604 alibi
1380 3547 1539 3603 docet
1571 3546 1587 3585 ί
1614 3544 1905 3601 Paulinus:
1944 3544 2096 3597 Viam

512 3634 628 3698 vita:
652 3641 797 3697 nobis
818 3643 838 3713 (
861 3642 1120 3698 Dominus
1145 3643 1162 3711 )
1197 3642 1663 3714 perfectionemque
1689 3641 1890 3696 virtutis
1912 3646 2013 3693 nan
2042 3640 2097 3695 in

513 3725 790 3787 vendendis
818 3740 1016 3786 tantum
1045 3729 1256 3800 pratdiis
1293 3740 1345 3784 et
1380 3732 1556 3803 pretiis
1596 3731 1894 3803 erogandis,
1927 3728 2018 3783 sed
2043 3731 2098 3781 in

514 3825 595 3881 sui
632 3828 913 3882 sectatione
949 3827 1244 3902 proposuit,
1276 3834 1325 3880 et
1363 3808 1485 3898 quia
1521 3826 1767 3880 dixerat:
1800 3824 1926 3877 Cum
1953 3821 2099 3877 exal-

498 3928 654 3972 ‘tatus
694 3920 839 3989 fuero
869 3921 1047 3974 omnia
1084 3920 1154 3972 ad
1192 3936 1273 3975 me
1302 3921 1505 3975 trahant
1542 3918 1775 3988 (Iahon.
1815 3933 1914 3981 xu,
1951 3914 2097 3986 32),

515 4012 630 4067 ideo
659 4012 827 4067 dicit:
855 4011 1007 4078 Veni,
1035 4030 1244 4085 sequere
1272 4018 1353 4067 nte
1378 4011 1595 4084 (Matth.
1628 4028 1737 4077 xm,
1762 4009 1874 4079 Ξῖ).
1911 4008 2099 4062 Beatus

516 4107 602 4177 qui
624 4115 729 4160 tam
748 4108 987 4176 proximo
1009 4105 1282 4161 intervallo
1318 4107 1546 4177 sequitur
1582 4113 1638 4157 ut
1664 4104 1802 4156 dicat
1828 4118 1847 4154 :
1869 4100 2103 4155 Adhaesit

519 4198 695 4251 animo
716 4187 851 4251 meo
866 4206 982 4269 post
1007 4211 1054 4253 te
1076 4200 1094 4272 (
1118 4198 1266 4253 Psul.
1296 4214 1426 4265 Lxu,
1454 4196 1487 4251 9
1513 4196 1551 4266 ).
1583 4194 1734 4261 Quod
1770 4196 1864 4250 illa
1899 4203 2102 4249 tantum

517 4292 713 4345 caritas
741 4291 911 4346 dicere
947 4298 1133 4362 potest,
1160 4308 1276 4363 qua?
1324 4291 1446 4361 ﬁnis
1484 4290 1727 4361 prwcepti
1753 4297 1803 4342 et
1836 4285 2103 4361 plenitudo

519 4382 649 4455 legis
674 4392 751 4455 est
779 4381 955 4455 (Rom.
987 4400 1108 4448 xui,
1144 4382 1265 4454 l0);
1296 4383 1351 4436 id
1370 4392 1447 4436 est
1475 4383 1539 4437 de
1556 4381 1712 4437 corde
1739 4398 1869 4451 puro
1897 4391 1946 4434 et
1967 4379 2103 4434 bona

518 4474 861 4541 conscientia,
883 4484 931 4529 et
960 4474 1064 4545 fide
1093 4491 1195 4529 non
1234 4474 1360 4544 [icta
1385 4476 1403 4545 (
1432 4474 1457 4526 1
1490 4472 1622 4527 Tim.
1656 4489 1675 4527 ι
1694 4513 1709 4539 ,
1745 4469 1808 4541 5)
1838 4486 1891 4523 se
1914 4472 1989 4525 ita
2028 4472 2106 4524 in-

519 4568 647 4622 serit
671 4576 722 4621 et
750 4569 913 4639 affigit
941 4566 1068 4633 Deo,
1094 4576 1155 4621 ut
1177 4568 1485 4623 nihilextra
1515 4566 1679 4621 Deum
1700 4580 1885 4619 amans
1915 4565 2054 4619 dicat
2083 4578 2099 4618 .'

2198 3368 2462 3423 adhibens
2490 3362 2746 3420 Paulinus
2766 3363 2817 3418 ei
2846 3362 3078 3433 palmam
3100 3362 3374 3431 adscribit,
3406 3364 3590 3423 dicens
3616 3366 3641 3405 δ
3664 3369 3776 3428 l‘or-

2200 3462 2308 3517 tius
2334 3474 2457 3516 esse
2493 3455 2837 3512 manentibus
2874 3471 3035 3525 quam
3078 3456 3326 3512 alienatis
3354 3458 3514 3514 rebus
3552 3476 3780 3530 urere;

2199 3561 2255 3607 et
2281 3565 2540 3623 spernere
2581 3548 2729 3619 quod
2775 3547 3019 3612 habetur,
3052 3562 3212 3617 quam
3245 3564 3351 3603 nou
3401 3550 3599 3607 habere
3637 3555 3783 3624 quod

2198 3646 2268 3701 sit
2294 3641 2689 3715 spernendum;
2739 3641 2920 3711 itaque
2948 3640 3146 3694 nullam
3178 3641 3231 3696 in
3260 3657 3318 3696 se
3348 3658 3467 3698 esse
3492 3644 3784 3715 perfectio-

2199 3752 2323 3792 nem
2360 3751 2480 3807 qua?
2523 3733 2787 3798 laudetur,
2830 3732 2925 3787 sed
2974 3731 3340 3788 intirmitatcm
3389 3751 3509 3805 qua:
3552 3751 3783 3793 excusa-

2205 3829 2353 3884 tione
2374 3835 2607 3896 tegatur.
2639 3825 2696 3881 in
2742 3824 2988 3880 laudibus
3017 3824 3117 3879 sibi
3140 3840 3171 3879 a
3199 3825 3402 3881 Severo
3433 3827 3592 3895 datis,
3619 3833 3787 3887 variis

2202 3916 2377 3976 modis
2401 3919 2561 3974 etiam
2583 3918 2818 3988 seipsum
2838 3916 3081 3988 despicit.
3113 3916 3236 3971 Nisi
3264 3920 3417 3990 forte,
3447 3920 3620 3990 inquit
3655 3921 3700 3990 ί,
3731 3926 3787 3979 id

2201 4028 2396 4085 quoque
2439 4012 2625 4066 altiore
2658 4011 2863 4079 pictatis
2902 4010 3116 4063 consilio
3158 4011 3342 4082 facias,
3373 4019 3428 4064 ut
3456 4008 3581 4066 dum
3614 4014 3787 4069 aliena

2201 4106 2347 4160 nobis
2376 4107 2511 4158 bona
2539 4101 2700 4157 verbis
2721 4102 3253 4174 indulges,stimulum
3278 4099 3493 4173 pudoris
3513 4120 3786 4177 suggeras,

2201 4203 2258 4251 ut
2285 4197 2510 4268 legentes
2539 4195 2677 4267 quod
2705 4188 2818 4249 isse
2850 4192 3088 4248 debemus
3110 4193 3231 4249 boni
3264 4210 3374 4249 esse
3400 4186 3686 4265 discamus,
3709 4201 3790 4253 ui-

2206 4299 2471 4362 tamurque
2492 4305 2586 4344 nos
2608 4288 2765 4360 juxta
2792 4302 3079 4341 sermonem
3098 4303 3249 4340 suum
3272 4304 3536 4359 promere;
3555 4298 3609 4345 et
3632 4291 3790 4363 forsi-

2205 4392 2294 4437 tan
2320 4382 2575 4453 possimus
2595 4381 2727 4449 eﬁici
2757 4378 2897 4447 quod
2927 4395 3029 4432 non
3063 4394 3238 4434 sumus
3255 4380 3280 4432 7
3305 4379 3425 4433 dum
3447 4380 3792 4457 erubescimus

2205 4492 2309 4529 non
2329 4489 2437 4529 esse
2466 4474 2603 4546 quod
2624 4473 2862 4527 dicimur.
2897 4469 3117 4525 Interim
3143 4480 3312 4525 tamen
3335 4471 3455 4526 dum
3478 4476 3795 4530 conscientia

2206 4585 2309 4622 non
2336 4566 2568 4638 agnoscit
2593 4565 2754 4635 [idem
2782 4563 3033 4618 sermonis
3054 4565 3148 4628 tui,
3174 4562 3587 4619 blandimentum
3615 4583 3796 4639 asper-

521 4652 593 4712 ει
619 4674 712 4730 ego
733 4675 934 4730 semper
961 4666 1125 4713 tecum
1156 4656 1327 4729 (Psal.
1353 4673 1522 4723 um.
1548 4657 1663 4727 ‘35)-
1694 4658 1797 4728 19
1820 4655 1995 4719 Ωνιανε
2033 4664 2106 4723 ιρ-
2134 4677 2180 4739 υ
2207 4669 2362 4715 natur
2382 4656 2706 4713 verecundia.
2740 4655 2904 4710 Extra
2932 4653 3147 4725 culpam
3173 4670 3283 4710 non
3313 4666 3494 4711 essent
3520 4658 3794 4728 plerique,

522 4758 604 4804 tus
628 4748 773 4804 labor
791 4759 841 4822 et
860 4749 1069 4820 plenum
1090 4766 1218 4818 opus
1248 4749 1394 4803 nobis
1426 4748 1479 4802 in
1500 4746 1821 4805 obseruantia
1850 4757 1897 4801 et
1928 4748 1979 4801 in
2012 4763 2104 4801 ea:-

522 4825 831 4913 spaliatione
864 4841 1033 4896 cordis
1068 4840 1235 4895 nostri
1271 4850 1382 4904 est,
1429 4840 1576 4909 cujus
1606 4839 1868 4907 tenebras,
1898 4843 1972 4894 rei
2012 4837 2106 4891 ab-

522 4927 722 4988 strusas
742 4936 794 4988 in
816 4951 876 4988 eo
905 4933 1104 4988 inimici
1124 4932 1349 4987 latebras
1372 4933 1544 4987 videre
1559 4949 1663 4986 non
1683 4947 1975 5004 possumus,
2006 4930 2108 4984 nisi

523 5024 774 5096 defarcato
798 5025 860 5077 ab
889 5034 1218 5078 externarum
1243 5040 1414 5078 rerum
1441 5026 1577 5077 curis
1600 5026 1775 5078 animo
1798 5032 1848 5078 et
1878 5024 2017 5077 intus
2037 5021 2110 5076 ad

523 5121 853 5190 semetipsum
874 5134 1137 5174 converso.
1185 5115 1571 5192 IEdiﬁcaturus
1599 5134 1692 5173 nos
1718 5116 1913 5189 (Deus)
1939 5134 1999 5170 co
2020 5117 2109 5171 iti-

526 5226 650 5267 net'e
670 5230 769 5284 quo
796 5220 914 5281 post
939 5227 996 5265 se
1016 5219 1182 5276 uocat,
1218 5213 1316 5266 ista
1346 5228 1500 5279 opere
1531 5220 1797 5282 prtcparat
1834 5228 1954 5285 quo,
1978 5229 2103 5267 ven-

523 5305 649 5359 ditis
689 5304 838 5358 rebus
860 5341 877 5367 ,
931 5303 1127 5358 absolvi
1170 5305 1315 5369 prius
1353 5304 1535 5358 suadet
1565 5322 1582 5358 :
1612 5321 1833 5377 quorum
1867 5321 1993 5359 cura
2030 5305 2110 5359 uel

527 5414 695 5463 antor,
718 5392 962 5466 quoniam
985 5397 1169 5453 mentis
1197 5397 1359 5467 ipsius
1382 5399 1683 5469 perstringit
1711 5401 1895 5462 aciem,
1922 5410 1970 5452 et
2000 5398 2111 5452 ani-

529 5478 667 5544 mam
687 5486 751 5543 ab
774 5487 1102 5544 interioribus
1122 5492 1229 5543 suis
1257 5488 1534 5543 abductam
1557 5489 1625 5542 ad
1660 5490 1921 5545 exteriora
1960 5488 2111 5543 solli-

527 5582 671 5646 citat,
703 5582 828 5635 dicit
845 5582 1003 5635 etiam
1042 5583 1186 5636 nobis
1216 5600 1315 5655 per
1360 5582 1671 5652 Prop/ictam
1700 5600 1716 5639 .·
1748 5583 1942 5638 Vocati!
1962 5593 2010 5638 et
2033 5585 2109 5637 vi-

2206 4754 2295 4822 qui
2328 4758 2491 4806 tanta:
2516 4748 2866 4820 perfectionis
2889 4747 3186 4804 institutum
3209 4746 3543 4817 arriperent;
3573 4748 3621 4802 si
3650 4750 3798 4805 enim

2208 4846 2497 4902 fortissima
2526 4844 2657 4898 tidcs
2688 4858 2796 4897 non
2823 4841 3026 4911 vigeat,
3053 4842 3276 4896 accedat
3309 4850 3492 4896 autem
3521 4842 3798 4913 quoddam

2213 4936 2636 5002 incommodum,
2669 4934 2884 5006 plurimi
2914 4933 3107 4989 animis
3136 4932 3310 4989 solent
3338 4933 3556 5001 cadere,
3594 4932 3801 4990 etcroé

2210 5038 2457 5100 gatorum
2500 5028 2766 5084 bonorum
2805 5025 3074 5081 desiderio
3129 5025 3320 5080 tcncri.
3351 5024 3457 5080 Sed
3507 5025 3561 5079 in
3610 5034 3802 5082 amare

2212 5121 2543 5193 paupertatis
2589 5128 2645 5175 et
2690 5119 2997 5174 divitiarum
3026 5125 3302 5175 contemtu
3327 5134 3543 5189 semper
3569 5135 3757 5189 parem
3784 5163 3801 5186 ,

2208 5230 2530 5284 generosum
2557 5222 2614 5269 et
2641 5220 2978 5267 constantem
3008 5227 3067 5266 sc
3107 5212 3336 5282 praebuit
3364 5211 3639 5267 Paulinus.
3662 5210 3802 5270 Cum

2210 5307 2462 5373 Severus,
2494 5322 2654 5377 quem
2680 5306 2885 5374 jamdiu
2908 5305 2976 5359 ad
3004 5321 3064 5360 sc
3088 5305 3351 5360 invitabat
3380 5305 3527 5361 Nolze
3555 5307 3758 5376 degens
3783 5350 3800 5372 ,

2211 5400 2278 5455 ad
2306 5415 2427 5455 cum
2456 5399 2760 5470 scripsisset
2788 5414 2845 5454 se
2890 5397 3111 5453 erodere
3142 5398 3217 5453 ita
3246 5412 3368 5453 eum
3399 5396 3636 5453 futurum
3680 5409 3810 5455 esse

2210 5494 2361 5551 brevi
2392 5509 2705 5566 pauperem.
2740 5502 2793 5546 ut
2818 5492 3047 5549 ulterius
3086 5508 3193 5548 non
3240 5491 3629 5548 auderctillum
3662 5495 3802 5549 invi-

2215 5595 2330 5645 tare
2378 5606 2391 5640 :
2444 5585 2697 5641 Paulinus
2742 5584 3033 5656 respondet
3074 5585 3086 5636 ἱ
3140 5585 3256 5640 ha’c
3302 5586 3573 5641 comitatis
3616 5586 3804 5655 iocum

605 5822 629 5850 ι
668 5808 765 5884 Ep.
800 5810 965 5879 24,11.
997 5812 1047 5867 ii.
1126 5814 1154 5855 ιι
1186 5813 1283 5885 Ep.
1326 5813 1411 5879 40,
1466 5831 1535 5867 'n.
1573 5814 1671 5885 ll.
1736 5824 1755 5851 ο
1785 5811 1883 5881 Ep.
1913 5810 2083 5885 iis}.

2220 5806 2267 5857 ,a
2300 5807 2394 5885 np.
2422 5806 2599 5885 una,
2636 5805 2718 5863 ιι,
2751 5876 2765 5885 _
2800 5814 2822 5842 ο
2863 5804 3081 5885 Hieron.
3117 5789 3203 5885 ep.
3236 5799 3423 5885 5t.__t
3468 5800 3677 5858 Pauli'n.
3711 5817 3799 5875 ep.

530 5882 619 5958 Ἃρ
658 5882 729 5938 ιιξ
762 5886 818 5956 9,
849 5885 908 5938 ll
941 5893 995 5939 et
1041 5885 1121 5941 ιε.
1200 5882 1469 5942 lt‘l’aulin.
1497 5902 1584 5956 ep.
1613 5884 1699 5953 24,
1731 5902 1783 5941 ιι.
1818 5884 1870 5938 ‘2.

1948 5884 1974 5920 δ
2015 5882 2171 5952 ibid,
2203 5899 2253 5936 ιι.
2290 5880 2338 5932 4.

2426 5879 2439 5918 ί
2488 5880 2639 5945 Ibid.,
2666 5895 2718 5933 n.
2749 5876 2794 5932 l.
2875 5877 2887 5928 ι
2936 5875 3105 5947 Epist.
3139 5873 3304 5939 ll,'u.
3340 5872 3426 5928 l3.
