4000 6404
206 289 263 345 M
1560 300 1928 363 PROLEGOM
1939 303 2091 358 ENA.
3404 311 3479 366 42

208 413 410 466 citatem
431 420 603 473 suum,
656 412 807 465 nobis
846 414 1075 482 inopiam
1120 422 1372 477 nostram,
1407 425 1460 466 ut
1490 425 1691 485 putant,
1738 424 1789 469 et
1820 422 1862 476 Α
1890 420 2145 481 datorem,
2172 415 2345 488 diligit
2374 414 2528 479 Deus,
2558 412 2775 486 proinde
2802 416 3015 473 stabiles
3041 422 3093 473 in
3112 421 3220 489 [ide
3247 423 3481 477 oeritatio

209 502 478 555 stultitiam
500 510 739 555 nostram
768 502 1082 572 relinquant.
1115 501 1235 557 Sint
1268 504 1649 575 prudentiores,
1675 504 1794 558 dum

210 609 308 647 non
329 592 433 645 sint
452 592 555 662 ﬁlii
581 591 733 646 lucis.
758 593 882 647 Sint
905 595 958 646 in
986 592 1082 646 hac
1109 610 1205 647 sua
1234 595 1562 663 generatione
1587 597 1796 665 sapien-

207 693 302 749 tes,
322 682 444 737 dum
466 684 525 738 in
550 683 649 737 illa
668 684 1056 754 regeneratione
1076 691 1255 738 nostra
1275 685 1598 739 inveniantur
1616 701 1801 739 excor—

204 775 319 828 des.
345 773 469 829 Sint
496 790 632 827 nunc
661 773 797 827 beati
843 776 922 829 uel
962 779 1129 846 magis
1176 778 1445 848 fortunati,
1494 794 1586 848 per
1624 778 1798 831 omnia

205 881 471 935 prospera,
490 862 789 919 blandiente
806 865 997 931 seculo,
1015 866 1309 936 tle/luentes,
1326 864 1562 923 mollibus
1582 870 1800 923 vestian-

205 964 307 1019 tur,
326 955 383 1009 in
413 954 652 1010 domibus
666 972 857 1026 regum
877 957 1000 1022 sint,
1023 957 1146 1011 dum
1164 958 1221 1011 in
1241 957 1499 1012 laboribus
1526 959 1792 1013 hominum

200 1062 307 1100 non
326 1046 435 1100 sint
453 1056 507 1099 et
524 1062 641 1100 cum
657 1045 952 1101 hominibus
976 1063 1079 1102 non
1100 1048 1444 1120 flagellentur.
1472 1048 1593 1104 Sint
1611 1050 1790 1105 diuites

198 1136 396 1199 seculo,
428 1137 548 1207 quia
576 1146 699 1190 sunt
722 1142 929 1207 egentes
959 1137 1145 1194 Dei....
1180 1148 1205 1176 ι
1234 1138 1473 1208 Urinam,
1502 1142 1573 1194 nti
1590 1143 1786 1222 frater,

206 1226 355 1299 digni
384 1227 667 1281 habeantur
696 1230 782 1300 qui
822 1230 1213 1295 maledicamur,
1238 1240 1289 1284 et
1315 1240 1565 1297 notemur,
1595 1240 1651 1287 et
1670 1249 1797 1287 con—

204 1328 453 1383 terantur,
500 1329 653 1389 atque
693 1322 852 1375 etiam
898 1321 1273 1392 interficiuntur
1319 1322 1376 1376 in
1405 1324 1626 1377 nomine
1669 1323 1795 1378 Jesu

201 1410 415 1476 Christi,
439 1412 564 1466 dum
590 1430 694 1467 non
718 1414 829 1483 ipse
849 1413 1115 1467 occidatur
1133 1412 1365 1469 Christus
1385 1415 1443 1469 in
1465 1414 1634 1471 nobis.
1668 1415 1795 1472 Tum

196 1500 404 1555 demum
433 1518 590 1573 super
615 1503 848 1575 aspidem
892 1515 943 1558 et
970 1502 1269 1560 basiliscum
1314 1504 1712 1567 ambularemus.
1743 1518 1795 1563 et

195 1593 619 1651 conculcaremus
645 1605 803 1667 caput
846 1595 1093 1651 draconis
1124 1598 1325 1669 antiqui
1354 1596 1525 1669 (Psal.
1556 1613 1643 1662 xc,
1678 1598 1789 1669 i5).

196 1683 304 1740 Sed
332 1684 506 1741 adhuc
534 1684 727 1754 amico,
756 1687 892 1758 quod
933 1688 1079 1758 pejus
1106 1697 1204 1751 est,
1247 1688 1416 1743 seculo
1442 1688 1707 1754 solvimur,
1739 1700 1791 1744 et

1899 514 1951 559 et
1990 506 2285 575 operatione
2318 505 2569 575 justitite,
2612 508 2793 562 talium
2836 509 2912 563 rel
2954 510 3073 563 odia
3129 513 3210 565 vel
3254 512 3477 568 consilia

1894 596 2127 659 uiuendo,
2150 596 2332 651 melius
2358 614 2510 667 quam
2535 597 2808 671 loquendo,
2840 602 3123 673 arguimus.

2500 708 2727 769 CAPUT
2767 714 2855 770 ΧΗ

1898 799 2185 875 Paulinum
2221 812 2483 875 tamquam
2511 804 2686 860 leviter
2710 809 3035 864 immutatum
3072 812 3276 869 incusat
3302 819 3473 872 Auso-

1969 873 2117 933 nius,
2148 882 2197 925 et
2234 873 2523 944 expostulat
2551 892 2667 929 cum
2691 893 2749 931 eo
2775 879 2840 933 de
2866 881 3244 939 intermissione
3280 885 3478 942 littera-

1967 958 2103 995 rum.
2119 944 2357 998 Amorem
2373 954 2422 998 et
2436 948 2771 1002 reverentiam
2790 950 2837 1003 ei
2860 960 3177 1008 contestatur
3195 954 3475 1014 Paulinus.

1972 1032 2025 1087 'l.
2054 1032 2187 1089 Cum
2215 1035 2267 1089 in
2293 1036 2583 1091 solitudine
2608 1038 2830 1109 degeret
2848 1039 3123 1111 Paulinus,
3147 1048 3315 1103 seculi
3343 1050 3478 1105 ami-

1898 1137 2085 1179 corum
2113 1126 2628 1183 contradictionibus
2665 1130 2843 1188 minus
2877 1134 3129 1204 patebat;
3159 1145 3395 1194 attamen
3422 1140 3477 1195 in

1898 1230 2022 1287 eum
2058 1217 2299 1273 carmine
2340 1220 2553 1289 scriptis
2579 1222 2821 1292 epistolis
2861 1225 3149 1283 nblatravit
3189 1230 3477 1300 Ausonius,

1897 1320 2057 1375 quem
2079 1314 2139 1361 ut
2165 1316 2371 1379 patrem
2399 1309 2651 1367 Paulinus
2678 1316 3069 1372 venerabatur:
3092 1321 3183 1389 qui
3215 1322 3479 1381 Ausonius

1897 1406 1923 1445 ι
1946 1398 2071 1454 licet
2087 1398 2437 1467 Christianus,
2458 1414 2576 1457 erat
2593 1406 2824 1460 carnalis
2844 1407 3019 1465 adhuc
3033 1410 3215 1480 homo,
3235 1416 3480 1472 nesciens

1894 1505 2015 1562 qua:
2041 1502 2167 1549 sunt
2193 1494 2429 1565 spiritus.
2459 1496 2674 1555 Crebris
2701 1509 2858 1557 antea
2888 1502 2916 1540 ι
2944 1502 3137 1562 litteris
3162 1524 3222 1565 se
3250 1510 3479 1569 invicem

1894 1579 2198 1642 salutabant
2221 1588 2489 1646 Ausonius
2516 1600 2570 1646 et
2598 1588 2877 1661 Paulinus;
2908 1606 2964 1652 at
2984 1607 3108 1670 post
3138 1597 3479 1674 Hispanicum

1894 1692 2166 1732 secessum
2210 1678 2343 1733 nihil
2384 1681 2625 1737 scribens
2672 1683 2926 1742 Paulinus
2956 1690 3174 1757 noster,
3217 1702 3312 1749 aut
3354 1711 3475 1752 cum

196 1779 251 1833 in
278 1776 492 1833 Christo
521 1780 827 1833 deliciamur
846 1778 1073 1844 laudari,
1099 1790 1295 1834 tantum
1313 1781 1368 1835 in
1390 1782 1604 1835 nomine
1628 1783 1783 1851 ipsius

1896 1769 2085 1824 littera
2113 1787 2219 1828 non
2240 1771 2608 1840 redderentur,
2632 1784 2686 1830 et
2699 1776 2810 1845 jam
2844 1775 2858 1816 ¹
2895 1778 3032 1834 fama
3056 1782 3479 1846 increbresceret

193 1879 466 1935 astantes;
497 1872 801 1926 contristari
820 1883 870 1927 et
889 1870 1150 1939 tribulari,
1174 1873 1310 1945 quod
1327 1882 1404 1927 est
1424 1874 1621 1937 utilius,
1647 1892 1793 1929 recu-

189 1969 393 2016 santes.
416 1961 683 2018 Jlemento
701 1980 924 2034 granum
944 1966 1164 2036 sinapis,
1184 1966 1250 2019 de
1267 1980 1367 2037 quo
1390 1969 1581 2021 semine
1598 1984 1792 2032 sumta,

189 2054 239 2108 si
263 2061 592 2121 conteratur,
638 2056 853 2109 accendi
898 2057 1098 2129 magis,
1146 2065 1197 2111 et
1229 2064 1338 2111 tum
1386 2069 1586 2114 demum
1613 2078 1667 2113 tn
1695 2063 1791 2115 uim

188 2158 339 2197 suam
400 2145 647 2198 excitari.
700 2141 1041 2209 Quamobrem
1098 2146 1338 2203 debemus
1383 2168 1529 2222 quasi
1585 2162 1790 2207 nature:

187 2244 385 2288 nostra
406 2236 460 2288 in
480 2236 581 2289 hoc
595 2237 920 2302 respondere,
937 2248 992 2291 ut
1006 2238 1235 2294 adversis
1254 2239 1568 2296 sermonibus
1588 2244 1794 2299 contriti

188 2313 584 2379 inardescamus
610 2326 682 2380 ad
696 2326 882 2401 fdem;
905 2338 954 2381 et
974 2345 1060 2383 eos
1080 2332 1221 2400 ipsas
1240 2331 1326 2403 qui
1347 2347 1441 2385 nos
1464 2339 1522 2384 ut
1548 2334 1792 2388 minimos

178 2413 481 2482 hominum,
502 2416 695 2470 scilicet
714 2420 864 2488 quasi
886 2416 1108 2490 granum
1129 2423 1351 2492 sinapis,
1372 2424 1508 2494 quod
1526 2425 1793 2481 minimum

184 2518 261 2560 est
280 2509 566 2576 seminum,
588 2511 837 2582 frangere
861 2522 1137 2577 conantur,
1164 2529 1399 2569 uramus.
1426 2515 1488 2571 Si
1514 2533 1629 2571 vero
1648 2518 1687 2572 ii
1704 2520 1791 2589 qui

183 2598 383 2669 deforis
411 2610 537 2653 sunt
575 2602 834 2656 rationem
871 2619 904 2656 a
934 2613 982 2657 te
1006 2604 1177 2658 sancti
1216 2607 1389 2676 operis
1427 2608 1711 2679 inquirunt,
1740 2618 1791 2663 et

184 2698 470 2743 uenenatas
488 2690 555 2743 de
572 2698 729 2767 corde
752 2694 975 2762 viperino
994 2694 1202 2765 linguas
1220 2696 1275 2752 in
1296 2712 1388 2752 cor
1407 2708 1549 2753 tuum
1567 2699 1789 2767 vibrant;

183 2779 291 2833 noli
317 2778 453 2833 dare
480 2766 717 2834 sancutm
762 2770 1008 2849 canibus,
1054 2793 1107 2840 et
1153 2790 1469 2859 margaritas
1517 2798 1633 2844 tuas
1683 2766 1787 2847 non

184 2870 434 2940 projieias
463 2880 586 2925 ante
610 2887 795 2943 porcos
817 2872 1031 2944 (Matth.
1069 2892 1158 2941 'm,
1182 2876 1260 2950 6).
1290 2877 1357 2948 Et
1384 2880 1440 2935 in
1468 2881 1636 2937 altera
1663 2881 1691 2921 δ
1719 2884 1787 2939 ad

183 2962 439 3018 eumdem
468 2964 730 3019 Severum
756 2966 986 3035 epistola
1031 2985 1047 3021 :
1087 2967 1315 3025 Mundus
1342 2988 1435 3027 nos
1464 2989 1568 3029 non
1618 2986 1783 3045 amat,

184 3053 273 3107 sed
300 3062 451 3109 amat
495 3053 941 3113 Christus:homo
982 3058 1216 3131 negligit,
1266 3062 1357 3116 sed
1402 3061 1542 3118 Deus
1589 3066 1779 3138 diligit.

1897 1875 2021 1915 eum
2049 1862 2301 1919 abdicare
2343 1865 2584 1921 seculum
2631 1875 2687 1923 et
2730 1869 3050 1939 patrimonia
3082 1874 3312 1934 vendere
3340 1896 3476 1937 con-

1892 1957 2103 2008 stanter
2124 1954 2394 2021 statuisse,
2425 1964 2483 2011 et
2508 1956 2643 2012 falso
2662 1974 2730 2013 ex
2750 1975 2965 2019 rumore
2992 1964 3302 2022 crederetur
3332 1968 3347 2021 i
3384 1986 3479 2025 va.

1892 2056 2005 2100 stas
2050 2048 2307 2117 quasdam
2361 2050 2662 2107 inhabitare
2710 2055 3025 2113 solitudines
3076 2059 3146 2114 ab
3197 2061 3476 2119 hominum

1892 2137 2155 2194 societate
2183 2142 2586 2208 remotissimas,
2609 2143 2675 2197 ad
2692 2158 2816 2200 eum
2836 2146 3091 2215 grandem
3121 2146 3475 2224 fecit’episto-

1893 2227 1999 2283 lam
2029 2226 2075 2296 ι,
2109 2231 2161 2285 in
2188 2244 2295 2301 qua
2320 2248 2472 2288 suam
2493 2236 2737 2304 queritur
2761 2236 3071 2296 labefactari
3098 2245 3381 2300 amicitiam
3402 2256 3476 2305 ‘ae

1892 2322 2134 2389 dissolvi,
2164 2333 2220 2379 et
2245 2339 2368 2381 eum
2394 2326 2524 2382 dicit
2546 2328 2791 2400 impium.
2824 2329 2959 2386 Tum
2990 2334 3136 2389 illum
3172 2337 3473 2396 obtestatur

1891 2425 2055 2486 atque
2081 2418 2330 2476 obsecrat
2352 2429 2408 2476 ut
2443 2421 2583 2479 illius
2610 2424 2847 2481 criminis
2874 2442 2980 2483 non
3011 2427 3104 2483 liat
3129 2434 3394 2497 conscius,
3416 2446 3474 2490 et

1889 2509 2133 2577 queritur
2158 2510 2303 2580 quod
2331 2512 2384 2566 in
2410 2511 2663 2583 Hispania
2684 2524 2792 2570 tam
2820 2526 3061 2576 remotus
3083 2531 3283 2590 ageret.
3308 2525 3471 2591 Quie-

1890 2607 2001 2653 tem
2025 2608 2081 2654 et
2106 2600 2327 2657 delicias
2347 2603 2494 2658 villa:
2537 2619 2647 2660 sua:
2672 2607 2812 2675 apud
2840 2608 3105 2667 Santones
3130 2613 3385 2671 describit
3415 2620 3468 2673 in

1887 2686 2120 2751 Novero.
2148 2691 2240 2760 qui
2268 2689 2281 2729 ¹
2318 2688 2631 2750 Novalarlus
2658 2711 2827 2767 pagus
2845 2713 2966 2757 esse
2989 2703 3245 2769 creditur,
3267 2705 3471 2766 Gallico

1881 2782 1963 2834 tes
1990 2779 2259 2849 Noutiers,
2278 2800 2452 2858 prope
2478 2785 2535 2841 S.
2562 2785 2861 2847 Johaunem
2882 2792 2951 2847 de
2975 2794 3293 2866 Angeriaco.
3327 2801 3472 2858 Inter

1887 2874 2108 2947 hujusce
2128 2878 2267 2935 villa
2287 2880 2569 2936 cammoda
2593 2884 2835 2941 ecclesia:
2857 2888 3182 2948 vicinitatem
3204 2878 3468 2966 enuntiat,

1884 2966 1983 3021 sed
2010 2967 2095 3023 his
2120 2969 2367 3025 omnibus
2394 2972 2628 3029 amicum
2671 2990 2827 3032 suum
2855 2979 3104 3049 praferre
3144 2999 3204 3040 se
3248 2990 3462 3053 asserit,

1882 3072 2043 3127 quem
2062 3060 2202 3118 votis
2222 3063 2578 3133 precibusgue
2600 3076 2772 3123 vocat.
2795 3060 2985 3129 lstlmc
3005 3076 3284 3143 epistolam
3305 3094 3466 3147 quar-

180 3140 401 3200 Inimici
453 3141 679 3201 hominis
741 3149 1010 3205 domestici
1048 3153 1160 3223 ejus
1184 3195 1200 3217 ,
1257 3156 1349 3209 sed
1396 3174 1576 3213 rursus
1624 3162 1778 3215 amici

1891 3158 1994 3215 tum
2018 3149 2132 3220 jam
2161 3168 2357 3208 annum
2385 3154 2441 3209 in
2470 3170 2685 3213 secessu
2710 3157 3000 3231 HiSpanico
3020 3140 3201 3233 agenti
3242 3140 3465 3229 Paulino

183 3234 415 3290 honsinis
473 3238 743 3294 domestici
794 3239 913 3297 Dei.
970 3242 1125 3309 Quod
1167 3245 1258 3302 hic
1302 3246 1504 3303 Severo
1554 3250 1776 3318 scribit,

184 3323 417 3395 idipsum
447 3329 645 3397 repetit
665 3331 905 3388 scribens
924 3334 989 3390 ad
1010 3335 1235 3407 Aprum,
1259 3340 1349 3408 qui
1374 3340 1426 3393 in
1448 3341 1633 3397 eadem
1656 3358 1780 3413 per-

186 3416 475 3473 secutione
502 3420 710 3489 positus
735 3424 916 3477 omnia
947 3422 1157 3481 fortiter
1186 3428 1468 3485 tolerabat.
1494 3430 1614 3486 Jam
1645 3434 1778 3488 hanc

183 3510 428 3576 gratiam,
462 3510 635 3579 inquit
666 3520 691 3549 (⁸
716 3552 733 3577 ,
778 3516 990 3568 mereris
1034 3532 1069 3569 a
1115 3514 1340 3575 Domino
1384 3532 1441 3575 ut
1488 3534 1535 3576 te
1574 3526 1779 3584 oderint

180 3616 361 3656 omnes
380 3617 405 3655 :
423 3602 563 3670 quod
581 3620 686 3657 non
713 3605 863 3674 fieret
890 3607 991 3661 nisi
1020 3623 1165 3663 verus
1187 3611 1425 3668 imitator
1451 3612 1641 3670 Christi
1667 3634 1777 3672 esse

177 3694 424 3762 cepisses
447 3710 467 3747 :
495 3712 600 3748 non
628 3696 766 3750 enim
796 3684 985 3752 odisset
1007 3700 1090 3753 hic
1124 3700 1345 3755 mundus
1371 3705 1473 3758 nisi
1504 3707 1648 3775 quod.
1658 3707 1775 3777 jam

179 3800 212 3836 a
232 3801 287 3838 se
302 3786 534 3840 alienum
552 3796 604 3841 et
621 3787 722 3846 sibi
742 3790 931 3845 uideret
955 3792 1240 3848 aduersum.
1273 3792 1452 3851 Gaude
1472 3808 1522 3852 et
1540 3803 1741 3855 exculta
1753 3818 1772 3856 :

179 3878 285 3940 iam
306 3879 363 3931 in
384 3879 694 3934 rudimentis
721 3882 821 3935 tuis
841 3882 997 3936 virtus
1015 3886 1348 3956 perfectionis
1369 3898 1625 3957 operatur.
1645 3890 1775 3949 Per-

172 3967 415 4033 spicuum
442 3976 521 4021 est
544 3984 703 4040 quam
747 3972 953 4042 fortiter
1001 3974 1283 4031 credideris
1330 3975 1388 4031 in
1416 3976 1642 4045 Christo,
1688 3983 1773 4036 cui

177 4058 287 4122 iam
314 4058 572 4113 donatum
606 4069 686 4114 est
722 4078 818 4132 pro
858 4061 1063 4119 Christo
1087 4066 1293 4134 pati....
1325 4067 1371 4121 0
1400 4069 1550 4125 beata
1576 4073 1774 4144 injuria

173 4151 455 4223 displicere
480 4169 601 4207 cum
627 4153 738 4226 25
760 4153 967 4212 Christo
988 4157 1011 4211 .'
1036 4158 1185 4213 nobis
1212 4161 1379 4232 magis
1407 4162 1657 4221 timendus
1697 4176 1775 4220 est

172 4248 327 4297 arnor
370 4243 555 4297 talium
602 4244 786 4314 quibus
822 4247 939 4302 sine
980 4246 1184 4305 Christo
1225 4251 1549 4323 placetur....
1578 4254 1603 4293 ἀ
1641 4255 1773 4313 Vide

170 4330 236 4387 ab
266 4333 425 4387 initio
454 4336 592 4389 unde
619 4334 988 4403 ceciderimus,
1034 4349 1084 4393 et
1110 4341 1363 4414 intelliges
1403 4345 1541 4414 quod
1585 4346 1771 4402 dioimc

166 4425 450 4494 sapientia
497 4426 801 4499 pietatisque
843 4429 1063 4484 consilio
1105 4433 1449 4503 reformentur
1474 4434 1545 4488 ad
1573 4438 1765 4491 vitam:

1878 3239 2086 3295 reddita
2113 3240 2211 3297 fuit
2247 3261 2261 3297 :
2295 3244 2474 3313 itaque
2500 3262 2620 3302 cum
2651 3250 2781 3303 nihil
2822 3254 3142 3311 resoriberet
3182 3257 3459 3328 Paulinus,

1879 3332 2037 3389 aliam
2070 3333 2196 3389 item
2218 3335 2283 3391 ad
2311 3351 2433 3392 eum
2463 3334 2608 3394 misit
2627 3341 2908 3412 epistolam
2934 3354 2958 3381 υ
2985 3346 3258 3405 Ausonius
3287 3353 3337 3407 in
3360 3370 3463 3424 qua

1878 3420 1945 3478 de
1994 3424 2134 3479 illius
2151 3427 2378 3485 silentio
2420 3441 2720 3500 conquestu
2765 3434 2955 3490 iterum
2986 3436 3212 3506 prodita
3254 3420 3461 3501 crimen

1880 3514 2126 3571 amicitiae
2148 3518 2399 3587 objectat.
2426 3525 2709 3593 variosque
2728 3530 2965 3584 ostendit
2985 3533 3251 3589 scribendi
3271 3538 3462 3593 modos

1879 3608 2071 3682 quibus
2099 3611 2174 3664 uti
2206 3620 2390 3681 posset
2415 3616 2459 3669 si
2489 3614 2641 3683 prodi
2676 3618 2915 3686 timeret;
2946 3629 3002 3675 at
3029 3632 3182 3694 rogat
3210 3630 3268 3679 ut
3286 3628 3462 3698 ipsius

1880 3709 1904 3735 η
1931 3700 2183 3768 Tanaquil
2230 3704 2358 3760 illud
2399 3710 2624 3774 nesciat,
2669 3712 2750 3768 sic
2793 3715 2938 3768 enim
2980 3712 3186 3772 Paulini
3238 3736 3457 3781 uxorem

1877 3800 2020 3856 malo
2057 3816 2273 3858 nomme
2302 3804 2548 3860 vocabat.
2590 3806 2778 3863 Nescio
2809 3825 2876 3865 an
2916 3810 2983 3865 ad
3019 3811 3331 3881 Therasiam
3373 3834 3460 3873 re—

1873 3892 2111 3958 spexerit
2124 3893 2409 3955 Ausonius,
2425 3908 2493 3949 an
2512 3896 2579 3951 ad
2587 3888 2810 3965 Eugenii
2829 3898 3012 3957 turbas
3024 3902 3113 3971 qui
3126 3902 3455 3976 Hispaniam,

1874 3989 1933 4034 ut
1960 3983 2248 4045 credimus,
2296 3986 2530 4041 nondum
2578 3987 2989 4060 subjugaverat.
3021 4010 3141 4049 cum
3173 3994 3452 4055 Paulinum

1876 4082 2117 4129 metuere
2164 4074 2297 4130 dixit
2342 4094 2409 4131 ne
2468 4081 2915 4152 mterciperentur
2958 4086 3167 4142 litterae.
3218 4087 3456 4147 Tertiam

1874 4173 1901 4212 ν
1931 4164 2057 4229 item
2087 4166 2302 4236 scripsit
2329 4167 2610 4237 epistolam
2638 4185 2758 4241 qua:
2795 4172 3068 4231 intercidit
3093 4195 3107 4231 :
3151 4179 3204 4233 in
3230 4180 3363 4240 hac.
3397 4194 3457 4238 ut

1872 4266 2024 4327 puto,
2052 4259 2486 4328 conquerehatur
2512 4260 2781 4318 Ausonius
2808 4264 2967 4333 quod.
2987 4266 3105 4335 jam
3148 4270 3380 4328 triennio
3420 4289 3453 4328 a

1873 4348 2042 4416 patria
2072 4348 2285 4404 abesset
2312 4347 2588 4415 Paulinus,
2619 4360 2675 4407 et
2697 4352 2764 4408 ad
2800 4367 2981 4411 musas
3007 4357 3233 4416 reditum
3258 4377 3450 4432 preca-

1875 4438 2046 4492 batur.
2076 4437 2328 4505 Quartam
2360 4444 2465 4513 25
2495 4452 2522 4491 αι
2544 4444 2770 4519 insuper
2806 4445 3035 4513 addidit,
3057 4450 3117 4506 in
3143 4466 3248 4514 qua
3282 4457 3455 4525 pergit

170 4516 224 4567 in
242 4514 429 4583 Adam
456 4517 644 4587 quippe
669 4519 913 4585 superbia
936 4522 1158 4589 ruimus,
1203 4532 1356 4594 atque
1381 4530 1498 4580 ideo
1525 4534 1768 4583 mimttia—
1800 4545 1848 4602 υ
1871 4530 2025 4599 queri
2053 4530 2120 4583 de
2142 4528 2278 4584 fastu
2306 4545 2413 4601 quo
2434 4514 2686 4589 Paulinus
2712 4536 3010 4607 rescribere
3038 4514 3448 4609 dedignaretu‘i':

170 4624 289 4661 mur
313 4608 370 4661 in
396 4605 625 4673 Christo,
654 4618 711 4662 nt
747 4620 1009 4681 peccatum
1031 4614 1236 4669 sceleris
1271 4616 1469 4688 antiqui
1495 4628 1771 4674 contraria

166 4698 378 4752 uirtutis
406 4697 649 4769 obsequio
676 4699 967 4767 Mam;
994 4712 1045 4759 et
1072 4706 1159 4773 qui
1183 4705 1522 4777 superbiendo
1549 4710 1771 4777 offendi-

168 4805 285 4843 nsus
312 4830 330 4854 ,
379 4789 650 4845 seruiendo
697 4791 1005 4863 placemus.
1036 4803 1060 4832 ο
1112 4794 1451 4854 Εεωιιεηιω
1500 4802 1673 4873 itaque
1718 4814 1771 4857 et

170 4880 462 4949 gloriemur
507 4880 562 4934 in
606 4882 740 4952 ipso,
793 4885 879 4955 qui
934 4901 1030 4941 nos
1067 4896 1118 4941 et
1142 4904 1369 4959 pugnam
1412 4899 1462 4945 et
1505 4894 1771 4949 victoriam

169 4984 327 5023 suam
378 4971 591 5040 feciL...
641 4969 759 5027 Nos
804 4972 971 5045 igitur
1024 4985 1284 5033 taceamus
1337 4981 1453 5035 istis
1508 4982 1771 5056 loquentes

174 5060 246 5110 ad
270 5057 557 5113 Dominum
577 5060 785 5117 silentio
809 5063 1138 5131 humilitatis,
1166 5078 1219 5123 et
1245 5086 1365 5125 voce
1389 5074 1655 5144 patientia:
1676 5091 1693 5129 :
1718 5083 1773 5130 et

181 5149 295 5231 tunc
328 5150 437 5219 ipse
461 5151 549 5219 qui
575 5151 795 5207 inuictus
820 5164 897 5208 est
922 5156 1173 5229 pugnabit
1208 5177 1303 5231 pro
1331 5161 1496 5229 nobis,
1522 5174 1572 5218 et
1610 5166 1776 5220 vincet

181 5228 229 5291 δα
257 5242 497 5297 nobis....
532 5239 551 5278 ¹
582 5228 1375 5321 lneonfusibilemoperatorem,
1397 5254 1530 5309 sicut
1558 5255 1773 5311 hilaran

1472 5502 1571 5578 Ep.
1599 5507 1653 5569 8.
1678 5526 1731 5566 n.
1756 5507 1810 5566 s.
1885 5506 2085 5579 οιυεα..
2106 5530 2160 5569 n.
2178 5513 2232 5569 δ.

1872 4628 1983 4674 tum
2011 4620 2224 4675 demum
2252 4621 2521 4691 subiungit
2552 4622 2817 4695 Hispanias
2845 4642 3030 4698 pagos,
3074 4632 3322 4702 ninguida
3344 4635 3453 4709 Py-

1876 4711 2031 4765 rcnmi
2064 4710 2179 4764 loca
2208 4719 2264 4765 et
2293 4728 2579 4789 vasconum
2605 4716 2774 4773 saltus
2812 4733 2993 4773 mores
3022 4721 3228 4778 Paulini
3256 4723 3453 4785 dulcis.

1872 4802 2036 4855 simos
2060 4802 2284 4856 vertisse
2308 4821 2319 4854 :
2349 4817 2579 4873 eumque
2606 4807 2803 4863 mentis
2828 4808 3064 4880 inopem,
3093 4822 3264 4870 ccetus
3282 4816 3453 4873 homi-

1878 4905 2002 4945 num
2028 4896 2306 4957 vitantem,
2330 4900 2387 4947 ct
2414 4902 2543 4948 atrae
2571 4895 2693 4952 bilis
2719 4899 2912 4955 morbo
2940 4886 3275 4960 laborantem
3301 4904 3453 4974 dicit,

1876 4981 2175 5037 setandem
2202 4981 2381 5040 Musas
2424 4995 2677 5055 precatur
2717 4996 2781 5044 ut
2830 4988 3109 5049 Paulinum
3154 4994 3222 5051 ad
3262 5001 3453 5069 poesin

1874 5080 2146 5127 revocent.

2404 5182 2541 5223 uno
2566 5183 2772 5225 cnsts'rt
2800 5169 2922 5227 593.

1948 5256 2000 5309 2.
2040 5256 2350 5325 Ignoramus
2390 5273 2458 5312 an
2504 5258 2637 5316 alias
2681 5260 2749 5321 ad
2788 5259 2849 5318 S.
2890 5260 3171 5324 Paulinum
3194 5272 3451 5342 epistolas

2313 5514 2507 5593 elh_id.,
2528 5531 2583 5573 n.
2610 5514 2663 5575 4.
2747 5520 2766 5560 τ
2792 5517 2948 5593 lbid.,
2974 5539 3027 5579 n.
3053 5525 3106 5580 5.
3186 5537 3213 5577 ι
3244 5529 3441 5593 Bamu.

234 5503 260 5528 ι
292 5488 618 5616 Ρευιὶηὲ».
641 5491 693 5556 i,
712 5508 769 5548 ιι.
793 5495 847 5549 8.
924 5497 950 5536 δ
977 5499 1075 5570 Ep.
1097 5498 1185 5569 ll,
1208 5518 1261 5558 n.
1290 5502 1344 5561 ι.
1424 5518 1448 5545 ιι
1472 5502 1571 5578 Ep.
1599 5507 1653 5569 8.
1678 5526 1731 5566 n.
1756 5507 1810 5566 2.
1885 5506 2085 5579 “Ibid,
2106 5530 2160 5569 n.
2178 5513 2232 5569 3.
2313 5514 2507 5585 ειὴξά.,
2528 5531 2583 5573 n.
2610 5514 2663 5575 4.
2747 5520 2766 5560 ί
2792 5517 2948 5589 lbid.,
2974 5539 3027 5579 n.
3053 5525 3106 5580 5.
3186 5537 3213 5577 ι
3244 5529 3441 5593 Barou.

181 5576 259 5615 an.
289 5559 414 5629 594,
436 5560 471 5641 ηδ
583 5602 595 5615 .
672 5562 702 5600 ι·
727 5564 941 5655 ensum
964 5584 1050 5641 ep.
1081 5569 1169 5626 24.
1254 5572 1266 5611 ¹
1300 5577 1502 5633 Auson.
1535 5595 1620 5650 ep.
1651 5579 1740 5637 25.
1823 5582 1837 5634 i
1880 5584 2080 5640 Auson.
2112 5600 2201 5655 ep.
2231 5584 2322 5641 25.
2402 5585 2424 5625 ¹ι
2456 5588 2657 5645 Auson.
2690 5606 2778 5675 ep.
2802 5592 2891 5650 23.
2976 5595 2990 5634 ¹
3029 5595 3205 5653 Vinet.
3228 5596 3350 5659 Not.
3381 5609 3449 5663 ad

181 5640 370 5686 Λυδοῦ.
408 5647 463 5686 1).
518 5630 648 5686 ‘85.
796 5632 1001 5686 Panhn-
1030 5658 1176 5686 carm
1352 5663 1383 5686 υ
1437 5647 1456 5686 ί
1562 5658 1589 5686 ιι
1626 5652 1799 5686 Ᾱηηιιη
1826 5653 1917 5686 ’Διὶ
1967 5652 2035 5686 οι
2134 5666 2158 5686 n
2186 5650 2295 5686 Ιιιιι
2372 5673 2405 5686 υ
2457 5659 2517 5686 ιι
2623 5672 2650 5686 Ιι
2678 5661 2778 5686 ‘7-)
2842 5664 3004 5686 ιη---
3072 5682 3091 5686 Α
3113 5684 3124 5686 Α
3184 5669 3253 5686 Δ.
3401 5678 3415 5686 .

924 5497 950 5536 δ
977 5499 1075 5570 Ep.
1097 5498 1185 5570 ίιι,
1208 5518 1261 5558 n.
1290 5502 1344 5561 ι.

181 5640 370 5713 .tuson.
407 5632 463 5703 pl
492 5632 648 5713 ,ἑξ-5.
700 5632 1198 5713 ifPaulinfcaljm.
1238 5644 1321 5713 ιο,
1352 5632 1403 5701 v.
1434 5647 1484 5703 1.
1545 5632 1591 5687 ἶ
1620 5632 1783 5708 Ausot

1891 5632 2054 5709 631'.

179 5702 361 5758 etNot.
487 5699 615 5757 568.
696 5712 723 5753 't
755 5706 956 5763 Auson.
986 5725 1070 5781 ep.
1102 5710 1187 5764 ες.

440 5796 728 5858 Panos.
780 5797 941 5859 LXI.

2134 5650 2163 5690 δ
2185 5650 2339 5719 Ibid,
2372 5673 2422 5711 ν.
2457 5659 2547 5713 st.
2623 5672 2650 5711 ρ
2678 5650 2799 5717 vid.
2832 5664 3033 5721 Auson.
3065 5650 3356 5738 sint;
3381 5650 3443 5741 T,

3124 5834 3162 5891 2
