4000 6410
169 286 234 347 65
1586 290 2116 351 Ριιοιεαολιεω.
3416 311 3487 366 σε

182 408 412 470 titurum,
441 403 612 461 simul
635 405 1009 478 pulsaturum.
1026 403 1238 462 Deinde
1266 406 1508 473 festinet,
1531 416 1708 479 rogat.
1734 417 1793 464 et
1818 416 1867 474 Α
1895 411 2198 468 orationem
2232 411 2399 469 dubio
2421 407 2613 486 procul
2647 417 2856 489 legerat
2891 420 3221 493 Augustinus
3251 442 3266 480 :
3299 440 3492 484 verum

190 515 254 558 ne
271 498 613 568 recrastinet,
640 499 796 558 diem
826 499 896 556 de
939 499 1030 556 die
1056 499 1298 565 trahens,
1325 496 1487 557 ea'ute
1525 510 1585 556 et
1625 500 1795 572 pede—
1897 501 1944 557 si
1971 511 2056 559 est
2084 503 2174 560 ille
2197 503 2410 562 libellus
2431 508 2732 566 Maternus
2758 508 2972 580 Gentes,
3005 529 3166 585 quem
3193 516 3266 573 ab
3292 533 3362 574 eo
3390 533 3491 590 pe-

189 594 373 650 tentim
394 592 778 665 possessiones
807 606 935 646 suas
955 591 1221 660 vendere;
1270 606 1366 647 eas
1414 591 1598 662 potius
1624 591 1796 663 proji-
1896 596 1965 650 tit
1995 611 2153 652 anno
2171 599 2554 656 trecentesimo
2583 604 2937 673 nonagesimo
2958 615 3137 673 sexto,
3162 623 3323 678 quem
3354 626 3491 668 non-

185 687 318 755 eiat,
345 695 404 746 et
431 686 692 742 heremi:
721 685 778 743 in
805 684 924 742 salo
951 685 1214 741 navicula:
1242 683 1424 740 funem
1458 685 1630 774 magis
1653 699 1793 756 prte-
1895 687 2027 742 dum
2054 688 2550 762 planeqabsolutum
2578 695 2794 751 videtur
2818 714 3126 769 supponere
3152 719 3173 754 :-
3191 718 3336 774 eum,
3366 707 3491 762 vivo

183 779 400 835 scindat
426 793 590 848 quam
618 777 834 843 solvat,
869 775 982 832 Deo
1007 791 1071 832 se
1098 781 1269 831 totum
1307 774 1497 842 dedat;
1524 773 1796 847 Christum
1899 777 2229 846 Theodosio,
2272 797 2382 838 non
2411 785 2857 857 scripsit,neque
2903 806 3027 846 eum
3069 793 3170 864 ipsi
3199 773 3488 864 dedicavit,

181 871 411 928 aliunde
441 870 648 927 habere
667 869 818 925 unde
838 882 1107 941 pauperes
1135 868 1274 934 alat;
1303 867 1540 936 Christo,
1573 883 1682 924 non
1700 884 1796 922 su-
1897 880 1959 929 ut
1997 871 2282 932 Gennadio
2307 877 2507 949 placet.
2556 879 2887 948 Augustinus
2919 894 2939 922 ι·
2973 884 3235 943 deuotam
3278 889 3495 949 videtur

533 961 640 1018 sibi
689 961 926 1017 fortasse
973 959 1348 1056 facultatibus,
1389 956 1646 1017 eonlidat.
1679 959 1796 1056 Qua
1899 964 2052 1022 illum
2095 971 2484 1041 panegyricum
2530 973 2614 1028 his
2659 975 2842 1034 verbis
2895 995 2908 1030 :
2961 977 3246 1036 Christiani
3297 1001 3497 1056 quoque

179 1053 576 1110 exhortatione
606 1061 720 1107 tam
766 1059 957 1107 sancta
1000 1050 1203 1108 indicat
1231 1049 1592 1143 Hieronymus
1611 1052 1797 1143 vereri
1895 1059 2236 1131 imperatores
2262 1063 2472 1134 plenam
2496 1077 2730 1139 gerentes
2755 1070 3004 1138 ﬁduciam
3027 1075 3235 1143 pietatis
3261 1049 3321 1132 in
3339 1049 3495 1133 Cloio

177 1161 260 1216 se,
296 1161 371 1201 ne
417 1145 469 1203 si
513 1145 807 1200 retinuerit
842 1143 1195 1215 pristinarum
1233 1141 1436 1213 aliquid
1477 1141 1794 1200 facultatum

176 1234 483 1302 Paulinus,
513 1236 715 1308 quibus
755 1235 854 1292 sub
887 1242 1157 1305 prtetextu
1191 1233 1552 1305 eleemosyntc
1579 1234 1798 1304 sapien-

179 1327 297 1384 tius
316 1327 524 1384 deinde
551 1327 884 1398 pauperibus
910 1325 1296 1382 distribuentis).
1335 1325 1664 1394 incubuerit,
1694 1326 1799 1380 illis

175 1423 452 1496 paulatim
481 1425 766 1480 inetiatur
792 1437 1013 1487 rursus;
1035 1436 1212 1490 neque
1239 1421 1404 1476 etiam
1445 1420 1497 1474 in
1528 1429 1641 1476 tota
1687 1419 1800 1490 epi-

174 1516 339 1574 stob
362 1515 512 1573 serie
529 1514 717 1572 laudat
740 1523 853 1570 tam
873 1513 1148 1584 egregium
1171 1512 1396 1576 facinus,
1419 1513 1573 1582 cujus
1591 1513 1796 1568 exitum

172 1604 425 1662 necdum
462 1605 632 1678 plane
676 1614 1022 1677 perspectum
1064 1602 1325 1669 habebat.
1362 1602 1558 1658 Verum
1603 1610 1796 1674 postea

174 1711 305 1754 cum
321 1695 698 1771 proculdubio
717 1696 892 1752 audiit
915 1711 1080 1767 quam
1107 1695 1282 1751 libens
1301 1712 1395 1750 sm
1425 1711 1652 1765 seseque
1683 1695 1796 1766 ipse

1899 1159 2000 1218 sto,
2022 1159 2088 1205 de
2104 1154 2332 1210 inimicis
2351 1157 2647 1233 sacrilegis,
2668 1161 2757 1232 qui
2783 1179 2925 1233 spem
2951 1181 3100 1220 suam
3125 1167 3182 1221 iu
3203 1183 3496 1224 torrentem

1899 1247 1966 1298 tis
1992 1243 2251 1300 idolorum
2294 1249 2688 1322 damnumque
2727 1267 3028 1325 posuerant,
3061 1258 3493 1329 gloriosissimam

1899 1336 2167 1390 uictoriam
2186 1349 2556 1410 perceperunt;
2587 1359 2702 1398 cum
2743 1347 3083 1417 apertissimis
3112 1353 3497 1427 notissiuisque

1899 1429 2239 1496 documentis,
2260 1431 2326 1486 de
2353 1431 2533 1506 quibus
2562 1438 2799 1493 nonnulli
2812 1439 2930 1512 jam
2955 1443 3202 1514 scripturn
3232 1447 3496 1502 memoria

1897 1523 2345 1590 commendarunt,
2374 1527 2492 1583 illos
2533 1531 2778 1602 fallerent
2821 1536 3066 1592 vaticinia
3093 1538 3493 1612 «testiculorum,

1899 1618 1993 1673 llos
2021 1618 2300 1689 ﬁrmarent
2312 1623 2565 1692 prtedirta
2593 1637 2910 1686 sanctorum.
2935 1631 3141 1700 Quibus
3164 1635 3344 1694 verbis
3370 1653 3496 1694 eon-

1899 1719 2006 1765 stat
2033 1725 2156 1766 enm
2185 1713 2423 1770 indicare
2450 1717 2658 1774 cladem
2688 1719 2911 1791 Eugenii
2937 1734 2996 1780 et
3020 1725 3329 1798 Arbogastl.
3351 1729 3494 1787 lien-

171 1792 296 1850 Deo
324 1791 644 1889 οδωιίειςί,
690 1806 799 1846 non
828 1789 1016 1889 ,δοιιιιη
1064 1799 1088 1828 ⁸
1131 1789 1282 1889 luitis
1303 1805 1429 1844 eum
1457 1797 1515 1844 et
1541 1788 1800 1889 inauditis
1833 1805 1875 1865 Β
1902 1801 2106 1856 tionem
2127 1803 2290 1860 etiam
2318 1804 2444 1862 facit
2491 1788 2849 1870 Cassiodorus
2881 1823 2903 1849 ⁵
2937 1815 3062 1872 libri
3089 1788 3254 1889 quem
3307 1819 3492 1880 Pauli~

171 1885 404 1942 ornavit
434 1883 717 1950 laudibus;
749 1883 844 1938 sed
883 1894 940 1938 et
982 1883 1195 1939 monuit
1219 1884 1402 1954 potius
1450 1892 1510 1938 ut
1557 1881 1792 1955 sapienti

171 1978 521 2035 discretione
544 1975 750 2047 aliquid
779 1977 847 2032 de
875 1976 996 2032 zelo
1037 1977 1342 2032 remitteret
1367 1991 1480 2047 quo
1508 1976 1794 2032 facultates

159 2069 470 2141 augebat,
498 2083 665 2142 quam
702 2068 960 2126 excitavit
1003 2075 1063 2124 ut
1095 2083 1221 2124 eum
1255 2075 1497 2139 augeret.
1530 2067 1796 2124 Baronins

173 2161 203 2203 δ
231 2163 577 2222 existimavit
600 2161 748 2217 illam
768 2161 1052 2233 epistolam
1074 2159 1239 2218 fuisse
1257 2163 1513 2233 scriptam
1533 2160 1601 2215 ad
1628 2161 1792 2216 alium

175 2254 476 2332 quemdam
507 2251 813 2320 Paulinum,
841 2269 952 2309 non
971 2251 1037 2308 ad
1059 2251 1354 2319 Nolanum;
1379 2252 1475 2308 sed
1493 2251 1585 2321 qui
1619 2262 1642 2292 ε
1674 2260 1799 2320 post

176 2363 304 2406 eum
339 2345 481 2403 illud
527 2343 841 2417 diligentius
871 2345 1196 2414 perscrutati
1219 2352 1367 2408 sunt,
1395 2343 1678 2401 credidere
1708 2361 1794 2398 ra-

177 2439 361 2494 tiones
389 2437 593 2508 quibus
627 2437 820 2493 nititur
845 2435 964 2492 cius
991 2437 1200 2505 ouinie,
1239 2436 1645 2508 postponendas
1671 2451 1795 2490 esse

181 2531 247 2586 iis
263 2530 473 2602 quibus
501 2528 831 2600 infringitur.

247 2625 305 2682 ‘2.
345 2623 466 2682 Sub
487 2625 630 2681 idem
652 2631 867 2694 tempus
899 2620 1155 2678 Paulinus
1177 2619 1471 2678 Theodosii
1499 2619 1792 2693 panegyri-

181 2721 305 2780 cum
323 2717 648 2783 celebravit,
669 2715 718 2771 si
738 2715 1144 2771 assentiendum
1173 2721 1257 2769 est
1285 2711 1312 2752 ἀ
1341 2710 1624 2768 Gennadio
1645 2725 1793 2767 assc-

181 2811 324 2868 renti
345 2811 498 2867 hanc
515 2809 825 2866 orationem
847 2807 1013 2863 fuisse
1042 2824 1073 2863 a
1099 2803 1330 2863 Paulino
1356 2805 1460 2876 ipsi
1484 2805 1791 2862 Theodosio

182 2900 444 2967 dicatam,
477 2899 572 2970 qui
598 2896 820 2971 quidem
857 2899 1109 2970 princeps
1143 2897 1211 2953 l7
1234 2897 1482 2953 Januarii
1502 2897 1614 2962 die,
1645 2912 1791 2952 anno

179 2993 578 3052 trecentesimo
597 2991 956 3064 nonagesimo
979 2992 1174 3062 quinto
1210 2991 1368 3048 obiit.
1397 2992 1789 3060 Argumentum

179 3097 206 3125 '
227 3085 654 3161 suppeditarunt
679 3084 920 3141 victoris:
946 3098 1083 3154 quas
1109 3099 1142 3139 a
1163 3084 1407 3158 tyrannis
1431 3081 1669 3138 Iaximo
1693 3083 1792 3139 sei-

1898 1910 1999 1949 nns
2023 1897 2091 1951 dc
2136 1895 2442 1955 Theodosio
2493 1903 2802 1974 scripserat,
2849 1908 2945 1964 sed
2973 1924 3094 1980 qua:
3119 1911 3189 1968 de
3213 1927 3281 1969 eo
3303 1915 3490 1984 refert,

1897 2002 1965 2041 ex
1996 1985 2326 2060 Hieronymo
2353 1995 2691 2064 excerpsisse
2727 1997 2959 2056 videtur.
3473 1991 3476 1994 ’

2475 2127 2706 2186 CAPUT
2733 2129 2900 2189 XXV.

1974 2235 2050 2290 De
2069 2235 2280 2294 Paulini
2300 2243 2676 2298 necessitudine
2702 2262 2818 2302 cunt
2848 2247 3046 2306 Sancto
3071 2261 3120 2306 et
3154 2255 3411 2312 Antandtt.

1974 2349 2022 2404 l.
2055 2349 2172 2404 Non
2205 2350 2359 2407 facile
2387 2354 2741 2426 conjicituran
2765 2359 2855 2415 ille
2882 2360 3112 2420 Sanctus
3130 2365 3487 2430 Endelechius

2015 2457 2177 2537 quem
2236 2442 2492 2503 Paulinus
2543 2450 2687 2505 misit
2733 2451 3022 2512 Theodosii
3069 2463 3485 2537 panegyricum,

1898 2533 2039 2629 idem
2070 2535 2160 2629 ille
2187 2537 2258 2591 sit
2283 2538 2371 2593 cui
2405 2539 2692 2610 epistolam
2728 2545 3196 2617 quadragesimam
3245 2533 3484 2629 scripsit.

1899 2625 2104 2682 Nomen
2123 2627 2352 2685 Sanctus
2374 2641 2494 2687 erat
2514 2636 2728 2706 utrique
2749 2654 3055 2700 commune.
3097 2642 3342 2716 Cumque
3357 2625 3487 2707 tevic

1893 2717 2084 2775 denter
2109 2732 2366 2792 appareat
2393 2725 2652 2782 Sanctum
2678 2729 2839 2786 istum
2859 2733 3122 2805 lhymnos
3154 2739 3489 2804 Christianos

1894 2812 2282 2905 composuisse,
2302 2831 2534 2886 quorum
2555 2819 2766 2890 aliquos
2797 2823 2865 2878 ad
2916 2823 3197 2887 Paulinum
3240 2836 3487 2905 miserat.

1893 2917 1957 2959 ca
1989 2904 2317 2972 persuadere
2343 2919 2570 2979 possunt
2600 2929 2764 2971 unum
2809 2924 2866 2972 et
2889 2914 3158 2978 eumdem
3197 2940 3318 2983 esse
3345 2904 3489 2987 Sane

1891 3001 2039 3090 ctum
2069 3011 2084 3051 :
2117 3004 2172 3090 et
2201 3008 2452 3055 constant
2480 3000 2762 3062 Paulinum
2792 3010 3021 3078 omnisse
3049 3016 3075 3050 ⁸³
3099 3029 3222 3072 eum
3263 3017 3490 3090 diligere

1892 3085 1978 3142 vel
2005 3087 2244 3144 nondum
2274 3100 2541 3148 renatum.
2569 3094 2799 3156 Aliunde
2841 3117 2972 3158 vero
3018 3110 3267 3176 quamvis
3317 3085 3488 3173 etiam

178 3176 310 3236 καί
349 3188 430 3253 ρει,
447 3175 697 3269 [ingenio
733 3176 1104 3269 ﬁsgretulit,
1161 3177 1252 3248 qui
1309 3175 1586 3248 Eugenius
1613 3179 1788 3236 victus
1814 3179 1860 3241 ε
1892 3186 2004 3233 tum
2033 3183 2366 3254 temporibus
2391 3185 2508 3244 istis
2530 3186 2756 3246 Romani
2778 3185 2960 3252 m'ultié
2988 3175 3372 3269 insignirentur
3389 3222 3490 3263 no-

175 3270 451 3326 duntaxat
495 3267 597 3326 fuit
631 3283 822 3325 mense
855 3266 1182 3340 Septembri,
1229 3285 1373 3327 anno
1393 3269 1518 3325 394.
1554 3269 1576 3314 ι
1607 3269 1780 3349 Eude-

173 3363 394 3421 lechius
415 3359 634 3419 Paulini
661 3361 888 3427 amicus,
921 3361 1172 3432 idemque
1199 3361 1560 3434 Christianus,
1591 3363 1666 3419 illi
1697 3365 1792 3419 bu-

171 3457 258 3525 ius
283 3456 480 3528 operis
503 3462 698 3512 auctor
716 3452 837 3511 fuit.
868 3453 1119 3510 Creditur
1137 3454 1228 3510 hic
1245 3470 1369 3512 esse
1388 3465 1415 3505 s
1437 3465 1657 3513 sanctus
1683 3455 1786 3512 Se-

165 3555 354 3606 verus‘
373 3545 740 3604 Endelechius
764 3546 920 3616 cujus
959 3548 1257 3603 etiamnum
1284 3555 1505 3603 exstant
1529 3548 1784 3604 nonnulla

164 3641 447 3698 camina.
484 3638 746 3697 Paulinus
768 3655 839 3696 eo
868 3639 1123 3696 libentius
1163 3640 1308 3696 hunc
1343 3639 1414 3695 ab
1441 3641 1620 3697 amico
1650 3641 1677 3678 ἰ
1698 3641 1781 3695 la-

162 3736 370 3791 borem
397 3735 659 3803 suscepit,
687 3729 836 3802 quod
874 3731 930 3786 in
976 3728 1288 3787 Theodosio
1334 3745 1443 3786 non
1473 3738 1583 3785 tam
1614 3729 1782 3800 impe-

135 3833 419 3881 ratorem
463 3838 627 3896 quam
664 3822 865 3879 Christi
906 3837 1152 3890 servum;
1193 3839 1303 3878 non
1344 3822 1658 3891 dominandi
1691 3838 1781 3879 su-

148 3917 401 3989 perbia,
448 3915 546 3974 sed
586 3915 893 3972 humilitate
959 3913 1257 3970 famulandi
1321 3922 1632 3985 potentem;
1676 3929 1779 3970 nec

152 4025 368 4082 meo,
397 4009 496 4066 sed
524 4009 646 4066 viva
672 4017 730 4066 et
755 4009 970 4065 ardenti
1013 4008 1147 4076 ﬁde,
1176 4008 1480 4080 principem
1515 4007 1777 4080 praedica—

145 4103 264 4158 ret.
297 4097 563 4156 Ostendit
596 4098 612 4138 ί
639 4101 805 4156 etiam
837 4098 1202 4156 Theodosium
1230 4099 1426 4155 vicisse
1455 4099 1638 4170 potius
1672 4096 1777 4153 ﬁde

148 4202 210 4247 et
240 4192 528 4266 precibus.
555 4206 721 4262 quam
747 4192 933 4248 armis.
968 4193 984 4244 i
1015 4190 1219 4262 Legum
1249 4191 1376 4246 item
1401 4192 1474 4249 ab‘
1489 4190 1607 4263 ipso
1635 4191 1774 4246 lata-

142 4299 284 4342 rum
349 4284 645 4339 utilitatem
692 4298 760 4340 ea
806 4283 862 4340 in
909 4285 1157 4341 oratione
1202 4284 1566 4342 commendat.
1620 4283 1777 4340 Felix

142 4375 521 4455 Theodosius,
563 4374 773 4446 inquit?
819 4367 1181 4448 Hieronymus
1233 4375 1478 4432 scribens
1522 4373 1770 4441 Paulino,

149 4469 241 4539 qui
272 4485 313 4523 ιι
350 4466 448 4522 tofi
472 4463 670 4523 Christi
716 4476 924 4525 oratore
961 4467 1278 4541 defenditur.
1322 4467 1611 4543 Illustrain
1649 4488 1776 4542 pur-

1891 3270 2146 3340 minibus,
2182 3274 2395 3332 videtur
2437 3286 2614 3335 tamen
2664 3282 2717 3337 in
2765 3291 2864 3340 usu
2913 3286 3053 3346 idem
3081 3307 3297 3365 semper
3323 3295 3490 3355 fuisse

1890 3367 2209 3464 adhibitum.
2239 3368 2428 3444 Itaque
2455 3390 2580 3431 cum
2610 3374 2867 3436 Paulinus
2896 3382 3059 3439 alium
3083 3396 3246 3443 vocet
3273 3405 3489 3464 semper

1889 3457 2294 3530 Endelecliium,
2321 3465 2550 3530 alterum
2579 3471 2793 3542 semper
2819 3473 3078 3532 Sanctum
3106 3495 3231 3536 cum
3261 3490 3346 3538 ter
3359 3457 3490 3554 quae

1888 3561 2038 3612 terve
2063 3557 2204 3612 illius
2222 3571 2419 3615 nomen
2448 3563 2662 3632 repetit,
2690 3580 2794 3620 non
2819 3567 2937 3625 sine
2965 3570 3314 3630 fundamento
3337 3577 3489 3634 vide—

1886 3655 1975 3702 tur
2001 3664 2161 3720 posse
2199 3653 2446 3710 concludi
2490 3671 2586 3712 eos
2614 3674 2644 3712 a
2681 3675 2740 3716 se
2786 3661 3012 3720 invicem
3061 3683 3181 3721 esea
3221 3669 3482 3730 diversos.

1884 3743 2106 3802 Accedit
2147 3749 2338 3804 eodem
2375 3751 2520 3823 quod
2566 3751 2820 3812 Paulinus
2847 3766 2873 3795 ν
2901 3760 3115 3816 videtur
3157 3765 3378 3822 innuero
3415 3783 3487 3824 ex

1881 3848 1991 3904 quo
2015 3834 2193 3893 fuerat
2221 3840 2287 3894 ad
2305 3840 2580 3899 Christum
2601 3861 2900 3904 conversus
2920 3851 3030 3924 46
3049 3869 3208 3909 unam
3235 3871 3295 3912 se
3325 3857 3485 3914 dum.

1883 3938 2029 3986 taxat
2060 3930 2126 3986 ad
2166 3931 2426 3990 Sanctum
2472 3936 2684 3996 misisse
2712 3940 3022 4012 epistolam,
3052 3961 3082 4000 a
3106 3962 3216 4016 quo
3246 3951 3484 4022 recepis-

1880 4029 1964 4077 set
1993 4036 2154 4080 unam
2184 4031 2395 4082 tantum
2424 4043 2654 4098 eamque
2682 4031 3076 4106 brevissimam,
3119 4052 3298 4110 neque
3327 4058 3480 4099 men-

1881 4111 2082 4167 tionem
2115 4114 2197 4172 sui
2231 4119 2540 4192 panegyrici
2570 4120 2716 4197 facit,
2757 4139 2918 4196 quem
2947 4142 3050 4184 nee
3086 4128 3216 4186 dicit
3250 4130 3486 4190 Endele-

1879 4209 2060 4265 chium
2083 4225 2116 4264 a
2141 4225 2201 4266 se
2222 4209 2460 4280 petiisse.
2489 4210 2619 4280 Quis
2640 4213 2801 4283 igitur
2829 4215 2988 4272 fuerit
3007 4219 3096 4275 ille
3117 4220 3348 4280 Sanctus
3369 4241 3480 4295 non

1879 4302 2056 4372 plane
2085 4310 2331 4373 apparet,
2379 4317 2480 4358 nec
2523 4302 2730 4374 liquido
2770 4315 3002 4376 constat,
3036 4312 3138 4367 nisi
3165 4308 3332 4383 quod,
3361 4331 3484 4376 cum

1877 4393 2115 4463 loquitur
2146 4401 2169 4430 κ
2200 4391 2454 4451 Paulinus
2496 4395 2565 4450 de
2603 4412 2674 4452 eo
2719 4401 2964 4472 tempore
3008 4417 3118 4474 quo
3163 4410 3486 4480 corruptela!

1877 4485 2065 4540 mundi
2103 4479 2389 4551 servierat,
2419 4484 2636 4544 videtur
2675 4494 2744 4544 tte
2789 4505 2851 4546 se
2893 4492 3055 4549 simul
3082 4502 3138 4550 et
3177 4497 3245 4554 de
3283 4479 3485 4557 Sancto

141 4572 326 4632 puras
365 4559 505 4633 ejus,
535 4570 586 4613 et
611 4560 838 4614 utilitate
857 4579 888 4614 n
917 4561 1086 4632 legunt
1112 4563 1304 4633 futuris
1344 4560 1658 4634 temporibus
1682 4563 1775 4615 de-
1804 4563 1856 4624 D
1881 4575 2083 4632 habere
2109 4591 2434 4633 sermonem,

138 4651 495 4707 monstrasti.
516 4649 636 4706 iam
656 4661 851 4708 caetera
867 4653 1149 4710 retulimus
1169 4668 1289 4724 quas
1308 4655 1524 4726 scripsit
1538 4652 1564 4693 ι
1579 4653 1768 4710 Hiero-

140 4761 363 4816 nymus
389 4745 446 4799 in
461 4745 686 4800 laudem
711 4746 854 4802 illius
883 4750 1163 4817 orationis,
1195 4764 1358 4820 qtiam
1379 4749 1568 4809 serius
1595 4748 1609 4787 ι
1642 4766 1775 4821 apo-

138 4837 363 4906 logiam
383 4852 551 4911 quam
575 4838 951 4911 panegyricum
971 4840 1193 4898 dixeris.
1220 4841 1298 4898 Aci
1321 4853 1358 4880 οι
1385 4842 1772 4902 Ende‘lech‘ium

143 4944 280 4983 eam
338 4929 491 4984 misit
520 4926 794 5002 Paulinus,
823 4948 988 5003 quam
1018 4950 1125 4990 non
1165 4935 1362 5006 edidit;
1409 4937 1552 4993 illius
1593 4949 1771 4996 tamen

147 5023 506 5094 exemplaria
547 5023 614 5078 ad
661 5041 789 5081 suos
834 5029 1039 5084 amicos
1088 5039 1114 5066 ιι
1151 5027 1451 5102 Sulpicium
1507 5032 1770 5090 Severum

148 5116 395 5184 scilicet,
435 5124 492 5170 et
529 5123 553 5152 ο
603 5115 1010 5192 Hieronymum,
1059 5121 1225 5178 misit.
1310 5133 1336 5175 Ρ
1364 5121 1773 5196 Przescripserat

160 5209 353 5266 libello
379 5225 483 5268 suo
510 5225 610 5281 pro
649 5212 891 5272 themate
934 5213 1241 5284 epistolam,
1291 5231 1398 5286 qua
1425 5217 1584 5288 hujus
1605 5235 1772 5291 apus-

161 5305 270 5362 culi
298 5305 406 5362 sibi
435 5303 602 5362 luisse
627 5315 909 5364 auctorem
947 5307 1334 5367 Endelecbinm
1362 5312 1599 5368 dicebat.
1631 5313 1766 5369 Eam

235 5499 260 5527 ι
286 5485 512 5544 Hieron.
543 5501 632 5553 ep.
667 5485 759 5542 15.
835 5484 866 5526 δ
887 5485 1086 5543 Baron.
1114 5503 1201 5543 an.
1229 5487 1352 5553 594,

177 5556 195 5630 ἰ
227 5559 428 5630 Paulin.
458 5573 546 5630 ep.

178 5629 256 5700 is,
324 5625 510 5688 una:
591 5625 1511 5700 lliiid."_"'Paulin'.ep.‘18,n.6.
1585 5632 1772 5689 "ibid.

1439 5487 1492 5545 6.
1531 5501 1552 5530 ε
1585 5489 1953 5547 Socchin.Vit.
1986 5491 2192 5548 Paulin.

789 5555 893 5651 (ἓν-
916 5556 1128 5651 ,ξὶὶἱτέβ
1153 5555 1426 5651 {ul-.133-
1457 5629 1489 5651 .
1515 5558 1542 5598 "
1566 5560 1780 5651 lie!!!)-

1890 5561 2023 5651 ._
2056 5581 2108 5651 nr.
2226 5555 2238 5564 ’
2265 5556 2786 5651 ἡξ,(ἓεξιξιιέξιι..ςῖτιιιι.
2818 5565 2984 5651 οληᾶὃ.
3052 5570 3088 5651 λ
3128 5555 3477 5651 “ieram—ep.

1856 5643 1881 5670 ο
1906 5633 2127 5714 ljieron.
2153 5650 2242 5714 cp.
2259 5633 2348 5714 l3.
2397 5642 2399 5645 '
2418 5635 2688 5714 f_Paulitl.
2719 5653 2808 5714 ep.
2836 5637 2927 5702 28.
2958 5657 3022 5714 ιιἱ
3039 5639 3101 5714 _6.
3168 5633 3480 5714 'sAugrep.

1948 4666 2003 4722 2.
2043 4667 2115 4723 Se
2157 4666 2360 4736 iugiter
2400 4668 2704 4727 dilexerant
2734 4670 2989 4733 Paulinus
3017 4686 3071 4731 et
3097 4677 3325 4738 Sanetus
3350 4691 3384 4732 γ
3406 4683 3486 4739 fa-

1879 4761 2202 4816 niliaritatis
2232 4760 2479 4817 humana:
2504 4763 2762 4831 amicitia,
2791 4777 2847 4821 et
2874 4782 2996 4837 qua:
3024 4771 3258 4828 radicem
3286 4775 3339 4829 in
3363 4791 3486 4832 cor-

1878 4854 2036 4909 dibus
2057 4870 2166 4910 non
2189 4855 2446 4923 habebat,
2463 4857 2589 4927 quia
2611 4873 2724 4914 non
2743 4860 3006 4918 aedificata
3030 4873 3146 4920 erat
3170 4865 3222 4922 in
3244 4862 3483 4926 Christo.

1881 4945 1989 5003 Eos
2014 4948 2114 5004 sibi
2141 4950 2340 5005 multas
2368 4950 2595 5006 invicem
2624 4952 2835 5010 misisse
2861 4954 3079 5031 litteras.
3097 4969 3340 5032 apparet,
3363 4958 3484 5035 qui-

1877 5039 1979 5096 bus
2008 5049 2188 5095 tamen
2219 5042 2400 5097 anima
2437 5041 2650 5099 Paulini
2677 5061 2789 5102 non
2816 5047 3148 5119 replebatur.
3181 5051 3316 5120 Cum
3347 5071 3485 5110 nun-

1878 5131 2009 5187 tium
2037 5132 2244 5187 remisit
2270 5133 2494 5194 mundo,
2533 5133 2724 5194 Sancti
2751 5145 2773 5174 ι
2795 5138 3045 5194 amicitiae
3082 5157 3190 5197 non
3240 5144 3368 5200 item
3400 5161 3486 5204 re-

1874 5223 2145 5282 nuntiavit
2182 5221 2459 5295 Panlinus,
2490 5226 2588 5282 sed
2615 5227 2919 5285 litterarum
2957 5231 3192 5288 ollicium
3237 5235 3484 5292 intermi-

1874 5317 1976 5382 sit;
2007 5325 2064 5354 ιι
2091 5317 2260 5372 semel
2288 5317 2462 5374 solum
2490 5319 2541 5375 ei
2567 5321 2802 5394 scripsit,
2828 5333 2885 5378 et
2913 5334 3130 5398 recepta
3158 5328 3226 5384 ab
3259 5343 3326 5386 eo
3360 5330 3483 5388 bre.

2223 5491 2430 5564 9-631.
2509 5490 3216 5558 ‘Gcnnad.Calal.c.48.
3298 5501 3478 5563 ilbi'.

178 5699 253 5786 il.
280 5721 330 5761 η·
348 5701 413 5786 ἒ·
499 5712 522 5743 τ
539 5702 697 5786 ,ἐλείβ-
729 5700 786 5786 ίξ·
813 5696 994 5786 Em:
1021 5698 1128 5786 ἓν.
1147 5696 1199 5758 οἱ
1223 5696 1354 5786 79-.
1389 5701 1758 5786 ’,ςέιεείρίέρςι

1915 5704 2030 5786 ριν.
2056 5696 2314 5786 ln_s_tii_ut.,
2339 5722 2388 5763 c.
2569 5712 2604 5744 ἐ
2639 5696 2964 5786 Ρεειιιίηέθί).
2995 5709 3083 5779 ιι,
3109 5726 3164 5767 n.
3190 5711 3241 5768 i.
3281 5696 3476 5786 Ἰιῗέῖδξ

178 5768 316 5845 illo.
345 5774 392 5834 2.
482 5787 507 5816 τ
534 5768 711 5835 lbid-.
747 5785 805 5823 ηε
839 5768 891 5824 1ο

970 5779 994 5808 ⁸
1020 5769 1149 5828 Ibid.
1170 5788 1224 5828 η.
1246 5770 1296 5834 4,
1324 5771 1433 5831 Set
1458 5773 1494 5826 6
1592 5785 1617 5826 γ
1649 5773 1802 5831 lbid..
1839 5793 1892 5831 η.
1919 5777 1970 5828 ⁸9..
2055 5785 2081 5816 ³
2109 5777 2241 5832 ibid.

2324 5787 2384 5817 ἰιι
2412 5777 2571 5843 lbid.,
2599 5793 2652 5833 n.
2681 5775 2732 5835 4.
