4000 6468
524 388 601 450 75
1518 390 1617 475 ﬁs.
1655 392 1999 449 PAULlNUS
2038 392 2355 453 somnus
2388 351 2776 465 Episcopus
3736 406 3807 468 κ

525 520 641 563 mea
664 505 849 569 rideat,
873 504 961 559 sed
983 506 1150 576 potius
1171 507 1235 559 de
1258 504 1610 561 benevolentia
1632 509 1880 578 fraternae
1909 507 2113 560 σαι-ἰηι-
2146 511 2192 568 Α
2225 507 2399 564 Musas
2429 521 2698 581 precatus,
2722 512 2815 566 sed
2842 511 3025 570 divino
3056 515 3307 572 invocato
3332 514 3531 574 Christi
3561 520 3804 591 numine,

529 599 592 653 tis
632 599 803 670 faveat
839 597 1167 666 instruendo,
1194 607 1252 651 ut
1291 598 1491 669 alliciar
1522 597 1804 653 videntium
1831 599 2112 669 particeps,

525 698 575 741 et
598 704 662 742 ea:
683 687 918 742 doctrina
942 696 1031 742 tua
1060 687 1367 745 illuminatis
1391 689 1646 743 mentibus
1669 689 2120 753 considerantium

524 777 786 833 mirabilia
815 778 879 832 de
906 778 1022 851 lege
1054 777 1283 834 Domini.
1316 778 1547 834 Videtur
1574 795 1694 851 qua:
1722 795 1830 835 non
1857 779 2120 848 intellige-

526 870 619 923 bat
650 869 788 925 inter
815 868 1101 939 legendum
1145 869 1431 927 adnotasse
1452 910 1469 937 ,
1505 878 1566 925 ut
1592 885 1780 937 eorum
1812 870 2110 939 intelligen-

529 960 659 1014 tiam
689 959 757 1016 ab
781 960 900 1016 aliis
919 961 1253 1032 exquireret,
1280 961 1656 1018 difﬁcultatem
1674 977 1807 1031 vero
1829 971 2114 1032 antequam

527 1060 858 1123 proponeret
890 1052 965 1108 ita
995 1053 1337 1120 discutiebat,
1368 1061 1428 1108 ut
1464 1051 1583 1123 ejus
1620 1052 1945 1108 solutionem
1976 1052 2116 1108 ferre

485 1215 489 1219 ν
527 1144 834 1211 attingeret.
875 1140 1029 1199 Unde
1057 1143 1124 1198 ad
1156 1158 1277 1199 eum
1320 1142 1648 1211 Augustinus
1683 1150 1751 1203 ’,ε
1779 1140 1949 1196 Halta
1977 1157 2113 1214 quite-

525 1236 659 1299 sisti,
688 1243 739 1289 et
757 1234 1037 1307 querenda
1058 1235 1389 1298 admonuisti,
1409 1243 1457 1289 et
1477 1234 1755 1304 quarrendo
1776 1232 2109 1288 docuisti.....

528 1344 643 1381 cum
669 1328 805 1392 enim
837 1321 1210 1401 interrogando
1239 1327 1496 1396 disputas,
1527 1335 1577 1381 et
1602 1325 1788 1396 quieris
1823 1325 2031 1389 acriter,
2062 1332 2111 1379 et

526 1418 679 1472 dare;
710 1418 987 1474 humiliter.

1102 1556 1330 1614 CAPUT
1367 1556 1533 1612 XXX.
1632 1582 1633 1585 η

525 1699 631 1755 SS.
668 1699 923 1771 Delphina
951 1710 1000 1755 et
1028 1700 1264 1754 Amando
1302 1699 1480 1754 scribit
1516 1700 1798 1755 Paulinus.
1840 1700 2010 1755 Vitam
2038 1698 2102 1755 S.

812 1790 816 1794 ·
858 1770 1077 1825 Martini
1099 1771 1253 1825 mittit
1280 1771 1349 1824 ad
1376 1786 1490 1825 eum
1518 1771 1759 1827 Severus.

2223 603 2315 672 qui
2344 603 2521 659 Asina:
2547 606 2940 673 quondam‘ora
2962 607 3196 662 solverat
3229 626 3245 661 ε
3270 609 3506 680 citatque
3536 612 3664 667 illud
3681 628 3807 684 poe-

2224 709 2311 748 ma
2343 695 2396 749 in
2423 710 2492 751 eo
2510 696 2655 766 quod
2672 697 2692 732 ί
2719 713 2864 752 anno
2884 699 3129 767 sequenti
3154 700 3337 754 edidit.
3361 699 3419 754 In
3438 702 3581 757 hunc
3601 719 3802 760 annum

2221 789 2504 845 referimus
2541 789 2827 859 epistolam
2872 790 3219 846 undecimam
3252 792 3321 847 ad
3365 791 3657 861 Severum,
3705 797 3801 868 qui

2219 898 2328 937 non
2351 882 2514 939 modo
2543 897 2731 939 onmes
2749 893 2775 919 ι·
2808 883 3128 938 observabat
3152 886 3466 941 occasiones
3491 894 3550 941 ut
3583 889 3651 942 ad
3676 904 3801 944 eum

2220 976 2427 1032 litteras
2453 977 2624 1042 daret,
2655 978 2751 1033 sed
2781 980 3024 1034 mittebat
3044 994 3262 1049 quoque
3288 994 3357 1035 ex
3384 981 3495 1036 suis
3513 980 3799 1052 quosdam,

2218 1068 2286 1122 de
2313 1056 2524 1138 quibus.
2547 1077 2737 1139 postea
2779 1068 2987 1125 Paulini
3034 1072 3320 1127 sanctitate
3358 1079 3414 1127 et
3450 1072 3702 1142 exemplo
3731 1072 3802 1127 ad

2217 1162 2472 1233 pietatem
2503 1164 2794 1228 conversis,
2825 1170 2882 1218 ut
2910 1163 2977 1219 de
3015 1162 3137 1219 ﬁliis
3159 1165 3365 1220 sanctis
3390 1172 3448 1221 et
3475 1164 3543 1221 de
3571 1164 3800 1221 benedi-

2216 1264 2302 1313 cta
2334 1256 2387 1335 in
2429 1256 2656 1313 Domino
2695 1258 2847 1328 prole
2884 1257 3214 1328 gloriabatur
3259 1259 3373 1330 ipse
3401 1246 3675 1335 Palilinus.
3706 1257 3801 1313 Sic

2216 1358 2242 1385 ν
2271 1333 2368 1418 per
2395 1363 2617 1419 puerum
2648 1349 2937 1404 suumhoc
2964 1364 3107 1405 anno
3134 1348 3201 1405 ad
3242 1333 3538 1413 eum.>’misit
3563 1350 3800 1407 Severus

2213 1439 2515 1509 epistolam,
2548 1438 2601 1495 in
2623 1454 2729 1510 qua
2756 1449 2783 1477 ι
2812 1440 2911 1511 ipsi
2934 1455 2993 1496 se
3019 1440 3178 1510 longe
3205 1436 3512 1497 inferiorem
3540 1451 3800 1512 reputans

2210 1531 2487 1586 asserebat
2514 1531 2703 1587 ambos
2730 1531 2784 1587 in
2814 1545 2976 1601 agro,
3009 1532 3111 1589 hoc
3147 1544 3230 1587 est
3258 1532 3311 1587 in
3342 1530 3453 1587 Iata'
3475 1533 3641 1588 seculi
3672 1532 3758 1587 via
3777 1570 3794 1595 ,

2212 1624 2479 1689 inventos,
2510 1625 2736 1680 alterum
2785 1632 3082 1703 assumtum
3105 1665 3120 1689 ,
3151 1624 3395 1680 relictum
3425 1625 3674 1679 alterum.
3698 1623 3800 1679 Fa-

2211 1717 2425 1771 tebatur
2452 1726 2479 1766 .V
2508 1717 2728 1787 insuper
2763 1723 3130 1787 paupertatem
3160 1716 3276 1786 ejus
3303 1732 3361 1771 se
3388 1717 3667 1782 demit-ari,
3698 1714 3799 1771 sed

2209 1808 2465 1875 horrere;
2495 1823 2655 1878 quam
2684 1808 2822 1863 velle
2848 1822 2940 1874 se,
2975 1823 3074 1864 nec
3115 1823 3276 1879 posse
3303 1809 3517 1878 assequi
3561 1815 3798 1863 conten-

595 1905 645 1959 t.
687 1904 982 1976 Epistolam
1008 1920 1207 1961 nonam
1244 1905 1371 1975 hoc,
1403 1914 1460 1961 ut
1504 1905 1737 1975 videtur,
1782 1920 1926 1961 anno
1970 1904 2108 1964 scri-
2136 1882 2183 1940 Β
2211 1901 2392 1965 debat,
2425 1910 2483 1956 ut
2507 1902 2709 1959 habens
2734 1900 2933 1957 victum
2960 1908 3015 1956 et
3040 1900 3416 1957 vestimentum
3445 1901 3548 1956 hoc
3566 1909 3799 1955 conten-

524 1998 629 2067 psit
667 1996 922 2054 Paulinus
965 1997 1032 2053 ad
1074 1997 1397 2065 Amandum,
1430 2013 1534 2054 una
1584 2014 1706 2055 cum
1744 1997 2008 2055 decimam
2037 1996 2104 2052 ad

526 2089 859 2160 Delphinum.
914 2087 1033 2145 lam
1080 2098 1197 2144 tum
1230 2088 1269 2127 δ’
1303 2089 1357 2145 in
1404 2089 1520 2161 ipso
1558 2089 1850 2162 Hispanico
1891 2104 2109 2145 secessu

523 2182 727 2240 Paulini
755 2191 812 2239 et
839 2183 1066 2239 Amandi
1104 2182 1408 2239 litterarum
1442 2183 1811 2239 intercessisse
1838 2197 2110 2239 commer-

519 2276 659 2331 cium
687 2275 1115 2340 observavimus;
1143 2285 1166 2313 θ
1196 2268 1341 2348 quod
1366 2275 1529 2332 etiam
1550 2274 1697 2331 Nola:
1728 2275 1899 2330 tenuit
1924 2288 2108 2331 scrva-

520 2367 700 2437 vitque
740 2368 903 2423 etiam
943 2383 1063 2424 cum
1105 2367 1407 2439 Delphino:
1450 2367 1602 2439 cujus
1626 2367 1819 2423 littera:
1844 2367 2107 2439 spiritalia

519 2455 743 2512 Paulino
768 2465 926 2514 erant
951 2458 1310 2524 condimenta,
1342 2459 1542 2530 quippe
1569 2473 1688 2529 quze
1709 2458 1735 2497 ά
1764 2458 1992 2530 spiritali
2019 2473 2111 2516 sa-

520 2550 732 2618 pientim
760 2552 890 2618 sale,
912 2566 1021 2620 quo
1056 2551 1170 2621 ipse
1196 2550 1248 2605 in
1277 2550 1606 2622 baptismate
1637 2548 1813 2608 fuerat
1837 2551 2106 2623 perfusus,

518 2642 889 2707 condircntur,
922 2651 984 2697 ut
1018 2641 1160 2697 illius
1204 2657 1455 2716 saporem
1496 2651 1757 2704 servaret.
1797 2642 2049 2700 Paulinus
2080 2653 2105 2683 ο

518 2749 650 2790 vero
697 2734 946 2804 religiosa
992 2732 1224 2807 quadam
1254 2750 1380 2806 erga
1408 2751 1531 2793 eum
1577 2736 1918 2793 observantia
1947 2738 2106 2807 plena

518 2825 837 2884 urbanitatis
864 2835 921 2887 et
955 2826 1271 2883 humilitatis
1298 2841 1556 2897 responsa
1596 2828 1776 2884 dabat.
1805 2825 2049 2883 Liberius
2080 2825 2101 2867 τ
2121 2866 2125 2870 ~

519 2936 643 2975 cum
673 2919 917 2975 Amando
945 2919 1157 2989 agebat,
1188 2927 1244 2975 et
1270 2919 1326 2974 in
1346 2919 1536 2975 charta
1563 2919 1878 2975 familiarius
1906 2919 2106 2976 inditus

517 3012 733 3081 pietatis
753 3027 940 3068 sensus
962 3013 1287 3083 exponebat,
1316 3027 1566 3069 semione
1586 3012 1798 3084 quidem
1821 3013 2099 3085 melliiluo,

514 3118 675 3175 quem
702 3102 954 3159 Paulinus
979 3104 1179 3175 alioqui
1206 3113 1365 3161 vocat
1390 3105 1629 3176 ineptum
1654 3115 1709 3161 et
1733 3106 2099 3162 temerarium.

515 3193 648 3265 Cum
676 3210 803 3251 vero
842 3203 867 3244 ε
898 3195 1171 3252 Amandus
1198 3197 1365 3267 patris
1387 3198 1688 3253 communis
1715 3197 1960 3268 Delpliini
2000 3213 2099 3253 au-

515 3286 660 3342 ribus
691 3286 894 3343 litteras
920 3287 1036 3358 ejus
1065 3288 1400 3354 insinuasset,
1429 3297 1654 3346 sanctus
1682 3290 1772 3346 ille
1800 3290 1885 3346 vir
1911 3304 1940 3344 a
1969 3287 2103 3345 Pau-

516 3380 624 3437 lino
654 3379 678 3418 ¹σ
700 3382 855 3453 petiit
882 3382 1088 3440 litteras
1107 3384 1331 3456 spiritali
1357 3385 1471 3441 sale
1497 3385 1764 3452 conditas,
1787 3385 1841 3441 in
1870 3385 1881 3423 ί
1908 3385 2101 3456 quibus

517 3482 716 3544 praeter
736 3473 899 3531 ofﬁcii
944 3475 1319 3531 necessitatem
1364 3490 1666 3533 sermonem
1706 3476 1775 3533 de
1811 3474 2101 3546 Scripturis

516 3564 775 3636 adjiceret
798 3580 908 3636 quo
931 3565 1241 3623 thesaurum
1269 3567 1448 3624 cordis
1474 3570 1554 3624 sui
1583 3568 1866 3623 revelaret.
1894 3565 2101 3623 Exinde

514 3659 656 3726 piam
701 3672 831 3714 sane
871 3666 927 3713 et
971 3658 1247 3724 humilem,
1298 3673 1526 3730 eamque
1570 3657 1833 3716 decimam
1884 3658 2100 3729 scripsit

513 3749 811 3820 epistolam,
844 3750 896 3806 in
923 3764 1026 3820 qua
1063 3750 1193 3808 dicit
1224 3754 1239 3803 t
1273 3752 1594 3825 Delphinum
1638 3752 1752 3809 haec
1793 3767 1924 3808 sane
1956 3752 2100 3822 juste

512 3843 585 3898 ab
607 3857 674 3898 eo
697 3849 962 3913 repetere,
985 3851 1044 3898 ut
1068 3844 1298 3914 depositi
1318 3844 1400 3900 sui
1427 3844 1691 3909 debitum,
1717 3851 1774 3900 et
1796 3851 1852 3900 ut
1879 3845 2099 3900 seminis

510 3954 729 4007 germen
751 3948 1084 4012 exspectare,
1106 3940 1200 3995 sed
1219 3942 1392 3996 vereri
1417 3957 1476 4012 se
1502 3943 1571 3997 ne
1596 3955 1698 4011 pro
1721 3938 1902 3996 tritico
1923 3941 2096 3995 tribu-

512 4034 594 4089 los
622 4032 729 4107 54
755 4043 810 4089 et
834 4048 937 4104 pro
964 4032 1079 4088 uvis
1101 4032 1282 4103 spinas
1310 4032 1458 4088 edat;
1479 4030 1839 4102 Conqueritur
1855 4028 1885 4068 ἰ
1904 4029 2099 4085 deinde

510 4126 681 4181 amice
709 4126 848 4199 apud
891 4124 1189 4181 Amandum
1231 4123 1375 4196 quod
1414 4124 1631 4179 litteras
1663 4137 1790 4178 suas
1831 4121 2095 4191 Delphina

510 4219 834 4289 exposuerit,
868 4216 964 4274 et1
998 4217 1065 4273 de
1105 4218 1266 4273 variis
1312 4216 1617 4288 iisque'piis
1644 4215 1787 4287 apud
1825 4229 1949 4269 eum
1977 4228 2096 4269 ser-

507 4311 755 4368 monibus
798 4310 1039 4377 disserit,
1082 4311 1276 4381 quibus
1306 4319 1344 4348 ι·
1372 4308 1575 4380 aliquid
1602 4307 1793 4364 deesse
1837 4306 2090 4363 creditur.

509 4405 638 4460 Post
683 4412 911 4460 mortem
959 4402 1274 4467 Theodosii,
1304 4417 1448 4457 anno
1475 4399 1580 4456 395
1605 4400 1691 4455 vel
1732 4398 1855 4470 396,
1886 4397 2094 4454 Medio-

508 4497 614 4552 lani
645 4505 672 4534 η
718 4494 1033 4553 Ambrosius
1082 4496 1336 4568 martyris
1382 4491 1593 4549 Nasarii
1630 4507 1826 4563 corpus
1870 4492 2089 4563 reperit,

507 4600 532 4627 ο
562 4590 765 4659 aliquas
790 4589 858 4646 ad
885 4590 941 4645 S.
976 4588 1254 4644 Paulinum
1301 4586 1555 4656 reliquias

504 4684 595 4753 qui
624 4682 676 4737 id
706 4682 942 4737 muneris
989 4681 1285 4736 humillime
1328 4679 1553 4750 recepit.
1593 4679 1676 4734 Ab
1722 4678 1912 4734 eodem
1952 4676 2092 4733 forte

503 4774 760 4844 quasdam
781 4773 1040 4843 reliquias
1066 4770 1167 4827 SS.
1201 4782 1226 4820 Ρ
1254 4770 1438 4827 Vitalis
1463 4780 1517 4826 et
1532 4771 1813 4842 Agricolae,
1836 4780 1865 4821 τι
1888 4768 2083 4826 Cerva-

502 4868 567 4923 sii
592 4878 806 4939 quoque
836 4876 893 4923 et
919 4863 1170 4932 Protasii,
1201 4868 1497 4935 martyrum
1520 4862 1803 4919 habuerat.

1024 5022 1161 5067 saxo
1197 5020 1404 5060 ensum
1443 4998 1566 5059 397.

572 5121 624 5203 2.
667 5122 724 5177 in
753 5127 945 5192 quarto
988 5118 1230 5174 natalitio
1257 5118 1310 5174 in
1341 5118 1397 5174 S.
1431 5114 1624 5173 Felicis
1662 5116 1874 5173 laudem
1911 5129 1931 5157 ν
1960 5134 2082 5174 ear-

503 5217 663 5279 mine,
694 5212 836 5286 quod
865 5211 932 5267 ad
962 5212 1105 5267 hunc
1129 5227 1325 5265 annum
1346 5210 1649 5277 referimus,
1674 5212 1841 5268 sancti
1863 5214 2083 5282 hujusce

2213 2002 2298 2051 tus
2334 2002 2495 2060 esset,
2527 1995 2657 2050 nihil
2698 1994 2835 2050 ultra
2877 1993 3020 2049 diem
3070 1993 3342 2062 cogitans;
3392 1995 3481 2050 cui
3532 1992 3798 2050 imitando

2211 2089 2468 2158 imparem
2481 2087 2701 2143 omnino
2728 2101 2785 2142 se
2806 2086 3080 2143 censebat.
3106 2086 3307 2142 Deinde
3333 2096 3353 2123 ι
3377 2086 3639 2156 adjungit,
3661 2102 3797 2157 pro-

2211 2178 2351 2236 lecto
2379 2195 2475 2251 per
2494 2179 2699 2249 jocum,
2724 2195 2785 2234 se
2829 2179 3050 2235 credere
3090 2178 3163 2233 ita
3205 2193 3328 2235 eum
3374 2177 3609 2232 futurum
3637 2176 3796 2233 brevi

2208 2287 2521 2345 pauperem,
2569 2282 2630 2329 ut
2676 2272 2897 2329 ulterius
2935 2285 3057 2328 eum
3095 2271 3325 2327 invitare
3370 2286 3478 2327 non
3527 2270 3794 2338 auderet;

2201 2379 2440 2435 eumque
2470 2372 2525 2411 σε
2552 2362 2754 2419 hortuli
2784 2376 2947 2419 causa
2973 2362 3254 2431 reliquisse
3280 2361 3660 2429 Ebromagum.
3690 2360 3794 2418 Vi-

2207 2455 2364 2511 detur
2381 2455 2583 2510 adenm
2601 2453 2759 2509 simul
2777 2452 2836 2492 διι
2855 2453 3063 2509 misisse
3082 2454 3247 2508 vitam
3268 2453 3330 2509 Β.
3353 2453 3589 2522 Martini,
3609 2454 3796 2511 adhuc

2203 2549 2334 2613 vivi,
2364 2562 2393 2602 a
2422 2561 2481 2602 se
2508 2545 2888 2615 conscriptam.
2918 2544 3254 2615 Responsum
3282 2559 3348 2600 ex
3375 2544 3561 2601 Severi
3587 2555 3643 2583 η
3668 2545 3795 2616 pie-

2206 2647 2317 2696 tate
2344 2651 2469 2708 erga
2497 2653 2558 2693 se
2602 2651 2830 2693 exorsus
2863 2644 2944 2692 est
2974 2633 3249 2699 Paulinus,
3291 2644 3347 2691 et
3373 2636 3442 2691 de
3465 2651 3530 2692 ea
3579 2636 3794 2694 fusissi-

2204 2745 2325 2787 mas
2349 2730 2423 2785 illi
2443 2729 2643 2800 gratias
2662 2727 3158 2798 agit.virtutemque
3185 2726 3302 2795 ejus
3320 2728 3378 2764 δά
3399 2728 3579 2783 multis
3588 2727 3798 2784 deinde

2203 2825 2484 2897 pncconiis
2512 2821 2768 2895 praedicat
2790 2822 2843 2877 in
2883 2820 3074 2892 quibus
3102 2820 3313 2876 Martini
3341 2821 3622 2876 historiam
3646 2823 3796 2877 inse-

2202 2919 2292 2976 rit.
2325 2905 2475 2972 Illum
2505 2925 2559 2955 θ’
2590 2915 2735 2971 serio
2763 2914 3040 2985 increpare
3062 2912 3275 2968 videtur
3300 2912 3445 2982 quod
3468 2913 3538 2969 de
3558 2928 3797 2984 pauper.

2202 3019 2313 3067 tate
2342 3011 2555 3065 locutus
2596 3006 2864 3063 inﬁrmum
2898 3022 2957 3061 se
2985 3001 3036 3061 th
3067 3003 3171 3060 iide
3211 3004 3511 3076 et-Cbristo
3539 3004 3797 3061 ἀξιωθη-

2201 3110 2311 3159 tem
2338 3100 2666 3173 prodiderit;
2706 3106 2762 3153 et
2790 3096 2841 3136 η
2873 3097 3153 3169 proﬁtetur
3188 3113 3248 3153 se
3276 3096 3360 3153 vel
3388 3098 3796 3168 pauperrimum

2204 3209 2492 3265 numquam
2524 3192 2754 3247 invitare
2799 3204 2921 3246 eum
2950 3189 3361 3257 destitutorum,
3401 3197 3457 3245 et
3483 3203 3646 3258 quam
3671 3198 3795 3246 stu-

2203 3286 2503 3341 diosissime
2531 3284 2887 3339 hortaturum.
2916 3279 3161 3352 Cumque
3188 3295 3525 3351 nequaquam
3556 3279 3653 3337 Sex
3665 3297 3797 3340 crus

2200 3378 2521 3451 polliceatur
2548 3391 2609 3431 se
2636 3382 2917 3430 venturum
2937 3416 2952 3441 ,
2983 3373 3184 3429 idcirco
3211 3373 3494 3445 epistolam
3520 3373 3796 3431 decimam
3846 3447 3854 3452 -

2201 3469 2484 3541 septimam
2507 3466 2720 3523 nonnisi
2746 3474 2869 3537 post
2886 3465 3024 3521 duos
3046 3464 3589 3525 aunosxollocamus.
3611 3464 3794 3534 Quam

2201 3562 2432 3618 Severus
2460 3558 2518 3613 Β.
2553 3558 2762 3614 Martini
2791 3558 2954 3613 vitam
2982 3556 3290 3628 scripserat,
3309 3555 3422 3627 jam
3450 3572 3571 3613 eam
3600 3559 3795 3616 obser-

2200 3656 2444 3710 vavimus
2483 3653 2701 3708 missam
2729 3649 2798 3706 ad
2840 3641 3121 3729 Paulinum
3140 3690 3156 3716 ,
3186 3651 3281 3723 qui
3310 3660 3367 3701 σε
3404 3651 3550 3708 illam
3579 3654 3794 3724 primus

2203 3748 2428 3804 Romam
2458 3746 2655 3809 attulit,
2685 3748 2737 3802 in
2760 3759 2828 3801 eo
2865 3758 2995 3799 sane
3023 3743 3216 3800 itinere
3245 3744 3391 3814 quod
3417 3744 3560 3801 circa
3589 3745 3792 3804 festum

2200 3845 2298 3903 SS.
2330 3843 2474 3902 Petri
2510 3850 2566 3899 et
2603 3839 2752 3901 Pauli
2800 3841 2988 3896 solitus
3023 3845 3140 3894 erat
3176 3839 3469 3910 suscipere.
3515 3838 3670 3898 Hune
3719 3842 3792 3898 li-

2199 3940 2354 3995 brum
2370 3951 2559 3993 omnes
2572 3934 2773 3991 sitiere.
2806 3931 2939 3986 Eum
2958 3928 3211 3986 Paulinus
3236 3928 3290 3968 δι’
3314 3945 3411 4001 per
3428 3929 3636 3986 italiam
3657 3949 3792 3990 nee-

2200 4048 2308 4087 non
2347 4046 2444 4102 per
2476 4028 2704 4101 Illyriam
2734 4025 3132 4091 disseminavit;
3174 4041 3275 4080 nec
3308 4026 3482 4095 pietas
3508 4025 3628 4095 ejus
3656 4043 3787 4096 erga

2197 4122 2255 4178 S.
2298 4122 2528 4177 Felicem
2568 4119 2751 4189 gloria:
2791 4118 2853 4173 Β.
2896 4116 3109 4175 Martini
3148 4117 3436 4187 quidquam
3486 4119 3785 4190 invidebat,

2198 4214 2325 4286 quin
2365 4214 2527 4270 etiam
2575 4212 2833 4268 infusasa
2866 4210 2977 4266 Deo
3005 4210 3059 4265 in
3115 4210 3349 4266 animam
3397 4210 3573 4269 sancti
3620 4211 3789 4282 hujus

2197 4308 2437 4380 episcopi
2477 4306 2709 4363 virtutes
2737 4304 3022 4379 praeclaras
3051 4304 3300 4375 religiose
3336 4304 3704 4361 venerabatur
3729 4314 3789 4363 et

2196 4401 2509 4458 mirabatur.

2757 4509 2937 4567 CAPU
2945 4510 2987 4567 Τ
3024 4508 3214 4565 XXXI.

1599 4585 2089 4695 ξ’ξθτίθηξφτξῗιζ
2121 4628 2171 4689 D
2274 4627 2391 4683 Vim
2418 4626 2623 4682 cuidam
2648 4625 2974 4695 sanctissimo
3003 4623 3296 4695 presbytero
3330 4623 3536 4678 illatam
3564 4638 3688 4680 arce
3730 4690 3733 4693 η

2842 4694 3116 4751 Paulinus.
3142 4749 3148 4755 .

2263 4842 2369 4914 55
2412 4842 2460 4896 l.
2511 4839 2626 4896 Hoc
2667 4854 2811 4894 anno
2858 4836 3159 4910 ponendam
3200 4839 3452 4896 duximus
3489 4839 3784 4910 epistolam

2190 4934 2564 4992 duodecimam
2592 4932 2662 4988 ob
2690 4946 2905 4988 catenam
2942 4930 3217 5001 cujusdam
3239 4932 3547 5008 presbyteri
3574 4932 3645 4988 de
3673 4948 3786 5004 qua

2197 5027 2210 5067 ί
2229 5030 2242 5066 ί
2264 5028 2363 5083 sub
2376 5025 2533 5082 linem
2552 5028 2745 5095 agitur.
2771 5025 3026 5096 Inscripta
3048 5033 3131 5080 est
3151 5025 3577 5095 Amantio,un
3594 5026 3610 5077 i
3629 5038 3643 5075 t
3664 5026 3786 5097 epi-

2187 5121 2444 5175 stularum
2475 5118 2681 5174 Paulini
2719 5132 2979 5186 numnam
3019 5116 3241 5172 otl'endit
3267 5117 3577 5188 prolixitas;
3610 5118 3783 5175 immo

2187 5230 2355 5279 novas
2383 5222 2437 5268 et
2463 5213 2750 5282 ampliores
2780 5211 2870 5266 ille
2897 5211 3207 5282 postulavit,
3232 5210 3387 5282 cujus
3418 5218 3478 5266 ut
3506 5212 3782 5268 desiderio

499 5307 826 5367 conifessoris
870 5304 1036 5360 refert
1082 5304 1319 5358 historia:
1364 5304 1677 5375 primordia,
1727 5304 1887 5375 idque
1921 5318 1942 5344 ἰ
1971 5324 2081 5365 non
2185 5302 2538 5367 satisfaceret,
2569 5305 2707 5359 hanc
2733 5303 2783 5358 ei
2812 5302 3156 5373 prolixiorem
3178 5303 3372 5359 ceteris
3396 5303 3608 5374 scripsit
3638 5301 3783 5360 Pan-

573 5455 594 5477 ἐ
629 5440 761 5510 Aug.
795 5457 881 5511 ep.
911 5437 1031 5505 H9,
1067 5456 1119 5494 n.
1165 5438 1201 5493 2
1225 5447 1279 5495 et
1306 5438 1394 5493 ΞΗ.
1470 5434 1652 5507 bCap.
1686 5433 1771 5499 16,
1806 5450 1859 5491 n.
1888 5437 1942 5494 2.
2023 5450 2046 5482 ε
2074 5439 2103 5495 P

581 5513 689 5568 bid.
720 5520 776 5567 et
802 5528 888 5579 ep.
924 5510 1009 5575 l0,
1042 5528 1094 5565 ιι.
1124 5510 1173 5567 1.
1257 5509 1400 5579 (Ep.
1434 5506 1490 5575 9,
1520 5524 1574 5563 η.
1607 5508 1659 5561 4.
1680 5518 1771 5579 At;
1805 5507 1939 5565 Ibid.
2016 5510 2043 5550 ¹³
2074 5512 2103 5568 ll

2207 5437 2548 5564 in.iep:.‘9'eot
2569 5434 2657 5561 1:,
2685 5447 2774 5560 rp.
2807 5435 2959 5577 ljﬂEept
3148 5434 3181 5562 ,εἰ
3208 5435 3419 5563 1³1³Ἦέηὸ
3439 5451 3541 5546 epir
3642 5440 3777 5564 n.

2391 5527 2443 5579 ι.
2528 5545 2863 5579 d._._.__‘
2958 5548 2971 5561 .
3102 5549 3116 5573 ,
3190 5548 3204 5562 .
3386 5543 3437 5579 Δ...
3564 5527 3675 5579 _p.
3758 5555 3777 5573 .

504 5530 524 5551 ι·
557 5513 689 5568 una.
716 5506 776 5567 ei
802 5506 888 5580 e'p.
924 5510 1009 5575 l0,
1042 5510 1211 5581 ut.“
1257 5509 1405 5581 (Ep.
1428 5506 1574 5581 9,9.
1602 5506 1775 5581 tua:
1805 5507 1939 5565 ibid.
2016 5510 2206 5569 bibis.
2293 5510 2304 5548 ί

498 5602 551 5639 ιἰ.
584 5585 633 5638 1.
716 5582 730 5620 ³
770 5576 920 5641 Ibid.
953 5599 1007 5635 η.
1039 5579 1074 5636 9.
1098 5590 1151 5637 et
1181 5579 1232 5637 5.
1310 5576 1554 5636 m'Chil'li.
1589 5594 1640 5649 p.
1672 5576 1803 5650 $85;
1830 5586 1885 5634 et
1913 5581 2046 5638 Diss.
2080 5582 2131 5650 i,
2166 5590 2266 5637 art.
2303 5580 2387 5633 10.

497 5671 663 5710 carm.
686 5653 771 5720 Ἡ,
803 5670 854 5705 v.
889 5652 1008 5707 436.
1087 5665 1111 5701 ιι
1138 5652 1268 5707 Ibid.
1297 5693 1311 5716 ,
1340 5668 1393 5706 v.
1425 5650 1547 5704 452.
1591 5647 1648 5704 λι
1685 5647 1781 5720 Ep.
1813 5650 1911 5719 52,
1942 5670 1998 5707 n.
2030 5654 2120 5710 i7.

1311 5732 1331 5761 ι
1368 5723 1532 5785 lbid.,
1583 5739 1635 5775 n.
1675 5722 1728 5774 6.
1801 5731 1829 5769 5
1856 5721 2014 5790 lbid.,
2044 5742 2100 5781 η.
2134 5723 2222 5778 12.

1742 5791 1969 5863 "tua,
1994 5788 2046 5851 ll.
2072 5795 2097 5848 ι

2207 5804 2222 5849 t
2254 5792 2335 5847 l5.
2385 5790 2433 5830 τί
2467 5789 2703 5855 Ιὺίι1.,.η.
2734 5789 2864 5843 lbet
2886 5788 2963 5844 iri.
3006 5801 3061 5839 κς
3089 5791 3274 5847 Sever.
3299 5788 3496 5863 dialog.
3537 5788 3581 5857 l.
3614 5791 3771 5849 ωδ.

1078 5866 1124 5905 ii
1154 5866 1321 5927 Epist.
1360 5864 1438 5923 1‘2.
1470 5882 1523 5918 n.
1553 5863 1637 5917 il.
1720 5863 1763 5911 ii
1801 5862 1954 5926 Ibid,
1989 5882 2043 5919 η.
2078 5865 2128 5919 1.

499 5726 645 5795 "Ep.
701 5725 790 5794 ii,
839 5742 892 5780 n.
924 5725 973 5779 ιι.
1054 5722 1232 5779 'lbid.
1311 5732 1331 5761 ι
1368 5723 1532 5785 lbid.,
1583 5739 1635 5775 n.

504 5809 555 5836 τε
585 5792 737 5859 lbid.,
770 5813 823 5851 n.
858 5797 881 5849 l
914 5807 967 5849 et
993 5793 1044 5848 4.
1085 5793 1316 5858 “Ibid,
1348 5811 1400 5848 n.
1436 5791 1467 5845 5
1493 5799 1549 5847 et
1578 5792 1659 5845 ii.

499 5867 555 5905 ιιι·
587 5869 719 5923 Dial.
753 5868 806 5925 5.
837 5884 884 5923 ε.
905 5866 995 5920 ‘20.

2429 5550 2443 5562 .
2478 5507 2649 5581 ειμι.
2678 5506 2782 5581 3.“
2818 5506 2971 5581 i‘Ep.
3019 5507 3262 5581 lO,n.l
3304 5517 3356 5563 et
3384 5508 3437 5581 2..
3475 5506 3490 5509 “
3517 5506 3777 5581 [Εμξλ

2463 5588 2489 5615 ιι
2525 5577 2640 5632 Vita
2667 5572 2803 5632 Gell.
2838 5572 3087 5634 Ambros.
3116 5579 3154 5634 l.
3184 5595 3257 5642 Ix.
3289 5594 3341 5635 c.
3376 5577 3426 5633 ί.
3504 5589 3530 5615 ο
3561 5572 3775 5637 Paulin.

2650 5656 2670 5683 ³
2716 5643 2869 5713 lbid.,
2908 5664 2963 5702 v.
2997 5650 3085 5705 50.
3167 5653 3182 5686 ι
3215 5647 3396 5704 Carm.
3450 5648 3554 5713 lli,
3586 5668 3640 5707 v.
3683 5652 3770 5707 17.

2794 5728 2850 5757 ολ
2881 5715 3037 5789 ibid,
3064 5738 3117 5776 u.
3150 5719 3236 5773 41.
3314 5718 3562 5789 l“Illud”
3596 5739 3651 5777 η,
3684 5723 3771 5778 il.

2202 5664 2220 5691 ν
2251 5651 2429 5707 Carm.
2483 5648 2570 5703 i5.

2302 5732 2323 5758 π
2355 5721 2509 5783 ΙὶὶίιΙη
2544 5736 2597 5773 tt.
2632 5714 2714 5773 15.
