  <div class='ocr_page' id='page_1' title='image "/cluster/home/n/w/nwhite01/storage/ocr_20150623/61/umn.31951002477354t/048.png"; bbox 0 0 4000 6408; ppageno 0'>
   <div class='ocr_carea' id='block_1_1' title="bbox 195 397 1841 478">
    <p class='ocr_par' dir='ltr' id='par_1_1' title="bbox 195 414 1841 477">
     <span class='ocr_line' id='line_1_1' title="bbox 195 414 1841 477; baseline 0.001 -1"><span class='ocrx_word' id='word_1_1' title='bbox 195 414 255 465; x_wconf 81' lang='grc' dir='ltr'>η</span> <span class='ocrx_word' id='word_1_2' title='bbox 1572 421 1841 477; x_wconf 62' lang='lat' dir='ltr'><strong>mortem</strong></span> 
     </span>
    </p>
   </div>
   <div class='ocr_carea' id='block_1_2' title="bbox 1917 397 3527 478">
    <p class='ocr_par' dir='ltr' id='par_1_2' title="bbox 1917 397 3527 478">
     <span class='ocr_line' id='line_1_2' title="bbox 1917 397 3527 478; baseline 0.002 -3"><span class='ocrx_word' id='word_1_3' title='bbox 1917 419 2092 476; x_wconf 79' lang='lat' dir='ltr'><strong>iENA.</strong></span> <span class='ocrx_word' id='word_1_4' title='bbox 2738 404 2741 407; x_wconf 84' lang='grc'><em>’</em></span> <span class='ocrx_word' id='word_1_5' title='bbox 3045 413 3049 417; x_wconf 79' lang='lat'><strong>&#39;</strong></span> <span class='ocrx_word' id='word_1_6' title='bbox 3113 412 3119 417; x_wconf 80' lang='lat'><strong><em>&#39;</em></strong></span> <span class='ocrx_word' id='word_1_7' title='bbox 3435 397 3527 478; x_wconf 68' lang='grc' dir='ltr'><strong>τε</strong></span> 
     </span>
    </p>
   </div>
   <div class='ocr_carea' id='block_1_3' title="bbox 203 513 3557 606">
    <p class='ocr_par' dir='ltr' id='par_1_3' title="bbox 203 513 3557 606">
     <span class='ocr_line' id='line_1_3' title="bbox 203 513 3557 606; baseline 0.003 -25"><span class='ocrx_word' id='word_1_8' title='bbox 203 542 318 595; x_wconf 85' lang='lat' dir='ltr'><strong>nus,</strong></span> <span class='ocrx_word' id='word_1_9' title='bbox 344 535 369 564; x_wconf 74' lang='grc' dir='ltr'><strong>ι</strong></span> <span class='ocrx_word' id='word_1_10' title='bbox 392 526 450 583; x_wconf 89' lang='lat' dir='ltr'><strong>in</strong></span> <span class='ocrx_word' id='word_1_11' title='bbox 472 542 586 599; x_wconf 87' lang='lat' dir='ltr'><strong>qua</strong></span> <span class='ocrx_word' id='word_1_12' title='bbox 611 530 904 603; x_wconf 80' lang='lat' dir='ltr'><strong>eleganter</strong></span> <span class='ocrx_word' id='word_1_13' title='bbox 921 543 1142 606; x_wconf 80' lang='lat' dir='ltr'><strong>exponit</strong></span> <span class='ocrx_word' id='word_1_14' title='bbox 1170 548 1405 605; x_wconf 66' lang='lat' dir='ltr'><strong>iniquam</strong></span> <span class='ocrx_word' id='word_1_15' title='bbox 1430 534 1804 604; x_wconf 73' lang='lat' dir='ltr'><strong>humilitatem,</strong></span> <span class='ocrx_word' id='word_1_16' title='bbox 1838 542 1882 596; x_wconf 81' lang='grc' dir='ltr'><strong>Α</strong></span> <span class='ocrx_word' id='word_1_17' title='bbox 1914 550 2030 589; x_wconf 91' lang='lat' dir='ltr'><strong>rum</strong></span> <span class='ocrx_word' id='word_1_18' title='bbox 2059 534 2219 589; x_wconf 87' lang='lat' dir='ltr'><strong>etiam</strong></span> <span class='ocrx_word' id='word_1_19' title='bbox 2259 548 2355 603; x_wconf 90' lang='lat' dir='ltr'><strong>pro</strong></span> <span class='ocrx_word' id='word_1_20' title='bbox 2385 534 2501 603; x_wconf 80' lang='lat' dir='ltr'><strong>ipso</strong></span> <span class='ocrx_word' id='word_1_21' title='bbox 2528 533 2681 587; x_wconf 67' lang='lat' dir='ltr'><strong>honre</strong></span> <span class='ocrx_word' id='word_1_22' title='bbox 2721 532 3008 588; x_wconf 77' lang='lat' dir='ltr'><strong>voluntatis</strong></span> <span class='ocrx_word' id='word_1_23' title='bbox 3047 532 3241 590; x_wconf 78' lang='lat' dir='ltr'><strong>all‘ertu</strong></span> <span class='ocrx_word' id='word_1_24' title='bbox 3288 535 3497 592; x_wconf 85' lang='lat' dir='ltr'><strong>malue-</strong></span> <span class='ocrx_word' id='word_1_25' title='bbox 3553 513 3557 516; x_wconf 15' lang='grc' dir='ltr'>ν</span> 
     </span>
    </p>
   </div>
   <div class='ocr_carea' id='block_1_4' title="bbox 208 624 1806 695">
    <p class='ocr_par' dir='ltr' id='par_1_4' title="bbox 208 624 1806 695">
     <span class='ocr_line' id='line_1_4' title="bbox 208 624 1806 695; baseline 0.004 -21"><span class='ocrx_word' id='word_1_26' title='bbox 208 629 262 675; x_wconf 86' lang='lat' dir='ltr'><strong>et</strong></span> <span class='ocrx_word' id='word_1_27' title='bbox 302 629 544 676; x_wconf 85' lang='lat' dir='ltr'><strong>sanctam</strong></span> <span class='ocrx_word' id='word_1_28' title='bbox 586 624 908 695; x_wconf 84' lang='lat' dir='ltr'><strong>superbiam</strong></span> <span class='ocrx_word' id='word_1_29' title='bbox 949 641 979 680; x_wconf 88' lang='lat' dir='ltr'><strong>a</strong></span> <span class='ocrx_word' id='word_1_30' title='bbox 1009 626 1175 682; x_wconf 86' lang='lat' dir='ltr'><strong>seculi</strong></span> <span class='ocrx_word' id='word_1_31' title='bbox 1204 625 1530 681; x_wconf 72' lang='lat' dir='ltr'><strong>vanitatibus</strong></span> <span class='ocrx_word' id='word_1_32' title='bbox 1558 627 1806 694; x_wconf 81' lang='lat' dir='ltr'><strong>liberam,</strong></span> 
     </span>
    </p>
   </div>
   <div class='ocr_carea' id='block_1_5' title="bbox 212 704 1811 798">
    <p class='ocr_par' dir='ltr' id='par_1_5' title="bbox 212 704 1811 798">
     <span class='ocr_line' id='line_1_5' title="bbox 212 704 1811 798; baseline 0.003 -28"><span class='ocrx_word' id='word_1_33' title='bbox 212 722 265 798; x_wconf 78' lang='lat' dir='ltr'><strong>et</strong></span> <span class='ocrx_word' id='word_1_34' title='bbox 291 704 570 787; x_wconf 60' lang='grc' dir='ltr'>ιιι-ωαξΡὼ</span> <span class='ocrx_word' id='word_1_35' title='bbox 604 716 912 786; x_wconf 86' lang='lat' dir='ltr'><strong>subjectam</strong></span> <span class='ocrx_word' id='word_1_36' title='bbox 938 717 1149 774; x_wconf 80' lang='lat' dir='ltr'><strong>divinis.</strong></span> <span class='ocrx_word' id='word_1_37' title='bbox 1183 716 1212 757; x_wconf 69' lang='grc' dir='ltr'>ιο</span> <span class='ocrx_word' id='word_1_38' title='bbox 1243 717 1479 774; x_wconf 75' lang='lat' dir='ltr'><strong>Portitor</strong></span> <span class='ocrx_word' id='word_1_39' title='bbox 1508 718 1665 788; x_wconf 93' lang='lat' dir='ltr'><strong>hujus</strong></span> <span class='ocrx_word' id='word_1_40' title='bbox 1691 721 1811 791; x_wconf 66' lang='lat' dir='ltr'><strong>epi-</strong></span> 
     </span>
    </p>
   </div>
   <div class='ocr_carea' id='block_1_6' title="bbox 213 806 1811 882">
    <p class='ocr_par' dir='ltr' id='par_1_6' title="bbox 213 806 1811 882">
     <span class='ocr_line' id='line_1_6' title="bbox 213 806 1811 882; baseline 0.005 -21"><span class='ocrx_word' id='word_1_41' title='bbox 213 806 363 862; x_wconf 79' lang='lat' dir='ltr'><strong>stola:</strong></span> <span class='ocrx_word' id='word_1_42' title='bbox 391 806 490 862; x_wconf 79' lang='lat' dir='ltr'><strong>fuit</strong></span> <span class='ocrx_word' id='word_1_43' title='bbox 526 807 887 868; x_wconf 88' lang='lat' dir='ltr'><strong>Sanemarius</strong></span> <span class='ocrx_word' id='word_1_44' title='bbox 911 827 1069 882; x_wconf 89' lang='lat' dir='ltr'><strong>quem</strong></span> <span class='ocrx_word' id='word_1_45' title='bbox 1099 827 1164 867; x_wconf 80' lang='lat' dir='ltr'><strong>ex</strong></span> <span class='ocrx_word' id='word_1_46' title='bbox 1194 827 1355 867; x_wconf 90' lang='lat' dir='ltr'><strong>servo</strong></span> <span class='ocrx_word' id='word_1_47' title='bbox 1384 812 1635 868; x_wconf 89' lang='lat' dir='ltr'><strong>libertum</strong></span> <span class='ocrx_word' id='word_1_48' title='bbox 1666 812 1811 869; x_wconf 79' lang='lat' dir='ltr'><strong>fece-</strong></span> 
     </span>
    </p>
   </div>
   <div class='ocr_carea' id='block_1_7' title="bbox 213 894 1815 970">
    <p class='ocr_par' dir='ltr' id='par_1_7' title="bbox 213 894 1815 970">
     <span class='ocr_line' id='line_1_7' title="bbox 213 894 1815 970; baseline 0.003 -18"><span class='ocrx_word' id='word_1_49' title='bbox 213 894 297 952; x_wconf 84' lang='lat' dir='ltr'><strong>rat</strong></span> <span class='ocrx_word' id='word_1_50' title='bbox 322 895 598 964; x_wconf 81' lang='lat' dir='ltr'><strong>Paulinus,</strong></span> <span class='ocrx_word' id='word_1_51' title='bbox 628 908 694 955; x_wconf 91' lang='lat' dir='ltr'><strong>ut</strong></span> <span class='ocrx_word' id='word_1_52' title='bbox 720 901 824 956; x_wconf 86' lang='lat' dir='ltr'><strong>sub</strong></span> <span class='ocrx_word' id='word_1_53' title='bbox 851 900 1106 958; x_wconf 69' lang='lat' dir='ltr'><strong>Ecclesiae</strong></span> <span class='ocrx_word' id='word_1_54' title='bbox 1133 901 1547 970; x_wconf 85' lang='lat' dir='ltr'><strong>Burdegalensis</strong></span> <span class='ocrx_word' id='word_1_55' title='bbox 1578 902 1815 958; x_wconf 89' lang='lat' dir='ltr'><strong>auctori-</strong></span> 
     </span>
    </p>
   </div>
   <div class='ocr_carea' id='block_1_8' title="bbox 213 987 1811 1067">
    <p class='ocr_par' dir='ltr' id='par_1_8' title="bbox 213 987 1811 1067">
     <span class='ocr_line' id='line_1_8' title="bbox 213 987 1811 1067; baseline 0.001 -22"><span class='ocrx_word' id='word_1_56' title='bbox 213 996 323 1045; x_wconf 76' lang='lat' dir='ltr'><strong>tate</strong></span> <span class='ocrx_word' id='word_1_57' title='bbox 348 987 404 1042; x_wconf 90' lang='lat' dir='ltr'><strong>in</strong></span> <span class='ocrx_word' id='word_1_58' title='bbox 432 987 595 1045; x_wconf 87' lang='lat' dir='ltr'><strong>domo</strong></span> <span class='ocrx_word' id='word_1_59' title='bbox 637 989 853 1047; x_wconf 87' lang='lat' dir='ltr'><strong>Domini</strong></span> <span class='ocrx_word' id='word_1_60' title='bbox 880 991 1108 1047; x_wconf 78' lang='lat' dir='ltr'><strong>serviret</strong></span> <span class='ocrx_word' id='word_1_61' title='bbox 1134 991 1394 1061; x_wconf 86' lang='lat' dir='ltr'><strong>delegatis</strong></span> <span class='ocrx_word' id='word_1_62' title='bbox 1417 991 1486 1046; x_wconf 91' lang='lat' dir='ltr'><strong>ad</strong></span> <span class='ocrx_word' id='word_1_63' title='bbox 1527 1001 1811 1067; x_wconf 86' lang='lat' dir='ltr'><strong>parentum</strong></span> 
     </span>
    </p>
   </div>
   <div class='ocr_carea' id='block_1_9' title="bbox 192 1078 1815 1156">
    <p class='ocr_par' dir='ltr' id='par_1_9' title="bbox 192 1078 1815 1156">
     <span class='ocr_line' id='line_1_9' title="bbox 192 1078 1815 1156; baseline 0.006 -24"><span class='ocrx_word' id='word_1_64' title='bbox 192 1078 381 1150; x_wconf 82' lang='lat' dir='ltr'><strong>ipsius</strong></span> <span class='ocrx_word' id='word_1_65' title='bbox 404 1083 729 1137; x_wconf 82' lang='lat' dir='ltr'><strong>memoriam</strong></span> <span class='ocrx_word' id='word_1_66' title='bbox 750 1082 1044 1155; x_wconf 76' lang='lat' dir='ltr'><strong>obsequiis.</strong></span> <span class='ocrx_word' id='word_1_67' title='bbox 1064 1094 1094 1125; x_wconf 63' lang='grc' dir='ltr'><em>ε</em></span> <span class='ocrx_word' id='word_1_68' title='bbox 1118 1084 1355 1139; x_wconf 82' lang='lat' dir='ltr'><strong>Alteram</strong></span> <span class='ocrx_word' id='word_1_69' title='bbox 1380 1085 1594 1156; x_wconf 84' lang='lat' dir='ltr'><strong>scripsit</strong></span> <span class='ocrx_word' id='word_1_70' title='bbox 1618 1100 1723 1141; x_wconf 90' lang='lat' dir='ltr'><strong>una</strong></span> <span class='ocrx_word' id='word_1_71' title='bbox 1744 1084 1815 1142; x_wconf 88' lang='lat' dir='ltr'><strong>ad</strong></span> 
     </span>
    </p>
   </div>
   <div class='ocr_carea' id='block_1_10' title="bbox 210 1170 1815 1247">
    <p class='ocr_par' dir='ltr' id='par_1_10' title="bbox 210 1170 1815 1247">
     <span class='ocr_line' id='line_1_10' title="bbox 210 1170 1815 1247; baseline 0.005 -22"><span class='ocrx_word' id='word_1_72' title='bbox 210 1170 535 1241; x_wconf 84' lang='lat' dir='ltr'><strong>Delphinum</strong></span> <span class='ocrx_word' id='word_1_73' title='bbox 552 1212 569 1238; x_wconf 93' lang='lat'><strong>,</strong></span> <span class='ocrx_word' id='word_1_74' title='bbox 597 1184 720 1243; x_wconf 70' lang='lat' dir='ltr'><strong>qua:</strong></span> <span class='ocrx_word' id='word_1_75' title='bbox 748 1172 927 1245; x_wconf 81' lang='lat' dir='ltr'><strong>periit.</strong></span> <span class='ocrx_word' id='word_1_76' title='bbox 962 1174 1085 1244; x_wconf 81' lang='lat' dir='ltr'><strong>Agit</strong></span> <span class='ocrx_word' id='word_1_77' title='bbox 1112 1175 1257 1247; x_wconf 88' lang='lat' dir='ltr'><strong>apud</strong></span> <span class='ocrx_word' id='word_1_78' title='bbox 1284 1176 1582 1232; x_wconf 82' lang='lat' dir='ltr'><strong>Amandum</strong></span> <span class='ocrx_word' id='word_1_79' title='bbox 1602 1185 1663 1231; x_wconf 90' lang='lat' dir='ltr'><strong>ut</strong></span> <span class='ocrx_word' id='word_1_80' title='bbox 1688 1191 1815 1234; x_wconf 83' lang='lat' dir='ltr'><strong>sau-</strong></span> 
     </span>
    </p>
   </div>
   <div class='ocr_carea' id='block_1_11' title="bbox 207 1258 1813 1337">
    <p class='ocr_par' dir='ltr' id='par_1_11' title="bbox 207 1258 1813 1337">
     <span class='ocr_line' id='line_1_11' title="bbox 207 1258 1813 1337; baseline 0.006 -20"><span class='ocrx_word' id='word_1_81' title='bbox 207 1258 612 1336; x_wconf 65' lang='lat' dir='ltr'><strong>cti‘presbyteri</strong></span> <span class='ocrx_word' id='word_1_82' title='bbox 635 1264 921 1337; x_wconf 80' lang='lat' dir='ltr'><strong>Exsuperii</strong></span> <span class='ocrx_word' id='word_1_83' title='bbox 947 1278 1111 1337; x_wconf 90' lang='lat' dir='ltr'><strong>opera</strong></span> <span class='ocrx_word' id='word_1_84' title='bbox 1137 1268 1190 1323; x_wconf 93' lang='lat' dir='ltr'><strong>in</strong></span> <span class='ocrx_word' id='word_1_85' title='bbox 1216 1266 1470 1324; x_wconf 76' lang='lat' dir='ltr'><strong>Ecclesia:</strong></span> <span class='ocrx_word' id='word_1_86' title='bbox 1486 1284 1611 1325; x_wconf 82' lang='lat' dir='ltr'><strong>casa</strong></span> <span class='ocrx_word' id='word_1_87' title='bbox 1637 1276 1813 1325; x_wconf 79' lang='lat' dir='ltr'><strong>terru-</strong></span> 
     </span>
    </p>
   </div>
   <div class='ocr_carea' id='block_1_12' title="bbox 210 1353 1812 1431">
    <p class='ocr_par' dir='ltr' id='par_1_12' title="bbox 210 1353 1812 1431">
     <span class='ocr_line' id='line_1_12' title="bbox 210 1353 1812 1431; baseline 0.006 -23"><span class='ocrx_word' id='word_1_88' title='bbox 210 1354 319 1408; x_wconf 87' lang='lat' dir='ltr'><strong>lam</strong></span> <span class='ocrx_word' id='word_1_89' title='bbox 349 1353 737 1426; x_wconf 84' lang='lat' dir='ltr'><strong>Sancmarius,</strong></span> <span class='ocrx_word' id='word_1_90' title='bbox 766 1372 875 1430; x_wconf 89' lang='lat' dir='ltr'><strong>qua</strong></span> <span class='ocrx_word' id='word_1_91' title='bbox 915 1359 1118 1414; x_wconf 87' lang='lat' dir='ltr'><strong>victum</strong></span> <span class='ocrx_word' id='word_1_92' title='bbox 1164 1375 1318 1416; x_wconf 89' lang='lat' dir='ltr'><strong>suum</strong></span> <span class='ocrx_word' id='word_1_93' title='bbox 1362 1369 1633 1431; x_wconf 84' lang='lat' dir='ltr'><strong>procuret,</strong></span> <span class='ocrx_word' id='word_1_94' title='bbox 1666 1361 1812 1418; x_wconf 89' lang='lat' dir='ltr'><strong>acci-</strong></span> 
     </span>
    </p>
   </div>
   <div class='ocr_carea' id='block_1_13' title="bbox 209 1445 1812 1521">
    <p class='ocr_par' dir='ltr' id='par_1_13' title="bbox 209 1445 1812 1521">
     <span class='ocr_line' id='line_1_13' title="bbox 209 1445 1812 1521; baseline 0.007 -23"><span class='ocrx_word' id='word_1_95' title='bbox 209 1448 342 1517; x_wconf 82' lang='lat' dir='ltr'><strong>piat.</strong></span> <span class='ocrx_word' id='word_1_96' title='bbox 377 1445 545 1503; x_wconf 83' lang='lat' dir='ltr'><strong>Forte</strong></span> <span class='ocrx_word' id='word_1_97' title='bbox 572 1463 605 1502; x_wconf 89' lang='lat' dir='ltr'><strong>a</strong></span> <span class='ocrx_word' id='word_1_98' title='bbox 632 1457 824 1507; x_wconf 86' lang='lat' dir='ltr'><strong>sancto</strong></span> <span class='ocrx_word' id='word_1_99' title='bbox 853 1448 1079 1507; x_wconf 91' lang='lat' dir='ltr'><strong>Paulino</strong></span> <span class='ocrx_word' id='word_1_100' title='bbox 1107 1465 1236 1521; x_wconf 88' lang='lat' dir='ltr'><strong>ager</strong></span> <span class='ocrx_word' id='word_1_101' title='bbox 1263 1451 1352 1507; x_wconf 93' lang='lat' dir='ltr'><strong>ille</strong></span> <span class='ocrx_word' id='word_1_102' title='bbox 1377 1468 1667 1509; x_wconf 89' lang='lat' dir='ltr'><strong>concessus</strong></span> <span class='ocrx_word' id='word_1_103' title='bbox 1694 1453 1812 1510; x_wconf 82' lang='lat' dir='ltr'><strong>fue-</strong></span> 
     </span>
    </p>
   </div>
   <div class='ocr_carea' id='block_1_14' title="bbox 208 1537 1814 1617">
    <p class='ocr_par' dir='ltr' id='par_1_14' title="bbox 208 1537 1814 1617">
     <span class='ocr_line' id='line_1_14' title="bbox 208 1537 1814 1617; baseline 0.007 -27"><span class='ocrx_word' id='word_1_104' title='bbox 208 1544 297 1590; x_wconf 89' lang='lat' dir='ltr'><strong>rat</strong></span> <span class='ocrx_word' id='word_1_105' title='bbox 321 1537 575 1617; x_wconf 73' lang='lat' dir='ltr'><strong>ecclesia:</strong></span> <span class='ocrx_word' id='word_1_106' title='bbox 611 1539 668 1594; x_wconf 92' lang='lat' dir='ltr'><strong>in</strong></span> <span class='ocrx_word' id='word_1_107' title='bbox 694 1554 800 1610; x_wconf 91' lang='lat' dir='ltr'><strong>qua</strong></span> <span class='ocrx_word' id='word_1_108' title='bbox 830 1549 1085 1611; x_wconf 88' lang='lat' dir='ltr'><strong>parentes</strong></span> <span class='ocrx_word' id='word_1_109' title='bbox 1111 1542 1315 1597; x_wconf 89' lang='lat' dir='ltr'><strong>bumati</strong></span> <span class='ocrx_word' id='word_1_110' title='bbox 1341 1553 1528 1612; x_wconf 89' lang='lat' dir='ltr'><strong>erant,</strong></span> <span class='ocrx_word' id='word_1_111' title='bbox 1574 1554 1629 1599; x_wconf 91' lang='lat' dir='ltr'><strong>et</strong></span> <span class='ocrx_word' id='word_1_112' title='bbox 1660 1543 1814 1613; x_wconf 88' lang='lat' dir='ltr'><strong>cujus</strong></span> 
     </span>
    </p>
   </div>
   <div class='ocr_carea' id='block_1_15' title="bbox 209 1627 1813 1710">
    <p class='ocr_par' dir='ltr' id='par_1_15' title="bbox 209 1627 1813 1710">
     <span class='ocr_line' id='line_1_15' title="bbox 209 1627 1813 1710; baseline 0.007 -29"><span class='ocrx_word' id='word_1_113' title='bbox 209 1627 461 1710; x_wconf 78' lang='lat' dir='ltr'><strong>regimini</strong></span> <span class='ocrx_word' id='word_1_114' title='bbox 491 1628 777 1698; x_wconf 54' lang='lat' dir='ltr'><strong>praefectus</strong></span> <span class='ocrx_word' id='word_1_115' title='bbox 805 1638 924 1687; x_wconf 88' lang='lat' dir='ltr'><strong>erat</strong></span> <span class='ocrx_word' id='word_1_116' title='bbox 948 1630 1307 1703; x_wconf 78' lang='lat' dir='ltr'><strong>Exsuperius,</strong></span> <span class='ocrx_word' id='word_1_117' title='bbox 1337 1635 1427 1704; x_wconf 88' lang='lat' dir='ltr'><strong>qui</strong></span> <span class='ocrx_word' id='word_1_118' title='bbox 1458 1649 1681 1705; x_wconf 89' lang='lat' dir='ltr'><strong>magnus</strong></span> <span class='ocrx_word' id='word_1_119' title='bbox 1721 1636 1813 1693; x_wconf 89' lang='lat' dir='ltr'><strong>ille</strong></span> 
     </span>
    </p>
   </div>
   <div class='ocr_carea' id='block_1_16' title="bbox 209 1715 1809 1792">
    <p class='ocr_par' dir='ltr' id='par_1_16' title="bbox 209 1715 1809 1792">
     <span class='ocr_line' id='line_1_16' title="bbox 209 1715 1809 1792; baseline 0.006 -21"><span class='ocrx_word' id='word_1_120' title='bbox 209 1717 293 1772; x_wconf 89' lang='lat' dir='ltr'><strong>vir</strong></span> <span class='ocrx_word' id='word_1_121' title='bbox 321 1715 348 1755; x_wconf 75' lang='grc' dir='ltr'><strong><em>ἀ</em></strong></span> <span class='ocrx_word' id='word_1_122' title='bbox 381 1725 575 1789; x_wconf 88' lang='lat' dir='ltr'><strong>postea</strong></span> <span class='ocrx_word' id='word_1_123' title='bbox 605 1720 892 1792; x_wconf 86' lang='lat' dir='ltr'><strong>episcopus</strong></span> <span class='ocrx_word' id='word_1_124' title='bbox 918 1720 1217 1780; x_wconf 83' lang='lat' dir='ltr'><strong>Tolosanns</strong></span> <span class='ocrx_word' id='word_1_125' title='bbox 1244 1725 1480 1780; x_wconf 90' lang='lat' dir='ltr'><strong>creditur</strong></span> <span class='ocrx_word' id='word_1_126' title='bbox 1504 1741 1535 1780; x_wconf 88' lang='lat' dir='ltr'><strong>a</strong></span> <span class='ocrx_word' id='word_1_127' title='bbox 1558 1725 1809 1782; x_wconf 86' lang='lat' dir='ltr'><strong>Baronio.</strong></span> 
     </span>
    </p>
   </div>
   <div class='ocr_carea' id='block_1_17' title="bbox 276 1808 1845 1892">
    <p class='ocr_par' dir='ltr' id='par_1_17' title="bbox 276 1808 1845 1892">
     <span class='ocr_line' id='line_1_17' title="bbox 276 1808 1845 1892; baseline 0.008 -28"><span class='ocrx_word' id='word_1_128' title='bbox 276 1808 334 1865; x_wconf 71' lang='lat'><strong>2.</strong></span> <span class='ocrx_word' id='word_1_129' title='bbox 377 1810 506 1880; x_wconf 80' lang='lat' dir='ltr'><strong>Agit</strong></span> <span class='ocrx_word' id='word_1_130' title='bbox 548 1826 768 1882; x_wconf 89' lang='lat' dir='ltr'><strong>quoque</strong></span> <span class='ocrx_word' id='word_1_131' title='bbox 793 1828 917 1869; x_wconf 88' lang='lat' dir='ltr'><strong>cum</strong></span> <span class='ocrx_word' id='word_1_132' title='bbox 960 1815 1209 1872; x_wconf 83' lang='lat' dir='ltr'><strong>Amando</strong></span> <span class='ocrx_word' id='word_1_133' title='bbox 1237 1814 1495 1875; x_wconf 81' lang='lat' dir='ltr'><strong>Paulinus</strong></span> <span class='ocrx_word' id='word_1_134' title='bbox 1520 1828 1543 1856; x_wconf 73' lang='grc'><strong>⁸</strong></span> <span class='ocrx_word' id='word_1_135' title='bbox 1572 1818 1640 1874; x_wconf 90' lang='lat' dir='ltr'><strong>de</strong></span> <span class='ocrx_word' id='word_1_136' title='bbox 1676 1836 1814 1892; x_wconf 91' lang='lat' dir='ltr'><strong>quo-</strong></span> <span class='ocrx_word' id='word_1_137' title='bbox 1842 1836 1845 1839; x_wconf 53' lang='grc' dir='ltr'><strong><em>λ</em></strong></span> 
     </span>
    </p>
   </div>
   <div class='ocr_carea' id='block_1_18' title="bbox 1915 624 3499 697">
    <p class='ocr_par' dir='ltr' id='par_1_18' title="bbox 1915 624 3499 697">
     <span class='ocr_line' id='line_1_18' title="bbox 1915 624 3499 697; baseline 0.003 -17"><span class='ocrx_word' id='word_1_138' title='bbox 1915 634 2041 681; x_wconf 84' lang='lat' dir='ltr'><strong>runt</strong></span> <span class='ocrx_word' id='word_1_139' title='bbox 2068 624 2244 681; x_wconf 84' lang='lat' dir='ltr'><strong>facere</strong></span> <span class='ocrx_word' id='word_1_140' title='bbox 2286 624 2430 695; x_wconf 89' lang='lat' dir='ltr'><strong>quod</strong></span> <span class='ocrx_word' id='word_1_141' title='bbox 2472 624 2806 694; x_wconf 72' lang='lat' dir='ltr'><strong>expediebat,</strong></span> <span class='ocrx_word' id='word_1_142' title='bbox 2838 639 2999 693; x_wconf 87' lang='lat' dir='ltr'><strong>quam</strong></span> <span class='ocrx_word' id='word_1_143' title='bbox 3025 625 3169 697; x_wconf 87' lang='lat' dir='ltr'><strong>quod</strong></span> <span class='ocrx_word' id='word_1_144' title='bbox 3198 624 3411 691; x_wconf 86' lang='lat' dir='ltr'><strong>licebat,</strong></span> <span class='ocrx_word' id='word_1_145' title='bbox 3441 635 3499 684; x_wconf 89' lang='lat' dir='ltr'><strong>et</strong></span> 
     </span>
    </p>
   </div>
   <div class='ocr_carea' id='block_1_19' title="bbox 1912 714 3499 788">
    <p class='ocr_par' dir='ltr' id='par_1_19' title="bbox 1912 714 3499 788">
     <span class='ocr_line' id='line_1_19' title="bbox 1912 714 3499 788; baseline 0.003 -18"><span class='ocrx_word' id='word_1_146' title='bbox 1912 716 2110 771; x_wconf 83' lang='lat' dir='ltr'><strong>dictam</strong></span> <span class='ocrx_word' id='word_1_147' title='bbox 2137 714 2352 769; x_wconf 88' lang='lat' dir='ltr'><strong>domum</strong></span> <span class='ocrx_word' id='word_1_148' title='bbox 2381 725 2568 769; x_wconf 85' lang='lat' dir='ltr'><strong>sancto</strong></span> <span class='ocrx_word' id='word_1_149' title='bbox 2605 715 2918 787; x_wconf 85' lang='lat' dir='ltr'><strong>presbytero</strong></span> <span class='ocrx_word' id='word_1_150' title='bbox 2937 759 2952 783; x_wconf 93' lang='lat'><strong>,</strong></span> <span class='ocrx_word' id='word_1_151' title='bbox 2983 716 3196 771; x_wconf 86' lang='lat' dir='ltr'><strong>etiamsi</strong></span> <span class='ocrx_word' id='word_1_152' title='bbox 3226 717 3499 788; x_wconf 83' lang='lat' dir='ltr'><strong>propriam</strong></span> 
     </span>
    </p>
   </div>
   <div class='ocr_carea' id='block_1_20' title="bbox 1913 807 3498 879">
    <p class='ocr_par' dir='ltr' id='par_1_20' title="bbox 1913 807 3498 879">
     <span class='ocr_line' id='line_1_20' title="bbox 1913 807 3498 879; baseline 0.002 -17"><span class='ocrx_word' id='word_1_153' title='bbox 1913 823 2023 863; x_wconf 89' lang='lat' dir='ltr'><strong>non</strong></span> <span class='ocrx_word' id='word_1_154' title='bbox 2060 808 2335 879; x_wconf 85' lang='lat' dir='ltr'><strong>probaret,</strong></span> <span class='ocrx_word' id='word_1_155' title='bbox 2377 808 2583 862; x_wconf 87' lang='lat' dir='ltr'><strong>restitui</strong></span> <span class='ocrx_word' id='word_1_156' title='bbox 2628 816 2806 862; x_wconf 88' lang='lat' dir='ltr'><strong>tamen</strong></span> <span class='ocrx_word' id='word_1_157' title='bbox 2840 808 2955 874; x_wconf 82' lang='lat' dir='ltr'><strong>sine</strong></span> <span class='ocrx_word' id='word_1_158' title='bbox 2981 807 3155 876; x_wconf 86' lang='lat' dir='ltr'><strong>aliqua</strong></span> <span class='ocrx_word' id='word_1_159' title='bbox 3185 807 3498 866; x_wconf 85' lang='lat' dir='ltr'><strong>diliicultate</strong></span> 
     </span>
    </p>
   </div>
   <div class='ocr_carea' id='block_1_21' title="bbox 1907 899 3498 971">
    <p class='ocr_par' dir='ltr' id='par_1_21' title="bbox 1907 899 3498 971">
     <span class='ocr_line' id='line_1_21' title="bbox 1907 899 3498 971; baseline 0.003 -18"><span class='ocrx_word' id='word_1_160' title='bbox 1907 899 2201 970; x_wconf 87' lang='lat' dir='ltr'><strong>jusserunt,</strong></span> <span class='ocrx_word' id='word_1_161' title='bbox 2228 909 2286 956; x_wconf 90' lang='lat' dir='ltr'><strong>ut</strong></span> <span class='ocrx_word' id='word_1_162' title='bbox 2315 916 2455 966; x_wconf 91' lang='lat' dir='ltr'><strong>eam,</strong></span> <span class='ocrx_word' id='word_1_163' title='bbox 2485 900 2529 955; x_wconf 91' lang='lat' dir='ltr'><strong>si</strong></span> <span class='ocrx_word' id='word_1_164' title='bbox 2556 901 2623 955; x_wconf 87' lang='lat' dir='ltr'><strong>de</strong></span> <span class='ocrx_word' id='word_1_165' title='bbox 2642 916 2739 956; x_wconf 91' lang='lat' dir='ltr'><strong>suo</strong></span> <span class='ocrx_word' id='word_1_166' title='bbox 2765 899 2885 971; x_wconf 82' lang='lat' dir='ltr'><strong>jure</strong></span> <span class='ocrx_word' id='word_1_167' title='bbox 2914 915 3019 955; x_wconf 88' lang='lat' dir='ltr'><strong>non</strong></span> <span class='ocrx_word' id='word_1_168' title='bbox 3049 909 3248 970; x_wconf 62' lang='lat' dir='ltr'><strong>posset,</strong></span> <span class='ocrx_word' id='word_1_169' title='bbox 3279 900 3347 955; x_wconf 91' lang='lat' dir='ltr'><strong>de</strong></span> <span class='ocrx_word' id='word_1_170' title='bbox 3381 900 3498 958; x_wconf 86' lang='lat' dir='ltr'><strong>illo-</strong></span> 
     </span>
    </p>
   </div>
   <div class='ocr_carea' id='block_1_22' title="bbox 1911 990 3498 1062">
    <p class='ocr_par' dir='ltr' id='par_1_22' title="bbox 1911 990 3498 1062">
     <span class='ocr_line' id='line_1_22' title="bbox 1911 990 3498 1062; baseline 0.001 -16"><span class='ocrx_word' id='word_1_171' title='bbox 1911 1007 2030 1046; x_wconf 90' lang='lat' dir='ltr'><strong>rum</strong></span> <span class='ocrx_word' id='word_1_172' title='bbox 2062 999 2240 1048; x_wconf 87' lang='lat' dir='ltr'><strong>tamen</strong></span> <span class='ocrx_word' id='word_1_173' title='bbox 2265 1006 2488 1047; x_wconf 90' lang='lat' dir='ltr'><strong>munere</strong></span> <span class='ocrx_word' id='word_1_174' title='bbox 2517 992 2831 1062; x_wconf 86' lang='lat' dir='ltr'><strong>possideret.</strong></span> <span class='ocrx_word' id='word_1_175' title='bbox 2857 990 3056 1045; x_wconf 72' lang='lat' dir='ltr'><strong>Lmtum</strong></span> <span class='ocrx_word' id='word_1_176' title='bbox 3097 991 3223 1045; x_wconf 88' lang='lat' dir='ltr'><strong>illud</strong></span> <span class='ocrx_word' id='word_1_177' title='bbox 3254 992 3498 1048; x_wconf 90' lang='lat' dir='ltr'><strong>nuntium</strong></span> 
     </span>
    </p>
   </div>
   <div class='ocr_carea' id='block_1_23' title="bbox 1912 1081 3496 1154">
    <p class='ocr_par' dir='ltr' id='par_1_23' title="bbox 1912 1081 3496 1154">
     <span class='ocr_line' id='line_1_23' title="bbox 1912 1081 3496 1154; baseline -0.001 -17"><span class='ocrx_word' id='word_1_178' title='bbox 1912 1083 2120 1154; x_wconf 87' lang='lat' dir='ltr'><strong>accepit</strong></span> <span class='ocrx_word' id='word_1_179' title='bbox 2148 1082 2400 1138; x_wconf 86' lang='lat' dir='ltr'><strong>Paulinus</strong></span> <span class='ocrx_word' id='word_1_180' title='bbox 2421 1093 2443 1121; x_wconf 69' lang='grc' dir='ltr'><strong>ν</strong></span> <span class='ocrx_word' id='word_1_181' title='bbox 2468 1098 2536 1139; x_wconf 79' lang='lat' dir='ltr'><strong>ex</strong></span> <span class='ocrx_word' id='word_1_182' title='bbox 2558 1083 2748 1139; x_wconf 87' lang='lat' dir='ltr'><strong>litteris</strong></span> <span class='ocrx_word' id='word_1_183' title='bbox 2775 1081 3019 1153; x_wconf 85' lang='lat' dir='ltr'><strong>Delphini</strong></span> <span class='ocrx_word' id='word_1_184' title='bbox 3041 1092 3095 1137; x_wconf 88' lang='lat' dir='ltr'><strong>ct</strong></span> <span class='ocrx_word' id='word_1_185' title='bbox 3115 1082 3364 1152; x_wconf 84' lang='lat' dir='ltr'><strong>Amandi,</strong></span> <span class='ocrx_word' id='word_1_186' title='bbox 3384 1082 3496 1153; x_wconf 90' lang='lat' dir='ltr'><strong>qui,</strong></span> 
     </span>
    </p>
   </div>
   <div class='ocr_carea' id='block_1_24' title="bbox 1913 1174 3499 1247">
    <p class='ocr_par' dir='ltr' id='par_1_24' title="bbox 1913 1174 3499 1247">
     <span class='ocr_line' id='line_1_24' title="bbox 1913 1174 3499 1247; baseline 0 -18"><span class='ocrx_word' id='word_1_187' title='bbox 1913 1182 1974 1231; x_wconf 90' lang='lat' dir='ltr'><strong>ut</strong></span> <span class='ocrx_word' id='word_1_188' title='bbox 2019 1174 2309 1231; x_wconf 84' lang='lat' dir='ltr'><strong>verisimile</strong></span> <span class='ocrx_word' id='word_1_189' title='bbox 2350 1183 2454 1241; x_wconf 87' lang='lat' dir='ltr'><strong>est,</strong></span> <span class='ocrx_word' id='word_1_190' title='bbox 2484 1175 2770 1230; x_wconf 85' lang='lat' dir='ltr'><strong>mittebant</strong></span> <span class='ocrx_word' id='word_1_191' title='bbox 2796 1175 2846 1231; x_wconf 89' lang='lat' dir='ltr'><strong>ei</strong></span> <span class='ocrx_word' id='word_1_192' title='bbox 2890 1175 3094 1247; x_wconf 84' lang='lat' dir='ltr'><strong>pariter</strong></span> <span class='ocrx_word' id='word_1_193' title='bbox 3119 1175 3349 1230; x_wconf 88' lang='lat' dir='ltr'><strong>edictum</strong></span> <span class='ocrx_word' id='word_1_194' title='bbox 3392 1174 3499 1229; x_wconf 87' lang='lat' dir='ltr'><strong>Da-</strong></span> 
     </span>
    </p>
   </div>
   <div class='ocr_carea' id='block_1_25' title="bbox 1911 1265 3499 1339">
    <p class='ocr_par' dir='ltr' id='par_1_25' title="bbox 1911 1265 3499 1339">
     <span class='ocr_line' id='line_1_25' title="bbox 1911 1265 3499 1339; baseline -0.002 -15"><span class='ocrx_word' id='word_1_195' title='bbox 1911 1266 2074 1324; x_wconf 88' lang='lat' dir='ltr'><strong>ducii.</strong></span> <span class='ocrx_word' id='word_1_196' title='bbox 2102 1265 2180 1321; x_wconf 86' lang='lat' dir='ltr'><strong>ita</strong></span> <span class='ocrx_word' id='word_1_197' title='bbox 2222 1274 2279 1323; x_wconf 91' lang='lat' dir='ltr'><strong>et</strong></span> <span class='ocrx_word' id='word_1_198' title='bbox 2320 1266 2611 1338; x_wconf 71' lang='lat' dir='ltr'><strong>llplanctus</strong></span> <span class='ocrx_word' id='word_1_199' title='bbox 2648 1266 2947 1339; x_wconf 74' lang='lat' dir='ltr'><strong>presbyteri</strong></span> <span class='ocrx_word' id='word_1_200' title='bbox 2978 1267 3032 1322; x_wconf 90' lang='lat' dir='ltr'><strong>in</strong></span> <span class='ocrx_word' id='word_1_201' title='bbox 3069 1266 3323 1332; x_wconf 76' lang='lat' dir='ltr'><strong>gaudium</strong></span> <span class='ocrx_word' id='word_1_202' title='bbox 3368 1282 3499 1322; x_wconf 83' lang='lat' dir='ltr'><strong>con-</strong></span> 
     </span>
    </p>
   </div>
   <div class='ocr_carea' id='block_1_26' title="bbox 1912 1350 3499 1428">
    <p class='ocr_par' dir='ltr' id='par_1_26' title="bbox 1912 1350 3499 1428">
     <span class='ocr_line' id='line_1_26' title="bbox 1912 1350 3499 1428; baseline 0.001 -16"><span class='ocrx_word' id='word_1_203' title='bbox 1912 1372 2100 1414; x_wconf 85' lang='lat' dir='ltr'><strong>versus</strong></span> <span class='ocrx_word' id='word_1_204' title='bbox 2127 1364 2231 1427; x_wconf 88' lang='lat' dir='ltr'><strong>est,</strong></span> <span class='ocrx_word' id='word_1_205' title='bbox 2259 1365 2316 1414; x_wconf 89' lang='lat' dir='ltr'><strong>et</strong></span> <span class='ocrx_word' id='word_1_206' title='bbox 2340 1358 2434 1428; x_wconf 89' lang='lat' dir='ltr'><strong>qui</strong></span> <span class='ocrx_word' id='word_1_207' title='bbox 2453 1350 2857 1428; x_wconf 74' lang='lat' dir='ltr'><strong>gratulabantur</strong></span> <span class='ocrx_word' id='word_1_208' title='bbox 2873 1358 2993 1428; x_wconf 89' lang='lat' dir='ltr'><strong>ejus</strong></span> <span class='ocrx_word' id='word_1_209' title='bbox 3012 1360 3165 1414; x_wconf 90' lang='lat' dir='ltr'><strong>malis</strong></span> <span class='ocrx_word' id='word_1_210' title='bbox 3183 1358 3499 1415; x_wconf 80' lang='lat' dir='ltr'><strong>confusione</strong></span> 
     </span>
    </p>
   </div>
   <div class='ocr_carea' id='block_1_27' title="bbox 1912 1448 3498 1523">
    <p class='ocr_par' dir='ltr' id='par_1_27' title="bbox 1912 1448 3498 1523">
     <span class='ocr_line' id='line_1_27' title="bbox 1912 1448 3498 1523; baseline -0.002 -17"><span class='ocrx_word' id='word_1_211' title='bbox 1912 1449 2115 1523; x_wconf 76' lang='lat' dir='ltr'><strong>perfusi</strong></span> <span class='ocrx_word' id='word_1_212' title='bbox 2139 1460 2292 1517; x_wconf 88' lang='lat' dir='ltr'><strong>sunt;</strong></span> <span class='ocrx_word' id='word_1_213' title='bbox 2321 1457 2379 1505; x_wconf 87' lang='lat' dir='ltr'><strong>et</strong></span> <span class='ocrx_word' id='word_1_214' title='bbox 2406 1450 2488 1505; x_wconf 84' lang='lat' dir='ltr'><strong>vir</strong></span> <span class='ocrx_word' id='word_1_215' title='bbox 2512 1450 2613 1506; x_wconf 88' lang='lat' dir='ltr'><strong>iste</strong></span> <span class='ocrx_word' id='word_1_216' title='bbox 2631 1450 2998 1507; x_wconf 86' lang='lat' dir='ltr'><strong>sanctissimus</strong></span> <span class='ocrx_word' id='word_1_217' title='bbox 3016 1459 3045 1500; x_wconf 70' lang='grc'><strong><em>1</em></strong></span> <span class='ocrx_word' id='word_1_218' title='bbox 3071 1449 3232 1521; x_wconf 87' lang='lat' dir='ltr'><strong>hujus</strong></span> <span class='ocrx_word' id='word_1_219' title='bbox 3260 1448 3498 1505; x_wconf 83' lang='lat' dir='ltr'><strong>liberali-</strong></span> 
     </span>
    </p>
   </div>
   <div class='ocr_carea' id='block_1_28' title="bbox 1912 1542 3501 1616">
    <p class='ocr_par' dir='ltr' id='par_1_28' title="bbox 1912 1542 3501 1616">
     <span class='ocr_line' id='line_1_28' title="bbox 1912 1542 3501 1616; baseline -0.003 -16"><span class='ocrx_word' id='word_1_220' title='bbox 1912 1545 2038 1600; x_wconf 86' lang='lat' dir='ltr'><strong>tatis</strong></span> <span class='ocrx_word' id='word_1_221' title='bbox 2065 1545 2293 1615; x_wconf 90' lang='lat' dir='ltr'><strong>gratiam</strong></span> <span class='ocrx_word' id='word_1_222' title='bbox 2322 1542 2543 1616; x_wconf 86' lang='lat' dir='ltr'><strong>perinde</strong></span> <span class='ocrx_word' id='word_1_223' title='bbox 2570 1543 2895 1614; x_wconf 59' lang='lat' dir='ltr'><strong>praedicabat</strong></span> <span class='ocrx_word' id='word_1_224' title='bbox 2912 1558 2982 1600; x_wconf 90' lang='lat' dir='ltr'><strong>ac</strong></span> <span class='ocrx_word' id='word_1_225' title='bbox 2997 1543 3044 1598; x_wconf 96' lang='lat' dir='ltr'><strong>si</strong></span> <span class='ocrx_word' id='word_1_226' title='bbox 3065 1542 3359 1598; x_wconf 83' lang='lat' dir='ltr'><strong>indebitum</strong></span> <span class='ocrx_word' id='word_1_227' title='bbox 3381 1556 3501 1596; x_wconf 82' lang='lat' dir='ltr'><strong>mu-</strong></span> 
     </span>
    </p>
   </div>
   <div class='ocr_carea' id='block_1_29' title="bbox 1913 1618 3503 1708">
    <p class='ocr_par' dir='ltr' id='par_1_29' title="bbox 1913 1618 3503 1708">
     <span class='ocr_line' id='line_1_29' title="bbox 1913 1618 3503 1708; baseline -0.003 -17"><span class='ocrx_word' id='word_1_228' title='bbox 1913 1651 2016 1691; x_wconf 90' lang='lat' dir='ltr'><strong>nus</strong></span> <span class='ocrx_word' id='word_1_229' title='bbox 2042 1635 2340 1708; x_wconf 87' lang='lat' dir='ltr'><strong>accepisset</strong></span> <span class='ocrx_word' id='word_1_230' title='bbox 2368 1653 2383 1689; x_wconf 90' lang='lat'><strong>:</strong></span> <span class='ocrx_word' id='word_1_231' title='bbox 2417 1649 2590 1704; x_wconf 87' lang='lat' dir='ltr'><strong>neque</strong></span> <span class='ocrx_word' id='word_1_232' title='bbox 2615 1618 2729 1705; x_wconf 79' lang='lat' dir='ltr'><strong>ipse</strong></span> <span class='ocrx_word' id='word_1_233' title='bbox 2756 1634 2934 1701; x_wconf 87' lang='lat' dir='ltr'><strong>solus,</strong></span> <span class='ocrx_word' id='word_1_234' title='bbox 2970 1633 3063 1689; x_wconf 89' lang='lat' dir='ltr'><strong>sed</strong></span> <span class='ocrx_word' id='word_1_235' title='bbox 3097 1642 3120 1672; x_wconf 76' lang='grc' dir='ltr'><strong>ι</strong></span> <span class='ocrx_word' id='word_1_236' title='bbox 3150 1633 3343 1690; x_wconf 88' lang='lat' dir='ltr'><strong>domus</strong></span> <span class='ocrx_word' id='word_1_237' title='bbox 3382 1631 3503 1702; x_wconf 85' lang='lat' dir='ltr'><strong>ejus</strong></span> 
     </span>
    </p>
   </div>
   <div class='ocr_carea' id='block_1_30' title="bbox 1911 1721 3501 1797">
    <p class='ocr_par' dir='ltr' id='par_1_30' title="bbox 1911 1721 3501 1797">
     <span class='ocr_line' id='line_1_30' title="bbox 1911 1721 3501 1797; baseline -0.004 -15"><span class='ocrx_word' id='word_1_238' title='bbox 1911 1734 2027 1783; x_wconf 91' lang='lat' dir='ltr'><strong>tota</strong></span> <span class='ocrx_word' id='word_1_239' title='bbox 2072 1727 2309 1797; x_wconf 88' lang='lat' dir='ltr'><strong>gaudens</strong></span> <span class='ocrx_word' id='word_1_240' title='bbox 2356 1725 2610 1782; x_wconf 79' lang='lat' dir='ltr'><strong>consonis</strong></span> <span class='ocrx_word' id='word_1_241' title='bbox 2660 1723 2930 1795; x_wconf 70' lang='lat' dir='ltr'><strong>Capuante</strong></span> <span class='ocrx_word' id='word_1_242' title='bbox 2975 1721 3225 1778; x_wconf 70' lang='lat' dir='ltr'><strong>Ecclesia:</strong></span> <span class='ocrx_word' id='word_1_243' title='bbox 3252 1731 3309 1777; x_wconf 92' lang='lat' dir='ltr'><strong>et</strong></span> <span class='ocrx_word' id='word_1_244' title='bbox 3352 1722 3501 1777; x_wconf 84' lang='lat' dir='ltr'><strong>urbis</strong></span> 
     </span>
    </p>
   </div>
   <div class='ocr_carea' id='block_1_31' title="bbox 1899 1813 3494 1892">
    <p class='ocr_par' dir='ltr' id='par_1_31' title="bbox 1899 1813 3494 1892">
     <span class='ocr_line' id='line_1_31' title="bbox 1899 1813 3494 1892; baseline -0.004 -18"><span class='ocrx_word' id='word_1_245' title='bbox 1899 1818 2356 1892; x_wconf 71' lang='lat' dir='ltr'><strong>&quot;gratulationibus</strong></span> <span class='ocrx_word' id='word_1_246' title='bbox 2410 1833 2521 1875; x_wconf 86' lang='lat' dir='ltr'><strong>non</strong></span> <span class='ocrx_word' id='word_1_247' title='bbox 2571 1818 2823 1873; x_wconf 85' lang='lat' dir='ltr'><strong>cessabat</strong></span> <span class='ocrx_word' id='word_1_248' title='bbox 2873 1814 3103 1871; x_wconf 88' lang='lat' dir='ltr'><strong>Domino</strong></span> <span class='ocrx_word' id='word_1_249' title='bbox 3154 1813 3494 1869; x_wconf 81' lang='lat' dir='ltr'><strong>benedicere.</strong></span> 
     </span>
    </p>
   </div>
   <div class='ocr_carea' id='block_1_32' title="bbox 204 1895 3495 1982">
    <p class='ocr_par' dir='ltr' id='par_1_32' title="bbox 204 1895 3495 1982">
     <span class='ocr_line' id='line_1_32' title="bbox 204 1895 3495 1982; baseline 0 -22"><span class='ocrx_word' id='word_1_250' title='bbox 204 1902 334 1960; x_wconf 82' lang='lat' dir='ltr'><strong>dam</strong></span> <span class='ocrx_word' id='word_1_251' title='bbox 363 1895 559 1961; x_wconf 87' lang='lat' dir='ltr'><strong>sancto</strong></span> <span class='ocrx_word' id='word_1_252' title='bbox 582 1906 902 1979; x_wconf 85' lang='lat' dir='ltr'><strong>presbytero</strong></span> <span class='ocrx_word' id='word_1_253' title='bbox 943 1908 1051 1963; x_wconf 91' lang='lat' dir='ltr'><strong>vita</strong></span> <span class='ocrx_word' id='word_1_254' title='bbox 1083 1917 1142 1964; x_wconf 90' lang='lat' dir='ltr'><strong>et</strong></span> <span class='ocrx_word' id='word_1_255' title='bbox 1180 1918 1342 1966; x_wconf 64' lang='lat' dir='ltr'><strong>(etate</strong></span> <span class='ocrx_word' id='word_1_256' title='bbox 1365 1911 1680 1979; x_wconf 73' lang='lat' dir='ltr'><strong>venerabili,</strong></span> <span class='ocrx_word' id='word_1_257' title='bbox 1712 1914 1803 1982; x_wconf 90' lang='lat' dir='ltr'><strong>qui</strong></span> <span class='ocrx_word' id='word_1_258' title='bbox 1838 1909 1880 1970; x_wconf 80' lang='grc' dir='ltr'><strong>Β</strong></span> <span class='ocrx_word' id='word_1_259' title='bbox 1908 1913 2039 1969; x_wconf 89' lang='lat' dir='ltr'><strong>Orat</strong></span> <span class='ocrx_word' id='word_1_260' title='bbox 2062 1910 2316 1969; x_wconf 85' lang='lat' dir='ltr'><strong>Paulinus</strong></span> <span class='ocrx_word' id='word_1_261' title='bbox 2340 1910 2643 1968; x_wconf 78' lang='lat' dir='ltr'><strong>Amandum</strong></span> <span class='ocrx_word' id='word_1_262' title='bbox 2669 1921 2727 1949; x_wconf 72' lang='grc' dir='ltr'><strong>ιι</strong></span> <span class='ocrx_word' id='word_1_263' title='bbox 2749 1912 2920 1968; x_wconf 83' lang='lat' dir='ltr'><strong>uthos</strong></span> <span class='ocrx_word' id='word_1_264' title='bbox 2940 1924 3192 1981; x_wconf 88' lang='lat' dir='ltr'><strong>proceres</strong></span> <span class='ocrx_word' id='word_1_265' title='bbox 3215 1908 3351 1963; x_wconf 83' lang='lat' dir='ltr'><strong>ultra</strong></span> <span class='ocrx_word' id='word_1_266' title='bbox 3366 1908 3495 1963; x_wconf 67' lang='lat' dir='ltr'><strong>soli~</strong></span> 
     </span>
    </p>
   </div>
   <div class='ocr_carea' id='block_1_33' title="bbox 204 1996 1807 2077">
    <p class='ocr_par' dir='ltr' id='par_1_33' title="bbox 204 1996 1807 2077">
     <span class='ocr_line' id='line_1_33' title="bbox 204 1996 1807 2077; baseline 0.006 -25"><span class='ocrx_word' id='word_1_267' title='bbox 204 1996 462 2066; x_wconf 86' lang='lat' dir='ltr'><strong>iujuriam</strong></span> <span class='ocrx_word' id='word_1_268' title='bbox 484 2013 705 2068; x_wconf 89' lang='lat' dir='ltr'><strong>gravem</strong></span> <span class='ocrx_word' id='word_1_269' title='bbox 731 2008 789 2055; x_wconf 91' lang='lat' dir='ltr'><strong>et</strong></span> <span class='ocrx_word' id='word_1_270' title='bbox 811 2000 1108 2057; x_wconf 85' lang='lat' dir='ltr'><strong>alienarum</strong></span> <span class='ocrx_word' id='word_1_271' title='bbox 1127 2003 1320 2059; x_wconf 80' lang='lat' dir='ltr'><strong>tedium</strong></span> <span class='ocrx_word' id='word_1_272' title='bbox 1352 2005 1602 2061; x_wconf 79' lang='lat' dir='ltr'><strong>exsilium</strong></span> <span class='ocrx_word' id='word_1_273' title='bbox 1629 2007 1807 2077; x_wconf 86' lang='lat' dir='ltr'><strong>patie-</strong></span> 
     </span>
    </p>
   </div>
   <div class='ocr_carea' id='block_1_34' title="bbox 204 2088 1809 2168">
    <p class='ocr_par' dir='ltr' id='par_1_34' title="bbox 204 2088 1809 2168">
     <span class='ocr_line' id='line_1_34' title="bbox 204 2088 1809 2168; baseline 0.004 -22"><span class='ocrx_word' id='word_1_274' title='bbox 204 2089 391 2146; x_wconf 81' lang='lat' dir='ltr'><strong>batur.</strong></span> <span class='ocrx_word' id='word_1_275' title='bbox 430 2088 451 2129; x_wconf 69' lang='grc' dir='ltr'>ί</span> <span class='ocrx_word' id='word_1_276' title='bbox 493 2090 546 2146; x_wconf 86' lang='lat' dir='ltr'><strong>is</strong></span> <span class='ocrx_word' id='word_1_277' title='bbox 572 2090 819 2162; x_wconf 86' lang='lat' dir='ltr'><strong>profecto</strong></span> <span class='ocrx_word' id='word_1_278' title='bbox 858 2091 1085 2151; x_wconf 82' lang='lat' dir='ltr'><strong>Basilius</strong></span> <span class='ocrx_word' id='word_1_279' title='bbox 1120 2094 1502 2152; x_wconf 88' lang='lat' dir='ltr'><strong>celeberrimus</strong></span> <span class='ocrx_word' id='word_1_280' title='bbox 1542 2096 1809 2168; x_wconf 67' lang='lat' dir='ltr'><strong>Capuana:</strong></span> 
     </span>
    </p>
   </div>
   <div class='ocr_carea' id='block_1_35' title="bbox 204 2179 1810 2257">
    <p class='ocr_par' dir='ltr' id='par_1_35' title="bbox 204 2179 1810 2257">
     <span class='ocr_line' id='line_1_35' title="bbox 204 2179 1810 2257; baseline 0.004 -20"><span class='ocrx_word' id='word_1_281' title='bbox 204 2179 465 2237; x_wconf 72' lang='lat' dir='ltr'><strong>Ecclesia:</strong></span> <span class='ocrx_word' id='word_1_282' title='bbox 492 2182 795 2255; x_wconf 77' lang='lat' dir='ltr'><strong>presbyter,</strong></span> <span class='ocrx_word' id='word_1_283' title='bbox 827 2182 896 2240; x_wconf 90' lang='lat' dir='ltr'><strong>de</strong></span> <span class='ocrx_word' id='word_1_284' title='bbox 940 2198 1049 2254; x_wconf 90' lang='lat' dir='ltr'><strong>quo</strong></span> <span class='ocrx_word' id='word_1_285' title='bbox 1080 2185 1134 2239; x_wconf 90' lang='lat' dir='ltr'><strong>in</strong></span> <span class='ocrx_word' id='word_1_286' title='bbox 1171 2185 1363 2241; x_wconf 85' lang='lat' dir='ltr'><strong>litteris</strong></span> <span class='ocrx_word' id='word_1_287' title='bbox 1392 2201 1535 2242; x_wconf 89' lang='lat' dir='ltr'><strong>anno</strong></span> <span class='ocrx_word' id='word_1_288' title='bbox 1564 2189 1810 2257; x_wconf 87' lang='lat' dir='ltr'><strong>sequenti</strong></span> 
     </span>
    </p>
   </div>
   <div class='ocr_carea' id='block_1_36' title="bbox 205 2264 1813 2352">
    <p class='ocr_par' dir='ltr' id='par_1_36' title="bbox 205 2264 1813 2352">
     <span class='ocr_line' id='line_1_36' title="bbox 205 2264 1813 2352; baseline 0.005 -23"><span class='ocrx_word' id='word_1_289' title='bbox 205 2273 347 2330; x_wconf 85' lang='lat' dir='ltr'><strong>datis</strong></span> <span class='ocrx_word' id='word_1_290' title='bbox 367 2275 483 2343; x_wconf 87' lang='lat' dir='ltr'><strong>agit</strong></span> <span class='ocrx_word' id='word_1_291' title='bbox 506 2273 787 2333; x_wconf 87' lang='lat' dir='ltr'><strong>Paulinus.</strong></span> <span class='ocrx_word' id='word_1_292' title='bbox 816 2274 888 2343; x_wconf 82' lang='lat' dir='ltr'><strong>is,</strong></span> <span class='ocrx_word' id='word_1_293' title='bbox 910 2277 1147 2347; x_wconf 88' lang='lat' dir='ltr'><strong>inquam,</strong></span> <span class='ocrx_word' id='word_1_294' title='bbox 1179 2286 1299 2334; x_wconf 88' lang='lat' dir='ltr'><strong>erat</strong></span> <span class='ocrx_word' id='word_1_295' title='bbox 1321 2288 1346 2328; x_wconf 67' lang='grc' dir='ltr'><strong>ς</strong></span> <span class='ocrx_word' id='word_1_296' title='bbox 1368 2264 1668 2336; x_wconf 83' lang='lat' dir='ltr'><strong>admirabili</strong></span> <span class='ocrx_word' id='word_1_297' title='bbox 1696 2280 1813 2352; x_wconf 84' lang='lat' dir='ltr'><strong>pie-</strong></span> 
     </span>
    </p>
   </div>
   <div class='ocr_carea' id='block_1_37' title="bbox 207 2364 1810 2441">
    <p class='ocr_par' dir='ltr' id='par_1_37' title="bbox 207 2364 1810 2441">
     <span class='ocr_line' id='line_1_37' title="bbox 207 2364 1810 2441; baseline 0.004 -20"><span class='ocrx_word' id='word_1_298' title='bbox 207 2371 322 2422; x_wconf 87' lang='lat' dir='ltr'><strong>tate</strong></span> <span class='ocrx_word' id='word_1_299' title='bbox 346 2379 542 2434; x_wconf 84' lang='lat' dir='ltr'><strong>senex,</strong></span> <span class='ocrx_word' id='word_1_300' title='bbox 576 2364 604 2404; x_wconf 83' lang='grc' dir='ltr'>¹ι</span> <span class='ocrx_word' id='word_1_301' title='bbox 632 2366 788 2437; x_wconf 89' lang='lat' dir='ltr'><strong>cujus</strong></span> <span class='ocrx_word' id='word_1_302' title='bbox 815 2376 933 2424; x_wconf 88' lang='lat' dir='ltr'><strong>erat</strong></span> <span class='ocrx_word' id='word_1_303' title='bbox 956 2368 1148 2425; x_wconf 89' lang='lat' dir='ltr'><strong>domus</strong></span> <span class='ocrx_word' id='word_1_304' title='bbox 1169 2384 1290 2441; x_wconf 75' lang='lat' dir='ltr'><strong>qua:</strong></span> <span class='ocrx_word' id='word_1_305' title='bbox 1317 2384 1415 2440; x_wconf 91' lang='lat' dir='ltr'><strong>per</strong></span> <span class='ocrx_word' id='word_1_306' title='bbox 1440 2371 1548 2426; x_wconf 90' lang='lat' dir='ltr'><strong>vim</strong></span> <span class='ocrx_word' id='word_1_307' title='bbox 1588 2373 1664 2427; x_wconf 90' lang='lat' dir='ltr'><strong>illi</strong></span> <span class='ocrx_word' id='word_1_308' title='bbox 1694 2371 1810 2428; x_wconf 80' lang='lat' dir='ltr'><strong>fue-</strong></span> 
     </span>
    </p>
   </div>
   <div class='ocr_carea' id='block_1_38' title="bbox 204 2457 1804 2535">
    <p class='ocr_par' dir='ltr' id='par_1_38' title="bbox 204 2457 1804 2535">
     <span class='ocr_line' id='line_1_38' title="bbox 204 2457 1804 2535; baseline 0.004 -20"><span class='ocrx_word' id='word_1_309' title='bbox 204 2465 290 2515; x_wconf 86' lang='lat' dir='ltr'><strong>rat</strong></span> <span class='ocrx_word' id='word_1_310' title='bbox 327 2465 519 2529; x_wconf 87' lang='lat' dir='ltr'><strong>erepta</strong></span> <span class='ocrx_word' id='word_1_311' title='bbox 546 2473 581 2514; x_wconf 91' lang='lat' dir='ltr'><strong>a</strong></span> <span class='ocrx_word' id='word_1_312' title='bbox 627 2457 856 2515; x_wconf 77' lang='lat' dir='ltr'><strong>divitum</strong></span> <span class='ocrx_word' id='word_1_313' title='bbox 892 2459 1248 2531; x_wconf 88' lang='lat' dir='ltr'><strong>quorumdam</strong></span> <span class='ocrx_word' id='word_1_314' title='bbox 1296 2462 1631 2529; x_wconf 82' lang='lat' dir='ltr'><strong>hominibus,</strong></span> <span class='ocrx_word' id='word_1_315' title='bbox 1660 2466 1753 2535; x_wconf 88' lang='lat' dir='ltr'><strong>qui</strong></span> <span class='ocrx_word' id='word_1_316' title='bbox 1785 2465 1804 2506; x_wconf 70' lang='grc' dir='ltr'><strong>ί</strong></span> 
     </span>
    </p>
   </div>
   <div class='ocr_carea' id='block_1_39' title="bbox 207 2548 1813 2624">
    <p class='ocr_par' dir='ltr' id='par_1_39' title="bbox 207 2548 1813 2624">
     <span class='ocr_line' id='line_1_39' title="bbox 207 2548 1813 2624; baseline 0.004 -19"><span class='ocrx_word' id='word_1_317' title='bbox 207 2548 425 2618; x_wconf 81' lang='lat' dir='ltr'><strong>quidem</strong></span> <span class='ocrx_word' id='word_1_318' title='bbox 463 2548 658 2606; x_wconf 80' lang='lat' dir='ltr'><strong>divites</strong></span> <span class='ocrx_word' id='word_1_319' title='bbox 682 2550 736 2606; x_wconf 91' lang='lat' dir='ltr'><strong>in</strong></span> <span class='ocrx_word' id='word_1_320' title='bbox 760 2549 1052 2624; x_wconf 81' lang='lat' dir='ltr'><strong>Campania</strong></span> <span class='ocrx_word' id='word_1_321' title='bbox 1081 2551 1283 2624; x_wconf 74' lang='lat' dir='ltr'><strong>prmdia</strong></span> <span class='ocrx_word' id='word_1_322' title='bbox 1324 2553 1615 2622; x_wconf 86' lang='lat' dir='ltr'><strong>habebant,</strong></span> <span class='ocrx_word' id='word_1_323' title='bbox 1648 2556 1721 2611; x_wconf 88' lang='lat' dir='ltr'><strong>ita</strong></span> <span class='ocrx_word' id='word_1_324' title='bbox 1752 2563 1813 2612; x_wconf 89' lang='lat' dir='ltr'><strong>ut</strong></span> 
     </span>
    </p>
   </div>
   <div class='ocr_carea' id='block_1_40' title="bbox 208 2639 1812 2719">
    <p class='ocr_par' dir='ltr' id='par_1_40' title="bbox 208 2639 1812 2719">
     <span class='ocr_line' id='line_1_40' title="bbox 208 2639 1812 2719; baseline 0.007 -24"><span class='ocrx_word' id='word_1_325' title='bbox 208 2639 443 2697; x_wconf 82' lang='lat' dir='ltr'><strong>aﬂlictus</strong></span> <span class='ocrx_word' id='word_1_326' title='bbox 472 2644 488 2694; x_wconf 85' lang='lat' dir='ltr'><strong>t</strong></span> <span class='ocrx_word' id='word_1_327' title='bbox 527 2656 693 2699; x_wconf 82' lang='lat' dir='ltr'><strong>senex</strong></span> <span class='ocrx_word' id='word_1_328' title='bbox 738 2642 796 2698; x_wconf 87' lang='lat' dir='ltr'><strong>in</strong></span> <span class='ocrx_word' id='word_1_329' title='bbox 823 2643 1014 2699; x_wconf 87' lang='lat' dir='ltr'><strong>alienis</strong></span> <span class='ocrx_word' id='word_1_330' title='bbox 1029 2642 1252 2702; x_wconf 56' lang='lat' dir='ltr'><strong>uadibus</strong></span> <span class='ocrx_word' id='word_1_331' title='bbox 1274 2645 1438 2702; x_wconf 90' lang='lat' dir='ltr'><strong>veluti</strong></span> <span class='ocrx_word' id='word_1_332' title='bbox 1470 2648 1621 2704; x_wconf 77' lang='lat' dir='ltr'><strong>exsul</strong></span> <span class='ocrx_word' id='word_1_333' title='bbox 1652 2662 1812 2719; x_wconf 87' lang='lat' dir='ltr'><strong>agere</strong></span> 
     </span>
    </p>
   </div>
   <div class='ocr_carea' id='block_1_41' title="bbox 208 2732 1813 2811">
    <p class='ocr_par' dir='ltr' id='par_1_41' title="bbox 208 2732 1813 2811">
     <span class='ocr_line' id='line_1_41' title="bbox 208 2732 1813 2811; baseline 0.004 -22"><span class='ocrx_word' id='word_1_334' title='bbox 208 2740 434 2801; x_wconf 80' lang='lat' dir='ltr'><strong>coaetus</strong></span> <span class='ocrx_word' id='word_1_335' title='bbox 474 2733 636 2790; x_wconf 73' lang='lat' dir='ltr'><strong>fuerit</strong></span> <span class='ocrx_word' id='word_1_336' title='bbox 674 2748 823 2791; x_wconf 86' lang='lat' dir='ltr'><strong>:nec</strong></span> <span class='ocrx_word' id='word_1_337' title='bbox 847 2732 1075 2792; x_wconf 86' lang='lat' dir='ltr'><strong>deerant</strong></span> <span class='ocrx_word' id='word_1_338' title='bbox 1101 2732 1127 2773; x_wconf 66' lang='grc' dir='ltr'><strong>ι</strong></span> <span class='ocrx_word' id='word_1_339' title='bbox 1160 2736 1400 2807; x_wconf 79' lang='lat' dir='ltr'><strong>perversi</strong></span> <span class='ocrx_word' id='word_1_340' title='bbox 1436 2738 1684 2795; x_wconf 86' lang='lat' dir='ltr'><strong>homines</strong></span> <span class='ocrx_word' id='word_1_341' title='bbox 1721 2734 1813 2811; x_wconf 86' lang='lat' dir='ltr'><strong>qui</strong></span> 
     </span>
    </p>
   </div>
   <div class='ocr_carea' id='block_1_42' title="bbox 209 2817 1846 2899">
    <p class='ocr_par' dir='ltr' id='par_1_42' title="bbox 209 2817 1846 2899">
     <span class='ocr_line' id='line_1_42' title="bbox 209 2817 1846 2899; baseline 0.004 -17"><span class='ocrx_word' id='word_1_342' title='bbox 209 2826 535 2883; x_wconf 82' lang='lat' dir='ltr'><strong>venerabilis</strong></span> <span class='ocrx_word' id='word_1_343' title='bbox 560 2826 707 2885; x_wconf 87' lang='lat' dir='ltr'><strong>senis</strong></span> <span class='ocrx_word' id='word_1_344' title='bbox 733 2825 913 2884; x_wconf 87' lang='lat' dir='ltr'><strong>dolori</strong></span> <span class='ocrx_word' id='word_1_345' title='bbox 939 2835 996 2884; x_wconf 89' lang='lat' dir='ltr'><strong>et</strong></span> <span class='ocrx_word' id='word_1_346' title='bbox 1022 2827 1178 2884; x_wconf 88' lang='lat' dir='ltr'><strong>malis</strong></span> <span class='ocrx_word' id='word_1_347' title='bbox 1199 2830 1617 2899; x_wconf 84' lang='lat' dir='ltr'><strong>gratularentur.</strong></span> <span class='ocrx_word' id='word_1_348' title='bbox 1648 2831 1813 2889; x_wconf 81' lang='lat' dir='ltr'><strong>Vide-</strong></span> <span class='ocrx_word' id='word_1_349' title='bbox 1842 2817 1846 2819; x_wconf 13' lang='grc' dir='ltr'><em>Α</em></span> 
     </span>
    </p>
   </div>
   <div class='ocr_carea' id='block_1_43' title="bbox 210 2917 1814 2988">
    <p class='ocr_par' dir='ltr' id='par_1_43' title="bbox 210 2917 1814 2988">
     <span class='ocr_line' id='line_1_43' title="bbox 210 2917 1814 2988; baseline 0.004 -15"><span class='ocrx_word' id='word_1_350' title='bbox 210 2924 298 2974; x_wconf 81' lang='grc' dir='ltr'>ιιι·</span> <span class='ocrx_word' id='word_1_351' title='bbox 316 2918 438 2974; x_wconf 70' lang='lat' dir='ltr'><strong>hmo</strong></span> <span class='ocrx_word' id='word_1_352' title='bbox 463 2917 656 2988; x_wconf 85' lang='lat' dir='ltr'><strong>injuria</strong></span> <span class='ocrx_word' id='word_1_353' title='bbox 687 2933 719 2974; x_wconf 91' lang='lat' dir='ltr'><strong>a</strong></span> <span class='ocrx_word' id='word_1_354' title='bbox 747 2925 914 2988; x_wconf 68' lang='lat' dir='ltr'><strong>gestat</strong></span> <span class='ocrx_word' id='word_1_355' title='bbox 934 2919 1013 2975; x_wconf 88' lang='lat' dir='ltr'><strong>rei</strong></span> <span class='ocrx_word' id='word_1_356' title='bbox 1040 2920 1320 2976; x_wconf 89' lang='lat' dir='ltr'><strong>autoribus</strong></span> <span class='ocrx_word' id='word_1_357' title='bbox 1341 2919 1660 2978; x_wconf 89' lang='lat' dir='ltr'><strong>Christianis</strong></span> <span class='ocrx_word' id='word_1_358' title='bbox 1680 2922 1814 2980; x_wconf 85' lang='lat' dir='ltr'><strong>tuis-</strong></span> 
     </span>
    </p>
   </div>
   <div class='ocr_carea' id='block_1_44' title="bbox 211 3001 1816 3091">
    <p class='ocr_par' dir='ltr' id='par_1_44' title="bbox 211 3001 1816 3091">
     <span class='ocr_line' id='line_1_44' title="bbox 211 3001 1816 3091; baseline 0.007 -26"><span class='ocrx_word' id='word_1_359' title='bbox 211 3001 267 3065; x_wconf 75' lang='lat' dir='ltr'><strong>se</strong></span> <span class='ocrx_word' id='word_1_360' title='bbox 292 3008 560 3080; x_wconf 80' lang='lat' dir='ltr'><strong>proiecta,</strong></span> <span class='ocrx_word' id='word_1_361' title='bbox 586 3025 712 3066; x_wconf 88' lang='lat' dir='ltr'><strong>cum</strong></span> <span class='ocrx_word' id='word_1_362' title='bbox 741 3024 837 3066; x_wconf 89' lang='lat' dir='ltr'><strong>eos</strong></span> <span class='ocrx_word' id='word_1_363' title='bbox 862 3008 1118 3091; x_wconf 78' lang='lat' dir='ltr'><strong>Paulinus</strong></span> <span class='ocrx_word' id='word_1_364' title='bbox 1156 3009 1174 3051; x_wconf 79' lang='grc' dir='ltr'><strong>ι</strong></span> <span class='ocrx_word' id='word_1_365' title='bbox 1208 3022 1363 3072; x_wconf 88' lang='lat' dir='ltr'><strong>vocet</strong></span> <span class='ocrx_word' id='word_1_366' title='bbox 1389 3030 1515 3071; x_wconf 85' lang='lat' dir='ltr'><strong>suos</strong></span> <span class='ocrx_word' id='word_1_367' title='bbox 1542 3016 1734 3087; x_wconf 73' lang='lat' dir='ltr'><strong>fratres</strong></span> <span class='ocrx_word' id='word_1_368' title='bbox 1761 3023 1816 3075; x_wconf 80' lang='lat' dir='ltr'><strong>et</strong></span> 
     </span>
    </p>
   </div>
   <div class='ocr_carea' id='block_1_45' title="bbox 211 3101 1818 3179">
    <p class='ocr_par' dir='ltr' id='par_1_45' title="bbox 211 3101 1818 3179">
     <span class='ocr_line' id='line_1_45' title="bbox 211 3101 1818 3179; baseline 0.006 -23"><span class='ocrx_word' id='word_1_369' title='bbox 211 3110 250 3139; x_wconf 74' lang='grc' dir='ltr'>ι’</span> <span class='ocrx_word' id='word_1_370' title='bbox 269 3102 439 3174; x_wconf 77' lang='lat' dir='ltr'><strong>ﬁlios.</strong></span> <span class='ocrx_word' id='word_1_371' title='bbox 463 3101 806 3172; x_wconf 83' lang='lat' dir='ltr'><strong>Burdigalam</strong></span> <span class='ocrx_word' id='word_1_372' title='bbox 826 3111 853 3139; x_wconf 79' lang='grc' dir='ltr'><strong>ιι</strong></span> <span class='ocrx_word' id='word_1_373' title='bbox 868 3104 1064 3173; x_wconf 72' lang='lat' dir='ltr'><strong>smpius</strong></span> <span class='ocrx_word' id='word_1_374' title='bbox 1074 3104 1361 3162; x_wconf 83' lang='lat' dir='ltr'><strong>veniebant</strong></span> <span class='ocrx_word' id='word_1_375' title='bbox 1385 3124 1403 3161; x_wconf 87' lang='lat'><strong><em>:</em></strong></span> <span class='ocrx_word' id='word_1_376' title='bbox 1427 3107 1607 3179; x_wconf 86' lang='lat' dir='ltr'><strong>itaque</strong></span> <span class='ocrx_word' id='word_1_377' title='bbox 1624 3119 1656 3146; x_wconf 73' lang='grc' dir='ltr'><strong><em>ο</em></strong></span> <span class='ocrx_word' id='word_1_378' title='bbox 1677 3107 1818 3165; x_wconf 82' lang='lat' dir='ltr'><strong>Pau-</strong></span> 
     </span>
    </p>
   </div>
   <div class='ocr_carea' id='block_1_46' title="bbox 210 3193 1817 3270">
    <p class='ocr_par' dir='ltr' id='par_1_46' title="bbox 210 3193 1817 3270">
     <span class='ocr_line' id='line_1_46' title="bbox 210 3193 1817 3270; baseline 0.003 -20"><span class='ocrx_word' id='word_1_379' title='bbox 210 3194 352 3250; x_wconf 78' lang='lat' dir='ltr'><strong>linus</strong></span> <span class='ocrx_word' id='word_1_380' title='bbox 380 3193 630 3265; x_wconf 85' lang='lat' dir='ltr'><strong>Delphini</strong></span> <span class='ocrx_word' id='word_1_381' title='bbox 660 3201 719 3249; x_wconf 90' lang='lat' dir='ltr'><strong>et</strong></span> <span class='ocrx_word' id='word_1_382' title='bbox 759 3194 986 3251; x_wconf 74' lang='lat' dir='ltr'><strong>Amandi</strong></span> <span class='ocrx_word' id='word_1_383' title='bbox 1013 3211 1172 3266; x_wconf 81' lang='lat' dir='ltr'><strong>opera</strong></span> <span class='ocrx_word' id='word_1_384' title='bbox 1225 3195 1615 3268; x_wconf 81' lang='lat' dir='ltr'><strong>implorandam</strong></span> <span class='ocrx_word' id='word_1_385' title='bbox 1645 3199 1817 3270; x_wconf 76' lang='lat' dir='ltr'><strong>duxit</strong></span> 
     </span>
    </p>
   </div>
   <div class='ocr_carea' id='block_1_47' title="bbox 1912 1998 3502 2075">
    <p class='ocr_par' dir='ltr' id='par_1_47' title="bbox 1912 1998 3502 2075">
     <span class='ocr_line' id='line_1_47' title="bbox 1912 1998 3502 2075; baseline -0.007 -12"><span class='ocrx_word' id='word_1_386' title='bbox 1912 2016 2023 2064; x_wconf 89' lang='lat' dir='ltr'><strong>tum</strong></span> <span class='ocrx_word' id='word_1_387' title='bbox 2052 2006 2303 2064; x_wconf 75' lang='lat' dir='ltr'><strong>allectum</strong></span> <span class='ocrx_word' id='word_1_388' title='bbox 2327 2005 2531 2075; x_wconf 83' lang='lat' dir='ltr'><strong>diligat,</strong></span> <span class='ocrx_word' id='word_1_389' title='bbox 2558 1998 2619 2060; x_wconf 87' lang='lat' dir='ltr'><strong>et</strong></span> <span class='ocrx_word' id='word_1_390' title='bbox 2641 2003 2685 2059; x_wconf 87' lang='lat' dir='ltr'><strong>si</strong></span> <span class='ocrx_word' id='word_1_391' title='bbox 2712 2002 2853 2058; x_wconf 78' lang='lat' dir='ltr'><strong>forte</strong></span> <span class='ocrx_word' id='word_1_392' title='bbox 2901 2001 3001 2074; x_wconf 90' lang='lat' dir='ltr'><strong>ipsi</strong></span> <span class='ocrx_word' id='word_1_393' title='bbox 3039 1999 3376 2071; x_wconf 85' lang='lat' dir='ltr'><strong>Burdigalam</strong></span> <span class='ocrx_word' id='word_1_394' title='bbox 3409 2013 3502 2052; x_wconf 82' lang='lat' dir='ltr'><strong>ve-</strong></span> 
     </span>
    </p>
   </div>
   <div class='ocr_carea' id='block_1_48' title="bbox 1913 2091 3502 2171">
    <p class='ocr_par' dir='ltr' id='par_1_48' title="bbox 1913 2091 3502 2171">
     <span class='ocr_line' id='line_1_48' title="bbox 1913 2091 3502 2171; baseline -0.008 -15"><span class='ocrx_word' id='word_1_395' title='bbox 1913 2101 2093 2157; x_wconf 90' lang='lat' dir='ltr'><strong>nerint</strong></span> <span class='ocrx_word' id='word_1_396' title='bbox 2117 2097 2468 2171; x_wconf 65' lang='lat' dir='ltr'><strong>prmsentibns</strong></span> <span class='ocrx_word' id='word_1_397' title='bbox 2486 2095 2692 2165; x_wconf 88' lang='lat' dir='ltr'><strong>gratias</strong></span> <span class='ocrx_word' id='word_1_398' title='bbox 2718 2094 2882 2151; x_wconf 88' lang='lat' dir='ltr'><strong>etiam</strong></span> <span class='ocrx_word' id='word_1_399' title='bbox 2909 2092 2979 2150; x_wconf 90' lang='lat' dir='ltr'><strong>de</strong></span> <span class='ocrx_word' id='word_1_400' title='bbox 3006 2091 3214 2147; x_wconf 88' lang='lat' dir='ltr'><strong>Paulini</strong></span> <span class='ocrx_word' id='word_1_401' title='bbox 3244 2104 3502 2147; x_wconf 88' lang='lat' dir='ltr'><strong>sensuum</strong></span> 
     </span>
    </p>
   </div>
   <div class='ocr_carea' id='block_1_49' title="bbox 1910 2181 3499 2253">
    <p class='ocr_par' dir='ltr' id='par_1_49' title="bbox 1910 2181 3499 2253">
     <span class='ocr_line' id='line_1_49' title="bbox 1910 2181 3499 2253; baseline -0.008 -6"><span class='ocrx_word' id='word_1_402' title='bbox 1910 2208 1975 2249; x_wconf 93' lang='lat' dir='ltr'><strong>ac</strong></span> <span class='ocrx_word' id='word_1_403' title='bbox 2002 2193 2268 2248; x_wconf 88' lang='lat' dir='ltr'><strong>viscerum</strong></span> <span class='ocrx_word' id='word_1_404' title='bbox 2295 2188 2580 2246; x_wconf 74' lang='lat' dir='ltr'><strong>affectione</strong></span> <span class='ocrx_word' id='word_1_405' title='bbox 2607 2185 2829 2253; x_wconf 87' lang='lat' dir='ltr'><strong>reddat;</strong></span> <span class='ocrx_word' id='word_1_406' title='bbox 2857 2184 2943 2241; x_wconf 91' lang='lat' dir='ltr'><strong>vel</strong></span> <span class='ocrx_word' id='word_1_407' title='bbox 2971 2184 3016 2241; x_wconf 93' lang='lat' dir='ltr'><strong>si</strong></span> <span class='ocrx_word' id='word_1_408' title='bbox 3044 2182 3195 2239; x_wconf 87' lang='lat' dir='ltr'><strong>tarda</strong></span> <span class='ocrx_word' id='word_1_409' title='bbox 3220 2181 3379 2237; x_wconf 79' lang='lat' dir='ltr'><strong>fuerit</strong></span> <span class='ocrx_word' id='word_1_410' title='bbox 3400 2196 3499 2235; x_wconf 55' lang='lat' dir='ltr'><strong>eo-</strong></span> 
     </span>
    </p>
   </div>
   <div class='ocr_carea' id='block_1_50' title="bbox 1911 2264 3498 2357">
    <p class='ocr_par' dir='ltr' id='par_1_50' title="bbox 1911 2264 3498 2357">
     <span class='ocr_line' id='line_1_50' title="bbox 1911 2264 3498 2357; baseline -0.008 -15"><span class='ocrx_word' id='word_1_411' title='bbox 1911 2301 2029 2342; x_wconf 90' lang='lat' dir='ltr'><strong>rum</strong></span> <span class='ocrx_word' id='word_1_412' title='bbox 2044 2283 2219 2357; x_wconf 88' lang='lat' dir='ltr'><strong>copia,</strong></span> <span class='ocrx_word' id='word_1_413' title='bbox 2243 2264 2494 2354; x_wconf 84' lang='lat' dir='ltr'><strong>dignetur</strong></span> <span class='ocrx_word' id='word_1_414' title='bbox 2511 2281 2591 2338; x_wconf 85' lang='lat' dir='ltr'><strong>eis</strong></span> <span class='ocrx_word' id='word_1_415' title='bbox 2609 2279 3024 2351; x_wconf 88' lang='lat' dir='ltr'><strong>gratulationem</strong></span> <span class='ocrx_word' id='word_1_416' title='bbox 3043 2276 3276 2332; x_wconf 87' lang='lat' dir='ltr'><strong>debitam</strong></span> <span class='ocrx_word' id='word_1_417' title='bbox 3306 2284 3361 2330; x_wconf 90' lang='lat' dir='ltr'><strong>et</strong></span> <span class='ocrx_word' id='word_1_418' title='bbox 3386 2288 3498 2329; x_wconf 87' lang='lat' dir='ltr'><strong>me-</strong></span> 
     </span>
    </p>
   </div>
   <div class='ocr_carea' id='block_1_51' title="bbox 1910 2366 3500 2444">
    <p class='ocr_par' dir='ltr' id='par_1_51' title="bbox 1910 2366 3500 2444">
     <span class='ocr_line' id='line_1_51' title="bbox 1910 2366 3500 2444; baseline -0.01 -10"><span class='ocrx_word' id='word_1_419' title='bbox 1910 2378 2071 2434; x_wconf 89' lang='lat' dir='ltr'><strong>ritam</strong></span> <span class='ocrx_word' id='word_1_420' title='bbox 2097 2375 2526 2434; x_wconf 89' lang='lat' dir='ltr'><strong>benedictionem</strong></span> <span class='ocrx_word' id='word_1_421' title='bbox 2551 2372 2734 2444; x_wconf 87' lang='lat' dir='ltr'><strong>operis</strong></span> <span class='ocrx_word' id='word_1_422' title='bbox 2761 2370 2843 2426; x_wconf 89' lang='lat' dir='ltr'><strong>sui</strong></span> <span class='ocrx_word' id='word_1_423' title='bbox 2887 2369 3131 2437; x_wconf 86' lang='lat' dir='ltr'><strong>mittere,</strong></span> <span class='ocrx_word' id='word_1_424' title='bbox 3161 2376 3219 2423; x_wconf 94' lang='lat' dir='ltr'><strong>ut</strong></span> <span class='ocrx_word' id='word_1_425' title='bbox 3246 2366 3418 2422; x_wconf 87' lang='lat' dir='ltr'><strong>sciant</strong></span> <span class='ocrx_word' id='word_1_426' title='bbox 3443 2372 3500 2419; x_wconf 91' lang='lat' dir='ltr'><strong>ct</strong></span> 
     </span>
    </p>
   </div>
   <div class='ocr_carea' id='block_1_52' title="bbox 1912 2457 3500 2540">
    <p class='ocr_par' dir='ltr' id='par_1_52' title="bbox 1912 2457 3500 2540">
     <span class='ocr_line' id='line_1_52' title="bbox 1912 2457 3500 2540; baseline -0.009 -13"><span class='ocrx_word' id='word_1_427' title='bbox 1912 2470 2214 2540; x_wconf 86' lang='lat' dir='ltr'><strong>intelligant</strong></span> <span class='ocrx_word' id='word_1_428' title='bbox 2241 2483 2402 2539; x_wconf 89' lang='lat' dir='ltr'><strong>quam</strong></span> <span class='ocrx_word' id='word_1_429' title='bbox 2442 2474 2722 2537; x_wconf 84' lang='lat' dir='ltr'><strong>acceptum</strong></span> <span class='ocrx_word' id='word_1_430' title='bbox 2755 2462 2865 2521; x_wconf 87' lang='lat' dir='ltr'><strong>Deo</strong></span> <span class='ocrx_word' id='word_1_431' title='bbox 2899 2460 3224 2519; x_wconf 87' lang='lat' dir='ltr'><strong>sacrilicium</strong></span> <span class='ocrx_word' id='word_1_432' title='bbox 3253 2457 3500 2514; x_wconf 86' lang='lat' dir='ltr'><strong>dederint</strong></span> 
     </span>
    </p>
   </div>
   <div class='ocr_carea' id='block_1_53' title="bbox 1912 2552 3499 2630">
    <p class='ocr_par' dir='ltr' id='par_1_53' title="bbox 1912 2552 3499 2630">
     <span class='ocr_line' id='line_1_53' title="bbox 1912 2552 3499 2630; baseline -0.008 -9"><span class='ocrx_word' id='word_1_433' title='bbox 1912 2565 2015 2621; x_wconf 88' lang='lat' dir='ltr'><strong>hac</strong></span> <span class='ocrx_word' id='word_1_434' title='bbox 2033 2563 2337 2619; x_wconf 87' lang='lat' dir='ltr'><strong>obedientia</strong></span> <span class='ocrx_word' id='word_1_435' title='bbox 2380 2559 2501 2616; x_wconf 81' lang='lat' dir='ltr'><strong>ﬁdei</strong></span> <span class='ocrx_word' id='word_1_436' title='bbox 2531 2574 2662 2627; x_wconf 63' lang='lat' dir='ltr'><strong>suae,</strong></span> <span class='ocrx_word' id='word_1_437' title='bbox 2704 2573 2810 2630; x_wconf 90' lang='lat' dir='ltr'><strong>qua</strong></span> <span class='ocrx_word' id='word_1_438' title='bbox 2847 2555 3053 2613; x_wconf 86' lang='lat' dir='ltr'><strong>Paulini</strong></span> <span class='ocrx_word' id='word_1_439' title='bbox 3081 2555 3396 2628; x_wconf 85' lang='lat' dir='ltr'><strong>petitionem</strong></span> <span class='ocrx_word' id='word_1_440' title='bbox 3445 2552 3499 2609; x_wconf 86' lang='lat' dir='ltr'><strong>in</strong></span> 
     </span>
    </p>
   </div>
   <div class='ocr_carea' id='block_1_54' title="bbox 1911 2648 3496 2728">
    <p class='ocr_par' dir='ltr' id='par_1_54' title="bbox 1911 2648 3496 2728">
     <span class='ocr_line' id='line_1_54' title="bbox 1911 2648 3496 2728; baseline -0.009 -17"><span class='ocrx_word' id='word_1_441' title='bbox 1911 2654 2155 2728; x_wconf 85' lang='lat' dir='ltr'><strong>Delphini</strong></span> <span class='ocrx_word' id='word_1_442' title='bbox 2180 2665 2235 2711; x_wconf 91' lang='lat' dir='ltr'><strong>et</strong></span> <span class='ocrx_word' id='word_1_443' title='bbox 2253 2652 2479 2709; x_wconf 82' lang='lat' dir='ltr'><strong>Amandi</strong></span> <span class='ocrx_word' id='word_1_444' title='bbox 2500 2652 2804 2708; x_wconf 87' lang='lat' dir='ltr'><strong>interventu</strong></span> <span class='ocrx_word' id='word_1_445' title='bbox 2818 2648 3119 2706; x_wconf 81' lang='lat' dir='ltr'><strong>exorabiles</strong></span> <span class='ocrx_word' id='word_1_446' title='bbox 3132 2651 3453 2717; x_wconf 88' lang='lat' dir='ltr'><strong>receperunt</strong></span> <span class='ocrx_word' id='word_1_447' title='bbox 3477 2658 3496 2698; x_wconf 90' lang='lat'><strong>:</strong></span> 
     </span>
    </p>
   </div>
   <div class='ocr_carea' id='block_1_55' title="bbox 1912 2735 3501 2819">
    <p class='ocr_par' dir='ltr' id='par_1_55' title="bbox 1912 2735 3501 2819">
     <span class='ocr_line' id='line_1_55' title="bbox 1912 2735 3501 2819; baseline -0.009 -15"><span class='ocrx_word' id='word_1_448' title='bbox 1912 2749 2159 2819; x_wconf 84' lang='lat' dir='ltr'><strong>quamvis</strong></span> <span class='ocrx_word' id='word_1_449' title='bbox 2186 2746 2404 2819; x_wconf 87' lang='lat' dir='ltr'><strong>proprie</strong></span> <span class='ocrx_word' id='word_1_450' title='bbox 2426 2745 2650 2801; x_wconf 87' lang='lat' dir='ltr'><strong>nomine</strong></span> <span class='ocrx_word' id='word_1_451' title='bbox 2661 2743 2719 2782; x_wconf 71' lang='grc' dir='ltr'><strong>δι’</strong></span> <span class='ocrx_word' id='word_1_452' title='bbox 2735 2744 2943 2798; x_wconf 88' lang='lat' dir='ltr'><strong>litteras</strong></span> <span class='ocrx_word' id='word_1_453' title='bbox 2971 2739 3037 2796; x_wconf 89' lang='lat' dir='ltr'><strong>ad</strong></span> <span class='ocrx_word' id='word_1_454' title='bbox 3057 2755 3152 2795; x_wconf 90' lang='lat' dir='ltr'><strong>eos</strong></span> <span class='ocrx_word' id='word_1_455' title='bbox 3164 2738 3292 2793; x_wconf 90' lang='lat' dir='ltr'><strong>dare</strong></span> <span class='ocrx_word' id='word_1_456' title='bbox 3310 2735 3501 2791; x_wconf 76' lang='lat' dir='ltr'><strong>decre—</strong></span> 
     </span>
    </p>
   </div>
   <div class='ocr_carea' id='block_1_56' title="bbox 1911 2827 3500 2911">
    <p class='ocr_par' dir='ltr' id='par_1_56' title="bbox 1911 2827 3500 2911">
     <span class='ocr_line' id='line_1_56' title="bbox 1911 2827 3500 2911; baseline -0.009 -16"><span class='ocrx_word' id='word_1_457' title='bbox 1911 2842 2078 2897; x_wconf 87' lang='lat' dir='ltr'><strong>visset</strong></span> <span class='ocrx_word' id='word_1_458' title='bbox 2099 2841 2214 2911; x_wconf 87' lang='lat' dir='ltr'><strong>ipse</strong></span> <span class='ocrx_word' id='word_1_459' title='bbox 2249 2836 2501 2894; x_wconf 89' lang='lat' dir='ltr'><strong>Paulinus</strong></span> <span class='ocrx_word' id='word_1_460' title='bbox 2523 2851 2648 2893; x_wconf 88' lang='lat' dir='ltr'><strong>cum</strong></span> <span class='ocrx_word' id='word_1_461' title='bbox 2687 2835 2808 2906; x_wconf 90' lang='lat' dir='ltr'><strong>quis</strong></span> <span class='ocrx_word' id='word_1_462' title='bbox 2834 2848 2900 2889; x_wconf 75' lang='lat' dir='ltr'><strong>ex</strong></span> <span class='ocrx_word' id='word_1_463' title='bbox 2930 2832 3167 2902; x_wconf 86' lang='lat' dir='ltr'><strong>ipsorum</strong></span> <span class='ocrx_word' id='word_1_464' title='bbox 3192 2827 3500 2887; x_wconf 80' lang='lat' dir='ltr'><strong>hominibus</strong></span> 
     </span>
    </p>
   </div>
   <div class='ocr_carea' id='block_1_57' title="bbox 1913 2922 3028 3004">
    <p class='ocr_par' dir='ltr' id='par_1_57' title="bbox 1913 2922 3028 3004">
     <span class='ocr_line' id='line_1_57' title="bbox 1913 2922 3028 3004; baseline -0.009 -16"><span class='ocrx_word' id='word_1_465' title='bbox 1913 2947 1947 2988; x_wconf 91' lang='lat' dir='ltr'><strong>e</strong></span> <span class='ocrx_word' id='word_1_466' title='bbox 1970 2929 2264 3004; x_wconf 86' lang='lat' dir='ltr'><strong>Campania</strong></span> <span class='ocrx_word' id='word_1_467' title='bbox 2292 2928 2631 2999; x_wconf 84' lang='lat' dir='ltr'><strong>Burdigalam</strong></span> <span class='ocrx_word' id='word_1_468' title='bbox 2653 2942 2712 2983; x_wconf 89' lang='lat' dir='ltr'><strong>se</strong></span> <span class='ocrx_word' id='word_1_469' title='bbox 2739 2922 3028 2982; x_wconf 66' lang='lat' dir='ltr'><strong>conferret.</strong></span> 
     </span>
    </p>
   </div>
   <div class='ocr_carea' id='block_1_58' title="bbox 2461 3016 2945 3096">
    <p class='ocr_par' dir='ltr' id='par_1_58' title="bbox 2461 3016 2945 3096">
     <span class='ocr_line' id='line_1_58' title="bbox 2461 3016 2945 3096; baseline -0.01 0"><span class='ocrx_word' id='word_1_470' title='bbox 2461 3029 2692 3096; x_wconf 80' lang='lat' dir='ltr'><strong>CAPUT</strong></span> <span class='ocrx_word' id='word_1_471' title='bbox 2714 3016 2945 3092; x_wconf 63' lang='lat' dir='ltr'><strong>&#39;xxxu.</strong></span> 
     </span>
    </p>
   </div>
   <div class='ocr_carea' id='block_1_59' title="bbox 1916 3121 3500 3195">
    <p class='ocr_par' dir='ltr' id='par_1_59' title="bbox 1916 3121 3500 3195">
     <span class='ocr_line' id='line_1_59' title="bbox 1916 3121 3500 3195; baseline -0.01 -1"><span class='ocrx_word' id='word_1_472' title='bbox 1916 3138 2309 3195; x_wconf 63' lang='lat' dir='ltr'><strong>Pammachius</strong></span> <span class='ocrx_word' id='word_1_473' title='bbox 2333 3135 2400 3189; x_wconf 79' lang='lat' dir='ltr'><strong>de</strong></span> <span class='ocrx_word' id='word_1_474' title='bbox 2419 3143 2582 3189; x_wconf 83' lang='lat' dir='ltr'><strong>morte</strong></span> <span class='ocrx_word' id='word_1_475' title='bbox 2598 3133 2777 3187; x_wconf 73' lang='lat' dir='ltr'><strong>uxoris</strong></span> <span class='ocrx_word' id='word_1_476' title='bbox 2798 3129 3094 3189; x_wconf 78' lang='lat' dir='ltr'><strong>consolatur</strong></span> <span class='ocrx_word' id='word_1_477' title='bbox 3121 3124 3394 3182; x_wconf 81' lang='lat' dir='ltr'><strong>Paulinus.</strong></span> <span class='ocrx_word' id='word_1_478' title='bbox 3416 3121 3500 3195; x_wconf 71' lang='lat' dir='ltr'><strong>Ea</strong></span> 
     </span>
    </p>
   </div>
   <div class='ocr_carea' id='block_1_60' title="bbox 1988 3193 3502 3279">
    <p class='ocr_par' dir='ltr' id='par_1_60' title="bbox 1988 3193 3502 3279">
     <span class='ocr_line' id='line_1_60' title="bbox 1988 3193 3502 3279; baseline -0.009 -14"><span class='ocrx_word' id='word_1_479' title='bbox 1988 3193 2232 3279; x_wconf 76' lang='lat' dir='ltr'><strong>Delphini</strong></span> <span class='ocrx_word' id='word_1_480' title='bbox 2254 3205 2565 3279; x_wconf 60' lang='lat' dir='ltr'><strong>egritudine</strong></span> <span class='ocrx_word' id='word_1_481' title='bbox 2590 3212 2765 3279; x_wconf 70' lang='lat' dir='ltr'><strong>captat</strong></span> <span class='ocrx_word' id='word_1_482' title='bbox 2787 3200 3091 3279; x_wconf 64' lang='lat' dir='ltr'><strong>tramititatis</strong></span> <span class='ocrx_word' id='word_1_483' title='bbox 3117 3197 3407 3255; x_wconf 82' lang='lat' dir='ltr'><strong>materiam.</strong></span> <span class='ocrx_word' id='word_1_484' title='bbox 3435 3193 3502 3253; x_wconf 78' lang='lat' dir='ltr'><strong>In</strong></span> 
     </span>
    </p>
   </div>
   <div class='ocr_carea' id='block_1_61' title="bbox 210 3274 3047 3365">
    <p class='ocr_par' dir='ltr' id='par_1_61' title="bbox 210 3274 3047 3365">
     <span class='ocr_line' id='line_1_61' title="bbox 210 3274 3047 3365; baseline -0.005 -22"><span class='ocrx_word' id='word_1_485' title='bbox 210 3304 318 3359; x_wconf 91' lang='lat' dir='ltr'><strong>qua</strong></span> <span class='ocrx_word' id='word_1_486' title='bbox 349 3287 419 3343; x_wconf 84' lang='lat' dir='ltr'><strong>de</strong></span> <span class='ocrx_word' id='word_1_487' title='bbox 457 3286 632 3343; x_wconf 85' lang='lat' dir='ltr'><strong>sancti</strong></span> <span class='ocrx_word' id='word_1_488' title='bbox 672 3285 974 3359; x_wconf 82' lang='lat' dir='ltr'><strong>presbyteri</strong></span> <span class='ocrx_word' id='word_1_489' title='bbox 1005 3280 1229 3365; x_wconf 76' lang='lat' dir='ltr'><strong>negotio</strong></span> <span class='ocrx_word' id='word_1_490' title='bbox 1246 3305 1375 3345; x_wconf 82' lang='lat' dir='ltr'><strong>cura</strong></span> <span class='ocrx_word' id='word_1_491' title='bbox 1418 3305 1450 3346; x_wconf 85' lang='lat' dir='ltr'><strong>a</strong></span> <span class='ocrx_word' id='word_1_492' title='bbox 1477 3305 1537 3347; x_wconf 77' lang='lat' dir='ltr'><strong>se</strong></span> <span class='ocrx_word' id='word_1_493' title='bbox 1563 3300 1814 3363; x_wconf 64' lang='lat' dir='ltr'><strong>suscepta</strong></span> <span class='ocrx_word' id='word_1_494' title='bbox 1838 3291 1885 3356; x_wconf 75' lang='grc' dir='ltr'>ο</span> <span class='ocrx_word' id='word_1_495' title='bbox 1982 3274 2099 3353; x_wconf 73' lang='lat' dir='ltr'><strong>ejus</strong></span> <span class='ocrx_word' id='word_1_496' title='bbox 2123 3274 2342 3352; x_wconf 66' lang='lat' dir='ltr'><strong>gratiam</strong></span> <span class='ocrx_word' id='word_1_497' title='bbox 2375 3277 2551 3359; x_wconf 79' lang='lat' dir='ltr'><strong>scribit</strong></span> <span class='ocrx_word' id='word_1_498' title='bbox 2577 3274 2883 3333; x_wconf 76' lang='lat' dir='ltr'><strong>Anastasius</strong></span> <span class='ocrx_word' id='word_1_499' title='bbox 2912 3287 3047 3346; x_wconf 83' lang='lat' dir='ltr'><strong>papa</strong></span> 
     </span>
    </p>
   </div>
   <div class='ocr_carea' id='block_1_62' title="bbox 211 3370 1867 3451">
    <p class='ocr_par' dir='ltr' id='par_1_62' title="bbox 211 3370 1867 3451">
     <span class='ocr_line' id='line_1_62' title="bbox 211 3370 1867 3451; baseline 0.002 -15"><span class='ocrx_word' id='word_1_500' title='bbox 211 3380 443 3437; x_wconf 86' lang='lat' dir='ltr'><strong>haberet</strong></span> <span class='ocrx_word' id='word_1_501' title='bbox 460 3378 838 3451; x_wconf 88' lang='lat' dir='ltr'><strong>patrocinium.</strong></span> <span class='ocrx_word' id='word_1_502' title='bbox 870 3388 897 3429; x_wconf 73' lang='grc' dir='ltr'><strong>Ρ</strong></span> <span class='ocrx_word' id='word_1_503' title='bbox 915 3377 995 3434; x_wconf 84' lang='lat' dir='ltr'><strong>Ad</strong></span> <span class='ocrx_word' id='word_1_504' title='bbox 1023 3370 1323 3437; x_wconf 74' lang='lat' dir='ltr'><strong>Daduciuni</strong></span> <span class='ocrx_word' id='word_1_505' title='bbox 1360 3382 1522 3451; x_wconf 87' lang='lat' dir='ltr'><strong>igitur</strong></span> <span class='ocrx_word' id='word_1_506' title='bbox 1547 3371 1711 3438; x_wconf 79' lang='lat' dir='ltr'><strong>unum</strong></span> <span class='ocrx_word' id='word_1_507' title='bbox 1745 3399 1814 3440; x_wconf 75' lang='lat' dir='ltr'><strong>ex</strong></span> <span class='ocrx_word' id='word_1_508' title='bbox 1864 3401 1867 3405; x_wconf 92' lang='grc'><strong>·</strong></span> 
     </span>
    </p>
   </div>
   <div class='ocr_carea' id='block_1_63' title="bbox 212 3470 1815 3545">
    <p class='ocr_par' dir='ltr' id='par_1_63' title="bbox 212 3470 1815 3545">
     <span class='ocr_line' id='line_1_63' title="bbox 212 3470 1815 3545; baseline 0.001 -15"><span class='ocrx_word' id='word_1_509' title='bbox 212 3474 320 3530; x_wconf 87' lang='lat' dir='ltr'><strong>illis</strong></span> <span class='ocrx_word' id='word_1_510' title='bbox 341 3474 671 3545; x_wconf 73' lang='lat' dir='ltr'><strong>prmcipuum</strong></span> <span class='ocrx_word' id='word_1_511' title='bbox 700 3470 956 3529; x_wconf 86' lang='lat' dir='ltr'><strong>Paulinus</strong></span> <span class='ocrx_word' id='word_1_512' title='bbox 977 3473 1257 3545; x_wconf 88' lang='lat' dir='ltr'><strong>epistolam</strong></span> <span class='ocrx_word' id='word_1_513' title='bbox 1286 3475 1601 3542; x_wconf 89' lang='lat' dir='ltr'><strong>transmisit,</strong></span> <span class='ocrx_word' id='word_1_514' title='bbox 1620 3486 1647 3526; x_wconf 76' lang='grc' dir='ltr'>ει</span> <span class='ocrx_word' id='word_1_515' title='bbox 1667 3490 1815 3531; x_wconf 86' lang='lat' dir='ltr'><strong>eam-</strong></span> 
     </span>
    </p>
   </div>
   <div class='ocr_carea' id='block_1_64' title="bbox 212 3564 1812 3640">
    <p class='ocr_par' dir='ltr' id='par_1_64' title="bbox 212 3564 1812 3640">
     <span class='ocr_line' id='line_1_64' title="bbox 212 3564 1812 3640; baseline 0.001 -17"><span class='ocrx_word' id='word_1_516' title='bbox 212 3583 321 3640; x_wconf 86' lang='lat' dir='ltr'><strong>que</strong></span> <span class='ocrx_word' id='word_1_517' title='bbox 360 3575 605 3638; x_wconf 88' lang='lat' dir='ltr'><strong>apertam</strong></span> <span class='ocrx_word' id='word_1_518' title='bbox 634 3564 878 3621; x_wconf 80' lang='lat' dir='ltr'><strong>Amando</strong></span> <span class='ocrx_word' id='word_1_519' title='bbox 908 3572 967 3621; x_wconf 90' lang='lat' dir='ltr'><strong>ut</strong></span> <span class='ocrx_word' id='word_1_520' title='bbox 993 3566 1110 3636; x_wconf 88' lang='lat' dir='ltr'><strong>ejus</strong></span> <span class='ocrx_word' id='word_1_521' title='bbox 1137 3567 1215 3623; x_wconf 90' lang='lat' dir='ltr'><strong>rei</strong></span> <span class='ocrx_word' id='word_1_522' title='bbox 1248 3577 1581 3623; x_wconf 87' lang='lat' dir='ltr'><strong>momentum</strong></span> <span class='ocrx_word' id='word_1_523' title='bbox 1611 3577 1667 3625; x_wconf 90' lang='lat' dir='ltr'><strong>et</strong></span> <span class='ocrx_word' id='word_1_524' title='bbox 1712 3584 1812 3625; x_wconf 87' lang='lat' dir='ltr'><strong>ne-</strong></span> 
     </span>
    </p>
   </div>
   <div class='ocr_carea' id='block_1_65' title="bbox 213 3642 1815 3731">
    <p class='ocr_par' dir='ltr' id='par_1_65' title="bbox 213 3642 1815 3731">
     <span class='ocr_line' id='line_1_65' title="bbox 213 3642 1815 3731; baseline -0.001 -13"><span class='ocrx_word' id='word_1_525' title='bbox 213 3642 512 3718; x_wconf 76' lang='lat' dir='ltr'><strong>cessariam</strong></span> <span class='ocrx_word' id='word_1_526' title='bbox 538 3658 733 3728; x_wconf 87' lang='lat' dir='ltr'><strong>agendi</strong></span> <span class='ocrx_word' id='word_1_527' title='bbox 760 3657 1088 3731; x_wconf 79' lang='lat' dir='ltr'><strong>celeritatem</strong></span> <span class='ocrx_word' id='word_1_528' title='bbox 1118 3667 1454 3727; x_wconf 86' lang='lat' dir='ltr'><strong>agnosceret,</strong></span> <span class='ocrx_word' id='word_1_529' title='bbox 1478 3674 1541 3715; x_wconf 89' lang='lat' dir='ltr'><strong>ac</strong></span> <span class='ocrx_word' id='word_1_530' title='bbox 1569 3660 1722 3731; x_wconf 88' lang='lat' dir='ltr'><strong>petiit</strong></span> <span class='ocrx_word' id='word_1_531' title='bbox 1745 3659 1815 3717; x_wconf 90' lang='lat' dir='ltr'><strong>ab</strong></span> 
     </span>
    </p>
   </div>
   <div class='ocr_carea' id='block_1_66' title="bbox 211 3727 1814 3823">
    <p class='ocr_par' dir='ltr' id='par_1_66' title="bbox 211 3727 1814 3823">
     <span class='ocr_line' id='line_1_66' title="bbox 211 3727 1814 3823; baseline 0 -15"><span class='ocrx_word' id='word_1_532' title='bbox 211 3767 282 3808; x_wconf 88' lang='lat' dir='ltr'><strong>eo</strong></span> <span class='ocrx_word' id='word_1_533' title='bbox 314 3762 373 3807; x_wconf 87' lang='lat' dir='ltr'><strong>ut</strong></span> <span class='ocrx_word' id='word_1_534' title='bbox 403 3751 655 3823; x_wconf 87' lang='lat' dir='ltr'><strong>ipsiuset</strong></span> <span class='ocrx_word' id='word_1_535' title='bbox 680 3727 945 3820; x_wconf 78' lang='lat' dir='ltr'><strong>Delphini,</strong></span> <span class='ocrx_word' id='word_1_536' title='bbox 975 3748 1059 3805; x_wconf 91' lang='lat' dir='ltr'><strong>cui</strong></span> <span class='ocrx_word' id='word_1_537' title='bbox 1081 3748 1324 3820; x_wconf 80' lang='lat' dir='ltr'><strong>profecto</strong></span> <span class='ocrx_word' id='word_1_538' title='bbox 1348 3727 1635 3819; x_wconf 78' lang='lat' dir='ltr'><strong>scribebat,</strong></span> <span class='ocrx_word' id='word_1_539' title='bbox 1660 3767 1814 3808; x_wconf 78' lang='lat' dir='ltr'><strong>com-</strong></span> 
     </span>
    </p>
   </div>
   <div class='ocr_carea' id='block_1_67' title="bbox 212 3836 1815 3914">
    <p class='ocr_par' dir='ltr' id='par_1_67' title="bbox 212 3836 1815 3914">
     <span class='ocr_line' id='line_1_67' title="bbox 212 3836 1815 3914; baseline 0 -14"><span class='ocrx_word' id='word_1_540' title='bbox 212 3836 496 3900; x_wconf 85' lang='lat' dir='ltr'><strong>mendatio</strong></span> <span class='ocrx_word' id='word_1_541' title='bbox 526 3840 723 3897; x_wconf 88' lang='lat' dir='ltr'><strong>litteris</strong></span> <span class='ocrx_word' id='word_1_542' title='bbox 750 3841 860 3897; x_wconf 88' lang='lat' dir='ltr'><strong>suis</strong></span> <span class='ocrx_word' id='word_1_543' title='bbox 899 3840 1209 3909; x_wconf 88' lang='lat' dir='ltr'><strong>accederet;</strong></span> <span class='ocrx_word' id='word_1_544' title='bbox 1239 3840 1547 3914; x_wconf 73' lang='lat' dir='ltr'><strong>faceretque</strong></span> <span class='ocrx_word' id='word_1_545' title='bbox 1583 3852 1643 3899; x_wconf 90' lang='lat' dir='ltr'><strong>ut</strong></span> <span class='ocrx_word' id='word_1_546' title='bbox 1689 3837 1815 3900; x_wconf 13' lang='lat' dir='ltr'><strong>Deil-</strong></span> 
     </span>
    </p>
   </div>
   <div class='ocr_carea' id='block_1_68' title="bbox 212 3932 1817 4009">
    <p class='ocr_par' dir='ltr' id='par_1_68' title="bbox 212 3932 1817 4009">
     <span class='ocr_line' id='line_1_68' title="bbox 212 3932 1817 4009; baseline 0.002 -19"><span class='ocrx_word' id='word_1_547' title='bbox 212 3936 437 4009; x_wconf 84' lang='lat' dir='ltr'><strong>phinns,</strong></span> <span class='ocrx_word' id='word_1_548' title='bbox 465 3934 515 3991; x_wconf 91' lang='lat' dir='ltr'><strong>si</strong></span> <span class='ocrx_word' id='word_1_549' title='bbox 562 3932 833 3990; x_wconf 39' lang='lat' dir='ltr'><strong>Daducius‘</strong></span> <span class='ocrx_word' id='word_1_550' title='bbox 872 3934 927 3990; x_wconf 89' lang='lat' dir='ltr'><strong>in</strong></span> <span class='ocrx_word' id='word_1_551' title='bbox 970 3933 1156 3990; x_wconf 81' lang='lat' dir='ltr'><strong>Galliis</strong></span> <span class='ocrx_word' id='word_1_552' title='bbox 1195 3943 1357 4003; x_wconf 85' lang='lat' dir='ltr'><strong>esset,</strong></span> <span class='ocrx_word' id='word_1_553' title='bbox 1398 3936 1514 3992; x_wconf 89' lang='lat' dir='ltr'><strong>sine</strong></span> <span class='ocrx_word' id='word_1_554' title='bbox 1558 3936 1817 3994; x_wconf 81' lang='lat' dir='ltr'><strong>dilatione</strong></span> 
     </span>
    </p>
   </div>
   <div class='ocr_carea' id='block_1_69' title="bbox 211 4024 1815 4101">
    <p class='ocr_par' dir='ltr' id='par_1_69' title="bbox 211 4024 1815 4101">
     <span class='ocr_line' id='line_1_69' title="bbox 211 4024 1815 4101; baseline 0 -17"><span class='ocrx_word' id='word_1_555' title='bbox 211 4040 319 4101; x_wconf 88' lang='lat' dir='ltr'><strong>per</strong></span> <span class='ocrx_word' id='word_1_556' title='bbox 356 4041 684 4084; x_wconf 83' lang='lat' dir='ltr'><strong>conservum</strong></span> <span class='ocrx_word' id='word_1_557' title='bbox 733 4024 945 4081; x_wconf 82' lang='lat' dir='ltr'><strong>ﬁdelem</strong></span> <span class='ocrx_word' id='word_1_558' title='bbox 981 4033 1041 4083; x_wconf 87' lang='lat' dir='ltr'><strong>et</strong></span> <span class='ocrx_word' id='word_1_559' title='bbox 1083 4026 1399 4099; x_wconf 85' lang='lat' dir='ltr'><strong>impigrum,</strong></span> <span class='ocrx_word' id='word_1_560' title='bbox 1433 4028 1516 4084; x_wconf 86' lang='lat' dir='ltr'><strong>vel</strong></span> <span class='ocrx_word' id='word_1_561' title='bbox 1560 4029 1815 4085; x_wconf 87' lang='lat' dir='ltr'><strong>clericum</strong></span> 
     </span>
    </p>
   </div>
   <div class='ocr_carea' id='block_1_70' title="bbox 209 4118 1817 4191">
    <p class='ocr_par' dir='ltr' id='par_1_70' title="bbox 209 4118 1817 4191">
     <span class='ocr_line' id='line_1_70' title="bbox 209 4118 1817 4191; baseline 0.002 -14"><span class='ocrx_word' id='word_1_562' title='bbox 209 4135 284 4177; x_wconf 80' lang='lat' dir='ltr'><strong>ex</strong></span> <span class='ocrx_word' id='word_1_563' title='bbox 313 4119 449 4186; x_wconf 86' lang='lat' dir='ltr'><strong>suis,</strong></span> <span class='ocrx_word' id='word_1_564' title='bbox 479 4119 563 4175; x_wconf 81' lang='lat' dir='ltr'><strong>vel</strong></span> <span class='ocrx_word' id='word_1_565' title='bbox 595 4118 761 4175; x_wconf 84' lang='lat' dir='ltr'><strong>unum</strong></span> <span class='ocrx_word' id='word_1_566' title='bbox 805 4134 869 4175; x_wconf 79' lang='lat' dir='ltr'><strong>ex</strong></span> <span class='ocrx_word' id='word_1_567' title='bbox 901 4119 1349 4191; x_wconf 78' lang='lat' dir='ltr'><strong>Alingonensibus</strong></span> <span class='ocrx_word' id='word_1_568' title='bbox 1376 4137 1470 4178; x_wconf 89' lang='lat' dir='ltr'><strong>eas</strong></span> <span class='ocrx_word' id='word_1_569' title='bbox 1497 4120 1817 4180; x_wconf 77' lang='lat' dir='ltr'><strong>deferendas</strong></span> 
     </span>
    </p>
   </div>
   <div class='ocr_carea' id='block_1_71' title="bbox 210 4204 1817 4284">
    <p class='ocr_par' dir='ltr' id='par_1_71' title="bbox 210 4204 1817 4284">
     <span class='ocr_line' id='line_1_71' title="bbox 210 4204 1817 4284; baseline 0.002 -17"><span class='ocrx_word' id='word_1_570' title='bbox 210 4219 443 4267; x_wconf 88' lang='lat' dir='ltr'><strong>curaret</strong></span> <span class='ocrx_word' id='word_1_571' title='bbox 470 4230 485 4266; x_wconf 90' lang='lat'><strong><em>:</em></strong></span> <span class='ocrx_word' id='word_1_572' title='bbox 517 4209 664 4283; x_wconf 90' lang='lat' dir='ltr'><strong>quod</strong></span> <span class='ocrx_word' id='word_1_573' title='bbox 691 4204 1370 4268; x_wconf 77' lang='lat' dir='ltr'><strong>certe‘indicatPaulinum</strong></span> <span class='ocrx_word' id='word_1_574' title='bbox 1394 4213 1523 4269; x_wconf 90' lang='lat' dir='ltr'><strong>olim</strong></span> <span class='ocrx_word' id='word_1_575' title='bbox 1548 4214 1817 4284; x_wconf 82' lang='lat' dir='ltr'><strong>quoddam</strong></span> 
     </span>
    </p>
   </div>
   <div class='ocr_carea' id='block_1_72' title="bbox 208 4300 1818 4376">
    <p class='ocr_par' dir='ltr' id='par_1_72' title="bbox 208 4300 1818 4376">
     <span class='ocr_line' id='line_1_72' title="bbox 208 4300 1818 4376; baseline 0.002 -17"><span class='ocrx_word' id='word_1_576' title='bbox 208 4303 310 4376; x_wconf 86' lang='lat' dir='ltr'><strong>jus</strong></span> <span class='ocrx_word' id='word_1_577' title='bbox 355 4300 435 4359; x_wconf 88' lang='lat' dir='ltr'><strong>in</strong></span> <span class='ocrx_word' id='word_1_578' title='bbox 459 4303 607 4359; x_wconf 87' lang='lat' dir='ltr'><strong>hunc</strong></span> <span class='ocrx_word' id='word_1_579' title='bbox 633 4316 820 4373; x_wconf 87' lang='lat' dir='ltr'><strong>agrum</strong></span> <span class='ocrx_word' id='word_1_580' title='bbox 866 4302 1136 4371; x_wconf 88' lang='lat' dir='ltr'><strong>habuisse,</strong></span> <span class='ocrx_word' id='word_1_581' title='bbox 1165 4318 1327 4375; x_wconf 90' lang='lat' dir='ltr'><strong>quem</strong></span> <span class='ocrx_word' id='word_1_582' title='bbox 1376 4303 1519 4361; x_wconf 75' lang='lat' dir='ltr'><strong>forte</strong></span> <span class='ocrx_word' id='word_1_583' title='bbox 1560 4304 1818 4363; x_wconf 75' lang='lat' dir='ltr'><strong>Ecclesia:</strong></span> 
     </span>
    </p>
   </div>
   <div class='ocr_carea' id='block_1_73' title="bbox 210 4395 1819 4471">
    <p class='ocr_par' dir='ltr' id='par_1_73' title="bbox 210 4395 1819 4471">
     <span class='ocr_line' id='line_1_73' title="bbox 210 4395 1819 4471; baseline 0.002 -18"><span class='ocrx_word' id='word_1_584' title='bbox 210 4395 596 4468; x_wconf 84' lang='lat' dir='ltr'><strong>Burdigalensi</strong></span> <span class='ocrx_word' id='word_1_585' title='bbox 619 4395 763 4452; x_wconf 88' lang='lat' dir='ltr'><strong>dono</strong></span> <span class='ocrx_word' id='word_1_586' title='bbox 782 4395 1024 4467; x_wconf 88' lang='lat' dir='ltr'><strong>dederat,</strong></span> <span class='ocrx_word' id='word_1_587' title='bbox 1049 4406 1074 4436; x_wconf 70' lang='grc' dir='ltr'><strong><em>τ</em></strong></span> <span class='ocrx_word' id='word_1_588' title='bbox 1096 4397 1248 4468; x_wconf 87' lang='lat' dir='ltr'><strong>cujus</strong></span> <span class='ocrx_word' id='word_1_589' title='bbox 1274 4397 1525 4455; x_wconf 64' lang='lat' dir='ltr'><strong>Ecclesia:</strong></span> <span class='ocrx_word' id='word_1_590' title='bbox 1549 4400 1819 4471; x_wconf 88' lang='lat' dir='ltr'><strong>quondam</strong></span> 
     </span>
    </p>
   </div>
   <div class='ocr_carea' id='block_1_74' title="bbox 208 4485 1820 4562">
    <p class='ocr_par' dir='ltr' id='par_1_74' title="bbox 208 4485 1820 4562">
     <span class='ocr_line' id='line_1_74' title="bbox 208 4485 1820 4562; baseline 0.003 -16"><span class='ocrx_word' id='word_1_591' title='bbox 208 4485 386 4547; x_wconf 82' lang='lat' dir='ltr'><strong>fuisse</strong></span> <span class='ocrx_word' id='word_1_592' title='bbox 414 4504 515 4561; x_wconf 88' lang='lat' dir='ltr'><strong>per</strong></span> <span class='ocrx_word' id='word_1_593' title='bbox 541 4488 740 4545; x_wconf 90' lang='lat' dir='ltr'><strong>multos</strong></span> <span class='ocrx_word' id='word_1_594' title='bbox 766 4503 939 4547; x_wconf 89' lang='lat' dir='ltr'><strong>annos</strong></span> <span class='ocrx_word' id='word_1_595' title='bbox 969 4492 1347 4562; x_wconf 88' lang='lat' dir='ltr'><strong>comperimus.</strong></span> <span class='ocrx_word' id='word_1_596' title='bbox 1379 4490 1587 4549; x_wconf 88' lang='lat' dir='ltr'><strong>Paulini</strong></span> <span class='ocrx_word' id='word_1_597' title='bbox 1618 4502 1640 4535; x_wconf 75' lang='grc' dir='ltr'><strong>ι</strong></span> <span class='ocrx_word' id='word_1_598' title='bbox 1672 4494 1820 4551; x_wconf 84' lang='lat' dir='ltr'><strong>litte-</strong></span> 
     </span>
    </p>
   </div>
   <div class='ocr_carea' id='block_1_75' title="bbox 208 4581 1820 4654">
    <p class='ocr_par' dir='ltr' id='par_1_75' title="bbox 208 4581 1820 4654">
     <span class='ocr_line' id='line_1_75' title="bbox 208 4581 1820 4654; baseline 0.003 -15"><span class='ocrx_word' id='word_1_599' title='bbox 208 4599 295 4639; x_wconf 68' lang='lat' dir='ltr'><strong>rae</strong></span> <span class='ocrx_word' id='word_1_600' title='bbox 327 4598 454 4641; x_wconf 91' lang='lat' dir='ltr'><strong>cum</strong></span> <span class='ocrx_word' id='word_1_601' title='bbox 484 4581 734 4654; x_wconf 87' lang='lat' dir='ltr'><strong>Delphini</strong></span> <span class='ocrx_word' id='word_1_602' title='bbox 763 4590 819 4637; x_wconf 91' lang='lat' dir='ltr'><strong>et</strong></span> <span class='ocrx_word' id='word_1_603' title='bbox 846 4583 1073 4640; x_wconf 87' lang='lat' dir='ltr'><strong>Amandi</strong></span> <span class='ocrx_word' id='word_1_604' title='bbox 1106 4585 1663 4642; x_wconf 90' lang='lat' dir='ltr'><strong>commendationibus</strong></span> <span class='ocrx_word' id='word_1_605' title='bbox 1690 4602 1820 4644; x_wconf 88' lang='lat' dir='ltr'><strong>con-</strong></span> 
     </span>
    </p>
   </div>
   <div class='ocr_carea' id='block_1_76' title="bbox 1984 3358 3502 3441">
    <p class='ocr_par' dir='ltr' id='par_1_76' title="bbox 1984 3358 3502 3441">
     <span class='ocr_line' id='line_1_76' title="bbox 1984 3358 3502 3441; baseline -0.008 -13"><span class='ocrx_word' id='word_1_606' title='bbox 1984 3374 2037 3429; x_wconf 77' lang='lat' dir='ltr'><strong>i.</strong></span> <span class='ocrx_word' id='word_1_607' title='bbox 2070 3372 2311 3441; x_wconf 88' lang='lat' dir='ltr'><strong>Paulina,</strong></span> <span class='ocrx_word' id='word_1_608' title='bbox 2334 3380 2531 3430; x_wconf 76' lang='lat' dir='ltr'><strong>sancta:</strong></span> <span class='ocrx_word' id='word_1_609' title='bbox 2555 3370 2733 3427; x_wconf 75' lang='lat' dir='ltr'><strong>Paula:</strong></span> <span class='ocrx_word' id='word_1_610' title='bbox 2762 3369 2887 3434; x_wconf 86' lang='lat' dir='ltr'><strong>tilia,</strong></span> <span class='ocrx_word' id='word_1_611' title='bbox 2910 3374 2967 3425; x_wconf 88' lang='lat' dir='ltr'><strong>et</strong></span> <span class='ocrx_word' id='word_1_612' title='bbox 2991 3375 3128 3422; x_wconf 76' lang='lat' dir='ltr'><strong>uxor</strong></span> <span class='ocrx_word' id='word_1_613' title='bbox 3148 3358 3502 3428; x_wconf 83' lang='lat' dir='ltr'><strong>Pammacliii,</strong></span> 
     </span>
    </p>
   </div>
   <div class='ocr_carea' id='block_1_77' title="bbox 1911 3450 3502 3537">
    <p class='ocr_par' dir='ltr' id='par_1_77' title="bbox 1911 3450 3502 3537">
     <span class='ocr_line' id='line_1_77' title="bbox 1911 3450 3502 3537; baseline -0.01 -15"><span class='ocrx_word' id='word_1_614' title='bbox 1911 3466 2056 3522; x_wconf 84' lang='lat' dir='ltr'><strong>diem</strong></span> <span class='ocrx_word' id='word_1_615' title='bbox 2083 3478 2390 3537; x_wconf 89' lang='lat' dir='ltr'><strong>supremum</strong></span> <span class='ocrx_word' id='word_1_616' title='bbox 2423 3474 2478 3504; x_wconf 64' lang='lat' dir='ltr'><strong>cc</strong></span> <span class='ocrx_word' id='word_1_617' title='bbox 2501 3464 2637 3520; x_wconf 90' lang='lat' dir='ltr'><strong>obiit</strong></span> <span class='ocrx_word' id='word_1_618' title='bbox 2662 3462 2805 3519; x_wconf 86' lang='lat' dir='ltr'><strong>circa</strong></span> <span class='ocrx_word' id='word_1_619' title='bbox 2835 3459 2993 3516; x_wconf 82' lang='lat' dir='ltr'><strong>linem</strong></span> <span class='ocrx_word' id='word_1_620' title='bbox 3020 3457 3145 3514; x_wconf 89' lang='lat' dir='ltr'><strong>anni</strong></span> <span class='ocrx_word' id='word_1_621' title='bbox 3175 3454 3299 3511; x_wconf 74' lang='lat'><strong>597.</strong></span> <span class='ocrx_word' id='word_1_622' title='bbox 3326 3450 3502 3509; x_wconf 72' lang='lat' dir='ltr'><strong>Pauli-</strong></span> 
     </span>
    </p>
   </div>
   <div class='ocr_carea' id='block_1_78' title="bbox 1914 3549 3504 3629">
    <p class='ocr_par' dir='ltr' id='par_1_78' title="bbox 1914 3549 3504 3629">
     <span class='ocr_line' id='line_1_78' title="bbox 1914 3549 3504 3629; baseline -0.008 -11"><span class='ocrx_word' id='word_1_623' title='bbox 1914 3575 2016 3618; x_wconf 81' lang='lat' dir='ltr'><strong>nus</strong></span> <span class='ocrx_word' id='word_1_624' title='bbox 2036 3556 2093 3597; x_wconf 64' lang='grc'><strong>⁸⁸</strong></span> <span class='ocrx_word' id='word_1_625' title='bbox 2122 3558 2332 3614; x_wconf 89' lang='lat' dir='ltr'><strong>nonnisi</strong></span> <span class='ocrx_word' id='word_1_626' title='bbox 2376 3563 2501 3629; x_wconf 86' lang='lat' dir='ltr'><strong>post</strong></span> <span class='ocrx_word' id='word_1_627' title='bbox 2527 3556 2727 3612; x_wconf 89' lang='lat' dir='ltr'><strong>multos</strong></span> <span class='ocrx_word' id='word_1_628' title='bbox 2771 3568 2985 3612; x_wconf 87' lang='lat' dir='ltr'><strong>menses</strong></span> <span class='ocrx_word' id='word_1_629' title='bbox 3011 3559 3240 3609; x_wconf 86' lang='lat' dir='ltr'><strong>mortem</strong></span> <span class='ocrx_word' id='word_1_630' title='bbox 3272 3549 3388 3621; x_wconf 85' lang='lat' dir='ltr'><strong>ejus</strong></span> <span class='ocrx_word' id='word_1_631' title='bbox 3410 3568 3504 3607; x_wconf 57' lang='lat' dir='ltr'><strong>eo-</strong></span> 
     </span>
    </p>
   </div>
   <div class='ocr_carea' id='block_1_79' title="bbox 1913 3646 3504 3725">
    <p class='ocr_par' dir='ltr' id='par_1_79' title="bbox 1913 3646 3504 3725">
     <span class='ocr_line' id='line_1_79' title="bbox 1913 3646 3504 3725; baseline -0.006 -16"><span class='ocrx_word' id='word_1_632' title='bbox 1913 3655 2099 3725; x_wconf 88' lang='lat' dir='ltr'><strong>gnovit</strong></span> <span class='ocrx_word' id='word_1_633' title='bbox 2123 3658 2179 3709; x_wconf 89' lang='lat' dir='ltr'><strong>et</strong></span> <span class='ocrx_word' id='word_1_634' title='bbox 2205 3658 2427 3723; x_wconf 84' lang='lat' dir='ltr'><strong>propter</strong></span> <span class='ocrx_word' id='word_1_635' title='bbox 2454 3649 2561 3706; x_wconf 89' lang='lat' dir='ltr'><strong>loci</strong></span> <span class='ocrx_word' id='word_1_636' title='bbox 2604 3648 2963 3707; x_wconf 87' lang='lat' dir='ltr'><strong>remotionem</strong></span> <span class='ocrx_word' id='word_1_637' title='bbox 2990 3653 3045 3703; x_wconf 90' lang='lat' dir='ltr'><strong>et</strong></span> <span class='ocrx_word' id='word_1_638' title='bbox 3072 3646 3381 3703; x_wconf 83' lang='lat' dir='ltr'><strong>nuntiorum</strong></span> <span class='ocrx_word' id='word_1_639' title='bbox 3422 3660 3504 3703; x_wconf 82' lang='lat' dir='ltr'><strong>ra-</strong></span> 
     </span>
    </p>
   </div>
   <div class='ocr_carea' id='block_1_80' title="bbox 1915 3738 3501 3817">
    <p class='ocr_par' dir='ltr' id='par_1_80' title="bbox 1915 3738 3501 3817">
     <span class='ocr_line' id='line_1_80' title="bbox 1915 3738 3501 3817; baseline -0.006 -14"><span class='ocrx_word' id='word_1_640' title='bbox 1915 3738 2151 3814; x_wconf 77' lang='lat' dir='ltr'><strong>ritatem,</strong></span> <span class='ocrx_word' id='word_1_641' title='bbox 2169 3757 2396 3815; x_wconf 88' lang='lat' dir='ltr'><strong>eamque</strong></span> <span class='ocrx_word' id='word_1_642' title='bbox 2416 3742 2622 3817; x_wconf 85' lang='lat' dir='ltr'><strong>accepit</strong></span> <span class='ocrx_word' id='word_1_643' title='bbox 2648 3757 2714 3799; x_wconf 78' lang='lat' dir='ltr'><strong>ex</strong></span> <span class='ocrx_word' id='word_1_644' title='bbox 2745 3741 2936 3798; x_wconf 88' lang='lat' dir='ltr'><strong>litteris</strong></span> <span class='ocrx_word' id='word_1_645' title='bbox 2957 3738 3236 3811; x_wconf 91' lang='lat' dir='ltr'><strong>cujusdam</strong></span> <span class='ocrx_word' id='word_1_646' title='bbox 3264 3740 3419 3797; x_wconf 88' lang='lat' dir='ltr'><strong>amici</strong></span> <span class='ocrx_word' id='word_1_647' title='bbox 3445 3749 3501 3779; x_wconf 76' lang='grc' dir='ltr'><strong>εο</strong></span> 
     </span>
    </p>
   </div>
   <div class='ocr_carea' id='block_1_81' title="bbox 1910 3833 3505 3915">
    <p class='ocr_par' dir='ltr' id='par_1_81' title="bbox 1910 3833 3505 3915">
     <span class='ocr_line' id='line_1_81' title="bbox 1910 3833 3505 3915; baseline -0.004 -19"><span class='ocrx_word' id='word_1_648' title='bbox 1910 3840 2145 3915; x_wconf 87' lang='lat' dir='ltr'><strong>Olympii</strong></span> <span class='ocrx_word' id='word_1_649' title='bbox 2172 3839 2398 3906; x_wconf 89' lang='lat' dir='ltr'><strong>scilicet,</strong></span> <span class='ocrx_word' id='word_1_650' title='bbox 2416 3836 2576 3912; x_wconf 83' lang='lat' dir='ltr'><strong>idque</strong></span> <span class='ocrx_word' id='word_1_651' title='bbox 2600 3834 2651 3876; x_wconf 74' lang='grc' dir='ltr'><strong>εί</strong></span> <span class='ocrx_word' id='word_1_652' title='bbox 2679 3836 2732 3891; x_wconf 92' lang='lat' dir='ltr'><strong>in</strong></span> <span class='ocrx_word' id='word_1_653' title='bbox 2759 3835 2965 3902; x_wconf 88' lang='lat' dir='ltr'><strong>hieme;</strong></span> <span class='ocrx_word' id='word_1_654' title='bbox 2989 3833 3143 3905; x_wconf 87' lang='lat' dir='ltr'><strong>cujus</strong></span> <span class='ocrx_word' id='word_1_655' title='bbox 3171 3836 3505 3910; x_wconf 82' lang='lat' dir='ltr'><strong>tempestatis</strong></span> 
     </span>
    </p>
   </div>
   <div class='ocr_carea' id='block_1_82' title="bbox 1918 3932 3505 4005">
    <p class='ocr_par' dir='ltr' id='par_1_82' title="bbox 1918 3932 3505 4005">
     <span class='ocr_line' id='line_1_82' title="bbox 1918 3932 3505 4005; baseline -0.003 -12"><span class='ocrx_word' id='word_1_656' title='bbox 1918 3936 2260 3994; x_wconf 83' lang='lat' dir='ltr'><strong>inclementia</strong></span> <span class='ocrx_word' id='word_1_657' title='bbox 2298 3942 2354 3993; x_wconf 90' lang='lat' dir='ltr'><strong>et</strong></span> <span class='ocrx_word' id='word_1_658' title='bbox 2390 3932 2546 3991; x_wconf 89' lang='lat' dir='ltr'><strong>solita</strong></span> <span class='ocrx_word' id='word_1_659' title='bbox 2573 3932 2897 3989; x_wconf 86' lang='lat' dir='ltr'><strong>valetudinis</strong></span> <span class='ocrx_word' id='word_1_660' title='bbox 2927 3932 3236 3991; x_wconf 77' lang='lat' dir='ltr'><strong>inﬁmitate</strong></span> <span class='ocrx_word' id='word_1_661' title='bbox 3266 3934 3505 4005; x_wconf 79' lang='lat' dir='ltr'><strong>prohibi-</strong></span> 
     </span>
    </p>
   </div>
   <div class='ocr_carea' id='block_1_83' title="bbox 1920 4025 3508 4097">
    <p class='ocr_par' dir='ltr' id='par_1_83' title="bbox 1920 4025 3508 4097">
     <span class='ocr_line' id='line_1_83' title="bbox 1920 4025 3508 4097; baseline 0 -13"><span class='ocrx_word' id='word_1_662' title='bbox 1920 4038 2004 4091; x_wconf 87' lang='lat' dir='ltr'><strong>tus</strong></span> <span class='ocrx_word' id='word_1_663' title='bbox 2032 4037 2116 4085; x_wconf 89' lang='lat' dir='ltr'><strong>est</strong></span> <span class='ocrx_word' id='word_1_664' title='bbox 2151 4043 2217 4083; x_wconf 90' lang='lat' dir='ltr'><strong>ne</strong></span> <span class='ocrx_word' id='word_1_665' title='bbox 2245 4025 2647 4084; x_wconf 85' lang='lat' dir='ltr'><strong>Pammachium</strong></span> <span class='ocrx_word' id='word_1_666' title='bbox 2690 4025 2804 4097; x_wconf 90' lang='lat' dir='ltr'><strong>ipse</strong></span> <span class='ocrx_word' id='word_1_667' title='bbox 2845 4025 3045 4092; x_wconf 80' lang='lat' dir='ltr'><strong>adiret,</strong></span> <span class='ocrx_word' id='word_1_668' title='bbox 3078 4032 3134 4080; x_wconf 91' lang='lat' dir='ltr'><strong>ut</strong></span> <span class='ocrx_word' id='word_1_669' title='bbox 3162 4026 3215 4080; x_wconf 93' lang='lat' dir='ltr'><strong>in</strong></span> <span class='ocrx_word' id='word_1_670' title='bbox 3241 4026 3382 4083; x_wconf 89' lang='lat' dir='ltr'><strong>votis</strong></span> <span class='ocrx_word' id='word_1_671' title='bbox 3409 4026 3508 4084; x_wconf 73' lang='lat' dir='ltr'><strong>ba-</strong></span> 
     </span>
    </p>
   </div>
   <div class='ocr_carea' id='block_1_84' title="bbox 1918 4117 3505 4188">
    <p class='ocr_par' dir='ltr' id='par_1_84' title="bbox 1918 4117 3505 4188">
     <span class='ocr_line' id='line_1_84' title="bbox 1918 4117 3505 4188; baseline 0 -12"><span class='ocrx_word' id='word_1_672' title='bbox 1918 4121 2112 4176; x_wconf 87' lang='lat' dir='ltr'><strong>bebat:</strong></span> <span class='ocrx_word' id='word_1_673' title='bbox 2148 4118 2266 4174; x_wconf 90' lang='lat' dir='ltr'><strong>tulit</strong></span> <span class='ocrx_word' id='word_1_674' title='bbox 2293 4118 2434 4175; x_wconf 89' lang='lat' dir='ltr'><strong>enim</strong></span> <span class='ocrx_word' id='word_1_675' title='bbox 2460 4125 2519 4166; x_wconf 76' lang='grc' dir='ltr'><strong><em>η</em></strong></span> <span class='ocrx_word' id='word_1_676' title='bbox 2539 4117 2850 4188; x_wconf 84' lang='lat' dir='ltr'><strong>gravissime</strong></span> <span class='ocrx_word' id='word_1_677' title='bbox 2877 4118 3037 4174; x_wconf 89' lang='lat' dir='ltr'><strong>amici</strong></span> <span class='ocrx_word' id='word_1_678' title='bbox 3075 4118 3336 4179; x_wconf 87' lang='lat' dir='ltr'><strong>dolorem.</strong></span> <span class='ocrx_word' id='word_1_679' title='bbox 3371 4118 3505 4176; x_wconf 89' lang='lat' dir='ltr'><strong>Cum</strong></span> 
     </span>
    </p>
   </div>
   <div class='ocr_carea' id='block_1_85' title="bbox 1919 4209 3506 4285">
    <p class='ocr_par' dir='ltr' id='par_1_85' title="bbox 1919 4209 3506 4285">
     <span class='ocr_line' id='line_1_85' title="bbox 1919 4209 3506 4285; baseline 0.001 -17"><span class='ocrx_word' id='word_1_680' title='bbox 1919 4227 2042 4268; x_wconf 86' lang='lat' dir='ltr'><strong>eum</strong></span> <span class='ocrx_word' id='word_1_681' title='bbox 2071 4212 2232 4282; x_wconf 86' lang='lat' dir='ltr'><strong>igitur</strong></span> <span class='ocrx_word' id='word_1_682' title='bbox 2260 4209 2407 4268; x_wconf 85' lang='lat' dir='ltr'><strong>adire</strong></span> <span class='ocrx_word' id='word_1_683' title='bbox 2434 4224 2542 4267; x_wconf 88' lang='lat' dir='ltr'><strong>non</strong></span> <span class='ocrx_word' id='word_1_684' title='bbox 2571 4220 2783 4281; x_wconf 88' lang='lat' dir='ltr'><strong>posset,</strong></span> <span class='ocrx_word' id='word_1_685' title='bbox 2813 4212 3076 4283; x_wconf 75' lang='lat' dir='ltr'><strong>prolixam</strong></span> <span class='ocrx_word' id='word_1_686' title='bbox 3116 4214 3191 4271; x_wconf 90' lang='lat' dir='ltr'><strong>illi</strong></span> <span class='ocrx_word' id='word_1_687' title='bbox 3221 4214 3506 4285; x_wconf 87' lang='lat' dir='ltr'><strong>epistolam</strong></span> 
     </span>
    </p>
   </div>
   <div class='ocr_carea' id='block_1_86' title="bbox 1918 4301 3508 4377">
    <p class='ocr_par' dir='ltr' id='par_1_86' title="bbox 1918 4301 3508 4377">
     <span class='ocr_line' id='line_1_86' title="bbox 1918 4301 3508 4377; baseline 0.001 -15"><span class='ocrx_word' id='word_1_688' title='bbox 1918 4304 2131 4375; x_wconf 90' lang='lat' dir='ltr'><strong>scripsit</strong></span> <span class='ocrx_word' id='word_1_689' title='bbox 2171 4303 2225 4360; x_wconf 90' lang='lat' dir='ltr'><strong>in</strong></span> <span class='ocrx_word' id='word_1_690' title='bbox 2274 4317 2377 4376; x_wconf 87' lang='lat' dir='ltr'><strong>qua</strong></span> <span class='ocrx_word' id='word_1_691' title='bbox 2425 4302 2598 4374; x_wconf 92' lang='lat' dir='ltr'><strong>primo</strong></span> <span class='ocrx_word' id='word_1_692' title='bbox 2627 4301 2743 4373; x_wconf 90' lang='lat' dir='ltr'><strong>pias</strong></span> <span class='ocrx_word' id='word_1_693' title='bbox 2770 4302 2885 4371; x_wconf 91' lang='lat' dir='ltr'><strong>ejus</strong></span> <span class='ocrx_word' id='word_1_694' title='bbox 2927 4303 3188 4377; x_wconf 77' lang='lat' dir='ltr'><strong>lacrymas</strong></span> <span class='ocrx_word' id='word_1_695' title='bbox 3218 4306 3270 4365; x_wconf 92' lang='lat' dir='ltr'><strong>in</strong></span> <span class='ocrx_word' id='word_1_696' title='bbox 3320 4306 3508 4364; x_wconf 83' lang='lat' dir='ltr'><strong>funere</strong></span> 
     </span>
    </p>
   </div>
   <div class='ocr_carea' id='block_1_87' title="bbox 1922 4393 3507 4468">
    <p class='ocr_par' dir='ltr' id='par_1_87' title="bbox 1922 4393 3507 4468">
     <span class='ocr_line' id='line_1_87' title="bbox 1922 4393 3507 4468; baseline 0.003 -16"><span class='ocrx_word' id='word_1_697' title='bbox 1922 4395 2163 4468; x_wconf 90' lang='lat' dir='ltr'><strong>conjugis</strong></span> <span class='ocrx_word' id='word_1_698' title='bbox 2181 4436 2196 4461; x_wconf 88' lang='lat'><strong>,</strong></span> <span class='ocrx_word' id='word_1_699' title='bbox 2227 4402 2339 4450; x_wconf 91' lang='lat' dir='ltr'><strong>tum</strong></span> <span class='ocrx_word' id='word_1_700' title='bbox 2382 4393 2577 4450; x_wconf 90' lang='lat' dir='ltr'><strong>deinde</strong></span> <span class='ocrx_word' id='word_1_701' title='bbox 2604 4394 2871 4467; x_wconf 89' lang='lat' dir='ltr'><strong>impensas</strong></span> <span class='ocrx_word' id='word_1_702' title='bbox 2903 4412 3002 4468; x_wconf 90' lang='lat' dir='ltr'><strong>pro</strong></span> <span class='ocrx_word' id='word_1_703' title='bbox 3029 4396 3293 4455; x_wconf 69' lang='lat' dir='ltr'><strong>defuncta:</strong></span> <span class='ocrx_word' id='word_1_704' title='bbox 3313 4400 3507 4459; x_wconf 86' lang='lat' dir='ltr'><strong>solatio</strong></span> 
     </span>
    </p>
   </div>
   <div class='ocr_carea' id='block_1_88' title="bbox 1922 4487 3509 4562">
    <p class='ocr_par' dir='ltr' id='par_1_88' title="bbox 1922 4487 3509 4562">
     <span class='ocr_line' id='line_1_88' title="bbox 1922 4487 3509 4562; baseline -0.007 -15"><span class='ocrx_word' id='word_1_705' title='bbox 1922 4488 2107 4559; x_wconf 84' lang='lat' dir='ltr'><strong>egenis</strong></span> <span class='ocrx_word' id='word_1_706' title='bbox 2132 4488 2502 4559; x_wconf 85' lang='lat' dir='ltr'><strong>eleemosynas</strong></span> <span class='ocrx_word' id='word_1_707' title='bbox 2522 4487 2766 4543; x_wconf 89' lang='lat' dir='ltr'><strong>laudibus</strong></span> <span class='ocrx_word' id='word_1_708' title='bbox 2793 4488 3138 4559; x_wconf 88' lang='lat' dir='ltr'><strong>prosequitur</strong></span> <span class='ocrx_word' id='word_1_709' title='bbox 3170 4509 3183 4549; x_wconf 92' lang='lat'><strong>:</strong></span> <span class='ocrx_word' id='word_1_710' title='bbox 3224 4505 3343 4562; x_wconf 67' lang='lat' dir='ltr'><strong>qua:</strong></span> <span class='ocrx_word' id='word_1_711' title='bbox 3384 4492 3509 4551; x_wconf 78' lang='grc' dir='ltr'>υιιί-</span> 
     </span>
    </p>
   </div>
   <div class='ocr_carea' id='block_1_89' title="bbox 1923 4579 3508 4658">
    <p class='ocr_par' dir='ltr' id='par_1_89' title="bbox 1923 4579 3508 4658">
     <span class='ocr_line' id='line_1_89' title="bbox 1923 4579 3508 4658; baseline 0.004 -21"><span class='ocrx_word' id='word_1_712' title='bbox 1923 4595 2012 4637; x_wconf 89' lang='lat' dir='ltr'><strong>ma</strong></span> <span class='ocrx_word' id='word_1_713' title='bbox 2040 4595 2165 4651; x_wconf 85' lang='lat' dir='ltr'><strong>pars</strong></span> <span class='ocrx_word' id='word_1_714' title='bbox 2192 4579 2475 4650; x_wconf 87' lang='lat' dir='ltr'><strong>epistolam</strong></span> <span class='ocrx_word' id='word_1_715' title='bbox 2499 4579 2627 4635; x_wconf 91' lang='lat' dir='ltr'><strong>olim</strong></span> <span class='ocrx_word' id='word_1_716' title='bbox 2654 4579 2727 4636; x_wconf 76' lang='lat'><strong>&#39;53</strong></span> <span class='ocrx_word' id='word_1_717' title='bbox 2754 4579 2865 4637; x_wconf 82' lang='lat' dir='ltr'><strong>fere</strong></span> <span class='ocrx_word' id='word_1_718' title='bbox 2893 4581 3155 4651; x_wconf 88' lang='lat' dir='ltr'><strong>integram</strong></span> <span class='ocrx_word' id='word_1_719' title='bbox 3186 4586 3508 4658; x_wconf 90' lang='lat' dir='ltr'><strong>occupabat,</strong></span> 
     </span>
    </p>
   </div>
   <div class='ocr_carea' id='block_1_90' title="bbox 209 4670 3511 4748">
    <p class='ocr_par' dir='ltr' id='par_1_90' title="bbox 209 4670 3511 4748">
     <span class='ocr_line' id='line_1_90' title="bbox 209 4670 3511 4748; baseline 0.002 -20"><span class='ocrx_word' id='word_1_720' title='bbox 209 4673 424 4746; x_wconf 70' lang='lat' dir='ltr'><strong>iunctm</strong></span> <span class='ocrx_word' id='word_1_721' title='bbox 466 4680 712 4745; x_wconf 77' lang='lat' dir='ltr'><strong>optatura</strong></span> <span class='ocrx_word' id='word_1_722' title='bbox 741 4672 947 4729; x_wconf 72' lang='lat' dir='ltr'><strong>exitum</strong></span> <span class='ocrx_word' id='word_1_723' title='bbox 993 4674 1313 4731; x_wconf 89' lang='lat' dir='ltr'><strong>habuerunt.</strong></span> <span class='ocrx_word' id='word_1_724' title='bbox 1356 4675 1574 4748; x_wconf 61' lang='lat' dir='ltr'><strong>Adjuvit</strong></span> <span class='ocrx_word' id='word_1_725' title='bbox 1610 4678 1628 4715; x_wconf 72' lang='grc' dir='ltr'>ί</span> <span class='ocrx_word' id='word_1_726' title='bbox 1678 4677 1819 4735; x_wconf 87' lang='lat' dir='ltr'><strong>Deus</strong></span> <span class='ocrx_word' id='word_1_727' title='bbox 1846 4673 1898 4735; x_wconf 85' lang='lat' dir='ltr'><strong>D</strong></span> <span class='ocrx_word' id='word_1_728' title='bbox 1920 4670 2074 4742; x_wconf 87' lang='lat' dir='ltr'><strong>cujus</strong></span> <span class='ocrx_word' id='word_1_729' title='bbox 2099 4680 2216 4729; x_wconf 85' lang='lat' dir='ltr'><strong>erat</strong></span> <span class='ocrx_word' id='word_1_730' title='bbox 2239 4670 2307 4727; x_wconf 88' lang='lat' dir='ltr'><strong>ad</strong></span> <span class='ocrx_word' id='word_1_731' title='bbox 2327 4671 2593 4728; x_wconf 70' lang='lat' dir='ltr'><strong>Alethium</strong></span> <span class='ocrx_word' id='word_1_732' title='bbox 2628 4671 2926 4743; x_wconf 88' lang='lat' dir='ltr'><strong>inscriptio.</strong></span> <span class='ocrx_word' id='word_1_733' title='bbox 2958 4672 3158 4733; x_wconf 80' lang='lat' dir='ltr'><strong>Verum</strong></span> <span class='ocrx_word' id='word_1_734' title='bbox 3183 4677 3420 4733; x_wconf 87' lang='lat' dir='ltr'><strong>ostendit</strong></span> <span class='ocrx_word' id='word_1_735' title='bbox 3448 4676 3511 4721; x_wconf 68' lang='lat' dir='ltr'><strong>NI</strong></span> 
     </span>
    </p>
   </div>
   <div class='ocr_carea' id='block_1_91' title="bbox 209 4765 1821 4840">
    <p class='ocr_par' dir='ltr' id='par_1_91' title="bbox 209 4765 1821 4840">
     <span class='ocr_line' id='line_1_91' title="bbox 209 4765 1821 4840; baseline 0.003 -19"><span class='ocrx_word' id='word_1_736' title='bbox 209 4780 521 4838; x_wconf 87' lang='lat' dir='ltr'><strong>pauperem</strong></span> <span class='ocrx_word' id='word_1_737' title='bbox 550 4765 694 4822; x_wconf 84' lang='lat' dir='ltr'><strong>hunc</strong></span> <span class='ocrx_word' id='word_1_738' title='bbox 727 4765 1098 4839; x_wconf 60' lang='lat' dir='ltr'><strong>presbyterum</strong></span> <span class='ocrx_word' id='word_1_739' title='bbox 1137 4766 1206 4824; x_wconf 90' lang='lat' dir='ltr'><strong>de</strong></span> <span class='ocrx_word' id='word_1_740' title='bbox 1231 4769 1592 4840; x_wconf 87' lang='lat' dir='ltr'><strong>mendicitate,</strong></span> <span class='ocrx_word' id='word_1_741' title='bbox 1623 4771 1821 4828; x_wconf 84' lang='lat' dir='ltr'><strong>illumi-</strong></span> 
     </span>
    </p>
   </div>
   <div class='ocr_carea' id='block_1_92' title="bbox 212 4858 1823 4937">
    <p class='ocr_par' dir='ltr' id='par_1_92' title="bbox 212 4858 1823 4937">
     <span class='ocr_line' id='line_1_92' title="bbox 212 4858 1823 4937; baseline 0.004 -22"><span class='ocrx_word' id='word_1_742' title='bbox 212 4860 377 4916; x_wconf 82' lang='lat' dir='ltr'><strong>navit</strong></span> <span class='ocrx_word' id='word_1_743' title='bbox 402 4866 462 4915; x_wconf 87' lang='lat' dir='ltr'><strong>et</strong></span> <span class='ocrx_word' id='word_1_744' title='bbox 502 4858 804 4915; x_wconf 82' lang='lat' dir='ltr'><strong>bumiliavit</strong></span> <span class='ocrx_word' id='word_1_745' title='bbox 841 4861 951 4915; x_wconf 87' lang='lat' dir='ltr'><strong>alta</strong></span> <span class='ocrx_word' id='word_1_746' title='bbox 993 4862 1100 4935; x_wconf 75' lang='lat'><strong>56</strong></span> <span class='ocrx_word' id='word_1_747' title='bbox 1125 4860 1348 4918; x_wconf 85' lang='lat' dir='ltr'><strong>divitum</strong></span> <span class='ocrx_word' id='word_1_748' title='bbox 1391 4863 1574 4932; x_wconf 80' lang='lat' dir='ltr'><strong>corda,</strong></span> <span class='ocrx_word' id='word_1_749' title='bbox 1598 4864 1689 4937; x_wconf 86' lang='lat' dir='ltr'><strong>qui</strong></span> <span class='ocrx_word' id='word_1_750' title='bbox 1726 4880 1823 4936; x_wconf 83' lang='lat' dir='ltr'><strong>per</strong></span> 
     </span>
    </p>
   </div>
   <div class='ocr_carea' id='block_1_93' title="bbox 212 4952 1822 5025">
    <p class='ocr_par' dir='ltr' id='par_1_93' title="bbox 212 4952 1822 5025">
     <span class='ocr_line' id='line_1_93' title="bbox 212 4952 1822 5025; baseline 0.003 -15"><span class='ocrx_word' id='word_1_751' title='bbox 212 4953 408 5024; x_wconf 75' lang='lat' dir='ltr'><strong>exigui</strong></span> <span class='ocrx_word' id='word_1_752' title='bbox 428 4952 688 5009; x_wconf 87' lang='lat' dir='ltr'><strong>domicilii</strong></span> <span class='ocrx_word' id='word_1_753' title='bbox 709 4952 909 5025; x_wconf 88' lang='lat' dir='ltr'><strong>justam</strong></span> <span class='ocrx_word' id='word_1_754' title='bbox 936 4954 1330 5012; x_wconf 90' lang='lat' dir='ltr'><strong>restitutionem</strong></span> <span class='ocrx_word' id='word_1_755' title='bbox 1357 4966 1619 5013; x_wconf 70' lang='lat' dir='ltr'><strong>:ctemum</strong></span> <span class='ocrx_word' id='word_1_756' title='bbox 1641 4958 1745 5016; x_wconf 90' lang='lat' dir='ltr'><strong>sibi</strong></span> <span class='ocrx_word' id='word_1_757' title='bbox 1767 4958 1822 5015; x_wconf 92' lang='lat' dir='ltr'><strong>in</strong></span> 
     </span>
    </p>
   </div>
   <div class='ocr_carea' id='block_1_94' title="bbox 220 5044 1822 5121">
    <p class='ocr_par' dir='ltr' id='par_1_94' title="bbox 220 5044 1822 5121">
     <span class='ocr_line' id='line_1_94' title="bbox 220 5044 1822 5121; baseline 0.002 -17"><span class='ocrx_word' id='word_1_758' title='bbox 220 5045 439 5104; x_wconf 73' lang='lat' dir='ltr'><strong>ewlesti</strong></span> <span class='ocrx_word' id='word_1_759' title='bbox 482 5044 831 5104; x_wconf 89' lang='lat' dir='ltr'><strong>tabernacqu</strong></span> <span class='ocrx_word' id='word_1_760' title='bbox 868 5048 1121 5118; x_wconf 88' lang='lat' dir='ltr'><strong>pauperis</strong></span> <span class='ocrx_word' id='word_1_761' title='bbox 1158 5050 1360 5113; x_wconf 89' lang='lat' dir='ltr'><strong>sancti,</strong></span> <span class='ocrx_word' id='word_1_762' title='bbox 1389 5066 1417 5105; x_wconf 92' lang='lat' dir='ltr'><strong>a</strong></span> <span class='ocrx_word' id='word_1_763' title='bbox 1448 5065 1555 5121; x_wconf 91' lang='lat' dir='ltr'><strong>quo</strong></span> <span class='ocrx_word' id='word_1_764' title='bbox 1591 5051 1822 5108; x_wconf 89' lang='lat' dir='ltr'><strong>invicem</strong></span> 
     </span>
    </p>
   </div>
   <div class='ocr_carea' id='block_1_95' title="bbox 218 5138 1822 5211">
    <p class='ocr_par' dir='ltr' id='par_1_95' title="bbox 218 5138 1822 5211">
     <span class='ocr_line' id='line_1_95' title="bbox 218 5138 1822 5211; baseline 0 -15"><span class='ocrx_word' id='word_1_765' title='bbox 218 5139 583 5211; x_wconf 85' lang='lat' dir='ltr'><strong>recipientur,</strong></span> <span class='ocrx_word' id='word_1_766' title='bbox 612 5138 902 5209; x_wconf 89' lang='lat' dir='ltr'><strong>hospitium</strong></span> <span class='ocrx_word' id='word_1_767' title='bbox 930 5146 1276 5210; x_wconf 87' lang='lat' dir='ltr'><strong>paraverunt.</strong></span> <span class='ocrx_word' id='word_1_768' title='bbox 1305 5138 1502 5211; x_wconf 88' lang='lat' dir='ltr'><strong>Sicque</strong></span> <span class='ocrx_word' id='word_1_769' title='bbox 1520 5148 1548 5178; x_wconf 78' lang='grc' dir='ltr'><strong>ιι</strong></span> <span class='ocrx_word' id='word_1_770' title='bbox 1571 5156 1678 5196; x_wconf 90' lang='lat' dir='ltr'><strong>non</strong></span> <span class='ocrx_word' id='word_1_771' title='bbox 1705 5156 1822 5197; x_wconf 86' lang='lat' dir='ltr'><strong>mo-</strong></span> 
     </span>
    </p>
   </div>
   <div class='ocr_carea' id='block_1_96' title="bbox 1918 4755 3510 4836">
    <p class='ocr_par' dir='ltr' id='par_1_96' title="bbox 1918 4755 3510 4836">
     <span class='ocr_line' id='line_1_96' title="bbox 1918 4755 3510 4836; baseline 0.006 -14"><span class='ocrx_word' id='word_1_772' title='bbox 1918 4763 2219 4822; x_wconf 80' lang='lat' dir='ltr'><strong>Cbil&#39;ﬂetius</strong></span> <span class='ocrx_word' id='word_1_773' title='bbox 2256 4779 2492 4822; x_wconf 87' lang='lat' dir='ltr'><strong>errorem</strong></span> <span class='ocrx_word' id='word_1_774' title='bbox 2521 4755 2642 4822; x_wconf 82' lang='lat' dir='ltr'><strong>esse</strong></span> <span class='ocrx_word' id='word_1_775' title='bbox 2685 4765 3045 4836; x_wconf 80' lang='lat' dir='ltr'><strong>manifestum,</strong></span> <span class='ocrx_word' id='word_1_776' title='bbox 3076 4777 3130 4823; x_wconf 92' lang='lat' dir='ltr'><strong>ct</strong></span> <span class='ocrx_word' id='word_1_777' title='bbox 3152 4776 3322 4827; x_wconf 90' lang='lat' dir='ltr'><strong>totum</strong></span> <span class='ocrx_word' id='word_1_778' title='bbox 3365 4771 3510 4831; x_wconf 86' lang='lat' dir='ltr'><strong>hunc</strong></span> 
     </span>
    </p>
   </div>
   <div class='ocr_carea' id='block_1_97' title="bbox 1921 4846 3507 4941">
    <p class='ocr_par' dir='ltr' id='par_1_97' title="bbox 1921 4846 3507 4941">
     <span class='ocr_line' id='line_1_97' title="bbox 1921 4846 3507 4941; baseline 0.003 -25"><span class='ocrx_word' id='word_1_779' title='bbox 1921 4859 2098 4916; x_wconf 86' lang='lat' dir='ltr'><strong>locum</strong></span> <span class='ocrx_word' id='word_1_780' title='bbox 2138 4857 2408 4930; x_wconf 83' lang='lat' dir='ltr'><strong>pertinere</strong></span> <span class='ocrx_word' id='word_1_781' title='bbox 2434 4856 2502 4912; x_wconf 90' lang='lat' dir='ltr'><strong>ad</strong></span> <span class='ocrx_word' id='word_1_782' title='bbox 2528 4857 2806 4929; x_wconf 88' lang='lat' dir='ltr'><strong>epistolam</strong></span> <span class='ocrx_word' id='word_1_783' title='bbox 2836 4846 3184 4916; x_wconf 84' lang='lat' dir='ltr'><strong>tredecimam</strong></span> <span class='ocrx_word' id='word_1_784' title='bbox 3212 4863 3362 4934; x_wconf 87' lang='lat' dir='ltr'><strong>(olim</strong></span> <span class='ocrx_word' id='word_1_785' title='bbox 3392 4865 3507 4941; x_wconf 80' lang='lat'><strong>57),</strong></span> 
     </span>
    </p>
   </div>
   <div class='ocr_carea' id='block_1_98' title="bbox 1920 4947 3563 5027">
    <p class='ocr_par' dir='ltr' id='par_1_98' title="bbox 1920 4947 3563 5027">
     <span class='ocr_line' id='line_1_98' title="bbox 1920 4947 3563 5027; baseline 0.004 -20"><span class='ocrx_word' id='word_1_786' title='bbox 1920 4964 2041 5022; x_wconf 69' lang='lat' dir='ltr'><strong>qua:</strong></span> <span class='ocrx_word' id='word_1_787' title='bbox 2062 4957 2146 5006; x_wconf 91' lang='lat' dir='ltr'><strong>est</strong></span> <span class='ocrx_word' id='word_1_788' title='bbox 2171 4948 2237 5005; x_wconf 91' lang='lat' dir='ltr'><strong>ad</strong></span> <span class='ocrx_word' id='word_1_789' title='bbox 2260 4947 2679 5006; x_wconf 86' lang='lat' dir='ltr'><strong>Pammachium.</strong></span> <span class='ocrx_word' id='word_1_790' title='bbox 2722 4947 2915 5008; x_wconf 83' lang='lat' dir='ltr'><strong>Fuerat</strong></span> <span class='ocrx_word' id='word_1_791' title='bbox 2941 4967 3154 5027; x_wconf 89' lang='lat' dir='ltr'><strong>semper</strong></span> <span class='ocrx_word' id='word_1_792' title='bbox 3186 4954 3232 4994; x_wconf 73' lang='grc' dir='ltr'>Η</span> <span class='ocrx_word' id='word_1_793' title='bbox 3262 4954 3525 5014; x_wconf 77' lang='lat' dir='ltr'><strong>Pamnia-&#39;</strong></span> <span class='ocrx_word' id='word_1_794' title='bbox 3558 5019 3563 5023; x_wconf 92' lang='lat'>_</span> 
     </span>
    </p>
   </div>
   <div class='ocr_carea' id='block_1_99' title="bbox 1924 5041 3513 5116">
    <p class='ocr_par' dir='ltr' id='par_1_99' title="bbox 1924 5041 3513 5116">
     <span class='ocr_line' id='line_1_99' title="bbox 1924 5041 3513 5116; baseline 0.003 -15"><span class='ocrx_word' id='word_1_795' title='bbox 1924 5045 2031 5102; x_wconf 88' lang='lat' dir='ltr'><strong>chii</strong></span> <span class='ocrx_word' id='word_1_796' title='bbox 2056 5059 2264 5101; x_wconf 89' lang='lat' dir='ltr'><strong>memor</strong></span> <span class='ocrx_word' id='word_1_797' title='bbox 2277 5041 2549 5110; x_wconf 84' lang='lat' dir='ltr'><strong>Paulinus,</strong></span> <span class='ocrx_word' id='word_1_798' title='bbox 2583 5050 2640 5099; x_wconf 91' lang='lat' dir='ltr'><strong>et</strong></span> <span class='ocrx_word' id='word_1_799' title='bbox 2663 5044 2766 5116; x_wconf 85' lang='lat'><strong>57</strong></span> <span class='ocrx_word' id='word_1_800' title='bbox 2796 5044 3040 5101; x_wconf 84' lang='lat' dir='ltr'><strong>tamenii</strong></span> <span class='ocrx_word' id='word_1_801' title='bbox 3066 5061 3301 5116; x_wconf 86' lang='lat' dir='ltr'><strong>congrua</strong></span> <span class='ocrx_word' id='word_1_802' title='bbox 3328 5051 3513 5111; x_wconf 67' lang='lat' dir='ltr'><strong>bumia</strong></span> 
     </span>
    </p>
   </div>
   <div class='ocr_carea' id='block_1_100' title="bbox 1926 5137 3524 5211">
    <p class='ocr_par' dir='ltr' id='par_1_100' title="bbox 1926 5137 3524 5211">
     <span class='ocr_line' id='line_1_100' title="bbox 1926 5137 3524 5211; baseline 0.004 -17"><span class='ocrx_word' id='word_1_803' title='bbox 1926 5139 2078 5194; x_wconf 83' lang='lat' dir='ltr'><strong>litate</strong></span> <span class='ocrx_word' id='word_1_804' title='bbox 2127 5137 2398 5193; x_wconf 90' lang='lat' dir='ltr'><strong>silentium</strong></span> <span class='ocrx_word' id='word_1_805' title='bbox 2443 5148 2782 5206; x_wconf 84' lang='lat' dir='ltr'><strong>servaverat,</strong></span> <span class='ocrx_word' id='word_1_806' title='bbox 2808 5137 2981 5195; x_wconf 87' lang='lat' dir='ltr'><strong>donec</strong></span> <span class='ocrx_word' id='word_1_807' title='bbox 3024 5150 3249 5211; x_wconf 88' lang='lat' dir='ltr'><strong>urgente</strong></span> <span class='ocrx_word' id='word_1_808' title='bbox 3288 5147 3524 5202; x_wconf 75' lang='lat' dir='ltr'><strong>caritatm</strong></span> 
     </span>
    </p>
   </div>
   <div class='ocr_carea' id='block_1_101' title="bbox 225 5229 3510 5314">
    <p class='ocr_par' dir='ltr' id='par_1_101' title="bbox 225 5229 3510 5314">
     <span class='ocr_line' id='line_1_101' title="bbox 225 5229 3510 5314; baseline 0.003 -28"><span class='ocrx_word' id='word_1_809' title='bbox 225 5231 324 5301; x_wconf 90' lang='lat' dir='ltr'><strong>do,</strong></span> <span class='ocrx_word' id='word_1_810' title='bbox 353 5247 480 5288; x_wconf 90' lang='lat' dir='ltr'><strong>cum</strong></span> <span class='ocrx_word' id='word_1_811' title='bbox 509 5230 1076 5314; x_wconf 83' lang='lat' dir='ltr'><strong>possenttransgredi,</strong></span> <span class='ocrx_word' id='word_1_812' title='bbox 1108 5246 1217 5287; x_wconf 89' lang='lat' dir='ltr'><strong>non</strong></span> <span class='ocrx_word' id='word_1_813' title='bbox 1245 5239 1370 5288; x_wconf 87' lang='lat' dir='ltr'><strong>sunt</strong></span> <span class='ocrx_word' id='word_1_814' title='bbox 1392 5233 1711 5304; x_wconf 87' lang='lat' dir='ltr'><strong>trangressi;</strong></span> <span class='ocrx_word' id='word_1_815' title='bbox 1736 5247 1825 5289; x_wconf 85' lang='lat' dir='ltr'><strong>ve-</strong></span> <span class='ocrx_word' id='word_1_816' title='bbox 1928 5239 2175 5305; x_wconf 89' lang='lat' dir='ltr'><strong>opertum</strong></span> <span class='ocrx_word' id='word_1_817' title='bbox 2201 5239 2429 5304; x_wconf 86' lang='lat' dir='ltr'><strong>pectore</strong></span> <span class='ocrx_word' id='word_1_818' title='bbox 2448 5229 2694 5288; x_wconf 71' lang='lat' dir='ltr'><strong>allectum</strong></span> <span class='ocrx_word' id='word_1_819' title='bbox 2714 5230 3327 5308; x_wconf 59' lang='lat' dir='ltr'><strong>reclusitJWIympius,</strong></span> <span class='ocrx_word' id='word_1_820' title='bbox 3344 5254 3373 5292; x_wconf 89' lang='lat' dir='ltr'><strong>a</strong></span> <span class='ocrx_word' id='word_1_821' title='bbox 3401 5254 3510 5309; x_wconf 81' lang='lat' dir='ltr'><strong>quo</strong></span> 
     </span>
    </p>
   </div>
   <div class='ocr_carea' id='block_1_102' title="bbox 283 5426 1841 5508">
    <p class='ocr_par' dir='ltr' id='par_1_102' title="bbox 283 5426 1841 5508">
     <span class='ocr_line' id='line_1_102' title="bbox 283 5426 1841 5508; baseline -0.004 -16"><span class='ocrx_word' id='word_1_822' title='bbox 283 5445 331 5508; x_wconf 41' lang='grc' dir='ltr'><strong>ί·</strong></span> <span class='ocrx_word' id='word_1_823' title='bbox 360 5434 535 5508; x_wconf 82' lang='lat' dir='ltr'><strong>Epist.</strong></span> <span class='ocrx_word' id='word_1_824' title='bbox 593 5432 686 5508; x_wconf 62' lang='lat' dir='ltr'><strong>te,</strong></span> <span class='ocrx_word' id='word_1_825' title='bbox 956 5430 1175 5508; x_wconf 46' lang='lat' dir='ltr'><strong>flbidu</strong></span> <span class='ocrx_word' id='word_1_826' title='bbox 1219 5429 1430 5508; x_wconf 39' lang='lat' dir='ltr'><strong>muli,</strong></span> <span class='ocrx_word' id='word_1_827' title='bbox 1480 5426 1689 5508; x_wconf 49' lang='lat' dir='ltr'><strong>flbid;</strong></span> <span class='ocrx_word' id='word_1_828' title='bbox 1753 5428 1841 5508; x_wconf 59' lang='grc' dir='ltr'><strong>(Ἦ</strong></span> 
     </span>
    </p>
   </div>
   <div class='ocr_carea' id='block_1_103' title="bbox 1917 5426 3505 5508">
    <p class='ocr_par' dir='ltr' id='par_1_103' title="bbox 1917 5426 3505 5508">
     <span class='ocr_line' id='line_1_103' title="bbox 1917 5426 3505 5508; baseline -0.003 -21"><span class='ocrx_word' id='word_1_829' title='bbox 1917 5426 2277 5508; x_wconf 63' lang='lat' dir='ltr'><strong>on._an._495,</strong></span> <span class='ocrx_word' id='word_1_830' title='bbox 2307 5426 2455 5508; x_wconf 34' lang='lat' dir='ltr'><strong>§_a6l.</strong></span> <span class='ocrx_word' id='word_1_831' title='bbox 2528 5436 2558 5508; x_wconf 59' lang='grc' dir='ltr'><strong>ξ</strong></span> <span class='ocrx_word' id='word_1_832' title='bbox 2585 5426 2819 5508; x_wconf 45' lang='lat' dir='ltr'><strong>Pauli},</strong></span> <span class='ocrx_word' id='word_1_833' title='bbox 2859 5443 2946 5508; x_wconf 70' lang='lat' dir='ltr'><strong>ep.</strong></span> <span class='ocrx_word' id='word_1_834' title='bbox 2980 5426 3155 5508; x_wconf 43' lang='lat' dir='ltr'><strong>i2,An.</strong></span> <span class='ocrx_word' id='word_1_835' title='bbox 3189 5429 3291 5508; x_wconf 74' lang='lat' dir='ltr'><strong>i_2_._</strong></span> <span class='ocrx_word' id='word_1_836' title='bbox 3318 5504 3329 5508; x_wconf 86' lang='lat'>_</span> <span class='ocrx_word' id='word_1_837' title='bbox 3353 5431 3377 5508; x_wconf 60' lang='grc' dir='ltr'><em>ξ</em></span> <span class='ocrx_word' id='word_1_838' title='bbox 3405 5433 3505 5507; x_wconf 79' lang='lat' dir='ltr'><strong>Ep,</strong></span> 
     </span>
    </p>
   </div>
   <div class='ocr_carea' id='block_1_104' title="bbox 234 5494 1523 5573">
    <p class='ocr_par' dir='ltr' id='par_1_104' title="bbox 234 5494 1523 5573">
     <span class='ocr_line' id='line_1_104' title="bbox 234 5494 1523 5573; baseline -0.005 -12"><span class='ocrx_word' id='word_1_839' title='bbox 234 5506 303 5561; x_wconf 69' lang='lat' dir='ltr'><strong>i4</strong></span> <span class='ocrx_word' id='word_1_840' title='bbox 328 5548 345 5573; x_wconf 93' lang='lat'><strong>,</strong></span> <span class='ocrx_word' id='word_1_841' title='bbox 372 5494 427 5562; x_wconf 54' lang='lat' dir='ltr'><strong>n2</strong></span> <span class='ocrx_word' id='word_1_842' title='bbox 458 5507 514 5559; x_wconf 73' lang='grc'><strong>4.</strong></span> <span class='ocrx_word' id='word_1_843' title='bbox 590 5515 615 5551; x_wconf 78' lang='grc' dir='ltr'><strong><em>κ</em></strong></span> <span class='ocrx_word' id='word_1_844' title='bbox 644 5494 747 5573; x_wconf 77' lang='lat' dir='ltr'><strong>Ep.</strong></span> <span class='ocrx_word' id='word_1_845' title='bbox 772 5499 866 5573; x_wconf 16' lang='lat'><strong>715,</strong></span> <span class='ocrx_word' id='word_1_846' title='bbox 894 5494 1005 5557; x_wconf 58' lang='lat' dir='ltr'><strong>n3.</strong></span> <span class='ocrx_word' id='word_1_847' title='bbox 1080 5500 1113 5573; x_wconf 53' lang='lat' dir='ltr'><strong>if</strong></span> <span class='ocrx_word' id='word_1_848' title='bbox 1134 5494 1245 5573; x_wconf 51' lang='lat' dir='ltr'><strong>Ep.</strong></span> <span class='ocrx_word' id='word_1_849' title='bbox 1268 5500 1352 5569; x_wconf 60' lang='lat' dir='ltr'><strong>i4,</strong></span> <span class='ocrx_word' id='word_1_850' title='bbox 1382 5494 1430 5573; x_wconf 63' lang='grc' dir='ltr'><strong>ιι</strong></span> <span class='ocrx_word' id='word_1_851' title='bbox 1458 5499 1523 5573; x_wconf 58' lang='grc'><strong>4.</strong></span> 
     </span>
    </p>
   </div>
   <div class='ocr_carea' id='block_1_105' title="bbox 239 5571 1268 5647">
    <p class='ocr_par' dir='ltr' id='par_1_105' title="bbox 239 5571 1268 5647">
     <span class='ocr_line' id='line_1_105' title="bbox 239 5571 1268 5647; baseline -0.007 -15"><span class='ocrx_word' id='word_1_852' title='bbox 239 5579 290 5631; x_wconf 75' lang='lat'><strong>3.</strong></span> <span class='ocrx_word' id='word_1_853' title='bbox 332 5571 339 5573; x_wconf 67' lang='lat'><strong><em>&#39;</em></strong></span> <span class='ocrx_word' id='word_1_854' title='bbox 371 5588 407 5613; x_wconf 61' lang='grc' dir='ltr'><strong>ιιι</strong></span> <span class='ocrx_word' id='word_1_855' title='bbox 430 5573 629 5647; x_wconf 65' lang='grc' dir='ltr'><strong>ΕρΛΞ,</strong></span> <span class='ocrx_word' id='word_1_856' title='bbox 650 5571 707 5629; x_wconf 79' lang='lat' dir='ltr'><strong>n;</strong></span> <span class='ocrx_word' id='word_1_857' title='bbox 727 5572 810 5647; x_wconf 69' lang='lat' dir='ltr'><strong>ig.</strong></span> <span class='ocrx_word' id='word_1_858' title='bbox 875 5581 917 5647; x_wconf 58' lang='lat'><em>3</em></span> <span class='ocrx_word' id='word_1_859' title='bbox 945 5571 1268 5647; x_wconf 44' lang='lat' dir='ltr'><strong>spuens.</strong></span> 
     </span>
    </p>
   </div>
   <div class='ocr_carea' id='block_1_106' title="bbox 240 5640 1821 5715">
    <p class='ocr_par' dir='ltr' id='par_1_106' title="bbox 240 5640 1821 5715">
     <span class='ocr_line' id='line_1_106' title="bbox 240 5640 1821 5715; baseline -0.004 -12"><span class='ocrx_word' id='word_1_860' title='bbox 240 5650 305 5703; x_wconf 85' lang='lat' dir='ltr'><strong>tis</strong></span> <span class='ocrx_word' id='word_1_861' title='bbox 331 5648 398 5703; x_wconf 88' lang='lat' dir='ltr'><strong>ad</strong></span> <span class='ocrx_word' id='word_1_862' title='bbox 430 5640 634 5703; x_wconf 73' lang='lat' dir='ltr'><strong>Auson.</strong></span> <span class='ocrx_word' id='word_1_863' title='bbox 714 5640 966 5715; x_wconf 85' lang='lat' dir='ltr'><strong>&#39;_Paulin.</strong></span> <span class='ocrx_word' id='word_1_864' title='bbox 990 5640 1083 5715; x_wconf 74' lang='lat' dir='ltr'><strong>ep.</strong></span> <span class='ocrx_word' id='word_1_865' title='bbox 1116 5644 1204 5715; x_wconf 77' lang='lat' dir='ltr'><strong>i5,</strong></span> <span class='ocrx_word' id='word_1_866' title='bbox 1229 5660 1282 5697; x_wconf 12' lang='lat' dir='ltr'><strong>no.</strong></span> <span class='ocrx_word' id='word_1_867' title='bbox 1306 5643 1389 5715; x_wconf 63' lang='lat'><strong>1’3.‘</strong></span> <span class='ocrx_word' id='word_1_868' title='bbox 1427 5641 1524 5713; x_wconf 84' lang='lat' dir='ltr'><strong>Ep.</strong></span> <span class='ocrx_word' id='word_1_869' title='bbox 1558 5641 1656 5715; x_wconf 52' lang='lat' dir='ltr'><strong>id,</strong></span> <span class='ocrx_word' id='word_1_870' title='bbox 1676 5657 1731 5697; x_wconf 92' lang='lat' dir='ltr'><strong>n.</strong></span> <span class='ocrx_word' id='word_1_871' title='bbox 1762 5641 1821 5715; x_wconf 64' lang='grc'><strong>4,·</strong></span> 
     </span>
    </p>
   </div>
   <div class='ocr_carea' id='block_1_107' title="bbox 243 5710 1861 5787">
    <p class='ocr_par' dir='ltr' id='par_1_107' title="bbox 243 5710 1861 5787">
     <span class='ocr_line' id='line_1_107' title="bbox 243 5710 1861 5787; baseline -0.007 -9"><span class='ocrx_word' id='word_1_872' title='bbox 243 5717 324 5787; x_wconf 72' lang='grc'><strong>15,</strong></span> <span class='ocrx_word' id='word_1_873' title='bbox 354 5738 408 5777; x_wconf 90' lang='lat' dir='ltr'><strong>n.</strong></span> <span class='ocrx_word' id='word_1_874' title='bbox 438 5718 494 5775; x_wconf 76' lang='lat'><strong>2.</strong></span> <span class='ocrx_word' id='word_1_875' title='bbox 526 5774 530 5777; x_wconf 19' lang='grc' dir='ltr'><strong>Α</strong></span> <span class='ocrx_word' id='word_1_876' title='bbox 570 5728 600 5768; x_wconf 74' lang='grc'><em>1</em></span> <span class='ocrx_word' id='word_1_877' title='bbox 627 5712 793 5787; x_wconf 83' lang='lat' dir='ltr'><strong>lbid.,</strong></span> <span class='ocrx_word' id='word_1_878' title='bbox 824 5714 953 5787; x_wconf 56' lang='grc' dir='ltr'><strong>αξ.</strong></span> <span class='ocrx_word' id='word_1_879' title='bbox 1028 5710 1223 5787; x_wconf 49' lang='lat' dir='ltr'><strong>ilbid,</strong></span> <span class='ocrx_word' id='word_1_880' title='bbox 1243 5712 1371 5787; x_wconf 40' lang='lat' dir='ltr'><strong>p.21;</strong></span> <span class='ocrx_word' id='word_1_881' title='bbox 1401 5722 1457 5769; x_wconf 90' lang='lat' dir='ltr'><strong>et</strong></span> <span class='ocrx_word' id='word_1_882' title='bbox 1474 5710 1560 5787; x_wconf 71' lang='lat' dir='ltr'><strong>ep.</strong></span> <span class='ocrx_word' id='word_1_883' title='bbox 1596 5710 1768 5787; x_wconf 54' lang='grc' dir='ltr'><strong>ῌηι.Δ</strong></span> <span class='ocrx_word' id='word_1_884' title='bbox 1788 5712 1861 5787; x_wconf 53' lang='lat' dir='ltr'><strong>d.‘</strong></span> 
     </span>
    </p>
   </div>
   <div class='ocr_carea' id='block_1_108' title="bbox 239 5784 1089 5920">
    <p class='ocr_par' dir='ltr' id='par_1_108' title="bbox 239 5784 1089 5920">
     <span class='ocr_line' id='line_1_108' title="bbox 239 5784 1089 5920; baseline -0.012 -73"><span class='ocrx_word' id='word_1_885' title='bbox 239 5784 397 5920; x_wconf 54' lang='lat' dir='ltr'><strong>fdi”.</strong></span> <span class='ocrx_word' id='word_1_886' title='bbox 477 5787 535 5830; x_wconf 66' lang='grc' dir='ltr'><em>ω</em></span> <span class='ocrx_word' id='word_1_887' title='bbox 550 5784 1015 5887; x_wconf 60' lang='lat' dir='ltr'><strong>Paulig.ep.i3,n.</strong></span> <span class='ocrx_word' id='word_1_888' title='bbox 1035 5784 1089 5838; x_wconf 69' lang='grc' dir='ltr'><strong>Ξ.</strong></span> 
     </span>
     <span class='ocr_line' id='line_1_109' title="bbox 257 5855 1078 5920; baseline -0.012 0"><span class='ocrx_word' id='word_1_889' title='bbox 257 5882 323 5920; x_wconf 84' lang='lat' dir='ltr'><strong>in.</strong></span> <span class='ocrx_word' id='word_1_890' title='bbox 365 5881 454 5920; x_wconf 88' lang='lat' dir='ltr'><strong>en.</strong></span> <span class='ocrx_word' id='word_1_891' title='bbox 482 5861 573 5920; x_wconf 76' lang='grc'><strong>15.</strong></span> <span class='ocrx_word' id='word_1_892' title='bbox 611 5874 672 5915; x_wconf 87' lang='lat' dir='ltr'><strong>n.</strong></span> <span class='ocrx_word' id='word_1_893' title='bbox 709 5888 766 5909; x_wconf 80' lang='grc'><strong>...</strong></span> <span class='ocrx_word' id='word_1_894' title='bbox 845 5856 890 5907; x_wconf 79' lang='lat' dir='ltr'><strong>ti</strong></span> <span class='ocrx_word' id='word_1_895' title='bbox 926 5855 1078 5920; x_wconf 87' lang='lat' dir='ltr'><strong>lbtd.,</strong></span> 
     </span>
    </p>
   </div>
   <div class='ocr_carea' id='block_1_109' title="bbox 1604 5497 1841 5571">
    <p class='ocr_par' dir='ltr' id='par_1_109' title="bbox 1604 5498 1841 5571">
     <span class='ocr_line' id='line_1_110' title="bbox 1604 5498 1841 5571; baseline 0 -17"><span class='ocrx_word' id='word_1_896' title='bbox 1604 5500 1621 5539; x_wconf 75' lang='grc' dir='ltr'><strong>ί</strong></span> <span class='ocrx_word' id='word_1_897' title='bbox 1648 5499 1746 5571; x_wconf 89' lang='lat' dir='ltr'><strong>Ep.</strong></span> <span class='ocrx_word' id='word_1_898' title='bbox 1780 5498 1841 5554; x_wconf 77' lang='grc'>15</span> 
     </span>
    </p>
   </div>
   <div class='ocr_carea' id='block_1_110' title="bbox 1917 5497 3506 5571">
    <p class='ocr_par' dir='ltr' id='par_1_110' title="bbox 1917 5497 3506 5571">
     <span class='ocr_line' id='line_1_111' title="bbox 1917 5497 3506 5571; baseline 0.004 -15"><span class='ocrx_word' id='word_1_899' title='bbox 1917 5501 2056 5571; x_wconf 44' lang='grc' dir='ltr'><strong>ηηδ.</strong></span> <span class='ocrx_word' id='word_1_900' title='bbox 2136 5497 2581 5571; x_wconf 50' lang='grc' dir='ltr'><strong>ιεψλεωλ.</strong></span> <span class='ocrx_word' id='word_1_901' title='bbox 2642 5498 2687 5571; x_wconf 13' lang='lat' dir='ltr'><strong>Ak,</strong></span> <span class='ocrx_word' id='word_1_902' title='bbox 2728 5497 3120 5570; x_wconf 40' lang='lat' dir='ltr'><strong>Ep.15,n.&#39;2.</strong></span> <span class='ocrx_word' id='word_1_903' title='bbox 3207 5497 3506 5571; x_wconf 77' lang='lat' dir='ltr'><strong>1lbid.,ii.</strong></span> 
     </span>
    </p>
   </div>
   <div class='ocr_carea' id='block_1_111' title="bbox 1347 5569 2979 5712">
    <p class='ocr_par' dir='ltr' id='par_1_111' title="bbox 1347 5569 2979 5712">
     <span class='ocr_line' id='line_1_112' title="bbox 1347 5569 2979 5644; baseline -0.002 -15"><span class='ocrx_word' id='word_1_904' title='bbox 1347 5583 1371 5608; x_wconf 74' lang='grc' dir='ltr'>ι*</span> <span class='ocrx_word' id='word_1_905' title='bbox 1392 5572 1549 5638; x_wconf 89' lang='lat' dir='ltr'><strong>lbid.,</strong></span> <span class='ocrx_word' id='word_1_906' title='bbox 1581 5587 1635 5626; x_wconf 85' lang='grc' dir='ltr'>ιι.</span> <span class='ocrx_word' id='word_1_907' title='bbox 1665 5569 1733 5636; x_wconf 58' lang='grc' dir='ltr'><strong>Ξς</strong></span> <span class='ocrx_word' id='word_1_908' title='bbox 1763 5579 1821 5628; x_wconf 90' lang='lat' dir='ltr'><strong>et</strong></span> <span class='ocrx_word' id='word_1_909' title='bbox 1844 5570 2163 5643; x_wconf 72' lang='lat' dir='ltr'><strong>ep.i4,n.3.</strong></span> <span class='ocrx_word' id='word_1_910' title='bbox 2231 5569 2267 5621; x_wconf 65' lang='grc' dir='ltr'><strong>ἰι</strong></span> <span class='ocrx_word' id='word_1_911' title='bbox 2296 5570 2394 5644; x_wconf 85' lang='lat' dir='ltr'><strong>Ep.</strong></span> <span class='ocrx_word' id='word_1_912' title='bbox 2429 5571 2516 5633; x_wconf 74' lang='lat'><strong>12,</strong></span> <span class='ocrx_word' id='word_1_913' title='bbox 2547 5586 2601 5626; x_wconf 92' lang='lat' dir='ltr'><strong>n.</strong></span> <span class='ocrx_word' id='word_1_914' title='bbox 2632 5569 2719 5626; x_wconf 72' lang='lat'><strong>12.</strong></span> <span class='ocrx_word' id='word_1_915' title='bbox 2780 5569 2821 5622; x_wconf 54' lang='grc' dir='ltr'>λι</span> <span class='ocrx_word' id='word_1_916' title='bbox 2851 5571 2979 5628; x_wconf 90' lang='lat' dir='ltr'><strong>ibid.</strong></span> 
     </span>
     <span class='ocr_line' id='line_1_113' title="bbox 1347 5639 2979 5712; baseline 0.001 -15"><span class='ocrx_word' id='word_1_917' title='bbox 1347 5643 1389 5697; x_wconf 67' lang='grc' dir='ltr'><strong>,τ</strong></span> <span class='ocrx_word' id='word_1_918' title='bbox 1427 5641 1524 5712; x_wconf 86' lang='lat' dir='ltr'><strong>Ep.</strong></span> <span class='ocrx_word' id='word_1_919' title='bbox 1558 5641 1731 5712; x_wconf 77' lang='lat' dir='ltr'><strong>M,n.</strong></span> <span class='ocrx_word' id='word_1_920' title='bbox 1762 5641 1821 5699; x_wconf 66' lang='grc'><strong>4.·</strong></span> <span class='ocrx_word' id='word_1_921' title='bbox 1891 5652 1917 5679; x_wconf 75' lang='grc' dir='ltr'><strong>ιι</strong></span> <span class='ocrx_word' id='word_1_922' title='bbox 1951 5641 2051 5712; x_wconf 86' lang='lat' dir='ltr'><strong>Ep.</strong></span> <span class='ocrx_word' id='word_1_923' title='bbox 2082 5640 2168 5703; x_wconf 74' lang='grc'><strong>15,</strong></span> <span class='ocrx_word' id='word_1_924' title='bbox 2201 5657 2254 5697; x_wconf 93' lang='lat' dir='ltr'><strong>n.</strong></span> <span class='ocrx_word' id='word_1_925' title='bbox 2279 5643 2333 5698; x_wconf 72' lang='lat'><strong>3.</strong></span> <span class='ocrx_word' id='word_1_926' title='bbox 2407 5639 2611 5712; x_wconf 50' lang='lat' dir='ltr'><strong>Vibid”</strong></span> <span class='ocrx_word' id='word_1_927' title='bbox 2636 5659 2688 5696; x_wconf 78' lang='lat' dir='ltr'><strong>n.</strong></span> <span class='ocrx_word' id='word_1_928' title='bbox 2714 5641 2776 5709; x_wconf 74' lang='lat'><strong>2;</strong></span> <span class='ocrx_word' id='word_1_929' title='bbox 2802 5652 2856 5698; x_wconf 90' lang='lat' dir='ltr'><strong>et</strong></span> <span class='ocrx_word' id='word_1_930' title='bbox 2896 5658 2979 5712; x_wconf 80' lang='lat' dir='ltr'><strong>ep.</strong></span> 
     </span>
    </p>
   </div>
   <div class='ocr_carea' id='block_1_112' title="bbox 3061 5571 3509 5631">
    <p class='ocr_par' dir='ltr' id='par_1_112' title="bbox 3061 5571 3509 5631">
     <span class='ocr_line' id='line_1_114' title="bbox 3061 5571 3509 5631; baseline 0.013 -5"><span class='ocrx_word' id='word_1_931' title='bbox 3061 5582 3083 5609; x_wconf 85' lang='grc' dir='ltr'>ι’</span> <span class='ocrx_word' id='word_1_932' title='bbox 3110 5571 3288 5628; x_wconf 83' lang='lat' dir='ltr'><strong>Vinet.</strong></span> <span class='ocrx_word' id='word_1_933' title='bbox 3327 5575 3380 5631; x_wconf 89' lang='lat' dir='ltr'><strong>in</strong></span> <span class='ocrx_word' id='word_1_934' title='bbox 3410 5594 3509 5631; x_wconf 88' lang='lat' dir='ltr'><strong>no-</strong></span> 
     </span>
    </p>
   </div>
   <div class='ocr_carea' id='block_1_113' title="bbox 2407 5639 3503 5718">
    <p class='ocr_par' dir='ltr' id='par_1_113' title="bbox 2407 5639 3503 5718">
     <span class='ocr_line' id='line_1_115' title="bbox 2407 5639 3503 5718; baseline 0.005 -21"><span class='ocrx_word' id='word_1_935' title='bbox 2407 5639 2688 5718; x_wconf 44' lang='lat' dir='ltr'><strong>Hbidnn.</strong></span> <span class='ocrx_word' id='word_1_936' title='bbox 2714 5641 2776 5709; x_wconf 74' lang='lat'><strong>2;</strong></span> <span class='ocrx_word' id='word_1_937' title='bbox 2802 5652 2986 5718; x_wconf 85' lang='lat' dir='ltr'><strong>et__ep.</strong></span> <span class='ocrx_word' id='word_1_938' title='bbox 3016 5642 3103 5718; x_wconf 65' lang='grc' dir='ltr'><strong>ῃ,</strong></span> <span class='ocrx_word' id='word_1_939' title='bbox 3137 5661 3189 5699; x_wconf 91' lang='lat' dir='ltr'><strong>n.</strong></span> <span class='ocrx_word' id='word_1_940' title='bbox 3214 5644 3319 5718; x_wconf 77' lang='lat'><strong>3.__</strong></span> <span class='ocrx_word' id='word_1_941' title='bbox 3349 5656 3370 5683; x_wconf 77' lang='grc' dir='ltr'><strong>ι</strong></span> <span class='ocrx_word' id='word_1_942' title='bbox 3407 5645 3503 5718; x_wconf 83' lang='lat' dir='ltr'><strong>Ep.</strong></span> 
     </span>
    </p>
   </div>
   <div class='ocr_carea' id='block_1_114' title="bbox 1918 5710 3504 5786">
    <p class='ocr_par' dir='ltr' id='par_1_114' title="bbox 1918 5710 3504 5786">
     <span class='ocr_line' id='line_1_116' title="bbox 1918 5710 3504 5786; baseline 0.002 -19"><span class='ocrx_word' id='word_1_943' title='bbox 1918 5710 2105 5786; x_wconf 57' lang='lat' dir='ltr'><strong>“:Ep.</strong></span> <span class='ocrx_word' id='word_1_944' title='bbox 2137 5712 2226 5786; x_wconf 70' lang='lat' dir='ltr'><strong>i5,</strong></span> <span class='ocrx_word' id='word_1_945' title='bbox 2254 5729 2308 5786; x_wconf 84' lang='lat' dir='ltr'><strong>n_.</strong></span> <span class='ocrx_word' id='word_1_946' title='bbox 2348 5714 2401 5770; x_wconf 76' lang='grc'><strong>5.</strong></span> <span class='ocrx_word' id='word_1_947' title='bbox 2460 5713 2536 5786; x_wconf 13' lang='grc' dir='ltr'><strong>κων</strong></span> <span class='ocrx_word' id='word_1_948' title='bbox 2564 5710 2729 5786; x_wconf 40' lang='grc' dir='ltr'><strong>Ιῇιὶὰε</strong></span> <span class='ocrx_word' id='word_1_949' title='bbox 2760 5724 2832 5786; x_wconf 58' lang='lat' dir='ltr'><strong>ff</strong></span> <span class='ocrx_word' id='word_1_950' title='bbox 2861 5710 2996 5786; x_wconf 78' lang='lat' dir='ltr'><strong>Vide</strong></span> <span class='ocrx_word' id='word_1_951' title='bbox 3030 5714 3249 5786; x_wconf 80' lang='lat' dir='ltr'><strong>Hieron.</strong></span> <span class='ocrx_word' id='word_1_952' title='bbox 3280 5710 3504 5786; x_wconf 53' lang='lat' dir='ltr'><strong>Histori,</strong></span> 
     </span>
    </p>
   </div>
   <div class='ocr_carea' id='block_1_115' title="bbox 1171 5782 1841 5859">
    <p class='ocr_par' dir='ltr' id='par_1_115' title="bbox 1171 5782 1841 5859">
     <span class='ocr_line' id='line_1_117' title="bbox 1171 5782 1841 5859; baseline -0.001 -21"><span class='ocrx_word' id='word_1_953' title='bbox 1171 5783 1458 5859; x_wconf 57' lang='lat' dir='ltr'><strong>&#39;{lbid._,&#39;n‘.</strong></span> <span class='ocrx_word' id='word_1_954' title='bbox 1491 5782 1540 5859; x_wconf 16' lang='lat' dir='ltr'><strong>li.</strong></span> <span class='ocrx_word' id='word_1_955' title='bbox 1583 5782 1841 5859; x_wconf 64' lang='lat' dir='ltr'><strong>__‘_‘_lbii.,</strong></span> 
     </span>
    </p>
   </div>
   <div class='ocr_carea' id='block_1_116' title="bbox 1917 5782 3505 5859">
    <p class='ocr_par' dir='ltr' id='par_1_116' title="bbox 1917 5782 3505 5859">
     <span class='ocr_line' id='line_1_118' title="bbox 1917 5782 3505 5859; baseline 0.003 -18"><span class='ocrx_word' id='word_1_956' title='bbox 1917 5802 1948 5841; x_wconf 80' lang='grc' dir='ltr'>ι.</span> <span class='ocrx_word' id='word_1_957' title='bbox 1981 5782 2069 5839; x_wconf 49' lang='grc'><strong>2(</strong></span> <span class='ocrx_word' id='word_1_958' title='bbox 2112 5794 2166 5833; x_wconf 72' lang='lat'><strong>88</strong></span> <span class='ocrx_word' id='word_1_959' title='bbox 2197 5784 2424 5852; x_wconf 86' lang='lat' dir='ltr'><strong>lbid.,n.</strong></span> <span class='ocrx_word' id='word_1_960' title='bbox 2457 5785 2508 5839; x_wconf 79' lang='lat'><strong>3.</strong></span> <span class='ocrx_word' id='word_1_961' title='bbox 2588 5783 2643 5822; x_wconf 71' lang='grc' dir='ltr'><strong>δι’</strong></span> <span class='ocrx_word' id='word_1_962' title='bbox 2674 5783 2849 5842; x_wconf 81' lang='lat' dir='ltr'><strong>Chiﬂl.</strong></span> <span class='ocrx_word' id='word_1_963' title='bbox 2883 5801 2936 5859; x_wconf 85' lang='lat' dir='ltr'><strong>p.</strong></span> <span class='ocrx_word' id='word_1_964' title='bbox 2966 5784 3001 5840; x_wconf 90' lang='lat'><strong>8</strong></span> <span class='ocrx_word' id='word_1_965' title='bbox 3024 5794 3077 5843; x_wconf 89' lang='lat' dir='ltr'><strong>et</strong></span> <span class='ocrx_word' id='word_1_966' title='bbox 3111 5785 3199 5844; x_wconf 75' lang='grc'><strong>20.</strong></span> <span class='ocrx_word' id='word_1_967' title='bbox 3280 5785 3327 5827; x_wconf 61' lang='lat' dir='ltr'><strong>ii</strong></span> <span class='ocrx_word' id='word_1_968' title='bbox 3365 5786 3505 5853; x_wconf 68' lang='lat' dir='ltr'><strong>Pau~</strong></span> 
     </span>
    </p>
   </div>
   <div class='ocr_carea' id='block_1_117' title="bbox 257 5852 1841 5938">
    <p class='ocr_par' dir='ltr' id='par_1_117' title="bbox 257 5852 1825 5938">
     <span class='ocr_line' id='line_1_119' title="bbox 257 5852 1825 5938; baseline -0.007 -17"><span class='ocrx_word' id='word_1_969' title='bbox 257 5852 323 5924; x_wconf 80' lang='lat' dir='ltr'><strong>in.</strong></span> <span class='ocrx_word' id='word_1_970' title='bbox 365 5881 454 5938; x_wconf 85' lang='lat' dir='ltr'><strong>ep.</strong></span> <span class='ocrx_word' id='word_1_971' title='bbox 482 5861 573 5928; x_wconf 72' lang='grc' dir='ltr'><strong>ιδ,</strong></span> <span class='ocrx_word' id='word_1_972' title='bbox 611 5854 766 5915; x_wconf 68' lang='lat'><strong>11.2.</strong></span> <span class='ocrx_word' id='word_1_973' title='bbox 814 5852 890 5907; x_wconf 72' lang='lat' dir='ltr'><strong>‘u</strong></span> <span class='ocrx_word' id='word_1_974' title='bbox 926 5855 1078 5924; x_wconf 88' lang='lat' dir='ltr'><strong>lbid.,</strong></span> <span class='ocrx_word' id='word_1_975' title='bbox 1120 5855 1234 5910; x_wconf 78' lang='lat' dir='ltr'><strong>n.&#39;i</strong></span> <span class='ocrx_word' id='word_1_976' title='bbox 1274 5865 1326 5911; x_wconf 91' lang='lat' dir='ltr'><strong>et</strong></span> <span class='ocrx_word' id='word_1_977' title='bbox 1364 5856 1417 5910; x_wconf 75' lang='lat'><strong>2.</strong></span> <span class='ocrx_word' id='word_1_978' title='bbox 1496 5852 1550 5893; x_wconf 72' lang='grc' dir='ltr'><strong>ιιι</strong></span> <span class='ocrx_word' id='word_1_979' title='bbox 1580 5854 1736 5921; x_wconf 85' lang='lat' dir='ltr'><strong>tbid.,</strong></span> <span class='ocrx_word' id='word_1_980' title='bbox 1772 5871 1825 5912; x_wconf 81' lang='grc' dir='ltr'>ιι.</span> 
     </span>
    </p>
   </div>
  </div>
