4000 6456
466 328 537 384 85
1474 329 1532 386 S.
1574 328 1918 387 PAL'Ll-NL‘S
1956 330 2073 387 N01

2176 331 2283 388 il'S
2322 329 2714 387 εῐιιεςωιιτς.

3659 318 3742 376 84

469 443 589 501 ωιει
618 443 843 499 virtutes
863 453 1098 499 vtrortun
1117 444 1177 516 in
1204 441 1426 499 historia
1456 452 1565 498 tam
1605 443 1873 500 clarorum
1918 446 2054 500 emi-
2081 452 2123 507 Α
2152 464 2250 519 que
2277 448 2550 515 ritiorum,
2589 446 2769 519 quibus
2797 449 2973 502 anima
3005 464 3108 503 non
3149 446 3261 503 Deo
3286 449 3508 503 sarciens
3544 458 3751 500 seruu'e

470 537 704 601 cuerint;
739 536 782 591 si
810 547 832 571 δ’
858 550 958 606 per
984 533 1090 589 fata
1126 536 1487 604 intelligantur
1514 544 1781 591 astrorum
1808 536 2050 601 effectus,

472 637 615 684 astra
639 626 852 698 quidem
899 642 1021 683 esse
1067 628 1314 681 minimas
1344 627 1507 682 nostri
1539 627 1691 683 istius
1715 629 1901 684 mundi
1930 646 2055 700 par-

473 729 579 787 tes,
607 734 725 788 qua:
754 706 847 773 Dei
878 718 1135 774 voluntati
1180 719 1468 788 pareblmt;
1500 717 1528 757 1³
1558 727 1709 774 extra
1753 721 1898 777 hunc
1932 736 2055 778 sen-

474 825 591 866 sum
616 807 779 879 Fata,
810 807 1004 865 Parcas
1054 819 1110 866 et
1164 810 1454 865 Fortunam
1491 824 1641 864 cassa
1670 823 1789 865 esse
1816 810 2054 875 nomina,

476 916 625 972 quae,
649 918 775 957 cum
801 902 946 957 omni
976 903 1155 973 specie
1182 910 1437 967 careant,
1470 917 1570 958 nec
1598 903 1887 972 quidquam
1928 920 2056 974 pro—

478 995 676 1051 ducere
721 996 938 1062 valent;
986 997 1177 1051 mirum
1217 997 1343 1053 item
1371 1012 1489 1053 esse
1531 995 1853 1070 Platonem.e
1886 999 2056 1069 ipsum

480 1085 618 1142 adeo
643 1087 867 1142 abusum
919 1103 1035 1143 esse
1082 1088 1328 1143 humanis
1357 1089 1573 1143 auribus
1602 1089 1776 1145 inanis
1804 1106 2061 1160 arrogan-

484 1182 555 1235 tia
583 1180 843 1239 facundia:
866 1224 881 1249 ,
926 1191 983 1237 ut
1009 1183 1285 1238 ridiculam
1315 1184 1469 1238 anilis
1506 1183 1696 1240 tabula:
1741 1186 2059 1242 cantilenam

482 1291 591 1331 non
630 1277 975 1332 erubesceret
1006 1277 1218 1347 scriptis
1255 1276 1367 1333 suis
1394 1278 1663 1344 inserere,
1694 1278 1748 1332 in
1775 1278 1980 1347 quibus
1998 1279 2065 1333 dc

441 1366 444 1368 ⁷
482 1365 662 1425 divina
676 1371 842 1446 etiam
865 1380 1056 1427 natura
1087 1371 1360 1443 disputare
1394 1373 1646 1430 audebat.
1672 1372 1959 1444 Postquam
1988 1374 2064 1429 sic

483 1462 729 1532 probavit
741 1459 768 1499 ἀ
796 1460 957 1518 Deum
980 1478 1096 1519 esse
1116 1471 1171 1518 et
1189 1472 1428 1520 nostrum
1446 1473 1502 1518 et
1516 1464 1753 1520 omnium
1766 1471 2063 1520 creatorem

470 1540 551 1610 ac
599 1554 915 1620 dominum,
964 1554 1111 1609 addit
1159 1564 1183 1594 ο
1232 1574 1247 1610 :
1291 1555 1355 1610 Et
1400 1559 1519 1627 quia
1566 1567 1795 1628 quantus
1849 1566 2066 1629 quantus

422 1720 427 1726 ‘
483 1654 580 1710 est,
614 1645 851 1710 bonitas,
879 1655 927 1700 et
955 1649 1237 1715 sapientia,
1283 1658 1332 1701 et
1359 1649 1503 1720 origo
1542 1648 1763 1703 rationis
1787 1655 1897 1713 est,
1938 1647 2069 1701 nihil

484 1737 587 1792 nisi
612 1739 813 1793 ratione
859 1739 1151 1801 constituit,
1198 1750 1245 1792 et
1286 1739 1356 1792 ad
1394 1741 1665 1795 materiam
1690 1756 1799 1794 suc
1827 1736 2070 1794 bonitatis

2153 540 2434 594 damnatur
2454 556 2471 595 :
2495 557 2609 613 qua:
2633 540 2816 595 deinde
2836 550 2891 595 ut
2910 541 3108 613 proprii
3129 549 3295 596 status
3321 539 3489 605 exsul,
3507 556 3601 611 per
3621 553 3751 594 ant-

2156 648 2247 687 nes
2275 634 2642 703 cogitationum
2670 633 3301 697 suarum,autalienarum
3322 632 3622 702 opinionum
3651 630 3754 684 de-

2154 725 2265 779 vias
2293 726 2403 779 vias
2428 726 2708 797 spargitur,
2732 741 2824 794 per
2841 726 3176 796 philosophos
3204 741 3356 797 uaga,
3389 739 3453 778 ac
3478 739 3571 795 per
3588 721 3756 799 ario-

2156 818 2236 872 los
2261 816 2469 871 curiosa
2487 856 2501 881 ,
2530 818 2880 888 superstitioni
2908 818 3181 888 religiosa,
3226 816 3466 889 religioni
3492 817 3752 888 profana,

2156 923 2298 979 spem
2342 908 2477 961 inter
2521 924 2583 985 ac
2625 920 2812 962 suetum
2856 924 3058 977 semper
3093 906 3348 979 ambiguis
3389 902 3759 976 αππιὶοηίιηςο

2160 999 2408 1069 pendens.
2436 998 2574 1054 Hinc
2612 1001 2751 1055 omni
2777 1011 2926 1056 vento
2954 999 3222 1071 cujuslibet
3248 999 3499 1055 doctrina:
3526 997 3758 1051 circuat-

2162 1090 2289 1157 lata,
2336 1092 2457 1164 quia
2500 1092 2662 1147 divini
2700 1094 2902 1148 timoris
2941 1109 3102 1148 uacua
3129 1094 3401 1173 sapienti;
3442 1102 3595 1163 caput
3642 1107 3760 1146 non

2163 1183 2329 1238 habet.
2362 1183 2545 1239 Finem
2576 1184 2704 1241 facit
2730 1194 2758 1223 ο
2787 1201 2909 1241 eum
2955 1201 3140 1241 rursus
3184 1183 3454 1243 hortando
3481 1194 3539 1240 ut
3565 1184 3763 1238 mittat

2164 1290 2377 1331 errores
2404 1276 2850 1350 philosophorum
2898 1287 2954 1335 et
2982 1279 3366 1351 ignorantiam,
3403 1287 3459 1335 et
3486 1278 3587 1333 sibi
3615 1276 3763 1333 satis

2166 1369 2236 1423 sit
2264 1369 2331 1423 ab
2360 1368 2461 1424 illis
2491 1369 2685 1439 lingua:
2710 1372 2922 1442 copiam
2950 1381 3006 1427 et
3025 1354 3307 1447 ornatum,
3334 1372 3483 1447 quasi
3510 1372 3763 1444 quwdam

2167 1460 2230 1513 de
2254 1459 2527 1515 hostilibus
2550 1461 2714 1517 armis
2754 1463 2922 1534 spolia
2966 1446 3183 1535 cepisse,
3228 1472 3316 1529 ut,
3341 1462 3543 1532 inquit,
3573 1477 3764 1517 eorum

2168 1552 2335 1605 nudus
2361 1552 2648 1618 erroribus,
2684 1562 2733 1608 et
2762 1554 2971 1608 uestitus
2997 1554 3247 1627 eloquiis,
3287 1555 3462 1626 fucum
3494 1552 3641 1606 illum
3671 1553 3765 1620 [ασ-

2169 1642 2371 1697 cundia:
2391 1684 2406 1707 ,
2460 1658 2559 1715 quo
2606 1644 2793 1715 decipit
2818 1660 2951 1699 vana
2970 1645 3226 1714 sapientia
3245 1684 3269 1710 ,
3286 1644 3451 1716 plenis
3478 1642 3627 1697 rebus
3659 1659 3763 1698 ac—

2172 1734 2493 1801 commodes;
2535 1752 2600 1789 ne
2641 1751 2855 1790 vacuum
2881 1738 3240 1808 figmentorum
3259 1777 3279 1802 ,
3305 1736 3396 1791 sed
3432 1734 3764 1791 medulatutts

488 1831 697 1884 creavit.
743 1828 851 1901 Ipsi
893 1847 1043 1886 omne
1080 1830 1221 1902 quod
1248 1846 1428 1885 sumus
1455 1832 1835 1900 impendamus,
1864 1840 1930 1885 et
1955 1845 2069 1903 quae
2104 1832 2144 1890 Β
2170 1827 2400 1881 veritatis
2427 1842 2613 1899 corpus
2634 1843 2914 1895 exornans,
2948 1844 3051 1883 non
3078 1832 3204 1883 satis
3231 1826 3769 1900 placituraauribus,

487 1918 563 1975 illi
591 1919 784 1992 placita
826 1930 964 1987 sunt,
991 1922 1287 1975 studeamus
1312 1923 1524 1986 discere,
1546 1924 1784 1995 etfacere
1810 1938 2065 1975 curemus.

418 2044 419 2047 η
490 2009 635 2066 Tunc
662 2013 913 2085 defaecata
933 2023 1103 2068 mente
1127 2016 1304 2083 purius
1331 2014 1617 2078 inuentes,
1637 2014 1916 2069 videbimus
1938 2014 2070 2069 hanc

488 2120 601 2159 esse
621 2106 883 2160 ceritatem
897 2144 919 2171 ,
936 2115 991 2159 ut
1022 2124 1055 2160 a
1087 2105 1193 2162 Deo
1212 2108 1315 2161 sint
1334 2118 1517 2161 cuncta
1545 2123 1658 2181 quae
1680 2117 1834 2174 sunt;
1859 2117 1910 2162 et
1937 2107 2071 2161 hanc

412 2212 419 2218 '
489 2209 601 2248 esse
627 2197 1078 2267 consequentiam,
1117 2206 1172 2251 ut
1208 2198 1383 2252 omnia
1412 2196 1512 2252 Dei
1543 2201 1685 2273 facta
1729 2199 2071 2271 pulcherrima

489 2286 624 2352 sint;
647 2296 698 2341 et
721 2305 825 2342 non
846 2287 1169 2362 sitmalum,
1199 2290 1336 2362 quod
1374 2291 1562 2345 bonum
1602 2289 1789 2345 habeat
1816 2296 2070 2356 auterem,

490 2381 576 2455 qui
604 2390 787 2434 cuncta
809 2398 903 2450 per
941 2380 1201 2449 mundum,
1230 2381 1420 2437 nostris
1458 2380 1635 2437 usibus
1662 2384 2002 2454 prwp‘ararit,
2025 2392 2075 2437 rt

492 2473 684 2528 nostris
703 2472 1013 2528 utilitatibus
1031 2475 1170 2546 agit;
1197 2483 1249 2529 et
1269 2475 1341 2528 ita
1366 2474 1517 2528 istius
1557 2474 1907 2539 universitatis
1947 2490 2077 2547 opus

470 2563 741 2629 ~condidit,
764 2575 819 2618 ut
857 2564 964 2619 alia
986 2565 1057 2619 ad
1100 2565 1452 2630 serviendum,
1483 2566 1590 2620 alia
1620 2560 1693 2619 ad
1713 2562 2075 2631 exercendum,

441 2643 602 2709 Vatia
646 2655 716 2709 ad
762 2655 1136 2710 dominantium
1177 2654 1452 2711 creaverit;
1501 2654 1707 2712 Rursus
1754 2665 1907 2725 urget
1951 2669 2075 2713 eum

492 2746 706 2815 gravius
731 2744 751 2786 ί
778 2755 839 2804 ιιι
865 2748 1079 2803 veritati
1107 2757 1309 2820 pareat,
1342 2766 1447 2805 non
1474 2749 1524 2805 ei
1552 2749 1730 2805 abesse
1748 2758 1838 2804 aut
1857 2752 2085 2806 uacatio-

492 2856 613 2896 nem
631 2849 722 2895 aut
746 2841 1081 2913 facultatem;
1129 2842 1510 2911 occupationes
1535 2850 1594 2897 et
1616 2840 1814 2897 tributa
1848 2841 2075 2913 impedi-

493 2940 680 2988 mento
725 2947 835 2989 non
873 2930 1051 2988 futura
1097 2933 1383 3002 quominus
1422 2932 1518 2989 Dei
1541 2933 1714 2990 discat
1735 2934 2081 3005 sapientiam,

493 3038 620 3080 cum
645 3037 770 3079 cum
796 3038 830 3079 ι
855 3022 1037 3080 studio
1061 3032 1341 3079 oratorum
1366 3023 1911 3095 philosophorumque
1937 3021 2079 3081 Cra:-

492 3128 682 3169 corum
707 3121 764 3169 et
790 3112 1107 3170 Lstinon
1133 3130 1246 3171 non
1271 3123 1509 3171 arceant.
1570 3113 1736 3171 Vacat
1756 3115 1883 3184 tibi,
1906 3115 2078 3187 inquit

494 3187 525 3251 ὸ
552 3200 824 3270 Paulinus,
853 3214 912 3258 ut
937 3204 1270 3277 philosophus
1299 3205 1393 3271 sis,
1429 3222 1533 3262 non
1554 3216 1703 3261 vacat
1741 3216 1797 3260 ut
1825 3205 2077 3262 Christia-
2104 3212 2148 3273 C

494 3310 592 3350 nus
632 3296 726 3364 sis.
783 3294 935 3351 Verte
973 3297 1144 3367 potius
1197 3298 1543 3365 sententiam,
1573 3306 1711 3352 uerte
1748 3298 2068 3370 facundiam.

494 3383 639 3440 Nam
667 3388 830 3441 animi
857 3388 1234 3460 philosophiam
1262 3406 1363 3445 non
1393 3390 1623 3461 deponas
1643 3391 1775 3457 licet,
1809 3390 1933 3443 dum
1960 3407 2074 3443 eam

496 3478 600 3551 ﬁde
618 3479 832 3534 condias
855 3473 1198 3553 etreligiene,
1225 3483 1472 3536 consertis
1490 3491 1639 3535 utare
1663 3481 1991 3552 sapientium,
2020 3491 2079 3536 ut

497 3571 568 3623 sis
592 3572 696 3642 ει
726 3570 821 3624 Dei
858 3570 1191 3643 philosophus
1218 3581 1268 3627 et
1297 3570 1397 3625 Dei
1418 3581 1557 3626 uates
1574 3588 1593 3637 ;
1633 3587 1734 3626 non
1778 3572 2072 3644 quaerendo,

496 3664 587 3719 sed
612 3664 871 3719 imitando
910 3664 1077 3719 Deum
1103 3666 1344 3734 sapiens;
1374 3672 1429 3718 ut
1455 3682 1556 3721 non
1591 3673 1694 3717 tam
1720 3663 1895 3736 lingua
1923 3680 2075 3734 quam

495 3757 600 3810 vita
619 3754 881 3820 eruditus,
903 3766 1007 3811 tam
1025 3757 1254 3812 disseras
1280 3773 1471 3829 magna
1491 3773 1645 3828 quam
1673 3756 1858 3828 facias.
1902 3753 2077 3823 thue

496 3849 697 3918 aliquid
733 3849 919 3904 solidas
953 3847 976 3885 ιι
1009 3850 1252 3905 utilitatis
1279 3865 1311 3905 e
1332 3858 1612 3922 poetarum
1642 3848 1833 3904 fabulis
1860 3847 2074 3913 educat,

496 3941 855 4012 perniciosam
885 3942 1124 3998 inanium
1154 3942 1450 3999 litterarum
1477 3942 1847 4010 dulcedinem,
1878 3950 1935 3997 et
1960 3956 2081 3997 oin-

495 4047 592 4086 nes
639 4047 821 4088 rerum
864 4034 1236 4104 temporalium
1280 4035 1489 4105 species
1534 4033 1665 4091 dicit
1707 4049 1831 4090 esse
1874 4033 2079 4089 similes

496 4123 581 4178 vel
602 4123 871 4179 radicibus
892 4123 1347 4196 Lotophagorum,
1373 4126 1457 4181 vel
1480 4125 1788 4182 Sirenarum
1810 4126 2072 4182 cantibus.

496 4213 762 4300 Pra’terea
808 4225 958 4289 optat
1003 4225 1061 4273 ut
1107 4219 1276 4288 possit
1315 4219 1475 4289 plane
1502 4218 1681 4274 omnia
1711 4216 1725 4257 ί
1759 4232 1988 4283 exuere,
2021 4225 2079 4272 ut

497 4307 666 4365 Deum
695 4326 859 4366 unum
896 4310 1081 4366 induat
1115 4310 1327 4377 Jovius,
1360 4311 1518 4382 eique
1546 4310 1630 4366 vel
1659 4310 1804 4367 nudo
1832 4325 1899 4366 ex
1928 4309 2079 4366 istius

496 4405 679 4461 mundi
721 4404 837 4460 salo
885 4403 1043 4461 liceat
1079 4404 1335 4458 evadere.
1379 4402 1649 4458 Coneedit
1678 4410 1856 4458 tamen
1886 4402 1982 4458 cit
2020 4409 2080 4456 ut

496 4496 699 4553 dividat
743 4511 865 4552 cum
912 4495 1052 4562 Deo;
1096 4495 1291 4550 habeat
1334 4495 1437 4550 sibi
1472 4503 1528 4550 et
1577 4494 1691 4550 suis
1727 4502 1922 4550 cuneta
1956 4508 2077 4565 quae

496 4587 766 4659 possidet,
814 4586 975 4641 modo
1021 4600 1116 4651 se,
1151 4586 1456 4656 ingeniique
1483 4585 1766 4642 facultates
1794 4601 1856 4641 ac
1884 4584 2075 4655 linguae
2104 4597 2157 4656 ι)

496 4698 629 4755 Opes
658 4683 772 4738 Deo
799 4680 1029 4736 dedicet.
1064 4677 1238 4748 Illico,
1265 4680 1439 4752 inquit
1466 4680 1515 4745 κ,
1545 4689 1602 4734 ut
1633 4680 1707 4733 ad
1730 4696 1953 4750 superna
1980 4694 2071 4750 pe-

496 4776 719 4831 netralia
747 4777 911 4829 aciem
934 4773 1119 4828 mentis
1152 4771 1463 4836 intenderis,
1491 4763 1683 4842 aperiet
1719 4770 1790 4825 ad
1823 4780 1870 4824 te
1890 4772 2078 4842 [aciem
2104 4800 2107 4802 >

497 4886 645 4925 suam
682 4869 873 4923 ueritas
895 4906 911 4933 ,
944 4876 1088 4937 teque
1129 4866 1300 4935 ipsum
1336 4863 1580 4918 reserabit
1611 4862 1732 4928 tibi,
1757 4862 1879 4931 quia
1906 4859 1921 4899 ι
1953 4876 2075 4916 cum

498 4964 660 5019 homo
708 4960 877 5016 Deum
922 4959 1223 5026 intelligere
1262 4958 1477 5023 noluit,
1522 4958 1712 5026 dignus
1740 4954 1840 5011 fuit
1870 4954 1960 5025 qui
1993 4953 2074 5008 sui

499 5055 664 5126 ipsius
692 5052 1028 5123 ignoratione
1057 5050 1321 5105 feriretur.
1371 5047 1528 5103 Addit
1556 5057 1594 5085 ιι
1624 5046 1893 5101 hominem
1921 5058 2081 5113 supe-

500 5148 698 5204 riorem
720 5146 966 5203 omnibus
985 5144 1244 5200 creaturis
1267 5140 1741 5207 irrationabilibus,
1756 5152 1938 5208 parem
1963 5151 2082 5193 esse

498 5240 694 5297 ceteris
707 5238 953 5295 omnibus
963 5235 1054 5291 uni
1071 5234 1182 5291 Deo
1203 5231 1486 5303 subjectis:
1511 5230 1559 5285 Π
1563 5248 1624 5284 ac
1639 5228 2086 5293 mediocritate,in-

499 5336 616 5405 quit
634 5342 686 5400 ﬁ,
710 5332 864 5387 homo
875 5336 1207 5401 temperatus,
1227 5342 1387 5397 neque
1406 5342 1437 5378 α
1460 5323 1640 5377 salutis
1654 5331 1791 5377 sorte
1809 5320 2079 5385 delabitur,

501 5440 660 5497 neque
676 5440 711 5478 α
730 5422 983 5494 dignitate
1004 5425 1223 5486 nantrte,
1244 5418 1401 5489 ﬁtque
1423 5416 1656 5470 conscius
1670 5414 1921 5481 veritatis,
1942 5429 2081 5467 cont~

434 5530 435 5533 ‘
499 5526 594 5590 pos
613 5515 911 5587 sapientia,
938 5527 1111 5567 servus
1130 5510 1381 5583 justitiae,
1410 5505 1537 5562 liber
1559 5507 1783 5571 erroris,
1814 5505 2080 5560 dominus-

2170 1917 2263 1972 sed
2289 1927 2336 1972 et
2361 1918 2613 1973 mentibus
2633 1918 2896 1973 hominum
2924 1921 3197 1993 profutura
3226 1919 3517 1974 mediteris.
3587 1974 3595 1981 ,

2242 2008 2296 2065 ὅ.
2339 2009 2543 2067 Praeter
2570 2010 2715 2065 illam
2761 2011 3041 2081 epistolam
3081 2012 3269 2081 inqua
3318 2009 3530 2066 Paulini
3556 2009 3768 2079 ingenii

2171 2119 2422 2173 acumen,
2452 2104 2722 2175 ipsiusque
2771 2104 2995 2160 scientia
3032 2104 3201 2174 magis
3226 2118 3387 2173 quam
3417 2103 3469 2158 in
3498 2103 3621 2159 aliis
3643 2102 3771 2157 elu-

2172 2206 2418 2264 cescuut,
2466 2212 2661 2268 poema
2691 2206 2720 2247 ν
2745 2197 2907 2253 etiam
2952 2193 3109 2253 Jovio
3136 2195 3357 2265 dicavit,
3389 2196 3554 2266 idque
3579 2194 3767 2251 forsan

2173 2290 2450 2363 scripserit
2476 2290 2636 2362 paulo
2684 2295 2838 2358 ante,
2868 2289 2933 2345 in
2962 2305 3073 2362 quo
3096 2303 3223 2345 eum
3249 2290 3498 2345 hortatur
3524 2300 3552 2339 ει
3575 2298 3629 2343 ut
3663 2305 3771 2345 το-

2175 2393 2301 2440 veat
2326 2383 2560 2462 studium
2590 2391 2645 2439 et
2670 2397 2892 2455 operam
2922 2379 3220 2439 scribendis
3244 2378 3634 2451 laudandisque
3666 2378 3768 2436 Dei

2176 2474 2447 2531 miraculis
2467 2482 2523 2531 et
2549 2474 2807 2546 potentia.
2840 2472 2930 2530 Sic
2960 2472 3036 2528 ait
3063 2482 3115 2527 τε

2302 2610 2465 2675 incipe
2487 2611 2661 2661 divinis
2682 2615 2868 2675 tantum
2892 2609 3012 2660 dare
3035 2610 3231 2675 pectora
3255 2607 3428 2672 rebus,

2298 2671 2664 2738 Solii-actosque
2688 2673 2792 2738 Deo
2812 2685 2988 2738 sensus
3015 2671 3244 2738 attollere
3269 2680 3403 2720 terra

2300 2737 2409 2787 on
2430 2736 2587 2785 oculis
2608 2735 2733 2784 crs-lo
2759 2747 2880 2784 nova
2903 2735 2987 2783 lux
3008 2735 3200 2783 orietur
3214 2744 3406 2793 aperto.

2303 2798 2766 2861 lntrabitque_sacer
2786 2796 2933 2847 tacito
2957 2808 3047 2858 per
3069 2802 3238 2861 operta
3261 2804 3424 2861 meatu

2296 2856 2602 2924 Spiritus,'et_
2618 2858 2727 2924 leto
2752 2862 2943 2924 quatiet
2960 2856 3255 2924 tuayisccra
3272 2856 3472 2924 llatu..._.

2300 2917 2490 2980 Quanto
2508 2917 2665 2981 maior,
2681 2921 2742 2969 ab
2761 2917 2835 2969 his
2851 2922 2997 2969 ardet
3022 2918 3109 2968 tibi
3136 2917 3290 2980 gloria
3315 2920 3509 2981 ett-ptis,

2300 2983 2355 3034 In
2379 2985 2557 3044 quibus
2581 2990 2633 3033 et
2657 2980 2869 3046 linguam
2894 2992 3160 3043 exercens,
3184 2980 3404 3032 mentem
3421 2993 3623 3103 «incaute
3647 2994 3774 3030 san-

2684 3064 2689 3075 ’
3601 3057 3737 3093 Clin"

2684 3064 2689 3075 τ
3578 3057 3737 3093 letam

2301 3106 2533 3169 lirudies;
2558 3104 2848 3167 laudemque
2872 3103 3037 3167 simul,
3062 3105 3306 3165 vitamque
3325 3108 3587 3169 capessrs't

2307 3167 2526 3230 Itemque
2551 3169 2692 3229 leges
2708 3176 2861 3229 catus,
2883 3176 2940 3219 et
2960 3170 3148 3215 srribes
3162 3167 3388 3217 miracula
3409 3168 3587 3216 summi

2304 3232 2431 3279 Vtra
2452 3229 2566 3288 Dei,
2593 3230 2838 3294 propiord
2858 3244 2984 3289 sees,
3009 3237 3060 3294 et
3080 3229 3237 3278 carior
3261 3230 3350 3294 ipsi

2298 3294 2418 3342 lisse.
2446 3293 2550 3341 Deo
2578 3307 2589 3342 :
2615 3290 2760 3353 quem
2782 3291 2893 3339 dum
2918 3290 3127 3341 credens
3144 3292 3353 3353 miraris,
3373 3301 3540 3353 amare

2299 3355 2366 3405 ltr
2387 3359 2420 3417 ἱ,
2443 3358 2534 3415 ius,
2561 3362 2614 3404 cl.
2635 3351 2837 3432 amando
2860 3353 3016 3403 Deum
3040 3352 3364 3403 redamahere
3395 3351 3585 3402 Chr;s‘.o

2249 3481 2405 3536 Addit
2433 3480 2649 3550 insuper
2677 3476 2927 3533 Paulinus
2966 3447 3087 3533 eum
3116 3475 3449 3531 edocendum
3482 3482 3504 3511 ⁸
3537 3474 3590 3529 in
3620 3473 3772 3529 libro

2178 3575 2451 3629 Geneseos
2479 3586 2598 3642 quin
2627 3572 2695 3627 sit
2720 3586 2847 3626 vera
2878 3567 3056 3624 mundi
3086 3569 3261 3637 origo,
3290 3568 3428 3639 apud
3457 3566 3767 3623 Iohannem

2178 3667 2386 3739 quando
2416 3666 2524 3721 Deo
2548 3674 2601 3720 et
2621 3664 2836 3719 Christo
2865 3663 2935 3719 sit
2962 3662 3307 3729 credendum,
3335 3670 3467 3729 etc.,
3503 3663 3557 3718 in
3592 3662 3769 3719 Rubri
3817 3701 3829 3708 -

2178 3763 2341 3817 maris
2368 3761 2595 3815 transitu
2618 3767 2673 3815 et
2692 3757 2840 3813 Jona:
2867 3755 3089 3813 historia
3117 3755 3308 3824 Deum,
3330 3772 3437 3811 non
3466 3755 3768 3823 lortdnain,

2179 3856 2313 3910 mari
2342 3851 2603 3909 dominari
2634 3858 2687 3905 et
2717 3847 3154 3918 tempestatibus;
3180 3848 3231 3902 in
3259 3846 3421 3902 Josue
3450 3855 3505 3901 et
3532 3846 3770 3902 Ezechia

2148 3985 2153 3991 -
2179 3949 2347 4004 solem
2377 3954 2433 4002 et
2453 3954 2596 3999 astra
2619 3944 2692 3999 illi
2722 3942 3127 4012 obtemperare,
3141 3956 3241 4017 nec,
3269 3940 3379 3995 lato
3406 3940 3532 4013 vita:
3562 3948 3772 3995 nasum

2179 4038 2502 4095 curriculum
2548 4035 2660 4105 regi
2696 4034 3053 4104 cogniturum.
3086 4031 3219 4099 Quid
3250 4031 3348 4086 ista
3378 4031 3523 4101 apud
3549 4029 3769 4086 .loviuiu

2180 4130 2466 4197 valuerint,
2496 4144 2604 4184 non
2634 4126 2937 4191 innotescit,
2970 4133 3186 4181 constat
3223 4123 3409 4179 saltem
3441 4123 3525 4178 bis
3554 4122 3770 4179 Paulini

2180 4222 2482 4280 excrevisse
2528 4220 2635 4291 62
2681 4219 2979 4274 caritatem.
3030 4215 3176 4271 illius
3224 4213 3289 4269 ad
3316 4212 3527 4270 Iovium
3568 4229 3769 4286 poema

2180 4312 2577 4382 nonnumquam
2608 4309 2666 4367 S.
2698 4308 2941 4364 Mamerti
2970 4306 3119 4363 fratri
3149 4306 3444 4362 Claudiano
3474 4303 3766 4361 tribuitur:

2177 4407 2322 4480 quod
2352 4407 2496 4462 nullo
2525 4404 2867 4461 fundamento
2896 4400 3188 4458 stabilitum
3218 4399 3437 4455 videtur

2723 4585 2951 4643 CAPUT
2988 4584 3204 4640 XXXV.

2180 4725 2350 4797 aliger
2402 4722 2655 4777 Paulinus
2701 4720 2990 4843 Sulpiciun:
3032 4719 3273 4776 Severum
3316 4718 3393 4772 ad
3446 4736 3503 4773 se
3546 4721 3780 4775 multant

2866 4808 2968 4843 mm
2994 4800 3069 4843 at.
3439 4813 3443 4817 ν

2866 4800 3069 4847 invitat.
3439 4813 3443 4817 ’

2255 4947 2304 5002 l.
2347 4945 2633 5001 Paulinus‘
2662 4953 2777 5000 toto
2822 4944 3102 5014 superiore
3147 4958 3289 4999 anno
3320 4959 3350 4998 a
3378 4959 3602 4998 suorum
3635 4962 3765 5015 pue-

2182 5040 2621 5096 roruntdiscessu
2646 5052 2811 5106 usque
2840 5036 2905 5091 ad
2934 5020 3468 5106 hiememSolpicium
3499 5034 3775 5093 Severum

2184 5139 2607 5202 exspectaverat,
2647 5146 2677 5184 a
2708 5144 2814 5198 quo
2860 5144 2979 5183 cum
3027 5143 3135 5184 non
3181 5111 3479 5198 accepisset
3530 5128 3771 5195 litteras,

2163 5241 2283 5280 .nec
2314 5224 2517 5291 reliquo
2547 5221 2687 5275 illius
2713 5220 2833 5274 anni
2869 5210 3135 5289 tempore,
3156 5233 3332 5289 nequc
3358 5220 3639 5288 sequentis
3666 5222 3768 5276 ini-

2186 5318 2289 5381 tio,
2306 5313 2531 5375 credidit
2552 5328 2672 5366 eum
2706 5311 2823 5365 ideo
2855 5326 2962 5365 non
2987 5310 3451 5374 misisselitteras,
3475 5310 3621 5380 quod
3654 5311 3779 5381 ipse

2181 5406 2458 5464 adfuturus
2505 5412 2667 5470 esset,
2692 5402 2989 5459 etideireo.
3024 5400 3245 5484 singulis
3281 5416 3404 5456 eum
3447 5400 3638 5457 diebus
3666 5418 3771 5458 cx-

2182 5498 2484 5571 spectabal.
2506 5496 2689 5566 Itaque
2717 5488 3082 5557 Romanuad
3114 5493 3474 5549 venerabilem
3504 5495 3767 5550 solemni-

571 5664 597 5693 ι
627 5650 725 5723 ιερ-
751 5648 863 5717 ιθ..
888 5664 943 5723 ιρο
967 5645 1046 5723 ιι,
1095 5645 1276 5723 ξηιξά
1320 5642 1543 5723 .alud-
1619 5637 1834 5723 tuta»
1852 5622 2017 5723 ἶρειξξ

2176 5630 2285 5723 ‘.’L"-
2344 5626 2575 5723 ,ίιὶἓξδη
2604 5642 2661 5723 5."
2693 5624 2751 5723 9;
2826 5624 3067 5723 ‘..".’3‘.'.:...
3088 5621 3114 5659 "
3133 5622 3321 5723 illi“;
3354 5623 3581 5723 illi”;
3618 5628 3763 5723 "r3-

506 5726 521 5777 i
567 5715 699 5779 lbid'.
727 5761 742 5787 ,
797 5715 857 5776 n.’
897 5721 950 5775 9.
1034 5717 1058 5757 κ
1101 5715 1234 5773 Ibid.

506 5773 919 5863 ἓῐιῖίῖέίνΐιζ
985 5802 1005 5828 ι
1036 5788 1272 5854 lhid.,v.
1322 5786 1390 5842 59
1409 5793 1463 5843 et
1507 5799 1661 5853 seqq.
1741 5782 1758 5817 ι
1804 5778 1900 5850 Ep.
1938 5776 2023 5843 17,
2069 5792 2132 5829 η..
2178 5773 2226 5877 ι..

1320 5713 1337 5754 ι
1371 5693 1542 5770 an.“
1578 5723 1616 5750 ω
1645 5709 1777 5766 ibid.
1820 5693 1879 5745 ἰι
1910 5704 2063 5769 rma,

2183 5702 2266 5755 10.
2344 5709 2370 5737 ο
2399 5696 2534 5753 lhid.
2558 5736 2573 5764 ,
2604 5713 2659 5751 ιι.
2695 5694 2789 5751 il.
2857 5706 2883 5745 P
2910 5693 3097 5749 Carm.
3133 5693 3228 5749 l9.
3297 5704 3322 5744 ει
3353 5694 3508 5761 lbid.,
3549 5710 3602 5749 ν.
3641 5694 3749 5749 M8

2301 5782 2325 5808 υ
2356 5770 2475 5825 [bid
