4000 6462
556 367 662 426 10³

1516 391 1520 394 ~
1585 364 1640 422 S.
1677 364 2019 424 PAULINUS
2056 365 2373 427 NOIANUS
2410 364 2801 424 EPISJIOPUS.

3734 362 3858 424 {Ol

550 482 817 551 docetque
853 488 880 519 ι
917 488 1116 552 quanta
1163 480 1461 536 reverentia
1512 486 1744 534 tractare
1789 477 1987 534 debeat
2030 494 2146 534 rem
2177 487 2221 543 Α
2253 478 2657 551 Cawphylncio,
2708 495 2815 534 non
2853 492 3013 533 anam
3042 478 3113 532 oh
3151 491 3367 534 causam
3395 490 3556 548 quam
3586 493 3655 533 eo
3683 477 3859 548 quod

552 572 690 630 adeo
714 573 1028 643 pretiosam,
1049 581 1108 629 et
1135 574 1298 627 refert
1323 570 1772 640 quemadmodum
1796 570 1822 608 δ
1839 570 1909 625 ab
1935 568 2135 624 Helena

553 682 685 723 crux
713 674 925 736 reperta
951 665 1041 721 sit.
1072 664 1315 736 Cumque
1343 649 1551 735 pateret
1580 664 1794 733 pagina,
1830 674 1851 701 ι’
1871 664 2136 733 prolixam

552 758 836 829 epistolam
862 758 1042 814 denuo
1071 757 1367 823 inchoavit,
1392 758 1444 811 in
1473 772 1575 827 qua
1605 754 1953 824 conqueritur
1980 751 2005 791 (³
2026 770 2084 808 se
2106 769 2137 807 a

550 849 756 907 Severo
776 849 859 904 vel
880 849 1074 919 majori
1093 849 1301 904 honore
1322 849 1403 903 vel
1428 847 1624 915 injuria
1647 845 1918 909 allectum,
1941 846 2141 915 quippe

553 940 647 1010 qui
676 939 849 1010 ipsutu
875 954 998 995 cum
1028 939 1087 994 S.
1116 937 1347 994 Martino
1391 935 1699 993 contulerit.
1749 934 1856 991 Sed
1905 942 2028 1006 post
2072 933 2141 990 de

556 1030 817 1087 industria
844 1044 913 1087 eo
938 1043 1244 1087 mortem
1271 1028 1559 1090 convertit,
1589 1036 1614 1063 ·
1632 1024 1786 1103 quasi
1812 1024 2046 1080 Severus
2085 1023 2140 1079 in

554 1120 786 1177 latino
829 1121 1055 1176 formam
1095 1119 1319 1189 iustitia:
1362 1127 1419 1174 et
1456 1132 1718 1174 summam
1762 1116 2039 1180 virtutum,
2085 1114 2142 1171 in

556 1209 783 1269 Paulino
827 1226 959 1267 vero
995 1210 1336 1267 conscientia:
1378 1208 1674 1279 iniquitatis
1712 1207 2059 1263 obtritionem
2086 1213 2144 1260 et

552 1302 948 1361 conlessionem
993 1301 1391 1368 declaraverit‘,
1450 1309 1509 1357 ut
1559 1307 1617 1355 et
1663 1299 1837 1354 beatis
1883 1296 2142 1353 Martinus

557 1394 862 1467 exemplum
885 1402 1117 1465 pateret,
1133 1402 1189 1449 et
1209 1391 1467 1448 Paulinus
1487 1389 1746 1446 miseris.f
1769 1389 1884 1443 Duo
1905 1389 1975 1444 ad
1992 1389 2141 1443 illum

555 1488 942 1559 epigrammata
962 1486 1016 1541 in
1039 1487 1181 1542 hanc
1207 1485 1352 1541 misit
1384 1484 1729 1550 sententiam,
1755 1490 1811 1538 et
1834 1481 1989 1553 petiit
2018 1480 2143 1536 utsi

559 1576 650 1631 illa
675 1576 729 1630 in
758 1575 1074 1646 baptisterio
1098 1588 1301 1645 ponere
1330 1573 1511 1639 vellet,
1550 1581 1788 1629 servaret
1816 1580 1995 1626 tamen
2021 1586 2137 1625 sua.

557 1663 683 1721 Haec
708 1665 890 1721 omnia
931 1664 957 1713 α
1000 1663 1189 1719 fecisse
1225 1662 1559 1719 se-declarat
1599 1677 1699 1734 pro
1723 1676 1822 1717 suo
1849 1676 2059 1716 summo
2088 1661 2142 1715 in

555 1771 681 1813 eum
725 1758 928 1819 studio,
973 1755 1046 1812 ita
1091 1763 1155 1809 ut
1203 1754 1376 1823 magis
1421 1753 1489 1808 de
1537 1768 1643 1807 non
1697 1750 2139 1821 obtemperando,

2240 569 2293 625 in
2335 585 2400 625 ea
2447 572 2622 641 primo
2671 570 2740 625 de
2778 569 3162 642 gazopltylaeio
3209 568 3466 639 loquitur,
3510 569 3659 638 quod
3710 578 3859 640 post

2241 648 2627 716 Tertulliauum
2672 667 2831 715 vocat
2876 674 3114 714 mensam
3160 660 3214 714 in
3238 659 3482 715 ecclesia
3510 659 3751 729 positam
3785 661 3854 715 in

2238 765 2342 822 qua
2379 751 2813 807 recondebantur
2839 757 3072 820 erogata:
3099 749 3425 820 pauperibus
3448 750 3853 821 eleeutosynzr.

2242 844 2489 901 Alethius
2529 843 2620 900 ille
2646 845 2839 899 merito
2866 858 2933 898 ac
2967 830 3089 911 jure
3123 842 3372 899 laudatur
3395 843 3534 914 apud
3563 841 3876 914 [lict-0mm.

2239 952 2385 992 mum
2416 947 2439 976 π
2456 952 2601 992 anno
2627 935 2755 1005 L07,
2778 951 2900 991 eum
2924 943 3130 990 tantum
3151 932 3449 993 sacerdotis
3471 941 3618 990 esset
3637 934 3858 991 chara-

2241 1033 2391 1081 ctere
2431 1026 2716 1094 insignitus
2757 1042 2771 1078 :
2818 1024 3017 1080 factum
3065 1024 3209 1079 enim
3256 1039 3379 1079 eum
3426 1021 3853 1081 Cadurceosem

2247 1118 2595 1188 episcopum,
2626 1127 2841 1174 mortuo
2887 1116 3054 1174 fratre
3091 1115 3403 1181 Florentio,
3448 1117 3591 1181 apud
3638 1131 3854 1173 omnes

2246 1216 2480 1263 constat.

2313 1300 2365 1355 2.
2397 1299 2477 1355 Ad
2503 1301 2645 1355 hunc
2672 1300 3006 1356 Florentium
3047 1300 3264 1372 scripsit
3289 1316 3504 1373 quoque
3550 1300 3849 1367 Paulinus,

2241 1390 2386 1460 quod
2411 1391 2497 1446 hic
2516 1390 2861 1446 observamus
2878 1406 3001 1446 cum
3022 1382 3237 1462 tempus
3252 1392 3569 1463 eratscripto:
3586 1391 3851 1463 epistolis

2242 1482 2662 1553 quadragesima:
2682 1483 2929 1537 secundae
2959 1498 3065 1539 non
3087 1484 3309 1540 omnino
3329 1494 3542 1540 certum
3570 1486 3636 1542 sit
3666 1504 3679 1540 :
3708 1501 3850 1542 eam

2243 1581 2421 1629 tamen
2451 1576 2591 1629 circa
2621 1589 2819 1629 annum
2841 1572 2948 1627 £05
2963 1575 3217 1644 scriptam
3239 1585 3510 1646 putamus.
3535 1576 3582 1631 A
3601 1576 3849 1633 Floren-

2246 1666 2526 1734 tio‘qurm
2557 1664 2792 1721 nomium
2821 1676 3046 1722 noverat
3069 1664 3320 1723 Paulinus
3338 1669 3596 1739 epistolas
3622 1670 3851 1740 accepit

2243 1757 2430 1828 plenas
2456 1756 2617 1812 ofﬁcii
2656 1765 2713 1812 ct
2751 1756 3101 1812 humanitatis
3141 1757 3364 1829 perinde
3410 1775 3473 1814 ac
3517 1760 3565 1814 si
3610 1750 3846 1830 antiqua

556 1865 717 1920 quam
757 1846 826 1904 de
866 1846 1205 1916 multiloquio
1253 1855 1534 1916 peccatum
1554 1845 1776 1899 timeret
1801 1861 1814 1895 :
1847 1842 1945 1898 hac
1974 1856 2033 1897 se
2057 1856 2143 1896 ra-
2176 1860 2220 1921 Β
2244 1849 2603 1919 lirmccssisset
2624 1849 2764 1903 inter
2783 1864 2878 1905 eos
2893 1849 3229 1905 necessitudo
3249 1859 3304 1905 et
3328 1849 3353 1903 f
3366 1852 3678 1907 imiliaritas.
3696 1852 3848 1909 Hu’c

560 1942 710 1996 tione
733 1937 760 1977 δ
781 1939 1068 1995 adductum
1092 1948 1150 1994 ut
1161 1938 1428 1995 suadente
1450 1937 1667 1995 Victore
1676 1937 1902 1993 duarum
1927 1937 2144 1993 Nolana:

560 2041 618 2088 et
645 2030 915 2088 Fundana:
942 2030 1282 2086 basilicarum
1311 2045 1495 2085 versus
1528 2030 1793 2093 mitteret,
1846 2027 1860 2065 ί
1895 2037 1950 2083 et
1977 2043 2146 2083 novos

559 2125 723 2181 etiam
752 2122 1011 2179 canderet
1037 2122 1222 2177 Severi
1244 2121 1585 2177 basilicarum
1616 2120 1909 2190 parietibus
1954 2117 2146 2174 inscri-

558 2219 784 2283 bendas,
811 2215 1018 2287 ipsique
1042 2216 1059 2268 l
1095 2214 1302 2269 tumulo
1320 2212 1381 2268 S.
1407 2213 1656 2284 martyris
1680 2209 1822 2273 Clari
1846 2211 1937 2281 qui
1962 2211 2014 2265 in
2043 2224 2146 2265 una

558 2313 749 2369 harum
776 2310 1169 2383 requiescebat,
1197 2323 1430 2379 quorum
1456 2307 1737 2362 materiam
1767 2304 1952 2360 Victor
1977 2304 2149 2359 dicta-

557 2414 712 2462 verat
729 2404 1075 2461 enarratione
1093 2402 1295 2473 operis.
1317 2399 1418 2457 Ubi
1444 2400 1611 2455 multa
1639 2398 1776 2454 dixit
1794 2395 2052 2452 Paulinus
2076 2396 2146 2452 de

562 2499 807 2555 tediliciis
830 2498 936 2555 illis
957 2495 1359 2562 materialibus,
1400 2491 1425 2531 ι
1468 2495 1535 2547 al
1564 2490 1856 2561 spiritualis
1880 2489 2145 2545 rationem

556 2590 767 2646 arditicii
810 2602 1116 2644 sermonem
1142 2585 1431 2655 convertit,
1458 2584 1527 2640 de
1553 2598 1663 2656 quo
1689 2598 1789 2639 suo
1826 2596 1978 2637 more
2007 2596 2147 2653 prte-

559 2682 812 2739 claredia
840 2681 962 2738 erit.

1090 2822 1093 2823 ⁷
1142 2816 1371 2874 CAPUT
1408 2816 1568 2872 XLV.

559 2913 642 2969 Ad
682 2914 961 2977 Alethium,
989 2921 1040 2966 et
1069 2907 1394 2964 Florentium
1439 2906 1811 2962 Cadurcensem
1856 2908 2147 2977 episcopum

727 2990 730 2994 λ
808 2985 988 3039 scribit
1018 2982 1288 3036 Paulinus.
1333 2979 1478 3034 ﬂora
1508 2980 1689 3051 fratris
1717 2979 1877 3049 ipsius

558 3194 563 3197 1
630 3126 746 3199 79
768 3125 820 3180 l.
844 3124 908 3179 In
940 3123 1044 3179 hoc
1084 3123 1277 3179 eodem
1307 3121 1486 3177 forsan
1517 3119 1710 3174 itinere
1736 3117 1920 3173 Victor
1960 3132 2146 3171 eorum

2245 1943 2407 1997 etiam
2441 1940 2697 1997 Paulinus
2723 1941 3027 1996 humaniter
3053 1949 3109 1996 et
3130 1941 3507 1997 liberalissime
3535 1943 3845 2014 respondit,

2244 2046 2299 2090 et
2328 2035 2398 2089 ita
2445 2034 2649 2088 Iretatus
2674 2034 2698 2069 ‘l
2733 2041 2816 2089 est
2858 2032 2977 2103 ejus
3025 2023 3262 2105 episcopi
3306 2050 3366 2090 se
3410 2034 3662 2105 adeptum
3711 2050 3848 2092 esse

2246 2124 2533 2179 amicitiam
2565 2132 2623 2179 et
2651 2123 2878 2180 unitate
2923 2123 3185 2192 ditatum,
3218 2133 3277 2179 ut
3303 2125 3371 2180 de
3399 2141 3466 2181 eo
3508 2127 3694 2182 laudes
3720 2126 3847 2183 Deo

2244 2219 2502 2288 plurimas
2529 2218 2748 2272 referat.
2782 2216 2878 2292 _De
2915 2217 3021 2273 hoc
3063 2216 3337 2273 Florentio
3381 2216 3516 2273 nihil
3561 2220 3848 2289 peculiare

2247 2309 2491 2377 legimus.
2512 2307 2789 2377 Magniﬁce
2810 2296 3099 2364 IlPaulinus
3119 2307 3234 2379 ejus
3254 2308 3509 2380 prmdicat
3527 2310 3844 2382 epistolam,

2247 2399 2399 2469 cujus
2425 2393 2604 2457 sermo
2626 2400 2925 2471 apostolico
2949 2399 3063 2455 sale
3083 2400 3334 2456 conditus
3351 2416 3601 2472 saporem
3623 2405 3842 2473 gratim,

2247 2506 2364 2561 qua:
2394 2491 2469 2545 illi
2498 2489 2625 2546 data
2653 2498 2829 2558 esset,
2861 2491 2935 2545 ita
2976 2491 3335 2561 exprimeret;
3380 2493 3844 2564 quemadmodum

2246 2585 2444 2654 eloquii
2488 2585 2726 2640 suavitas
2763 2598 2926 2654 quam
2969 2584 3149 2641 suavis
3193 2584 3246 2639 in
3289 2600 3359 2641 eo
3384 2592 3530 2641 esset
3578 2585 3845 2643 Dominus

2249 2686 2438 2751 aperte
2493 2678 2830 2735 ostendebat.
2887 2676 3142 2747 Adjungit
3196 2675 3450 2734 Paulinus
3498 2691 3523 2715 τ
3568 2695 3693 2735 eum
3744 2697 3846 2751 per

2249 2769 2713 2826 mansuetudinem
2761 2768 2878 2824 ovis
2924 2779 2978 2823 et
3017 2770 3137 2840 agni
3166 2770 3531 2826 innocentiam
3574 2772 3847 2828 meruisse

2249 2869 2517 2933 pastorem
2549 2860 2690 2927 ﬁeri;
2722 2870 2777 2917 et
2805 2862 3086 2917 sublimem
3132 2860 3322 2917 factam
3351 2877 3450 2933 per
3476 2863 3845 2920 humilitatem

2249 2960 2302 3006 et
2332 2952 2795 3008 mansuetudinem
2820 2952 3000 3008 cordis
3019 2953 3255 3007 animam
3280 2954 3500 3010 illiusin
3531 2955 3582 3011 id
3611 2956 3845 3026 singulis

2251 3045 2437 3100 diebus
2463 3044 2787 3109 incumbere,
2821 3053 2879 3098 ut
2907 3044 3112 3100 animas
3139 3046 3207 3101 de
3241 3047 3436 3103 amaris
3464 3062 3528 3104 ac
3557 3049 3847 3117 profundis

2249 3135 2404 3205 huius
2423 3136 2589 3191 seculi
2607 3133 2857 3190 ﬂuctibus
2877 3136 3036 3192 hamo
3058 3137 3204 3192 verbi
3230 3137 3480 3192 salutaris
3500 3134 3843 3211 extraheret,

556 3216 862 3275 communis
883 3214 1192 3271 tabellarius
1214 3215 1235 3254 ι
1262 3210 1484 3267 Paulino
1501 3212 1703 3265 litteras
1724 3207 1920 3264 Alethii
1936 3206 2143 3271 detulit,
2175 3229 2220 3291 ο
2251 3228 2319 3281 ad
2360 3229 2470 3298 80
2513 3226 2653 3297 quod
2683 3242 2819 3297 opus
2844 3226 2901 3281 ίη
2938 3235 3140 3283 sane",
3171 3228 3537 3298 aposmjomm
3565 3206 3844 3287 assumus

560 3319 602 3348 ι’
631 3309 727 3382 qui
751 3324 820 3364 ex
839 3307 953 3365 suis
979 3303 1471 3361 elucubrationibus
1517 3300 1737 3371 aliquid,
1785 3308 1845 3354 ut
1890 3300 2142 3363 arbitror,

556 3399 904 3473 postulabat,_
937 3395 1082 3468 quod
1126 3404 1153 3443 ι·
1183 3394 1571 3451 benevolentiae
1613 3392 1985 3462 argumentum
2036 3398 2144 3443 tam

557 3491 715 3548 dulce
744 3488 990 3558 Paulino,
1015 3501 1179 3558 quam
1224 3485 1553 3556 insperatum
1582 3482 1681 3538 fuit
1715 3499 1730 3536 :
1761 3480 1856 3537 sed
1884 3482 1999 3550 ejus
2028 3486 2146 3534 stuc

557 3582 649 3639 diu
674 3589 705 3659 ο,
723 3580 936 3636 Paulini
964 3579 1238 3635 humilitas
1278 3576 1499 3632 restitit.
1527 3574 1644 3631 Non
1672 3579 1756 3630 est
1782 3573 1985 3642 integra
2028 3570 2145 3642 epi-

555 3674 698 3731 stola
728 3671 1001 3742 trigesima
1028 3670 1207 3735 tertia,
1237 3682 1343 3739 qua
1386 3664 1639 3722 Paulinus
1661 3664 1874 3719 Alethio
1918 3678 2148 3734 respon-

559 3766 673 3833 det,
701 3765 818 3835 ejus
838 3764 981 3819 euim
1003 3761 1338 3818 continuatio
1367 3760 1420 3815 in
1448 3774 1554 3829 qua
1583 3759 1761 3829 agitur
1785 3758 1851 3812 de
1879 3756 1935 3813 S.
1967 3754 2149 3811 Paula:

560 3860 675 3929 lilia
695 3840 900 3930 spectat
929 3855 1211 3928 epistolam
1251 3854 1599 3910 tredecimam
1628 3851 1697 3906 ad
1723 3848 2145 3906 Pammachium.

559 3947 719 4005 Putat
736 3945 1034 4002 Chililetius
1058 3953 1089 3996 ι’
1123 3944 1321 4001 Alethii
1345 3942 1487 3999 votis
1508 3942 1731 3998 cessisse
1760 3938 2064 4004 Paulinum,
2094 3947 2150 3995 et

559 4056 865 4098 senuonem
891 4042 959 4097 de
986 4038 1385 4111 Gazopbylacio
1407 4037 1473 4091 ad
1500 4051 1625 4092 eum
1653 4035 1884 4103 misisse,
1905 4035 1999 4104 qui
2026 4034 2148 4104 qni—

559 4134 682 4191 dem
713 4135 765 4189 iu
794 4149 895 4188 ms.
926 4132 1112 4188 codice
1150 4130 1412 4186 Vaticano
1460 4127 1675 4182 Alethio
1720 4127 2037 4182 nominatim
2068 4126 2148 4181 iu-

558 4226 829 4283 scribitur.
852 4223 956 4281 Sed
982 4239 1103 4280 cum
1133 4232 1160 4272 ει
1189 4221 1256 4277 ad
1285 4222 1482 4287 multos
1503 4220 1663 4275 verba
1687 4217 1846 4275 faciat
1872 4216 2146 4281 Paulinus,

556 4312 876 4375 concionem
905 4316 973 4371 ad
1002 4314 1257 4388 populum
1282 4314 1461 4385 potius
1487 4328 1648 4383 quam
1678 4311 1962 4383 epistolam
1990 4311 2148 4367 dixe-

554 4407 698 4477 rim,
730 4411 869 4467 in.er
895 4424 1029 4479 quas
1058 4416 1239 4463 tamen
1281 4408 1331 4462 ei
1361 4406 1605 4462 dedimus
1634 4406 1809 4462 locum
1839 4414 1896 4460 ut
1924 4421 2022 4461 suo
2052 4422 2151 4460 nu-

558 4519 710 4562 mero
752 4510 1045 4559 constaret.
1098 4499 1167 4556 Et
1211 4499 1377 4559 facile,
1411 4499 1586 4568 quivis
1627 4497 1947 4566 judicaverit
1991 4496 2153 4554 fuisse

2246 3315 2437 3374 fuerat.
2463 3315 2622 3371 ﬂunc
2647 3325 2674 3353 ι
2706 3315 3029 3372 Florentium
3067 3315 3308 3373 fecerunt
3335 3318 3552 3389 quidam
3594 3317 3843 3376 Tiburti-

2247 3410 2805 3480 treusem-episcopum
2825 3412 2957 3479 qn’a
2993 3416 3126 3466 tunc
3164 3412 3427 3480 temporis
3455 3410 3674 3481 vivebat
3715 3414 3841 3484 qui-

2246 3499 2368 3555 dam
2397 3516 2465 3557 eo
2512 3502 2731 3556 nomine
2775 3500 3163 3557 Tiburtincnsis
3206 3502 3533 3575 episcopus:
3565 3504 3662 3562 sed
3709 3505 3843 3565 huic

2248 3594 2350 3649 levi
2378 3595 2703 3665 mttjecturzc
2740 3596 3097 3666 praeponenda
3125 3606 3210 3652 est
3235 3599 3398 3654 trium
3438 3599 3685 3655 codicum
3716 3616 3841 3657 ma-

2247 3683 2645 3759 nuscriptorum
2674 3688 2954 3753 autoritas,
2987 3687 3039 3742 in
3070 3688 3263 3759 quibus
3289 3690 3597 3748 inscribitur
3621 3691 3841 3751 Cadur.

2246 3781 2423 3835 censis
2450 3779 2750 3849 episcopus.

2319 3870 2372 3925 3.
2402 3869 2659 3927 Paulinus
2682 3871 2837 3927 initio
2862 3872 3137 3942 sequentis
3156 3875 3286 3931 anni
3306 3885 3333 3922 π
3350 3874 3674 3946 Delphinum
3700 3876 3842 3935 Bur-

2247 3961 2588 4032 degalensem
2627 3964 2939 4033 episcopum
2988 3964 3040 4018 in
3081 3972 3389 4022 sanctorum
3429 3981 3715 4025 numerum
3740 3971 3843 4025 ad-

2248 4053 2454 4121 scribit,
2470 4052 2873 4125 cujusreliqniae
2906 4056 3001 4109 has
3028 4063 3198 4112 terras
3225 4058 3704 4127 commendabant;
3735 4063 3841 4117 ita-

2247 4159 2356 4215 que
2383 4144 2554 4200 serius
2591 4160 2753 4215 quam
2799 4148 3049 4216 praesenti
3097 4141 3221 4205 huic
3266 4164 3411 4205 anno
3439 4166 3547 4206 non
3576 4152 3840 4210 debemus

2251 4235 2556 4291 adscribere
2575 4237 2857 4308 epistolam
2887 4238 2952 4293 ad
2979 4238 3296 4309 Delphinum
3320 4240 3647 4309 trigesimum
3676 4246 3841 4314 quin-

2253 4337 2379 4395 tam,
2401 4341 2422 4367 ι
2450 4345 2554 4401 qua
2580 4331 2743 4401 priori
2765 4330 2880 4400 ejus
2908 4332 3151 4403 epistola:
3172 4334 3499 4390 brevissima:
3518 4337 3836 4409 respondet,

2249 4436 2315 4477 ex
2344 4438 2447 4491 qua
2477 4420 2707 4477 fortasse
2732 4423 2817 4478 vel
2844 4423 2952 4480 alio
2981 4424 3180 4480 iudicio
3205 4434 3437 4481 mortem
3477 4426 3661 4483 fratris
3692 4430 3838 4487 circa

2254 4513 2391 4568 idem
2418 4522 2629 4584 tempus
2647 4522 2973 4582 cognoverat
2996 4534 3013 4569 :
3038 4531 3142 4587 qua
3164 4518 3233 4574 de
3253 4531 3413 4573 causa
3441 4535 3549 4574 non
3570 4522 3840 4591 prolixam

559 4588 849 4667 aliquando
874 4591 1221 4648 sollicitatum
1256 4591 1604 4662 abepisropo
1637 4590 1843 4645 NOlaﬂo
1870 4587 2149 4650 Paulinum
2179 4604 2231 4667 D
2253 4603 2320 4659 ad
2366 4604 2687 4674 Delphinum
2712 4604 2860 4661 "fecit
2896 4606 3201 4677 epistolam.
3249 4606 3499 4664 Dolorem
3555 4587 3841 4667 dumtaxat

555 4686 623 4760 ut
648 4684 906 4761 populum
925 4684 1146 4742 doceret
1172 4684 1405 4739 maxime
1435 4683 1789 4754 eleemosyna:
1817 4684 2068 4740 virtutem
2096 4693 2153 4741 et

552 4770 837 4850 meritum,
856 4778 1010 4849 cujus
1029 4785 1147 4834 erat
1166 4778 1407 4847 egregius
1422 4775 1775 4833 conciouator
1793 4788 1849 4832 et
1875 4778 2148 4849 magister:

552 4873 630 4931 de
646 4889 711 4930 ea
737 4872 881 4929 enim
909 4871 1026 4927 base
1051 4869 1320 4941 prmcipue
1332 4877 1528 4924 tractat
1548 4869 1749 4935 oratio,
1774 4884 1889 4940 quae
1913 4871 2153 4926 omnium

562 4966 772 5024 Paulini
802 4978 1027 5038 operum
1049 4962 1448 5034 elegantissima
1476 4972 1559 5019 est
1586 4973 1642 5020 et
1667 4964 2003 5020 suavissima.
2025 4961 2151 5036 Sty-

548 5050 648 5119 lus
676 5060 835 5131 longe
862 5057 1057 5131 purior,
1074 5071 1235 5127 quam
1265 5055 1318 5110 in
1341 5054 1617 5126 epistolis;
1660 5070 1786 5112 cum
1833 5056 1975 5111 enim
2005 5054 2151 5112 illam

563 5150 803 5207 studiose
845 5148 1125 5205 elaborare
1151 5155 1372 5203 coactus
1412 5144 1591 5215 fuerit,
1621 5146 1836 5203 videtur
1862 5148 2033 5218 inagis
2058 5148 2155 5203 ad-

562 5242 748 5298 stricta
776 5239 1120 5311 compositio,
1149 5238 1336 5308 inqua
1362 5239 1574 5294 solitam
1605 5238 1660 5295 in
1688 5238 1933 5309 epistolis
1962 5240 2152 5296 verbo—

564 5345 684 5386 rum
707 5331 914 5402 copiam
942 5337 999 5386 et
1027 5327 1362 5401 rapiditatem
1391 5330 1653 5386 coercuit.
1691 5325 1950 5402 Inscripta
1980 5340 2064 5388 est
2089 5331 2154 5388 de

2254 4695 2505 4767 exposuit
2534 4710 2642 4750 non
2672 4702 2779 4750 tam
2802 4695 2869 4751 de
2898 4695 3079 4753 fratris
3106 4708 3280 4753 morte
3313 4708 3645 4769 susceptum,
3674 4717 3839 4772 quam

2253 4789 2321 4843 de
2364 4788 2530 4857 gestis
2569 4788 2753 4859 ipsius,
2781 4803 2900 4858 quae
2931 4797 2988 4844 ut
3017 4789 3204 4861 pietati
3248 4789 3567 4846 Christiana:
3617 4794 3690 4848 ita
3738 4811 3842 4852 nec

2253 4878 2392 4934 votis
2414 4879 2523 4933 suis
2547 4894 2779 4948 congrua
2807 4878 3057 4938 deﬂebat.
3093 4880 3197 4937 Pro
3226 4881 3342 4951 ejus
3370 4885 3546 4938 anima
3568 4893 3626 4939 et
3652 4901 3755 4956 pro
3781 4904 3840 4944 se

2252 4983 2442 5040 preces
2469 4969 2713 5041 Delphiui
2739 4971 2995 5040 postulat.
3026 4971 3105 5026 Ad
3152 4972 3452 5028 Amandum
3482 4975 3646 5045 paulo
3675 4979 3839 5048 proli~

2253 5061 2524 5116 xiorem“
2538 5064 2726 5118 eadem
2746 5062 2813 5118 de
2836 5079 3000 5119 causa
3025 5063 3174 5120 dedit
3200 5066 3482 5137 epistolam
3506 5069 3839 5137 trigesimam

2255 5165 2346 5207 εει
2354 5161 2478 5206 tam.

642 5514 802 5593 τερ.
939 5511 1069 5593 n2.
1096 5511 1175 5593 ηδ
1196 5511 1511 5593 Ibid:_.-n.3.
1547 5524 1614 5593 ,α
1640 5512 1864 5593 νΕ-ρκόὶ,
1890 5513 2038 5593 'n_._l_.‘
2106 5512 2135 5556 δ

2249 5519 2489 5593 τινα.
2564 5518 3081 5593 cinnameos.
3164 5525 3547 5593 'lbid.,n.3.
3627 5529 3811 5589 slhid.

570 5605 627 5644 ιιι
659 5585 713 5672 2-
744 5574 1065 5672 ’θεῇς-νη·
1089 5584 1175 5672 ψ.
1238 5585 1271 5672 ,ί
1293 5574 1443 5672 eis
1466 5600 1521 5672 ης
1545 5581 1652 5672 εξι
1673 5574 1730 5672 τε
1751 5584 1819 5672 ξς.
1846 5574 2144 5672 Simila!

2302 5574 2341 5672 ξ
2373 5592 2616 5672 Ιὶξξάη-Ιξ.
2637 5574 2703 5644 ts
2731 5574 3002 5672 nisi]
3017 5574 3374 5672 ὲῤῥδζᾘῗζ
3402 5574 3460 5654 Εἰ
3488 5574 3547 5672 ἐξ
3619 5574 3833 5672 “iiii:

570 5675 604 5715 η
658 5658 710 5713 2.
785 5666 813 5693 ιι
842 5654 999 5718 lbid..
1030 5672 1085 5712 tt.
1111 5657 1162 5713 1.
1237 5664 1263 5693 ο
1290 5654 1449 5721 lbid.,
1490 5671 1544 5709 n.
1576 5653 1629 5711 ἰ.
1705 5666 1732 5706 P
1762 5656 1959 5713 Chilil..

548 5728 666 5799 ἠιμ
697 5741 783 5799 εν.
816 5725 901 5799 ιε,
934 5725 1072 5799 n._l.
1120 5725 1332 5799 _‘__ll)id.
1375 5733 1435 5799 _'
1466 5723 1619 5799 lb_id.,
1649 5743 1704 5782 η.
1725 5727 1760 5799 il
1778 5737 1833 5784 et
1848 5727 1901 5783 ἰ.

569 5794 749 5870 17,7:
772 5797 862 5853 πὶ.
941 5808 963 5834 π
990 5794 1087 5867 Ep.
1120 5796 1208 5853 35.
1286 5809 1342 5837 ⁸·
1375 5795 1471 5868 Ep.
1506 5796 1592 5863 36,
1631 5815 1683 5852 η.
1714 5798 1769 5851 2.

1979 5658 2167 5787 'pibidl.
2207 5672 2273 5786 nq
2285 5660 2473 5788 ἐξ

2244 5672 2273 5712 (ι
2302 5660 2509 5717 Paulin.
2535 5662 2621 5722 3i.
2654 5679 2709 5717 u.
2744 5661 2796 5718 l.
2873 5666 2899 5698 ’
2933 5660 3319 5724 Vide-Dissert.
3342 5668 3396 5731 5,
3418 5686 3470 5724 n.
3504 5670 3560 5725 2.
3642 5681 3665 5709 ³
3701 5660 3835 5730 Paul

2553 5743 2577 5771 ι
2605 5732 2736 5790 Vide
2756 5731 2935 5805 Chiﬂl.
2963 5737 3093 5808 μη)
3113 5746 3168 5793 et
3197 5738 3284 5794 ll.
3359 5750 3389 5789 1
3419 5739 3634 5800 Pauliu.
3666 5759 3833 5804 carm.
