4000 6406
145 295 233 354 105

690 457 836 498 anno
863 457 1068 496 cnntsrt
1099 438 1224 494 404.

729 582 964 639 CAPUT
994 580 1176 636 XLVI.

171 692 471 760 Victricius,
500 695 728 766 Aper_et
767 697 1082 766 Augustinus
1119 692 1347 766 Paulino
1387 691 1650 766 scribunt;
1679 690 1762 745 Itis

191 767 277 820 ille
301 762 602 833 respondet.
637 762 892 838 Pelagius
927 765 1083 820 etiam
1107 763 1286 817 scribit
1324 764 1394 817 ad
1421 762 1722 816 Paulinum.

228 901 280 954 Ι.
312 899 391 954 Ex
433 899 679 955 carmine
706 910 733 937 ι
765 898 911 970 quod
955 899 1056 954 sub
1103 896 1310 953 initium
1349 895 1509 966 hujus
1551 894 1681 950 anni
1709 881 1764 951 in

159 989 213 1044 S.
243 988 440 1044 Felicis
470 988 688 1045 laudem
714 987 882 1044 edidit
900 985 1162 1043 Paulinus
1183 1001 1356 1059 pauca
1396 986 1552 1041 nobis
1578 991 1768 1056 super-

159 1088 285 1134 sunt
310 1078 618 1150 fragmenta
636 1122 654 1150 ,
684 1081 739 1134 in
779 1079 974 1149 quibus
1000 1079 1179 1148 agitur
1204 1079 1272 1134 de
1298 1086 1608 1134 sanctorum
1635 1077 1765 1132 reli-

158 1171 300 1238 quiis
351 1185 492 1241 quas
547 1171 694 1227 Deus
741 1185 840 1241 per
888 1170 1076 1225 orbem
1123 1169 1203 1240 iis
1220 1169 1386 1225 veluti
1441 1167 1766 1242 expiandum

161 1261 440 1333 dispersit.
470 1261 532 1318 Si
562 1263 832 1333 integrum
854 1261 1152 1317 exstitisset
1177 1276 1393 1333 poema,
1421 1276 1490 1317 ex
1516 1276 1584 1317 eo
1613 1261 1769 1316 inno-

153 1354 354 1411 ctuisset
379 1363 621 1424 quantus
648 1353 848 1424 Alarici
874 1355 1107 1410 nominis
1129 1362 1305 1410 terror
1322 1369 1466 1409 anno
1485 1353 1768 1428 superiore

164 1445 378 1505 Iuliam
407 1447 691 1512 invaserit,
724 1448 779 1502 in
807 1461 968 1516 quam
997 1445 1374 1520 descenderat,
1399 1453 1455 1500 et
1483 1443 1624 1500 unde
1647 1453 1771 1516 post

163 1551 413 1609 pugnam
432 1535 715 1594 Pollentia:
743 1537 1007 1593 discessit.
1049 1536 1166 1593 Hoc
1203 1551 1351 1592 anno.
1389 1536 1455 1591 ad
1485 1535 1767 1611 Paulinum

165 1628 191 1681 β
243 1629 468 1699 scripsit
515 1629 806 1684 Victricius
832 1693 837 1699 δ
861 1626 1274 1697 Βοίωιιειεθηεὶε
1334 1627 1619 1699 episcopus
1671 1642 1771 1698 per

161 1719 694 1784 Candidianum,.cui
718 1717 996 1790 respondit
1023 1717 1280 1774 Paulinus
1301 1717 1528 1789 epistola
1559 1718 1762 1788 trigesi-

1533 297 2062 356 ΡιιοιεοοιιεΝΑ.

1785 421 1838 481 Α
1864 410 1994 482 ipsis
2020 409 2208 481 primis
2247 406 2526 465 mensibus
2551 407 2708 464 binas
2748 405 2974 462 Paulino
3015 404 3274 477 epistolas
3319 403 3470 459 misit

3368 274 3474 334 106
3510 328 3515 332 .

1862 500 2218 571 Augustinus,
2251 502 2264 552 l
2303 501 2463 555 aliam
2492 515 2612 570 qua:
2656 499 2846 572 periit,
2894 513 2992 570 per
3020 496 3468 553 Fortunatianum

1862 594 2146 663 Tbagastaa
2174 593 2549 664 presbyterum
2578 591 2805 647 Romam
2826 587 3296 661 proficiscentem:
3325 587 3465 652 alte-

1865 702 1984 742 ram
2012 685 2038 726 κ
2063 702 2162 757 per
2175 684 2414 747 Celsum.
2444 685 2537 754 qui
2565 699 2688 740 cum
2715 682 3000 743 festinaret
3024 680 3217 744 Nolam
3241 681 3466 746 reverti,

1865 787 2038 848 pauca
2083 776 2228 832 illico
2256 775 2474 846 scripsit
2517 775 2874 845 Augustinus,
2911 772 2931 812 ι
2963 772 3051 828 cui
3079 773 3255 844 plura,
3287 786 3349 833 ut
3375 786 3472 833 vo-

1865 869 2081 936 luisset,
2105 866 2714 923 scribendi-facultatem
2744 879 2854 920 non
2873 863 3024 922 dedit
3050 862 3259 921 Celsus.
3290 861 3475 922 Paullo

1867 975 1994 1018 num
2013 968 2170 1029 rogat
2189 968 2227 997 ω
2257 967 2315 1014 ιιι
2341 957 2440 1028 ipsi
2482 957 2751 1014 rescribat
2778 955 2975 1028 quibus
3004 956 3170 1025 signis
3195 955 3370 1028 possit
3383 957 3474 1020 in-

1867 1058 2150 1106 notescere
2177 1050 2272 1104 Dei
2295 1050 2544 1104 voluntas
2566 1049 2621 1104 in
2648 1047 3026 1110 occasionibus
3049 1047 3472 1116 vitaehumanaz,

1870 1142 1924 1197 in
1952 1141 2149 1212 quibus
2178 1156 2324 1210 srcpe
2351 1139 2510 1195 facile
2537 1156 2646 1195 non
2677 1146 2856 1210 potest
2882 1138 3323 1205 discerniaEum:
3349 1139 3472 1210 plu-

1869 1231 1992 1287 rimi
2035 1230 2227 1287 fecisse
2259 1229 2539 1286 Paulinum
2567 1246 2638 1287 ex
2681 1231 2748 1286 iis
2786 1230 2978 1286 litteris
3005 1230 3287 1294 evidenter
3312 1245 3474 1302 appa-

1869 1331 1976 1378 ret.
2008 1322 2147 1378 Dicit
2167 1331 2195 1359 ιι
2223 1338 2281 1378 se
2308 1337 2421 1377 non
2449 1321 2711 1392 potuisse,
2744 1337 2849 1376 nec
2869 1321 3034 1377 etiam
3061 1320 3311 1388 debuisse
3344 1319 3472 1386 Cel-

1870 1431 1989 1469 sum
2033 1416 2286 1476 retinerc.
2320 1414 2407 1469 cui
2444 1430 2566 1470 cum
2596 1413 2823 1470 Paulino
2869 1413 3064 1471 melius
3091 1429 3475 1486 quamsecum

1867 1517 2033 1562 esset.
2066 1506 2315 1562 Africana
2343 1505 2584 1578 Ecclesia
2609 1521 2755 1575 serpe
2782 1505 3079 1573 cogebatur
3099 1505 3387 1576 episcopos
3413 1505 3474 1564 in

1869 1596 2074 1652 italiam
2106 1598 2288 1653 multis
2313 1598 2380 1653 de
2408 1597 2821 1653 necessitatibus
2848 1596 3180 1666 gravissimis
3206 1598 3422 1653 mittere
3454 1615 3470 1653 :

1873 1701 1898 1727 υ
1928 1707 2066 1761 quos
2093 1691 2309 1760 quidem
2333 1691 2623 1761 episcopos
2667 1687 2779 1744 fere
2807 1703 3006 1744 omnes
3023 1687 3216 1744 Nolam
3249 1705 3318 1745 se
3336 1703 3474 1746 con-

163 1830 252 1869 ma
293 1779 576 1886 “puma.'
609 1779 826 1869 “dea;
849 1813 1022 1869 lector
1079 1779 1527 1869 Dissertat'ionem
1571 1779 1658 1866 ις’
1686 1811 1769 1867 Ad
1802 1809 1846 1869 Β
1871 1781 2060 1841 tulisse
2080 1789 2325 1852 apparet,
2356 1790 2414 1836 ut
2435 1781 2506 1837 ibi
2528 1779 2812 1836 Paulinum
2839 1779 3156 1835 salutarent.
3184 1779 3475 1836 Solabatur

164 1905 459 1962 Paulinum
490 1908 622 1962 item
655 1916 681 1946 ε
708 1906 1000 1977 scripserat
1019 1904 1167 1976 Aper
1191 1905 1262 1960 de
1282 1919 1378 1959 sua
1407 1903 1477 1958 ad
1497 1903 1772 1960 Christum

159 1999 584 2055 conversione:
626 1997 823 2054 eodem
871 2013 1017 2054 anno
1060 1997 1114 2052 ei
1174 1992 1764 2068 responditPaulinus

161 2090 399 2162 epistola
451 2090 730 2159 trigesima
761 2097 971 2145 octava.
1022 2088 1154 2161 Quis
1192 2087 1292 2144 ille
1340 2086 1500 2145 fuerit
1536 2086 1680 2156 Aptr
1716 2096 1774 2144 et

153 2183 323 2253 quale
351 2181 570 2237 Paulini
599 2197 722 2237 cum
764 2197 832 2238 eo
870 2183 1276 2250 commercium,
1307 2181 1427 2235 vide
1455 2180 1679 2236 Dissert.
1714 2179 1769 2234 εἰ.

161 2273 306 2342 Hoc,
359 2284 420 2330 ut
469 2275 715 2341 videtur,
751 2289 904 2329 anno.
932 2273 967 2324 ιι.
1005 2273 1227 2340 maximi
1273 2272 1510 2328 scandali
1539 2285 1773 2327 causam

159 2368 465 2438 prtebuere.
501 2367 754 2437 Hippone
795 2365 1102 2422 Bonifacius
1151 2366 1432 2437 presbyter
1473 2353 1773 2434 etquidam

160 2461 336 2514 laicus
359 2460 589 2516 nomine
617 2459 774 2529 Spes,
798 2473 1027 2527 quorum
1075 2459 1482 2520 contentionem
1511 2457 1774 2514 cumbis-

163 2561 353 2609 cutere
382 2562 481 2607 aut
509 2551 711 2606 saltem
731 2551 851 2605 aliis
884 2550 1155 2622 explicare
1183 2564 1292 2605 non
1320 2557 1503 2620 posset
1521 2546 1777 2618 Augusti-

136 2662 294 2712 nus,
340 2645 511 2715 jussit
555 2654 843 2714 utrumque
873 2645 925 2698 in
957 2645 1134 2699 locum
1183 2642 1476 2714 quemdam
1501 2641 1776 2701 miraculis

160 2739 378 2795 clarum
404 2749 667 2807 pergere,
698 2743 758 2789 ut
785 2735 926 2790 Deus
953 2734 1265 2790 atterutrius
1292 2733 1656 2791 innocentiam
1682 2741 1778 2788 aut

163 2845 384 2903 culpam
414 2830 768 2901 patefaceret.
795 2828 852 2882 In
877 2838 899 2865 ε
924 2829 1101 2883 locum
1124 2828 1286 2897 igitur
1307 2827 1394 2882 ubi
1415 2826 1561 2885 beati
1580 2825 1775 2882 Felicis

165 2925 363 2980 Nolani
392 2938 598 2993 corpus
625 2921 904 2980 conditum
935 2928 1018 2975 est
1046 2935 1142 2975 eos
1165 2919 1331 2987 misit,
1359 2918 1488 2988 quia
1504 2917 1642 2974 .inde
1673 2918 1776 2990 ipsi

161 3018 382 3076 facilius
412 3017 738 3085 fideliusque
772 3014 934 3069 scribi
979 3022 1194 3084 poterat
1224 3011 1495 3083 quidquid
1523 3026 1684 3082 super
1709 3027 1776 3066 ea

163 3111 228 3167 re
251 3110 561 3166 divinitus.
588 3116 737 3163 esset
778 3105 1170 3177 propalatum;-
1200 3105 1346 3176 quod
1378 3104 1527 3172 .citra
1554 3103 1773 3175 dubium

1872 1875 2000 1930 illud
2030 1874 2407 1944 Augustinum,
2439 1873 2584 1945 quod
2613 1873 2828 1930 assidue
2860 1871 3141 1929 Paulinum
3171 1875 3475 1932 amicorum

1871 1967 2044 2023 oculis
2071 1967 2276 2023 videret
2305 1965 2566 2022 Tbeasius
2594 1974 2648 2020 et
2676 1965 2912 2022 Evodins
2938 1965 3100 2022 ambo
3125 1965 3320 2023 deinde
3349 1971 3477 2024 con-

1871 2061 2102 2117 fessores
2119 2104 2135 2126 ,
2165 2071 2396 2132 queram
2425 2061 2644 2116 ultimus
2671 2069 2788 2115 erat
2815 2061 3115 2128 Augustino
3142 2062 3474 2129 conjunctis-

1871 2153 2038 2209 simus
2064 2194 2079 2218 ,
2112 2153 2272 2222 legati
2316 2151 2530 2208 fuerant
2557 2168 2587 2207 a
2626 2152 3039 2221 Carthaginiensi
3069 2154 3312 2210 concilio
3331 2163 3392 2208 ut
3417 2156 3474 2213 in

1871 2250 2272 2307 Donatistarum
2311 2250 2628 2306 effrenatam
2673 2249 2985 2305 violentiam
3014 2259 3261 2320 peterent
3288 2250 3473 2319 leges;

1874 2341 1979 2397 hoc
2023 2342 2141 2413 ipso
2189 2351 2336 2398 anno
2385 2351 2479 2398 eas
2525 2340 2875 2396 obtinuerunt
2921 2355 3108 2396 mense
3156 2339 3472 2401 Februario.

1871 2431 2157 2496 Paulinum
2187 2421 2456 2498 adierunt,
2487 2431 2818 2500 Augustinus
2849 2432 2977 2487 vero
3003 2431 3093 2501 qui
3120 2446 3216 2487 eos
3243 2447 3475 2502 exspec-

1871 2525 2043 2591 tabat,
2071 2537 2193 2581 cum
2223 2523 2496 2596 profectus
2525 2532 2609 2579 est
2627 2521 3006 2589 ‘Celsus,-dixit
3027 2533 3051 2573 ρ
3095 2521 3474 2582 Paulinum‘ad

1874 2621 1945 2676 se
1975 2620 2030 2674 in
2072 2611 2668 2690 eorum‘episcoporum
2696 2616 3005 2687 pectoribus
3034 2616 3089 2671 e't
3138 2619 3476 2677 sermonibus

1844 2719 1849 2724 '
1875 2725 1996 2768 esse
2021 2717 2329 2775 venturum,
2353 2723 2582 2780 cumque
2605 2723 2671 2763 es
2698 2707 2764 2762 iis
2783 2722 2904 2778 qu:e
2931 2706 3194 2764 referrent
3209 2717 3475 2779 quantum

1877 2811 2062 2874 posset
2085 2817 2152 2858 eo
2187 2802 2417 2858 satiatus
2443 2800 2621 2866 fuerit,
2653 2815 2712 2855 se
2734 2799 2800 2854 ad
2831 2815 2954 2854 eum
2982 2799 3355 2870 prolixiorem,
3377 2817 3476 2856 cu-

1870 2894 1962 2966 jus
1987 2910 2048 2951 se
2088 2893 2448 2951 confitebatur
2488 2893 2812 2960 debitorem,
2857 2893 3145 2949 missurum
3169 2895 3475 2965 rpistolam

1875 2989 2150 3060 pollicitus
2170 2997 2280 3044 est.
2304 2987 2490 3058 Neqtle
2519 3001 2747 3042 ea'nunc
2768 2994 3012 3056 apparet,
3047 3001 3223 3055 neque
3253 2986 3476 3042 nlla'ea-

1877 3087 2155 3153 rum'quas
2182 3082 2251 3138 ad
2276 3097 2336 3137 se
2364 3081 2594 3137 invicem
2624 3079 2691 3135 ad
2713 3095 2914 3136 annum
2939 3095 3108 3150 usque
3132 3080 3235 3134 408
3259 3081 3475 3140 mittere

169 3201 387 3259 Paulini
412 3200 588 3269 gratia
619 3198 868 3264 dicebat,
894 3213 1015 3254 cum
1044 3212 1154 3266 quo
1183 3196 1455 3269 inceptum
1487 3209 1632 3268 anno
1658 3191 1772 3253 ,595

1880 3182 2196 3246 pctue'runt.
2306 3183 2310 3186 '

169 3297 567 3354 commercium
623 3292 901 3363 probabile
961 3300 1046 3346 est
1110 3305 1235 3361 eum
1289 3287 1504 3345 fovisse.
1533 3303 1774 3358 semper,

165 3389 426 3462 quamvis
452 3385 597 3441 nulla
625 3385 768 3438 illius
793 3391 972 3442 exstet
1000 3383 1225 3449 no_ta.ab
1251 3395 1394 3436 anno
1417 3379 1526 3435 .596
1545 3380 1612 3436 ad
1633 3379 1779 3436 hunc

165 3497 350 3552 usque
370 3494 598 3534 annum.
627 3475 758 3543 Quis
778 3474 940 3530 fuerit
959 3472 1226 3530 Bonifacii
1240 3480 1300 3529 et
1319 3471 1446 3542 Spei
1471 3471 1778 3527 contentio—

172 3575 258 3630 nis
286 3573 472 3629 exitus
493 3586 602 3625 non
619 3576 867 3640 apparet.
896 3566 1010 3622 Hac
1029 3564 1346 3624 fortassein
1369 3563 1655 3619 occasione
1676 3562 1778 3618 has

165 3667 420 3725 misit-ad
451 3664 737 3720 Paulinum
760 3661 968 3716 litteras
981 3659 1259 3729 dequibus
1285 3672 1429 3712 anno
1449 3657 1696 3727 sequenti
1713 3657 1776 3711 .in

173 3761 409 3835 epistola
442 3757 464 3799 ί
497 3753 1009 3820 mentionemfacit,
1040 3755 1096 3809 in
1123 3751 1352 3824 quibus,
1383 3761 1442 3806 ut
1466 3751 1699 3825 videtpr,
1726 3750 1777 3806 ei

170 3851 526 3927 proponebat
578 3848 952 3922 qumstionem‘
985 3843 1279 3915 quamdam
1325 3842 1417 3899 de.
1447 3842 1779 3911 obligatione

165 3956 368 4003 nostra
399 3958 618 4014 semper
645 3941 744 3998 Dei
771 3940 1056 4000 voluntati.
1080 3938 1624 4008 parendi.:.de.81
1670 3949 1777 4005 qua

178 4038 442 4095 Paulinus
467 4034 536 4090 ad
574 4049 701 4089 eum
731 4031 1004 4102 rescripsit
1033 4031 1162 4085 Sita
1180 4045 1262 4085 se.
1279 4030 1376 4086 illo.
1406 4044 1515 4099 quo
1551 4027 1781 4082 feliciter

178 4131 442 4188 utebatur
469 4128 594 4184 loco
621 4139 970 4197 perseverare
1009 4122 1352 4189 decrevisse,
1383 4130 1445 4178 ut
1483 4121 1529 4176 si
1555 4121 1689 4191 quid.
1710 4118 1779 4174 de

178 4243 238 4282 se
262 4221 427 4280 aliud"
440 4220 674 4276 Domino
698 4216 1106 4288 placuerit‘ejus
1125 4214 1481 4271 voluntatem.
1499 4213 1781 4284 praeferret

179 4333 314 4374 sua.
347 4312 684 4383 Augustinus
704 4310 728 4346 ιι
761 4307 1044 4365 Paulinum
1071 4307 1382 4366 Christiano
1425 4307 1587 4381 plane
1616 4307 1777 4362 intel-

180 4411 327 4466 lectu
353 4417 414 4464 et
439 4405 734 4461 devotione
754 4403 808 4458 in
834 4417 934 4460 sua
953 4401 1453 4472 epistolatlocutum
1481 4415 1603 4471 esse
1625 4399 1776 4468 dicit,

169 4505 373 4561 verum
414 4499 582 4556 nimis
605 4497 802 4554 cursim
844 4495 1197 4560 et».breviter,
1237 4491 1692 4566 et..exoptare.se
1719 4501 1778 4548 ut

1951 3289 2005 3343 '5.
2036 3287 2288 3356 Pelagius
2306 3286 2427 3357 ’qui,
2471 3294 2759 3357 antequam
2789 3284 3005 3356 vulgata
3035 3294 3180 3361 esset
3216 3287 3332 3358 ejus
3365 3288 3477 3344 bte-

1877 3381 2033 3447 resis,
2086 3380 2376 3455 multorum
2423 3373 2733 3432 sanctorum
2778 3377 3018 3433 virorum
3072 3379 3277 3434 amicus
3319 3385 3475 3446 erat,

1881 3483 1907 3522 ει
1941 3479 2212 3543 tamquam
2261 3469 2357 3547 Dei
2400 3485 2588 3538 servus
2643 3469 2806 3524 etiam
2835 3483 2882 3542 a.
2916 3466 3142 3532 Paulino
3174 3464 3475 3529 amabatur.

1866 3564 2207 3634 Augustinus
2253 3577 2314 3618 se
2351 3561 2577 3631 hujusce
2623 3560 2994 3636 haeresiarchas
3033 3569 3056 3598 τ
3107 3563 3366 3632 epistolas
3409 3563 3478 3620 ad

1879 3657 2163 3717 Paulinum
2210 3657 2419 3712 misisse
2465 3654 2627 3719 dicit,
2658 3655 2711 3710 in
2757 3648 2952 3727 quibus
2978 3670 3038 3710 se
3077 3655 3210 3710 satis
3248 3657 3478 3734 gratiam

1870 3737 2173 3820 agnoscere
2201 3748 2379 3808 aiebat
2411 3746 2677 3816 Pelagius,
2707 3746 2854 3819 quod
2881 3763 2913 3801 a
2942 3746 3055 3802 Deo
3085 3748 3241 3803 nobis
3264 3749 3479 3804 insitam

1875 3857 2001 3900 esse
2024 3841 2355 3902 voluntatem
2396 3840 2730 3909 liberumque
2755 3840 3038 3894 arbitrium
3070 3839 3344 3896 fateretur.
3377 3839 3481 3894 Ea-

1868 3926 2006 3994 .dern
2046 3941 2149 3999 est,
2179 3942 2238 3994 ut
2258 3933 2492 3998 videtur,
2523 3931 2751 4005 epistola
2779 3932 2844 3986 ad
2875 3929 3158 3988 Paulinum
3189 3932 3347 4001 longa
3378 3933 3480 3986 500

1871 4026 2094 4082 circiter
2117 4025 2304 4089 lineas,
2337 4032 2396 4078 ut
2425 4029 2672 4079 numerat
2699 4033 2721 4061 υ
2754 4023 2869 4094 ipse
2920 4023 3268 4092 Augustinus,
3319 4039 3481 4095 quam

1841 4183 1844 4186 ἢ
1883 4117 2128 4185 Pelagius
2155 4115 2414 4172 afferebat
2443 4131 2587 4188 anno
2615 4115 2720 4170 M7
2751 4125 2811 4170 ut
2838 4115 3000 4172 (idem
3029 4132 3182 4173 suam
3226 4118 3481 4193 probaret

1881 4212 2149 4268 sinceram
2178 4218 2234 4264 et
2263 4209 2641 4271 orthodoxam.
2676 4209 3004 4278 Augustinus
3031 4226 3138 4266 non
3169 4209 3300 4266 dicit
3335 4212 3389 4266 in
3413 4207 3480 4267 ea

1863 4307 2112 4374 “epistola
2151 4289 2355 4376 aliquid
2381 4304 2628 4364 absolute
2657 4304 2859 4364 malum
2878 4315 2884 4318 ‘
2906 4303 3071 4360 fuisse
3093 4343 3109 4367 ,
3141 4312 3198 4367 at
3219 4353 3225 4370 ,ν
3245 4321 3370 4362 eum
3410 4306 3481 4362 do

1881 4397 2054 4478 gratia
2093 4395 2309 4455 nonnisi
2336 4395 2562 4451 remisso
2601 4395 2891 4450 admodum
2921 4395 3117 4466 vixque
3161 4396 3479 4461 sustinendo

1881 4486 2044 4545 modo
2073 4487 2128 4544 in
2143 4502 2219 4545 ,ea
2248 4486 2530 4558 scripsisse
2547 4488 2849 4551 contendit.
2873 4486 3124 4556 Pelagius
3145 4503 3270 4554 eam
3289 4505 3350 4546 se
3370 4485 3480 4560 epi-

173 4597 418 4668 “ipsum
443 4591 752 4662 -ειίφηηιο,
793 4586 1034 4657 apertius
1079 4586 1427 4657 explicuisset
1447 4626 1465 4650 ,
1521 4583 1779 4656 quoniam
1807 4588 1861 4649 D
1883 4580 2079 4641 stolam
2112 4583 2125 4615 ι
2152 4587 2278 4636 ante
2316 4578 2603 4668 duodecim
2631 4578 2747 4642 fere
2775 4595 2947 4635 annos
2984 4589 3146 4653 atque
3181 4581 3305 4637 ideo
3333 4582 3475 4638 circa

183 4688 349 4745 modo
379 4684 714 4740 voluntatem
737 4679 883 4745 Dei,
904 4693 1044 4750 quas.
1061 4677 1645 4750 nostraprasponenda
1672 4685 1776 4743 est,

171 4778 520 4837 noverimus.
565 4773 752 4843 Neque
781 4771 1080 4840 :Augustini
1109 4771 1340 4840 litteras,
1366 4768 1780 4839 nequePanlini

185 4885 510 4945 responsum
539 4866 801 4923 habemus
821 4864 1011 4935 ..ψιοά
1053 4864 1346 4936 probabile.
1376 4873 1460 4920 est
1509 4880 1631 4920 eum
1662 4879 1782 4935 .per

191 4965 456 5023 ‘Celsnm
482 4961 840 5018 domesticum
866 4975 1022 5015 suum
1046 4960 1277 5015 misisse.
1380 5005 1382 5010 .
1486 5006 1490 5010 .

720 5119 856 5158 anno
892 5119 1099 5158 cuntsrt
1141 5099 1259 5156 405.

257 5224 316 5280 Ξ.
345 5223 514 5279 Nobis
541 5219 672 5275 nihil
711 5229 958 5289 superest
996 5220 1135 5275 illitis
1164 5221 1432 5290 poematis
1456 5220 1602 5296 quod
1642 5219 1750 5275 Pan
1768 5252 1784 5261 -

186 5319 327 5374 linus
375 5316 481 5370 hoe
523 5328 669 5367 anno
695 5312 748 5366 in
796 5310 853 5366 S.
907 5311 1098 5366 Felicis
1129 5313 1389 5366 honorem
1420 5298 1654 5382 scripsit.
1691 5311 1784 5366 Vel

258 5455 293 5488 .-
310 5448 493 5504 Carm.
523 5444 611 5500 27.
689 5441 841 5514 “Ep.
873 5442 963 5502 δι,
993 5462 1046 5514 ιι.
1078 5442 1128 5497 ι.

188 5526 212 5566 ι
239 5525 378 5588 Aug.
406 5533 494 5588 ep.
514 5514 603 5588 80,
637 5512 800 5588 n.__2.:
850 5523 875 5561 ε
897 5513 1032 5588 ibid.
1054 5513 1189 5588 _H-.ec
1213 5512 1418 5588 Paulini
1448 5513 1928 5588 epistolaescidit.
1960 5512 2033 5588 ¹³
2057 5515 2310 5588 Augep.
2346 5514 2434 5577 80,
2465 5515 2597 5588 ΕΞ.

1211 5455 1229 5480 α
1264 5441 1363 5511 Ep.
1394 5441 1652 5507 58,1...1.
1717 5439 1756 5480 ἰι
1787 5442 1922 5497 Vide

1883 4686 2082 4726 annum
2101 4668 2211 4732 ιοε
2231 4671 2507 4740 scripsisse
2529 4660 2845 4732 testabatur.
2875 4671 2950 4726 De
2973 4671 3102 4743 Apri
3122 4673 3481 4741 conversione

1833 4828 1840 4833 ,
1882 4764 1998 4820 fuse
2026 4771 2317 4825 tractamus
2349 4763 2736 4820 Dissertatione
2763 4762 2816 4829 _5.
2848 4763 2926 4818 De
2956 4763 3071 4834 ejus
3095 4758 3474 4844 adPaulinum

1867 4855 2134 4928 cpistola,
2162 4856 2270 4928 32
2297 4857 2475 4926 deque
2503 4854 2711 4910 Paulini
2741 4855 3012 4926 adipsum
3041 4871 3303 4928 responso
3331 4857 3475 4914 dixi-

1883 4957 2045 5009 rutis}l
2067 4963 2210 5004 anno
2231 4947 2528 5018 superiore.
2565 4947 2708 5018 Aper
2735 4964 2922 5004 rursus
2948 4947 3014 5003 ad
3053 4959 3232 5014 eum}
3259 4949 3476 5020 scripsit

1888 5049 1945 5097 et
1989 5049 2212 5111 questus
2240 5049 2324 5096 est
2368 5041 2738 5118 possessiones
2778 5038 3007 5096 filiorum
3031 5057 3260 5106 suorum
3289 5057 3482 5110 causas

1888 5133 1988 5187 sibi
2018 5147 2137 5187 esse
2191 5132 2526 5194 necessitatis
2554 5125 2684 5200 ιιυιιί
2703 5140 2918 5186 terrena
2963 5141 3196 5198 curaret,
3225 5149 3348 5201 cum
3390 5148 3484 5190 eas

1888 5224 2122 5282 vendere
2150 5223 2443 5280 debuisset.
2492 5223 2698 5288 Paulini
2731 5235 2762 5284 ι,
2804 5233 3174 5296 paupertatem
3204 5227 3480 5295 laudabat,

1885 5325 1941 5369 et
1958 5299 2064 5368 toto
2078 5323 2262 5386 potens
2273 5332 2362 5369 ore
2376 5326 2402 5364 γ
2414 5306 2757 5370 describebat
2771 5315 3044 5371 hortulum
3060 5315 3341 5371 Nolanum.
3353 5315 3485 5373 Pau-

2992 5459 3080 5514 ηε.
3111 5461 3198 5514 cp.
3227 5445 3313 5504 78.
3343 5463 3394 5500 ιι.
3426 5447 3480 5500 3.

2684 5513 2872 5579 'Vide,
2893 5513 3049 5580 intra,
3078 5513 3215 5570 n.2,
3296 5521 3311 5567 l
3344 5519 3478 5584 Aug.

1951 5458 2038 5513 ep.
2069 5441 2135 5496 78
2170 5443 2302 5511 Aug.
2338 5453 2390 5496 et
2417 5442 2806 5500 'ord.chronol.
2845 5454 2913 5488 βο
2947 5445 2983 5498 A

186 5612 275 5669 ep,
303 5583 480 5669 ιῖ.
516 5586 568 5669 1.
909 5583 922 5621 ¹
958 5583 1088 5669 Ibi-tl.
1155 5583 1612 5669 ’ωιιιὶίἀεειηζςῂη
1636 5594 1661 5622 ³³
1685 5584 1772 5669 ibi:

1872 5583 2006 5669 9:1.
2040 5658 2051 5669 ι
2087 5583 2273 5669 alb-id.
2291 5596 2447 5669 etep.
2472 5584 2634 5669 955,31.
2656 5587 2720 5669 1.·
2787 5596 2812 5636 Ρ
2833 5586 2941 5669 Ep.
2960 5587 3052 5669 ὃς),
3080 5605 3138 5643 n.
3162 5587 3265 5669 Ἀλλ
3291 5584 3316 5637 ἐι
3343 5587 3384 5640 A

179 5653 272 5743 ci»;-
305 5661 429 5743 es.
457 5676 509 5713 η-
533 5658 595 5743 3-
663 5653 891 5743 ,χρείᾳ-ι
929 5670 987 5707 η·
1022 5653 1072 5743 2-

189 5724 373 5791 i'lhid.
395 5724 493 5795 ,⁷ι..
526 5729 580 5783 s.
658 5737 685 5776 .v
718 5724 886 5788 ullth
926 5741 979 5778 ιι.
1011 5726 1062 5779 ιι.

469 5833 752 5891 mmet.
801 5820 964 5879 LXI.

1167 5603 1205 5622 ιιι
1233 5603 1388 5643 ιοια..
1422 5603 1476 5639 ιι.
1506 5603 1562 5639 z.
1636 5603 1661 5622 -
1685 5603 1839 5649 ιιιισ.,
1872 5603 1925 5639 ιι.
1954 5603 2006 5638 ι.
2087 5603 2111 5620 υ
2138 5603 2269 5640 ιυια.
2291 5603 2447 5655 etep.
2472 5603 2558 5650 va,
2579 5603 2634 5644 ιι.
2656 5603 2708 5639 ι.
2787 5603 2812 5636 ιο
2844 5603 3052 5655 Μιδυ,
3080 5605 3138 5643 n.
3162 5603 3211 5641 ι.
3291 5603 3316 5637 ιι
3343 5603 3384 5640 Α
3469 5630 3477 5639 .

1154 5656 1325 5724 'Aug.
1360 5655 1450 5709 lib.
1482 5659 1549 5711 de
1573 5653 1756 5711 Gratia
1785 5670 1833 5711 c.
1869 5653 1938 5708 55
2040 5658 2055 5692 ι
2092 5654 2224 5710 Ibid.
2303 5665 2327 5692 υ
2351 5656 2483 5726 Cap.
2510 5656 2597 5721 46,
2624 5674 2678 5710 n.
2700 5656 2748 5709 l.
2832 5667 2852 5693 ν
2885 5656 3036 5712 Paul.
3066 5673 3154 5727 ep.
3199 5656 3288 5722 59,
3321 5603 3472 5715 mag.

3122 5817 3160 5874 ὦ
