4000 6394
131 315 219 370 109

1465 303 1973 360 PROLEGOMENA
1986 348 1997 360 .

3291 296 3395 362 110

135 445 270 501 supra
297 425 589 483 retulimus.
616 422 800 478 Altera
822 421 992 481 etiam
1017 419 1282 492 potuisset
1309 421 1452 475 mitti
1476 420 1544 475 ad
1569 422 1702 475 Pau-
1730 430 1778 487 Α
1805 432 1860 476 et
1888 421 2206 490 Amandam,
2237 437 2266 476 a
2296 423 2491 491 quibus
2533 436 2693 476 unam
2741 429 3026 493 acceperat
3051 434 3213 490 quam
3260 421 3399 497 mule

133 521 294 585 linum,
320 531 491 588 eaque
510 524 653 572 esset
679 512 1002 584 praeclarum
1032 511 1246 584 pietatis
1272 509 1389 580 ejus
1415 508 1704 579 argumen-

133 621 247 675 tum,
266 625 388 666 cum
415 611 485 665 sit
502 606 793 676 gratiarum
820 605 968 661 actio
986 602 1264 674 cujusdam
1293 605 1513 659 nomine
1540 603 1622 659 sui
1650 611 1707 657 et

134 704 354 765 aliorum,
381 709 441 756 ut
462 698 695 761 videtur,
720 698 1071 762 rusticorum,
1098 696 1240 767 quod
1266 695 1436 766 ipsius
1450 695 1707 750 cohorta-

135 793 342 849 tionibus
370 793 653 847 veritatem
683 797 741 846 et
765 789 867 845 Dei
892 790 1094 844 cultum
1114 788 1342 843 fuissent
1379 786 1583 851 cdocti,
1605 786 1707 841 mi-

134 888 203 943 nis
220 902 327 941 non
353 868 551 940 territi.
580 882 691 941 Sed
717 898 841 938 cum
870 889 1083 939 constet
1109 881 1393 952 epistolam
1429 879 1570 935 hanc
1597 895 1705 934 non

131 994 232 1036 esse
251 977 456 1039 Severi,
486 990 587 1031 nos
613 975 714 1030 hac
740 990 850 1029 una
879 974 991 1031 nixi
1030 974 1343 1039 autoritate,
1373 970 1619 1038 Paulino,
1641 986 1707 1045 ea

133 1087 233 1143 quas
245 1069 341 1140 ipsi
364 1069 510 1124 forte
527 1083 636 1123 non
656 1067 1006 1129 conveniunt,
1032 1065 1270 1121 tribuere
1294 1079 1402 1119 non
1424 1063 1706 1118 audemus.

130 1162 245 1216 Cum
260 1159 513 1214 Paulinus
534 1159 590 1215 in
618 1157 851 1229 epistola
878 1156 949 1212 ad
962 1156 1300 1212 Desiderium
1330 1162 1355 1192 ³
1384 1155 1711 1209 ostendisset

131 1254 239 1324 quid
259 1267 436 1328 causa:
462 1250 641 1306 fuerat
668 1265 767 1305 cur
797 1248 984 1305 Victor
1031 1249 1247 1305 nonnisi
1299 1257 1423 1318 post
1468 1248 1706 1316 elapsum

130 1362 302 1403 annum
331 1345 554 1413 rediret,
583 1343 819 1398 maxima
848 1358 907 1398 se
932 1342 1237 1397 humilitate
1260 1340 1373 1413 84,
1396 1347 1618 1395 excusat
1643 1338 1709 1393 de

128 1456 272 1513 opere
292 1439 437 1511 quod
481 1439 702 1513 petebat
730 1436 1059 1502 Desiderius,
1086 1449 1319 1504 eumque
1346 1443 1504 1501 rogat
1532 1442 1588 1486 ut
1602 1432 1708 1488 sibi

131 1531 381 1589 duodecim
410 1527 849 1600 patriarcharum
877 1525 1289 1582 Benedictiones
1318 1525 1432 1596 ipse
1453 1524 1706 1593 explicet.

660 1665 891 1725 CAPUT
927 1665 1159 1723 XLVIII.

130 1762 384 1834 Duodecim
404 1814 407 1815 ,
418 1760 853 1834 patriarcharum
873 1757 1291 1834 benedictionem
1308 1755 1709 1834 explicationem

186 1850 239 1907 9A
263 1820 468 1907 Ruﬁno
497 1832 773 1907 Paulinus
812 1830 1075 1907 impetrat.
1130 1828 1211 1882 Ad
1259 1820 1455 1898 Aprum
1496 1826 1708 1891 scribit;
1740 1820 1789 1883 Β

187 1900 522 1976 laciniaque
548 1903 724 1973 [illum
750 1900 955 1956 laudnt.

188 2019 232 2074 l.
259 2017 405 2074 lianc
431 2031 629 2090 rursus
668 2031 699 2070 a
744 2014 960 2070 ltuflino
1005 2012 1445 2070 benedictionum
1472 2012 1713 2082 explica-

132 2112 307 2166 tionem
322 2108 627 2182 postulavit
646 2107 675 2147 δ
706 2104 986 2171 Paulinus,
1016 2103 1085 2161 de
1108 2119 1217 2174 qua
1246 2118 1306 2160 se
1333 2102 1403 2159 ab
1430 2104 1550 2158 aliis
1577 2119 1712 2159 con.

135 2202 221 2261 suIi
232 2210 455 2257 testatur
481 2211 506 2239 ο
541 2200 600 2254 in
627 2215 727 2254 sua
752 2198 828 2253 ad
854 2196 1129 2252 Bullinum
1156 2194 1384 2266 epistola
1411 2194 1713 2265 quadrage-

132 2296 249 2351 sima
299 2294 557 2365 septima.
612 2290 765 2347 Hanc
820 2289 1217 2362 expositionem
1281 2288 1384 2359 ipsi
1442 2289 1715 2358 denegare

130 2402 223 2444 non
246 2387 414 2458 potuit
444 2382 719 2441 Bullinus.
743 2383 886 2439 Cum
901 2382 1045 2440 enim
1064 2380 1134 2437 ad
1159 2380 1443 2439 Paulinum
1468 2380 1717 2451 scripsis-

132 2491 202 2535 set
222 2478 247 2518 ⁴
266 2479 511 2535 Bullinus
542 2487 607 2533 se
638 2474 962 2547 quibusdam
988 2475 1060 2532 de
1103 2475 1338 2544 negotiis
1357 2475 1571 2531 venisse
1599 2473 1714 2530 Ro-

132 2587 272 2638 mam,
293 2571 561 2628 Paulinus
591 2579 617 2608 ο
646 2585 770 2625 eum
799 2569 1011 2639 rogavit
1050 2568 1277 2639 epistola
1304 2568 1715 2639 quadragesima

132 2672 260 2719 sexta
308 2672 367 2720 nt
413 2663 724 2735 capitulum
765 2677 877 2735 quo
902 2659 1067 2718 Jutlas
1094 2677 1128 2717 a
1168 2660 1340 2737 dacoh
1376 2660 1718 2717 benedicitur

136 2755 447 2826 explanaret.
479 2753 690 2809 Postea
714 2752 786 2809 ad
810 2768 933 2808 eum
963 2767 1149 2810 rursus
1169 2752 1385 2822 scripsit
1412 2750 1430 2789 τ
1457 2752 1525 2806 ab
1539 2766 1716 2820 eoque

134 2845 347 2915 petiitut
386 2846 543 2902 hanc
570 2842 1008 2921 benedictionem
1039 2842 1235 2913 triplici
1265 2842 1716 2912 interpretatione

134 2938 421 3004 elucidaret,
458 2947 489 3002 ε,
519 2937 789 2993 historica
807 2936 1083 3001 nimirum,
1115 2935 1304 2991 morali
1352 2946 1409 2989 et
1451 2935 1712 3007 mystica;

137 3033 198 3088 ita
235 3040 288 3090 ut
317 3033 573 3089 Bullinus
614 3029 970 3087 excusatione
998 3030 1235 3100 primum
1264 3028 1426 3083 allata
1447 3026 1474 3065 h
1498 3026 1714 3083 tandem

137 3128 568 3200 obtemperaverit
590 3166 611 3190 ,
680 3125 910 3195 ejusque
962 3124 1104 3180 votis
1153 3123 1415 3194 paruerit.
1478 3122 1713 3192 Accepta

136 3220 258 3275 enim
282 3218 436 3288 hujus
467 3214 876 3273 benedictionis
904 3214 1265 3285 explicatione
1288 3213 1483 3284 prima,
1515 3210 1706 3284 petiiti

135 3325 162 3364 a
184 3309 381 3368 Ilullino
410 3309 700 3375 Paulinus,
734 3316 794 3364 ut
819 3323 915 3377 per
942 3307 1182 3377 reliquus
1205 3306 1346 3363 ﬁlios
1372 3292 1712 3361 distributam

135 3386 416 3470 dignaretur
461 3415 773 3473 exponere.
821 3398 1006 3455 Paruit
1048 3398 1312 3469 Ituﬂinus,
1362 3398 1560 3468 illaque
1604 3398 1718 3473 duo

135 3508 277 3564 opera
301 3497 609 3553 etiamnum
634 3498 928 3564 supersunt
948 3505 1072 3547 cum
1096 3490 1290 3545 litteris
1306 3504 1443 3559 quas
1463 3484 1623 3545 simul
1646 3488 1714 3544 ad

137 3581 389 3642 Paulinum
408 3586 583 3643 misit.
611 3582 796 3652 Quare
814 3590 873 3637 ut
886 3579 1152 3638 Gennadii
1169 3580 1516 3636 autoritatem
1532 3588 1713 3637 tacea-

137 3692 268 3742 mus,
300 3678 317 3729 i
353 3678 571 3735 lsidoro
623 3674 757 3731 illud
804 3689 941 3745 opus
978 3674 1080 3745 ipsi
1110 3673 1337 3729 Paulino
1389 3671 1717 3751 adjudicanti

139 3770 375 3827 assentire
427 3784 544 3827 non
587 3781 899 3840 possumus.
930 3765 1004 3823 Se
1031 3765 1232 3835 aliquid
1258 3763 1524 3835 ejusmodi
1562 3764 1719 3839 κροει

137 3873 308 3935 (cum
352 3880 384 3924 a
442 3864 673 3920 Rullino
723 3861 1099 3933 expostulasse
1150 3868 1379 3916 testatur
1430 3859 1717 3925 Paulinus;

136 3955 460 4029 Bullinusque
482 3956 596 4014 sibi
617 3956 688 4011 ab
714 3954 836 4027 ipso
857 3953 1102 4025 quaedam
1126 3953 1193 4007 de
1217 3952 1616 4023 Seripturarum
1647 3949 1726 4006 in-

135 4052 501 4122 terpretatione
529 4048 738 4106 tradita
788 4047 953 4103 luisse
980 4048 1179 4102 asserit
1210 4065 1222 4099 :
1256 4062 1443 4101 verum
1491 4046 1581 4101 illa
1608 4060 1719 4101 non

133 4153 344 4200 exstant.
381 4144 463 4199 Ex
493 4144 685 4215 priore
714 4141 855 4196 illius
886 4138 904 4178 ι
941 4140 1007 4195 ad
1037 4138 1310 4195 Bullinum
1338 4140 1568 4209 epistola
1596 4140 1719 4195 eum

134 4234 310 4307 aliquid
340 4238 408 4292 de
432 4236 493 4292 S.
526 4235 818 4289 Clemente
864 4231 1072 4305 (papa)
1126 4232 1467 4286 transtulisse
1493 4229 1721 4286 manife-

134 4339 258 4385 stum
281 4329 367 4396 ﬁt;
385 4344 561 4401 quare
578 4341 707 4384 cum
727 4326 943 4396 gravius
969 4340 1094 4381 eum
1117 4333 1157 4362 ιη
1187 4323 1556 4379 admonuisset
1586 4320 1718 4377 Rul-

135 4422 254 4477 tinus
271 4431 330 4478 ut
350 4423 597 4479 studium
621 4420 680 4475 in
700 4417 916 4474 Circeas
940 4418 1149 4473 litteras
1173 4420 1430 4473 attentius
1458 4426 1714 4481 sumeret,

135 4533 184 4572 se
206 4518 420 4589 implere
451 4533 564 4573 non
614 4514 802 4570 valere
842 4512 1099 4584 affirmat,
1148 4511 1246 4568 nisi
1273 4511 1476 4567 diutius
1512 4510 1714 4568 Iluflini

1808 521 1918 566 tum
1959 513 2158 578 laudat,
2190 523 2216 562 tt
2245 521 2299 567 et
2330 514 2415 567 cui
2445 513 2575 568 dicit
2602 529 2663 568 se
2707 513 2839 573 nihil
2883 512 3059 567 simile
3103 526 3265 584 posse
3298 527 3396 590 ref

1808 604 1968 661 ferre.
2001 605 2237 663 Tandem
2257 609 2446 660 statuit
2469 617 2496 657 (ι
2528 606 2808 676 epistolam
2837 606 2891 661 in
2914 620 3103 660 eorum
3126 590 3400 680 sermonis

1806 698 2188 753 mtractatiOne
2216 706 2528 765 contexere,
2558 709 2614 753 et
2656 697 2795 768 apud
2836 712 2931 752 eos
2960 713 3144 753 rursus
3184 698 3400 754 illorum

1808 789 2091 858 epistolam
2112 790 2336 846 laudans
2360 801 2381 829 ι’
2414 807 2541 850 usus
2562 799 2644 846 est
2671 791 2839 846 ferme
2864 790 3053 846 iisdem
3072 790 3254 848 verbis
3280 792 3403 866 qui:

1806 885 1909 937 bus
1938 884 2264 952 Augustinus
2292 885 2359 940 ad
2390 886 2560 955 ipsum
2591 884 2883 955 scripserat
2909 899 3053 940 anno
3091 882 3214 941 395.
3235 884 3401 942 ‘Rell-

1809 988 1973 1044 quum
2003 974 2245 1045 epistola:
2272 986 2293 1011 ³
2326 974 2548 1030 adhibet
2588 976 2642 1030 in
2664 975 2849 1031 laudes
2882 974 3141 1033 Amandus
3168 991 3289 1047 qua:
3313 993 3404 1035 se-

1809 1065 1916 1119 culi
1964 1081 2123 1121 curas
2150 1067 2375 1122 curabat
2398 1109 2412 1132 ,
2444 1074 2503 1121 ut
2548 1072 2733 1137 posset
2771 1066 2926 1137 -Aper
2966 1076 3141 1125 totum
3187 1085 3247 1126 se
3271 1070 3403 1125 dare

1811 1157 2120 1212 cmlestihus
2173 1168 2231 1212 et
2275 1158 2559 1212 ministerii
2602 1158 2682 1212 sui
2710 1158 2981 1229 operibus.
3029 1159 3139 1217 Eos
3167 1161 3404 1233 denique

1811 1248 2058 1303 hortatur
2093 1253 2108 1286 ῑ
2134 1258 2193 1301 ut
2221 1249 2358 1303 filios
2384 1249 2668 1319 diligenter
2695 1258 2751 1304 et
2779 1252 2868 1321 pie
2896 1251 3127 1307 educent

2340 1407 2477 1446 ANNO
2507 1406 2714 1447 cuntsrt
2737 1391 2862 1448 407.

1883 1503 1935 1558 5.
1965 1502 2168 1559 Decimi
2195 1504 2373 1574 quarti
2406 1506 2630 1560 natalitii
2658 1506 2914 1563 carminis
2935 1516 2962 1544 ιι
2993 1506 3046 1562 in
3080 1506 3139 1563 S.
3168 1507 3404 1575 Felicem

1810 1604 2102 1666 supersunt
2127 1604 2335 1652 tantum
2385 1599 2685 1665 fragmenta
2711 1599 2980 1669 qua-dam.
3012 1599 3145 1657 Illud
3184 1602 3404 1657 carmen
3454 1662 3455 1665 η

1811 1704 1880 1744 eo
1907 1689 2082 1746 solum
2110 1690 2390 1760 scripsisse
2418 1692 2630 1747 videtur
2658 1691 2933 1758 Paulinus,
2979 1700 3040 1748 ut
3066 1693 3406 1753 enumeraret

1813 1782 1912 1837 Dei
1949 1782 2003 1838 in
2048 1798 2109 1839 se
2147 1782 2408 1839 beneficia
2436 1784 2597 1854 hujus
2624 1786 2795 1841 sancti
2820 1786 3146 1843 confessoris
3173 1787 3316 1858 ope.‘
3350 1785 3408 1843 Si

1817 1878 2082 1945 integrum
2102 1887 2359 1945 exstaret,
2390 1893 2461 1933 ex
2486 1881 2597 1950 85
2626 1893 2693 1934 eo
2716 1879 2885 1934 multa
2915 1879 2982 1934 ad
3003 1878 3211 1934 Paulini
3243 1878 3410 1935 vitam

1813 1972 2112 2043 spectantia
2152 1960 2557 2041 colligeremus;
2588 1972 2681 2027 sed
2712 1981 2766 2028 et
2793 1988 2860 2028 ex
2891 1974 2955 2027 iis
2982 1987 3104 2043 qua:
3149 1973 3409 2029 habemus

1816 2061 2250 2118 animadvertere
2293 2078 2578 2133 possumus
2622 2078 2782 2133 quam
2825 2071 2980 2131 grato
3020 2062 3179 2118 fuerit
3214 2079 3247 2118 a
3295 2062 3409 2120 Deo

1818 2157 2052 2213 donatus
2079 2156 2259 2212 animo
2287 2154 2562 2223 Paulinus,
2582 2158 2684 2227 'qui
2713 2165 2769 2211 et
2811 2155 2927 2225 ejus
2954 2157 3303 2223 generoSitati
3331 2156 3410 2211 aI-

1821 2257 1995 2319 taaque
2023 2248 2309 2303 humilitati
2341 2249 2536 2303 merito
2565 2249 2727 2302 tribui
2759 2258 2958 2319 poteSt.
2991 2247 3107 2304 lloc
3132 2249 3316 2317 etiam,
3348 2244 3407 2305 ut

1816 2340 2106 2407 credimus,
2150 2355 2294 2395 anno
2320 2339 2559 2395 Melania.
2578 2342 2760 2396 senior
2784 2343 2887 2396 iter
2913 2341 2965 2395 in
2996 2340 3229 2397 Africam
3275 2358 3409 2398 eon-

1819 2432 1967 2501 fecit,
1996 2447 2116 2501 qum
2142 2430 2373 2487 fortasse
2401 2431 2469 2488 ad
2495 2431 2851 2501 Augustinum
2876 2434 3055 2487 attulit
3074 2430 3410 2510 epistolam?

1818 2525 1870 2580 in
1899 2541 2006 2597 qua
2034 2523 2290 2585 Paulinus
2315 2524 2406 2580 lilii
2437 2525 2581 2579 unici
2602 2525 2825 2594 hujusce
2858 2526 3027 2580 vidum
3054 2525 3277 2582 illustris
3301 2525 3411 2581 cir-

1818 2636 1881 2677 ca
1912 2619 2052 2675 idem
2083 2627 2296 2693 tempus
2322 2616 2590 2678 demortui
2612 2617 2797 2673 laudes
2825 2617 3148 2673 celebrabat.

2340 2776 2478 2816 uno
2516 2776 2724 2816 cuntsrt
2763 2759 2887 2814 408.

2381 2900 2613 2957 CAPUT
2650 2900 2835 2957 XLIX.

1819 3017 2162 3101 DenMelunia
2179 3018 2360 3101 scribit
2393 3016 2648 3101 Paulinus
2667 3015 2752 3101 cui
2761 3017 3182 3101 Augustinum”
3199 3036 3299 3101 quo
3317 3036 3410 3092 per

1887 3089 2188 3163 Facsidium
2211 3089 2412 3163 littera!
2452 3088 2659 3163 «recipit.
2704 3083 2969 3163 Plurimos
3001 3083 3187 3145 Gallia:
3210 3083 3411 3163 ὲρὶεὶο-

1739 3207 1786 3269 C
1891 3178 1985 3234 pos
2010 3159 2213 3215 laudat.
2246 3158 2326 3213 De
2366 3156 2428 3213 S.
2468 3156 2777 3213 Venerando
2804 3157 3229 3217 Claromontana.

1888 3303 1941 3358 l.
1981 3301 2263 3359 Decimum
2292 3280 2542 3371 quintum
2570 3301 2873 3359 natalitinm
2920 3317 3143 3360 carmen
3160 3314 3208 3372 ι,
3237 3314 3412 3376 quan~

1818 3405 1930 3453 tum
1964 3394 2243 3465 conjicere
2284 3408 2571 3466 possumus
2614 3400 2684 3452 e‘x
2729 3394 2796 3451 iis
2837 3410 2959 3466 quae
2986 3405 3298 3469 supersunt,
3343 3396 3440 3456 ad

1818 3489 2088 3545 narranda
2110 3487 2170 3545 S.
2200 3486 2395 3544 Felicis
2428 3487 2690 3544 miracula
2717 3488 2932 3558 scripsit
2971 3487 3246 3546 Paulinus.
3275 3491 3414 3552 Illud

1816 3585 1886 3642 de
1909 3584 1967 3639 S.
2003 3583 2180 3639 Felice
2220 3582 2468 3637 ultimum
2498 3597 2528 3636 a
2560 3579 2783 3639 Paulino
2828 3584 3091 3654 scriptum
3127 3586 3412 3654 cognosci-

1819 3695 1959 3747 mus,
1982 3679 2095 3733 sive
2119 3677 2378 3749 perierint
2404 3676 2531 3745 alia,
2553 3677 2667 3732 sive
2687 3675 2753 3732 de
2780 3692 2849 3733 eo
2869 3678 3003 3734 nihil
3023 3680 3254 3750 amplius
3276 3679 3413 3738 scri-

1820 3771 1991 3843 pserit
2014 3770 2298 3835 Paulinus;
2329 3768 2531 3827 etenim
2577 3777 2791 3825 constat
2821 3770 3005 3825 turbas
3040 3771 3218 3828 tribus
3255 3774 3413 3832 annis

1820 3862 2171 3933 sequentibus
2211 3871 2431 3917 exortas
2474 3860 2543 3916 ab
2570 3861 2718 3916 hisce
2760 3862 2923 3917 animi
2962 3862 3414 3927 oblectationibus

1822 3954 2061 4026 potuisse
2101 3951 2383 4009 Paulinum
2426 3960 2693 4017 avertere,
2738 3953 2851 4022 qui,
2901 3953 2989 4008 ubi
3037 3947 3411 4026 episcopatum

1823 4050 2051 4119 adeptus
2066 4055 2169 4111 est,
2187 4047 2307 4102 aliis
2324 4044 2428 4101 sibi
2442 4045 2632 4102 studiis
2651 4045 2906 4116 pietatem
2929 4046 3213 4102 colendam
3234 4047 3408 4114 duxit.

1823 4141 2023 4196 Saltem
2054 4154 2161 4194 non
2194 4138 2268 4192 illi
2313 4145 2432 4193 erat
2455 4138 2586 4193 satis
2614 4137 2709 4192 otii
2748 4136 2887 4192 festo
2913 4137 3001 4193 die
3030 4136 3087 4194 S.
3133 4137 3328 4197 Felicis
3355 4150 3416 4204 ut

1819 4231 2118 4292 scribendis
2143 4229 2389 4285 versibus
2414 4228 2650 4282 animum
2684 4226 3018 4297 adjungeret.
3049 4230 3130 4285 Ab
3169 4230 3275 4287 hoc
3294 4232 3414 4302 ipso

1821 4340 1963 4380 anno
1996 4324 2226 4381 fuerunt
2267 4330 2299 4372 I
2333 4319 2559 4375 Paulino
2603 4319 2946 4378 incredibiles
2999 4323 3407 4392 occupationes,

1820 4417 2015 4488 quibus
2055 4415 2201 4469 illum
2230 4422 2508 4482 expertem
2538 4412 2864 4479 Augustinus
2887 4411 3174 4479 credebat;
3207 4421 3265 4469 et
3286 4414 3412 4485 qui-

1822 4512 1921 4566 bus
1944 4509 2179 4579 jactattts
2210 4505 2463 4563 Paulinus
2493 4504 2719 4561 fortasse
2750 4514 2772 4542 κ
2803 4504 2965 4561 solito
2992 4505 3153 4562 citius
3174 4489 3409 4563 Romam

135 4613 384 4664 consortio
413 4608 655 4675 fruatur,
684 4620 862 4675 eoque
888 4612 1220 4675 praeceptore
1248 4611 1450 4656 utatur.
1493 4600 1715 4657 Postre-
1744 4596 1795 4657 D
1819 4601 2305 4675 peregrinationem
2331 4605 2645 4653 consuetam
2671 4605 2943 4653 maturare
2970 4596 3282 4668 compulsus
3298 4607 3411 4667 est;

136 4716 263 4757 mum
302 4718 400 4773 per
424 4700 721 4757 Cerealem
750 4698 1030 4769 epiStoIam
1056 4696 1520 4769 quadragesimum
1549 4696 1715 4766 septi-

138 4808 260 4846 mam
291 4794 436 4848 misit
477 4791 707 4849 Ruﬂino
732 4790 823 4858 qui
868 4797 897 4825 ιι
924 4798 1051 4844 tunc
1098 4788 1154 4843 in
1197 4787 1526 4843 monasterio
1555 4785 1714 4842 Pine-

138 4885 258 4939 tensi
298 4886 547 4955 degebat,
581 4881 729 4938 unde
756 4881 906 4939 brevi
952 4887 1070 4936 erat
1116 4879 1345 4935 Romam
1370 4886 1630 4939 venturus
1655 4887 1715 4935 ut

138 4975 183 5029 in
206 4976 472 5034 Orientem
524 4983 927 5043 reverteretur;
960 4975 1124 5045 idque
1168 4974 1314 5035 circa
1358 4989 1557 5031 annum
1585 4973 1708 5038 409,

139 5076 188 5122 ut
203 5070 663 5127 demonstrabitur
680 5067 970 5139 aliquando
991 5068 1043 5123 in
1068 5067 1289 5123 historia
1313 5067 1372 5122 S.
1398 5065 1710 5139 Hieronymi

138 5167 181 5212 et
196 5159 401 5217 Ruﬂini.

196 5251 247 5309 2.
274 5254 556 5312 Credimus
587 5253 683 5309 illo
711 5252 902 5309 eodem
929 5268 1073 5309 anno
1101 5252 1205 5309 406
1244 5251 1527 5312 Paulinum
1551 5261 1576 5289 ο
1606 5268 1712 5307 ωι-

138 5343 252 5400 sisse
294 5347 583 5417 epistolam
631 5343 1096 5414 quadragesimam
1126 5351 1370 5413 quartam
1400 5344 1469 5399 ad
1511 5344 1712 5414 Aprum

202 5511 225 5574 ξ
262 5502 357 5574 Ep.
380 5503 466 5569 b3,
488 5502 553 5560 η.
584 5502 644 5558 4.
716 5500 757 5574 1t
778 5499 875 5574 Ep.
901 5501 990 5574 46Δ
1013 5501 1144 5574 ωε.

1224 5513 1246 5540 ε
1273 5501 1371 5572 Ep.
1400 5501 1495 5572 Π.
1514 5517 1567 5555 n.
1595 5498 1671 5572 2.7
1727 5500 1760 5572 ‘A
1784 5499 1885 5572 Ep.
1918 5498 1983 5572 46
2004 5498 2424 5572 -Ρειμιίηηίιιτ-Ᾰ.

1823 4696 1950 4751 illuc
1991 4694 2135 4748 enim
2181 4700 2307 4762 post
2349 4690 2550 4745 Pascha
2580 4705 2639 4745 se
2687 4689 2934 4755 contulit,
2986 4690 3129 4747 unde
3176 4700 3303 4749 ante
3342 4691 3411 4748 15

1824 4790 1947 4844 Maii
1975 4787 2117 4843 diem
2149 4794 2266 4843 erat
2287 4800 2553 4841 reversus.
2586 4782 2736 4841 Ibi“
2765 4784 2996 4852 Quintus
3021 4786 3284 4853 diaconus
3297 4787 3412 4859 jam

1828 4883 2009 4937 Roma:
2039 4878 2349 4949 aliquandiu
2379 4886 2745 4935 commoratus
2770 4879 2838 4933 ab
2866 4878 3169 4948 Augustino
3202 4869 3425 4951 episto-‘

1824 4978 1945 5040 tam,
1994 4971 2147 5042 cujus
2195 4980 2315 5028 erat
2359 4973 2611 5042 portitor,
2643 4970 2866 5028 Paulino
2898 4973 3140 5029 tradidit.
3192 4976 3263 5029 At
3311 4975 3412 5046 ipsi

1822 5066 2159 5140 percupienti
2199 5064 2479 5134 Augustini
2523 5065 2807 5137 epistolam
2853 5064 3034 5134 legere
3075 5048 3175 5138 per
3198 5075 3412 5141 tempus

1827 5177 1936 5218 non
1953 5160 2104 5214 licuit
2123 5204 2137 5226 ,
2162 5157 2221 5196 ινδ
2241 5158 2416 5213 donec
2443 5158 2890 5227 interponendum
2915 5158 2980 5214 ad
2995 5159 3202 5220 itineris
3216 5163 3413 5221 stativa

1822 5252 1984 5314 diem,
2015 5264 2177 5320 quem
2206 5249 2259 5303 in
2288 5248 2489 5321 oppido
2516 5247 2804 5305 Formiano
2832 5248 3036 5316 habuit,
3084 5259 3257 5308 totum
3287 5256 3414 5316 huic
3488 5239 3491 5241 ί

1823 5344 1973 5414 operi
2003 5343 2355 5414 manciparet,
2386 5350 2443 5397 et
2472 5342 2525 5397 in
2551 5341 2666 5411 ejus
2695 5342 2937 5412 epistolte
2982 5343 3213 5401 lectione
3240 5348 3409 5408 veluti

2504 5509 2527 5536 ε
2558 5498 2716 5572 lbid.,
2745 5515 2804 5572 η.
2828 5499 2881 5554 s.
2953 5498 2983 5572 Δί
3019 5499 3118 5572 Ep.
3144 5502 3233 5569 47;
3267 5498 3321 5561 η.
3355 5507 3412 5565 2.

144 5582 165 5619 ε
188 5568 413 5631 Gennad.
447 5568 630 5629 Catal.
665 5588 714 5626 c.
742 5568 839 5642 Ifi'.
904 5572 931 5609 ιι
961 5570 1110 5628 Paul.
1159 5588 1245 5641 ep.
1274 5568 1361 5635 d7,
1388 5589 1443 5626 ιι.
1473 5571 1526 5626 2.
1611 5570 1784 5627 llbid.
1834 5568 1879 5621 Vi
1917 5570 2039 5626 Isid.
2086 5568 2290 5642 llispal.
2321 5570 2417 5625 lib.
2466 5569 2664 5642 Script.
2698 5570 2839 5642 ccci.
2865 5587 2913 5642 c.
2938 5569 2992 5625 4.
3027 5568 3291 5637 ιῬειιιΙὶῃ.
3323 5592 3413 5642 ep.

146 5643 219 5706 is,
249 5663 296 5699 η.
326 5646 381 5700 5.
427 5647 441 5686 ι
489 5640 818 5714 lbid.,n.2.
860 5642 1055 5697 mlhid.
1135 5654 1146 5714 τ

147 5725 164 5752 τ
194 5715 310 5771 Ibid.
385 5725 405 5752 ι
435 5716 609 5783 me,
643 5730 697 5767 η.
732 5712 791 5783 t.
875 5714 1083 5781 ⁸1ὺὶά.,
1118 5712 1172 5769 η.
1207 5713 1257 5767 s.

131 5859 135 5862 ν
199 5786 319 5843 Vide
345 5803 464 5856 cap.
494 5786 588 5852 ‘22,
624 5802 678 5839 n.
714 5782 768 5837 2.

1338 5724 1361 5750 υ
1387 5714 1567 5768 Carm.
1611 5710 1699 5767 ἓξ).

1135 5654 1160 5679 τι
1192 5644 1310 5698 Vid.
1343 5643 1478 5697 llist.
1508 5642 1714 5698 Hieron.

1135 5710 1172 5769 ἱ.
1338 5724 1361 5750 υ
1387 5714 1589 5790 (ξιτ-ττι..⁸

1826 5642 1948 5697 ίθθ.
2028 5652 2052 5676 υ
2087 5642 2234 5695 Paul.
2281 5656 2367 5711 ep.
2414 5642 2504 5705 tt,
2536 5658 2591 5696 η.
2626 5642 2675 5694 l.
2748 5653 2779 5696 ρ
2807 5642 2939 5696 Ibid.
3018 5651 3044 5691 «ι
3076 5643 3233 5711 lbid.,
3265 5658 3322 5702 η.
3353 5642 3409 5703 9.

1847 5712 1944 5790 Ep.
1978 5711 2077 5778 9i,
2123 5729 2175 5766 n.
2219 5712 2273 5765 5.
2355 5724 2375 5749 ’ί
2402 5701 2581 5775 Carm.
2617 5712 2702 5785 30.
2778 5722 2809 5765 1
2842 5713 2991 5781 Aug.
3019 5724 3109 5790 ep.
3138 5713 3229 5785 95,
3260 5733 3313 5771 η.
3353 5714 3411 5774 9.

850 5793 907 5820 ια
926 5783 1075 5840 Paul.
1102 5801 1189 5853 cp.
1222 5783 1308 5853 ἀΰ,
1336 5802 1388 5838 n.
1415 5785 1468 5838 8.
1544 5781 1604 5825 δι’
1636 5784 1714 5839 Ibi

1822 5801 1875 5838 η.
1916 5785 1967 5838 l.
2662 5782 2663 5785 “
2872 5798 2879 5804 ’

1826 5641 1948 5697 I6b.
2028 5652 2052 5676 υ
2087 5637 2234 5695 Paul.
2281 5656 2367 5711 ep.
2410 5637 2675 5711 lanii.
2748 5640 2939 5696 rlbid.
3018 5637 3409 5711 sibid.,n.§.
