4000 6402
195 342 296 400 115
1595 330 2122 390 PROLEGOMENA.
2433 379 2438 383 .
3372 329 3469 387 114

192 460 289 533 qui
337 457 545 515 Paulini
592 457 847 530 epistolae
888 455 1308 528 quadragesimae
1351 455 1593 526 septima:
1645 466 1789 508 anno
1814 460 1867 522 Α
1891 455 2208 527 suscepisse.
2235 453 2389 510 Adde-
2401 453 2544 526 quod
2563 467 2687 509 cum
2708 461 2917 524 tempus
2944 448 3472 525 inscriptae-epistolas

196 553 307 608 409
324 549 639 621 conscripta:
658 547 1021 623 satisfaciens.
1049 547 1102 603 in
1130 546 1359 618 epistola
1402 542 1793 615 nuncupatoria
1896 546 2199 603 Innocentii
2227 546 2311 602 vel
2340 546 2537 618 partim
2568 546 2652 601 vel
2691 546 2913 602 omnino
2946 543 3358 614 rejicerosno'ots
3387 559 3462 598 ne

200 644 325 700 libri
359 658 398 700 ιι
425 643 492 699 de
520 641 1000 709 Benedictionibus
1013 640 1459 712 patriarcharum.
1477 653 1636 710 quem
1655 651 1794 707 qua-
1896 654 2049 697 cessc
2076 640 2147 694 sit
2173 653 2239 694 ex
2263 652 2405 693 anno
2432 635 2536 693 404
2558 632 2663 709 quo
2686 636 2831 692 illam
2859 634 2876 673 ί
2908 636 3468 720 apposuimus,quam-

201 734 543 804 dratiesimali
570 733 797 801 huiusce
817 743 848 770 ἰ
877 730 1004 787 anni
1023 737 1268 801 tempore
1295 728 1531 799 scripsit.
1549 742 1654 783 non
1678 727 1793 796 epi-
1898 733 1981 789 vis
2004 748 2110 788 non
2136 729 2202 785 is
2225 730 2502 787 Februarii
2527 729 2644 798 die;
2672 729 2862 786 eodem
2890 728 3336 799 quidcm'mensis
3378 728 3475 784 Ιιιι-

202 824 565 898 seopum,sed
585 827 805 897 fratrem
825 823 1000 895 ipsum
1019 821 1287 893 appellat-
1299 818 1799 888 Quantulacumque
1895 823 1987 895 jus
2021 824 2129 892 die,
2150 823 2246 881 sed
2265 824 2437 878 altero
2462 837 2604 877 anno
2623 820 2943 876 collocanda
2962 828 3071 889 est,
3100 827 3156 878 et
3174 817 3315 875 forte
3336 835 3479 875 anno

204 918 280 974 sit
301 916 545 988 episcopi
576 914 850 982 dimcesis,
878 929 985 970 non
1012 912 1225 968 videtur
1268 926 1301 966 a
1343 908 1574 980 negotiis
1599 922 1814 964 vacuus.

208 1006 530 1081 episcopus,
542 1006 722 1079 qualis
750 1005 1049 1076 Augustino
1072 1004 1219 1060 visus
1244 1009 1328 1058 est
1360 998 1619 1056 Paulinus
1656 1012 1800 1053 anno

206 1100 335 1155 408.
386 1097 750 1155 Nihilominus
809 1096 958 1151 addit
1002 1092 1331 1162 Augustinus
1377 1091 1482 1147 sibi
1530 1088 1804 1147 nuntiatas

207 1192 376 1250 fuisse
401 1191 747 1248 incredibiles
773 1189 892 1260 ejus
915 1188 1298 1259 occupationes
1329 1203 1357 1239 :.
1381 1198 1502 1256 qum
1525 1182 1803 1255 expressio

208 1284 394 1358 potius
419 1284 649 1341 denotat
669 1298 765 1339 eas
792 1296 913 1354 quae
931 1279 1148 1344 insolito
1172 1294 1301 1336 casu
1336 1279 1623 1346 eveniunt,
1642 1290 1806 1359 quam

208 1392 332 1448 quae
350 1377 688 1449 episcopatui
717 1388 943 1431 annexze
963 1381 1109 1429 sunt.
1139 1368 1598 1440 Quemadmodum
1626 1374 1807 1423 autem

210 1466 501 1523 Paulinum
524 1464 823 1537 episcopali
851 1462 1088 1520 nondum
1110 1461 1370 1532 dignitate
1395 1457 1561 1515 fuisse
1583 1456 1807 1528 insigni-

211 1569 329 1616 tum
374 1559 535 1616 initio
580 1558 712 1614 anni
741 1555 866 1621 409,
896 1556 970 1612 ita
988 1565 1120 1610 ‘enm
1147 1553 1262 1624 jam
1303 1552 1617 1625 episcopum
1662 1562 1810 1605 anno

211 1651 321 1708 413
346 1651 517 1708 fuisse
542 1658 780 1715 constat,
808 1647 1246 1721 quandoquidem
1266 1648 1372 1703 hoc
1401 1645 1620 1701 nomine
1638 1642 1812 1700 done-

213 1756 306 1801 tur
330 1746 405 1799 ab
430 1744 737 1812 Augustino
763 1740 794 1782 δ
819 1741 913 1797 lib.
946 1739 1053 1797 rde
1080 1738 1311 1795 Civitate
1338 1737 1453 1804 Dei,
1485 1735 1646 1807 idque
1667 1732 1813 1790 refe-

1901 915 2007 971 410
2030 931 2152 971 eum
2182 912 2451 970 Honorius
2478 913 2664 969 Roma:
2690 927 2889 969 annum
2914 909 3015 965 407
3044 919 3101 969 et
3122 920 3328 982 partem
3353 914 3479 967 anni

1901 1007 2011 1064 408
2034 1008 2293 1078 exegerit.
2323 1007 2530 1064 Turbas
2559 1011 2737 1062 tamen
2760 1021 2879 1076 quae
2906 1006 2961 1061 in
2997 1003 3184 1061 Galliis
3209 1014 3266 1061 et
3294 1006 3347 1061 in
3374 1005 3476 1060 Ita-

1903 1092 1975 1157 lia
2004 1099 2263 1156 exstitere
2289 1113 2410 1153 eum
2438 1098 2545 1154 illis
2570 1112 2602 1152 a
2629 1097 2784 1152 nobis
2806 1095 3089 1167 assignatis
3115 1094 3359 1154 Victrieii
3386 1110 3485 1167 pe-

1904 1192 2356 1262 regrinationibus
2382 1199 2438 1247 et
2477 1192 2581 1247 hoc
2604 1190 2920 1246 litterarum
2963 1189 3289 1255 comercio
3317 1190 3482 1260 aptis-

1905 1285 2041 1342 sime
2066 1285 2356 1341 eonvenire
2391 1282 2634 1351 iudicant
2677 1280 2972 1337 doctissimi
2996 1278 3099 1336 viri
3130 1294 3267 1350 quos
3293 1290 3488 1337 consu-

1906 1377 2129 1442 luimus;
2159 1375 2383 1431 historia
2413 1388 2540 1428 vero
2587 1372 2723 1428 duas
2747 1371 2868 1428 illas
2907 1379 3115 1427 tantum
3142 1371 3211 1427 ab
3250 1370 3489 1427 Honorio

1910 1468 2137 1526 Romam
2163 1483 2262 1540 per
2287 1464 2658 1537 pontiﬁcatum
2684 1460 2982 1519 Innocentii
3027 1471 3307 1534 susceptas
3333 1476 3489 1533 pere-

1910 1559 2238 1631 grinationes
2265 1557 2519 1614 observat
2549 1574 2563 1609 :
2592 1554 2735 1611 unde
2778 1553 3078 1611 Innocentii
3107 1562 3163 1610 et
3190 1552 3397 1609 Paulini
3424 1552 3492 1609 ad

1913 1650 2222 1707 Victricium
2248 1647 2507 1716 epistolas
2531 1661 2675 1701 anno
2702 1643 2807 1699 404
2841 1643 3148 1700 adscribere
3175 1645 3347 1700 coacti
3388 1642 3493 1699 fui-

1913 1758 2056 1799 mus.
2081 1742 2263 1812 Neque
2290 1758 2358 1797 ex
2404 1741 2518 1797 sola
2559 1741 2740 1810 fratris
2766 1738 3124 1811 appellatione
3146 1736 3495 1809 iudicandum

214 1838 390 1895 renda
417 1835 625 1908 aliquid
650 1833 795 1906 quod
814 1832 1069 1889 Paulinus
1087 1845 1231 1886 anno
1250 1827 1355 1882 410
1381 1833 1649 1896 gesserat:
1672 1824 1816 1880 unde
1846 1838 1848 1844 ‘

1928 1836 2169 1893 duximus
2218 1835 2366 1890 illum
2421 1842 2533 1889 tum
2582 1832 2745 1890 fuisse
2788 1833 3123 1906 episcopum,
3169 1848 3291 1889 cum
3343 1833 3496 1890 nobis

212 1927 576 2002 probabiliter
598 1923 781 1994 colligi
823 1930 1006 1995 potest
1037 1921 1151 1991 jam
1180 1935 1324 1976 anno
1346 1917 1450 1973 410
1478 1917 1627 1973 illum
1654 1915 1817 1973 fuisse

213 2022 565 2091 episcopum.
607 2014 675 2070 Et
722 2024 987 2086 prmterea
1011 2011 1224 2068 videtur
1270 2009 1539 2065 Paulinus
1567 2006 1820 2063 debuisse

214 2113 480 2183 quopiam
509 2127 567 2167 se
587 2110 835 2181 recipere
863 2115 921 2162 ut
953 2121 986 2163 e
1010 2104 1313 2162 Gothorum
1350 2101 1600 2158 manibus
1625 2115 1686 2157 se
1712 2100 1821 2157 eri-

217 2210 398 2274 peret,
432 2208 497 2256 ut
521 2211 544 2240 ε
573 2214 767 2257 revera
794 2199 850 2254 in
874 2211 1061 2253 eorum
1089 2185 1281 2251 manus
1328 2192 1535 2261 incidit,
1560 2191 1663 2247 nisi
1690 2190 1822 2246 fuis-

218 2302 306 2350 set
333 2293 590 2349 addictus
614 2289 891 2363 pascendo
917 2290 1105 2361 gregi,
1135 2295 1190 2345 et
1218 2286 1319 2343 nisi
1348 2286 1576 2344 vinculis
1611 2284 1823 2357 episco-

194 2400 195 2403 ‘
219 2386 364 2458 palis
391 2384 637 2441 muneris
664 2382 853 2438 fuisset
878 2389 1139 2447 retentus,
1163 2394 1194 2437 a
1215 2379 1411 2450 quibus
1439 2379 1491 2434 in
1517 2376 1822 2435 sacerdotio

222 2475 559 2533 constitutus
585 2482 704 2530 erat
745 2475 968 2530 omnino
1011 2472 1179 2538 liber;
1224 2472 1448 2543 singulis
1493 2479 1675 2526 autem
1702 2468 1822 2540 epi-

202 2569 386 2634 stolis
428 2569 700 2640 privatam
751 2565 926 2635 egisse
970 2563 1134 2619 vitam
1175 2564 1404 2620 videtur.
1449 2561 1824 2634 Comperimus

222 2670 397 2719 etiam
427 2659 789 2729 Augustinum
818 2658 887 2714 ab
914 2670 983 2713 eo
1010 2654 1036 2695 δ
1065 2658 1248 2729 fratris
1272 2656 1492 2712 nomine
1511 2654 1825 2726 compellari

223 2752 281 2809 in
324 2750 565 2824 epistola
592 2764 755 2821 quam
800 2748 1125 2805 arbitramur
1162 2746 1420 2818 scriptam
1448 2747 1591 2802 circa
1621 2759 1825 2800 annum

225 2842 354 2900 410.
383 2841 719 2912 Augustinus
745 2850 771 2879 ε
794 2841 849 2897 in
878 2840 1121 2911 epistolis
1148 2838 1259 2896 suis
1283 2837 1349 2892 ad
1380 2835 1660 2893 Paulinum
1679 2836 1828 2892 circa

226 2949 436 2990 unum
468 2931 579 2988 413
620 2931 763 2988 datis
787 2937 844 2986 et
883 2931 937 2986 in
976 2930 1367 3001 posterioribus
1412 2928 1533 2983 aliis
1574 2926 1828 2997 operibus

226 3042 358 3084 eum
383 3041 606 3097 semper
627 3025 790 3081 vocat
828 3026 1142 3096 episcopum,
1192 3022 1336 3077 utilia
1383 3020 1453 3076 de
1497 3018 1616 3088 ejus
1656 3032 1827 3073 uxore

230 3118 515 3175 mentione
543 3115 707 3182 facta,
732 3116 874 3171 unde
901 3130 1019 3172 eam
1061 3115 1176 3185 jam
1205 3113 1314 3168 vita
1344 3112 1582 3167 iunctain
1607 3109 1827 3165 omnino

1918 1937 2203 2000 suppetant
2233 1928 2487 1982 validiora
2519 1936 2856 1996 argumenta,
2896 1928 3268 1997 quibus-certo
3294 1924 3498 1996 colligi.

1918 2038 2039 2079 mus
2066 2031 2193 2078 ante
2219 2034 2429 2076 annum
2446 2019 2549 2076 409
2572 2021 2649 2076 illi
2673 2037 2781 2076 non
2819 2022 3070 2077 collatam
3098 2016 3265 2078 fuisse
3291 2022 3499 2093 episeo-

1918 2113 2101 2185 palem
2122 2110 2463 2180 dignitatem,
2490 2126 2652 2181 quam
2682 2118 2742 2166 ut
2765 2111 2819 2167 in
2849 2110 2959 2167 hac
2975 2126 3082 2167 una
3121 2111 3355 2168 nominis
3396 2107 3501 2167 dif-

1921 2202 2158 2260 ﬁcultate
2185 2204 2502 2259 haereamus.
2535 2201 2762 2258 Creatus
2788 2202 2887 2258 fuit
2913 2205 2928 2255 l
2963 2200 3200 2260 Nolanus
3219 2204 3503 2275 episcopus

1920 2295 2177 2352 Paulinus
2210 2302 2397 2351 noster
2425 2302 2486 2350 ut
2511 2310 2672 2349 nemo
2697 2293 2943 2360 dubitat,
2973 2293 3289 2365 videturque
3334 2286 3504 2351 Paulo

1921 2387 2264 2456 successisse,
2293 2384 2316 2423 ’ί
2343 2385 2436 2453 qui
2464 2385 2619 2440 annis
2646 2383 2750 2439 ΜΞ
2777 2393 2832 2441 et
2874 2383 2981 2441 405
3020 2385 3340 2443 certissime
3362 2386 3505 2444 hanc

1921 2477 2217 2537 Ecclesium
2250 2476 2502 2546 regebat;
2553 2490 2673 2543 quae
2713 2490 2818 2531 non
2847 2474 3060 2531 videtur
3101 2475 3304 2545 ingenti
3347 2475 3505 2547 plebs

1920 2571 2087 2629 fuisse
2122 2586 2433 2641 numerosa,
2463 2566 2896 2641 quandoquidem
2925 2557 3182 2626 Paulinus
3209 2568 3225 2605 ι
3258 2582 3321 2626 se
3342 2572 3505 2624 vocat

1920 2663 2100 2734 exigui
2112 2664 2281 2735 gregis
2308 2672 2584 2732 pastorem.

1970 2742 2052 2812 ’ἶ
2083 2753 2203 2811 lam
2233 2770 2361 2812 vero
2382 2771 2488 2828 qua
2516 2754 2729 2812 ratione
2774 2755 2839 2812 in
2858 2754 3151 2828 episcopali
3177 2770 3402 2814 munere
3447 2772 3509 2815 se

1924 2846 2151 2916 gesserit
2176 2846 2444 2904 discamus
2470 2849 2539 2902 ab
2560 2848 2777 2905 oculata
2805 2855 2944 2905 teste
2969 2857 3010 2885 ω
3043 2866 3057 2903 :
3079 2847 3215 2905 Cum
3245 2858 3415 2904 autem
3438 2847 3509 2905 ad

1926 2954 2177 2994 summum
2222 2939 2498 2994 sacerdotii
2544 2940 2763 3012 gradum
2802 2942 3069 3011 provectus
3103 2949 3206 3009 est,
3245 2940 3412 2996 noluit
3454 2953 3511 2998 ιο

1928 3033 2080 3085 talem
2102 3030 2348 3086 exhibere
2366 3033 2660 3104 episcopum
2697 3032 2784 3101 qui
2814 3031 2880 3087 ab
2909 3033 3082 3104 aliqua
3115 3034 3399 3100 timeretur,
3420 3017 3510 3087 ded

1930 3122 2085 3177 talem
2108 3138 2166 3178 se
2187 3122 2408 3178 reddidit
2434 3115 2753 3179 sac'erdotem
2779 3124 2865 3196 qui
2885 3122 2950 3177 ab
2968 3123 3204 3179 omnibus
3226 3134 3508 3180 ornaretur.

230 3210 521 3283 probabile
539 3217 644 3266 est.
676 3206 1012 3293 Contendit}
1033 3205 1333 3264 Chililctius
1357 3203 1639 3259 Paulinum
1669 3203 1831 3258 fuisse
1857 3221 1902 3285 ς
1934 3212 2231 3287 Numquam
2257 3217 2332 3271 sic
2358 3216 2523 3271 iratus
2563 3225 2662 3284 est,
2702 3226 2758 3271 ut
2794 3233 2897 3273 non
2941 3218 2997 3273 in
3030 3217 3118 3273 ira
3142 3218 3512 3274 misericordia:

230 3305 554 3377 episcopum
603 3304 673 3359 ab
720 3302 876 3358 initio
905 3302 1031 3357 anni
1072 3300 1196 3367 597,
1237 3301 1334 3357 sed
1372 3298 1489 3368 ejus
1533 3298 1830 3361 rationibus

232 3397 573 3455 satislecissc
615 3396 907 3453 credimus.
963 3394 1237 3453 Potuisset
1280 3393 1497 3465 quidem
1536 3400 1592 3447 et
1636 3392 1830 3447 merito

233 3488 371 3545 duas
391 3486 462 3543 ad
487 3487 802 3545 Victricium
829 3486 1095 3559 epistolas
1111 3486 1374 3556 objicere,
1403 3500 1538 3555 quas
1564 3501 1706 3542 anno
1729 3483 1833 3539 399

233 3591 294 3637 et
321 3579 431 3637 404
476 3583 779 3653 posuimus,
826 3578 1089 3649 siquidem
1118 3578 1404 3636 Yietricius
1433 3579 1719 3650 episcopus
1765 3578 1831 3632 ali

237 3686 308 3729 eo
336 3681 362 3720 ε
386 3675 559 3746 frater
578 3682 804 3728 vocatur
830 3670 889 3728 in
915 3668 1186 3742 trigesima
1207 3670 1437 3741 scptima
1458 3673 1683 3743 cpistola
1705 3672 1831 3726 anni

238 3763 348 3821 404
370 3780 444 3821 ex
471 3765 631 3821 editis
649 3773 705 3820 et
745 3779 874 3820 mss.
906 3762 1212 3833 codicibus,
1233 3780 1300 3821 ac
1334 3764 1496 3821 etiam
1523 3767 1579 3822 in
1606 3767 1831 3837 epistola

237 3842 465 3912 decima
485 3864 678 3912 octava
720 3854 847 3911 anni
895 3848 999 3911 399
1036 3871 1105 3912 ex
1135 3872 1235 3913 ms.
1268 3856 1561 3914 Viennensi
1607 3861 1832 3927 codice,

239 3961 366 4003 cum
397 3947 541 4012 aliis,
570 3946 741 4029 patris
756 3961 953 4003 nomen
981 3946 1234 4004 habeant.
1263 3948 1371 4005 Sed
1396 3936 1503 4006 hoc
1518 3953 1632 4023 88
1668 3965 1834 4021 argu-

239 4050 491 4097 mentum
519 4055 629 4096 non
658 4038 871 4095 videtur
892 4042 1071 4109 magni
1092 4042 1368 4112 ponderis,
1386 4059 1512 4099 eum
1541 4059 1836 4101 amanuen-

241 4146 337 4187 ses
359 4132 508 4187 hunc
543 4145 786 4187 errorem
834 4131 990 4189 facile
1030 4133 1317 4190 admittant
1358 4135 1643 4193 scribendo
1684 4138 1841 4210 fratri

242 4238 351 4295 pro
394 4224 573 4294 patri;
617 4224 864 4294 quamvis
900 4225 1063 4282 etiam
1094 4222 1350 4284 Paulinus
1388 4231 1619 4300 potuerit
1639 4230 1837 4289 Vietri~

242 4316 391 4373 cium
434 4318 651 4389 fratrem
698 4316 874 4373 amice
911 4317 1190 4374 dumtaxat
1235 4321 1580 4391 compellare,
1618 4332 1679 4379 ut
1726 4331 1842 4394 ipse

244 4406 274 4446 δ
318 4406 581 4465 Paulinus
636 4418 693 4463 et
733 4407 987 4465 Therasia
1040 4412 1094 4465 in
1150 4410 1379 4482 cpistola
1430 4412 1838 4484 quadragesima

243 4505 442 4574 quinta
490 4518 634 4557 anno
663 4501 765 4556 408
801 4499 870 4555 15
904 4501 1027 4557 Maii
1066 4502 1192 4558 data
1233 4489 1582 4573 Augustinum
1618 4517 1837 4578 patrem,

1933 3323 2127 3362 memor
2168 3319 2300 3363 esset
2330 3324 2346 3363 :
2376 3325 2537 3378 neque
2574 3310 2712 3365 enim
2757 3318 2960 3380 poterat
3004 3313 3082 3366 uir
3117 3310 3207 3366 ille
3229 3308 3399 3366 irasci
3427 3312 3515 3385 qui

1932 3402 2270 3456 contumelias
2297 3401 2630 3473 despiciebat,
2659 3411 2707 3456 et
2740 3403 2864 3459 odia
2890 3402 3101 3459 vitabat.
3132 3402 3430 3477 Numquam
3459 3406 3516 3460 in

1926 3496 2127 3566 judicio
2140 3498 2253 3551 sine
2276 3497 2634 3552 misericordia
2656 3498 2809 3559 sedit,
2833 3499 2956 3569 quia
2987 3507 3198 3553 noverat
3225 3499 3516 3555 misericor-

1933 3590 2074 3642 diam
2103 3589 2363 3644 mliorem
2390 3606 2502 3643 esse
2520 3605 2673 3662 quam
2691 3590 3008 3658 sacrificium
3030 3588 3187 3660 (Osce
3208 3607 3280 3657 vr,
3304 3589 3389 3659 6);
3416 3594 3518 3647 mi-

1934 3680 2218 3736 sericordia
2264 3681 2578 3736 vestiendum
2613 3697 2724 3736 csse
2752 3698 2903 3736 omne
2929 3679 3345 3738 Christianorum
3379 3684 3518 3753 judi-

1936 3772 2090 3833 cium.
2120 3774 2321 3827 dicente
2360 3772 2636 3828 venerabili
2676 3774 2949 3846 Scriptura
2978 3789 3002 3829 .'
3027 3773 3443 3832 Misericordia»:
3469 3777 3519 3830 et

1930 3865 2187 3936 judicium
2208 3866 2428 3921 cantabo
2463 3865 2571 3932 tibi,
2614 3865 2838 3922 Domine
2867 3867 3031 3937 (Psal.
3061 3884 3115 3934 c,
3144 3867 3221 3940 I).
3250 3866 3519 3924 Justitiam

1937 3973 2133 4028 quoque
2151 3959 2281 4013 uotis
2302 3954 2680 4027 benignioribu
2705 3957 3058 4030 temperabat:
3078 3959 3247 4015 sciens
3274 3960 3522 4032 quoniam

1941 4048 2170 4117 Spiritus
2228 4057 2439 4103 sanctus
2484 4058 2732 4119 quantum
2770 4046 3001 4122 ωσιιίωή
3027 4058 3080 4105 et
3112 4048 3333 4120 iustitia
3359 4052 3522 4124 favet,

1942 4149 2141 4194 ttmtum
2161 4141 2268 4194 suis
2296 4140 2520 4217 gratiam
2539 4140 2745 4209 pietatis
2770 4140 3020 4214 benignus
3043 4141 3309 4216 indulget:
3333 4151 3384 4198 et
3405 4141 3523 4199 ideo

1941 4228 2146 4285 tenebat
2172 4233 2398 4304 rigorem
2433 4233 2490 4287 in
2517 4233 2902 4288 examinatione
2934 4232 3193 4305 justitic,
3228 4234 3522 4290 misericor-

1942 4321 2085 4377 diam
2111 4330 2281 4378 autem
2327 4322 2723 4395 in‘deﬁnitione
2758 4326 3027 4381 sententia:
3051 4324 3363 4397 proferebat.
3407 4325 3525 4403 "_0

1943 4414 2298 4472 admirabilem
2324 4417 2508 4481 virum,
2539 4426 2690 4487 atque
2709 4416 2940 4473 omnium
2966 4420 3205 4474 virtutum
3240 4419 3394 4475 laude
3413 4418 3525 4475 ceu-

1944 4509 2194 4565 sendum!
2237 4509 2339 4565 llic
2385 4515 2576 4564 etenim
2602 4510 2828 4566 omnium
2856 4513 3271 4579 patriarcharum
3292 4514 3529 4585 exempla

244 4597 468 4667 fratrem
494 4593 658 4650 simul
689 4603 746 4649 ct
790 4597 1094 4667 magistrum
1115 4607 1328 4653 vocant.
1378 4598 1530 4663 Quod
1552 4600 1598 4655 si
1627 4601 1692 4657 iis
1719 4601 1843 4670 quis
1874 4610 1920 4671 ι)
1948 4609 2170 4667 secutus,
2219 4602 2317 4673 fuit
2345 4600 2514 4670 ﬁdelis
2540 4610 2598 4655 ut
2637 4600 2930 4668 Abraham,
2978 4602 3221 4660 credulus
3243 4616 3300 4659 ut
3346 4604 3523 4669 Isaac.

245 4702 351 4743 nos
387 4697 552 4757 cogat
578 4687 824 4742 insistere
851 4695 905 4743 et
931 4686 1087 4743 fateri
1115 4675 1249 4745 duas
1282 4688 1350 4745 ad
1379 4689 1691 4748 Victricium
1720 4694 1843 4764 epi-

244 4767 435 4835 stolas.
446 4777 517 4832 ab
542 4778 853 4849 episcopatu
878 4776 1087 4833 Paulini
1117 4777 1279 4835 fuisse
1305 4781 1532 4853 scriptas
1550 4823 1567 4848 ,
1595 4790 1718 4856 post
1739 4800 1840 4840 an-

248 4886 380 4926 num
407 4867 516 4924 409
544 4868 701 4925 facile
727 4870 1165 4936 collocabantur;
1193 4872 1417 4928 alteram
1461 4873 1623 4941 enim,
1648 4875 1717 4931 ad
1744 4890 1845 4932 nn-

249 4978 382 5021 num
415 4961 527 5019 509
552 4962 837 5020 retulimus
861 4977 933 5019 ex
969 4964 1199 5035 simplici
1228 4966 1510 5021 dumtaxat
1558 4982 1680 5023 cum
1723 4969 1841 5039 epi-

250 5055 391 5112 stola
430 5053 645 5110 decima
688 5054 917 5126 septima
957 5057 1374 5127 convenientia,
1415 5067 1472 5113 ct
1506 5059 1729 5115 alteram
1769 5060 1839 5116 ad

253 5161 459 5203 unum
480 5144 587 5201 404
608 5154 833 5218 propter
862 5152 1076 5218 tempus
1102 5148 1373 5217 inscripta:
1414 5150 1657 5221 epistolte
1684 5151 1841 5208 Inno-

255 5240 420 5297 centii
446 5254 574 5310 qum
600 5239 712 5309 agit
742 5239 810 5295 de
837 5239 1033 5297 itinere
1059 5241 1299 5298 Victricii
1346 5241 1571 5299 Romam
1589 5286 1605 5310 ,
1635 5253 1689 5300 et
1714 5245 1842 5318 quia

256 5328 515 5387 Paulinus
541 5332 595 5387 in
616 5329 849 5402 epistola
887 5346 986 5387 sua
1033 5330 1260 5389 Romam
1307 5334 1473 5388 etiam
1505 5335 1717 5392 venisse
1748 5336 1842 5392 Vi-

258 5423 503 5478 etricium
540 5422 775 5489 asSerit,
826 5436 934 5493 quo
981 5423 1114 5479 duas
1157 5424 1625 5494 peregrinationes
1668 5430 1847 5499 potuit

1917 4702 1926 4710 '
1947 4692 2198 4764 benignus
2223 4702 2281 4746 ut
2305 4691 2493 4762 Iacob,
2536 4694 2809 4766 nutuiﬁcus
2835 4693 3326 4764 ut'llelcltisedeclt,
3356 4698 3531 4771 prori-

1947 4784 2044 4840 dus
2063 4792 2119 4839 ut
2153 4783 2373 4855 Ioseph,
2401 4800 2573 4855 rapax
2595 4794 2654 4840 ut
2670 4783 3006 4863 'Benjamin:
3034 4790 3209 4860 rapuit
3233 4791 3372 4845 enim
3397 4788 3530 4845 divi-

1917 4889 1921 4893 ‘
1948 4876 2104 4947 tibus,
2149 4885 2200 4932 et
2228 4875 2536 4949 pauperibus
2562 4880 2817 4951 erogavit;
2847 4888 2899 4935 et
2945 4890 3117 4937 tamen
3140 4882 3259 4955 plus
3286 4882 3531 4939 diuitibus

1949 4984 2102 5034 quam
2127 4967 2438 5041 pauperibus
2479 4969 2740 5042 profuisse
2774 4972 3118 5044 cognoscitur,
3142 4967 3263 5045 quia
3289 4967 3531 5047 pauperi-

1950 5061 2048 5115 bus
2068 5059 2121 5116 in
2173 5060 2269 5116 hoc
2294 5062 2466 5117 secqu
2511 5064 2729 5134 profuit,
2756 5064 2999 5120 diuitibus
3035 5074 3207 5121 autem
3253 5067 3310 5123 in
3356 5068 3531 5140 futuro

1949 5155 2189 5225 providit.
2220 5153 2340 5225 ipse
2365 5156 2527 5212 etiam
2557 5164 2584 5193 °
2599 5157 2951 5215 moribundus
2970 5166 3297 5229 asportatam
3320 5175 3350 5214 a
3370 5160 3533 5233 longe

1947 5248 2252 5318 pecuniam,
2278 5262 2441 5318 quam
2464 5249 2577 5321 89
2601 5249 2957 5322 eleemosynis
2984 5250 3338 5323 impenderet,
3371 5268 3531 5311 acce-

1948 5343 2048 5411 pit.
2076 5340 2274 5398 Fateor
2298 5342 2547 5413 equidem
2574 5350 2820 5399 antorem
2847 5343 2923 5400 illi
2954 5342 3116 5400 fuisse
3145 5341 3531 5418 Hieronymum

1951 5441 2010 5487 ut
2032 5432 2234 5489 alienas
2260 5432 2632 5506 elcemosynas
2675 5433 3072 5491 distribuendas
3097 5436 3319 5491 minime
3364 5436 3535 5493 susei-

261 5645 282 5670 _
324 5587 500 5670 gvm.
550 5585 823 5670 caput},
850 5601 913 5670 tt.
938 5548 1259 5670 ιη’ξιᾼεε.
1294 5588 1487 5670 Linde
1508 5588 1753 5670 σίν..ῡᾴ
1778 5634 1795 5662 ,
1825 5612 1848 5651 ε

1928 5596 1996 5670 [0.
2078 5595 2255 5670 οδω.
2287 5611 2405 5670 cap.
2433 5594 2617 5670 filim
2646 5596 2702 5670 fi.
2756 5595 2802 5670 id
2844 5597 3068 5670 Paulin._
3096 5613 3184 5670 ep.
3217 5597 3321 5666 50,
3353 5616 3409 5656 ιι.
3443 5599 3534 5660 18.

266 5668 289 5698 ο
319 5659 449 5734 aug.
480 5678 570 5734 ep.
599 5657 726 5734 ut},
761 5657 929 5734 in_t_.it_.
992 5658 1029 5734 ξ
1056 5657 1234 5734 (ibim:

1531 5672 1583 5738 _s
1621 5658 1892 5738 Pauliep.
1924 5666 1992 5722 37
2019 5674 2077 5738 et
2098 5664 2192 5738 18,
2216 5668 2269 5722 in
2290 5658 2372 5723 tit'.
2451 5666 2475 5702 ³³
2635 5666 2724 5735 45,
2755 5669 2808 5723 in
2836 5671 2916 5723 tit.

2999 5671 3015 5708 ί
3051 5668 3272 5725 Disserl.
3304 5670 3360 5736 4,
3384 5678 3423 5726 1.
3441 5671 3530 5738 ιν,

266 5668 289 5698 ο
319 5660 449 5733 Aug.
480 5678 570 5734 ep.
599 5660 726 5727 H9,
761 5660 816 5713 in
1010 5660 1029 5699 ί
1056 5660 1234 5716 (ibim.
1353 5660 1508 5737 153._
1557 5672 1583 5711 ε
1621 5660 1848 5736 PauLe]

258 5745 306 5814 ρ.
415 5735 472 5814 ‘1'
681 5731 723 5786 Ι.
760 5727 1108 5814 ιβιψιρεί,
1140 5746 1190 5787 c.
1226 5732 1311 5814 i_.
1386 5730 1417 5814 ν¹ί
1434 5731 1569 5814 yid.
1601 5734 1845 5814 cap._-15,

1928 5666 1992 5722 57
2019 5674 2077 5722 et
2105 5664 2192 5734 l8,
2216 5668 2269 5722 in
2290 5660 2372 5723 tit'.
2451 5666 2475 5702 ἰ
2501 5666 2600 5738 Ep.
2635 5666 2724 5735 45,
2755 5669 2808 5723 in
2836 5671 2916 5723 tit.
2999 5671 3015 5708 ί
3051 5660 3272 5725 Dissert.
3304 5660 3360 5736 4,
3384 5671 3530 5738 LIV,

1956 5738 2017 5806 3;
2048 5736 2138 5802 44,
2169 5754 2222 5792 ιι.
2255 5738 2306 5804 1,
2338 5746 2442 5795 etc.
2526 5735 2540 5777 ¹
2569 5736 2824 5810 Paul.ep.
2849 5738 2937 5808 49,
2961 5755 3016 5796 n.
3043 5738 3128 5795 14.
3203 5747 3243 5778 ι·
3277 5738 3444 5797 lirari.
3464 5743 3535 5803 du

252 5802 376 5864 Obit.
410 5799 632 5865 Pauliti.
666 5818 728 5857 η.
771 5799 826 5852 6.
903 5809 930 5837 π·
960 5799 1126 5858 Uran.
1160 5821 1214 5858 ιι.
1249 5803 1299 5858 Ἰ.
1379 5813 1403 5839 ο
1432 5802 1598 5871 ibid,
1628 5799 1685 5860 ιιῖ
1718 5805 1769 5861 4.
