4000 6410
634 237 736 294 119

626 353 846 409 minime
870 358 1124 414 accedere
1154 362 1336 418 valuit.
1369 365 1502 421 Cum
1527 379 1701 424 autem
1727 371 1922 429 indicta
1944 379 2196 448 synodus,

625 441 817 500 Eulalii
844 453 1164 516 temeritate,
1191 454 1375 512 fuisset
1394 458 1715 528 intermissa,
1740 479 1841 520 nec
1867 467 1934 521 ad
1957 468 2204 526 effectum

622 535 877 604 perducta
907 549 956 606 ει,
987 543 1271 598 concilium
1303 549 1617 605 translatum
1641 562 1724 608 est
1744 553 1948 625 Spoleti
1973 561 2208 617 maximo

622 639 845 681 numero
865 628 1166 687 habendum
1190 633 1363 692 idibus
1379 637 1540 694 Junii.
1571 639 1715 698 idem
1745 643 1773 683 δ
1803 645 2073 705 Honorius
2099 652 2206 706 im-

619 722 864 783 perator,
889 734 983 774 seu
1006 723 1186 790 potius
1205 725 1346 782 illius
1373 742 1659 796 germanus
1682 745 1704 772 °
1733 732 2078 795 Constantius
2101 739 2205 797 Pa-

618 806 830 877 tricius,
882 813 1044 868 rebus
1086 815 1294 886 imperii
1323 822 1636 891 prmfectus,
1675 823 1954 884 Paulinum
1994 834 2204 900 rogavit

618 905 678 951 ut
705 899 891 956 venire
940 901 1272 974 dignaretur,
1327 919 1382 964 et
1427 911 1628 969 idcirco
1672 917 1739 970 ad
1789 911 1912 972 eum
1941 918 1966 957 ἀ
1995 899 2202 979 litteras

613 994 930 1048 reverentia:
951 995 1136 1064 plenas
1161 998 1328 1070 dedit,
1358 1017 1424 1057 ex
1451 1005 1644 1074 quibus
1671 1017 1885 1078 quantte
1905 1013 2045 1082 apud
2074 1029 2199 1071 eum

611 1081 986 1141 :estimationis
1031 1091 1324 1161 quantique
1350 1096 1524 1150 meriti
1555 1095 1716 1153 fuerit
1745 1081 1996 1158 Paulinus
2018 1106 2199 1177 colligi

609 1180 806 1242 potest.
847 1173 981 1230 Eum
1019 1180 1194 1248 primo
1234 1193 1478 1241 sanctum
1506 1186 1569 1243 ac
1601 1193 1959 1248 venerabilem
1987 1173 2194 1268 patrem

609 1265 868 1334 appellat,
893 1275 949 1322 et
968 1267 1162 1326 deinde
1181 1270 1401 1329 dilatum
1426 1281 1708 1348 propterea
1733 1283 1861 1338 dicit
1888 1265 2192 1354 concilium,

607 1354 775 1422 quod,
807 1357 1031 1416 absente
1073 1361 1413 1436 illo‘propter
1441 1369 1888 1440 invaletudinem,
1920 1378 2194 1434 existima-

606 1455 720 1502 tum
748 1448 820 1510 sit
861 1443 995 1509 nihil
1039 1469 1201 1523 posse
1245 1457 1474 1516 deliniri.
1533 1461 1774 1533 Epistula
1817 1475 1996 1523 autem
2027 1471 2104 1527 sic
2131 1486 2192 1528 se

608 1535 770 1605 habet
800 1541 965 1610 petita
994 1557 1060 1597 ex
1089 1545 1280 1603 codice
1315 1547 1576 1608 Vaticano
1598 1569 1702 1610 ms.
1733 1557 1871 1626 apud
1901 1557 2189 1618 Baronium

603 1627 747 1686 anno
781 1629 908 1700 419,
941 1636 967 1706 §
999 1640 1086 1690 20.

639 1778 642 1783 '
667 1773 778 1847 93
795 1774 1012 1833 Sancto
1037 1798 1104 1836 ac
1125 1781 1401 1838 venerabili
1431 1783 1581 1842 Patri
1604 1786 1827 1846 Paulino
1855 1793 2111 1866 episcopo.

667 1872 892 1932 Tantum
919 1881 1020 1950 fuit
1046 1880 1187 1949 apud
1219 1899 1316 1938 nos
1345 1895 1484 1938 certa
1524 1888 1739 1943 scientia
1769 1891 1876 1961 (Al.
1907 1898 2185 1968 sententia)

585 1969 716 2024 nihil
743 1968 818 2022 ab
848 1970 929 2026 his
969 1974 1320 2032 sacerdotibus
1349 1978 1438 2050 qui
1471 1979 1540 2033 ad
1563 1983 1818 2052 synodum
1841 2000 2190 2043 convenerant

582 2071 751 2126 posse'
769 2061 998 2133 deﬁniri,
1029 2082 1143 2120 cum
1182 2066 1456 2126 Beatitudo
1483 2081 1572 2126 tua
1601 2074 1665 2128 de
1692 2081 1924 2147 corporis
1951 2076 2186 2152 ina-qua-

582 2148 726 2203 litate
759 2150 1005 2221 causata,
1051 2159 1252 2213 itineris
1296 2177 1399 2215 non
1429 2166 1597 2232 potuit
1624 2165 1872 2237 injuriam
1907 2171 2182 2230 sustinere.

581 2239 651 2296 Et
682 2257 893 2320 prapter
933 2249 1220 2306 absentiam
1249 2256 1418 2308 sancti
1446 2258 1541 2311 uiri
1568 2274 1671 2313 non
1713 2261 2173 2331 quidemobtentu:

585 2353 680 2403 ra;
710 2339 918 2395 interim
959 2351 1129 2398 tamen
1159 2346 1283 2400 vitia
1309 2350 1658 2417 gratulantur,
1688 2366 1802 2406 cum
1829 2371 1990 2424 prava
2017 2363 2068 2409 et
2096 2373 2182 2412 ue-

583 2439 664 2483 tus
693 2431 909 2488 ambitio
933 2441 984 2487 et
1010 2451 1128 2488 cum
1155 2433 1421 2492 benedicta
1460 2440 1568 2494 viro
1613 2443 1908 2516 sanctaque
1949 2445 2066 2503 vita
2092 2449 2182 2503 diu

583 2522 918 2578 uelit/labere
942 2531 1222 2591 certamen,
1264 2537 1322 2581 ut
1357 2539 1539 2584 contra
1565 2531 1676 2586 haec
1703 2536 2004 2605 apostolica
2026 2539 2182 2594 insti-

582 2613 794 2668 tutionis
840 2614 974 2670 bona
1005 2618 1067 2671 de
1093 2620 1387 2688 prwsumtis
1430 2637 1524 2692 per
1561 2625 1660 2678 vim
1685 2625 1968 2696 parietibus
1994 2631 2181 2686 existi-

580 2711 681 2756 met
708 2705 1092 2775 conﬁdendum.
1138 2705 1183 2760 0
1213 2725 1329 2764 tere
1372 2711 1532 2783 digna
1569 2729 1730 2768 causa
1774 2733 1927 2788 quam
1971 2722 2180 2777 nonnisi

579 2812 787 2852 curante
817 2807 918 2853 tua:
947 2799 1098 2854 beata
1128 2801 1232 2856 vita
1273 2801 1548 2875 designat!
1576 2803 1810 2862 Dilatum
1837 2809 2009 2881 itaque
2026 2813 2178 2883 judi-

577 2885 712 2940 cium
731 2889 1052 2955 nuntiamus,
1073 2898 1128 2943 ut
1155 2890 1329 2945 divina
1349 2901 1607 2965 praecepta
1625 2912 1691 2950 ea:
1712 2900 2063 2956 venerationis
2075 2911 2182 2958 tua!

575 2998 666 3036 ore
687 2993 1014 3052 premantur,
1037 2986 1123 3056 qui
1145 3002 1208 3040 ea
1230 2996 1433 3040 secutus
1461 2987 1682 3056 iiuplesti
1703 3005 1722 3044 :
1743 3007 1835 3045 nec
1853 3003 2020 3062 potest
2039 2996 2174 3052 alius

573 3087 751 3127 eorum
775 3086 1149 3146 prwceptorunt
1186 3077 1322 3134 lator
1349 3081 1629 3147 exsistere,
1669 3100 1820 3153 quam
1849 3087 1934 3157 qui
1981 3087 2170 3161 dignus

571 3160 869 3238 apostolicis
899 3169 1187 3240 disciplinis
1231 3180 1310 3227 est
1355 3173 1693 3244 approbatus.
1734 3160 2169 3248 Specialiterita-

571 3269 702 3330 que,
725 3259 935 3317 domine
960 3275 1158 3330 sancte,
1198 3266 1382 3319 merito
1425 3265 1730 3321 venerabilis
1770 3278 1954 3338 pater,
1995 3272 2170 3343 justus

571 3349 669 3404 Dei
706 3351 956 3425 famulus,
985 3354 1215 3409 divinam
1241 3371 1393 3425 opus,
1419 3365 1675 3412 contemta
1703 3357 1896 3427 labore,
1925 3361 2168 3428 tributum

568 3446 667 3496 hoc
697 3442 846 3500 nobis
872 3443 1180 3500 uisitationis
1211 3457 1331 3515 tum,
1361 3449 1408 3502 si
1449 3450 1526 3503 ita
1555 3449 1827 3506 dicendum
1856 3464 1956 3522 est,
1981 3472 2167 3511 munus

567 3533 779 3606 indulge
800 3549 819 3587 :
848 3542 906 3590 ut
931 3536 1230 3606 postpositis
1256 3539 1492 3594 omnibus
1511 3581 1529 3610 ,
1554 3552 1800 3612 quantum
1830 3549 2166 3616 temperantia

565 3626 648 3681 liis
695 3635 748 3680 et
793 3628 1144 3698 tranquillitas
1185 3629 1574 3700 suﬂ'ragant‘ur,
1617 3635 1816 3705 synodo
1841 3639 2161 3708 profuturus,

555 3717 678 3771 sine
705 3718 1112 3786 intermissione,
1151 3721 1310 3775 etiam
1339 3721 1609 3778 desideriis
1637 3727 1828 3780 nostris
1855 3736 1906 3780 et
1952 3727 2165 3784 benedi-

565 3808 723 3865 ctioni
749 3825 906 3878 quam
931 3811 1190 3879 cupimus.
1225 3822 1271 3865 te
1294 3823 1546 3880 prtcstare
1572 3814 1836 3887 dignerisa

637 3898 719 3954 An
757 3897 1015 3955 Paulinus
1058 3901 1126 3956 ad
1153 3903 1442 3958 concilium
1469 3919 1696 3975 pergere
1723 3909 1974 3964 statuerit
2000 3909 2162 3980 plane

563 3992 880 4060 ignoramus
909 4007 923 4045 :
958 4006 1144 4046 verum
1174 3993 1304 4047 illud
1335 3994 1441 4050 iter
1468 4011 1576 4050 non
1605 3999 1865 4068 suscepit,
1894 4000 2157 4070 siquidem

560 4085 794 4156 septimo
841 4085 960 4141 idus
1006 4085 1201 4157 Aprilis
1251 4100 1275 4127 ε
1315 4098 1486 4146 totum
1529 4094 1802 4161 negotium
1844 4096 1952 4153 alio
1995 4099 2159 4157 modo

563 4186 906 4234 consumtum
935 4187 1039 4235 est.

970 4339 1105 4378 nso
1133 4341 1342 4381 castsrt
1371 4324 1466 4380 421
1502 4343 1602 4382 νει.
1627 4328 1751 4383 424.

631 4436 684 4492 2.
726 4436 809 4492 Ab
829 4452 971 4493 anno
999 4436 1106 4490 519
1127 4438 1194 4494 de
1220 4439 1276 4495 S.
1301 4439 1524 4496 Paulino
1546 4443 1678 4498 nihil
1706 4443 1944 4500 historia:
1965 4446 2154 4516 prodl~

593 4543 675 4582 'im
704 4536 789 4582 est
813 4543 982 4599 usque
1005 4529 1072 4582 ad
1093 4545 1296 4584 annum
1321 4529 1446 4596 421,
1467 4547 1578 4602 quo
1600 4531 1657 4587 S.
1686 4534 2013 4602 Augustinus
2043 4535 2063 4574 ί
2084 4538 2154 4593 ad

557 4638 683 4678 cum
711 4638 811 4695 per
837 4623 1210 4695 presbyterum
1252 4623 1640 4682 Candidianum
1681 4631 1827 4686 misit
1870 4631 2060 4689 librum
2088 4634 2154 4690 de

559 4715 696 4772 (ἔτισα
723 4716 948 4791 gerenda
973 4733 1067 4787 pro
1093 4720 1326 4773 mortuis.
1360 4714 1494 4773 Eum
1522 4721 1787 4790 prolixum
1816 4723 1951 4780 fecit
1969 4725 2150 4796 Augu-

556 4811 732 4865 stinus
755 4824 942 4865 amore
969 4809 1168 4866 diutius
1189 4811 1442 4878 loquendi
1469 4829 1590 4869 cum
1615 4816 1857 4883 Paulino,
1888 4817 2147 4888 illumque

554 4900 770 4971 scripsit
814 4901 957 4956 circa
986 4916 1184 4957 annum
1213 4901 1308 4956 421
1340 4903 1425 4958 vel
1473 4920 1579 4959 non
1624 4908 1796 4963 serius
1841 4925 1984 4964 anno
2018 4910 2142 4967 424.

555 4992 838 5048 Paulinum
860 4994 1104 5050 obsecrat
1133 4992 1458 5063 Augustinus
1485 5006 1543 5052 ut
1569 4999 1865 5055 rescribere
1893 5001 2142 5072 dignetur

552 5087 824 5158 quomodo
868 5088 1012 5144 hunc
1059 5088 1252 5144 librum
1295 5090 1584 5160 acciperet.
1631 5091 1712 5148 Ad
1741 5093 1854 5152 haec
1897 5107 2142 5167 tempora

549 5181 804 5235 convenit
830 5178 1031 5235 referre
1055 5181 1438 5236 commercium
1466 5183 1611 5252 quod
1637 5183 1860 5241 Paulino
1888 5203 2012 5242 cum
2042 5186 2144 5242 Le-

550 5272 856 5328 rinensibus
880 5271 1157 5326 monachis
1185 5280 1241 5328 et
1268 5271 1523 5328 solitariis
1553 5279 1872 5332 intercessit.
1899 5277 2030 5333 Data
2061 5287 2145 5336 est
2176 5314 2180 5317 -

548 5375 727 5418 autem
757 5365 872 5421 haec
899 5365 1127 5436 epistola
1151 5375 1172 5410 ς
1197 5380 1227 5419 a
1258 5363 1486 5421 Paulino
1509 5365 1622 5435 jam
1651 5369 1906 5441 episcopo
1935 5370 2142 5428 Nolano

621 5495 644 5519 λ
676 5481 876 5538 Balkan.
909 5499 999 5538 an.
1031 5482 1135 5537 “9
1157 5524 1172 5548 ,

542 5570 783 5632 ger._pro
822 5553 1142 5632 mortuis,'_c._
1167 5553 1288 5632 iet
1313 5555 1397 5632 id.
1479 5569 1504 5605 κ
1531 5553 1740 5632 Paulih.
1773 5565 1860 5632 ep.
1891 5562 1980 5618 5i.

601 5626 757 5694 una,
790 5641 842 5679 η.
886 5626 938 5682 3.
1027 5623 1228 5693 Itum,
1262 5642 1316 5679 η.
1356 5626 1405 5680 t.

541 5696 778 5762 Puulin.,
805 5713 859 5751 n.
882 5695 936 5750 4.

1638 257 1694 312 S.
1737 259 2077 321 PAULINIIS
2116 268 2435 330 NOLANUS
2476 277 2866 342 EPISCOPUS.

1207 5485 1235 5556 §
1266 5482 1352 5538 20.
1433 5485 1462 5525 δ
1491 5486 1648 5557 lbid.,
1670 5492 1702 5574 ,ᾗ
1723 5488 1816 5567 24.
1894 5503 1917 5532 ε
1947 5492 2168 5619 Νόηὲ

1232 5562 1288 5609 et
1313 5555 1397 5607 18.
1479 5569 1504 5605 κ
1531 5559 1740 5619 Paulm.
1773 5578 1860 5619 en.
1891 5562 1980 5618 5i.
2063 5566 2088 5600 ιι
2162 5565 2193 5618 Ιι

3790 309 3904 365 im

2229 385 2274 442 Α
2305 390 2371 442 ad
2399 391 2720 452 Eucherium
2755 403 2989 459 nondum
3018 409 3348 482 cpisc0pum,
3382 419 3714 479 cumadhuc
3743 421 3901 480 Len-

2307 575 2371 633 ad
2398 578 2730 640 Arelatensis
2777 584 3031 646 Ecclesia:
3076 596 3439 668 episcopatum
3464 575 3754 662 assumtus
3783 618 3895 664 est.

2302 667 2472 725 Nemo
2500 676 2672 730 nescit
2697 677 2754 734 S.
2782 679 3136 753 Honoratum,
3167 667 3414 748 abdicata
3431 697 3594 753 seculi
3624 701 3898 767 vanitate,

2304 761 2358 815 iu
2405 763 2632 821 insulam
2682 769 2934 829 Larinum
2976 777 3030 831 in
3059 794 3154 835 ora
3185 785 3472 850 provincia:
3499 791 3768 846 maritima
3797 809 3896 847 se-

2302 857 2544 922 cessisse,
2577 860 2757 930 ibique
2793 870 3174 926 monasterium
3206 873 3481 945 fundasse,
3509 882 3654 950 quod
3689 884 3899 942 deinde

2301 946 2714 1007 celeberrimum
2741 953 2938 1013 factum
2967 969 3070 1018 est.
3094 964 3153 1018 S.
3180 963 3495 1036 Eucherius,
3518 946 3708 1043 postea
3739 973 3896 1046 Lug-

2301 1035 2558 1096 dunensis
2581 1046 2825 1116 antistes,
2846 1046 2872 1086 ιι
2893 1066 3014 1106 cum
3043 1053 3320 1114 Paulinum
3352 1062 3404 1116 in
3431 1065 3620 1121 eodem
3644 1069 3772 1123 vitae
3799 1071 3896 1126 in-

2297 1129 2486 1186 stituto
2531 1132 2720 1192 fuisset
2762 1138 3030 1212 imitatus,
3061 1161 3182 1202 cum
3228 1148 3380 1206 Galla
3411 1156 3637 1226 conjuge
3679 1160 3898 1230 pariter

2280 1220 2352 1296 .in
2381 1221 2573 1279 Lerum
2604 1228 2830 1285 insulam
2859 1237 3101 1299 recessit,
3131 1253 3252 1308 qua:
3280 1242 3440 1299 hodie
3468 1220 3530 1302 S'.
3571 1220 3897 1321 ilargarite

2293 1316 2480 1370 insula.-
2522 1319 2682 1386 vulgo
2719 1335 3059 1395 nuncupatur
3085 1326 3280 1388 Lerino
3319 1339 3585 1404 proxime,
3611 1339 3768 1395 brevi
3799 1341 3892 1396 in-

2293 1403 2515 1473 terjecta
2561 1413 2724 1466 maris
2771 1431 2922 1485 rupe.
2964 1416 3100 1474 Hinc
3133 1418 3147 1458 ί
3182 1403 3445 1492 quosdam
3490 1428 3556 1482 ad
3596 1430 3892 1488 Paulinum

2290 1497 2615 1556 visitandum
2643 1505 2788 1561 misit
2815 1506 3140 1578 Eucherius,
3183 1516 3274 1585 qui
3303 1519 3518 1589 quidem
3546 1538 3671 1578 cum
3697 1523 3891 1580 divina

2291 1589 2459 1654 gratia
2507 1593 2607 1648 sibi
2652 1595 2878 1654 invicem
2927 1602 3309 1674 inuotuissent,
3357 1615 3586 1670 connexi
3627 1625 3756 1671 sunt
3783 1631 3892 1688 pet

2281 1679 2493 1737 aviscera
2522 1686 2760 1743 caritatis
2789 1690 3005 1748 Christi.
3037 1693 3140 1751 Per
3166 1697 3334 1757 hosce
3365 1703 3513 1760 viros
3557 1705 3626 1760 ab
3669 1679 3891 1764 Euche-

2218 1759 2263 1818 Β
2291 1772 2370 1828 rio
2399 1775 2591 1832 missos
2616 1779 2793 1837 locum
2821 1783 3167 1846 habitationis
3212 1791 3354 1850 illius
3380 1795 3540 1856 simul
3567 1805 3624 1853 et
3651 1815 3890 1856 venera-

2289 1866 2412 1923 bilis
2440 1869 2700 1929 Honorati
2729 1881 2944 1946 agnovit
2975 1881 3238 1941 Paulinus-
3261 1905 3279 1940 τ
3307 1889 3446 1946 unde
3473 1893 3670 1962 conjici
3696 1904 3889 1964 potest

2287 1956 2620 2019 Honoratum
2661 1965 2714 2021 in
2755 1967 2996 2028 Ecclesia
3024 1975 3261 2033 nondum
3289 1981 3554 2037 celebrem
3583 1991 3713 2042 tunc
3743 1987 3887 2043 fuis-

2287 2067 2364 2107 se.
2396 2051 2652 2125 Epistola,
2683 2047 2854 2131 quani
2873 2064 3019 2121 haud
3047 2069 3208 2124 dhhie
3229 2071 3286 2127 S.
3309 2071 3564 2130 Paulinus
3587 2083 3719 2134 tunc
3742 2085 3889 2137 tem--

2284 2143 2432 2212 poris
2459 2147 2524 2200 ad
2552 2146 2873 2208 Eucherium
2902 2156 3128 2227 direxit,
3160 2163 3455 2220 intercidit.
3481 2167 3564 2222 An
3593 2168 3663 2224 ad
3693 2168 3888 2227 Hono-

2283 2245 2460 2292 ratum
2505 2249 2631 2298 tunc
2675 2245 2950 2316 scripserit
2991 2257 3101 2307 noh
3147 2266 3483 2328 compertum
3531 2267 3634 2316 est.
3674 2260 3884 2317 Verum

2284 2325 2594 2388 Honoratus
2638 2332 2654 2386 ἰ
2705 2351 2848 2393 anno
2890 2340 3192 2411 insequenti
3235 2325 3579 2406 S..Euchcrii
3609 2353 3886 2423 exemplo

2283 2431 2604 2489 provocatus
2649 2433 2760 2482 tres
2801 2431 3088 2500 religiosos
3131 2435 3200 2492 de
3228 2449 3415 2495 sancto
3441 2444 3884 2512 congregationis

2281 2524 2388 2565 sua:
2434 2528 2660 2570 numero
2701 2516 2770 2572 ad
2799 2516 3078 2578 Paulinum
3114 2527 3432 2584 visitandum
3475 2532 3641 2588 misit.
3670 2527 3883 2592 Eorum

2277 2601 2668 2670 profectionem
2715 2608 2981 2677 ignoravit
3011 2613 3037 2652 ¹ι
3065 2615 3382 2687 Eucherius,
3412 2621 3523 2693 95
3564 2623 3750 2693 itaque
3780 2640 3883 2695 per

2277 2691 2416 2749 hanc
2443 2706 2800 2765 opportunam
2829 2705 3167 2762 occasionem
3195 2706 3418 2766 Paulino
3433 2691 3548 2767 non
3572 2691 3878 2786 rescripsit.

2284 2779 2299 2842 ι
2323 2782 2606 2850 Quomodo
2629 2796 2808 2846 tamen
2836 2793 2882 2848 is
2905 2806 2964 2849 se
2988 2795 3211 2853 haberet
3229 2800 3458 2873 sollicite
3483 2803 3550 2858 ab
3578 2803 3664 2859 his
3681 2779 3880 2862 scisci-

2275 2880 2419 2931 tatus
2447 2885 2528 2932 est
2563 2877 2837 2948 Paulinus,
2877 2892 3058 2956 et'pcr
3097 2888 3235 2944 hanc
3265 2890 3637 2950 Lerinensium
3680 2902 3883 2952 Iliona.

2276 2967 2500 3024 chorum
2518 2977 2978 3042 opportunitatem
2997 2981 3035 3016 ιη
3060 2971 3329 3040 Eucherio
3350 2987 3540 3056 plenas
3563 2987 3880 3048 affectionis

2276 3066 2334 3114 et
2356 3062 2556 3118 amoris
2579 3064 2786 3121 litteras
2811 3069 2976 3138 misit,
3001 3071 3054 3126 in
3081 3074 3276 3144 quibus
3303 3092 3426 3132 eum
3456 3079 3708 3136 obsecrat
3739 3091 3804 3138 ut
3827 3085 3879 3148 si

2273 3150 2526 3224 deinceps
2556 3164 2582 3192 ⁸³
2601 3168 2974 3229 opportunam
3013 3173 3069 3221 et
3097 3182 3192 3238 per
3219 3168 3526 3240 hujusmodi
3553 3173 3879 3232 tabellarios

2270 3247 2609 3304 occasionem
2638 3251 2777 3308 Deus
2795 3253 3094 3326 donaterit,
3118 3264 3423 3321 rescribere
3447 3265 3736 3339 impigrum
3757 3287 3876 3328 non

2269 3335 2484 3404 habeat,
2509 3348 2572 3394 ut
2591 3343 2928 3402 solummodo
2948 3363 3046 3419 pro
3071 3351 3243 3419 gi'atia
3268 3335 3605 3413 familiarise
3631 3360 3875 3417 invicem

2266 3431 2630 3499 consolentur,
2659 3449 2783 3491 cum
2807 3445 3047 3495 ceterum
3071 3441 3140 3498 de
3167 3445 3333 3499 animi
3358 3446 3500 3502 illius
3523 3449 3766 3517 piissima
3790 3449 3876 3508 af.

2265 3516 2498 3575 lectione
2558 3524 2778 3581 minime
2839 3527 3129 3587 dubitaret.
3188 3532 3383 3591 Padcis
3447 3516 3646 3595 abhinc
3708 3543 3874 3600 annis

2263 3606 2516 3666 Cliil‘l‘letii
2558 3629 2695 3688 cura.
2738 3631 2806 3674 ex
2851 3619 3060 3676 duobus
3104 3639 3234 3680 mss.
3264 3626 3540 3684 codicibus
3584 3631 3639 3685 in
3688 3631 3873 3688 lucem

2263 3700 2463 3769 prodiit
2489 3702 2603 3758 hmo
2629 3706 2878 3775 epistola,
2904 3727 3066 3780 quam
3107 3729 3313 3771 merum
3352 3716 3639 3780 Paulinum
3668 3738 3874 3793 sapere

2263 3804 2426 3846 nemo
2447 3808 2556 3849 non
2583 3793 2839 3854 fatebitur
2874 3801 2966 3869 qui
2993 3804 3209 3872 genium
3237 3807 3354 3876 ejus
3381 3817 3437 3864 et
3457 3811 3734 3882 ingenium
3757 3830 3869 3875 no.

2261 3880 2333 3936 rit
2361 3901 2376 3937 :
2407 3883 2553 3940 illam
2580 3885 2910 3970 Paglinianis
2936 3896 3184 3986 epistolis
3221 3880 3548 3960 addidimus.
3587 3905 3725 3961 Eam
3755 3906 3873 3966 Eu-

2259 3973 2448 4032 cherio
2489 3987 2544 4033 et
2570 3978 2738 4037 Gallae
2776 3983 2893 4053 ejus
2916 3990 3070 4044 uxori
3100 3973 3342 4050 itiseribit
3371 3994 3658 4066 Paulinus,
3694 4010 3754 4071 et
3782 4012 3868 4058 ta-

2234 4082 2382 4124 .men
2412 4086 2512 4128 nec
2540 4073 2593 4128 in
2624 4077 2780 4131 titulo
2808 4095 2910 4136 nec
2953 4081 3006 4136 in
3049 4085 3278 4154 epistola
3322 4105 3553 4161 usquam
3582 4091 3868 4152 Therasiae

2258 4163 2505 4218 meminit
2535 4181 2550 4218 :
2580 4167 2725 4237 quod
2763 4169 2876 4238 jam
2921 4181 3050 4228 tunc
3090 4191 3211 4232 eam
3256 4179 3364 4236 vita
3409 4181 3578 4239 fuisse
3613 4181 3867 4244 functam

2255 4269 2367 4309 non
2387 4254 2503 4312 leve
2525 4270 2608 4312 est
2630 4269 3030 4330 argumentum;
3059 4276 3115 4320 et
3142 4267 3439 4328 decessisse
3462 4272 3695 4332 Paulino
3718 4276 3868 4334 The-

2255 4348 2454 4402 rasiam
2501 4365 2566 4404 ex
2613 4367 2681 4406 eo
2727 4353 3040 4424 conﬁcitur,
3084 4361 3227 4430 quod
3257 4361 3314 4417 S.
3348 4362 3558 4422 Paulini
3607 4369 3864 4434 ultimam

2255 4437 2624 4505 mgritudinem
2655 4451 2816 4513 atque
2845 4447 3050 4504 obitum
3089 4450 3402 4510 describens
3426 4464 3453 4493 °
3486 4456 3745 4528 Uranius,
3779 4462 3864 4530 ni-

2181 4504 2232 4564 θ
2257 4504 2331 4581 bil
2356 4527 2424 4583 de
2446 4526 2700 4586 Therasia
2720 4504 3142 4606 commemorat;
3165 4543 3251 4598 cui
3272 4549 3511 4614 certe,si
3529 4555 3657 4623 tum

2256 4618 2346 4674 illa
2379 4620 2617 4689 vixisset,
2647 4639 2712 4679 ex
2739 4629 3049 4686 more.hene
3075 4644 3327 4703 precatus
3349 4618 3545 4696 fuisset
3567 4639 3860 4714 Paulinus,

2252 4719 2308 4767 et
2335 4711 2533 4783 aliquid
2574 4716 2862 4774 carissimae
2904 4737 2972 4776 ex
3009 4725 3238 4796 conjuge
3279 4732 3456 4786 sorori
3483 4737 3778 4804 superstiti

2250 4809 2522 4869 posterum
2549 4808 2992 4866 commendasset.

2781 4969 2916 5006 uso
2944 4969 3152 5012 cuius"
3180 4958 3303 5015 151.

2847 5091 3075 5150 CAPUT
3099 5098 3226 5155 Llﬂ.

2432 5177 2612 5232 Santli
2639 5179 2852 5236 Paulini
2871 5197 3128 5243 extremus
3156 5193 3362 5250 morbus
3380 5206 3439 5263 et
3469 5197 3662 5258 obitus.

2325 5286 2375 5339 1.
2418 5289 2495 5342 Ad
2545 5289 2748 5348 Paulini
2799 5296 3011 5352 tandem
3065 5303 3271 5359 obitum
3320 5310 3646 5377 veniamus,
3699 5316 3867 5386 cujus

2254 5380 2615 5434 narrationem
2648 5384 2772 5438 l'ecit
2811 5389 3054 5446 oculatus
3086 5396 3254 5450 testis.
3285 5395 3496 5452 iamdiu
3532 5413 3556 5450 ρ
3591 5401 3864 5462 Paulinus

2200 5494 2288 5549 19.
2364 5494 2388 5533 δ
2418 5496 2574 5565 ibid.,
2600 5500 2626 5571 ς
2659 5500 2760 5556 20.
2827 5502 3011 5575 sitting,
3043 5509 3069 5578 §
3103 5511 3187 5563 36.
3271 5514 3290 5550 τ
3316 5516 3453 5583 Aug,
3487 5518 3582 5573 ιίιι,
3605 5520 3678 5576 (ιε
3709 5523 3860 5580 ειη»,

2200 5565 2373 5622 “lict.
2407 5584 2460 5622 n.
2491 5569 2577 5622 61.
2664 5577 2678 5609 ³
2716 5572 2923 5622 Pauli"-
2958 5595 3042 5622 ιιη-
3078 5579 3131 5622 Kl
3199 5599 3229 5622 η
3297 5585 3330 5622 θ
3435 5601 3444 5622 1
3488 5589 3602 5622 tum
3698 5612 3731 5622 ..
3807 5597 3830 5622 ,ι

2200 5583 2373 5626 triten.
2407 5584 2460 5637 p.
2491 5583 2577 5622 ut.

1487 5638 1524 5665 π’
1555 5631 1708 5699 ibid,
1755 5631 1818 5688 n.
1848 5633 1900 5688 2.
1982 5643 2007 5670 ¹²
2029 5634 2175 5701 Ibid,

2299 5637 2358 5692 5.
2410 5631 2458 5660 "
2487 5639 2663 5695 cnim.
2698 5643 2918 5713 p.215,
2963 5631 3010 5704 (εἰ
3055 5631 3160 5704 54⁷]
3196 5631 3443 5712 ’ἷιῖἑηηξ
3476 5631 3757 5719 timui;
3798 5631 3858 5721 ἐξ

2664 5577 2678 5609 ³
2716 5572 2923 5650 Paulin.
2958 5572 3160 5649 (ᾤδει.
3196 5599 3252 5638 n.
3297 5585 3348 5641 2.
3401 5572 3444 5636 ”]
3488 5572 3673 5647 llud:
