4000 6390
183 306 264 361 HI

1533 289 2072 349 PROLECOMENA.

3350 279 3456 346 1-2":

179 428 235 477 de
260 422 362 478 hoc
385 419 577 486 mundo
597 416 662 474 ad
681 415 909 475 cmleste
929 413 1294 474 habitaculum
1319 413 1535 468 evolare
1561 413 1749 483 cupie-
1779 411 1831 466 Α
1855 419 1962 463 tum
1990 426 2275 480 pauperum
2315 411 2496 464 solvat.
2525 409 2594 464 Et
2632 424 2783 479 ecce,
2808 425 2918 465 non
2947 410 3108 480 longa
3135 409 3455 482 interposita

177 516 258 572 hat
278 512 428 577 utibi
455 526 573 568 cum
595 507 797 566 sanctis
820 506 1048 567 haberet
1066 505 1427 573 mansionem,
1445 519 1567 568 eum
1592 513 1618 541 ι
1639 517 1758 573 gra-

178 607 383 663 vissimo
421 603 601 660 lateris
629 603 819 658 dolore
847 607 1118 671 gravatus,
1160 607 1216 656 et
1242 599 1297 656 in
1327 597 1584 660 extremis
1610 598 1760 669 posi-

178 712 272 767 tus,
299 714 366 755 ex
416 695 684 768 superﬂuo
727 694 1122 760 archiatrorum
1161 692 1415 752 mandato
1455 690 1759 746 ustionibus

179 793 332 850 multo
360 791 530 859 magis
556 789 807 856 fatigatus
836 794 936 842 est.
956 784 1154 841 Triduo
1177 793 1304 839 ante
1334 784 1474 839 illius
1501 783 1705 838 obitum
1731 780 1757 818 δ

177 883 273 936 duo
312 880 381 935 ad
426 895 550 934 eum
592 877 834 949 episcopi
864 875 1116 930 visitandi
1157 874 1340 941 studio,
1367 879 1758 940 convenerunt,

179 976 229 1029 S.
256 971 629 1044 Symmachus,
658 977 714 1026 et
752 967 1076 1024 benedictus
1104 965 1411 1037 Acindynus
1445 966 1526 1037 (ut
1546 962 1764 1020 Chime-

179 1069 271 1121 tius
296 1076 318 1105 ε
349 1063 626 1134 ingeniosa
663 1077 795 1118 sane
833 1059 1141 1130 conjectum
1169 1056 1406 1113 restituit
1433 1072 1499 1110 ex
1519 1055 1764 1110 lectione

180 1174 268 1214 ms.
296 1156 498 1214 codicis
522 1154 784 1222 Mediaei,
815 1167 935 1208 cum
973 1152 1024 1207 in
1053 1149 1286 1220 vulgatis
1309 1156 1468 1205 antea
1496 1147 1766 1216 legeretur

180 1248 474 1306 Benedictus
522 1245 929 1318 Hyacinthinus.
981 1241 1117 1298 Cum
1161 1250 1341 1296 autem
1379 1239 1405 1277 ά
1447 1253 1547 1294 nec
1593 1236 1764 1300 sancti

179 1338 479 1413 Symmachi
525 1353 626 1393 nec
663 1335 936 1399 benedicti
963 1333 1224 1404 Acindyni
1255 1331 1412 1387 sedes
1439 1327 1784 1399 expresserit.

184 1430 420 1496 Uranias,
453 1427 770 1498 conjectura
800 1435 887 1480 est
932 1439 1030 1478 eos
1072 1439 1103 1480 e
1148 1423 1343 1479 vicinia
1370 1420 1679 1484 advenisse,
1704 1433 1768 1476 ac

179 1523 325 1580 fuisse
353 1522 604 1578 fortassis
631 1527 878 1575 sanctum
903 1515 1288 1589 Symmachum
1319 1515 1634 1584 episcopum
1664 1510 1778 1566 Ca-

179 1630 420 1686 puanum,
444 1612 606 1682 cujus
627 1611 855 1667 nomine
879 1611 1060 1682 plures
1093 1615 1310 1664 exstant
1337 1604 1580 1662 ecclesiae
1604 1604 1658 1669 in
1687 1603 1769 1659 ci-

181 1707 327 1770 vitate
354 1715 408 1761 ct
436 1704 717 1776 provincia
757 1701 1013 1773 Capuana
1033 1743 1048 1766 ,
1078 1709 1136 1755 et
1161 1698 1315 1768 cujus
1357 1697 1673 1766 solemnitas
1702 1695 1768 1749 ad

1857 518 2044 570 mora,
2093 505 2363 573 ingressus
2409 510 2495 558 est
2537 503 3067 578 quidampresbyter
3107 503 3176 559 de
3203 501 3454 579 Lucaniae

1857 599 2102 670 partibus
2143 598 2382 662 veniens,
2433 598 2627 654 missus
2657 613 2687 652 a
2714 605 2903 653 sancto
2932 597 3187 668 episcopo
3215 595 3455 667 Exsupe-

1857 689 2036 744 rantio
2060 696 2116 744 et
2141 704 2172 744 a
2201 689 2318 744 viro
2344 689 2643 744 clarissimo
2669 689 2833 743 fratre
2869 687 2986 756 ejus
3018 685 3254 751 Ursatio,
3281 685 3373 756 qui
3401 684 3455 741 ei

1859 797 1957 852 per
1972 780 2158 852 ipsum
2182 779 2419 836 muneris
2447 779 2617 848 gratia
2647 780 3030 850 quinquaginta
3059 778 3265 834 solidos
3289 779 3459 834 mise-

1861 879 1988 928 runt
2029 886 2046 926 :
2091 872 2288 942 quibus
2316 871 2610 941 acceptis,
2660 866 2914 924 Paulinus
2954 869 3155 939 gratias
3194 867 3306 924 Deo
3330 867 3457 937 regit

1859 962 2005 1034 quod
2061 978 2171 1018 non
2213 961 2588 1030 dereliquisset
2631 968 2940 1030 sperantem
2989 959 3043 1014 in
3087 957 3458 1015 misericordia

1863 1053 2002 1124 ejus.
2032 1053 2110 1109 De
2141 1055 2224 1110 his
2251 1061 2431 1108 autem
2457 1051 2848 1122 quinquaginta
2875 1049 3061 1105 solidis
3088 1049 3202 1120 ipse
3229 1047 3458 1120 presby-

1863 1158 2004 1215 tero,
2033 1148 2126 1218 qui
2155 1161 2254 1202 eos
2281 1145 2622 1211 exhibuerat,
2651 1161 2812 1200 mauu
2835 1161 2929 1200 sua
2958 1143 3096 1200 duos
3122 1141 3304 1209 dedit;
3334 1143 3461 1200 reli-

1863 1255 2002 1311 quos
2023 1253 2156 1295 vero
2185 1235 2609 1305 negotiatoribus
2641 1234 2732 1304 qui
2771 1233 3092 1290 vestimenta
3131 1231 3461 1304 pauperibus

1865 1329 2146 1392 dederant,
2175 1328 2326 1383 reddi
2354 1326 2806 1382 mandavit.‘Cum
2828 1333 3006 1380 autem
3024 1324 3137 1395 jam
3171 1321 3194 1364 ι
3213 1339 3324 1379 nox
3352 1321 3462 1380 diei

1867 1423 2218 1480 successisset
2240 1461 2254 1486 ,
2306 1435 2482 1492 usque
2522 1421 2590 1476 ad
2638 1420 2868 1474 mediam
2918 1425 3135 1474 noctem
3184 1396 3463 1492 paululum

1869 1515 2039 1586 quieti
2077 1513 2366 1576 concessit,
2412 1529 2516 1568 nec
2562 1511 2702 1566 ultra
2741 1511 2918 1581 potuit
2946 1523 3465 1579 somnumeapere.

1871 1609 2221 1665 crudescente
2248 1606 2434 1662 lateris
2456 1604 2648 1662 dolore
2671 1604 2967 1669 excitatus,-
2987 1611 3045 1659 et
3068 1602 3464 1661 archiatrorum

1871 1700 2176 1757 ustionibus
2204 1698 2477 1768 fatigatus.
2510 1697 2629 1754 Una
2668 1708 2956 1767 antequam
3004 1695 3302 1752 lucesceret
3330 1695 3466 1752 hora

182 1815 227 1854 xi
245 1797 496 1854 kalendas
514 1795 834 1852 Novembris
862 1793 1127 1862 adscripta
1145 1800 1226 1847 est
1242 1792 1295 1845 in
1319 1790 1485 1846 veteri
1505 1787 1763 1853 kalenda-
1792 1783 1839 1845 Β
1863 1791 1950 1847 vir
1973 1797 2192 1846 sanctus
2209 1832 2231 1860 ,
2255 1797 2316 1845 ut
2342 1789 2583 1857 solebat,
2639 1803 2830 1844 omnes
2871 1787 3228 1844 excitavit-et.
3248 1784 3467 1841 malua.

181 1891 250 1946 rio
267 1889 564 1960 Capuano;
593 1902 702 1957 quo
723 1893 905 1941 autem
935 1884 1022 1938 ille
1050 1883 1388 1954 potissimum
1410 1880 1604 1935 vixerit
1631 1887 1770 1934 tem-

180 1997 297 2053 pore
336 1979 561 2051 penitus
607 1979 936 2047 ignoramus.
967 1975 1084 2029 Duo
1132 1973 1219 2029 isti
1251 1971 1556 2043 przesulcs"
1588 1967 1771 2024 Pauli-

183 2091 294 2130 num
322 2075 377 2130 in
403 2071 672 2128 extremis
714 2070 1051 2124 laborantem
1087 2061 1487 2128 convenerunt,
1509 2077 1633 2118 cum
1658 2059 1768 2130 jam

183 2166 239 2221 de
272 2166 445 2221 salute
495 2163 619 2234 ejus
660 2176 850 2216 omnes
888 2159 1287 2230 desperassent.
1315 2155 1395 2210 Ita
1431 2155 1447 2192 ι
1484 2162 1666 2207 tamen
1714 2151 1768 2205 in

183 2273 355 2313 eorum
383 2256 629 2311 adventu
650 2261 927 2309 recreatus
952 2261 1114 2319 atque
1133 2246 1367 2304 refectus
1390 2256 1473 2299 est
1493 2242 1769 2308 Paulinus,

185 2360 234 2406 ut
254 2349 414 2406 oblita
440 2345 600 2404 omni
627 2343 829 2401 carnali
860 2339 1192 2406 infirmitate,
1219 2345 1391 2392 totum
1420 2351 1480 2390 se
1507 2335 1588 2390 eis
1616 2332 1775 2404 spiris-

185 2441 331 2499 talem
373 2448 546 2514 atque
590 2435 902 2507 angelicum.
935 2431 1234 2495 exhiberet.
1263 2427 1489 2492 ,J‘ussits
1518 2425 1620 2480 sibi
1647 2431 1775 2479 ante

186 2534 434 2591 lectulum
451 2545 618 2597 suum
647 2543 801 2584 sacra
827 2541 956 2582 vasa
981 2532 1036 2580 et
1063 2528 1382 2579 ornamenta
1409 2516 1777 2576 ecclesiastica

187 2627 429 2694 exhiberi,
457 2633 517 2682 et
566 2638 675 2678 una
723 2635 848 2677 cum
887 2617 1084 2674 sanctis
1129 2613 1401 2686 episcopis
1439 2611 1635 2668 obtulit
1663 2609 1777 2665 Deo

187 2719 524 2780 sacriﬁcium;
562 2712 832 2782 simulque
877 2718 932 2765 et
957 2723 1054 2773 eos
1078 2721 1215 2777 quos
1237 2702 1646 2782 prodisciplina
1678 2713 1776 2754 ec-

187 2811 468 2869 clesiastica
495 2823 531 2863 a
565 2805 943 2863 communione
971 2815 1250 2856 sacrorum
1277 2795 1656 2870 mysteriorum
1683 2806 1778 2846 ex-

189 2913 347 2959 torres
369 2904 484 2975 95
515 2913 647 2955 esse
675 2901 1028 2966 prmceperat,
1057 2889 1124 2946 ad
1153 2904 1340 2961 pacem
1364 2873 1643 2958 pristinam
1687 2898 1784 2937 re-

189 2994 398 3051 vocavit.
430 2991 459 3029 ιι
491 2990 572 3045 Et
597 3003 719 3045 cum
746 2987 866 3041 haec
891 2983 1070 3039 omnia
1098 2989 1318 3038 sanctus
1346 2978 1632 3050 episcopus
1655 2975 1780 3029 lteto

190 3095 335 3158 atque
360 3085 611 3157 perfecto
643 3080 830 3137 ordine
857 3077 1186 3133 celebrasset
1205 3117 1218 3139 ,
1249 3071 1429 3128 subito
1457 3069 1602 3124 clara
1645 3081 1780 3122 voce

1871 1898 2000 1938 num
2021 1883 2258 1938 ofﬁcium
2286 1896 2352 1936 ex
2377 1895 2530 1936 more
2554 1888 2611 1936 et
2631 1879 2822 1936 ordine
2845 1877 3157 1934 celebravit.
3185 1876 3351 1932 Facta
3371 1890 3467 1932 auc

1873 1981 1982 2028 tem
2011 1971 2100 2029 die
2125 1971 2456 2044 presbyteris
2492 1979 2548 2025 et
2573 1969 2818 2026 diaconis
2845 1977 3008 2037 atque
3035 1966 3284 2023 omnibus
3307 1965 3466 2022 cleri-

1872 2063 1952 2120 cis
1981 2077 2170 2134 pacem
2216 2061 2600 2118 hereditariam
2630 2059 2880 2130 exemplo
2909 2058 3186 2114 Dominico
3212 2055 3467 2127 praedictio

1871 2155 1973 2224 vit,
2001 2155 2125 2211 dein
2157 2154 2352 2210 tacitus
2373 2167 2545 2224 usque
2565 2153 2634 2206 ad
2655 2166 2941 2222 vesperum
2962 2145 3470 2220 perduravit..'l‘unc

1871 2264 2004 2305 vero
2049 2245 2362 2302 lucernariie
2407 2243 2710 2301 devotionis
2765 2252 2977 2313 tempus
3024 2254 3341 2310 agnoscens,
3373 2251 3468 2293 ex-

1873 2341 2043 2398 tensis
2065 2340 2332 2406 manibus,
2363 2339 2510 2393 lenta
2555 2336 2680 2392 licet
2716 2349 2853 2391 voce
2889 2333 3046 2400 dixit,
3078 2331 3271 2386 Patavi
3299 2329 3469 2386 lucer-

1875 2452 1999 2490 nam
2028 2433 2234 2489 Christo
2275 2447 2409 2486 meo.
2456 2428 2659 2484 Deinde
2701 2427 2844 2482 facto
2883 2423 3188 2495 aliquandiu
3234 2420 3468 2486 silentio.

1876 2536 1916 2564 ιι
1946 2526 2087 2583 circa
2127 2524 2316 2579 horam
2355 2520 2621 2577 decimam
2667 2526 2760 2572 aut
2789 2512 3133 2571 undecimam
3171 2513 3228 2568 in
3275 2518 3471 2576 nocte,

1875 2615 2126 2673 omnibus
2153 2613 2246 2682 qui
2276 2611 2506 2668 aderant
2529 2609 2758 2665 sollicite
2776 2606 3141 2678 vigilantibus,
3165 2601 3474 2660 subito.cel-

1876 2707 1982 2764 lula
2011 2707 2130 2776 ejus
2156 2717 2264 2760 tam
2307 2701 2510 2773 ingenti
2539 2709 2698 2756 terrae
2725 2706 2874 2754 motu
2903 2711 3165 2754 concussa
3193 2697 3297 2760 e‘st,
3327 2701 3388 2749 ut
3414 2691 3473 2748 hi

1877 2801 1969 2872 qui
1997 2799 2199 2855 lectulo
2225 2795 2345 2866 ejus
2367 2792 2691 2850 assistebant
2718 2790 2961 2848 exterriti
2993 2797 3156 2863 atque
3183 2783 3385 2849 turbati
3405 2783 3474 2838 ad

1878 2891 2178 2948 orationem
2206 2903 2265 2943 se
2293 2887 2470 2942 cuncti
2511 2883 2853 2955 jactaverint,
2876 2890 2902 2918 ιι
2930 2881 3060 2949 nihil
3089 2888 3270 2934 tamen
3297 2876 3474 2940 scien-

1878 2983 2020 3038 tibus
2048 2982 2132 3037 his
2158 2981 2249 3049 qui
2277 2994 2379 3050 pro
2426 2976 2630 3032 foribus
2673 2974 3082 3030 consistebant:
3113 2985 3288 3040 neque
3329 2969 3475 3024 enim

1880 3074 2126 3145 publicus
2148 3072 2238 3127 ille
2260 3072 2314 3124 in
2340 3077 2453 3125 tota
2471 3067 2653 3133 domo,
2677 3065 2772 3121 sed
2799 3065 3040 3136 privatus
3063 3063 3118 3118 in
3142 3060 3334 3135 cellula
3360 3056 3476 3114 fue-

193 3151 514 3248 interrogare
540 3173 714 3243 cmpit
741 3170 831 3225 ubi
870 3176 1053 3229 essent
1080 3166 1271 3220 fratres
1297 3162 1423 3218 sui?
1452 3158 1604 3214 Tunc
1644 3172 1782 3212 unus
1809 3165 1856 3228 ς
1885 3171 1968 3219 rat
1997 3173 2157 3218 terra:
2185 3169 2384 3226 motus,
2413 3160 2504 3229 qui
2536 3155 2886 3228 praesagiebat
2913 3161 3119 3225 quanto
3147 3151 3334 3208 dolore
3365 3153 3472 3205 om2

195 3287 253 3327 ex
278 3265 794 3332 circumstantibus,
829 3261 920 3331 qui
946 3258 1156 3329 putavit
1200 3255 1344 3326 quod
1373 3253 1657 3324 episcopos
1695 3248 1788 3318 qui

196 3374 311 3420 tunc
333 3363 567 3420 aderant
593 3364 898 3429 qurereret,
926 3354 1002 3409 ait
1028 3352 1142 3408 illi:
1175 3348 1310 3405 Ecce
1337 3348 1421 3402 hic
1451 3355 1571 3401 sunt
1600 3346 1790 3417 fratres

198 3457 281 3514 tui.
302 3455 370 3510 At
397 3453 490 3509 ille
517 3470 531 3505 :
567 3448 682 3506 Sed
704 3464 800 3520 ego
827 3461 963 3500 nunc
992 3445 1183 3517 fratrea
1205 3456 1343 3494 meos
1369 3436 1687 3491 Ianuarium
1710 3443 1792 3486 at-

198 3563 282 3619 que
308 3544 607 3601 Hartinum
638 3541 786 3603 dico,
813 3539 898 3609 qui
928 3534 1082 3591 modo
1128 3547 1326 3588 mecum
1365 3529 1524 3584 locuti
1570 3535 1714 3590 sum,
1740 3533 1791 3578 et

199 3640 427 3694 continuo
443 3637 514 3690 ad
539 3651 628 3690 me
654 3642 890 3688 venturos
919 3644 973 3683 se
992 3644 1105 3682 esse
1123 3625 1386 3680 dixerunt.
1405 3621 1590 3690 Itaque
1618 3619 1792 3672 anim-

200 3730 538 3787 adverterunt
576 3722 990 3782 circumstantes
1018 3717 1162 3788 quod
1192 3713 1328 3786 i‘qui
1361 3722 1568 3766 tantum
1606 3711 1660 3764 in
1686 3710 1794 3763 vir-

203 3829 303 3882 tute
326 3841 424 3897 per
447 3819 812 3890 multiplicata
843 3814 1137 3886 gratiarum
1165 3807 1482 3880 spiritalium
1511 3804 1794 3860 carismata

202 3915 544 3989 resplenduit,
567 3909 776 3968 meruit
821 3916 878 3962 ut
926 3907 978 3960 in
1012 3905 1234 3959 obitum
1283 3914 1438 3955 suum
1483 3897 1795 3969 priusquam

201 4009 435 4079 spiritum
484 4003 782 4066 redderet,
824 4000 988 4055 hosce
1045 3995 1183 4050 duos
1238 3991 1627 4048 illustrissimos
1673 4003 1798 4050 cor—

203 4102 371 4171 porcis
415 4097 600 4154 oculis
667 4089 1127 4160 contemplaretur
1184 4085 1508 4155 episc0pos;
1564 4092 1798 4150 quorum

204 4192 340 4263 prior
388 4197 511 4246 erat
565 4188 583 4240 ι
656 4182 721 4240 S.
775 4181 1109 4247 Ianuarius,
1158 4174 1454 4232 Beneventi
1515 4172 1803 4243 episcopus

203 4292 257 4338 et
297 4293 502 4355 martyr
558 4278 710 4336 circa
759 4289 957 4331 annum
1002 4269 1137 4338 305,
1187 4286 1279 4342 qui
1309 4266 1677 4339 Neapolitana
1705 4278 1803 4319 ur-

206 4375 281 4432 bis
321 4373 626 4431 Ecclesiam
676 4375 810 4424 tunc
851 4365 1090 4434 reliquiis
1134 4364 1245 4418 suis
1291 4360 1626 4424 illustrabat;
1664 4357 1805 4413 alter

208 4482 327 4526 vero
351 4465 408 4521 S.
442 4463 720 4519 Martinus
766 4467 891 4513 tunc
935 4455 1264 4511 Turonensis
1303 4453 1549 4515 antistes,
1593 4451 1677 4522 vir
1706 4463 1804 4519 per

1891 3273 1987 3312 nes
2017 3258 2067 3311 in
2096 3254 2254 3323 hujus
2281 3253 2454 3308 sancti
2482 3251 2632 3306 obitu
2661 3256 2843 3304 essent
2869 3245 3157 3301 alliciendi.

1963 3349 2014 3402 2.
2047 3347 2138 3402 Ille
2167 3360 2297 3400 vero
2337 3344 2449 3398 Deo
2488 3338 2727 3397 debitum
2760 3347 2784 3374 °
2813 3337 3060 3408 spiritum
3089 3333 3360 3390 exhalavit
3384 3348 3480 3387 an-

1891 3440 2076 3510 gelicis
2103 3443 2408 3507 susceptum
2437 3431 2704 3490 manibus.
2737 3429 2907 3484 Porro
2936 3427 3027 3482 ubi
3067 3424 3135 3486 ad
3173 3425 3331 3481 beata
3359 3423 3482 3479 cmli

1893 3531 2085 3600 gaudia
2117 3527 2240 3583 felix
2269 3526 2446 3581 anima
2477 3521 2734 3592 evolavit,
2764 3530 2792 3570 Ρ
2821 3519 2895 3574 ita
2924 3517 3082 3573 niveo
3110 3514 3345 3572 candore
3369 3513 3483 3581 vul-

1896 3633 1980 3677 tus
2007 3621 2123 3690 ejus
2148 3629 2204 3674 et
2246 3627 2418 3672 totum
2448 3629 2646 3684 corpus
2671 3611 2924 3667 all'ectum
2949 3616 3032 3665 est
3053 3649 3069 3674 ,
3097 3616 3154 3663 ut
3181 3622 3369 3663 omnes
3393 3604 3484 3676 qui

1896 3716 2120 3769 aderant
2149 3713 2287 3766 inter
2310 3709 2422 3780 96
2445 3706 2708 3776 singultus
2736 3712 2790 3759 et
2817 3703 3081 3774 lacrymas
3107 3699 3487 3758 benedicereut

1899 3804 2209 3876 Dominum.
2227 3799 2356 3871 Ejus
2384 3799 2548 3854 vitam
2577 3813 2645 3852 ex
2673 3795 2867 3851 merito
2889 3793 3083 3850 mortis
3109 3804 3296 3848 omnes
3316 3803 3487 3858 agno-

1897 3913 2047 3963 vere,
2077 3896 2230 3965 cujus
2258 3904 2313 3950 et
2342 3899 2572 3948 mortem
2602 3890 2672 3946 de
2697 3887 3112 3945 conversatione
3139 3883 3263 3938 vita:
3289 3881 3489 3955 proba-

1897 4000 2112 4046 verunt.
2142 3985 2280 4043 Ecce
2303 3998 2326 4033 τι
2350 3985 2478 4053 quid
2507 3982 2692 4040 tribuit
2719 3981 3060 4050 eleemosyna
3079 3992 3096 4043 ;
3113 3989 3253 4038 ecce
3276 3973 3491 4044 qualem

1900 4091 2132 4138 mortem
2181 4076 2462 4140 concedit,
2493 4081 2549 4129 et
2587 4071 2775 4142 quales
2816 4070 3098 4125 thesauros
3129 4067 3332 4122 sanctis
3359 4063 3492 4129 suis,

1901 4175 1995 4248 qui
2023 4189 2146 4230 eum
2177 4173 2231 4226 in
2255 4167 2581 4241 pauperibus
2620 4164 2869 4234 diligunt,
2911 4161 3054 4232 Deus
3081 4157 3494 4228 indulgetynon

1902 4245 1976 4324 ita
2007 4263 2242 4321 avaritia:
2271 4261 2412 4315 malo
2442 4255 2790 4313 iuhiantibus.
2821 4252 2968 4308 ΝοΙέ
2998 4260 3022 4290 ι’
3041 4251 3094 4306 in
3123 4249 3240 4304 :cde
3262 4245 3496 4303 basilica!

1904 4360 1960 4414 Β.
2007 4357 2201 4412 Felicis
2236 4352 2335 4406 451
2371 4361 2392 4386 ³
2422 4350 2632 4405 decimo
2676 4342 2935 4400 kalendas
2959 4341 3084 4396 Julii
3126 4338 3364 4410 glorioso
3393 4337 3498 4394 lino

1905 4451 2190 4506 defunctus
2216 4453 2318 4498 est.
2350 4439 2430 4496 Ad
2457 4439 2598 4495 hanc
2621 4436 2762 4492 diem
2786 4436 2840 4489 in
2866 4432 3116 4490 omnibus
3141 4433 3159 4466 ι
3185 4425 3500 4501 Martyrolo-

209 4560 376 4614 omnia
407 4554 773 4629 apOstolicus,
803 4549 1056 4606 Ecclesiae
1095 4545 1381 4602 Gallicana:
1409 4544 1614 4599 illustre
1643 4519 1806 4610 decus
1835 4543 1882 4603 D
1909 4542 2010 4611 giis
2035 4537 2349 4604 consignata
2392 4539 2473 4587 est
2499 4529 2616 4598 ejus
2645 4526 2926 4592 memoria,
2970 4532 3026 4578 et
3066 4523 3209 4578 illius
3233 4519 3500 4583 fest.vita_-

210 4659 262 4707 et
285 4659 698 4708 ornamentum.
722 4643 923 4700 Deinde
951 4643 1122 4699 visum
1153 4649 1236 4696 est
1260 4637 1406 4709 quod
1435 4635 1714 4699 Paulinus,
1737 4632 1804 4686 li-

211 4752 292 4799 cet
311 4753 468 4798 astate
489 4738 828 4812 provectior,
847 4751 952 4790 non
969 4735 1146 4788 minus
1168 4733 1220 4786 in
1243 4744 1511 4802 pauperes
1535 4725 1809 4783 beneﬁcus

212 4845 345 4892 esset
364 4846 421 4892 et
448 4832 720 4890 liberalis.
750 4830 793 4883 Α
824 4828 1138 4899 presbytero
1165 4826 1307 4880 enim
1337 4820 1363 4862 ιι
1399 4821 1807 4883 Posthumiano,

214 4930 297 4999 qui
325 4929 462 4984 forte
494 4928 616 4999 ipse
644 4930 727 4980 est
768 4920 1202 4981 Posthnmiauus,
1232 4915 1384 4970 cuius
1409 4913 1577 4970 semel
1620 4915 1677 4966 et
1704 4912 1808 4966 ite-

217 5038 326 5077 rum
351 5021 738 5082 meminimus,
778 5013 1139 5068 commonitus
1165 5009 1310 5078 quod
1351 5023 1450 5078 pro
1475 5003 1809 5061 vestimentis

217 5129 326 5184 qua:
359 5112 701 5186 pauperibus
745 5116 962 5175 erogata
1009 5104 1221 5160 fuerant
1261 5101 1610 5174 quadraginta
1656 5097 1809 5153 solidi

217 5208 531 5263 debenntur
550 5249 566 5275 ,
591 5202 793 5259 leviter
818 5198 1099 5257 subridens
1122 5197 1202 5254 ait
1229 5195 1295 5249 ad
1328 5191 1764 5248 Posthumiauum
1793 5207 1806 5243 :

221 5297 432 5356 Securus
459 5309 594 5361 esto,
626 5295 730 5365 ﬁli,
763 5291 910 5346 crede
938 5290 1061 5344 mihi
1089 5291 1208 5360 quia
1234 5303 1338 5341 non
1364 5286 1524 5340 deerit
1552 5285 1638 5354 qui
1665 5280 1812 5336 debi-

285 5511 310 5538 '
352 5499 522 5555 Uran.
567 5496 638 5550 de
669 5490 832 5546 Obitu
859 5488 918 5544 S.
953 5486 1186 5551 Ρθιιείη.ν
1219 5503 1272 5547 n,
1302 5485 1357 5540 3.
1433 5481 1460 5522 δ
1487 5481 1643 5555 Ibid,
1675 5496 1731 5534 n.

225 5571 396 5627 'Ibid.
478 5573 504 5606 ¹²
537 5566 702 5624 Ibid"
762 5579 819 5616 n.
857 5560 911 5612 2.

1909 4642 2014 4688 tem
2046 4629 2161 4700 ipsa
2190 4626 2278 4682 die
2316 4624 2556 4679 celebrat
2585 4618 2843 4676 Ecclesia.
2875 4617 2932 4672 In
2960 4616 3078 4686 ejus
3122 4614 3327 4687 obitu?
3357 4620 3502 4669 totus

1909 4737 2049 4797 pene
2077 4719 2225 4776 orbis
2250 4715 2528 4785 ingemuit,
2559 4710 2756 4766 ﬂevere
2784 4708 2970 4777 ﬁdeles
2991 4716 3046 4762 et
3071 4705 3376 4762 infideles.Y
3397 4702 3503 4769 De-

1909 4817 2072 4885 nique
2103 4827 2209 4867 non
2238 4809 2409 4865 solum
2440 4803 2752 4868 Christiani,
2784 4801 2878 4859 scd
2925 4810 2981 4856 et
3005 4799 3173 4855 Judaei
3205 4805 3368 4868 atque
3406 4811 3505 4866 pa~

1911 4907 2034 4977 gani
2066 4904 2266 4974 ingenti
2298 4899 2448 4964 fletu,
2475 4898 2654 4952 scissis
2683 4893 2950 4957 vestibus,
2982 4890 3047 4946 ad
3076 4889 3192 4957 ejus
3219 4885 3506 4962 exsequias

1911 5001 2301 5059 convenerunt,
2327 5001 2381 5049 et
2405 4997 2648 5058 ereptum
2675 4985 2775 5043 sibi
2803 4993 3111 5056 patronum,
3140 4980 3502 5040 defensorem,

1884 5157 1888 5161 ,
1913 5103 2170 5156 tutorem,
2195 5104 2298 5144 una
2328 5099 2518 5140 omnes
2543 5096 2675 5137 voce
2702 5080 3044 5151 planxerunt.
3066 5073 3124 5128 In
3151 5082 3179 5110 ι
3197 5071 3416 5127 basilica
3444 5067 3501 5123 S.

1915 5183 2108 5239 Felicis
2146 5178 2387 5250 sepultus
2414 5184 2517 5243 est,
2561 5172 2647 5228 cui
2679 5171 2769 5226 Dei
2799 5167 2997 5238 gratias
3023 5173 3081 5220 et
3105 5163 3245 5218 dona
3285 5167 3506 5229 accepta

1917 5287 1974 5332 nt
2002 5243 2286 5332 mediatori
2315 5285 2376 5325 ac
2415 5275 2646 5338 patrono
2686 5276 2901 5333 semper
2943 5257 3241 5324 retulerat,
3271 5261 3327 5308 et
3353 5243 3530 5323 cujus'

1889 5487 1911 5515 ε
1935 5472 2112 5529 Chifﬂ.
2136 5488 2189 5540 ρ.
2218 5468 2338 5522 192.
2415 5464 2619 5540 ‘f_lbid.,
2644 5460 2848 5540 p._l95_.
2884 5470 2954 5540 __"_
2977 5457 3281 5540 praeﬁxi.
3302 5455 3357 5540 ὑί
3371 5455 3506 5540 Ibid.

996 5509 1186 5551 auum,
1220 5509 1272 5547 Π..
1303 5509 1357 5540 d.
1434 5509 1460 5522 ν
1490 5509 1643 5545 Imm,
1676 5509 1731 5534 xl.
1763 5509 1809 5533 ι.
1893 5509 1909 5515 ν
1936 5509 2112 5529 unum
2140 5509 2189 5540 ν.
2224 5509 2338 5522 ην-.
2466 5509 2619 5530 ..ιη-η
2648 5509 2700 5535 ,ν-
2736 5509 2848 5515 -----
2986 5509 3201 5516 --η-η--
3232 5509 3240 5510 κ
3265 5509 3280 5514 ,
3302 5509 3331 5550 ὓ
3372 5509 3477 5512 ,m,

992 5558 1007 5595 ί
1043 5557 1206 5623 Greg.
1231 5556 1433 5610 Turon.
1465 5554 1533 5607 de
1557 5550 1707 5623 (ξιον.
1763 5546 2032 5623 ροηῑρςεη
2067 5541 2311 5623 rauim.”
2365 5535 2582 5623 i'Uran.
2619 5534 2749 5623 [ΕΞ.
2827 5530 3014 5623 E‘I‘bi-d.
3096 5529 3112 5566 ‘
3142 5527 3316 5623 Ibid”.

225 5582 247 5616 ν
270 5571 396 5627 Ibid.
478 5573 504 5606 υ
537 5567 702 5624 Ibit!"
762 5579 819 5616 η.
857 5567 911 5612 ‘2.
992 5570 1007 5595 ι
1043 5567 1206 5623 tit-eg.
1231 5567 1433 5610 'l'uron.
1465 5567 1533 5607 uc
1557 5567 1707 5604 (τιον.
1763 5567 1777 5596 ι

225 5653 260 5680 ιο
286 5642 414 5698 Ibid.
495 5650 516 5676 ε·
552 5638 696 5692 Ibid.
779 5630 954 5684 °.lbitl.
1037 5640 1062 5678 P
1085 5628 1239 5698 Ibid”
1271 5644 1325 5681 n.
1365 5629 1488 5698 tt).__
1525 5635 1550 5672 ιι
1579 5618 1784 5698 (ἤριπες

1885 5567 2032 5599 IPSE...
2067 5567 2114 5598 σῖ.
2164 5567 2279 5594 ιυιυ
2365 5567 2377 5587 δ
2424 5567 2582 5591 una".
2619 5567 2672 5589 η.
2705 5567 2749 5588 μ.
2832 5567 2851 5570 --
2883 5567 3014 5586 ιυιυ.
3143 5567 3304 5599 ιυιυο,
3347 5567 3399 5582 ιι.
3451 5567 3507 5582 υ.

1884 5635 1976 5698 οη..⁸
1999 5619 2065 5698 de
2094 5614 2245 5698 (sior.
2273 5608 2537 5698 (loti‘l'lessq
2558 5623 2605 5659 υ.
2627 5605 2748 5698 197.
2827 5602 3050 5668 rIliam,
3076 5617 3132 5656 n.
3166 5603 3216 5656 1.
3295 5608 3317 5636 ⁸
3349 5597 3506 5664 ιδω..

225 5682 414 5769 eis."
472 5716 489 5749 ι
524 5682 735 5763 iiii-63:.
771 5682 1044 5768 Martyrol.
1076 5699 1148 5752 ac
1184 5682 1305 5752 uin.
1386 5705 1409 5732 υ
1445 5693 1636 5756 Uran.,
1665 5682 1722 5746 ιῐ.
1756 5691 1808 5744 .s.

1887 5700 1912 5725 ν
1943 5685 2071 5742 Ibid.
2105 5701 2159 5738 η.
2193 5684 2248 5735 ὅ.
2328 5690 2351 5716 ι
2382 5679 2538 5740 lbid.,
2570 5693 2624 5731 η.
2660 5677 2709 5729 I.
