4000 6456
460 408 461 411 η
518 381 626 437 125

1528 372 1586 430 S.
1625 369 1966 429 PAULINUS
2001 360 2319 424 NOLANUS
2354 360 2747 419 EPISCUPUS.

3677 358 3795 426 124

515 504 700 561 laudes
731 510 881 559 tanta
907 499 1089 558 laetitia
1115 506 1174 555 et
1199 490 1595 569 magniﬁcentia
1632 490 1928 548 celebravit
1960 488 2095 543 scri-
2119 492 2167 548 Α
2195 486 2499 555 mentorum
2528 476 2728 548 inopia,
2759 482 2816 531 ut
2840 474 2998 569 hujus
3016 476 3266 569 joccleslae
3296 462 3549 569 uictmfs.
3573 468 3794 569 Johan-

516 594 625 667 ptis
650 594 784 650 suis.

1109 677 1338 735 CAPUT
1375 677 1511 733 LIV.

516 775 563 830 Α
589 774 814 831 Paulino
858 776 881 831 ί

2196 574 2302 636 nis,
2323 572 2526 627 sortitae
2567 571 2673 625 sint
2699 584 2894 625 nomen
2921 568 2980 623 S.
3009 566 3270 631 Johannis
3296 567 3549 639 Baptista:
3579 583 3595 622 :
3624 566 3792 638 cujus

2195 664 2409 735 quidem
2439 664 2518 718 rei
2560 669 2615 717 et
2656 662 2775 716 aliis
2805 662 2857 716 in
2885 660 3019 717 locis
3045 660 3158 716 alin
3180 660 3481 716 invenimus
3505 650 3793 731 exempla.

991 776 1092 827 vita
1129 774 1312 845 {uncto
1332 770 1402 823 ad
1440 761 2094 845 ederaceatn.r_8.'{o-
2196 756 2420 811 Constat
2460 770 2580 808 eum
2609 753 2817 810 sabbati
2846 754 3016 808 sancti
3058 751 3166 819 die,
3203 748 3223 790 τ
3249 751 3341 822 qui
3363 766 3508 807 anno
3531 748 3639 806 432
3663 756 3798 808 erat

586 846 782 901 hannea
811 832 1189 917 Neapolitanus
1233 842 1525 917 cpiscopus.
1569 838 1635 893 S.
1674 835 1887 891 Paulini
1931 832 2097 889 obitus

2211 846 2461 903 secundus
2490 846 2717 917 Aprilis,
2764 860 2831 900 ex
2877 846 2978 899 hac
3020 844 3129 900 vita
3158 845 3446 911 migrasse;
3475 859 3575 900 cur
3598 850 3795 899 autem

591 917 857 972 historiam
885 911 1063 970 scribit
1085 911 1333 968 Uraniae.

587 1028 643 1087 1.
672 1027 775 1097 Qui
802 1026 872 1085 de
910 1024 1119 1095 Paulini
1156 1024 1304 1080 obitu
1341 1021 1556 1093 scripsit
1584 1019 1832 1088 Uranius,
1863 1026 1891 1057 ι
1917 1026 2100 1072 narrat

518 1121 911 1194 appa'ritionem
938 1135 1056 1191 qua:
1084 1124 1226 1175 anno
1248 1115 1446 1173 Christi
1468 1113 1576 1168 452
1598 1120 1719 1185 post
1745 1110 1951 1167 Paulini
1982 1110 2102 1167 obi—

516 1221 634 1273 tum
694 1212 941 1281 proximo
994 1209 1282 1276 contigisse
1329 1206 1585 1262 creditur.
1637 1204 1790 1261 Tunc
1845 1202 2101 1272 temporis

519 1305 547 1347 δ
576 1311 804 1377 prteerat
840 1302 1094 1360 Ecclesia:
1136 1300 1503 1370 Neapolitana:
1550 1298 1836 1367 episcopus
1882 1296 2102 1351 nomine

514 1394 932 1464 Johannes,qui
958 1392 1027 1450 de
1055 1400 1214 1449 nocte
1241 1390 1308 1446 ad
1335 1389 1575 1461 quintam
1616 1389 1805 1444 feriam
1836 1388 1889 1443 in
1910 1386 2101 1457 majori

515 1485 852 1541 hebdomada
898 1500 1090 1541 somno
1143 1483 1352 1554 sopitus
1394 1482 1526 1536 vidit
1577 1479 1635 1535 S.
1684 1479 1996 1548 Paulinum,
2025 1483 2103 1542 iut

516 1577 634 1649 ipse
659 1575 932 1633 Iohannes
955 1575 1167 1643 retulit,
1186 1574 1428 1643 angelica
1456 1572 1713 1641 dignitate
1741 1572 1998 1627 vestitum
2021 1578 2105 1625 at-

518 1682 627 1740 que
649 1673 928 1734 ornatum,
958 1666 1139 1721 favum
1179 1665 1351 1721 mellis
1378 1650 1815 1721 candidissimum
1857 1662 1912 1717 in
1942 1677 2103 1718 manu

518 1767 830 1825 tenentem,
854 1773 922 1815 ac
948 1756 1217 1813 dicentem
1263 1756 1366 1811 sibi
1390 1773 1404 1809 :
1432 1754 1626 1812 Frater
1647 1754 1919 1810 Iohannes
1936 1795 1952 1821 ,
1983 1753 2106 1826 quid

2199 936 2252 991 in
2281 936 2423 991 diem
2466 936 2774 1003 vigesimam
2805 933 3095 990 secundam
3126 934 3327 989 mensis
3372 931 3517 988 Junii
3555 930 3795 988 Paulino

2199 1042 2404 1083 sacram
2434 1029 2726 1082 translatus
2761 1026 2833 1081 sit
2875 1024 3069 1080 natalis
3096 1023 3234 1094 ejus,
3276 1024 3608 1092 ignorarem
3644 1021 3798 1079 fate-

2203 1131 2288 1176 tur
2317 1131 2342 1167 ε
2373 1120 2657 1176 Baronius.

2270 1213 2321 1267 2.
2362 1213 2419 1268 S.
2454 1211 2659 1267 Paulini
2690 1210 2715 1250 δ
2742 1210 2983 1282 episcopi
3028 1208 3218 1265 Nolani
3259 1224 3455 1280 corpus
3502 1209 3695 1266 Roma
3728 1209 3800 1265 in

2202 1307 2426 1362 ecclesia
2447 1306 2506 1361 S.
2538 1304 2917 1361 Bartholomaci
2942 1319 3083 1360 nunc
3110 1303 3377 1359 asservari
3404 1303 3623 1359 dicitur.
3657 1301 3801 1358 Sta-

2206 1398 2297 1453 tim
2326 1410 2485 1468 atque
2508 1407 2752 1453 mortuus
2772 1406 2854 1452 est
2874 1396 2930 1451 S.
2962 1394 3235 1460 Paulinus,
3274 1395 3290 1433 ι
3317 1395 3433 1465 ejus
3466 1396 3632 1450 vitam
3658 1411 3803 1449 ver-

2202 1491 2348 1547 sibus
2376 1492 2640 1547 illustrare
2668 1490 2897 1546 instituit
2918 1488 3149 1546 Pacatus
3176 1507 3190 1544 :
3219 1489 3362 1560 quod
3392 1504 3462 1544 an
3486 1487 3682 1546 fecerit
3704 1489 3803 1544 in-

2204 1590 2408 1637 certum
2435 1590 2536 1647 est,
2558 1582 2735 1637 nullus
2761 1583 2906 1637 enim
2932 1580 3154 1650 hujusce
3173 1580 3354 1653 operis
3374 1580 3653 1648 meminit;
3677 1580 3802 1636 imo

2204 1672 2262 1728 S.
2294 1671 2623 1742 Gregoriusi
2663 1673 2991 1728 Turonensis
3018 1670 3151 1726 nihil
3170 1672 3238 1727 de
3266 1671 3325 1728 S.
3356 1671 3565 1727 Paulini
3590 1672 3704 1728 vita
3731 1685 3804 1727 se

2203 1762 2395 1836 legisse
2418 1766 2569 1821 dicit.
2614 1765 2869 1821 Pacatum
2912 1779 3066 1833 vero,
3093 1779 3256 1834 quem
3284 1763 3579 1821 nobilitatis
3629 1762 3803 1819 titulo

520 1851 604 1905 hic
632 1849 804 1922 facis?
824 1849 964 1905 solve
1001 1847 1204 1923 uincula
1246 1848 1511 1903 mdiorum
1558 1855 1783 1915 tuorum,
1823 1852 1873 1901 et
1893 1845 2008 1916 jam
2034 1844 2105 1899 ad

2211 1864 2366 1912 ornat
2397 1856 2627 1913 Uraniua
2648 1855 2673 1896 ι
2703 1856 2787 1912 vel
2812 1856 2937 1912 huic
2963 1855 3157 1911 laicum
3185 1862 3242 1911 et
3288 1869 3487 1923 genere
3522 1853 3797 1921 nobilem,

518 1955 616 1998 nos
643 1941 756 1996 veni
773 1956 798 1995 .'
816 1941 926 1996 lucc
952 1939 1092 1995 enim
1118 1955 1267 2003 esca,
1298 1956 1454 2011 quam
1491 1940 1549 1995 in
1582 1955 1739 1993 manu
1770 1947 1934 2004 teneo,
1966 1936 2104 2006 apud

520 2049 616 2091 nos
637 2033 893 2089 abundat.
907 2031 1033 2089 liam
1053 2048 1175 2089 cum
1197 2031 1444 2097 dixisset,
1468 2030 1769 2088 Iohannem
1788 2012 2103 2103 episc0pum

519 2124 836 2195 complexus
860 2131 965 2188 est,
1000 2132 1059 2178 et
1086 2123 1306 2180 immisit
1332 2123 1384 2178 in
1409 2137 1473 2179 os
1497 2121 1613 2191 ejus
1655 2132 1862 2194 partem
1906 2120 2011 2177 favi
2038 2122 2104 2177 il-

520 2215 660 2284 lius;
684 2215 837 2285 cujus
880 2215 1217 2273 dulcedinem
1257 2222 1419 2283 atque
1461 2215 1683 2271 odorem
1728 2213 2002 2269 Iohannes
2030 2213 2104 2267 ita

518 2307 849 2379 concupivit,
876 2310 1001 2365 utsi
1030 2308 1107 2363 illi
1130 2308 1185 2363 in
1212 2308 1326 2378 ipsa
1353 2307 1683 2363 revelatione
1709 2313 1949 2377 potestas
1974 2304 2107 2360 fuis-

518 2409 622 2465 set,
653 2400 711 2455 S.
741 2397 949 2455 Paulini
973 2398 1141 2470 pedes
1167 2414 1302 2467 quos
1328 2398 1546 2453 tenebat
1566 2396 1841 2467 amplexos
1878 2395 2109 2450 nullate-

520 2508 620 2548 nus
648 2491 956 2548 dimisisset.
998 2491 1193 2545 Statim
1220 2504 1253 2544 a
1280 2502 1471 2545 somno
1510 2487 1771 2543 excitatus
1797 2495 1897 2549 est,
1923 2493 1981 2541 et
2015 2500 2108 2541 ea-

524 2585 648 2639 dem
677 2583 783 2650 die,
816 2582 869 2637 id
896 2590 981 2638 est
1006 2582 1195 2652 quinta
1233 2580 1385 2645 feria,
1431 2594 1594 2635 sanus
1621 2576 1901 2634 dominicae
1936 2593 2104 2634 οωῐιω

522 2674 920 2731 solemnitatem
969 2673 1300 2739 celebravit,
1348 2680 1406 2727 et
1460 2670 1613 2739 juxta
1663 2670 2106 2727 consuetudinem

520 2780 672 2821 suam
702 2764 913 2821 clericis
940 2772 999 2820 et
1024 2763 1349 2833 pauperibus
1391 2776 1601 2817 comam
1637 2761 1883 2831 apposuit
1910 2780 1923 2815 ε
1954 2769 2107 2816 sexta

521 2871 653 2912 vero
694 2855 823 2912 feria
854 2855 1085 2912 orationi
1116 2857 1345 2911 vacavit.
1389 2853 1625 2910 Sabhato
1667 2862 1844 2908 autem
1873 2852 2107 2910 secunda

522 2953 656 3005 hora
684 2948 811 3013 diei,
851 2948 907 3005 id
950 2958 1031 3004 est
1055 2950 1199 3004 circa
1228 2944 1509 3019 septimam
1538 2948 1873 3010 matutinam,
1906 2946 1973 3001 ad
2000 2944 2106 3001 Ec-

518 3040 737 3096 clesiam
765 3040 917 3094 laetus
943 3038 1227 3109 processit,
1256 3047 1313 3093 et
1336 3053 1560 3093 ascenso
1589 3037 1839 3092 tribunali
1861 3051 1927 3091 ex
1956 3051 2109 3091 more

517 3134 776 3205 populum
803 3133 1074 3199 salutavit,
1106 3148 1291 3203 pacem
1320 3135 1399 3190 eis
1422 3134 1812 3204 pnenuntiaus;
1845 3135 2109 3188 resaluta-

2206 1963 2273 2003 ει
2292 1947 2462 2004 Gallia
2488 1947 2869 2011 Christianum,
2896 1954 2953 2003 et
2978 1946 3264 2016 probatum
3307 1945 3401 2001 illo
3427 1960 3545 2002 aevo
3566 1951 3803 2015 poetam

2206 2038 2369 2095 fuisse
2396 2038 2575 2109 colligi
2597 2046 2796 2109 potest,
2819 2036 2912 2108 qui
2939 2033 3205 2105 originem
3232 2034 3385 2091 duxit
3410 2050 3445 2090 a
3471 2034 3666 2091 Latino
3686 2031 3804 2091 Pa-

2205 2140 2327 2187 cato
2353 2130 2501 2185 claro
2551 2144 2680 2184 sane
2718 2115 2955 2195 oratore,
2993 2125 3084 2197 qui
3113 2125 3421 2181 Theodosio
3477 2126 3804 2195 imperatori

2207 2237 2350 2277 anno
2380 2220 2483 2276 389
2508 2217 2693 2275 Romae
2721 2219 3101 2291 panegyricum
3149 2215 3287 2272 dixit
3312 2225 3443 2287 post
3462 2214 3684 2271 Maximi
3708 2221 3805 2288 ty—

2209 2313 2362 2368 ranni
2411 2311 2711 2367 interitum.
2751 2309 2830 2365 De
2871 2309 2961 2364 illo
2991 2324 3155 2364 unum
3183 2314 3333 2363 certo
3359 2307 3577 2373 scimus,
3614 2301 3636 2345 ι
3666 2320 3804 2362 eum

2206 2404 2413 2459 scilicet
2463 2417 2683 2471 rogasse
2710 2404 2820 2473 98
2859 2398 3118 2456 Uranium
3164 2399 3539 2473 presbyterum
3585 2405 3652 2453 ut
3690 2396 3808 2454 sibi

2208 2494 2434 2551 ﬁdeliter
2460 2493 2518 2549 S.
2551 2492 2760 2549 Paulini
2786 2493 2991 2548 obitum
3017 2489 3320 2557 referret,"
3341 2490 3429 2545 cui
3452 2486 3804 2558 interfuerat,

2206 2596 2268 2643 ut
2293 2604 2361 2642 ex
2388 2572 2741 2657 Sequentibus
2794 2591 2965 2653 patet,
3014 2581 3252 2637 Vidimus
3293 2578 3550 2655 quomodo
3596 2576 3810 2659 tollitur

2200 2682 2393 2753 justus,
2444 2690 2566 2744 etc.,
2601 2687 2626 2715 ο
2656 2695 2833 2733 omnes
2868 2694 2977 2731 una
3019 2676 3283 2732 trebiam
3312 2692 3432 2731 voce
3459 2676 3800 2745 planxerunt.

2208 2769 2356 2825 llanc
2385 2771 2548 2841 igitur
2570 2769 2933 2824 narrationem
2957 2767 3260 2838 composuit
3289 2765 3543 2831 Uranius,
3566 2778 3813 2835 eamque

2209 2861 2403 2919 Pacato
2425 2861 2712 2931 inscripsit,
2734 2875 2894 2930 quem
2918 2867 2942 2897 °
2971 2859 3247 2915 dominum
3264 2858 3549 2925 illustrem,
3566 2856 3620 2911 in
3643 2853 3808 2911 Chri-

2208 2965 2291 3011 sto
2311 2955 2689 3020 venerabilem,
2716 2962 2809 3009 ειν
2834 2953 2997 3008 lilium
3020 2952 3357 3007 carissimum
3380 2949 3636 3021 appellat.
3655 2943 3803 3003 Eum

2210 3048 2536 3103 adhortatur
2558 3057 2585 3097 ει
2614 3054 2673 3100 ut
2700 3044 2937 3116 praeclari
2966 3043 3145 3115 operis
3182 3058 3379 3097 munus
3426 3031 3712 3103 acceleret,
3745 3048 3812 3094 ut

2209 3142 2332 3211 quia
2355 3139 2607 3207 navigare
2635 3136 2973 3207 disponebat,
3006 3118 3164 3205 hujus
3185 3134 3366 3205 operis
3390 3130 3627 3188 lectione
3648 3147 3814 3202 peru-

518 3233 712 3294 tusque
732 3240 762 3278 a
791 3224 1009 3295 populo.
1043 3225 1345 3281 orationem
1372 3225 1536 3290 dedit,
1569 3236 1625 3282 et
1652 3228 1876 3282 collecta
1903 3228 2106 3282 oratio-
2132 3238 2176 3300 (ζ
2212 3233 2288 3288 tili
2320 3230 2588 3287 frueretur
2611 3240 2631 3268 τ
2662 3240 2953 3298 antequam
3000 3224 3395 3281 transfretaret.
3435 3222 3571 3278 Cum
3615 3236 3813 3277 narra-

518 3328 589 3369 ne
616 3315 862 3383 spiritum
907 3315 1200 3370 exhalavit.
1239 3314 1352 3371 liae
1398 3323 1577 3371 tamen
1626 3316 1712 3372 die
1755 3324 1811 3372 et
1858 3318 2103 3385 sequenti

518 3415 681 3461 nocte
723 3406 884 3461 solito
932 3422 1083 3461 more
1126 3416 1400 3476 peractum
1445 3415 1529 3463 est
1565 3407 1801 3463 divinum
1847 3406 2104 3466 ollicium.

517 3496 748 3554 Postera
773 3506 973 3562 autem,
1013 3497 1294 3554 dominica:
1324 3498 1751 3554 Resurrectionis
1773 3500 1879 3562 die.
1910 3499 2107 3555 illumi-

516 3592 660 3648 natis
698 3590 1034 3661 lampadibus
1071 3608 1192 3646 cum
1224 3591 1423 3660 ingenti
1468 3593 1859 3662 neophytorum
1885 3607 2104 3662 pompa,

517 3691 886 3755 prosequente
921 3682 1085 3737 etiam
1126 3682 1466 3739 multitudine
1493 3684 1813 3753 populorum
1842 3699 2012 3754 usque
2041 3684 2108 3741 ad

516 3774 856 3845 sepulcrum,
883 3772 1175 3842 gloriosam
1204 3782 1367 3843 atque
1413 3774 1733 3829 laudabilem
1778 3778 2129 3845 sepulturam.

516 3863 752 3936 adeptus
793 3871 895 3920 est.
927 3862 1203 3921 Iohannes
1233 3876 1254 3904 ε
1288 3866 1376 3920 ille
1416 3867 1557 3921 inter
1582 3867 1967 3937 Neapolitanos
1995 3869 2109 3938 epi—

516 3973 714 4031 scopos
758 3957 1000 4015 decimus
1042 3969 1264 4029 quartus
1301 3960 1525 4015 sedisse»
1546 3961 1732 4015 fertur.
1765 3961 1839 4015 De
1866 3976 1934 4017 eo
1977 3962 2110 4017 nihil

515 4049 733 4121 legitur,
768 4047 870 4105 nisi
897 4048 1041 4118 quod
1070 4048 1343 4107 Marciano
1379 4067 1550 4121 prope
1590 4049 1895 4108 Puteolos‘
1924 4054 2104 4110 subla-

515 4151 636 4199 tum
673 4141 737 4197 S.
781 4141 1019 4199 Januarii
1060 4159 1256 4214 corpus
1295 4141 1574 4215 Neapolim
1614 4144 1891 4200 transferri
1926 4145 2107 4215 jussit,

512 4233 665 4300 quod
695 4234 748 4288 in
773 4248 843 4289 eo
861 4235 968 4305 97
999 4234 1242 4291 oratorio
1270 4251 1433 4289 manu
1457 4250 1554 4290 sua
1585 4235 1889 4293 condidisse
1915 4234 2105 4303 fertur,

516 4327 575 4383 in
600 4343 711 4400 quo
738 4336 792 4383 et
822 4328 937 4398 ipse
963 4335 1086 4398 post
1113 4332 1345 4383 mortem
1390 4327 1646 4383 humatus
1685 4335 1770 4383 est
1789 4346 1805 4379 τ
1834 4344 1998 4399 quam
2029 4337 2111 4384 ta-

516 4434 645 4475 men
676 4418 1080 4475 translationem
1125 4420 1478 4475 certissimam
1509 4436 1751 4476 asscrere
1778 4437 1884 4475 non
1915 4421 2113 4478 audeo.

518 4510 600 4567 Ex
626 4514 728 4569 hac
740 4510 978 4569 Ecclesia
1002 4511 1055 4567 in
1073 4512 1234 4568 aliam
1257 4513 1485 4581 hujusce
1504 4514 1675 4568 sancti
1696 4530 1889 4585 corpus
1914 4518 2110 4571 iterum

2213 3326 2413 3379 tionem
2441 3338 2592 3379 suam
2618 3321 2860 3377 ordiatur
2882 3317 3110 3374 Uranius
3138 3317 3204 3371 ab
3235 3315 3546 3372 accessione
3573 3312 3813 3368 duorum

2209 3417 2581 3488 episcoporum
2612 3414 2702 3483 qui
2725 3412 2787 3467 ad
2817 3409 3097 3467 Paulinum
3126 3406 3450 3463 visitaudum
3476 3405 3655 3460 triduo
3677 3412 3821 3458 ante

2213 3510 2352 3563 illius
2380 3507 2588 3563 obitum
2607 3516 2929 3565 convenere,
2960 3517 3027 3556 ex
3052 3498 3306 3555 utriusvis
3334 3497 3504 3562 clero,
3557 3510 3668 3550 non
3698 3493 3815 3548 No-

2211 3600 2346 3654 lana:
2391 3596 2646 3652 Ecclesiae
2689 3594 2852 3649 fuisse
2895 3592 3125 3647 videtur.
3181 3588 3411 3656 Quidam
3459 3595 3481 3623 ⁸
3523 3590 3816 3640 autumant

2209 3691 2457 3746 eumdem
2486 3688 2652 3759 ipsius
2674 3702 2794 3741 esse
2826 3683 3079 3738 Urauium
3123 3699 3155 3737 a
3198 3695 3307 3750 quo
3335 3695 3397 3735 se
3453 3687 3566 3733 tota
3612 3684 3813 3731 estate

2211 3784 2351 3838 circa
2374 3795 2570 3834 annum
2597 3778 2701 3831 Mlti
2730 3774 2973 3847 Delphiui
2999 3775 3212 3828 litteras
3231 3771 3431 3826 frustra
3457 3776 3814 3839 exspectasse

2214 3881 2439 3928 testatur
2493 3870 2746 3924 Paulinus
2779 3873 2796 3905 τ
2832 3865 3059 3936 epistola
3110 3864 3319 3919 decima
3365 3877 3539 3930 nona,
3580 3875 3647 3914 ex
3696 3874 3815 3929 quo

2213 3975 2457 4035 tempore
2477 3961 2615 4017 forte
2633 3960 2968 4031 probabilem
2996 3972 3058 4012 se
3077 3956 3320 4012 exhibuit
3338 3962 3527 4009 sancto
3552 3954 3673 4007 Viro
3692 3952 3811 4021 qui,

2211 4066 2434 4129 propter
2486 4056 2706 4113 dilatam
2749 4054 3056 4124 epistolam,
3106 4051 3175 4107 de
3225 4067 3293 4108 eo
3330 4050 3397 4105 ad
3429 4049 3757 4120 Delphinum
3788 4056 3816 4085 ιι

2213 4163 2402 4219 sapera
2436 4149 2597 4205 verba
2625 4147 2844 4202 fecerat.
2876 4144 3146 4214 Scriptum
3178 4142 3320 4197 illius
3348 4158 3378 4195 a
3407 4140 3602 4218 priscis
3630 4137 3817 4193 Patrio

2213 4241 2317 4296 bus
2356 4238 2461 4295 fuit
2481 4237 2833 4301 celebratum,
2867 4234 3020 4304 cujus
3046 4233 3401 4302 fragmentum
3424 4241 3452 4267 ν
3479 4228 3650 4287 refert
3674 4226 3821 4286 Gre-

2212 4334 2395 4401 gorius
2424 4330 2495 4386 Μ.
2520 4348 2535 4397 ;
2566 4341 2622 4386 et
2647 4329 2713 4385 de
2739 4327 2946 4384 Paulini
2970 4327 3201 4382 transitu
3248 4338 3498 4393 magnam
3525 4338 3699 4394 penes
3754 4337 3821 4377 se

2216 4424 2504 4480 lectionem
2544 4420 2791 4476 habuisse
2833 4418 3035 4475 indicat
3072 4416 3367 4485 Gregorius
3398 4424 3424 4453 ι
3452 4412 3819 4476 Turonensis.

2217 4517 2273 4569 in
2304 4531 2405 4585 qua
2438 4524 2504 4567 de
2531 4523 2837 4567 sanctorum
2866 4508 3103 4564 Januarii
3133 4518 3189 4563 et
3228 4507 3440 4562 Martini
3471 4503 3821 4576 apparitione

518 4602 834 4657 translatum
854 4600 1017 4657 fuisse
1040 4602 1257 4657 dicitur.
1280 4603 1542 4658 Baronius
1567 4613 1590 4640 °
1613 4606 1866 4659 observat
1886 4605 2111 4674 Neapoli
2140 4608 2190 4669 D
2218 4608 2274 4661 lit
2305 4607 2533 4671 mentio;
2567 4605 2796 4659 lsiilnrus
2826 4613 2854 4653 γ
2885 4618 3012 4656 vero
3039 4601 3105 4655 de
3131 4601 3189 4656 S.
3225 4600 3429 4654 Paulini
3458 4600 3609 4654 obitu
3638 4597 3822 4652 histo-

517 4692 700 4764 plures
723 4692 977 4748 ecclesias
996 4691 1054 4747 S.
1078 4690 1339 4747 Johannis
1360 4694 1581 4748 nomine
1602 4693 1712 4749 Deo
1731 4693 1934 4750 dicatas
1954 4711 2106 4753 esse:

519 4785 668 4855 quod
697 4793 877 4842 autem
905 4785 1098 4840 harum
1129 4784 1273 4839 nulla
1302 4782 1563 4841 Johannis
1588 4787 1849 4857 episcopi,
1876 4788 1972 4845 sed
1991 4805 2107 4844 om-

518 4890 617 4931 nes
663 4873 721 4932 S.
758 4875 1023 4931 Johannis
1063 4874 1318 4944 Baptistze
1361 4877 1579 4931 nomine
1613 4885 2011 4947 nuncupentur,
2059 4877 2114 4933 id

519 4966 718 5036 injuria
762 4973 1073 5037 temporum
1117 4966 1318 5021 factum
1363 4976 1519 5038 putat
1557 4975 1613 5021 et
1648 4978 1891 5023 veterum
1938 4969 2115 5025 moni-

600 5134 627 5162 ι
656 5121 821 5178 Uran.
848 5140 901 5177 n.
931 5123 1016 5186 il,
1047 5132 1098 5177 et
1129 5121 1307 5177 Cliilll.

521 5191 796 5253 Martvrul.
820 5194 891 5247 Ἡ
908 5193 1029 5248 Jun.

523 5343 550 5372 ιι
579 5334 736 5397 ibid.,
757 5350 808 5387 η.
841 5333 893 5388 8.

525 5416 549 5444 ⁸
577 5404 787 5458 Paulin.
813 5421 900 5473 ep.
934 5404 1017 5466 l9,
1048 5422 1078 5458 ιι
1130 5404 1182 5458 i.

524 5475 646 5529 {07.
728 5484 747 5509 κ
776 5474 899 5529 lsid.
928 5474 1127 5529 Hisual.
1162 5475 1178 5527 l

1264 5406 1280 5440 ί
1315 5404 1474 5471 Ibid.,
1501 5420 1553 5457 η.
1584 5406 1635 5460 ἐξ.

1350 5139 1402 5192 p.
1427 5121 1549 5179 2M.
1583 5121 1707 5177 215,
1785 5125 1811 5161 δ
1843 5123 2009 5180 Uran.
2043 5140 2096 5179 n.
2126 5123 2213 5177 il.

662 5193 1029 5266 putarint].
1088 5195 1131 5266 f
1166 5192 1335 5266 Chii“.
1366 5209 1419 5266 ρ.
1451 5192 1574 5246 215.
1655 5206 1678 5242 s
1712 5194 1907 5266 Bai-on.
1929 5195 2210 5266 filiartyrol.
2237 5194 2308 5248 Ἠ
2334 5194 2457 5266 Jun.
2497 5195 2559 5266 ηδ
2588 5195 2780 5266 Barca.
2848 5192 2978 5266 ibid.

524 5273 542 5322 i
580 5262 742 5331 Greg.
773 5263 902 5317 Tur.
958 5263 1024 5316 de
1074 5264 1222 5319 Glor.
1256 5263 1521 5333 Confess.,
1553 5281 1672 5333 cap.
1726 5265 1847 5318 ill'i.
1927 5265 1950 5303 κ
1976 5262 2140 5321 υισςίτι.
2191 5266 2241 5319 iu
2283 5267 2367 5319 tit.

2214 4701 2350 4755 riam
2402 4696 2587 4752 Uranii
2630 4702 3038 4751 commemorat.
3071 4693 3147 4748 De
3190 4693 3253 4747 iis
3281 4707 3401 4761 qum
3442 4690 3571 4746 huic
3623 4687 3820 4745 Uranii

2214 4788 2510 4844 narrationi
2540 4795 2632 4841 aut
2654 4786 2911 4852 adjicere,
2936 4793 3024 4839 aut
3054 4783 3311 4844 adimere,
3342 4780 3672 4852 quibusdam
3694 4780 3819 4851 pla-

2215 4882 2349 4945 cuit,
2394 4881 2606 4948 cgregic
2656 4878 2894 4949 disputat
2949 4876 3247 4932 Chimctius
3290 4876 3341 4930 in
3407 4874 3635 4930 Paulino
3687 4874 3821 4928 illu-

2219 4978 2389 5025 strato
2396 5013 2411 5022 .

2292 5135 2315 5163 ι’
2346 5122 2497 5179 Paul.
2521 5122 2695 5179 Chii“.
2729 5139 2783 5192 p.
2818 5120 2936 5176 l98.
3012 5119 3036 5159 ἀ
3065 5120 3205 5192 Gali.
3234 5121 3482 5177 Pouzzol.
3564 5129 3589 5158 ε
3612 5119 3817 5192 Barotj.

3061 5191 3076 5230 ί
3112 5192 3275 5246 Uran.
3332 5193 3387 5247 in
3435 5192 3522 5244 tit.
3554 5200 3613 5245 et
3638 5208 3694 5244 n.
3728 5190 3813 5245 12.

2451 5263 2746 5334 lUranlin
2786 5279 2895 5334 pne
2912 5264 3004 5317 fat.
3035 5273 3090 5317 et
3141 5279 3192 5316 τι.
3229 5263 3331 5334 i3.
3390 5273 3429 5299 ω
3458 5260 3728 5334 ιωιιηλη,
3763 5258 3817 5315 4.

974 5343 996 5369 τ
1026 5334 1189 5389 lirari.
1222 5335 1274 5389 in
1307 5332 1457 5402 praef.
1539 5344 1562 5382 ρ
1594 5327 1748 5401 lhid.,
1782 5353 1833 5389 n.
1862 5334 1911 5389 4.
1989 5347 2022 5387 τι
2047 5337 2200 5400 Ibid,
2228 5354 2281 5390 η.
2310 5335 2393 5389 id.
2474 5348 2494 5375 ι’
2528 5332 2702 5389 Cliil’tl.
2730 5327 2802 5401 pf
2826 5334 2941 5397 lilii,
2979 5344 3033 5387 ct
3056 5334 3249 5388 Baron.
3286 5331 3568 5402 Martyrol.
3591 5331 3665 5384 21’.
3688 5327 3817 5386 Jun.

1714 5416 1738 5441 ιι
1768 5405 1925 5475 Greg.
1954 5406 2022 5461 Μ.
2052 5407 2189 5459 Dial.
2216 5408 2248 5460 l.
2270 5424 2342 5470 ιιι,
2373 5422 2490 5473 cap.
2530 5405 2611 5458 i2.

728 5484 747 5509 κ
776 5474 899 5531 isid.
928 5474 1127 5545 Hispal.
1162 5475 1253 5530 lib.
1286 5475 1353 5530 de
1382 5474 1642 5545 Scriptor.
1669 5478 1824 5543 ccci,
1852 5473 1901 5534 ο.
1928 5478 1980 5531 ιι.
2060 5486 2086 5526 I
2113 5476 2289 5532 Chifll.
2325 5494 2377 5549 p.
2414 5478 2534 5543 i79,
2572 5475 2691 5542 i80,
2722 5473 2819 5528 197
2848 5482 2902 5528 et
2927 5473 3047 5528 200.

2693 5415 2715 5437 ν
2736 5392 2902 5471 'Greg.
2930 5392 3132 5459 Turon.
3167 5404 3233 5459 de
3258 5403 3345 5458 Gl.
3372 5392 3544 5459 Gonfe
3560 5418 3666 5471 88.,
3694 5416 3816 5472 cap.
