4000 6406
569 419 678 479 445

1596 416 1657 476 S.
1696 413 2039 474 PAULINUS
2073 408 2395 472 NOLANUS
2431 410 2832 471 EPISCOPUS.

3743 410 3858 469 ιιι

572 537 827 597 hssumsit
847 578 866 607 ,
901 552 974 597 ne
1011 552 1111 595 nos
1136 550 1377 596 essemus
1402 539 1546 593 servi
1592 534 1833 607 peccati:
1878 535 2031 603 cujus
2059 545 2150 586 se-
2176 532 2230 594 Α
2253 530 2356 585 sibi
2398 544 2624 600 prorsus
2672 526 3081 585 infensissimam
3123 531 3336 598 gentem
3363 567 3381 597 ,
3420 524 3586 598 gestis
3611 527 3863 598 propriis

577 649 750 704 quens
785 633 1008 704 vestigia
1037 630 1324 704 Paulinus,
1379 630 1449 687 ad
1479 639 1687 709 tempus
1710 627 2011 685 voluntarie
2039 639 2154 680 ser-

577 742 677 781 vus
704 725 877 783 factus
903 734 987 782 est
1012 725 1159 781 solus
1176 767 1193 795 ,
1230 732 1291 779 ut
1317 730 1461 779 esset
1489 720 1828 794 postmodum
1856 719 1994 774 liber
2027 730 2154 772 cum

579 817 781 874 multis.
815 856 831 872 .
861 858 878 874 .
906 854 927 873 .
960 818 1036 872 De
1061 815 1213 887 cujus
1241 816 1404 886 etiam
1425 822 1619 880 morte,
1647 811 1791 883 apud
1818 809 1937 881 ejus
1959 805 2154 864 Eccle-

578 910 716 965 siam
764 909 1024 980 scriptum
1069 917 1181 971 est,
1236 906 1362 980 quia
1407 921 1531 961 cum
1575 904 1765 961 dolore
1799 912 1947 959 esset
1969 899 2159 956 lateris

580 1008 774 1067 tactus,
798 1000 865 1056 ad
885 1009 1127 1055 extrema
1148 998 1437 1069 perductus
1457 1004 1560 1054 cst.
1581 995 1826 1067 Dumque
1849 994 1966 1065 ejus
1980 990 2162 1049 omnis

580 1093 771 1149 domus
797 1092 852 1148 in
879 1107 974 1148 sua
1001 1089 1270 1148 soliditate
1295 1091 1626 1162 persisteret,
1649 1086 1953 1145 cubiculum
1975 1084 2028 1139 in
2050 1082 2161 1155 quo

583 1185 793 1256 iacebat
821 1200 983 1256 aeger,
1014 1183 1155 1240 facto
1181 1194 1334 1250 terra:
1362 1191 1537 1253 motu,
1564 1179 1907 1246 contremuit,
1940 1190 2161 1233 onmes-

583 1294 690 1349 que
716 1280 806 1351 qui
828 1280 935 1334 illic
953 1278 1199 1346 aderant,
1227 1276 1389 1334 nimio
1413 1282 1621 1332 terrore
1641 1273 1947 1333 concussit:
1977 1271 2164 1341 sicque

585 1382 769 1429 sancta
795 1372 884 1427 illa
915 1372 1092 1427 anima
1115 1384 1277 1426 carne
1303 1369 1480 1424 soluta
1508 1374 1609 1424 est.
1636 1365 2077 1433 Factumqueest
2102 1368 2165 1417 ut

585 1480 808 1534 magnus
834 1481 1003 1537 pavor
1025 1464 1303 1521 invaderet
1333 1477 1430 1519 eos
1455 1461 1549 1531 qui
1576 1458 1787 1514 Paulini
1822 1464 2051 1512 mortem
2078 1452 2161 1509 vi-

589 1557 715 1613 dere
741 1557 1062 1628 potuissent.

620 1664 866 1704 JULIANUS
894 1662 1183 1714 POIERIIJS,
1214 1662 1282 1702 DE
1311 1654 1901 1771 VITA900NTEHPLATI"A
1927 1654 2034 1695 LIB!
2069 1652 2126 1704 η,

1279 1732 1398 1771 CAP.
1465 1756 1479 1770 .

1279 1732 1398 1772 CAP.
1426 1732 1479 1771 ν.

587 1811 735 1870 (Illud
775 1811 1102 1876 fragmentum
1128 1808 1627 1876 rerognitnmpst‘ad
1668 1818 1782 1855 mss.
1822 1805 2015 1876 codices
2053 1803 2164 1864 Big.

892 1877 1005 1935 δοῦ,
1032 1876 1195 1922 Germ.
1216 1870 1326 1930 800,
1354 1880 1406 1921 et
1427 1870 1521 1920 Jol.
1542 1871 1633 1918 (illi)
1658 1870 1847 1926 annor.)

659 1957 904 2028 Denique
931 1964 1149 2011 sanctus
1178 1954 1432 2011 Paulinus
1454 1994 1469 2020 ,
1515 1960 1576 2007 ut
1615 1951 1718 2023 ipsi
1754 1948 1943 2004 melius
1972 1945 2165 2013 nostis,

591 2050 824 2119 ingentia
857 2047 1055 2120 prredia
1074 2087 1090 2115 ,
1119 2042 1490 2117 quiafuerunt
1517 2058 1611 2099 sua
1630 2040 1893 2108 ,vendita
1918 2036 2169 2109 pauperi-

590 2147 687 2199 bus
723 2141 1001 2210 erogavit:
1052 2139 1149 2195 sed
1188 2153 1311 2194 cum
1354 2143 1545 2207 postea
1580 2134 1751 2191 factus
1780 2138 1930 2187 esset
1954 2129 2170 2200 episco-

587 2249 705 2305 pus,
722 2248 830 2288 non
850 2230 1135 2288 contemsit
1148 2228 1401 2287 Ecclesiae
1422 2226 1719 2289 facultates,
1747 2223 1842 2278 sed
1862 2221 2168 2277 ﬁdelissime

586 2325 940 2397 dispensavit.
996 2323 1115 2391 Quo
1139 2322 1281 2377 facto
1306 2321 1439 2375 satis
1473 2318 1712 2375 ostendit
1746 2328 1801 2373 et
1828 2315 2046 2387 propria
2070 2314 2169 2369 de-

589 2421 717 2475 bere
746 2425 971 2490 propter
988 2416 1374 2488 perfectionem
1405 2401 1702 2479 contemni,
1726 2420 1783 2468 et
1808 2412 1925 2466 sine
1953 2407 2174 2481 impedi~

604 2520 771 2569 uento
808 2509 1155 2584 perfectionis
1203 2523 1363 2580 posse
1408 2505 1661 2562 Ecclesiae
1706 2519 1827 2574 qua:
1872 2511 1998 2560 sunt
2045 2517 2173 2571 pro-

592 2603 730 2659 fecto
756 2600 1062 2660 communia
1089 2598 1372 2671 possideri.

772 2694 922 2765 117
952 2705 1238 2756 nscanuus,
1270 2706 1322 2745 ιδ
1350 2674 1751 2743 marmor.er
1781 2687 1850 2741 2?.
1876 2702 1988 2742 ιω.

873 2783 967 2847 (Ex
991 2796 1081 2832 ms.
1106 2786 1273 2832 codice
1317 2782 1568 2842 liigotiano
1588 2780 1682 2831 600
1702 2777 1894 2836 annor.)

663 2870 879 2935 Decimo
907 2866 1166 2923 kalendas
1194 2866 1339 2921 Julii.

664 2960 820 3033 Apud
849 2959 1036 3015 Nolam
1062 2957 1370 3029 Campania:
1408 2956 1606 3014 natalis
1642 2957 1787 3015 beati
1814 2955 2020 3010 Paulini
2057 2954 2176 3026 epi-

591 3052 743 3124 scopi
767 3060 824 3109 et
849 3050 1177 3108 confessoris
1196 3092 1211 3118 ,
1241 3048 1394 3119 cujus
1439 3048 1703 3105 meminit,
1726 3056 1944 3103 sanctus
1970 3044 2175 3117 Grego-

591 3145 703 3201 rius
732 3146 785 3199 iu
815 3143 951 3198 libro
998 3142 1342 3209 Dialogorum
1375 3158 1387 3194 :
1420 3140 1613 3195 claruit
1649 3146 1828 3195 autem
1858 3154 1965 3194 non
2002 3138 2177 3193 solum

591 3238 895 3295 eruditione
938 3246 992 3291 et
1019 3235 1237 3305 copiosa
1265 3235 1388 3289 vita:
1430 3233 1732 3297 sanctitate,
1763 3231 1859 3287 sed
1887 3231 2048 3287 etiam
2076 3246 2172 3302 po-

593 3334 759 3391 tentia
792 3332 1075 3387 adversum
1101 3331 1390 3385 dmmones.

662 3439 962 3486 DUNGAIJJS.
994 3439 1096 3478 LIB.
1133 3430 1524 3476 RESPONSIONUII
1556 3435 1818 3475 ADVERSUS
1846 3433 2111 3474 ςιλυωωί

1032 3507 1399 3547 'I‘AUBINENSEM
1429 3506 1739 3546 EPISCOPL‘X.

666 3588 921 3645 Paulinus
949 3587 1261 3657 episcopus,
1292 3584 1378 3640 vir
1404 3585 1794 3639 eruditissimus
1821 3590 1878 3638 et
1911 3581 2187 3637 sanctissi-

592 3690 741 3751 mus,
773 3684 911 3739 sicut
955 3688 1011 3737 et
1056 3680 1206 3734 multi
1254 3679 1321 3735 de
1350 3694 1416 3735 eo
1450 3678 1632 3734 testati
1674 3684 1821 3745 sunt,
1850 3674 2085 3731 nobilem
2114 3673 2183 3728 li-

593 3775 751 3832 brum
776 3770 847 3827 i5
896 3771 1222 3829 carminibus
1246 3770 1576 3833 distinctum,
1617 3770 1671 3824 in
1712 3768 2003 3825 houoreet
2029 3764 2187 3830 laude

592 3868 768 3928 sancti
812 3866 1006 3922 Felicis
1036 3864 1304 3936 martyris
1330 3863 1526 3932 edidit;
1557 3865 1613 3918 in
1650 3878 1758 3933 quo
1794 3868 1997 3934 quanta
2025 3861 2189 3917 mira-

594 3962 715 4019 cula
743 3968 798 4017 et
834 3959 1058 4014 virtutes
1089 3973 1186 4029 per
1214 3956 1380 4027 ipsius
1422 3956 1617 4011 merita
1659 3963 1714 4011 et
1752 3953 2184 4020 intercessiones,

593 4053 773 4109 divina
802 4049 1063 4118 largiente
1089 4047 1392 4110 clementia,
1424 4047 1490 4102 ad
1512 4061 1665 4101 suum
1697 4046 1811 4099 ﬁeri
1835 4044 2075 4115 quotidie
2102 4051 2188 4098 tu—

594 4145 796 4203 mulum
819 4185 834 4211 ,
864 4152 921 4199 et
946 4141 1181 4197 maxime
1200 4140 1285 4196 die
1310 4140 1501 4194 natalis
1529 4137 1644 4209 ejus
1664 4138 2050 4203 anniversario,
2079 4137 2192 4193 dis-

593 4237 785 4301 seruit,
816 4251 924 4291 non
954 4232 1111 4289 facile
1159 4248 1189 4288 a
1230 4247 1503 4302 quoquam
1550 4232 1767 4301 excerpi
1810 4228 2188 4302 autdellorari

594 4336 807 4400 potest;
838 4321 963 4397 duia
985 4333 1177 4380 cuncta
1200 4362 1215 4388 ,
1242 4322 1420 4389 flores,
1443 4330 1703 4389 aromata,
1738 4336 1894 4389 rosm,
1926 4322 2035 4377 lilia
2064 4336 2185 4376 sua-

594 4419 868 4477 veolentia
914 4434 978 4474 ac
1020 4417 1272 4472 mellitlua
1314 4428 1529 4472 sunt....
1564 4414 1698 4471 Hinc
1736 4416 1953 4470 beatum
2001 4413 2187 4469 Pauli-

595 4528 742 4579 num,
773 4511 1055 4568 sanctitate
1083 4519 1139 4563 et
1171 4508 1434 4578 sapientia
1462 4508 1763 4578 praeditum,
1792 4507 1945 4575 quasi
1991 4522 2185 4576 quam-

594 4604 719 4661 dam
745 4604 970 4674 pharum
994 4603 1395 4668 lucidissimam,
1425 4608 1481 4656 et
1503 4600 1691 4654 turrim
1713 4600 2181 4671 inexpugnabilem

595 4787 1016 4844 luculentissima
1041 4796 1200 4856 atque
1236 4784 1614 4841 fecundissimo
1638 4799 1885 4839 sermone
1908 4784 2178 4839 disseruit.

596 4894 855 4937 FOHANSES
896 4893 1179 4938 DIACONUS.
1222 4893 1274 4931 ΙΝ
1314 4891 1564 4932 PROCEMIO
1603 4892 1740 4931 "TE
1771 4891 1816 4929 S.
1848 4890 2094 4932 GREGORII
2120 4891 2179 4930 Ι.

1032 4966 1100 5003 ΑΙ)
1128 4963 1401 5002 IOHANNIS“
1428 4963 1520 5001 \‘Ill
1552 4963 1743 5001 PAI‘AH.

989 5039 1129 5102 (Coll.
1159 5041 1215 5087 ad
1241 5052 1329 5087 ms.
1357 5039 1466 5098 Big.
1490 5040 1582 5089 600
1601 5038 1797 5097 annor.)

660 5124 843 5193 Nuper
882 5121 947 5176 ad
978 5121 1186 5190 vigilias
1217 5129 1239 5157 υ
1271 5120 1412 5176 beati
1442 5120 1688 5188 Gregorii
1716 5119 1944 5175 Romani
1974 5124 2186 5191 pontifi-

592 5218 700 5281 cis,
734 5214 1027 5282 Anglorum
1067 5212 1242 5283 gent-is
1285 5213 1553 5284 apostoli,
1583 5212 1816 5270 lectione
1857 5212 1926 5289 de
1960 5210 2185 5272 Paulino

591 5309 824 5365 civitatis
845 5305 1064 5362 Nolanos
1084 5306 1312 5378 praesule
1339 5306 1856 5367 consuetudinaliter
1880 5323 2182 5378 personan-

592 5409 666 5470 te,
697 5402 843 5456 visus
871 5416 931 5457 es
956 5415 987 5455 a
1014 5401 1414 5456 venerabilibus
1442 5400 1716 5471 episcopis
1741 5402 1923 5457 divino
1951 5402 2185 5472 quodam

591 5493 844 5549 instinctu
888 5501 1193 5549 commotus
1228 5494 1536 5562 requirere,
1577 5508 1675 5549 cur
1701 5500 1883 5549 tantus
1910 5493 2183 5566 pontifex,

591 5587 680 5655 qui
708 5586 1000 5643 multorum
1045 5594 1353 5642 sanctorum
1381 5585 1531 5642 Vitas
1552 5592 1832 5653 texuerat,
1864 5587 2027 5655 gestis
2054 5602 2184 5659 pro-

594 5675 795 5743 priisin
817 5680 1037 5748 propria
1058 5676 1337 5733 dumtaxat
1358 5676 1598 5734 Ecclesia
1628 5679 1924 5735 caruisset:
1953 5694 2180 5749 parsero

2208 3297 2259 3360 C
2290 3345 2490 3400 aientia
2518 3353 2821 3415 temporum
2861 3344 2967 3402 hoc
2991 3344 3121 3401 satis
3157 3342 3409 3399 videntur
3444 3358 3710 3417 asserere.
3742 3341 3895 3401 Cum

2263 623 2462 693 ubique
2488 622 2738 707 polleret.

2452 751 2739 802 ANONYIDB,
2766 750 2820 793 ut
2846 750 3085 793 nomen
3109 750 3328 808 ονειιοι,
3350 749 3395 790 s.
3430 748 3659 789 PAULIXI.

2326 829 2424 903 (Ex
2443 830 2618 899 codice
2635 829 2939 882 Cluniacensi
2962 835 3277 894 pervetusto,‘
3304 827 3365 881 Ρ.
3383 825 3608 879 Cbiltletii
3629 824 3797 889 cura.)

2334 932 2588 991 Paulinus
2614 941 2866 1003 sanctus,
2892 930 3114 990 Nolana
3150 932 3384 990 civitatis
3411 932 3697 1004 episcopus
3713 971 3731 997 ,
3761 942 3865 999 ge-

2264 1041 2395 1085 nere
2422 1025 2755 1099 Aquitanus,
2781 1024 3041 1095 dignitate
3068 1040 3197 1082 vero
3223 1024 3461 1094 generis,
3490 1023 3649 1079 urbis
3666 1020 3869 1077 Rom

2261 1126 2484 1176 senator
2502 1117 2849 1183 clarissimus,
2872 1117 3121 1189 exemplo
3140 1116 3373 1173 maxime
3392 1125 3449 1173 et
3470 1115 3871 1188 prtedicationo

2262 1210 2407 1267 beati
2435 1209 2650 1283 Martini
2691 1209 3021 1266 Turonensis
3046 1207 3326 1280 episcopi,
3354 1216 3410 1264 et
3436 1206 3684 1278 Delphini
3712 1206 3867 1263 Bur-

2262 1302 2586 1372 degalensis,
2618 1316 2724 1355 una
2752 1299 3113 1363 cumSevero,
3134 1297 3373 1371 Sulpicio
3398 1312 3551 1369 teque
3591 1296 3765 1353 nobili
3802 1303 3869 1352 et

2263 1393 2506 1449 litterato
2533 1393 2673 1461 viro,
2695 1407 2774 1455 ex
2799 1392 2936 1450 laica
2960 1391 3307 1470 etconjugali
3337 1391 3444 1447 vita
3469 1390 3541 1446 ad
3564 1388 3870 1463 perfectio-

2267 1488 2350 1541 nis
2391 1484 2712 1543 Christianae
2738 1470 3049 1558 pauperiem
3075 1485 3395 1541 ditissimam
3419 1483 3703 1550 animatus,
3735 1496 3870 1539 om-

2269 1596 2393 1637 nem
2419 1595 2674 1651 pompam
2700 1587 2758 1637 et
2785 1580 2969 1635 luxum
3013 1578 3180 1636 seculi
3226 1576 3472 1646 calcans,
3497 1589 3871 1650 quaecumque

2267 1672 2322 1728 in
2352 1671 2459 1728 hoc
2493 1672 2691 1728 mundo
2716 1671 3044 1743 possidebat.
3073 1670 3226 1740 juxta
3268 1669 3482 1727 Domini
3510 1655 3872 1742 ‘pmceptum

2272 1763 2500 1833 (Matth.
2552 1781 2673 1831 xix,
2702 1763 2805 1837 2|)
2834 1765 3072 1821 vendidit
3124 1771 3182 1821 et
3221 1763 3545 1837 pauperibus
3590 1763 3870 1838 erogavit.

2277 1856 2477 1913 Deinde
2512 1856 2669 1927 juxta
2709 1856 2900 1913 Nolam
2938 1855 3242 1928 Campania:
3271 1856 3542 1913 civitatem
3585 1862 3874 1912 monaste«

2272 1952 2409 2006 rium
2436 1950 2722 2006 instituens
2750 1956 2806 2007 et
2830 1951 3083 2008 sanctam
3102 1951 3266 2005 vitam
3308 1950 3585 2012 exercens,
3614 1945 3875 2017 ejusdem

2269 2043 2504 2099 civitatis
2530 2044 2812 2114 cpiscopus
2838 2041 3013 2098 factus
3040 2049 3141 2098 est.
3171 2040 3361 2115 Itaque
3388 2040 3555 2095 verbo
3578 2049 3640 2117 et
3667 2054 3873 2095 exem-

2270 2134 2383 2205 plo,
2414 2148 2626 2189 necnon
2665 2141 2723 2190 et
2742 2136 2912 2207 .118
2938 2133 3208 2189 miraculis
3252 2132 3549 2203 gloriosus,
3579 2132 3877 2203 beatorum

2271 2224 2491 2280 Patrum
2518 2226 2804 2293 Ambrosii,
2832 2226 3134 2295 Augustini,
3163 2224 3494 2297 Hieronymi,
3525 2223 3879 2301 dierumque

2271 2319 2355 2374 sui
2382 2320 2641 2390 temporis
2667 2326 2827 2375 notus
2847 2333 2914 2375 ac
2931 2304 3398 2380 familiarissimus,
3420 2314 3879 2388 quorum‘dulces

2272 2411 2514 2482 epistola:
2537 2412 2619 2466 vel
2641 2411 2709 2467 ad
2728 2400 2922 2483 ipsum,
2945 2410 3030 2466 vel
3054 2410 3123 2467 de
3146 2411 3264 2480 ipso
3283 2409 3551 2479 leguntur,
3580 2394 3707 2479 post
3727 2408 3880 2464 mul-

2274 2510 2358 2557 tos
2403 2501 2634 2559 feliciter
2677 2518 2778 2573 pro
2823 2502 3037 2559 Christo
3081 2503 3401 2561 decertatos.
3432 2514 3652 2570 agones,
3680 2508 3882 2557 sancta

2273 2594 2942 2666 longazvitateconfectus,
2970 2595 3112 2667 apud
3140 2594 3415 2665 prmfatam
3439 2590 3627 2651 urbem
3652 2592 3882 2665 requie-

2277 2686 2353 2740 vit
2399 2687 2454 2742 in
2503 2686 2752 2743 Domino.
2782 2686 2880 2743 Est
2906 2695 3087 2743 autem
3127 2687 3385 2744 credibile
3429 2687 3574 2743 hunc
3618 2685 3907 2742 eumdem.

2277 2795 2397 2835 esse
2424 2779 2703 2836 Paulinum
2726 2822 2742 2849 ,
2791 2780 2862 2838 de
2908 2795 3019 2853 quo
3067 2781 3259 2838 beatus
3302 2794 3441 2853 papa
3491 2780 3788 2850 Gregorius
3822 2780 3884 2839 in

2277 2873 2620 2943 Dialogorum
2646 2874 2782 2932 libro
2821 2878 2983 2934 tertio
3007 2891 3122 2933 rem
3149 2875 3477 2947 singularem
3509 2884 3671 2950 atque
3700 2859 3886 2932 admi-

2279 2970 2462 3025 rabilis
2493 2970 2705 3026 virtutis
2732 2969 3013 3027 historiam
3040 2968 3227 3027 refert.
3257 2965 3392 3025 Nam
3418 2978 3476 3025 et
3513 2968 3681 3025 verba
3726 2968 3893 3039 ejus—

2280 3062 2402 3118 dem
2427 3063 2573 3118 bcati
2601 3062 2869 3132 Gregorii,
2899 3063 3094 3133 quibus
3120 3077 3247 3119 eum
3275 3073 3331 3119 et
3358 3062 3624 3118 Nolanum
3659 3062 3906 3134 episco-.

2283 3173 2427 3227 pum,
2452 3166 2508 3213 et
2530 3156 2741 3211 Patrem
2764 3157 3062 3227 antiquum,
3089 3164 3147 3213 et
3166 3156 3524 3213 exterioribus
3541 3154 3735 3212 studiis
3754 3170 3891 3212 θεας
3923 3210 3935 3219 ,

2285 3250 2453 3305 ditum
2502 3249 2661 3306 luisse
2700 3248 2898 3304 ibidem
2938 3249 3078 3305 inter
3114 3249 3221 3323 alia
3254 3257 3552 3315 memorat;
3581 3256 3641 3306 et
3671 3264 3894 3307 conve-

2287 3448 2341 3493 ct
2371 3438 2513 3495 circa
2558 3438 2647 3493 illa
2697 3446 2941 3509 tempora
2986 3436 3201 3493 barbari
3240 3438 3308 3492 ab
3342 3436 3609 3494 Africanis
3636 3437 3895 3510 partibus

2289 3538 2654 3600 erumpentes,
2684 3546 2790 3585 non
2819 3529 2993 3585 solum
3015 3530 3187 3600 ipsam
3206 3527 3577 3601 Campaniam,
3598 3530 3695 3586 sed
3719 3538 3780 3586 et
3803 3538 3896 3586 to-

2289 3631 2399 3676 tam
2427 3635 2567 3694 pene
2593 3619 2801 3675 Italiam
2822 3626 3158 3689 eVerterent;
3190 3621 3586 3689 delicientibus,
3607 3621 3755 3692 proh
3782 3623 3897 3678 do—

2288 3713 2398 3769 lor!
2432 3713 2661 3770 Romani
2691 3713 2900 3785 imperii
2926 3714 3145 3769 viribus.

2287 3843 2551 3884 JOBANNES
2593 3845 2948 3894 TRITIIEIIIUS,
2998 3845 3100 3884 LIB.
3149 3845 3218 3885 DE
3259 3843 3634 3885 SCRIPTOBIBUB
3679 3844 3897 3887 περιε-

2941 3916 3208 3956 ερλετιοιδ.

2361 4014 2642 4082 Paulinus,
2690 4015 3002 4088 presbyter,
3045 4014 3338 4086 discipulus
3389 4016 3563 4072 sancti
3599 4016 3897 4086 Augustini

2290 4108 2675 4179 Hipponensis.
2706 4116 2762 4162 et
2805 4114 2993 4187 postea
3023 4106 3305 4177 episcopus
3352 4105 3503 4162 Nolui
3539 4104 3895 4179 Campania},

2290 4204 2356 4258 ad
2385 4216 2545 4272 quem
2575 4200 2856 4269 Augustini
2876 4208 2931 4256 ct
2954 4199 3263 4273 Hieronymi
3291 4200 3474 4257 multa:
3496 4200 3753 4257 feruntur
3774 4203 3896 4274 epi-

2288 4294 2473 4360 stolae,
2503 4293 2746 4362 variique
2790 4299 3084 4357 tractatus,
3127 4292 3211 4346 vir
3254 4292 3309 4346 in
3356 4290 3656 4362 Scripturis
3684 4292 3902 4348 sanctis

2289 4383 2700 4448 eruditissimus,
2714 4393 2769 4438 et
2788 4383 2842 4438 in
2853 4382 3183 4438 secularibus
3197 4382 3391 4438 litteris
3411 4383 3542 4437 nulli
3556 4399 3658 4438 suo
3672 4391 3896 4454 tempo—

2288 4493 2350 4533 re
2391 4474 2676 4538 secundus,
2705 4488 2811 4530 non
2857 4474 3035 4530 minus
3062 4475 3350 4530 sanctitate
3374 4488 3540 4544 quam
3581 4473 3903 4535 eruditione

2291 4570 2470 4625 clarus
2498 4566 2693 4622 ell‘ulsit
2721 4583 2733 4619 :
2764 4565 2830 4621 de
2856 4580 2965 4636 quo
2993 4565 3179 4621 beatus
3208 4564 3501 4633 Gregorius
3528 4578 3671 4636 papa
3696 4566 3898 4622 inter-

593 4654 855 4767 imprirmis
884 4694 1283 4767 prm’tendimus,
1317 4654 1406 4765 qui
1436 4654 1681 4763 plurima
1708 4693 1774 4749 de
1804 4654 2182 4759 hacvratiunc,
2294 4661 2369 4765 li?
2398 4658 2919 4767 Ῑίδίίίῖθῇὶθξθψφ.
2950 4657 3182 4767 ’ῃ
3587 4659 3814 4767 piatam
3839 4670 3905 4717 α

2291 4751 2651 4808 miserationis
2670 4750 2850 4817 fuerit,
2865 4757 2924 4805 ut
2948 4759 3133 4821 postea
3154 4763 3316 4819 quam
3336 4749 3519 4804 omnia
3545 4764 3647 4806 sua
3677 4740 3735 4806 in
3760 4767 3903 4824 pau-

2294 4858 2483 4915 perum
2512 4858 2636 4898 usus
2663 4853 2719 4898 et
2745 4842 3079 4912 captivorum
3106 4840 3479 4898 liberationem
3528 4842 3898 4914 expenderet,

2293 4934 2458 4990 etiam
2483 4933 2717 5003 seipsum
2738 4933 2791 4985 in
2813 4930 3122 4986 servitutem
3144 4946 3244 5001 pro
3272 4929 3384 4985 lilio
3410 4930 3693 5000 cujusdam
3716 4932 3904 4989 vidum

2297 5027 2601 5090 tradiderit;
2634 5041 2665 5081 a
2693 5040 2798 5095 qua
2820 5023 3034 5080 tandem
3064 5039 3187 5080 cum
3210 5023 3395 5081 multis
3422 5025 3655 5099 captivis
3674 5026 3751 5082 ob
3769 5027 3902 5082 vitm

2294 5119 2545 5175 meritum
2573 5116 2823 5174 dimissus
2842 5114 2959 5171 fuit.
2989 5115 3214 5187 Scripsit
3234 5125 3345 5171 tam
3368 5123 3544 5173 metro
3571 5110 3743 5188 quam
3766 5119 3903 5191 pro-

2294 5226 2353 5268 sa
2383 5211 2550 5265 multa
2576 5209 2874 5275 volumina,
2904 5208 2973 5265 de
2996 5209 3190 5281 quibus
3219 5210 3320 5266 ista
3347 5213 3597 5266 fertmtur
3630 5230 3645 5265 :
3678 5212 3763 5269 De
3792 5214 3901 5270 Sa-

2295 5305 2584 5365 cramentis
2626 5305 2719 5359 lib.
2763 5322 2811 5372 1;
2858 5302 3244 5376 Panegyricum
3274 5303 3566 5360 Theodosii
3608 5304 3709 5363 lib.
3738 5324 3790 5370 ις
3825 5309 3905 5366 De

2293 5398 2581 5456 Contemlu
2611 5398 2794 5453 mundi
2834 5397 2925 5453 lib.
2969 5412 3015 5463 t;
3039 5396 3114 5452 De
3141 5396 3619 5453 Benedictionibus
3658 5402 3904 5470 patriar-

2289 5492 2511 5549 ciiarurn
2539 5488 2632 5544 lib.
2656 5504 2701 5556 ις
2733 5487 2815 5544 Ad
2851 5487 3111 5544 Severum
3149 5486 3447 5561 Sulpicium
3495 5488 3768 5559 epistolas
3800 5490 3901 5557 is;

2288 5585 2464 5641 Vitam
2494 5582 2552 5639 S.
2575 5582 2769 5638 Felicis
2793 5579 2984 5636 Nolani
3003 5581 3245 5653 episcopi
3263 5580 3358 5636 lib.
3381 5598 3434 5647 ι;
3464 5580 3543 5635 De
3564 5578 3752 5638 Morte
3774 5584 3908 5655 bap-

2285 5678 2434 5734 tizati
2490 5676 2708 5732 infantis
2751 5675 2845 5731 lib.
2895 5682 2942 5741 t;
2992 5674 3327 5747 liymnorum
3369 5674 3590 5731 diverso
3647 5679 3919 5734 carmine.

598 5765 695 5820 tim
715 5780 836 5823 cum
864 5776 921 5825 et
961 5768 1103 5841 apud
1142 5768 1385 5826 Saxones
1420 5779 1479 5827 et
1522 5770 1666 5841 apud
1701 5769 2178 5839 Langobardorum
2282 5773 2377 5829 lib.
2400 5786 2437 5837 ις
2470 5770 2545 5824 De
2565 5767 2886 5848 Pmnitentia
2906 5768 2996 5824 lib.
3021 5780 3070 5835 1';
3102 5766 3375 5825 DeLaude
3394 5776 3701 5842 martyrum
3724 5771 3826 5829 lib.
3853 5791 3903 5842 1;

649 5910 674 5938 δ
704 5900 802 5958 Ms.
835 5900 1008 5957 codex
1044 5900 1184 5971 Big.,
1217 5901 1352 5956 beati
1381 5900 1617 5972 Gregorii
1662 5902 1944 5973 pontiﬁcis,
1975 5904 2257 5974 Anglorum
2280 5903 2475 5959 scilicet
2502 5900 2667 5971 gentis
2691 5900 2929 5971 apostoli.
