  <div class='ocr_page' id='page_1' title='image "/cluster/home/n/w/nwhite01/storage/ocr_20150623/61/umn.31951002477354t/082.png"; bbox 0 0 4000 6402; ppageno 0'>
   <div class='ocr_carea' id='block_1_1' title="bbox 242 352 340 411">
    <p class='ocr_par' dir='ltr' id='par_1_1' title="bbox 242 352 340 411">
     <span class='ocr_line' id='line_1_1' title="bbox 242 352 340 411; baseline 0.02 -1"><span class='ocrx_word' id='word_1_1' title='bbox 242 352 340 411; x_wconf 68' lang='grc' dir='ltr'><strong>με</strong></span> 
     </span>
    </p>
   </div>
   <div class='ocr_carea' id='block_1_2' title="bbox 1608 354 2132 417">
    <p class='ocr_par' dir='ltr' id='par_1_2' title="bbox 1608 354 2132 417">
     <span class='ocr_line' id='line_1_2' title="bbox 1608 354 2132 417; baseline -0.006 -2"><span class='ocrx_word' id='word_1_2' title='bbox 1608 354 2132 417; x_wconf 73' lang='lat' dir='ltr'><strong>PROLEGOIIENA.</strong></span> 
     </span>
    </p>
   </div>
   <div class='ocr_carea' id='block_1_3' title="bbox 3422 371 3524 431">
    <p class='ocr_par' dir='ltr' id='par_1_3' title="bbox 3422 371 3524 431">
     <span class='ocr_line' id='line_1_3' title="bbox 3422 371 3524 431; baseline 0.059 -5"><span class='ocrx_word' id='word_1_3' title='bbox 3422 371 3524 431; x_wconf 72' lang='lat' dir='ltr'><strong>HG</strong></span> 
     </span>
    </p>
   </div>
   <div class='ocr_carea' id='block_1_4' title="bbox 239 469 3528 550">
    <p class='ocr_par' dir='ltr' id='par_1_4' title="bbox 239 469 3528 550">
     <span class='ocr_line' id='line_1_4' title="bbox 239 469 3528 550; baseline 0.005 -22"><span class='ocrx_word' id='word_1_4' title='bbox 239 469 592 543; x_wconf 71' lang='lat' dir='ltr'><strong>Epistolarum</strong></span> <span class='ocrx_word' id='word_1_5' title='bbox 618 470 690 529; x_wconf 84' lang='lat' dir='ltr'><strong>ad</strong></span> <span class='ocrx_word' id='word_1_6' title='bbox 716 471 968 533; x_wconf 80' lang='lat' dir='ltr'><strong>diversos</strong></span> <span class='ocrx_word' id='word_1_7' title='bbox 988 475 1086 533; x_wconf 92' lang='lat' dir='ltr'><strong>lib.</strong></span> <span class='ocrx_word' id='word_1_8' title='bbox 1115 489 1155 533; x_wconf 85' lang='grc' dir='ltr'><strong>ι.</strong></span> <span class='ocrx_word' id='word_1_9' title='bbox 1184 473 1306 535; x_wconf 87' lang='lat' dir='ltr'><strong>Alia</strong></span> <span class='ocrx_word' id='word_1_10' title='bbox 1330 491 1549 550; x_wconf 84' lang='lat' dir='ltr'><strong>quoque</strong></span> <span class='ocrx_word' id='word_1_11' title='bbox 1574 479 1832 537; x_wconf 84' lang='lat' dir='ltr'><strong>nonnulla</strong></span> <span class='ocrx_word' id='word_1_12' title='bbox 1859 480 1912 541; x_wconf 76' lang='grc' dir='ltr'><strong>Α</strong></span> <span class='ocrx_word' id='word_1_13' title='bbox 1934 491 2165 535; x_wconf 77' lang='lat' dir='ltr'><strong>iooocus</strong></span> <span class='ocrx_word' id='word_1_14' title='bbox 2179 491 2369 534; x_wconf 72' lang='lat' dir='ltr'><strong>unius</strong></span> <span class='ocrx_word' id='word_1_15' title='bbox 2393 493 2690 549; x_wconf 68' lang='lat' dir='ltr'><strong>ASCERSIDB,</strong></span> <span class='ocrx_word' id='word_1_16' title='bbox 2711 497 2765 539; x_wconf 75' lang='lat' dir='ltr'><strong>ut</strong></span> <span class='ocrx_word' id='word_1_17' title='bbox 2785 499 3129 542; x_wconf 70' lang='lat' dir='ltr'><strong>purumne</strong></span> <span class='ocrx_word' id='word_1_18' title='bbox 3156 501 3223 542; x_wconf 63' lang='lat' dir='ltr'><strong>an</strong></span> <span class='ocrx_word' id='word_1_19' title='bbox 3246 501 3294 543; x_wconf 90' lang='lat' dir='ltr'><strong>s.</strong></span> <span class='ocrx_word' id='word_1_20' title='bbox 3317 502 3528 546; x_wconf 76' lang='lat' dir='ltr'><strong>PAULINI</strong></span> 
     </span>
    </p>
   </div>
   <div class='ocr_carea' id='block_1_5' title="bbox 241 556 1838 643">
    <p class='ocr_par' dir='ltr' id='par_1_5' title="bbox 241 556 1838 643">
     <span class='ocr_line' id='line_1_5' title="bbox 241 556 1838 643; baseline 0.008 -22"><span class='ocrx_word' id='word_1_21' title='bbox 241 567 427 636; x_wconf 81' lang='lat' dir='ltr'><strong>edidit,</strong></span> <span class='ocrx_word' id='word_1_22' title='bbox 452 581 575 638; x_wconf 69' lang='lat' dir='ltr'><strong>quis</strong></span> <span class='ocrx_word' id='word_1_23' title='bbox 695 568 948 628; x_wconf 86' lang='lat' dir='ltr'><strong>notitiam</strong></span> <span class='ocrx_word' id='word_1_24' title='bbox 985 587 1162 631; x_wconf 87' lang='lat' dir='ltr'><strong>meam</strong></span> <span class='ocrx_word' id='word_1_25' title='bbox 1181 589 1293 639; x_wconf 82' lang='lat' dir='ltr'><strong>non</strong></span> <span class='ocrx_word' id='word_1_26' title='bbox 1316 575 1838 636; x_wconf 81' lang='lat' dir='ltr'><strong>venerunt.&#39;Claruit</strong></span> 
     </span>
    </p>
   </div>
   <div class='ocr_carea' id='block_1_6' title="bbox 240 652 1831 741">
    <p class='ocr_par' dir='ltr' id='par_1_6' title="bbox 240 652 1831 741">
     <span class='ocr_line' id='line_1_6' title="bbox 240 652 1831 741; baseline 0.009 -26"><span class='ocrx_word' id='word_1_27' title='bbox 240 659 341 715; x_wconf 85' lang='lat' dir='ltr'><strong>sub</strong></span> <span class='ocrx_word' id='word_1_28' title='bbox 382 658 625 741; x_wconf 72' lang='lat' dir='ltr'><strong>Honorio</strong></span> <span class='ocrx_word' id='word_1_29' title='bbox 667 668 728 720; x_wconf 88' lang='lat' dir='ltr'><strong>et</strong></span> <span class='ocrx_word' id='word_1_30' title='bbox 773 662 1158 724; x_wconf 72' lang='lat' dir='ltr'><strong>Valentiniano</strong></span> <span class='ocrx_word' id='word_1_31' title='bbox 1186 667 1523 741; x_wconf 77' lang='lat' dir='ltr'><strong>principibus</strong></span> <span class='ocrx_word' id='word_1_32' title='bbox 1547 652 1691 726; x_wconf 84' lang='lat' dir='ltr'><strong>anno</strong></span> <span class='ocrx_word' id='word_1_33' title='bbox 1719 669 1831 729; x_wconf 85' lang='lat' dir='ltr'><strong>Do-</strong></span> 
     </span>
    </p>
   </div>
   <div class='ocr_carea' id='block_1_7' title="bbox 239 746 1544 810">
    <p class='ocr_par' dir='ltr' id='par_1_7' title="bbox 239 746 1544 810">
     <span class='ocr_line' id='line_1_7' title="bbox 239 746 1544 810; baseline 0.006 -1"><span class='ocrx_word' id='word_1_34' title='bbox 239 750 372 810; x_wconf 84' lang='lat' dir='ltr'><strong>mini</strong></span> <span class='ocrx_word' id='word_1_35' title='bbox 393 751 518 810; x_wconf 56' lang='lat' dir='ltr'><strong>rso.</strong></span> <span class='ocrx_word' id='word_1_36' title='bbox 1541 746 1544 750; x_wconf 41' lang='grc' dir='ltr'>λ</span> 
     </span>
    </p>
   </div>
   <div class='ocr_carea' id='block_1_8' title="bbox 342 886 1703 973">
    <p class='ocr_par' dir='ltr' id='par_1_8' title="bbox 342 886 1703 973">
     <span class='ocr_line' id='line_1_8' title="bbox 342 886 1703 973; baseline 0.012 -29"><span class='ocrx_word' id='word_1_37' title='bbox 342 906 602 948; x_wconf 69' lang='lat' dir='ltr'><strong>sar-risu</strong></span> <span class='ocrx_word' id='word_1_38' title='bbox 623 886 971 962; x_wconf 51' lang='lat' dir='ltr'><strong>staremus,</strong></span> <span class='ocrx_word' id='word_1_39' title='bbox 1001 910 1176 955; x_wconf 71' lang='lat' dir='ltr'><strong>roma</strong></span> <span class='ocrx_word' id='word_1_40' title='bbox 1199 913 1629 973; x_wconf 63' lang='lat' dir='ltr'><strong>cinnamum,</strong></span> <span class='ocrx_word' id='word_1_41' title='bbox 1651 919 1703 961; x_wconf 72' lang='lat' dir='ltr'><strong>ll!</strong></span> 
     </span>
    </p>
   </div>
   <div class='ocr_carea' id='block_1_9' title="bbox 841 980 1225 1027">
    <p class='ocr_par' dir='ltr' id='par_1_9' title="bbox 841 980 1225 1027">
     <span class='ocr_line' id='line_1_9' title="bbox 841 980 1225 1027; baseline 0.008 -5"><span class='ocrx_word' id='word_1_42' title='bbox 841 980 1225 1027; x_wconf 68' lang='grc' dir='ltr'><strong>Αροιοοετιεο.</strong></span> 
     </span>
    </p>
   </div>
   <div class='ocr_carea' id='block_1_10' title="bbox 306 1073 1832 1165">
    <p class='ocr_par' dir='ltr' id='par_1_10' title="bbox 306 1073 1832 1165">
     <span class='ocr_line' id='line_1_10' title="bbox 306 1073 1832 1165; baseline 0.013 -35"><span class='ocrx_word' id='word_1_43' title='bbox 306 1073 450 1144; x_wconf 83' lang='lat' dir='ltr'><strong>Quid</strong></span> <span class='ocrx_word' id='word_1_44' title='bbox 474 1075 544 1134; x_wconf 88' lang='lat' dir='ltr'><strong>de</strong></span> <span class='ocrx_word' id='word_1_45' title='bbox 571 1075 797 1136; x_wconf 81' lang='lat' dir='ltr'><strong>Paulino</strong></span> <span class='ocrx_word' id='word_1_46' title='bbox 822 1079 1044 1139; x_wconf 62' lang='lat' dir='ltr'><strong>Nolanis</strong></span> <span class='ocrx_word' id='word_1_47' title='bbox 1075 1084 1225 1142; x_wconf 86' lang='lat' dir='ltr'><strong>urbis</strong></span> <span class='ocrx_word' id='word_1_48' title='bbox 1250 1087 1538 1161; x_wconf 87' lang='lat' dir='ltr'><strong>episcopo,</strong></span> <span class='ocrx_word' id='word_1_49' title='bbox 1567 1087 1832 1165; x_wconf 82' lang='lat' dir='ltr'><strong>Hierony-</strong></span> 
     </span>
    </p>
   </div>
   <div class='ocr_carea' id='block_1_11' title="bbox 235 1166 1833 1251">
    <p class='ocr_par' dir='ltr' id='par_1_11' title="bbox 235 1166 1833 1251">
     <span class='ocr_line' id='line_1_11' title="bbox 235 1166 1833 1251; baseline 0.013 -28"><span class='ocrx_word' id='word_1_50' title='bbox 235 1168 309 1224; x_wconf 90' lang='lat' dir='ltr'><strong>mi</strong></span> <span class='ocrx_word' id='word_1_51' title='bbox 335 1166 796 1243; x_wconf 83' lang='lat' dir='ltr'><strong>contemporaneo</strong></span> <span class='ocrx_word' id='word_1_52' title='bbox 842 1181 901 1232; x_wconf 88' lang='lat' dir='ltr'><strong>et</strong></span> <span class='ocrx_word' id='word_1_53' title='bbox 938 1173 1219 1237; x_wconf 79' lang='lat' dir='ltr'><strong>familiari?</strong></span> <span class='ocrx_word' id='word_1_54' title='bbox 1246 1180 1374 1251; x_wconf 89' lang='lat' dir='ltr'><strong>quid</strong></span> <span class='ocrx_word' id='word_1_55' title='bbox 1401 1182 1616 1241; x_wconf 77' lang='lat' dir='ltr'><strong>dicam?</strong></span> <span class='ocrx_word' id='word_1_56' title='bbox 1643 1184 1833 1243; x_wconf 82' lang='lat' dir='ltr'><strong>Nonne</strong></span> 
     </span>
    </p>
   </div>
   <div class='ocr_carea' id='block_1_12' title="bbox 234 1261 1829 1353">
    <p class='ocr_par' dir='ltr' id='par_1_12' title="bbox 234 1261 1829 1353">
     <span class='ocr_line' id='line_1_12' title="bbox 234 1261 1829 1353; baseline 0.013 -37"><span class='ocrx_word' id='word_1_57' title='bbox 234 1261 600 1334; x_wconf 80' lang='lat' dir='ltr'><strong>pulcherrima</strong></span> <span class='ocrx_word' id='word_1_58' title='bbox 619 1280 737 1339; x_wconf 71' lang='lat' dir='ltr'><strong>qua:</strong></span> <span class='ocrx_word' id='word_1_59' title='bbox 755 1266 935 1326; x_wconf 86' lang='lat' dir='ltr'><strong>adhuc</strong></span> <span class='ocrx_word' id='word_1_60' title='bbox 957 1266 1191 1347; x_wconf 61' lang='lat' dir='ltr'><strong>castam,</strong></span> <span class='ocrx_word' id='word_1_61' title='bbox 1215 1283 1270 1347; x_wconf 86' lang='lat' dir='ltr'><strong>et</strong></span> <span class='ocrx_word' id='word_1_62' title='bbox 1288 1286 1505 1353; x_wconf 84' lang='lat' dir='ltr'><strong>semper</strong></span> <span class='ocrx_word' id='word_1_63' title='bbox 1522 1280 1829 1350; x_wconf 73' lang='lat' dir='ltr'><strong>exstabant,</strong></span> 
     </span>
    </p>
   </div>
   <div class='ocr_carea' id='block_1_13' title="bbox 235 1354 1829 1441">
    <p class='ocr_par' dir='ltr' id='par_1_13' title="bbox 235 1354 1829 1441">
     <span class='ocr_line' id='line_1_13' title="bbox 235 1354 1829 1441; baseline 0.012 -30"><span class='ocrx_word' id='word_1_64' title='bbox 235 1355 454 1412; x_wconf 89' lang='lat' dir='ltr'><strong>excudit</strong></span> <span class='ocrx_word' id='word_1_65' title='bbox 479 1359 770 1430; x_wconf 80' lang='lat' dir='ltr'><strong>poemata?</strong></span> <span class='ocrx_word' id='word_1_66' title='bbox 784 1354 936 1429; x_wconf 24' lang='lat' dir='ltr'><strong>,Cum</strong></span> <span class='ocrx_word' id='word_1_67' title='bbox 965 1356 1143 1427; x_wconf 80' lang='lat' dir='ltr'><strong>adhuc</strong></span> <span class='ocrx_word' id='word_1_68' title='bbox 1158 1356 1595 1425; x_wconf 64' lang='lat' dir='ltr'><strong>adolescentulus</strong></span> <span class='ocrx_word' id='word_1_69' title='bbox 1621 1386 1798 1437; x_wconf 85' lang='lat' dir='ltr'><strong>essem</strong></span> <span class='ocrx_word' id='word_1_70' title='bbox 1811 1414 1829 1441; x_wconf 89' lang='lat'><strong>,</strong></span> 
     </span>
    </p>
   </div>
   <div class='ocr_carea' id='block_1_14' title="bbox 234 1442 1833 1525">
    <p class='ocr_par' dir='ltr' id='par_1_14' title="bbox 234 1442 1833 1525">
     <span class='ocr_line' id='line_1_14' title="bbox 234 1442 1833 1525; baseline 0.012 -22"><span class='ocrx_word' id='word_1_71' title='bbox 234 1455 297 1525; x_wconf 83' lang='lat' dir='ltr'><strong>et</strong></span> <span class='ocrx_word' id='word_1_72' title='bbox 313 1463 349 1503; x_wconf 89' lang='lat' dir='ltr'><strong>a</strong></span> <span class='ocrx_word' id='word_1_73' title='bbox 375 1442 980 1525; x_wconf 30' lang='lat' dir='ltr'><strong>studiis’ecdesiasticis</strong></span> <span class='ocrx_word' id='word_1_74' title='bbox 1006 1454 1148 1525; x_wconf 81' lang='lat' dir='ltr'><strong>illius</strong></span> <span class='ocrx_word' id='word_1_75' title='bbox 1183 1458 1360 1515; x_wconf 64' lang='lat' dir='ltr'><strong>aetatis</strong></span> <span class='ocrx_word' id='word_1_76' title='bbox 1387 1475 1540 1518; x_wconf 88' lang='lat' dir='ltr'><strong>more</strong></span> <span class='ocrx_word' id='word_1_77' title='bbox 1566 1462 1833 1521; x_wconf 85' lang='lat' dir='ltr'><strong>abhorre-</strong></span> 
     </span>
    </p>
   </div>
   <div class='ocr_carea' id='block_1_15' title="bbox 232 1538 1836 1619">
    <p class='ocr_par' dir='ltr' id='par_1_15' title="bbox 232 1538 1836 1619">
     <span class='ocr_line' id='line_1_15' title="bbox 232 1538 1836 1619; baseline 0.011 -25"><span class='ocrx_word' id='word_1_78' title='bbox 232 1552 369 1608; x_wconf 87' lang='lat' dir='ltr'><strong>rem,</strong></span> <span class='ocrx_word' id='word_1_79' title='bbox 403 1540 547 1597; x_wconf 87' lang='lat' dir='ltr'><strong>forte</strong></span> <span class='ocrx_word' id='word_1_80' title='bbox 572 1538 628 1598; x_wconf 85' lang='lat' dir='ltr'><strong>in</strong></span> <span class='ocrx_word' id='word_1_81' title='bbox 655 1558 725 1607; x_wconf 82' lang='lat' dir='ltr'><strong>ea</strong></span> <span class='ocrx_word' id='word_1_82' title='bbox 746 1553 999 1616; x_wconf 87' lang='lat' dir='ltr'><strong>poemata</strong></span> <span class='ocrx_word' id='word_1_83' title='bbox 1028 1546 1219 1619; x_wconf 85' lang='lat' dir='ltr'><strong>incidi,</strong></span> <span class='ocrx_word' id='word_1_84' title='bbox 1244 1540 1341 1608; x_wconf 42' lang='lat' dir='ltr'><strong>&#39;et&#39;</strong></span> <span class='ocrx_word' id='word_1_85' title='bbox 1365 1554 1618 1612; x_wconf 79' lang='lat' dir='ltr'><strong>carminis</strong></span> <span class='ocrx_word' id='word_1_86' title='bbox 1653 1557 1836 1614; x_wconf 78' lang='lat' dir='ltr'><strong>suavi-</strong></span> 
     </span>
    </p>
   </div>
   <div class='ocr_carea' id='block_1_16' title="bbox 233 1629 1834 1719">
    <p class='ocr_par' dir='ltr' id='par_1_16' title="bbox 233 1629 1834 1719">
     <span class='ocr_line' id='line_1_16' title="bbox 233 1629 1834 1719; baseline 0.013 -34"><span class='ocrx_word' id='word_1_87' title='bbox 233 1636 346 1686; x_wconf 95' lang='lat' dir='ltr'><strong>tate</strong></span> <span class='ocrx_word' id='word_1_88' title='bbox 371 1629 677 1707; x_wconf 72' lang='lat' dir='ltr'><strong>delectatus</strong></span> <span class='ocrx_word' id='word_1_89' title='bbox 710 1636 951 1692; x_wconf 85' lang='lat' dir='ltr'><strong>animum</strong></span> <span class='ocrx_word' id='word_1_90' title='bbox 975 1637 1056 1694; x_wconf 83' lang='lat' dir='ltr'><strong>ad</strong></span> <span class='ocrx_word' id='word_1_91' title='bbox 1090 1654 1191 1697; x_wconf 79' lang='lat' dir='ltr'><strong>res</strong></span> <span class='ocrx_word' id='word_1_92' title='bbox 1207 1640 1416 1699; x_wconf 86' lang='lat' dir='ltr'><strong>divinas</strong></span> <span class='ocrx_word' id='word_1_93' title='bbox 1438 1646 1698 1716; x_wconf 78' lang='lat' dir='ltr'><strong>paulatim</strong></span> <span class='ocrx_word' id='word_1_94' title='bbox 1733 1662 1834 1719; x_wconf 84' lang='lat' dir='ltr'><strong>ap-</strong></span> 
     </span>
    </p>
   </div>
   <div class='ocr_carea' id='block_1_17' title="bbox 231 1720 1833 1801">
    <p class='ocr_par' dir='ltr' id='par_1_17' title="bbox 231 1720 1833 1801">
     <span class='ocr_line' id='line_1_17' title="bbox 231 1720 1833 1801; baseline 0.014 -25"><span class='ocrx_word' id='word_1_95' title='bbox 231 1721 364 1793; x_wconf 91' lang='lat' dir='ltr'><strong>puli,</strong></span> <span class='ocrx_word' id='word_1_96' title='bbox 394 1730 451 1779; x_wconf 89' lang='lat' dir='ltr'><strong>et</strong></span> <span class='ocrx_word' id='word_1_97' title='bbox 479 1739 549 1781; x_wconf 79' lang='lat' dir='ltr'><strong>ex</strong></span> <span class='ocrx_word' id='word_1_98' title='bbox 582 1724 678 1782; x_wconf 92' lang='lat' dir='ltr'><strong>illo</strong></span> <span class='ocrx_word' id='word_1_99' title='bbox 702 1733 963 1801; x_wconf 74' lang='lat' dir='ltr'><strong>tempore</strong></span> <span class='ocrx_word' id='word_1_100' title='bbox 984 1720 1282 1789; x_wconf 81' lang='lat' dir='ltr'><strong>litterarum</strong></span> <span class='ocrx_word' id='word_1_101' title='bbox 1313 1748 1602 1793; x_wconf 64' lang='lat' dir='ltr'><strong>sacrarum.</strong></span> <span class='ocrx_word' id='word_1_102' title='bbox 1624 1739 1833 1797; x_wconf 82' lang='lat' dir='ltr'><strong>studio-</strong></span> 
     </span>
    </p>
   </div>
   <div class='ocr_carea' id='block_1_18' title="bbox 230 1813 471 1872">
    <p class='ocr_par' dir='ltr' id='par_1_18' title="bbox 230 1813 471 1872">
     <span class='ocr_line' id='line_1_18' title="bbox 230 1813 471 1872; baseline 0 -1"><span class='ocrx_word' id='word_1_103' title='bbox 230 1813 346 1871; x_wconf 83' lang='lat' dir='ltr'><strong>sior</strong></span> <span class='ocrx_word' id='word_1_104' title='bbox 374 1814 471 1872; x_wconf 90' lang='lat' dir='ltr'><strong>fui.</strong></span> 
     </span>
    </p>
   </div>
   <div class='ocr_carea' id='block_1_19' title="bbox 450 1943 1617 2007">
    <p class='ocr_par' dir='ltr' id='par_1_19' title="bbox 450 1943 1617 2007">
     <span class='ocr_line' id='line_1_19' title="bbox 450 1943 1617 2007; baseline 0.013 -23"><span class='ocrx_word' id='word_1_105' title='bbox 450 1946 743 1986; x_wconf 67' lang='lat' dir='ltr'><strong>AIBBOSJUS</strong></span> <span class='ocrx_word' id='word_1_106' title='bbox 762 1947 1016 1998; x_wconf 62' lang='lat'><strong>1.80.143.</strong></span> <span class='ocrx_word' id='word_1_107' title='bbox 1038 1951 1077 1991; x_wconf 87' lang='grc' dir='ltr'><strong>ιι</strong></span> <span class='ocrx_word' id='word_1_108' title='bbox 1092 1951 1171 1995; x_wconf 70' lang='grc' dir='ltr'><strong>»ι</strong></span> <span class='ocrx_word' id='word_1_109' title='bbox 1197 1952 1357 2007; x_wconf 71' lang='lat' dir='ltr'><strong>nou,</strong></span> <span class='ocrx_word' id='word_1_110' title='bbox 1382 1956 1500 1997; x_wconf 72' lang='lat' dir='ltr'><strong>car.</strong></span> <span class='ocrx_word' id='word_1_111' title='bbox 1528 1943 1617 1998; x_wconf 69' lang='grc'><strong>15.</strong></span> 
     </span>
    </p>
   </div>
   <div class='ocr_carea' id='block_1_20' title="bbox 296 2041 1833 2127">
    <p class='ocr_par' dir='ltr' id='par_1_20' title="bbox 296 2041 1833 2127">
     <span class='ocr_line' id='line_1_20' title="bbox 296 2041 1833 2127; baseline 0.01 -29"><span class='ocrx_word' id='word_1_112' title='bbox 296 2041 576 2098; x_wconf 76' lang='lat' dir='ltr'><strong>Sacellum</strong></span> <span class='ocrx_word' id='word_1_113' title='bbox 603 2060 736 2100; x_wconf 79' lang='lat' dir='ltr'><strong>vero</strong></span> <span class='ocrx_word' id='word_1_114' title='bbox 759 2049 870 2099; x_wconf 78' lang='lat' dir='ltr'><strong>nivi</strong></span> <span class='ocrx_word' id='word_1_115' title='bbox 899 2050 1349 2123; x_wconf 68' lang='lat' dir='ltr'><strong>Pautmiubinam</strong></span> <span class='ocrx_word' id='word_1_116' title='bbox 1376 2054 1467 2122; x_wconf 85' lang='lat' dir='ltr'><strong>sit,</strong></span> <span class='ocrx_word' id='word_1_117' title='bbox 1496 2054 1701 2112; x_wconf 86' lang='lat' dir='ltr'><strong>clarum</strong></span> <span class='ocrx_word' id='word_1_118' title='bbox 1727 2064 1833 2127; x_wconf 83' lang='lat' dir='ltr'><strong>est,</strong></span> 
     </span>
    </p>
   </div>
   <div class='ocr_carea' id='block_1_21' title="bbox 226 2130 1834 2221">
    <p class='ocr_par' dir='ltr' id='par_1_21' title="bbox 226 2130 1834 2221">
     <span class='ocr_line' id='line_1_21' title="bbox 226 2130 1834 2221; baseline 0.011 -33"><span class='ocrx_word' id='word_1_119' title='bbox 226 2130 387 2216; x_wconf 68' lang='lat' dir='ltr'><strong>sedes</strong></span> <span class='ocrx_word' id='word_1_120' title='bbox 399 2132 533 2190; x_wconf 83' lang='lat' dir='ltr'><strong>sola-</strong></span> <span class='ocrx_word' id='word_1_121' title='bbox 549 2139 649 2190; x_wconf 86' lang='lat' dir='ltr'><strong>est</strong></span> <span class='ocrx_word' id='word_1_122' title='bbox 674 2134 880 2204; x_wconf 83' lang='lat' dir='ltr'><strong>absque</strong></span> <span class='ocrx_word' id='word_1_123' title='bbox 924 2138 1084 2196; x_wconf 80' lang='lat' dir='ltr'><strong>cella.</strong></span> <span class='ocrx_word' id='word_1_124' title='bbox 1133 2143 1294 2215; x_wconf 77' lang='lat'><strong>119</strong></span> <span class='ocrx_word' id='word_1_125' title='bbox 1319 2141 1499 2201; x_wconf 70' lang='lat' dir='ltr'><strong>Hmret</strong></span> <span class='ocrx_word' id='word_1_126' title='bbox 1539 2146 1616 2203; x_wconf 87' lang='lat' dir='ltr'><strong>illi</strong></span> <span class='ocrx_word' id='word_1_127' title='bbox 1639 2162 1834 2221; x_wconf 70' lang='lat' dir='ltr'><strong>magna</strong></span> 
     </span>
    </p>
   </div>
   <div class='ocr_carea' id='block_1_22' title="bbox 226 2224 1835 2307">
    <p class='ocr_par' dir='ltr' id='par_1_22' title="bbox 226 2224 1835 2307">
     <span class='ocr_line' id='line_1_22' title="bbox 226 2224 1835 2307; baseline 0.011 -26"><span class='ocrx_word' id='word_1_128' title='bbox 226 2224 445 2293; x_wconf 86' lang='lat' dir='ltr'><strong>domus,</strong></span> <span class='ocrx_word' id='word_1_129' title='bbox 477 2241 599 2297; x_wconf 74' lang='lat' dir='ltr'><strong>qua:</strong></span> <span class='ocrx_word' id='word_1_130' title='bbox 628 2228 785 2285; x_wconf 89' lang='lat' dir='ltr'><strong>nobis</strong></span> <span class='ocrx_word' id='word_1_131' title='bbox 810 2232 992 2307; x_wconf 87' lang='lat' dir='ltr'><strong>pueris</strong></span> <span class='ocrx_word' id='word_1_132' title='bbox 1022 2234 1315 2307; x_wconf 83' lang='lat' dir='ltr'><strong>hospitium</strong></span> <span class='ocrx_word' id='word_1_133' title='bbox 1339 2237 1713 2296; x_wconf 88' lang='lat' dir='ltr'><strong>mendicorum</strong></span> <span class='ocrx_word' id='word_1_134' title='bbox 1741 2256 1835 2299; x_wconf 81' lang='lat' dir='ltr'><strong>so-</strong></span> 
     </span>
    </p>
   </div>
   <div class='ocr_carea' id='block_1_23' title="bbox 227 2313 1833 2405">
    <p class='ocr_par' dir='ltr' id='par_1_23' title="bbox 227 2313 1833 2405">
     <span class='ocr_line' id='line_1_23' title="bbox 227 2313 1833 2405; baseline 0.012 -33"><span class='ocrx_word' id='word_1_135' title='bbox 542 2320 949 2385; x_wconf 80' lang='lat' dir='ltr'><strong>adventantium</strong></span> <span class='ocrx_word' id='word_1_136' title='bbox 983 2335 1130 2396; x_wconf 85' lang='lat' dir='ltr'><strong>erat;</strong></span> <span class='ocrx_word' id='word_1_137' title='bbox 1161 2329 1417 2401; x_wconf 75' lang='lat' dir='ltr'><strong>hospitale</strong></span> <span class='ocrx_word' id='word_1_138' title='bbox 1449 2346 1572 2387; x_wconf 86' lang='lat' dir='ltr'><strong>eam</strong></span> <span class='ocrx_word' id='word_1_139' title='bbox 1607 2328 1680 2390; x_wconf 89' lang='lat' dir='ltr'><strong>ob</strong></span> <span class='ocrx_word' id='word_1_140' title='bbox 1713 2348 1833 2391; x_wconf 87' lang='lat' dir='ltr'><strong>rem</strong></span> 
     </span>
    </p>
   </div>
   <div class='ocr_carea' id='block_1_24' title="bbox 228 2410 1833 2493">
    <p class='ocr_par' dir='ltr' id='par_1_24' title="bbox 228 2410 1833 2493">
     <span class='ocr_line' id='line_1_24' title="bbox 228 2410 1833 2493; baseline 0.012 -29"><span class='ocrx_word' id='word_1_141' title='bbox 228 2410 592 2481; x_wconf 85' lang='lat' dir='ltr'><strong>appellatum,</strong></span> <span class='ocrx_word' id='word_1_142' title='bbox 626 2421 685 2470; x_wconf 92' lang='lat' dir='ltr'><strong>et</strong></span> <span class='ocrx_word' id='word_1_143' title='bbox 710 2415 780 2471; x_wconf 86' lang='lat' dir='ltr'><strong>ab</strong></span> <span class='ocrx_word' id='word_1_144' title='bbox 807 2416 927 2489; x_wconf 89' lang='lat' dir='ltr'><strong>ipso</strong></span> <span class='ocrx_word' id='word_1_145' title='bbox 954 2426 1069 2476; x_wconf 86' lang='lat' dir='ltr'><strong>tota</strong></span> <span class='ocrx_word' id='word_1_146' title='bbox 1093 2418 1290 2479; x_wconf 81' lang='lat' dir='ltr'><strong>vicinia</strong></span> <span class='ocrx_word' id='word_1_147' title='bbox 1320 2424 1657 2493; x_wconf 73' lang='lat' dir='ltr'><strong>cognominis</strong></span> <span class='ocrx_word' id='word_1_148' title='bbox 1688 2424 1833 2484; x_wconf 87' lang='lat' dir='ltr'><strong>facta</strong></span> 
     </span>
    </p>
   </div>
   <div class='ocr_carea' id='block_1_25' title="bbox 227 2508 1833 2590">
    <p class='ocr_par' dir='ltr' id='par_1_25' title="bbox 227 2508 1833 2590">
     <span class='ocr_line' id='line_1_25' title="bbox 227 2508 1833 2590; baseline 0.011 -32"><span class='ocrx_word' id='word_1_149' title='bbox 227 2510 362 2558; x_wconf 69' lang='lat' dir='ltr'><strong>est&#39;:</strong></span> <span class='ocrx_word' id='word_1_150' title='bbox 392 2519 542 2561; x_wconf 81' lang='lat' dir='ltr'><strong>nunc</strong></span> <span class='ocrx_word' id='word_1_151' title='bbox 566 2521 700 2565; x_wconf 88' lang='lat' dir='ltr'><strong>vero</strong></span> <span class='ocrx_word' id='word_1_152' title='bbox 725 2508 783 2565; x_wconf 88' lang='lat' dir='ltr'><strong>in</strong></span> <span class='ocrx_word' id='word_1_153' title='bbox 814 2511 1121 2571; x_wconf 80' lang='lat' dir='ltr'><strong>cmnobium</strong></span> <span class='ocrx_word' id='word_1_154' title='bbox 1146 2523 1353 2573; x_wconf 87' lang='lat' dir='ltr'><strong>mutata</strong></span> <span class='ocrx_word' id='word_1_155' title='bbox 1374 2524 1476 2585; x_wconf 81' lang='lat' dir='ltr'><strong>cst,</strong></span> <span class='ocrx_word' id='word_1_156' title='bbox 1506 2518 1563 2574; x_wconf 88' lang='lat' dir='ltr'><strong>in</strong></span> <span class='ocrx_word' id='word_1_157' title='bbox 1585 2532 1696 2590; x_wconf 89' lang='lat' dir='ltr'><strong>quo</strong></span> <span class='ocrx_word' id='word_1_158' title='bbox 1723 2518 1833 2575; x_wconf 83' lang='lat' dir='ltr'><strong>divi</strong></span> 
     </span>
    </p>
   </div>
   <div class='ocr_carea' id='block_1_26' title="bbox 230 2591 1832 2669">
    <p class='ocr_par' dir='ltr' id='par_1_26' title="bbox 230 2591 1832 2669">
     <span class='ocr_line' id='line_1_26' title="bbox 230 2591 1832 2669; baseline 0.013 -21"><span class='ocrx_word' id='word_1_159' title='bbox 230 2591 521 2665; x_wconf 71' lang='lat' dir='ltr'><strong>Augustini</strong></span> <span class='ocrx_word' id='word_1_160' title='bbox 556 2600 868 2659; x_wconf 84' lang='lat' dir='ltr'><strong>sacerdotes</strong></span> <span class='ocrx_word' id='word_1_161' title='bbox 911 2603 1230 2665; x_wconf 68' lang='lat' dir='ltr'><strong>inhabitant.</strong></span> <span class='ocrx_word' id='word_1_162' title='bbox 1255 2606 1317 2666; x_wconf 83' lang='lat' dir='ltr'><strong>in</strong></span> <span class='ocrx_word' id='word_1_163' title='bbox 1355 2625 1424 2666; x_wconf 85' lang='lat' dir='ltr'><strong>eo</strong></span> <span class='ocrx_word' id='word_1_164' title='bbox 1461 2624 1600 2667; x_wconf 81' lang='lat' dir='ltr'><strong>vero</strong></span> <span class='ocrx_word' id='word_1_165' title='bbox 1629 2607 1832 2669; x_wconf 78' lang='lat' dir='ltr'><strong>sacello</strong></span> 
     </span>
    </p>
   </div>
   <div class='ocr_carea' id='block_1_27' title="bbox 229 2690 1832 2781">
    <p class='ocr_par' dir='ltr' id='par_1_27' title="bbox 229 2690 1832 2781">
     <span class='ocr_line' id='line_1_27' title="bbox 229 2690 1832 2781; baseline 0.008 -31"><span class='ocrx_word' id='word_1_166' title='bbox 229 2690 526 2781; x_wconf 59' lang='lat' dir='ltr'><strong>quamuis</strong></span> <span class='ocrx_word' id='word_1_167' title='bbox 562 2693 882 2752; x_wconf 59' lang='lat' dir='ltr'><strong>(admonita</strong></span> <span class='ocrx_word' id='word_1_168' title='bbox 929 2707 1093 2768; x_wconf 88' lang='lat' dir='ltr'><strong>atque</strong></span> <span class='ocrx_word' id='word_1_169' title='bbox 1124 2700 1376 2759; x_wconf 64' lang='lat' dir='ltr'><strong>nundinae</strong></span> <span class='ocrx_word' id='word_1_170' title='bbox 1417 2710 1669 2775; x_wconf 75' lang='lat' dir='ltr'><strong>aguntur,</strong></span> <span class='ocrx_word' id='word_1_171' title='bbox 1708 2720 1832 2781; x_wconf 90' lang='lat' dir='ltr'><strong>cum</strong></span> 
     </span>
    </p>
   </div>
   <div class='ocr_carea' id='block_1_28' title="bbox 229 2779 1832 2868">
    <p class='ocr_par' dir='ltr' id='par_1_28' title="bbox 229 2779 1832 2868">
     <span class='ocr_line' id='line_1_28' title="bbox 229 2779 1832 2868; baseline 0.016 -37"><span class='ocrx_word' id='word_1_172' title='bbox 229 2779 467 2851; x_wconf 78' lang='lat' dir='ltr'><strong>pompis,</strong></span> <span class='ocrx_word' id='word_1_173' title='bbox 495 2785 840 2853; x_wconf 85' lang='lat' dir='ltr'><strong>spectaculis,</strong></span> <span class='ocrx_word' id='word_1_174' title='bbox 871 2798 1034 2860; x_wconf 88' lang='lat' dir='ltr'><strong>atque</strong></span> <span class='ocrx_word' id='word_1_175' title='bbox 1060 2792 1321 2863; x_wconf 70' lang='lat' dir='ltr'><strong>magistro</strong></span> <span class='ocrx_word' id='word_1_176' title='bbox 1359 2795 1739 2868; x_wconf 86' lang='lat' dir='ltr'><strong>nundinarum,</strong></span> <span class='ocrx_word' id='word_1_177' title='bbox 1771 2806 1832 2856; x_wconf 91' lang='lat' dir='ltr'><strong>ut</strong></span> 
     </span>
    </p>
   </div>
   <div class='ocr_carea' id='block_1_29' title="bbox 229 2869 1835 2953">
    <p class='ocr_par' dir='ltr' id='par_1_29' title="bbox 229 2869 1835 2953">
     <span class='ocr_line' id='line_1_29' title="bbox 229 2869 1835 2953; baseline 0.016 -28"><span class='ocrx_word' id='word_1_178' title='bbox 229 2869 458 2929; x_wconf 88' lang='lat' dir='ltr'><strong>inferius</strong></span> <span class='ocrx_word' id='word_1_179' title='bbox 484 2876 712 2949; x_wconf 79' lang='lat' dir='ltr'><strong>amplius</strong></span> <span class='ocrx_word' id='word_1_180' title='bbox 742 2877 966 2948; x_wconf 80' lang='lat' dir='ltr'><strong>dicetur,</strong></span> <span class='ocrx_word' id='word_1_181' title='bbox 990 2883 1135 2953; x_wconf 88' lang='lat' dir='ltr'><strong>quod</strong></span> <span class='ocrx_word' id='word_1_182' title='bbox 1155 2883 1311 2943; x_wconf 84' lang='lat' dir='ltr'><strong>divus</strong></span> <span class='ocrx_word' id='word_1_183' title='bbox 1337 2889 1383 2943; x_wconf 88' lang='lat' dir='ltr'><strong>is</strong></span> <span class='ocrx_word' id='word_1_184' title='bbox 1407 2890 1666 2950; x_wconf 78' lang='lat' dir='ltr'><strong>servitute</strong></span> <span class='ocrx_word' id='word_1_185' title='bbox 1691 2892 1835 2950; x_wconf 89' lang='lat' dir='ltr'><strong>solu-</strong></span> 
     </span>
    </p>
   </div>
   <div class='ocr_carea' id='block_1_30' title="bbox 229 2968 1834 3045">
    <p class='ocr_par' dir='ltr' id='par_1_30' title="bbox 229 2968 1834 3045">
     <span class='ocr_line' id='line_1_30' title="bbox 229 2968 1834 3045; baseline 0.017 -28"><span class='ocrx_word' id='word_1_186' title='bbox 229 2970 338 3029; x_wconf 89' lang='lat' dir='ltr'><strong>tus,</strong></span> <span class='ocrx_word' id='word_1_187' title='bbox 371 2976 534 3037; x_wconf 82' lang='lat' dir='ltr'><strong>atque</strong></span> <span class='ocrx_word' id='word_1_188' title='bbox 580 2970 647 3026; x_wconf 87' lang='lat' dir='ltr'><strong>ab</strong></span> <span class='ocrx_word' id='word_1_189' title='bbox 687 2968 866 3029; x_wconf 78' lang='lat' dir='ltr'><strong>Africa</strong></span> <span class='ocrx_word' id='word_1_190' title='bbox 903 2973 1119 3033; x_wconf 83' lang='lat' dir='ltr'><strong>rediens</strong></span> <span class='ocrx_word' id='word_1_191' title='bbox 1154 2976 1378 3045; x_wconf 83' lang='lat' dir='ltr'><strong>Nolam,</strong></span> <span class='ocrx_word' id='word_1_192' title='bbox 1410 2996 1594 3039; x_wconf 82' lang='lat' dir='ltr'><strong>secum</strong></span> <span class='ocrx_word' id='word_1_193' title='bbox 1639 2998 1834 3043; x_wconf 82' lang='lat' dir='ltr'><strong>omnes</strong></span> 
     </span>
    </p>
   </div>
   <div class='ocr_carea' id='block_1_31' title="bbox 229 3054 1834 3146">
    <p class='ocr_par' dir='ltr' id='par_1_31' title="bbox 229 3054 1834 3146">
     <span class='ocr_line' id='line_1_31' title="bbox 229 3054 1834 3146; baseline 0.012 -34"><span class='ocrx_word' id='word_1_194' title='bbox 229 3056 396 3112; x_wconf 84' lang='lat' dir='ltr'><strong>etiam</strong></span> <span class='ocrx_word' id='word_1_195' title='bbox 425 3058 663 3118; x_wconf 77' lang='lat' dir='ltr'><strong>Nolanos</strong></span> <span class='ocrx_word' id='word_1_196' title='bbox 695 3065 915 3122; x_wconf 85' lang='lat' dir='ltr'><strong>nomine</strong></span> <span class='ocrx_word' id='word_1_197' title='bbox 941 3064 1059 3137; x_wconf 85' lang='lat' dir='ltr'><strong>ejus</strong></span> <span class='ocrx_word' id='word_1_198' title='bbox 1094 3054 1353 3129; x_wconf 85' lang='lat' dir='ltr'><strong>liberatos</strong></span> <span class='ocrx_word' id='word_1_199' title='bbox 1379 3075 1708 3144; x_wconf 75' lang='lat' dir='ltr'><strong>transvexit,</strong></span> <span class='ocrx_word' id='word_1_200' title='bbox 1736 3076 1834 3146; x_wconf 87' lang='lat' dir='ltr'><strong>qui</strong></span> 
     </span>
    </p>
   </div>
   <div class='ocr_carea' id='block_1_32' title="bbox 229 3149 1834 3238">
    <p class='ocr_par' dir='ltr' id='par_1_32' title="bbox 229 3149 1834 3238">
     <span class='ocr_line' id='line_1_32' title="bbox 229 3149 1834 3238; baseline 0.012 -33"><span class='ocrx_word' id='word_1_201' title='bbox 229 3149 377 3220; x_wconf 84' lang='lat' dir='ltr'><strong>capti</strong></span> <span class='ocrx_word' id='word_1_202' title='bbox 418 3153 730 3211; x_wconf 77' lang='lat' dir='ltr'><strong>serviebant</strong></span> <span class='ocrx_word' id='word_1_203' title='bbox 771 3155 826 3212; x_wconf 91' lang='lat' dir='ltr'><strong>in</strong></span> <span class='ocrx_word' id='word_1_204' title='bbox 853 3155 1053 3216; x_wconf 81' lang='lat' dir='ltr'><strong>Africa.</strong></span> <span class='ocrx_word' id='word_1_205' title='bbox 1081 3160 1217 3217; x_wconf 68' lang='lat' dir='ltr'><strong>Nam</strong></span> <span class='ocrx_word' id='word_1_206' title='bbox 1250 3179 1371 3219; x_wconf 88' lang='lat' dir='ltr'><strong>cum</strong></span> <span class='ocrx_word' id='word_1_207' title='bbox 1402 3166 1514 3223; x_wconf 87' lang='lat' dir='ltr'><strong>illic</strong></span> <span class='ocrx_word' id='word_1_208' title='bbox 1550 3166 1834 3238; x_wconf 79' lang='lat' dir='ltr'><strong>cujusdam</strong></span> 
     </span>
    </p>
   </div>
   <div class='ocr_carea' id='block_1_33' title="bbox 228 3212 1909 3334">
    <p class='ocr_par' dir='ltr' id='par_1_33' title="bbox 228 3212 1909 3334">
     <span class='ocr_line' id='line_1_33' title="bbox 228 3212 1909 3334; baseline 0.015 -39"><span class='ocrx_word' id='word_1_209' title='bbox 228 3212 492 3313; x_wconf 78' lang='lat' dir='ltr'><strong>principis</strong></span> <span class='ocrx_word' id='word_1_210' title='bbox 518 3238 682 3302; x_wconf 87' lang='lat' dir='ltr'><strong>olitor</strong></span> <span class='ocrx_word' id='word_1_211' title='bbox 707 3247 850 3304; x_wconf 86' lang='lat' dir='ltr'><strong>foret</strong></span> <span class='ocrx_word' id='word_1_212' title='bbox 885 3248 1158 3320; x_wconf 84' lang='lat' dir='ltr'><strong>Paulinus,</strong></span> <span class='ocrx_word' id='word_1_213' title='bbox 1184 3265 1290 3312; x_wconf 86' lang='lat' dir='ltr'><strong>etc.</strong></span> <span class='ocrx_word' id='word_1_214' title='bbox 1318 3212 1657 3317; x_wconf 71' lang='lat' dir='ltr'><strong>Redeuntem</strong></span> <span class='ocrx_word' id='word_1_215' title='bbox 1695 3276 1835 3334; x_wconf 76' lang='lat' dir='ltr'><strong>ergo</strong></span> <span class='ocrx_word' id='word_1_216' title='bbox 1860 3246 1909 3310; x_wconf 64' lang='grc' dir='ltr'><strong>(ἒ</strong></span> 
     </span>
    </p>
   </div>
   <div class='ocr_carea' id='block_1_34' title="bbox 228 3332 1827 3421">
    <p class='ocr_par' dir='ltr' id='par_1_34' title="bbox 228 3332 1827 3421">
     <span class='ocr_line' id='line_1_34' title="bbox 228 3332 1827 3421; baseline 0.015 -36"><span class='ocrx_word' id='word_1_217' title='bbox 228 3337 444 3388; x_wconf 85' lang='lat' dir='ltr'><strong>tantum</strong></span> <span class='ocrx_word' id='word_1_218' title='bbox 464 3332 688 3392; x_wconf 63' lang='lat' dir='ltr'><strong>Nolanis</strong></span> <span class='ocrx_word' id='word_1_219' title='bbox 714 3338 946 3397; x_wconf 82' lang='lat' dir='ltr'><strong>civitatis</strong></span> <span class='ocrx_word' id='word_1_220' title='bbox 973 3340 1209 3411; x_wconf 80' lang='lat' dir='ltr'><strong>Patrem,</strong></span> <span class='ocrx_word' id='word_1_221' title='bbox 1232 3353 1551 3421; x_wconf 80' lang='lat' dir='ltr'><strong>tantumque</strong></span> <span class='ocrx_word' id='word_1_222' title='bbox 1572 3351 1641 3410; x_wconf 86' lang='lat' dir='ltr'><strong>dc</strong></span> <span class='ocrx_word' id='word_1_223' title='bbox 1662 3332 1827 3409; x_wconf 82' lang='lat' dir='ltr'><strong>Nola-</strong></span> 
     </span>
    </p>
   </div>
   <div class='ocr_carea' id='block_1_35' title="bbox 227 3424 1829 3518">
    <p class='ocr_par' dir='ltr' id='par_1_35' title="bbox 227 3424 1829 3518">
     <span class='ocr_line' id='line_1_35' title="bbox 227 3424 1829 3518; baseline 0.016 -39"><span class='ocrx_word' id='word_1_224' title='bbox 227 3424 317 3480; x_wconf 81' lang='lat' dir='ltr'><strong>nis</strong></span> <span class='ocrx_word' id='word_1_225' title='bbox 343 3424 484 3483; x_wconf 87' lang='lat' dir='ltr'><strong>bene</strong></span> <span class='ocrx_word' id='word_1_226' title='bbox 506 3439 827 3499; x_wconf 81' lang='lat' dir='ltr'><strong>merentem,</strong></span> <span class='ocrx_word' id='word_1_227' title='bbox 854 3434 1000 3491; x_wconf 90' lang='lat' dir='ltr'><strong>omni</strong></span> <span class='ocrx_word' id='word_1_228' title='bbox 1024 3450 1224 3509; x_wconf 83' lang='lat' dir='ltr'><strong>pompa</strong></span> <span class='ocrx_word' id='word_1_229' title='bbox 1249 3438 1540 3513; x_wconf 67' lang='lat' dir='ltr'><strong>lattitiaque</strong></span> <span class='ocrx_word' id='word_1_230' title='bbox 1561 3453 1829 3518; x_wconf 82' lang='lat' dir='ltr'><strong>excepere</strong></span> 
     </span>
    </p>
   </div>
   <div class='ocr_carea' id='block_1_36' title="bbox 228 3513 1831 3612">
    <p class='ocr_par' dir='ltr' id='par_1_36' title="bbox 228 3513 1831 3612">
     <span class='ocr_line' id='line_1_36' title="bbox 228 3513 1831 3612; baseline 0.019 -42"><span class='ocrx_word' id='word_1_231' title='bbox 228 3513 457 3612; x_wconf 82' lang='lat' dir='ltr'><strong>Nolani;</strong></span> <span class='ocrx_word' id='word_1_232' title='bbox 478 3530 643 3593; x_wconf 86' lang='lat' dir='ltr'><strong>atque</strong></span> <span class='ocrx_word' id='word_1_233' title='bbox 663 3525 858 3582; x_wconf 87' lang='lat' dir='ltr'><strong>deinde</strong></span> <span class='ocrx_word' id='word_1_234' title='bbox 885 3524 1134 3586; x_wconf 86' lang='lat' dir='ltr'><strong>eumdem</strong></span> <span class='ocrx_word' id='word_1_235' title='bbox 1152 3530 1295 3604; x_wconf 84' lang='lat' dir='ltr'><strong>diem</strong></span> <span class='ocrx_word' id='word_1_236' title='bbox 1322 3538 1479 3593; x_wconf 84' lang='lat' dir='ltr'><strong>statis</strong></span> <span class='ocrx_word' id='word_1_237' title='bbox 1498 3513 1737 3612; x_wconf 72' lang='lat' dir='ltr'><strong>pompis,</strong></span> <span class='ocrx_word' id='word_1_238' title='bbox 1756 3540 1831 3599; x_wconf 83' lang='lat' dir='ltr'><strong>ie-</strong></span> 
     </span>
    </p>
   </div>
   <div class='ocr_carea' id='block_1_37' title="bbox 228 3610 1830 3703">
    <p class='ocr_par' dir='ltr' id='par_1_37' title="bbox 228 3610 1830 3703">
     <span class='ocr_line' id='line_1_37' title="bbox 228 3610 1830 3703; baseline 0.016 -37"><span class='ocrx_word' id='word_1_239' title='bbox 228 3610 331 3667; x_wconf 81' lang='lat' dir='ltr'><strong>atis</strong></span> <span class='ocrx_word' id='word_1_240' title='bbox 348 3617 781 3690; x_wconf 85' lang='lat' dir='ltr'><strong>spectaculisque</strong></span> <span class='ocrx_word' id='word_1_241' title='bbox 817 3624 1059 3680; x_wconf 79' lang='lat' dir='ltr'><strong>venerati</strong></span> <span class='ocrx_word' id='word_1_242' title='bbox 1086 3634 1231 3696; x_wconf 87' lang='lat' dir='ltr'><strong>sunt,</strong></span> <span class='ocrx_word' id='word_1_243' title='bbox 1254 3638 1418 3700; x_wconf 87' lang='lat' dir='ltr'><strong>atque</strong></span> <span class='ocrx_word' id='word_1_244' title='bbox 1445 3610 1705 3703; x_wconf 76' lang='lat' dir='ltr'><strong>usquead</strong></span> <span class='ocrx_word' id='word_1_245' title='bbox 1727 3648 1830 3691; x_wconf 90' lang='lat' dir='ltr'><strong>no-</strong></span> 
     </span>
    </p>
   </div>
   <div class='ocr_carea' id='block_1_38' title="bbox 227 3708 1829 3797">
    <p class='ocr_par' dir='ltr' id='par_1_38' title="bbox 227 3708 1829 3797">
     <span class='ocr_line' id='line_1_38' title="bbox 227 3708 1829 3797; baseline 0.016 -40"><span class='ocrx_word' id='word_1_246' title='bbox 227 3708 401 3759; x_wconf 78' lang='lat' dir='ltr'><strong>stram</strong></span> <span class='ocrx_word' id='word_1_247' title='bbox 420 3711 803 3786; x_wconf 82' lang='lat' dir='ltr'><strong>tempestatem</strong></span> <span class='ocrx_word' id='word_1_248' title='bbox 822 3714 1198 3774; x_wconf 83' lang='lat' dir='ltr'><strong>venerationcs</strong></span> <span class='ocrx_word' id='word_1_249' title='bbox 1223 3728 1351 3776; x_wconf 89' lang='lat' dir='ltr'><strong>sunt</strong></span> <span class='ocrx_word' id='word_1_250' title='bbox 1367 3719 1643 3793; x_wconf 81' lang='lat' dir='ltr'><strong>factitatac,</strong></span> <span class='ocrx_word' id='word_1_251' title='bbox 1666 3724 1829 3797; x_wconf 82' lang='lat' dir='ltr'><strong>idque</strong></span> 
     </span>
    </p>
   </div>
   <div class='ocr_carea' id='block_1_39' title="bbox 228 3797 1378 3878">
    <p class='ocr_par' dir='ltr' id='par_1_39' title="bbox 228 3797 1378 3878">
     <span class='ocr_line' id='line_1_39' title="bbox 228 3797 1378 3878; baseline 0.016 -27"><span class='ocrx_word' id='word_1_252' title='bbox 228 3807 265 3851; x_wconf 92' lang='lat' dir='ltr'><strong>a</strong></span> <span class='ocrx_word' id='word_1_253' title='bbox 284 3811 375 3853; x_wconf 78' lang='lat' dir='ltr'><strong>xvi</strong></span> <span class='ocrx_word' id='word_1_254' title='bbox 398 3797 662 3859; x_wconf 80' lang='lat' dir='ltr'><strong>kalendas</strong></span> <span class='ocrx_word' id='word_1_255' title='bbox 685 3800 856 3859; x_wconf 84' lang='lat' dir='ltr'><strong>Julias</strong></span> <span class='ocrx_word' id='word_1_256' title='bbox 879 3802 1050 3878; x_wconf 83' lang='lat' dir='ltr'><strong>usque</strong></span> <span class='ocrx_word' id='word_1_257' title='bbox 1076 3824 1113 3865; x_wconf 72' lang='grc' dir='ltr'><strong>ι</strong></span> <span class='ocrx_word' id='word_1_258' title='bbox 1140 3810 1378 3869; x_wconf 84' lang='lat' dir='ltr'><strong>easdem.</strong></span> 
     </span>
    </p>
   </div>
   <div class='ocr_carea' id='block_1_40' title="bbox 500 3932 1562 3986">
    <p class='ocr_par' dir='ltr' id='par_1_40' title="bbox 500 3932 1562 3986">
     <span class='ocr_line' id='line_1_40' title="bbox 500 3932 1562 3986; baseline 0.014 -15"><span class='ocrx_word' id='word_1_259' title='bbox 500 3932 707 3975; x_wconf 73' lang='lat' dir='ltr'><strong>PETBUB</strong></span> <span class='ocrx_word' id='word_1_260' title='bbox 731 3935 994 3986; x_wconf 69' lang='lat' dir='ltr'><strong>CBINITUS,</strong></span> <span class='ocrx_word' id='word_1_261' title='bbox 1026 3938 1095 3979; x_wconf 75' lang='lat' dir='ltr'><strong>DE</strong></span> <span class='ocrx_word' id='word_1_262' title='bbox 1123 3938 1311 3984; x_wconf 76' lang='lat' dir='ltr'><strong>POETIS</strong></span> <span class='ocrx_word' id='word_1_263' title='bbox 1336 3944 1562 3986; x_wconf 71' lang='lat' dir='ltr'><strong>LATINIS.</strong></span> 
     </span>
    </p>
   </div>
   <div class='ocr_carea' id='block_1_41' title="bbox 551 4028 1513 4107">
    <p class='ocr_par' dir='ltr' id='par_1_41' title="bbox 551 4028 1513 4107">
     <span class='ocr_line' id='line_1_41' title="bbox 551 4028 1513 4107; baseline 0.01 -24"><span class='ocrx_word' id='word_1_264' title='bbox 551 4030 644 4097; x_wconf 81' lang='lat' dir='ltr'><strong>(Ex</strong></span> <span class='ocrx_word' id='word_1_265' title='bbox 665 4028 886 4088; x_wconf 81' lang='lat' dir='ltr'><strong>editione</strong></span> <span class='ocrx_word' id='word_1_266' title='bbox 905 4033 1028 4089; x_wconf 79' lang='lat' dir='ltr'><strong>Bad.</strong></span> <span class='ocrx_word' id='word_1_267' title='bbox 1051 4036 1207 4090; x_wconf 84' lang='lat' dir='ltr'><strong>Paris.</strong></span> <span class='ocrx_word' id='word_1_268' title='bbox 1234 4052 1309 4090; x_wconf 86' lang='lat' dir='ltr'><strong>an.</strong></span> <span class='ocrx_word' id='word_1_269' title='bbox 1353 4039 1513 4107; x_wconf 73' lang='grc'><strong>1516.)</strong></span> 
     </span>
    </p>
   </div>
   <div class='ocr_carea' id='block_1_42' title="bbox 297 4134 1828 4217">
    <p class='ocr_par' dir='ltr' id='par_1_42' title="bbox 297 4134 1828 4217">
     <span class='ocr_line' id='line_1_42' title="bbox 297 4134 1828 4217; baseline 0.011 -25"><span class='ocrx_word' id='word_1_270' title='bbox 297 4134 545 4199; x_wconf 66' lang='grc' dir='ltr'><strong>Ροῑιιὶίιι</strong></span> <span class='ocrx_word' id='word_1_271' title='bbox 570 4137 828 4198; x_wconf 82' lang='lat' dir='ltr'><strong>Paulinus</strong></span> <span class='ocrx_word' id='word_1_272' title='bbox 872 4143 1038 4201; x_wconf 88' lang='lat' dir='ltr'><strong>nobili</strong></span> <span class='ocrx_word' id='word_1_273' title='bbox 1090 4160 1289 4217; x_wconf 79' lang='lat' dir='ltr'><strong>genere</strong></span> <span class='ocrx_word' id='word_1_274' title='bbox 1336 4157 1494 4207; x_wconf 85' lang='lat' dir='ltr'><strong>natus</strong></span> <span class='ocrx_word' id='word_1_275' title='bbox 1541 4151 1683 4209; x_wconf 88' lang='lat' dir='ltr'><strong>inter</strong></span> <span class='ocrx_word' id='word_1_276' title='bbox 1728 4168 1828 4211; x_wconf 72' lang='lat' dir='ltr'><strong>eos</strong></span> 
     </span>
    </p>
   </div>
   <div class='ocr_carea' id='block_1_43' title="bbox 228 4231 1824 4311">
    <p class='ocr_par' dir='ltr' id='par_1_43' title="bbox 228 4231 1824 4311">
     <span class='ocr_line' id='line_1_43' title="bbox 228 4231 1824 4311; baseline 0.013 -26"><span class='ocrx_word' id='word_1_277' title='bbox 228 4238 424 4302; x_wconf 88' lang='lat' dir='ltr'><strong>poetas</strong></span> <span class='ocrx_word' id='word_1_278' title='bbox 450 4231 683 4288; x_wconf 75' lang='lat' dir='ltr'><strong>refertur</strong></span> <span class='ocrx_word' id='word_1_279' title='bbox 707 4234 801 4303; x_wconf 87' lang='lat' dir='ltr'><strong>qui</strong></span> <span class='ocrx_word' id='word_1_280' title='bbox 823 4237 924 4294; x_wconf 85' lang='lat' dir='ltr'><strong>sub</strong></span> <span class='ocrx_word' id='word_1_281' title='bbox 950 4238 1175 4311; x_wconf 82' lang='lat' dir='ltr'><strong>imperio</strong></span> <span class='ocrx_word' id='word_1_282' title='bbox 1201 4239 1339 4300; x_wconf 71' lang='lat' dir='ltr'><strong>Caes.</strong></span> <span class='ocrx_word' id='word_1_283' title='bbox 1366 4245 1610 4302; x_wconf 83' lang='lat' dir='ltr'><strong>Gratiani</strong></span> <span class='ocrx_word' id='word_1_284' title='bbox 1628 4246 1824 4305; x_wconf 84' lang='lat' dir='ltr'><strong>ﬂorue-</strong></span> 
     </span>
    </p>
   </div>
   <div class='ocr_carea' id='block_1_44' title="bbox 228 4322 1827 4409">
    <p class='ocr_par' dir='ltr' id='par_1_44' title="bbox 228 4322 1827 4409">
     <span class='ocr_line' id='line_1_44' title="bbox 228 4322 1827 4409; baseline 0.013 -32"><span class='ocrx_word' id='word_1_285' title='bbox 228 4331 375 4390; x_wconf 87' lang='lat' dir='ltr'><strong>runt,</strong></span> <span class='ocrx_word' id='word_1_286' title='bbox 408 4332 467 4373; x_wconf 84' lang='lat' dir='ltr'><strong>ut</strong></span> <span class='ocrx_word' id='word_1_287' title='bbox 490 4322 739 4397; x_wconf 82' lang='lat' dir='ltr'><strong>Faustus,</strong></span> <span class='ocrx_word' id='word_1_288' title='bbox 759 4325 1043 4389; x_wconf 85' lang='lat' dir='ltr'><strong>Tctradius</strong></span> <span class='ocrx_word' id='word_1_289' title='bbox 1071 4342 1125 4389; x_wconf 89' lang='lat' dir='ltr'><strong>et</strong></span> <span class='ocrx_word' id='word_1_290' title='bbox 1151 4335 1432 4393; x_wconf 84' lang='lat' dir='ltr'><strong>Ausonius.</strong></span> <span class='ocrx_word' id='word_1_291' title='bbox 1468 4338 1827 4409; x_wconf 59' lang='lat' dir='ltr'><strong>iiurdegalen—</strong></span> 
     </span>
    </p>
   </div>
   <div class='ocr_carea' id='block_1_45' title="bbox 228 4414 1822 4501">
    <p class='ocr_par' dir='ltr' id='par_1_45' title="bbox 228 4414 1822 4501">
     <span class='ocr_line' id='line_1_45' title="bbox 228 4414 1822 4501; baseline 0.011 -30"><span class='ocrx_word' id='word_1_292' title='bbox 228 4414 302 4472; x_wconf 82' lang='lat' dir='ltr'><strong>sis</strong></span> <span class='ocrx_word' id='word_1_293' title='bbox 328 4415 457 4483; x_wconf 89' lang='lat' dir='ltr'><strong>fuit,</strong></span> <span class='ocrx_word' id='word_1_294' title='bbox 491 4424 557 4475; x_wconf 83' lang='lat' dir='ltr'><strong>ac</strong></span> <span class='ocrx_word' id='word_1_295' title='bbox 586 4420 639 4474; x_wconf 88' lang='lat' dir='ltr'><strong>in</strong></span> <span class='ocrx_word' id='word_1_296' title='bbox 672 4425 887 4489; x_wconf 82' lang='lat' dir='ltr'><strong>poetica</strong></span> <span class='ocrx_word' id='word_1_297' title='bbox 918 4422 1171 4483; x_wconf 73' lang='lat' dir='ltr'><strong>facultate</strong></span> <span class='ocrx_word' id='word_1_298' title='bbox 1199 4444 1523 4501; x_wconf 73' lang='lat' dir='ltr'><strong>magnopere</strong></span> <span class='ocrx_word' id='word_1_299' title='bbox 1550 4433 1822 4489; x_wconf 82' lang='lat' dir='ltr'><strong>excelluit.</strong></span> 
     </span>
    </p>
   </div>
   <div class='ocr_carea' id='block_1_46' title="bbox 229 4507 1822 4595">
    <p class='ocr_par' dir='ltr' id='par_1_46' title="bbox 229 4507 1822 4595">
     <span class='ocr_line' id='line_1_46' title="bbox 229 4507 1822 4595; baseline 0.011 -30"><span class='ocrx_word' id='word_1_300' title='bbox 229 4507 460 4592; x_wconf 84' lang='lat' dir='ltr'><strong>Quidam</strong></span> <span class='ocrx_word' id='word_1_301' title='bbox 489 4522 744 4585; x_wconf 81' lang='lat' dir='ltr'><strong>putarunt</strong></span> <span class='ocrx_word' id='word_1_302' title='bbox 774 4512 934 4573; x_wconf 85' lang='lat' dir='ltr'><strong>fuisse</strong></span> <span class='ocrx_word' id='word_1_303' title='bbox 965 4529 1216 4590; x_wconf 77' lang='lat' dir='ltr'><strong>nepotem</strong></span> <span class='ocrx_word' id='word_1_304' title='bbox 1248 4522 1466 4578; x_wconf 83' lang='lat' dir='ltr'><strong>Ausonu</strong></span> <span class='ocrx_word' id='word_1_305' title='bbox 1485 4566 1500 4592; x_wconf 83' lang='lat'><strong>,</strong></span> <span class='ocrx_word' id='word_1_306' title='bbox 1530 4528 1672 4595; x_wconf 79' lang='lat' dir='ltr'><strong>quod</strong></span> <span class='ocrx_word' id='word_1_307' title='bbox 1700 4542 1822 4583; x_wconf 83' lang='lat' dir='ltr'><strong>cum</strong></span> 
     </span>
    </p>
   </div>
   <div class='ocr_carea' id='block_1_47' title="bbox 2620 569 2817 612">
    <p class='ocr_par' dir='ltr' id='par_1_47' title="bbox 2620 569 2817 612">
     <span class='ocr_line' id='line_1_47' title="bbox 2620 569 2817 612; baseline 0.015 -3"><span class='ocrx_word' id='word_1_308' title='bbox 2620 569 2817 612; x_wconf 61' lang='grc' dir='ltr'><strong>ωειλ.</strong></span> 
     </span>
    </p>
   </div>
   <div class='ocr_carea' id='block_1_48' title="bbox 1996 643 3530 721">
    <p class='ocr_par' dir='ltr' id='par_1_48' title="bbox 1996 643 3530 721">
     <span class='ocr_line' id='line_1_48' title="bbox 1996 643 3530 721; baseline 0.006 -21"><span class='ocrx_word' id='word_1_309' title='bbox 1996 644 2237 702; x_wconf 80' lang='lat' dir='ltr'><strong>Sanctus</strong></span> <span class='ocrx_word' id='word_1_310' title='bbox 2263 643 2551 717; x_wconf 66' lang='lat' dir='ltr'><strong>Paulinus,</strong></span> <span class='ocrx_word' id='word_1_311' title='bbox 2571 649 2665 721; x_wconf 90' lang='lat' dir='ltr'><strong>qui</strong></span> <span class='ocrx_word' id='word_1_312' title='bbox 2691 665 2816 707; x_wconf 90' lang='lat' dir='ltr'><strong>cum</strong></span> <span class='ocrx_word' id='word_1_313' title='bbox 2853 651 3193 710; x_wconf 87' lang='lat' dir='ltr'><strong>ethnicorum</strong></span> <span class='ocrx_word' id='word_1_314' title='bbox 3222 654 3416 710; x_wconf 87' lang='lat' dir='ltr'><strong>litteris</strong></span> <span class='ocrx_word' id='word_1_315' title='bbox 3443 670 3530 711; x_wconf 89' lang='lat' dir='ltr'><strong>es-</strong></span> 
     </span>
    </p>
   </div>
   <div class='ocr_carea' id='block_1_49' title="bbox 1931 736 3527 818">
    <p class='ocr_par' dir='ltr' id='par_1_49' title="bbox 1931 736 3527 818">
     <span class='ocr_line' id='line_1_49' title="bbox 1931 736 3527 818; baseline 0.007 -26"><span class='ocrx_word' id='word_1_316' title='bbox 1931 743 2019 793; x_wconf 81' lang='lat' dir='ltr'><strong>set</strong></span> <span class='ocrx_word' id='word_1_317' title='bbox 2044 736 2512 818; x_wconf 79' lang='lat' dir='ltr'><strong>instructissimus,</strong></span> <span class='ocrx_word' id='word_1_318' title='bbox 2545 741 2626 808; x_wconf 85' lang='lat' dir='ltr'><strong>sic</strong></span> <span class='ocrx_word' id='word_1_319' title='bbox 2652 743 2842 798; x_wconf 80' lang='lat' dir='ltr'><strong>tamen</strong></span> <span class='ocrx_word' id='word_1_320' title='bbox 2861 742 3061 800; x_wconf 80' lang='lat' dir='ltr'><strong>divitiis</strong></span> <span class='ocrx_word' id='word_1_321' title='bbox 3088 744 3215 803; x_wconf 83' lang='lat' dir='ltr'><strong>usus</strong></span> <span class='ocrx_word' id='word_1_322' title='bbox 3246 753 3358 810; x_wconf 85' lang='lat' dir='ltr'><strong>est,</strong></span> <span class='ocrx_word' id='word_1_323' title='bbox 3391 754 3451 802; x_wconf 89' lang='lat' dir='ltr'><strong>ut</strong></span> <span class='ocrx_word' id='word_1_324' title='bbox 3473 747 3527 803; x_wconf 90' lang='lat' dir='ltr'><strong>in</strong></span> 
     </span>
    </p>
   </div>
   <div class='ocr_carea' id='block_1_50' title="bbox 1934 828 3530 908">
    <p class='ocr_par' dir='ltr' id='par_1_50' title="bbox 1934 828 3530 908">
     <span class='ocr_line' id='line_1_50' title="bbox 1934 828 3530 908; baseline 0.007 -22"><span class='ocrx_word' id='word_1_325' title='bbox 1934 828 2052 902; x_wconf 72' lang='lat' dir='ltr'><strong>eius</strong></span> <span class='ocrx_word' id='word_1_326' title='bbox 2077 830 2234 889; x_wconf 84' lang='lat' dir='ltr'><strong>labiis</strong></span> <span class='ocrx_word' id='word_1_327' title='bbox 2256 836 2314 890; x_wconf 88' lang='lat' dir='ltr'><strong>et</strong></span> <span class='ocrx_word' id='word_1_328' title='bbox 2338 832 2514 908; x_wconf 82' lang='lat' dir='ltr'><strong>Pytho</strong></span> <span class='ocrx_word' id='word_1_329' title='bbox 2549 834 2641 893; x_wconf 90' lang='lat' dir='ltr'><strong>illa</strong></span> <span class='ocrx_word' id='word_1_330' title='bbox 2678 843 2735 893; x_wconf 87' lang='lat' dir='ltr'><strong>et</strong></span> <span class='ocrx_word' id='word_1_331' title='bbox 2760 835 2954 894; x_wconf 56' lang='lat' dir='ltr'><strong>Suada:</strong></span> <span class='ocrx_word' id='word_1_332' title='bbox 2986 838 3221 895; x_wconf 85' lang='lat' dir='ltr'><strong>medulla</strong></span> <span class='ocrx_word' id='word_1_333' title='bbox 3246 841 3530 897; x_wconf 84' lang='lat' dir='ltr'><strong>scssitasse</strong></span> 
     </span>
    </p>
   </div>
   <div class='ocr_carea' id='block_1_51' title="bbox 1933 920 3620 1000">
    <p class='ocr_par' dir='ltr' id='par_1_51' title="bbox 1933 920 3620 1000">
     <span class='ocr_line' id='line_1_51' title="bbox 1933 920 3620 1000; baseline 0.005 -22"><span class='ocrx_word' id='word_1_334' title='bbox 1933 920 2132 979; x_wconf 88' lang='lat' dir='ltr'><strong>merito</strong></span> <span class='ocrx_word' id='word_1_335' title='bbox 2153 924 2553 995; x_wconf 76' lang='lat' dir='ltr'><strong>praediceutur;</strong></span> <span class='ocrx_word' id='word_1_336' title='bbox 2577 925 2738 983; x_wconf 81' lang='lat' dir='ltr'><strong>docet</strong></span> <span class='ocrx_word' id='word_1_337' title='bbox 2765 928 2909 984; x_wconf 88' lang='lat' dir='ltr'><strong>enim</strong></span> <span class='ocrx_word' id='word_1_338' title='bbox 2937 935 2995 985; x_wconf 87' lang='lat' dir='ltr'><strong>et</strong></span> <span class='ocrx_word' id='word_1_339' title='bbox 3016 934 3231 999; x_wconf 85' lang='lat' dir='ltr'><strong>movet,</strong></span> <span class='ocrx_word' id='word_1_340' title='bbox 3257 928 3530 1000; x_wconf 76' lang='lat' dir='ltr'><strong>aﬂicitquc</strong></span> <span class='ocrx_word' id='word_1_341' title='bbox 3616 971 3620 975; x_wconf 62' lang='grc' dir='ltr'><strong>ς</strong></span> 
     </span>
    </p>
   </div>
   <div class='ocr_carea' id='block_1_52' title="bbox 1934 1013 3532 1093">
    <p class='ocr_par' dir='ltr' id='par_1_52' title="bbox 1934 1013 3532 1093">
     <span class='ocr_line' id='line_1_52' title="bbox 1934 1013 3532 1093; baseline 0.003 -21"><span class='ocrx_word' id='word_1_342' title='bbox 1934 1013 2237 1086; x_wconf 71' lang='lat' dir='ltr'><strong>legentem;</strong></span> <span class='ocrx_word' id='word_1_343' title='bbox 2268 1015 2379 1074; x_wconf 88' lang='lat' dir='ltr'><strong>imo</strong></span> <span class='ocrx_word' id='word_1_344' title='bbox 2416 1032 2528 1089; x_wconf 90' lang='lat' dir='ltr'><strong>quo</strong></span> <span class='ocrx_word' id='word_1_345' title='bbox 2555 1018 2671 1074; x_wconf 88' lang='lat' dir='ltr'><strong>vult</strong></span> <span class='ocrx_word' id='word_1_346' title='bbox 2701 1019 3118 1093; x_wconf 34' lang='lat' dir='ltr'><strong>impellit‘supra</strong></span> <span class='ocrx_word' id='word_1_347' title='bbox 3140 1022 3431 1079; x_wconf 84' lang='lat' dir='ltr'><strong>modum...</strong></span> <span class='ocrx_word' id='word_1_348' title='bbox 3461 1021 3532 1078; x_wconf 86' lang='lat' dir='ltr'><strong>Ut</strong></span> 
     </span>
    </p>
   </div>
   <div class='ocr_carea' id='block_1_53' title="bbox 1936 1107 3533 1187">
    <p class='ocr_par' dir='ltr' id='par_1_53' title="bbox 1936 1107 3533 1187">
     <span class='ocr_line' id='line_1_53' title="bbox 1936 1107 3533 1187; baseline 0.006 -23"><span class='ocrx_word' id='word_1_349' title='bbox 1936 1107 2126 1180; x_wconf 79' lang='lat' dir='ltr'><strong>paucis</strong></span> <span class='ocrx_word' id='word_1_350' title='bbox 2148 1110 2415 1182; x_wconf 79' lang='lat' dir='ltr'><strong>explicem</strong></span> <span class='ocrx_word' id='word_1_351' title='bbox 2432 1110 2601 1168; x_wconf 83' lang='lat' dir='ltr'><strong>vitam</strong></span> <span class='ocrx_word' id='word_1_352' title='bbox 2625 1111 2771 1169; x_wconf 80' lang='lat' dir='ltr'><strong>beati</strong></span> <span class='ocrx_word' id='word_1_353' title='bbox 2805 1113 3045 1180; x_wconf 76' lang='lat' dir='ltr'><strong>Paulini,</strong></span> <span class='ocrx_word' id='word_1_354' title='bbox 3076 1122 3137 1171; x_wconf 91' lang='lat' dir='ltr'><strong>ut</strong></span> <span class='ocrx_word' id='word_1_355' title='bbox 3168 1131 3237 1172; x_wconf 87' lang='lat' dir='ltr'><strong>ex</strong></span> <span class='ocrx_word' id='word_1_356' title='bbox 3260 1115 3377 1187; x_wconf 86' lang='lat' dir='ltr'><strong>ejus</strong></span> <span class='ocrx_word' id='word_1_357' title='bbox 3405 1116 3533 1173; x_wconf 76' lang='lat' dir='ltr'><strong>alio-</strong></span> 
     </span>
    </p>
   </div>
   <div class='ocr_carea' id='block_1_54' title="bbox 1936 1204 3531 1301">
    <p class='ocr_par' dir='ltr' id='par_1_54' title="bbox 1936 1204 3531 1280">
     <span class='ocr_line' id='line_1_54' title="bbox 1936 1204 3531 1280; baseline 0.005 -21"><span class='ocrx_word' id='word_1_358' title='bbox 1936 1216 2167 1275; x_wconf 85' lang='lat' dir='ltr'><strong>rumque</strong></span> <span class='ocrx_word' id='word_1_359' title='bbox 2192 1204 2408 1277; x_wconf 84' lang='lat' dir='ltr'><strong>scriptis</strong></span> <span class='ocrx_word' id='word_1_360' title='bbox 2435 1221 2730 1279; x_wconf 83' lang='lat' dir='ltr'><strong>excerpere</strong></span> <span class='ocrx_word' id='word_1_361' title='bbox 2755 1208 2909 1280; x_wconf 91' lang='lat' dir='ltr'><strong>potui</strong></span> <span class='ocrx_word' id='word_1_362' title='bbox 2934 1207 3171 1266; x_wconf 80' lang='lat' dir='ltr'><strong>breviter</strong></span> <span class='ocrx_word' id='word_1_363' title='bbox 3197 1224 3531 1267; x_wconf 82' lang='lat' dir='ltr'><strong>commemo-</strong></span> 
     </span>
    </p>
   </div>
   <div class='ocr_carea' id='block_1_55' title="bbox 1928 1298 2092 1355">
    <p class='ocr_par' dir='ltr' id='par_1_55' title="bbox 1928 1298 2092 1355">
     <span class='ocr_line' id='line_1_55' title="bbox 1928 1298 2092 1355; baseline -0.006 0"><span class='ocrx_word' id='word_1_364' title='bbox 1928 1298 2092 1355; x_wconf 73' lang='lat' dir='ltr'><strong>rabo.</strong></span> 
     </span>
    </p>
   </div>
   <div class='ocr_carea' id='block_1_56' title="bbox 1986 1394 3531 1469">
    <p class='ocr_par' dir='ltr' id='par_1_56' title="bbox 1986 1394 3531 1469">
     <span class='ocr_line' id='line_1_56' title="bbox 1986 1394 3531 1469; baseline 0.006 -21"><span class='ocrx_word' id='word_1_365' title='bbox 1986 1394 2184 1449; x_wconf 26' lang='lat' dir='ltr'><strong>‘Claris</strong></span> <span class='ocrx_word' id='word_1_366' title='bbox 2201 1394 2473 1452; x_wconf 85' lang='lat' dir='ltr'><strong>natalibus</strong></span> <span class='ocrx_word' id='word_1_367' title='bbox 2501 1403 2670 1462; x_wconf 86' lang='lat' dir='ltr'><strong>ortus,</strong></span> <span class='ocrx_word' id='word_1_368' title='bbox 2702 1404 2759 1453; x_wconf 84' lang='lat' dir='ltr'><strong>et</strong></span> <span class='ocrx_word' id='word_1_369' title='bbox 2786 1398 2841 1452; x_wconf 91' lang='lat' dir='ltr'><strong>in</strong></span> <span class='ocrx_word' id='word_1_370' title='bbox 2865 1397 3141 1469; x_wconf 84' lang='lat' dir='ltr'><strong>splendida</strong></span> <span class='ocrx_word' id='word_1_371' title='bbox 3164 1414 3227 1455; x_wconf 85' lang='lat' dir='ltr'><strong>re</strong></span> <span class='ocrx_word' id='word_1_372' title='bbox 3251 1401 3531 1469; x_wconf 82' lang='lat' dir='ltr'><strong>educatus,</strong></span> 
     </span>
    </p>
   </div>
   <div class='ocr_carea' id='block_1_57' title="bbox 1938 1487 3531 1565">
    <p class='ocr_par' dir='ltr' id='par_1_57' title="bbox 1938 1487 3531 1565">
     <span class='ocr_line' id='line_1_57' title="bbox 1938 1487 3531 1565; baseline 0.007 -23"><span class='ocrx_word' id='word_1_373' title='bbox 1938 1487 2186 1558; x_wconf 84' lang='lat' dir='ltr'><strong>miroque</strong></span> <span class='ocrx_word' id='word_1_374' title='bbox 2206 1488 2421 1559; x_wconf 73' lang='lat' dir='ltr'><strong>ingenio</strong></span> <span class='ocrx_word' id='word_1_375' title='bbox 2449 1490 2721 1559; x_wconf 75' lang='lat' dir='ltr'><strong>prmditus,</strong></span> <span class='ocrx_word' id='word_1_376' title='bbox 2746 1490 3062 1549; x_wconf 82' lang='lat' dir='ltr'><strong>cultioribus</strong></span> <span class='ocrx_word' id='word_1_377' title='bbox 3089 1491 3531 1565; x_wconf 71' lang='lat' dir='ltr'><strong>litterisoperam</strong></span> 
     </span>
    </p>
   </div>
   <div class='ocr_carea' id='block_1_58' title="bbox 1943 1577 3532 1658">
    <p class='ocr_par' dir='ltr' id='par_1_58' title="bbox 1943 1577 3532 1658">
     <span class='ocr_line' id='line_1_58' title="bbox 1943 1577 3532 1658; baseline 0.004 -21"><span class='ocrx_word' id='word_1_378' title='bbox 1943 1580 2089 1637; x_wconf 85' lang='lat' dir='ltr'><strong>dedit</strong></span> <span class='ocrx_word' id='word_1_379' title='bbox 2115 1582 2216 1638; x_wconf 85' lang='lat' dir='ltr'><strong>sub</strong></span> <span class='ocrx_word' id='word_1_380' title='bbox 2234 1583 2398 1640; x_wconf 83' lang='lat' dir='ltr'><strong>Decio</strong></span> <span class='ocrx_word' id='word_1_381' title='bbox 2427 1582 2667 1639; x_wconf 89' lang='lat' dir='ltr'><strong>Ausonio</strong></span> <span class='ocrx_word' id='word_1_382' title='bbox 2695 1577 3078 1655; x_wconf 72' lang='lat' dir='ltr'><strong>Buidegatensi</strong></span> <span class='ocrx_word' id='word_1_383' title='bbox 3106 1596 3264 1658; x_wconf 88' lang='lat' dir='ltr'><strong>poeta</strong></span> <span class='ocrx_word' id='word_1_384' title='bbox 3287 1587 3532 1643; x_wconf 60' lang='lat' dir='ltr'><strong>ammniso</strong></span> 
     </span>
    </p>
   </div>
   <div class='ocr_carea' id='block_1_59' title="bbox 1940 1670 3531 1748">
    <p class='ocr_par' dir='ltr' id='par_1_59' title="bbox 1940 1670 3531 1748">
     <span class='ocr_line' id='line_1_59' title="bbox 1940 1670 3531 1748; baseline 0.005 -21"><span class='ocrx_word' id='word_1_385' title='bbox 1940 1670 2101 1737; x_wconf 71' lang='lat' dir='ltr'><strong>Simo,</strong></span> <span class='ocrx_word' id='word_1_386' title='bbox 2132 1672 2221 1728; x_wconf 90' lang='lat' dir='ltr'><strong>cui</strong></span> <span class='ocrx_word' id='word_1_387' title='bbox 2264 1681 2490 1745; x_wconf 84' lang='lat' dir='ltr'><strong>propter</strong></span> <span class='ocrx_word' id='word_1_388' title='bbox 2537 1674 2831 1729; x_wconf 80' lang='lat' dir='ltr'><strong>amicitiam</strong></span> <span class='ocrx_word' id='word_1_389' title='bbox 2854 1670 2909 1729; x_wconf 83' lang='lat' dir='ltr'><strong>ct</strong></span> <span class='ocrx_word' id='word_1_390' title='bbox 2954 1676 3275 1731; x_wconf 84' lang='lat' dir='ltr'><strong>commercia</strong></span> <span class='ocrx_word' id='word_1_391' title='bbox 3320 1684 3531 1748; x_wconf 79' lang='lat' dir='ltr'><strong>patrum</strong></span> 
     </span>
    </p>
   </div>
   <div class='ocr_carea' id='block_1_60' title="bbox 1943 1765 3531 1840">
    <p class='ocr_par' dir='ltr' id='par_1_60' title="bbox 1943 1765 3531 1840">
     <span class='ocr_line' id='line_1_60' title="bbox 1943 1765 3531 1840; baseline 0.004 -19"><span class='ocrx_word' id='word_1_392' title='bbox 1943 1766 2224 1835; x_wconf 80' lang='lat' dir='ltr'><strong>utriusque</strong></span> <span class='ocrx_word' id='word_1_393' title='bbox 2251 1765 2507 1835; x_wconf 70' lang='lat' dir='ltr'><strong>singulari</strong></span> <span class='ocrx_word' id='word_1_394' title='bbox 2533 1765 2815 1824; x_wconf 87' lang='lat' dir='ltr'><strong>devinctus</strong></span> <span class='ocrx_word' id='word_1_395' title='bbox 2841 1777 2960 1824; x_wconf 90' lang='lat' dir='ltr'><strong>erat</strong></span> <span class='ocrx_word' id='word_1_396' title='bbox 2989 1769 3252 1837; x_wconf 86' lang='lat' dir='ltr'><strong>amicitia;</strong></span> <span class='ocrx_word' id='word_1_397' title='bbox 3283 1779 3531 1840; x_wconf 39' lang='lat' dir='ltr'><strong>et‘quan-</strong></span> 
     </span>
    </p>
   </div>
   <div class='ocr_carea' id='block_1_61' title="bbox 1866 1855 3530 1932">
    <p class='ocr_par' dir='ltr' id='par_1_61' title="bbox 1866 1855 3530 1932">
     <span class='ocr_line' id='line_1_61' title="bbox 1866 1855 3530 1932; baseline 0.006 -21"><span class='ocrx_word' id='word_1_398' title='bbox 1866 1870 1914 1932; x_wconf 68' lang='grc' dir='ltr'><strong><em>Β</em></strong></span> <span class='ocrx_word' id='word_1_399' title='bbox 1942 1862 2057 1912; x_wconf 91' lang='lat' dir='ltr'><strong>tum</strong></span> <span class='ocrx_word' id='word_1_400' title='bbox 2085 1873 2153 1915; x_wconf 89' lang='lat' dir='ltr'><strong>ex</strong></span> <span class='ocrx_word' id='word_1_401' title='bbox 2175 1857 2398 1917; x_wconf 82' lang='lat' dir='ltr'><strong>Ausonii</strong></span> <span class='ocrx_word' id='word_1_402' title='bbox 2423 1859 2667 1916; x_wconf 86' lang='lat' dir='ltr'><strong>versibus</strong></span> <span class='ocrx_word' id='word_1_403' title='bbox 2685 1855 2947 1931; x_wconf 79' lang='lat' dir='ltr'><strong>colligere</strong></span> <span class='ocrx_word' id='word_1_404' title='bbox 2965 1861 3144 1932; x_wconf 82' lang='lat' dir='ltr'><strong>datur,</strong></span> <span class='ocrx_word' id='word_1_405' title='bbox 3173 1872 3267 1919; x_wconf 90' lang='lat' dir='ltr'><strong>aut</strong></span> <span class='ocrx_word' id='word_1_406' title='bbox 3288 1879 3416 1932; x_wconf 86' lang='lat' dir='ltr'><strong>una,</strong></span> <span class='ocrx_word' id='word_1_407' title='bbox 3439 1873 3530 1921; x_wconf 87' lang='lat' dir='ltr'><strong>aut</strong></span> 
     </span>
    </p>
   </div>
   <div class='ocr_carea' id='block_1_62' title="bbox 1938 1944 3530 2025">
    <p class='ocr_par' dir='ltr' id='par_1_62' title="bbox 1938 1944 3530 2025">
     <span class='ocr_line' id='line_1_62' title="bbox 1938 1944 3530 2025; baseline 0.004 -18"><span class='ocrx_word' id='word_1_408' title='bbox 1938 1950 2180 2007; x_wconf 84' lang='lat' dir='ltr'><strong>vicissim</strong></span> <span class='ocrx_word' id='word_1_409' title='bbox 2209 1944 2448 2009; x_wconf 82' lang='lat' dir='ltr'><strong>summos</strong></span> <span class='ocrx_word' id='word_1_410' title='bbox 2471 1950 2968 2025; x_wconf 64' lang='lat' dir='ltr'><strong>Romae&#39;gesscru‘nt</strong></span> <span class='ocrx_word' id='word_1_411' title='bbox 2994 1955 3254 2013; x_wconf 74' lang='lat' dir='ltr'><strong>honores.</strong></span> <span class='ocrx_word' id='word_1_412' title='bbox 3275 1954 3426 2014; x_wconf 77' lang='lat' dir='ltr'><strong>[inde</strong></span> <span class='ocrx_word' id='word_1_413' title='bbox 3465 1958 3530 2013; x_wconf 84' lang='lat' dir='ltr'><strong>il-</strong></span> 
     </span>
    </p>
   </div>
   <div class='ocr_carea' id='block_1_63' title="bbox 1936 2040 2965 2118">
    <p class='ocr_par' dir='ltr' id='par_1_63' title="bbox 1936 2040 2965 2118">
     <span class='ocr_line' id='line_1_63' title="bbox 1936 2040 2965 2118; baseline 0.004 -20"><span class='ocrx_word' id='word_1_414' title='bbox 1936 2040 2032 2099; x_wconf 88' lang='lat' dir='ltr'><strong>lud</strong></span> <span class='ocrx_word' id='word_1_415' title='bbox 2056 2042 2283 2101; x_wconf 81' lang='lat' dir='ltr'><strong>Ausonii</strong></span> <span class='ocrx_word' id='word_1_416' title='bbox 2304 2043 2373 2101; x_wconf 84' lang='lat' dir='ltr'><strong>ad</strong></span> <span class='ocrx_word' id='word_1_417' title='bbox 2391 2042 2678 2102; x_wconf 86' lang='lat' dir='ltr'><strong>Paulinum</strong></span> <span class='ocrx_word' id='word_1_418' title='bbox 2703 2044 2965 2118; x_wconf 66' lang='lat' dir='ltr'><strong>epist.25.</strong></span> 
     </span>
    </p>
   </div>
   <div class='ocr_carea' id='block_1_64' title="bbox 2033 2156 3377 2223">
    <p class='ocr_par' dir='ltr' id='par_1_64' title="bbox 2033 2156 3377 2223">
     <span class='ocr_line' id='line_1_64' title="bbox 2033 2156 3377 2223; baseline 0.006 -19"><span class='ocrx_word' id='word_1_419' title='bbox 2033 2156 2288 2223; x_wconf 61' lang='lat' dir='ltr'><strong>Paulinum</strong></span> <span class='ocrx_word' id='word_1_420' title='bbox 2313 2160 2682 2221; x_wconf 83' lang='lat' dir='ltr'><strong>Ausoniumque</strong></span> <span class='ocrx_word' id='word_1_421' title='bbox 2700 2159 2854 2223; x_wconf 70' lang='lat' dir='ltr'><strong>viros,</strong></span> <span class='ocrx_word' id='word_1_422' title='bbox 2870 2172 2995 2223; x_wconf 81' lang='lat' dir='ltr'><strong>quos</strong></span> <span class='ocrx_word' id='word_1_423' title='bbox 3015 2172 3153 2210; x_wconf 80' lang='lat' dir='ltr'><strong>sacra</strong></span> <span class='ocrx_word' id='word_1_424' title='bbox 3169 2160 3377 2221; x_wconf 81' lang='lat' dir='ltr'><strong>Quirini,</strong></span> 
     </span>
    </p>
   </div>
   <div class='ocr_carea' id='block_1_65' title="bbox 2035 2218 3261 2282">
    <p class='ocr_par' dir='ltr' id='par_1_65' title="bbox 2035 2218 3261 2282">
     <span class='ocr_line' id='line_1_65' title="bbox 2035 2218 3261 2282; baseline 0.002 -13"><span class='ocrx_word' id='word_1_425' title='bbox 2035 2218 2256 2282; x_wconf 81' lang='lat' dir='ltr'><strong>Purpura</strong></span> <span class='ocrx_word' id='word_1_426' title='bbox 2280 2226 2333 2270; x_wconf 87' lang='lat' dir='ltr'><strong>et</strong></span> <span class='ocrx_word' id='word_1_427' title='bbox 2356 2229 2556 2272; x_wconf 81' lang='lat' dir='ltr'><strong>auratus</strong></span> <span class='ocrx_word' id='word_1_428' title='bbox 2572 2218 2757 2272; x_wconf 70' lang='lat' dir='ltr'><strong>trabem</strong></span> <span class='ocrx_word' id='word_1_429' title='bbox 2781 2218 2960 2275; x_wconf 70' lang='lat' dir='ltr'><strong>velavit</strong></span> <span class='ocrx_word' id='word_1_430' title='bbox 2982 2218 3205 2274; x_wconf 65' lang='lat' dir='ltr'><strong>amictus:</strong></span> <span class='ocrx_word' id='word_1_431' title='bbox 3256 2260 3261 2265; x_wconf 81' lang='lat'><strong>.</strong></span> 
     </span>
    </p>
   </div>
   <div class='ocr_carea' id='block_1_66' title="bbox 2017 2320 3531 2396">
    <p class='ocr_par' dir='ltr' id='par_1_66' title="bbox 2017 2320 3531 2396">
     <span class='ocr_line' id='line_1_66' title="bbox 2017 2320 3531 2396; baseline 0.003 -17"><span class='ocrx_word' id='word_1_432' title='bbox 2017 2322 2178 2395; x_wconf 70' lang='lat'><strong>120</strong></span> <span class='ocrx_word' id='word_1_433' title='bbox 2215 2320 2472 2381; x_wconf 83' lang='lat' dir='ltr'><strong>Eruditua</strong></span> <span class='ocrx_word' id='word_1_434' title='bbox 2511 2324 2697 2396; x_wconf 83' lang='lat' dir='ltr'><strong>itaque</strong></span> <span class='ocrx_word' id='word_1_435' title='bbox 2725 2322 3077 2383; x_wconf 87' lang='lat' dir='ltr'><strong>interioribus</strong></span> <span class='ocrx_word' id='word_1_436' title='bbox 3092 2348 3103 2361; x_wconf 62' lang='grc' dir='ltr'><strong>ε·</strong></span> <span class='ocrx_word' id='word_1_437' title='bbox 3115 2333 3171 2381; x_wconf 92' lang='lat' dir='ltr'><strong>et</strong></span> <span class='ocrx_word' id='word_1_438' title='bbox 3215 2325 3531 2385; x_wconf 85' lang='lat' dir='ltr'><strong>cultioribus</strong></span> 
     </span>
    </p>
   </div>
   <div class='ocr_carea' id='block_1_67' title="bbox 1939 2413 3530 2495">
    <p class='ocr_par' dir='ltr' id='par_1_67' title="bbox 1939 2413 3530 2495">
     <span class='ocr_line' id='line_1_67' title="bbox 1939 2413 3530 2495; baseline 0.003 -20"><span class='ocrx_word' id='word_1_439' title='bbox 1939 2416 2136 2475; x_wconf 83' lang='lat' dir='ltr'><strong>litteris</strong></span> <span class='ocrx_word' id='word_1_440' title='bbox 2160 2416 2393 2477; x_wconf 87' lang='lat' dir='ltr'><strong>fecundo</strong></span> <span class='ocrx_word' id='word_1_441' title='bbox 2422 2413 2524 2495; x_wconf 78' lang='lat' dir='ltr'><strong>suo</strong></span> <span class='ocrx_word' id='word_1_442' title='bbox 2565 2422 2785 2492; x_wconf 73' lang='lat' dir='ltr'><strong>ingenio</strong></span> <span class='ocrx_word' id='word_1_443' title='bbox 2815 2421 3530 2495; x_wconf 58' lang='lat' dir='ltr'><strong>admmnda&#39;fecitpoemaa</strong></span> 
     </span>
    </p>
   </div>
   <div class='ocr_carea' id='block_1_68' title="bbox 1938 2512 3531 2588">
    <p class='ocr_par' dir='ltr' id='par_1_68' title="bbox 1938 2512 3531 2588">
     <span class='ocr_line' id='line_1_68' title="bbox 1938 2512 3531 2588; baseline 0.004 -18"><span class='ocrx_word' id='word_1_444' title='bbox 1938 2514 2039 2584; x_wconf 88' lang='lat' dir='ltr'><strong>tia,</strong></span> <span class='ocrx_word' id='word_1_445' title='bbox 2064 2516 2209 2572; x_wconf 89' lang='lat' dir='ltr'><strong>inter</strong></span> <span class='ocrx_word' id='word_1_446' title='bbox 2237 2531 2358 2588; x_wconf 65' lang='lat' dir='ltr'><strong>qua:</strong></span> <span class='ocrx_word' id='word_1_447' title='bbox 2390 2515 2460 2575; x_wconf 89' lang='lat' dir='ltr'><strong>de</strong></span> <span class='ocrx_word' id='word_1_448' title='bbox 2486 2516 2788 2579; x_wconf 72' lang='lat' dir='ltr'><strong>Czcsaribus</strong></span> <span class='ocrx_word' id='word_1_449' title='bbox 2822 2512 2890 2578; x_wconf 76' lang='lat' dir='ltr'><strong>ex</strong></span> <span class='ocrx_word' id='word_1_450' title='bbox 2928 2520 3192 2579; x_wconf 87' lang='lat' dir='ltr'><strong>Suetonio</strong></span> <span class='ocrx_word' id='word_1_451' title='bbox 3225 2521 3484 2579; x_wconf 88' lang='lat' dir='ltr'><strong>nonnulla</strong></span> <span class='ocrx_word' id='word_1_452' title='bbox 3514 2539 3531 2577; x_wconf 87' lang='lat'><strong>:</strong></span> 
     </span>
    </p>
   </div>
   <div class='ocr_carea' id='block_1_69' title="bbox 1943 2603 3530 2689">
    <p class='ocr_par' dir='ltr' id='par_1_69' title="bbox 1943 2603 3530 2689">
     <span class='ocr_line' id='line_1_69' title="bbox 1943 2603 3530 2689; baseline 0.006 -24"><span class='ocrx_word' id='word_1_453' title='bbox 1943 2605 2325 2681; x_wconf 70' lang='lat' dir='ltr'><strong>pbs&#39;tmodum,‘</strong></span> <span class='ocrx_word' id='word_1_454' title='bbox 2350 2603 2648 2684; x_wconf 85' lang='lat' dir='ltr'><strong>inspirante</strong></span> <span class='ocrx_word' id='word_1_455' title='bbox 2693 2612 2827 2683; x_wconf 89' lang='lat' dir='ltr'><strong>Deo,</strong></span> <span class='ocrx_word' id='word_1_456' title='bbox 2860 2615 2926 2672; x_wconf 87' lang='lat' dir='ltr'><strong>ad</strong></span> <span class='ocrx_word' id='word_1_457' title='bbox 2980 2614 3348 2673; x_wconf 77' lang='lat' dir='ltr'><strong>Christianam</strong></span> <span class='ocrx_word' id='word_1_458' title='bbox 3368 2616 3530 2689; x_wconf 88' lang='lat' dir='ltr'><strong>pieta-</strong></span> 
     </span>
    </p>
   </div>
   <div class='ocr_carea' id='block_1_70' title="bbox 1938 2703 3531 2782">
    <p class='ocr_par' dir='ltr' id='par_1_70' title="bbox 1938 2703 3531 2782">
     <span class='ocr_line' id='line_1_70' title="bbox 1938 2703 3531 2782; baseline 0.007 -24"><span class='ocrx_word' id='word_1_459' title='bbox 1938 2711 2053 2759; x_wconf 85' lang='lat' dir='ltr'><strong>tem</strong></span> <span class='ocrx_word' id='word_1_460' title='bbox 2078 2703 2297 2774; x_wconf 86' lang='lat' dir='ltr'><strong>penitus</strong></span> <span class='ocrx_word' id='word_1_461' title='bbox 2323 2720 2638 2773; x_wconf 86' lang='lat' dir='ltr'><strong>conversus,</strong></span> <span class='ocrx_word' id='word_1_462' title='bbox 2682 2706 2969 2767; x_wconf 78' lang='lat' dir='ltr'><strong>Ambrosio</strong></span> <span class='ocrx_word' id='word_1_463' title='bbox 2996 2714 3053 2766; x_wconf 80' lang='lat' dir='ltr'><strong>ct</strong></span> <span class='ocrx_word' id='word_1_464' title='bbox 3070 2709 3379 2782; x_wconf 68' lang='lat' dir='ltr'><strong>Augustino</strong></span> <span class='ocrx_word' id='word_1_465' title='bbox 3402 2727 3531 2772; x_wconf 87' lang='lat' dir='ltr'><strong>usus</strong></span> 
     </span>
    </p>
   </div>
   <div class='ocr_carea' id='block_1_71' title="bbox 1942 2790 3531 2874">
    <p class='ocr_par' dir='ltr' id='par_1_71' title="bbox 1942 2790 3531 2874">
     <span class='ocr_line' id='line_1_71' title="bbox 1942 2790 3531 2874; baseline 0.008 -24"><span class='ocrx_word' id='word_1_466' title='bbox 1942 2790 2384 2867; x_wconf 70' lang='lat' dir='ltr'><strong>pmcepmﬁbus,</strong></span> <span class='ocrx_word' id='word_1_467' title='bbox 2425 2806 2496 2853; x_wconf 84' lang='lat' dir='ltr'><strong>ne</strong></span> <span class='ocrx_word' id='word_1_468' title='bbox 2517 2798 2854 2868; x_wconf 50' lang='lat' dir='ltr'><strong>generis‘au‘t</strong></span> <span class='ocrx_word' id='word_1_469' title='bbox 2881 2802 3147 2858; x_wconf 87' lang='lat' dir='ltr'><strong>honorum</strong></span> <span class='ocrx_word' id='word_1_470' title='bbox 3172 2801 3460 2874; x_wconf 87' lang='lat' dir='ltr'><strong>splendore</strong></span> <span class='ocrx_word' id='word_1_471' title='bbox 3498 2819 3531 2863; x_wconf 88' lang='lat' dir='ltr'><strong>a</strong></span> 
     </span>
    </p>
   </div>
   <div class='ocr_carea' id='block_1_72' title="bbox 1943 2883 3532 2957">
    <p class='ocr_par' dir='ltr' id='par_1_72' title="bbox 1943 2883 3532 2957">
     <span class='ocr_line' id='line_1_72' title="bbox 1943 2883 3532 2957; baseline 0.008 -16"><span class='ocrx_word' id='word_1_472' title='bbox 1943 2883 2244 2943; x_wconf 86' lang='lat' dir='ltr'><strong>Christiana</strong></span> <span class='ocrx_word' id='word_1_473' title='bbox 2279 2888 2546 2946; x_wconf 84' lang='lat' dir='ltr'><strong>modestia</strong></span> <span class='ocrx_word' id='word_1_474' title='bbox 2579 2898 2941 2957; x_wconf 62' lang='lat' dir='ltr'><strong>averteretur;</strong></span> <span class='ocrx_word' id='word_1_475' title='bbox 2964 2891 3320 2951; x_wconf 87' lang='lat' dir='ltr'><strong>Barcinonem</strong></span> <span class='ocrx_word' id='word_1_476' title='bbox 3353 2894 3425 2951; x_wconf 87' lang='lat' dir='ltr'><strong>ab</strong></span> <span class='ocrx_word' id='word_1_477' title='bbox 3453 2896 3532 2955; x_wconf 88' lang='lat' dir='ltr'><strong>eis</strong></span> 
     </span>
    </p>
   </div>
   <div class='ocr_carea' id='block_1_73' title="bbox 1941 2978 3531 3049">
    <p class='ocr_par' dir='ltr' id='par_1_73' title="bbox 1941 2978 3531 3049">
     <span class='ocr_line' id='line_1_73' title="bbox 1941 2978 3531 3049; baseline 0.007 -13"><span class='ocrx_word' id='word_1_478' title='bbox 1941 2978 2138 3036; x_wconf 85' lang='lat' dir='ltr'><strong>missus</strong></span> <span class='ocrx_word' id='word_1_479' title='bbox 2178 2991 2260 3038; x_wconf 87' lang='lat' dir='ltr'><strong>est</strong></span> <span class='ocrx_word' id='word_1_480' title='bbox 2298 2998 2314 3036; x_wconf 88' lang='lat'><strong>:</strong></span> <span class='ocrx_word' id='word_1_481' title='bbox 2358 2982 2448 3039; x_wconf 90' lang='lat' dir='ltr'><strong>ubi</strong></span> <span class='ocrx_word' id='word_1_482' title='bbox 2491 2992 2547 3040; x_wconf 89' lang='lat' dir='ltr'><strong>et</strong></span> <span class='ocrx_word' id='word_1_483' title='bbox 2593 2986 2764 3042; x_wconf 86' lang='lat' dir='ltr'><strong>sacris</strong></span> <span class='ocrx_word' id='word_1_484' title='bbox 2790 2984 3044 3044; x_wconf 75' lang='lat' dir='ltr'><strong>initiatus</strong></span> <span class='ocrx_word' id='word_1_485' title='bbox 3070 3002 3302 3044; x_wconf 86' lang='lat' dir='ltr'><strong>omnem</strong></span> <span class='ocrx_word' id='word_1_486' title='bbox 3344 2989 3531 3049; x_wconf 87' lang='lat' dir='ltr'><strong>mundi</strong></span> 
     </span>
    </p>
   </div>
   <div class='ocr_carea' id='block_1_74' title="bbox 1939 3072 3532 3152">
    <p class='ocr_par' dir='ltr' id='par_1_74' title="bbox 1939 3072 3532 3152">
     <span class='ocr_line' id='line_1_74' title="bbox 1939 3072 3532 3152; baseline 0.007 -25"><span class='ocrx_word' id='word_1_487' title='bbox 1939 3086 2193 3144; x_wconf 84' lang='lat' dir='ltr'><strong>pompam</strong></span> <span class='ocrx_word' id='word_1_488' title='bbox 2237 3072 2453 3145; x_wconf 72' lang='lat' dir='ltr'><strong>reiecit;</strong></span> <span class='ocrx_word' id='word_1_489' title='bbox 2479 3090 2781 3147; x_wconf 86' lang='lat' dir='ltr'><strong>venamque</strong></span> <span class='ocrx_word' id='word_1_490' title='bbox 2822 3074 3077 3135; x_wconf 82' lang='lat' dir='ltr'><strong>liuentem</strong></span> <span class='ocrx_word' id='word_1_491' title='bbox 3121 3095 3186 3137; x_wconf 87' lang='lat' dir='ltr'><strong>ac</strong></span> <span class='ocrx_word' id='word_1_492' title='bbox 3213 3096 3352 3152; x_wconf 90' lang='lat' dir='ltr'><strong>pene</strong></span> <span class='ocrx_word' id='word_1_493' title='bbox 3378 3081 3532 3138; x_wconf 89' lang='lat' dir='ltr'><strong>lasci-</strong></span> 
     </span>
    </p>
   </div>
   <div class='ocr_carea' id='block_1_75' title="bbox 1941 3164 3527 3245">
    <p class='ocr_par' dir='ltr' id='par_1_75' title="bbox 1941 3164 3527 3245">
     <span class='ocr_line' id='line_1_75' title="bbox 1941 3164 3527 3245; baseline 0.007 -25"><span class='ocrx_word' id='word_1_494' title='bbox 1941 3164 2199 3233; x_wconf 86' lang='lat' dir='ltr'><strong>vientem,</strong></span> <span class='ocrx_word' id='word_1_495' title='bbox 2228 3179 2445 3238; x_wconf 74' lang='lat' dir='ltr'><strong>gravem</strong></span> <span class='ocrx_word' id='word_1_496' title='bbox 2466 3176 2522 3225; x_wconf 91' lang='lat' dir='ltr'><strong>et</strong></span> <span class='ocrx_word' id='word_1_497' title='bbox 2546 3169 2796 3226; x_wconf 88' lang='lat' dir='ltr'><strong>stabilem</strong></span> <span class='ocrx_word' id='word_1_498' title='bbox 2829 3169 2979 3239; x_wconf 88' lang='lat' dir='ltr'><strong>fecit,</strong></span> <span class='ocrx_word' id='word_1_499' title='bbox 3008 3173 3274 3245; x_wconf 87' lang='lat' dir='ltr'><strong>anxieque</strong></span> <span class='ocrx_word' id='word_1_500' title='bbox 3309 3188 3527 3231; x_wconf 87' lang='lat' dir='ltr'><strong>omnem</strong></span> 
     </span>
    </p>
   </div>
   <div class='ocr_carea' id='block_1_76' title="bbox 1940 3257 3529 3336">
    <p class='ocr_par' dir='ltr' id='par_1_76' title="bbox 1940 3257 3529 3336">
     <span class='ocr_line' id='line_1_76' title="bbox 1940 3257 3529 3336; baseline 0.006 -24"><span class='ocrx_word' id='word_1_501' title='bbox 1940 3258 2195 3328; x_wconf 75' lang='lat' dir='ltr'><strong>gentilem</strong></span> <span class='ocrx_word' id='word_1_502' title='bbox 2226 3257 2389 3315; x_wconf 87' lang='lat' dir='ltr'><strong>ritum</strong></span> <span class='ocrx_word' id='word_1_503' title='bbox 2406 3258 2603 3317; x_wconf 77' lang='lat' dir='ltr'><strong>&#39;vit&#39;a‘vit</strong></span> <span class='ocrx_word' id='word_1_504' title='bbox 2649 3260 2829 3333; x_wconf 72' lang='lat' dir='ltr'><strong>usque</strong></span> <span class='ocrx_word' id='word_1_505' title='bbox 2857 3262 3023 3326; x_wconf 82' lang='lat' dir='ltr'><strong>adeo.</strong></span> <span class='ocrx_word' id='word_1_506' title='bbox 3056 3272 3118 3320; x_wconf 89' lang='lat' dir='ltr'><strong>ut</strong></span> <span class='ocrx_word' id='word_1_507' title='bbox 3154 3280 3225 3321; x_wconf 90' lang='lat' dir='ltr'><strong>ne</strong></span> <span class='ocrx_word' id='word_1_508' title='bbox 3248 3264 3529 3336; x_wconf 72' lang='lat' dir='ltr'><strong>Virgilium</strong></span> 
     </span>
    </p>
   </div>
   <div class='ocr_carea' id='block_1_77' title="bbox 1940 3338 3531 3438">
    <p class='ocr_par' dir='ltr' id='par_1_77' title="bbox 1940 3338 3531 3438">
     <span class='ocr_line' id='line_1_77' title="bbox 1940 3338 3531 3438; baseline 0.008 -35"><span class='ocrx_word' id='word_1_509' title='bbox 1940 3347 2161 3419; x_wconf 86' lang='lat' dir='ltr'><strong>quidem</strong></span> <span class='ocrx_word' id='word_1_510' title='bbox 2204 3338 2542 3422; x_wconf 85' lang='lat' dir='ltr'><strong>postmodum</strong></span> <span class='ocrx_word' id='word_1_511' title='bbox 2574 3353 2855 3411; x_wconf 76' lang='lat' dir='ltr'><strong>nominate</strong></span> <span class='ocrx_word' id='word_1_512' title='bbox 2898 3353 3059 3412; x_wconf 83' lang='lat' dir='ltr'><strong>fuerit</strong></span> <span class='ocrx_word' id='word_1_513' title='bbox 3090 3342 3291 3438; x_wconf 76' lang='lat' dir='ltr'><strong>ausus,</strong></span> <span class='ocrx_word' id='word_1_514' title='bbox 3336 3371 3531 3430; x_wconf 73' lang='lat' dir='ltr'><strong>magno</strong></span> 
     </span>
    </p>
   </div>
   <div class='ocr_carea' id='block_1_78' title="bbox 1940 3438 3528 3517">
    <p class='ocr_par' dir='ltr' id='par_1_78' title="bbox 1940 3438 3528 3517">
     <span class='ocr_line' id='line_1_78' title="bbox 1940 3438 3528 3517; baseline 0.008 -21"><span class='ocrx_word' id='word_1_515' title='bbox 1940 3438 2285 3512; x_wconf 85' lang='lat' dir='ltr'><strong>documento,</strong></span> <span class='ocrx_word' id='word_1_516' title='bbox 2314 3442 2479 3500; x_wconf 81' lang='lat' dir='ltr'><strong>altum</strong></span> <span class='ocrx_word' id='word_1_517' title='bbox 2505 3444 2699 3517; x_wconf 88' lang='lat' dir='ltr'><strong>stylum</strong></span> <span class='ocrx_word' id='word_1_518' title='bbox 2731 3444 2924 3503; x_wconf 88' lang='lat' dir='ltr'><strong>decere</strong></span> <span class='ocrx_word' id='word_1_519' title='bbox 2949 3449 3117 3505; x_wconf 85' lang='lat' dir='ltr'><strong>sacris</strong></span> <span class='ocrx_word' id='word_1_520' title='bbox 3144 3449 3415 3507; x_wconf 88' lang='lat' dir='ltr'><strong>initiatum</strong></span> <span class='ocrx_word' id='word_1_521' title='bbox 3442 3451 3528 3507; x_wconf 86' lang='lat' dir='ltr'><strong>vi-</strong></span> 
     </span>
    </p>
   </div>
   <div class='ocr_carea' id='block_1_79' title="bbox 1939 3535 3527 3615">
    <p class='ocr_par' dir='ltr' id='par_1_79' title="bbox 1939 3535 3527 3615">
     <span class='ocr_line' id='line_1_79' title="bbox 1939 3535 3527 3615; baseline 0.008 -28"><span class='ocrx_word' id='word_1_522' title='bbox 1939 3547 2092 3601; x_wconf 88' lang='lat' dir='ltr'><strong>rum,</strong></span> <span class='ocrx_word' id='word_1_523' title='bbox 2127 3535 2287 3590; x_wconf 86' lang='lat' dir='ltr'><strong>alium</strong></span> <span class='ocrx_word' id='word_1_524' title='bbox 2318 3535 2610 3608; x_wconf 88' lang='lat' dir='ltr'><strong>propbanis</strong></span> <span class='ocrx_word' id='word_1_525' title='bbox 2649 3536 2822 3595; x_wconf 87' lang='lat' dir='ltr'><strong>adhuc</strong></span> <span class='ocrx_word' id='word_1_526' title='bbox 2849 3537 3122 3609; x_wconf 82' lang='lat' dir='ltr'><strong>deditum;</strong></span> <span class='ocrx_word' id='word_1_527' title='bbox 3150 3553 3294 3599; x_wconf 80' lang='lat' dir='ltr'><strong>unde</strong></span> <span class='ocrx_word' id='word_1_528' title='bbox 3330 3548 3446 3615; x_wconf 83' lang='lat' dir='ltr'><strong>ipse</strong></span> <span class='ocrx_word' id='word_1_529' title='bbox 3471 3542 3527 3599; x_wconf 93' lang='lat' dir='ltr'><strong>in</strong></span> 
     </span>
    </p>
   </div>
   <div class='ocr_carea' id='block_1_80' title="bbox 1938 3624 3373 3703">
    <p class='ocr_par' dir='ltr' id='par_1_80' title="bbox 1938 3624 3373 3703">
     <span class='ocr_line' id='line_1_80' title="bbox 1938 3624 3373 3703; baseline 0.01 -24"><span class='ocrx_word' id='word_1_530' title='bbox 1938 3624 2207 3697; x_wconf 86' lang='lat' dir='ltr'><strong>principio</strong></span> <span class='ocrx_word' id='word_1_531' title='bbox 2228 3627 2813 3700; x_wconf 69' lang='lat' dir='ltr'><strong>epistolzeresponsivze</strong></span> <span class='ocrx_word' id='word_1_532' title='bbox 2837 3630 2907 3687; x_wconf 88' lang='lat' dir='ltr'><strong>ad</strong></span> <span class='ocrx_word' id='word_1_533' title='bbox 2929 3630 3296 3703; x_wconf 79' lang='lat' dir='ltr'><strong>Ausonium:</strong></span> <span class='ocrx_word' id='word_1_534' title='bbox 3368 3637 3373 3643; x_wconf 83' lang='grc'><strong>’</strong></span> 
     </span>
    </p>
   </div>
   <div class='ocr_carea' id='block_1_81' title="bbox 2125 3740 3128 3810">
    <p class='ocr_par' dir='ltr' id='par_1_81' title="bbox 2125 3740 3128 3810">
     <span class='ocr_line' id='line_1_81' title="bbox 2125 3740 3128 3810; baseline 0.007 -21"><span class='ocrx_word' id='word_1_535' title='bbox 2125 3740 2250 3810; x_wconf 72' lang='lat' dir='ltr'><strong>Quid</strong></span> <span class='ocrx_word' id='word_1_536' title='bbox 2276 3742 2521 3810; x_wconf 70' lang='lat' dir='ltr'><strong>abdicatos</strong></span> <span class='ocrx_word' id='word_1_537' title='bbox 2543 3743 2592 3794; x_wconf 89' lang='lat' dir='ltr'><strong>in</strong></span> <span class='ocrx_word' id='word_1_538' title='bbox 2616 3756 2963 3810; x_wconf 78' lang='lat' dir='ltr'><strong>meamcuram</strong></span> <span class='ocrx_word' id='word_1_539' title='bbox 2984 3754 3128 3810; x_wconf 88' lang='lat' dir='ltr'><strong>pater</strong></span> 
     </span>
    </p>
   </div>
   <div class='ocr_carea' id='block_1_82' title="bbox 2186 3802 3035 3869">
    <p class='ocr_par' dir='ltr' id='par_1_82' title="bbox 2186 3802 3035 3869">
     <span class='ocr_line' id='line_1_82' title="bbox 2186 3802 3035 3869; baseline 0.007 -17"><span class='ocrx_word' id='word_1_540' title='bbox 2186 3802 2374 3869; x_wconf 77' lang='lat' dir='ltr'><strong>Redire</strong></span> <span class='ocrx_word' id='word_1_541' title='bbox 2401 3807 2560 3869; x_wconf 82' lang='lat' dir='ltr'><strong>Musas</strong></span> <span class='ocrx_word' id='word_1_542' title='bbox 2594 3807 2848 3869; x_wconf 64' lang='lat' dir='ltr'><strong>praecipis?</strong></span> <span class='ocrx_word' id='word_1_543' title='bbox 2985 3802 3001 3810; x_wconf 86' lang='grc'><em>’</em></span> <span class='ocrx_word' id='word_1_544' title='bbox 3032 3838 3035 3839; x_wconf 53' lang='grc' dir='ltr'><em>ν</em></span> 
     </span>
    </p>
   </div>
   <div class='ocr_carea' id='block_1_83' title="bbox 2129 3866 3137 3933">
    <p class='ocr_par' dir='ltr' id='par_1_83' title="bbox 2129 3866 3137 3933">
     <span class='ocr_line' id='line_1_83' title="bbox 2129 3866 3137 3933; baseline 0.005 -17"><span class='ocrx_word' id='word_1_545' title='bbox 2129 3866 2328 3933; x_wconf 61' lang='lat' dir='ltr'><strong>Negant</strong></span> <span class='ocrx_word' id='word_1_546' title='bbox 2345 3866 2609 3933; x_wconf 55' lang='lat' dir='ltr'><strong>calomnis,</strong></span> <span class='ocrx_word' id='word_1_547' title='bbox 2629 3881 2724 3920; x_wconf 85' lang='lat' dir='ltr'><strong>nec</strong></span> <span class='ocrx_word' id='word_1_548' title='bbox 2743 3866 2753 3931; x_wconf 59' lang='grc' dir='ltr'><strong>ᾖ</strong></span> <span class='ocrx_word' id='word_1_549' title='bbox 2773 3876 2911 3921; x_wconf 69' lang='lat' dir='ltr'><strong>atrnt</strong></span> <span class='ocrx_word' id='word_1_550' title='bbox 2924 3869 3137 3933; x_wconf 76' lang='lat' dir='ltr'><strong>Apollini</strong></span> 
     </span>
    </p>
   </div>
   <div class='ocr_carea' id='block_1_84' title="bbox 2187 3928 2809 3995">
    <p class='ocr_par' dir='ltr' id='par_1_84' title="bbox 2187 3928 2809 3995">
     <span class='ocr_line' id='line_1_84' title="bbox 2187 3928 2809 3995; baseline 0.006 -16"><span class='ocrx_word' id='word_1_551' title='bbox 2187 3928 2359 3981; x_wconf 84' lang='lat' dir='ltr'><strong>Dicata</strong></span> <span class='ocrx_word' id='word_1_552' title='bbox 2380 3930 2573 3981; x_wconf 75' lang='lat' dir='ltr'><strong>Christo</strong></span> <span class='ocrx_word' id='word_1_553' title='bbox 2592 3928 2809 3995; x_wconf 82' lang='lat' dir='ltr'><strong>pectora.</strong></span> 
     </span>
    </p>
   </div>
   <div class='ocr_carea' id='block_1_85' title="bbox 2010 4035 3526 4111">
    <p class='ocr_par' dir='ltr' id='par_1_85' title="bbox 2010 4035 3526 4111">
     <span class='ocr_line' id='line_1_85' title="bbox 2010 4035 3526 4111; baseline 0.005 -18"><span class='ocrx_word' id='word_1_554' title='bbox 2010 4035 2071 4093; x_wconf 89' lang='lat' dir='ltr'><strong>In</strong></span> <span class='ocrx_word' id='word_1_555' title='bbox 2106 4037 2348 4095; x_wconf 85' lang='lat' dir='ltr'><strong>carmine</strong></span> <span class='ocrx_word' id='word_1_556' title='bbox 2376 4045 2558 4095; x_wconf 88' lang='lat' dir='ltr'><strong>tamen</strong></span> <span class='ocrx_word' id='word_1_557' title='bbox 2584 4054 2706 4096; x_wconf 82' lang='lat' dir='ltr'><strong>eam</strong></span> <span class='ocrx_word' id='word_1_558' title='bbox 2744 4040 2965 4097; x_wconf 89' lang='lat' dir='ltr'><strong>retinuit</strong></span> <span class='ocrx_word' id='word_1_559' title='bbox 3000 4041 3247 4111; x_wconf 76' lang='lat' dir='ltr'><strong>gratiam,</strong></span> <span class='ocrx_word' id='word_1_560' title='bbox 3274 4048 3337 4097; x_wconf 88' lang='lat' dir='ltr'><strong>ut</strong></span> <span class='ocrx_word' id='word_1_561' title='bbox 3372 4039 3526 4100; x_wconf 81' lang='lat' dir='ltr'><strong>facile</strong></span> 
     </span>
    </p>
   </div>
   <div class='ocr_carea' id='block_1_86' title="bbox 1939 4127 3527 4205">
    <p class='ocr_par' dir='ltr' id='par_1_86' title="bbox 1939 4127 3527 4205">
     <span class='ocr_line' id='line_1_86' title="bbox 1939 4127 3527 4205; baseline 0.006 -20"><span class='ocrx_word' id='word_1_562' title='bbox 1939 4127 1996 4185; x_wconf 87' lang='lat' dir='ltr'><strong>in</strong></span> <span class='ocrx_word' id='word_1_563' title='bbox 2017 4143 2087 4186; x_wconf 86' lang='lat' dir='ltr'><strong>eo</strong></span> <span class='ocrx_word' id='word_1_564' title='bbox 2109 4136 2165 4185; x_wconf 89' lang='lat' dir='ltr'><strong>et</strong></span> <span class='ocrx_word' id='word_1_565' title='bbox 2190 4128 2409 4188; x_wconf 87' lang='lat' dir='ltr'><strong>divitem</strong></span> <span class='ocrx_word' id='word_1_566' title='bbox 2430 4130 2641 4188; x_wconf 85' lang='lat' dir='ltr'><strong>veniam</strong></span> <span class='ocrx_word' id='word_1_567' title='bbox 2667 4141 2724 4187; x_wconf 89' lang='lat' dir='ltr'><strong>et</strong></span> <span class='ocrx_word' id='word_1_568' title='bbox 2742 4132 2964 4189; x_wconf 86' lang='lat' dir='ltr'><strong>mnltam</strong></span> <span class='ocrx_word' id='word_1_569' title='bbox 2984 4133 3338 4193; x_wconf 88' lang='lat' dir='ltr'><strong>eruditionem</strong></span> <span class='ocrx_word' id='word_1_570' title='bbox 3359 4138 3527 4205; x_wconf 74' lang='lat' dir='ltr'><strong>agno-</strong></span> 
     </span>
    </p>
   </div>
   <div class='ocr_carea' id='block_1_87' title="bbox 1937 4237 2082 4281">
    <p class='ocr_par' dir='ltr' id='par_1_87' title="bbox 1937 4237 2082 4281">
     <span class='ocr_line' id='line_1_87' title="bbox 1937 4237 2082 4281; baseline 0.007 -2"><span class='ocrx_word' id='word_1_571' title='bbox 1937 4237 2082 4281; x_wconf 67' lang='lat'><strong>303$.</strong></span> 
     </span>
    </p>
   </div>
   <div class='ocr_carea' id='block_1_88' title="bbox 1942 4350 3523 4403">
    <p class='ocr_par' dir='ltr' id='par_1_88' title="bbox 1942 4350 3523 4403">
     <span class='ocr_line' id='line_1_88' title="bbox 1942 4350 3523 4403; baseline 0.008 -13"><span class='ocrx_word' id='word_1_572' title='bbox 1942 4350 2198 4393; x_wconf 69' lang='lat' dir='ltr'><strong>BEMICUS</strong></span> <span class='ocrx_word' id='word_1_573' title='bbox 2224 4351 2444 4393; x_wconf 72' lang='lat' dir='ltr'><strong>CRAVIUS</strong></span> <span class='ocrx_word' id='word_1_574' title='bbox 2470 4354 2522 4394; x_wconf 73' lang='lat' dir='ltr'><strong>IN</strong></span> <span class='ocrx_word' id='word_1_575' title='bbox 2551 4353 2896 4395; x_wconf 62' lang='grc' dir='ltr'><strong>ΡΒΒΞἊΤΙΟΝΕ</strong></span> <span class='ocrx_word' id='word_1_576' title='bbox 2926 4357 2992 4396; x_wconf 81' lang='lat' dir='ltr'><strong>AD</strong></span> <span class='ocrx_word' id='word_1_577' title='bbox 3020 4356 3066 4399; x_wconf 78' lang='grc'><strong>8.</strong></span> <span class='ocrx_word' id='word_1_578' title='bbox 3099 4355 3305 4400; x_wconf 63' lang='lat' dir='ltr'><strong>PAULI!“</strong></span> <span class='ocrx_word' id='word_1_579' title='bbox 3332 4360 3523 4403; x_wconf 72' lang='lat' dir='ltr'><strong>OPERA.</strong></span> 
     </span>
    </p>
   </div>
   <div class='ocr_carea' id='block_1_89' title="bbox 2374 4421 3137 4500">
    <p class='ocr_par' dir='ltr' id='par_1_89' title="bbox 2374 4421 3137 4500">
     <span class='ocr_line' id='line_1_89' title="bbox 2374 4421 3137 4500; baseline 0.001 -18"><span class='ocrx_word' id='word_1_580' title='bbox 2374 4429 2466 4492; x_wconf 83' lang='lat' dir='ltr'><strong>(Ex</strong></span> <span class='ocrx_word' id='word_1_581' title='bbox 2486 4421 2703 4483; x_wconf 85' lang='lat' dir='ltr'><strong>editione</strong></span> <span class='ocrx_word' id='word_1_582' title='bbox 2740 4432 2905 4483; x_wconf 74' lang='lat' dir='ltr'><strong>Colon.</strong></span> <span class='ocrx_word' id='word_1_583' title='bbox 2931 4435 3094 4500; x_wconf 73' lang='lat'><strong>1560.)</strong></span> <span class='ocrx_word' id='word_1_584' title='bbox 3135 4495 3137 4498; x_wconf 5' lang='lat' dir='ltr'><strong>p</strong></span> 
     </span>
    </p>
   </div>
   <div class='ocr_carea' id='block_1_90' title="bbox 2011 4538 3527 4612">
    <p class='ocr_par' dir='ltr' id='par_1_90' title="bbox 2011 4538 3527 4612">
     <span class='ocr_line' id='line_1_90' title="bbox 2011 4538 3527 4612; baseline 0.004 -16"><span class='ocrx_word' id='word_1_585' title='bbox 2011 4539 2211 4598; x_wconf 86' lang='lat' dir='ltr'><strong>Beatus</strong></span> <span class='ocrx_word' id='word_1_586' title='bbox 2234 4538 2510 4607; x_wconf 83' lang='lat' dir='ltr'><strong>Paulinus,</strong></span> <span class='ocrx_word' id='word_1_587' title='bbox 2552 4548 2615 4598; x_wconf 90' lang='lat' dir='ltr'><strong>ut</strong></span> <span class='ocrx_word' id='word_1_588' title='bbox 2638 4550 2756 4598; x_wconf 89' lang='lat' dir='ltr'><strong>erat</strong></span> <span class='ocrx_word' id='word_1_589' title='bbox 2780 4540 2939 4612; x_wconf 78' lang='lat' dir='ltr'><strong>longe</strong></span> <span class='ocrx_word' id='word_1_590' title='bbox 2978 4541 3319 4601; x_wconf 84' lang='lat' dir='ltr'><strong>doctissimus</strong></span> <span class='ocrx_word' id='word_1_591' title='bbox 3342 4560 3409 4601; x_wconf 85' lang='lat' dir='ltr'><strong>ac</strong></span> <span class='ocrx_word' id='word_1_592' title='bbox 3436 4561 3527 4602; x_wconf 86' lang='lat' dir='ltr'><strong>vc-</strong></span> 
     </span>
    </p>
   </div>
   <div class='ocr_carea' id='block_1_91' title="bbox 228 4604 1830 4701">
    <p class='ocr_par' dir='ltr' id='par_1_91' title="bbox 228 4604 1825 4686">
     <span class='ocr_line' id='line_1_91' title="bbox 228 4604 1825 4686; baseline 0.01 -28"><span class='ocrx_word' id='word_1_593' title='bbox 228 4604 390 4674; x_wconf 70' lang='lat' dir='ltr'><strong>grat&#39;a</strong></span> <span class='ocrx_word' id='word_1_594' title='bbox 413 4604 479 4661; x_wconf 85' lang='lat' dir='ltr'><strong>ac</strong></span> <span class='ocrx_word' id='word_1_595' title='bbox 505 4605 1023 4686; x_wconf 67' lang='lat' dir='ltr'><strong>benevolaquadam</strong></span> <span class='ocrx_word' id='word_1_596' title='bbox 1063 4613 1423 4684; x_wconf 80' lang='lat' dir='ltr'><strong>appellatione</strong></span> <span class='ocrx_word' id='word_1_597' title='bbox 1452 4612 1616 4673; x_wconf 76' lang='lat' dir='ltr'><strong>ﬁiium</strong></span> <span class='ocrx_word' id='word_1_598' title='bbox 1644 4619 1825 4674; x_wconf 67' lang='lat' dir='ltr'><strong>nurui-</strong></span> 
     </span>
    </p>
   </div>
   <div class='ocr_carea' id='block_1_92' title="bbox 1947 4604 3528 4701">
    <p class='ocr_par' dir='ltr' id='par_1_92' title="bbox 1947 4622 3528 4701">
     <span class='ocr_line' id='line_1_92' title="bbox 1947 4622 3528 4701; baseline 0.004 -12"><span class='ocrx_word' id='word_1_599' title='bbox 1947 4634 2310 4701; x_wconf 84' lang='lat' dir='ltr'><strong>uustissimus,</strong></span> <span class='ocrx_word' id='word_1_600' title='bbox 2340 4622 2415 4690; x_wconf 86' lang='lat' dir='ltr'><strong>ita</strong></span> <span class='ocrx_word' id='word_1_601' title='bbox 2443 4634 2732 4699; x_wconf 86' lang='lat' dir='ltr'><strong>multorum</strong></span> <span class='ocrx_word' id='word_1_602' title='bbox 2761 4634 2970 4699; x_wconf 84' lang='lat' dir='ltr'><strong>inscitia</strong></span> <span class='ocrx_word' id='word_1_603' title='bbox 2996 4651 3063 4692; x_wconf 90' lang='lat' dir='ltr'><strong>ac</strong></span> <span class='ocrx_word' id='word_1_604' title='bbox 3085 4637 3399 4695; x_wconf 77' lang='lat' dir='ltr'><strong>temeritate</strong></span> <span class='ocrx_word' id='word_1_605' title='bbox 3424 4639 3528 4695; x_wconf 88' lang='lat' dir='ltr'><strong>mi-</strong></span> 
     </span>
    </p>
   </div>
   <div class='ocr_carea' id='block_1_93' title="bbox 230 4696 1825 4775">
    <p class='ocr_par' dir='ltr' id='par_1_93' title="bbox 230 4696 1825 4775">
     <span class='ocr_line' id='line_1_93' title="bbox 230 4696 1825 4775; baseline 0.011 -25"><span class='ocrx_word' id='word_1_606' title='bbox 230 4704 324 4751; x_wconf 89' lang='lat' dir='ltr'><strong>net</strong></span> <span class='ocrx_word' id='word_1_607' title='bbox 341 4696 477 4775; x_wconf 76' lang='lat' dir='ltr'><strong>;sed</strong></span> <span class='ocrx_word' id='word_1_608' title='bbox 516 4697 624 4755; x_wconf 76' lang='lat' dir='ltr'><strong>bbe</strong></span> <span class='ocrx_word' id='word_1_609' title='bbox 649 4715 759 4757; x_wconf 88' lang='lat' dir='ltr'><strong>non</strong></span> <span class='ocrx_word' id='word_1_610' title='bbox 786 4702 916 4758; x_wconf 87' lang='lat' dir='ltr'><strong>satis</strong></span> <span class='ocrx_word' id='word_1_611' title='bbox 943 4711 1158 4760; x_wconf 84' lang='lat' dir='ltr'><strong>constat</strong></span> <span class='ocrx_word' id='word_1_612' title='bbox 1183 4704 1238 4761; x_wconf 93' lang='lat' dir='ltr'><strong>in</strong></span> <span class='ocrx_word' id='word_1_613' title='bbox 1268 4714 1378 4763; x_wconf 84' lang='lat' dir='ltr'><strong>tam</strong></span> <span class='ocrx_word' id='word_1_614' title='bbox 1400 4707 1545 4764; x_wconf 84' lang='lat' dir='ltr'><strong>varia</strong></span> <span class='ocrx_word' id='word_1_615' title='bbox 1590 4718 1646 4766; x_wconf 87' lang='lat' dir='ltr'><strong>et</strong></span> <span class='ocrx_word' id='word_1_616' title='bbox 1676 4711 1825 4767; x_wconf 83' lang='lat' dir='ltr'><strong>anci-</strong></span> 
     </span>
    </p>
   </div>
   <div class='ocr_carea' id='block_1_94' title="bbox 228 4780 1826 4875">
    <p class='ocr_par' dir='ltr' id='par_1_94' title="bbox 228 4780 1826 4875">
     <span class='ocr_line' id='line_1_94' title="bbox 228 4780 1826 4875; baseline 0.011 -34"><span class='ocrx_word' id='word_1_617' title='bbox 228 4780 328 4859; x_wconf 77' lang='lat' dir='ltr'><strong>piii</strong></span> <span class='ocrx_word' id='word_1_618' title='bbox 355 4798 540 4859; x_wconf 79' lang='lat' dir='ltr'><strong>rerum</strong></span> <span class='ocrx_word' id='word_1_619' title='bbox 570 4789 915 4875; x_wconf 78' lang='lat' dir='ltr'><strong>obscuritate.</strong></span> <span class='ocrx_word' id='word_1_620' title='bbox 944 4793 1091 4869; x_wconf 78' lang='lat' dir='ltr'><strong>inter</strong></span> <span class='ocrx_word' id='word_1_621' title='bbox 1122 4796 1226 4852; x_wconf 87' lang='lat' dir='ltr'><strong>alia</strong></span> <span class='ocrx_word' id='word_1_622' title='bbox 1253 4814 1418 4870; x_wconf 85' lang='lat' dir='ltr'><strong>opera</strong></span> <span class='ocrx_word' id='word_1_623' title='bbox 1455 4800 1715 4872; x_wconf 87' lang='lat' dir='ltr'><strong>scriptum</strong></span> <span class='ocrx_word' id='word_1_624' title='bbox 1743 4811 1826 4861; x_wconf 87' lang='lat' dir='ltr'><strong>est</strong></span> 
     </span>
    </p>
   </div>
   <div class='ocr_carea' id='block_1_95' title="bbox 228 4877 1825 4968">
    <p class='ocr_par' dir='ltr' id='par_1_95' title="bbox 228 4877 1825 4968">
     <span class='ocr_line' id='line_1_95' title="bbox 228 4877 1825 4968; baseline 0.011 -34"><span class='ocrx_word' id='word_1_625' title='bbox 228 4893 261 4935; x_wconf 92' lang='lat' dir='ltr'><strong>a</strong></span> <span class='ocrx_word' id='word_1_626' title='bbox 289 4877 521 4962; x_wconf 84' lang='lat' dir='ltr'><strong>Paulino</strong></span> <span class='ocrx_word' id='word_1_627' title='bbox 550 4884 745 4968; x_wconf 86' lang='lat' dir='ltr'><strong>poema</strong></span> <span class='ocrx_word' id='word_1_628' title='bbox 778 4885 1107 4968; x_wconf 77' lang='lat' dir='ltr'><strong>hexametris</strong></span> <span class='ocrx_word' id='word_1_629' title='bbox 1142 4886 1386 4968; x_wconf 84' lang='lat' dir='ltr'><strong>versibus</strong></span> <span class='ocrx_word' id='word_1_630' title='bbox 1413 4889 1478 4947; x_wconf 88' lang='lat' dir='ltr'><strong>de</strong></span> <span class='ocrx_word' id='word_1_631' title='bbox 1513 4893 1729 4962; x_wconf 81' lang='lat' dir='ltr'><strong>regibus</strong></span> <span class='ocrx_word' id='word_1_632' title='bbox 1757 4910 1825 4951; x_wconf 80' lang='lat' dir='ltr'><strong>ex</strong></span> 
     </span>
    </p>
   </div>
   <div class='ocr_carea' id='block_1_96' title="bbox 227 4965 1825 5056">
    <p class='ocr_par' dir='ltr' id='par_1_96' title="bbox 227 4965 1825 5056">
     <span class='ocr_line' id='line_1_96' title="bbox 227 4965 1825 5056; baseline 0.008 -25"><span class='ocrx_word' id='word_1_633' title='bbox 227 4973 494 5033; x_wconf 85' lang='lat' dir='ltr'><strong>Suetonio</strong></span> <span class='ocrx_word' id='word_1_634' title='bbox 511 4965 833 5049; x_wconf 80' lang='lat' dir='ltr'><strong>Tranquillo</strong></span> <span class='ocrx_word' id='word_1_635' title='bbox 859 4965 1138 5051; x_wconf 77' lang='lat' dir='ltr'><strong>collectis,</strong></span> <span class='ocrx_word' id='word_1_636' title='bbox 1171 4983 1225 5039; x_wconf 90' lang='lat' dir='ltr'><strong>in</strong></span> <span class='ocrx_word' id='word_1_637' title='bbox 1248 4965 1363 5056; x_wconf 85' lang='lat' dir='ltr'><strong>quo</strong></span> <span class='ocrx_word' id='word_1_638' title='bbox 1386 4984 1678 5042; x_wconf 79' lang='lat' dir='ltr'><strong>maximam</strong></span> <span class='ocrx_word' id='word_1_639' title='bbox 1709 4988 1825 5044; x_wconf 87' lang='lat' dir='ltr'><strong>lau-</strong></span> 
     </span>
    </p>
   </div>
   <div class='ocr_carea' id='block_1_97' title="bbox 114 5067 1820 5141">
    <p class='ocr_par' dir='ltr' id='par_1_97' title="bbox 114 5067 1820 5141">
     <span class='ocr_line' id='line_1_97' title="bbox 114 5067 1820 5141; baseline 0.007 -16"><span class='ocrx_word' id='word_1_640' title='bbox 114 5124 117 5125; x_wconf 30' lang='grc' dir='ltr'><em>ν</em></span> <span class='ocrx_word' id='word_1_641' title='bbox 227 5067 350 5124; x_wconf 85' lang='lat' dir='ltr'><strong>dem</strong></span> <span class='ocrx_word' id='word_1_642' title='bbox 390 5068 622 5141; x_wconf 87' lang='lat' dir='ltr'><strong>adeptus</strong></span> <span class='ocrx_word' id='word_1_643' title='bbox 650 5080 762 5139; x_wconf 90' lang='lat' dir='ltr'><strong>est,</strong></span> <span class='ocrx_word' id='word_1_644' title='bbox 794 5078 855 5128; x_wconf 82' lang='lat' dir='ltr'><strong>tit</strong></span> <span class='ocrx_word' id='word_1_645' title='bbox 882 5072 950 5129; x_wconf 89' lang='lat' dir='ltr'><strong>ab</strong></span> <span class='ocrx_word' id='word_1_646' title='bbox 976 5073 1217 5133; x_wconf 83' lang='lat' dir='ltr'><strong>Ausonio</strong></span> <span class='ocrx_word' id='word_1_647' title='bbox 1243 5076 1475 5133; x_wconf 81' lang='lat' dir='ltr'><strong>refertur</strong></span> <span class='ocrx_word' id='word_1_648' title='bbox 1498 5079 1582 5133; x_wconf 87' lang='lat' dir='ltr'><strong>his</strong></span> <span class='ocrx_word' id='word_1_649' title='bbox 1602 5080 1820 5137; x_wconf 85' lang='lat' dir='ltr'><strong>verbis:</strong></span> 
     </span>
    </p>
   </div>
   <div class='ocr_carea' id='block_1_98' title="bbox 228 5155 1829 5250">
    <p class='ocr_par' dir='ltr' id='par_1_98' title="bbox 228 5155 1829 5250">
     <span class='ocr_line' id='line_1_98' title="bbox 228 5155 1829 5250; baseline 0.007 -31"><span class='ocrx_word' id='word_1_650' title='bbox 228 5158 455 5250; x_wconf 79' lang='lat' dir='ltr'><strong>Coegisti</strong></span> <span class='ocrx_word' id='word_1_651' title='bbox 474 5155 531 5220; x_wconf 77' lang='lat' dir='ltr'><strong>tu</strong></span> <span class='ocrx_word' id='word_1_652' title='bbox 548 5167 802 5238; x_wconf 78' lang='lat' dir='ltr'><strong>epitomen</strong></span> <span class='ocrx_word' id='word_1_653' title='bbox 822 5176 926 5224; x_wconf 80' lang='lat' dir='ltr'><strong>tres</strong></span> <span class='ocrx_word' id='word_1_654' title='bbox 954 5169 1113 5225; x_wconf 76' lang='lat' dir='ltr'><strong>libros</strong></span> <span class='ocrx_word' id='word_1_655' title='bbox 1132 5169 1369 5229; x_wconf 70' lang='lat' dir='ltr'><strong>Suetonii</strong></span> <span class='ocrx_word' id='word_1_656' title='bbox 1482 5173 1689 5246; x_wconf 72' lang='lat' dir='ltr'><strong>regibus</strong></span> <span class='ocrx_word' id='word_1_657' title='bbox 1709 5182 1829 5230; x_wconf 82' lang='lat' dir='ltr'><strong>tan-</strong></span> 
     </span>
    </p>
   </div>
   <div class='ocr_carea' id='block_1_99' title="bbox 230 5248 1826 5339">
    <p class='ocr_par' dir='ltr' id='par_1_99' title="bbox 230 5248 1826 5339">
     <span class='ocr_line' id='line_1_99' title="bbox 230 5248 1826 5339; baseline 0.007 -27"><span class='ocrx_word' id='word_1_658' title='bbox 230 5267 283 5312; x_wconf 82' lang='lat' dir='ltr'><strong>ta</strong></span> <span class='ocrx_word' id='word_1_659' title='bbox 303 5248 584 5332; x_wconf 70' lang='lat' dir='ltr'><strong>elegantia,</strong></span> <span class='ocrx_word' id='word_1_660' title='bbox 614 5260 757 5329; x_wconf 68' lang='lat' dir='ltr'><strong>solus</strong></span> <span class='ocrx_word' id='word_1_661' title='bbox 797 5272 855 5317; x_wconf 84' lang='lat' dir='ltr'><strong>ut</strong></span> <span class='ocrx_word' id='word_1_662' title='bbox 884 5261 1088 5318; x_wconf 77' lang='lat' dir='ltr'><strong>videare</strong></span> <span class='ocrx_word' id='word_1_663' title='bbox 1127 5248 1427 5321; x_wconf 69' lang='lat' dir='ltr'><strong>conseruata</strong></span> <span class='ocrx_word' id='word_1_664' title='bbox 1464 5266 1600 5339; x_wconf 78' lang='lat' dir='ltr'><strong>quod</strong></span> <span class='ocrx_word' id='word_1_665' title='bbox 1644 5276 1826 5323; x_wconf 78' lang='lat' dir='ltr'><strong>contra</strong></span> 
     </span>
    </p>
   </div>
   <div class='ocr_carea' id='block_1_100' title="bbox 229 5352 1827 5438">
    <p class='ocr_par' dir='ltr' id='par_1_100' title="bbox 229 5352 1827 5438">
     <span class='ocr_line' id='line_1_100' title="bbox 229 5352 1827 5438; baseline 0.009 -35"><span class='ocrx_word' id='word_1_666' title='bbox 229 5364 402 5404; x_wconf 78' lang='lat' dir='ltr'><strong>rerum</strong></span> <span class='ocrx_word' id='word_1_667' title='bbox 429 5360 677 5409; x_wconf 72' lang='lat' dir='ltr'><strong>naturam</strong></span> <span class='ocrx_word' id='word_1_668' title='bbox 701 5362 798 5418; x_wconf 80' lang='lat' dir='ltr'><strong>est,</strong></span> <span class='ocrx_word' id='word_1_669' title='bbox 830 5352 1049 5410; x_wconf 71' lang='lat' dir='ltr'><strong>breuitas</strong></span> <span class='ocrx_word' id='word_1_670' title='bbox 1076 5366 1134 5438; x_wconf 75' lang='lat' dir='ltr'><strong>ut</strong></span> <span class='ocrx_word' id='word_1_671' title='bbox 1160 5356 1377 5413; x_wconf 72' lang='lat' dir='ltr'><strong>obscura</strong></span> <span class='ocrx_word' id='word_1_672' title='bbox 1402 5374 1505 5438; x_wconf 79' lang='lat' dir='ltr'><strong>non</strong></span> <span class='ocrx_word' id='word_1_673' title='bbox 1540 5368 1693 5416; x_wconf 74' lang='lat' dir='ltr'><strong>esset.</strong></span> <span class='ocrx_word' id='word_1_674' title='bbox 1722 5358 1827 5416; x_wconf 86' lang='lat' dir='ltr'><strong>Le—</strong></span> 
     </span>
    </p>
   </div>
   <div class='ocr_carea' id='block_1_101' title="bbox 229 5432 1827 5524">
    <p class='ocr_par' dir='ltr' id='par_1_101' title="bbox 229 5432 1827 5524">
     <span class='ocr_line' id='line_1_101' title="bbox 229 5432 1827 5524; baseline 0.007 -26"><span class='ocrx_word' id='word_1_675' title='bbox 229 5450 430 5511; x_wconf 73' lang='lat' dir='ltr'><strong>gnntur</strong></span> <span class='ocrx_word' id='word_1_676' title='bbox 444 5432 630 5524; x_wconf 80' lang='lat' dir='ltr'><strong>adhuc</strong></span> <span class='ocrx_word' id='word_1_677' title='bbox 646 5440 895 5516; x_wconf 74' lang='lat' dir='ltr'><strong>quzedam</strong></span> <span class='ocrx_word' id='word_1_678' title='bbox 919 5434 1097 5519; x_wconf 35' lang='lat' dir='ltr'><strong>ipsius.</strong></span> <span class='ocrx_word' id='word_1_679' title='bbox 1113 5446 1322 5506; x_wconf 89' lang='lat' dir='ltr'><strong>Paulini</strong></span> <span class='ocrx_word' id='word_1_680' title='bbox 1349 5432 1614 5523; x_wconf 86' lang='lat' dir='ltr'><strong>carmina,</strong></span> <span class='ocrx_word' id='word_1_681' title='bbox 1640 5452 1695 5508; x_wconf 89' lang='lat' dir='ltr'><strong>in</strong></span> <span class='ocrx_word' id='word_1_682' title='bbox 1713 5453 1827 5524; x_wconf 88' lang='lat' dir='ltr'><strong>qui-</strong></span> 
     </span>
    </p>
   </div>
   <div class='ocr_carea' id='block_1_102' title="bbox 230 5534 1826 5623">
    <p class='ocr_par' dir='ltr' id='par_1_102' title="bbox 230 5534 1826 5623">
     <span class='ocr_line' id='line_1_102' title="bbox 230 5534 1826 5623; baseline 0.007 -32"><span class='ocrx_word' id='word_1_683' title='bbox 230 5534 330 5592; x_wconf 86' lang='lat' dir='ltr'><strong>bus</strong></span> <span class='ocrx_word' id='word_1_684' title='bbox 350 5535 573 5611; x_wconf 81' lang='lat' dir='ltr'><strong>mirifica</strong></span> <span class='ocrx_word' id='word_1_685' title='bbox 594 5539 904 5623; x_wconf 75' lang='lat' dir='ltr'><strong>eruditioet</strong></span> <span class='ocrx_word' id='word_1_686' title='bbox 928 5541 1257 5601; x_wconf 85' lang='lat' dir='ltr'><strong>incredibilis</strong></span> <span class='ocrx_word' id='word_1_687' title='bbox 1285 5543 1553 5616; x_wconf 70' lang='lat' dir='ltr'><strong>elegantia</strong></span> <span class='ocrx_word' id='word_1_688' title='bbox 1582 5554 1826 5619; x_wconf 89' lang='lat' dir='ltr'><strong>apparet.</strong></span> 
     </span>
    </p>
   </div>
   <div class='ocr_carea' id='block_1_103' title="bbox 210 5616 1831 5709">
    <p class='ocr_par' dir='ltr' id='par_1_103' title="bbox 210 5616 1831 5709">
     <span class='ocr_line' id='line_1_103' title="bbox 210 5616 1831 5709; baseline 0.008 -26"><span class='ocrx_word' id='word_1_689' title='bbox 210 5616 373 5685; x_wconf 73' lang='lat' dir='ltr'><strong>idem</strong></span> <span class='ocrx_word' id='word_1_690' title='bbox 404 5616 660 5700; x_wconf 78' lang='lat' dir='ltr'><strong>Paulinus</strong></span> <span class='ocrx_word' id='word_1_691' title='bbox 683 5616 960 5705; x_wconf 69' lang='lat' dir='ltr'><strong>prmciaris</strong></span> <span class='ocrx_word' id='word_1_692' title='bbox 987 5644 1151 5708; x_wconf 86' lang='lat' dir='ltr'><strong>atque</strong></span> <span class='ocrx_word' id='word_1_693' title='bbox 1179 5637 1571 5696; x_wconf 85' lang='lat' dir='ltr'><strong>honestissimis</strong></span> <span class='ocrx_word' id='word_1_694' title='bbox 1599 5616 1831 5709; x_wconf 74' lang='lat' dir='ltr'><strong>dignita-</strong></span> 
     </span>
    </p>
   </div>
   <div class='ocr_carea' id='block_1_104' title="bbox 233 5719 1830 5808">
    <p class='ocr_par' dir='ltr' id='par_1_104' title="bbox 233 5719 1830 5808">
     <span class='ocr_line' id='line_1_104' title="bbox 233 5719 1830 5808; baseline 0.008 -27"><span class='ocrx_word' id='word_1_695' title='bbox 233 5719 367 5783; x_wconf 83' lang='lat' dir='ltr'><strong>tibus</strong></span> <span class='ocrx_word' id='word_1_696' title='bbox 391 5731 712 5801; x_wconf 81' lang='lat' dir='ltr'><strong>perfunctus</strong></span> <span class='ocrx_word' id='word_1_697' title='bbox 742 5738 859 5798; x_wconf 77' lang='lat' dir='ltr'><strong>cst,</strong></span> <span class='ocrx_word' id='word_1_698' title='bbox 887 5737 944 5787; x_wconf 81' lang='lat' dir='ltr'><strong>et</strong></span> <span class='ocrx_word' id='word_1_699' title='bbox 989 5731 1128 5791; x_wconf 80' lang='lat' dir='ltr'><strong>inter</strong></span> <span class='ocrx_word' id='word_1_700' title='bbox 1170 5732 1445 5808; x_wconf 87' lang='lat' dir='ltr'><strong>principes</strong></span> <span class='ocrx_word' id='word_1_701' title='bbox 1490 5735 1631 5793; x_wconf 82' lang='lat' dir='ltr'><strong>viros</strong></span> <span class='ocrx_word' id='word_1_702' title='bbox 1667 5744 1830 5808; x_wconf 87' lang='lat' dir='ltr'><strong>atque</strong></span> 
     </span>
    </p>
   </div>
   <div class='ocr_carea' id='block_1_105' title="bbox 231 5818 853 5881">
    <p class='ocr_par' dir='ltr' id='par_1_105' title="bbox 231 5818 853 5881">
     <span class='ocr_line' id='line_1_105' title="bbox 231 5818 853 5881; baseline 0.005 -7"><span class='ocrx_word' id='word_1_703' title='bbox 231 5818 587 5881; x_wconf 85' lang='lat' dir='ltr'><strong>nobilissimos</strong></span> <span class='ocrx_word' id='word_1_704' title='bbox 606 5820 853 5879; x_wconf 73' lang='lat' dir='ltr'><strong>habitus.</strong></span> 
     </span>
    </p>
   </div>
   <div class='ocr_carea' id='block_1_106' title="bbox 1937 4724 3526 4800">
    <p class='ocr_par' dir='ltr' id='par_1_106' title="bbox 1937 4724 3526 4800">
     <span class='ocr_line' id='line_1_106' title="bbox 1937 4724 3526 4800; baseline 0.003 -17"><span class='ocrx_word' id='word_1_705' title='bbox 1937 4740 2059 4783; x_wconf 87' lang='lat' dir='ltr'><strong>rum</strong></span> <span class='ocrx_word' id='word_1_706' title='bbox 2081 4724 2133 4780; x_wconf 90' lang='lat' dir='ltr'><strong>in</strong></span> <span class='ocrx_word' id='word_1_707' title='bbox 2160 4724 2382 4781; x_wconf 86' lang='lat' dir='ltr'><strong>modum</strong></span> <span class='ocrx_word' id='word_1_708' title='bbox 2405 4725 2728 4797; x_wconf 87' lang='lat' dir='ltr'><strong>depravatus</strong></span> <span class='ocrx_word' id='word_1_709' title='bbox 2767 4727 2915 4783; x_wconf 80' lang='lat' dir='ltr'><strong>exiit.</strong></span> <span class='ocrx_word' id='word_1_710' title='bbox 2966 4726 3140 4800; x_wconf 82' lang='lat' dir='ltr'><strong>Atque</strong></span> <span class='ocrx_word' id='word_1_711' title='bbox 3179 4728 3239 4785; x_wconf 87' lang='lat' dir='ltr'><strong>id</strong></span> <span class='ocrx_word' id='word_1_712' title='bbox 3260 4728 3526 4800; x_wconf 86' lang='lat' dir='ltr'><strong>profecto,</strong></span> 
     </span>
    </p>
   </div>
   <div class='ocr_carea' id='block_1_107' title="bbox 1938 4815 3527 4890">
    <p class='ocr_par' dir='ltr' id='par_1_107' title="bbox 1938 4815 3527 4890">
     <span class='ocr_line' id='line_1_107' title="bbox 1938 4815 3527 4890; baseline 0.004 -18"><span class='ocrx_word' id='word_1_713' title='bbox 1938 4832 2062 4873; x_wconf 89' lang='lat' dir='ltr'><strong>cum</strong></span> <span class='ocrx_word' id='word_1_714' title='bbox 2087 4815 2363 4887; x_wconf 73' lang='lat' dir='ltr'><strong>indignum</strong></span> <span class='ocrx_word' id='word_1_715' title='bbox 2388 4818 2459 4874; x_wconf 87' lang='lat' dir='ltr'><strong>sit</strong></span> <span class='ocrx_word' id='word_1_716' title='bbox 2486 4816 2541 4874; x_wconf 91' lang='lat' dir='ltr'><strong>in</strong></span> <span class='ocrx_word' id='word_1_717' title='bbox 2569 4817 2817 4876; x_wconf 86' lang='lat' dir='ltr'><strong>omnibus</strong></span> <span class='ocrx_word' id='word_1_718' title='bbox 2838 4817 3082 4886; x_wconf 87' lang='lat' dir='ltr'><strong>eruditis,</strong></span> <span class='ocrx_word' id='word_1_719' title='bbox 3106 4827 3216 4876; x_wconf 88' lang='lat' dir='ltr'><strong>tum</strong></span> <span class='ocrx_word' id='word_1_720' title='bbox 3243 4819 3402 4890; x_wconf 74' lang='lat' dir='ltr'><strong>longe</strong></span> <span class='ocrx_word' id='word_1_721' title='bbox 3439 4820 3527 4878; x_wconf 77' lang='lat' dir='ltr'><strong>in-</strong></span> 
     </span>
    </p>
   </div>
   <div class='ocr_carea' id='block_1_108' title="bbox 1937 4907 3530 4987">
    <p class='ocr_par' dir='ltr' id='par_1_108' title="bbox 1937 4907 3530 4987">
     <span class='ocr_line' id='line_1_108' title="bbox 1937 4907 3530 4987; baseline 0.004 -24"><span class='ocrx_word' id='word_1_722' title='bbox 1937 4907 2310 4987; x_wconf 75' lang='lat' dir='ltr'><strong>dignissimum</strong></span> <span class='ocrx_word' id='word_1_723' title='bbox 2329 4917 2447 4966; x_wconf 89' lang='lat' dir='ltr'><strong>erat</strong></span> <span class='ocrx_word' id='word_1_724' title='bbox 2469 4908 2525 4965; x_wconf 88' lang='lat' dir='ltr'><strong>in</strong></span> <span class='ocrx_word' id='word_1_725' title='bbox 2548 4907 2793 4976; x_wconf 88' lang='lat' dir='ltr'><strong>Paulino,</strong></span> <span class='ocrx_word' id='word_1_726' title='bbox 2834 4910 2925 4983; x_wconf 89' lang='lat' dir='ltr'><strong>qui</strong></span> <span class='ocrx_word' id='word_1_727' title='bbox 2950 4909 3040 4968; x_wconf 85' lang='lat' dir='ltr'><strong>vel</strong></span> <span class='ocrx_word' id='word_1_728' title='bbox 3066 4927 3202 4969; x_wconf 89' lang='lat' dir='ltr'><strong>unus</strong></span> <span class='ocrx_word' id='word_1_729' title='bbox 3222 4912 3530 4972; x_wconf 86' lang='lat' dir='ltr'><strong>merebatur</strong></span> 
     </span>
    </p>
   </div>
   <div class='ocr_carea' id='block_1_109' title="bbox 1937 5001 3527 5077">
    <p class='ocr_par' dir='ltr' id='par_1_109' title="bbox 1937 5001 3527 5077">
     <span class='ocr_line' id='line_1_109' title="bbox 1937 5001 3527 5077; baseline 0.004 -21"><span class='ocrx_word' id='word_1_730' title='bbox 1937 5009 2000 5057; x_wconf 88' lang='lat' dir='ltr'><strong>ut</strong></span> <span class='ocrx_word' id='word_1_731' title='bbox 2028 5001 2517 5074; x_wconf 83' lang='lat' dir='ltr'><strong>incorruptissimus</strong></span> <span class='ocrx_word' id='word_1_732' title='bbox 2542 5012 2846 5061; x_wconf 86' lang='lat' dir='ltr'><strong>servaretur</strong></span> <span class='ocrx_word' id='word_1_733' title='bbox 2864 5004 2934 5061; x_wconf 87' lang='lat' dir='ltr'><strong>ob</strong></span> <span class='ocrx_word' id='word_1_734' title='bbox 2958 5005 3221 5062; x_wconf 86' lang='lat' dir='ltr'><strong>sermonis</strong></span> <span class='ocrx_word' id='word_1_735' title='bbox 3239 5006 3527 5077; x_wconf 77' lang='lat' dir='ltr'><strong>puritatem</strong></span> 
     </span>
    </p>
   </div>
   <div class='ocr_carea' id='block_1_110' title="bbox 1940 5093 3532 5168">
    <p class='ocr_par' dir='ltr' id='par_1_110' title="bbox 1940 5093 3532 5168">
     <span class='ocr_line' id='line_1_110' title="bbox 1940 5093 3532 5168; baseline 0.003 -18"><span class='ocrx_word' id='word_1_736' title='bbox 1940 5095 2183 5165; x_wconf 85' lang='lat' dir='ltr'><strong>aliasque</strong></span> <span class='ocrx_word' id='word_1_737' title='bbox 2217 5094 2371 5152; x_wconf 89' lang='lat' dir='ltr'><strong>dotes</strong></span> <span class='ocrx_word' id='word_1_738' title='bbox 2395 5094 2640 5151; x_wconf 78' lang='lat' dir='ltr'><strong>eximias.</strong></span> <span class='ocrx_word' id='word_1_739' title='bbox 2670 5093 2807 5163; x_wconf 82' lang='lat' dir='ltr'><strong>Quid</strong></span> <span class='ocrx_word' id='word_1_740' title='bbox 2852 5095 2997 5153; x_wconf 88' lang='lat' dir='ltr'><strong>enim</strong></span> <span class='ocrx_word' id='word_1_741' title='bbox 3041 5111 3109 5153; x_wconf 86' lang='lat' dir='ltr'><strong>eo</strong></span> <span class='ocrx_word' id='word_1_742' title='bbox 3155 5096 3375 5168; x_wconf 81' lang='lat' dir='ltr'><strong>purius?</strong></span> <span class='ocrx_word' id='word_1_743' title='bbox 3402 5097 3532 5168; x_wconf 87' lang='lat' dir='ltr'><strong>quid</strong></span> 
     </span>
    </p>
   </div>
   <div class='ocr_carea' id='block_1_111' title="bbox 1943 5189 3532 5264">
    <p class='ocr_par' dir='ltr' id='par_1_111' title="bbox 1943 5189 3532 5264">
     <span class='ocr_line' id='line_1_111' title="bbox 1943 5189 3532 5264; baseline 0.001 -18"><span class='ocrx_word' id='word_1_744' title='bbox 1943 5189 2198 5247; x_wconf 85' lang='lat' dir='ltr'><strong>nitidius?</strong></span> <span class='ocrx_word' id='word_1_745' title='bbox 2216 5189 2354 5262; x_wconf 63' lang='lat' dir='ltr'><strong>:quid</strong></span> <span class='ocrx_word' id='word_1_746' title='bbox 2380 5189 2614 5260; x_wconf 81' lang='lat' dir='ltr'><strong>gravius,</strong></span> <span class='ocrx_word' id='word_1_747' title='bbox 2647 5198 2741 5245; x_wconf 88' lang='lat' dir='ltr'><strong>aut</strong></span> <span class='ocrx_word' id='word_1_748' title='bbox 2768 5189 3079 5261; x_wconf 78' lang='lat' dir='ltr'><strong>ardentius?</strong></span> <span class='ocrx_word' id='word_1_749' title='bbox 3104 5189 3161 5246; x_wconf 89' lang='lat' dir='ltr'><strong>Si</strong></span> <span class='ocrx_word' id='word_1_750' title='bbox 3190 5190 3312 5248; x_wconf 61' lang='lat' dir='ltr'><strong>vitae</strong></span> <span class='ocrx_word' id='word_1_751' title='bbox 3356 5192 3532 5264; x_wconf 85' lang='lat' dir='ltr'><strong>pieta-</strong></span> 
     </span>
    </p>
   </div>
   <div class='ocr_carea' id='block_1_112' title="bbox 1943 5281 3530 5357">
    <p class='ocr_par' dir='ltr' id='par_1_112' title="bbox 1943 5281 3530 5357">
     <span class='ocr_line' id='line_1_112' title="bbox 1943 5281 3530 5357; baseline 0.003 -20"><span class='ocrx_word' id='word_1_752' title='bbox 1943 5291 2052 5340; x_wconf 91' lang='lat' dir='ltr'><strong>tem</strong></span> <span class='ocrx_word' id='word_1_753' title='bbox 2074 5290 2305 5355; x_wconf 78' lang='lat' dir='ltr'><strong>spectes,</strong></span> <span class='ocrx_word' id='word_1_754' title='bbox 2338 5283 2459 5354; x_wconf 90' lang='lat' dir='ltr'><strong>quis</strong></span> <span class='ocrx_word' id='word_1_755' title='bbox 2485 5281 2754 5338; x_wconf 88' lang='lat' dir='ltr'><strong>Christum</strong></span> <span class='ocrx_word' id='word_1_756' title='bbox 2779 5282 2948 5355; x_wconf 87' lang='lat' dir='ltr'><strong>spirat</strong></span> <span class='ocrx_word' id='word_1_757' title='bbox 2974 5282 3238 5341; x_wconf 80' lang='lat' dir='ltr'><strong>vividius?</strong></span> <span class='ocrx_word' id='word_1_758' title='bbox 3257 5283 3380 5357; x_wconf 87' lang='lat' dir='ltr'><strong>quis</strong></span> <span class='ocrx_word' id='word_1_759' title='bbox 3405 5299 3530 5341; x_wconf 89' lang='lat' dir='ltr'><strong>eum</strong></span> 
     </span>
    </p>
   </div>
   <div class='ocr_carea' id='block_1_113' title="bbox 1941 5372 3532 5449">
    <p class='ocr_par' dir='ltr' id='par_1_113' title="bbox 1941 5372 3532 5449">
     <span class='ocr_line' id='line_1_113' title="bbox 1941 5372 3532 5449; baseline 0.002 -17"><span class='ocrx_word' id='word_1_760' title='bbox 1941 5376 2056 5432; x_wconf 87' lang='lat' dir='ltr'><strong>vita</strong></span> <span class='ocrx_word' id='word_1_761' title='bbox 2066 5375 2236 5445; x_wconf 72' lang='lat' dir='ltr'><strong>magis</strong></span> <span class='ocrx_word' id='word_1_762' title='bbox 2247 5374 2536 5445; x_wconf 83' lang='lat' dir='ltr'><strong>expressit?</strong></span> <span class='ocrx_word' id='word_1_763' title='bbox 2546 5372 3145 5446; x_wconf 58' lang='lat' dir='ltr'><strong>Siquidemfprasclarum</strong></span> <span class='ocrx_word' id='word_1_764' title='bbox 3156 5375 3441 5434; x_wconf 88' lang='lat' dir='ltr'><strong>admodum</strong></span> <span class='ocrx_word' id='word_1_765' title='bbox 3454 5377 3532 5449; x_wconf 89' lang='lat' dir='ltr'><strong>id,</strong></span> 
     </span>
    </p>
   </div>
   <div class='ocr_carea' id='block_1_114' title="bbox 1943 5466 3534 5540">
    <p class='ocr_par' dir='ltr' id='par_1_114' title="bbox 1943 5466 3534 5540">
     <span class='ocr_line' id='line_1_114' title="bbox 1943 5466 3534 5540; baseline 0 -15"><span class='ocrx_word' id='word_1_766' title='bbox 1943 5466 2184 5540; x_wconf 74' lang='lat' dir='ltr'><strong>quod&#39;de</strong></span> <span class='ocrx_word' id='word_1_767' title='bbox 2212 5482 2278 5524; x_wconf 89' lang='lat' dir='ltr'><strong>eo</strong></span> <span class='ocrx_word' id='word_1_768' title='bbox 2304 5466 2472 5523; x_wconf 85' lang='lat' dir='ltr'><strong>refert</strong></span> <span class='ocrx_word' id='word_1_769' title='bbox 2487 5466 2684 5523; x_wconf 88' lang='lat' dir='ltr'><strong>Paulus</strong></span> <span class='ocrx_word' id='word_1_770' title='bbox 2699 5467 3055 5539; x_wconf 79' lang='lat' dir='ltr'><strong>Aquileiensis</strong></span> <span class='ocrx_word' id='word_1_771' title='bbox 3087 5466 3349 5527; x_wconf 84' lang='lat' dir='ltr'><strong>diaconus</strong></span> <span class='ocrx_word' id='word_1_772' title='bbox 3379 5469 3534 5529; x_wconf 73' lang='grc' dir='ltr'><strong>εΗοσ</strong></span> 
     </span>
    </p>
   </div>
   <div class='ocr_carea' id='block_1_115' title="bbox 1946 5554 3535 5632">
    <p class='ocr_par' dir='ltr' id='par_1_115' title="bbox 1946 5554 3535 5632">
     <span class='ocr_line' id='line_1_115' title="bbox 1946 5554 3535 5632; baseline 0.003 -19"><span class='ocrx_word' id='word_1_773' title='bbox 1946 5565 2195 5629; x_wconf 77' lang='lat' dir='ltr'><strong>tempore,</strong></span> <span class='ocrx_word' id='word_1_774' title='bbox 2208 5555 2381 5627; x_wconf 90' lang='lat' dir='ltr'><strong>inquit</strong></span> <span class='ocrx_word' id='word_1_775' title='bbox 2392 5554 2531 5627; x_wconf 82' lang='lat' dir='ltr'><strong>(Lib.</strong></span> <span class='ocrx_word' id='word_1_776' title='bbox 2547 5573 2604 5613; x_wconf 85' lang='lat' dir='ltr'><strong>lit</strong></span> <span class='ocrx_word' id='word_1_777' title='bbox 2613 5555 2755 5612; x_wconf 85' lang='lat' dir='ltr'><strong>Dial.</strong></span> <span class='ocrx_word' id='word_1_778' title='bbox 2766 5599 2780 5623; x_wconf 87' lang='lat'><strong>,</strong></span> <span class='ocrx_word' id='word_1_779' title='bbox 2798 5573 2844 5613; x_wconf 81' lang='grc' dir='ltr'><strong>ο.</strong></span> <span class='ocrx_word' id='word_1_780' title='bbox 2860 5557 2933 5632; x_wconf 84' lang='lat' dir='ltr'><strong>l),</strong></span> <span class='ocrx_word' id='word_1_781' title='bbox 2947 5576 3046 5630; x_wconf 77' lang='lat' dir='ltr'><strong>quo</strong></span> <span class='ocrx_word' id='word_1_782' title='bbox 3073 5560 3268 5616; x_wconf 71' lang='lat' dir='ltr'><strong>scilicet</strong></span> <span class='ocrx_word' id='word_1_783' title='bbox 3285 5559 3535 5619; x_wconf 78' lang='lat' dir='ltr'><strong>Wandali</strong></span> 
     </span>
    </p>
   </div>
   <div class='ocr_carea' id='block_1_116' title="bbox 1947 5647 3535 5726">
    <p class='ocr_par' dir='ltr' id='par_1_116' title="bbox 1947 5647 3535 5726">
     <span class='ocr_line' id='line_1_116' title="bbox 1947 5647 3535 5726; baseline 0.003 -22"><span class='ocrx_word' id='word_1_784' title='bbox 1947 5666 2065 5704; x_wconf 79' lang='lat' dir='ltr'><strong>cum</strong></span> <span class='ocrx_word' id='word_1_785' title='bbox 2076 5647 2200 5703; x_wconf 76' lang='lat' dir='ltr'><strong>Man</strong></span> <span class='ocrx_word' id='word_1_786' title='bbox 2207 5652 2278 5705; x_wconf 83' lang='lat' dir='ltr'><strong>ria</strong></span> <span class='ocrx_word' id='word_1_787' title='bbox 2298 5658 2448 5720; x_wconf 82' lang='lat' dir='ltr'><strong>capta</strong></span> <span class='ocrx_word' id='word_1_788' title='bbox 2465 5649 2631 5721; x_wconf 73' lang='lat' dir='ltr'><strong>Roma</strong></span> <span class='ocrx_word' id='word_1_789' title='bbox 2655 5658 2812 5705; x_wconf 84' lang='lat' dir='ltr'><strong>totum</strong></span> <span class='ocrx_word' id='word_1_790' title='bbox 2825 5648 3134 5721; x_wconf 61' lang='lat' dir='ltr'><strong>Campania!</strong></span> <span class='ocrx_word' id='word_1_791' title='bbox 3145 5662 3362 5726; x_wconf 62' lang='lat' dir='ltr'><strong>tradunt</strong></span> <span class='ocrx_word' id='word_1_792' title='bbox 3372 5667 3535 5724; x_wconf 75' lang='lat' dir='ltr'><strong>popu-</strong></span> 
     </span>
    </p>
   </div>
   <div class='ocr_carea' id='block_1_117' title="bbox 1947 5738 3536 5813">
    <p class='ocr_par' dir='ltr' id='par_1_117' title="bbox 1947 5738 3536 5813">
     <span class='ocr_line' id='line_1_117' title="bbox 1947 5738 3536 5813; baseline 0.001 -17"><span class='ocrx_word' id='word_1_793' title='bbox 1947 5741 2206 5810; x_wconf 78' lang='lat' dir='ltr'><strong>larentur,</strong></span> <span class='ocrx_word' id='word_1_794' title='bbox 2221 5738 2273 5793; x_wconf 84' lang='grc' dir='ltr'><strong><em>Ν</em></strong></span> <span class='ocrx_word' id='word_1_795' title='bbox 2278 5740 2513 5812; x_wconf 82' lang='lat' dir='ltr'><strong>clamque</strong></span> <span class='ocrx_word' id='word_1_796' title='bbox 2526 5741 2712 5795; x_wconf 76' lang='lat' dir='ltr'><strong>misera</strong></span> <span class='ocrx_word' id='word_1_797' title='bbox 2725 5742 2876 5795; x_wconf 77' lang='lat' dir='ltr'><strong>ruina</strong></span> <span class='ocrx_word' id='word_1_798' title='bbox 2886 5741 3163 5809; x_wconf 78' lang='lat' dir='ltr'><strong>diruerent,</strong></span> <span class='ocrx_word' id='word_1_799' title='bbox 3170 5740 3536 5813; x_wconf 71' lang='lat' dir='ltr'><strong>Paulinusepio</strong></span> 
     </span>
    </p>
   </div>
   <div class='ocr_carea' id='block_1_118' title="bbox 1945 5830 3534 5901">
    <p class='ocr_par' dir='ltr' id='par_1_118' title="bbox 1945 5830 3534 5901">
     <span class='ocr_line' id='line_1_118' title="bbox 1945 5830 3534 5901; baseline -0.001 -8"><span class='ocrx_word' id='word_1_800' title='bbox 1945 5848 2131 5898; x_wconf 60' lang='lat' dir='ltr'><strong>“opus</strong></span> <span class='ocrx_word' id='word_1_801' title='bbox 2156 5830 2755 5899; x_wconf 50' lang='lat' dir='ltr'><strong>Nolanwlimlrsimﬁr</strong></span> <span class='ocrx_word' id='word_1_802' title='bbox 2778 5832 3132 5889; x_wconf 71' lang='lat' dir='ltr'><strong>sanctissimus</strong></span> <span class='ocrx_word' id='word_1_803' title='bbox 3151 5841 3222 5901; x_wconf 74' lang='lat' dir='ltr'><strong>et,</strong></span> <span class='ocrx_word' id='word_1_804' title='bbox 3234 5834 3385 5891; x_wconf 75' lang='lat' dir='ltr'><strong>sicuti</strong></span> <span class='ocrx_word' id='word_1_805' title='bbox 3406 5835 3534 5891; x_wconf 81' lang='lat' dir='ltr'><strong>acri-</strong></span> 
     </span>
    </p>
   </div>
  </div>
