4022 6414
544 347 637 402 ΓΗ
1671 339 1728 395 S.
1765 339 1857 396 PA
1867 332 2040 394 ULllil

2185 341 2328 393 IAN!
2370 337 2669 395 ilPlSCOPl
3710 336 3827 402 ιτς

537 463 779 512 nostrqu
806 451 985 508 Jesum
1011 453 1317 517 Christum,
1377 455 1468 522 qui
1511 456 1778 510 convertit
1806 459 2112 526 sapientium
2143 460 2188 519 Α
2219 459 2443 527 accipiat
2469 460 2600 512 alter
2629 468 2684 510 ιη.
2739 456 2836 512 Cui
2864 458 3036 512 simile
3067 468 3148 512 est
3170 499 3185 522 ,
3241 465 3312 512 ut,
3345 457 3490 528 quod
3534 459 3818 516 volueras.

527 562 746 610 eorum,
801 556 850 599 et
878 547 1087 598 stultam
1117 546 1274 616 fecit;
1319 554 1366 598 et
1413 545 1803 616 elegitinﬁrma
1848 564 1908 600 ac
1951 548 2108 601 stulta
2215 546 2353 600 velle
2375 563 2478 602 non
2507 547 2764 611 desinas,
2811 557 2864 602 et
2894 549 3277 603 immutabilem
3321 549 3386 602 ad
3428 567 3526 602 nos
3557 547 3818 604 sternendi

529 639 711 694 mundi
735 677 751 702 ,
799 647 854 690 ut
895 636 1151 691 mundum
1199 637 1356 691 istum
1397 637 1479 690 his
1521 639 1686 706 ipsis,
1732 647 1954 707 prepter
1991 654 2109 708 qua:
2212 639 2533 691 sententiam
2562 646 2766 692 teneas.
2822 638 3087 707 Rcligiosa
3117 639 3401 693 conamina
3445 640 3561 707 ipse
3591 640 3660 693 ad
3691 640 3818 694 voti

533 731 702 786 Deum
747 729 1063 797 dedignatur
1093 729 1168 798 (α)
1199 743 1390 792 nosse,
1433 728 1717 798 confundat
1749 738 1798 781 ι.
1840 729 2108 782 Memento
2211 725 2439 782 fructum
2472 729 2758 797 pervehet,
2815 729 2865 783 in
2910 730 3061 798 cujus
3091 739 3358 799 potestate
3387 741 3470 783 est
3499 746 3562 783 ac
3593 731 3830 792 lavare,

531 837 658 891 ergo
689 831 743 877 tu
768 822 939 876 nostri
977 821 1145 890 magis
1176 820 1232 888 ³,
1281 822 1371 889 qui
1425 821 1866 890 locupletioribus
1905 820 2109 874 meritis

527 914 596 967 ad
624 911 884 967 cxorandi
907 913 1204 982 potentiam
1249 909 1454 966 niteris.
1504 911 1610 968 Nos
1654 912 1796 966 enim
1845 911 1969 965 licet
1995 910 2107 979 jam

529 1020 752 1060 accensa
781 1006 834 1060 in
862 1004 1064 1060 lumine
1085 1003 1282 1058 Christi
1311 1004 1558 1070 lucerna,
1599 1011 1774 1057 tamen
1803 1002 1981 1056 adhuc
2006 1003 2105 1056 sub

546 1096 707 1152 nodio
731 1105 1076 1166 peccatorum
1100 1097 1364 1159 latentes,
1398 1104 1573 1150 vestra
1593 1134 1608 1152 .
1640 1096 1730 1164 qui
1764 1103 1872 1148 tam
1904 1094 2025 1148 lidei
2050 1103 2104 1148 et

524 1188 728 1257 gratim,
749 1201 912 1256 quam
933 1202 1157 1255 operum
1180 1185 1302 1241 luce
1325 1186 1598 1257 conSpicui
1628 1197 1725 1256 per
1751 1184 1845 1256 (V.
1872 1194 1984 1239 not.
2012 1184 2103 1257 Η)

521 1287 742 1348 septena
765 1279 976 1334 Domini
999 1278 1314 1333 candelabra
1337 1278 1549 1348 fulgetis
1573 1277 1620 1344 δ,
1645 1277 1719 1349 (b)
1741 1278 1896 1333 educi
1916 1293 2097 1342 manu,

521 1378 808 1439 vestroque
844 1371 966 1426 oleo
996 1371 1311 1440 impinguari
1353 1378 1514 1440 caput
1559 1371 1839 1439 cupimus;
1889 1379 1950 1425 ut
1992 1386 2097 1426 non

519 1462 815 1532 fumigante
842 1464 936 1534 (γ.
968 1474 1081 1517 not.
1113 1464 1170 1531 2)
1205 1463 1314 1518 lino
1339 1502 1354 1532 ,
1403 1463 1548 1532 quod
1578 1477 1677 1518 nec
1714 1463 1888 1533 ipsum
1919 1471 2098 1518 tamen

517 1553 824 1608 misericors
862 1553 1118 1607 Dominus
1157 1553 1487 1621 exstinguit,
1541 1553 1752 1608 obscuri
1784 1551 2088 1616 ardeamus,

515 1643 611 1700 sed
629 1639 790 1714 puro,
815 1654 871 1699 et
899 1645 1094 1700 ceteris
1125 1645 1287 1699 etiam
1312 1642 1644 1714 prmferendo
1671 1642 1844 1699 fidelis
1865 1644 2096 1714 exempli

508 1735 715 1794 lumine
759 1735 1035 1792 iaceamus
1067 1747 1131 1790 τε
1188 1751 1509 1805 quamquam
1556 1733 1768 1790 Domini
1821 1741 1991 1804 gratia
2029 1735 2096 1790 de

2209 825 2270 875 ut
2310 820 2575 886 possimus
2616 835 2872 889 prospere
2897 861 2910 884 ,
2968 821 3110 890 quod
3149 822 3238 891 pie
3265 821 3527 875 volumus.
3586 819 3820 876 Scimus

2208 910 2382 973 enim,
2415 911 2536 978 quia
2567 909 2896 964 desideranti
2925 912 3123 965 bonum
3144 952 3158 976 ,
3185 914 3366 967 omnia
3397 912 3714 982 procedunt
3749 911 3814 966 in

2220 1000 2424 1056 bonum
2456 1012 2479 1039 ἰ
2513 1003 2608 1074 (ν.
2640 1019 2726 1073 ep.
2751 1003 2839 1069 47,
2873 1022 2926 1059 ιι.
2961 1007 3020 1075 ι).
3050 1004 3248 1060 Verum
3271 1014 3326 1060 et
3355 1022 3473 1074 nos,
3499 1006 3646 1076 quod
3677 1006 3813 1078 qui-

2206 1090 2328 1145 dem
2359 1092 2511 1148 nobis
2546 1095 2903 1160 gratissimum
2940 1095 3147 1164 signum
3185 1097 3491 1152 concordia:
3530 1097 3587 1152 in
3614 1097 3812 1152 omni-

2203 1181 2303 1236 bus
2331 1191 2527 1238 "051KB
2550 1183 2674 1248 fuit,
2702 1184 3066 1240 iulirmitatum
3107 1195 3316 1241 tuarum
3346 1188 3548 1243 iudices
3581 1188 3805 1243 litteras

2202 1283 2529 1342 aegrotantes
2552 1277 2853 1346 accepimus
2880 1294 2893 1341 ;
2951 1277 3402 1350 probavimusque
3433 1280 3486 1334 in
3519 1281 3678 1334 nobis
3707 1295 3809 1335 se-

2205 1367 2441 1422 cundum
2472 1367 2715 1437 Apostoli
2743 1368 2942 1423 dictum
2975 1379 3028 1423 et
3063 1368 3312 1424 allectum
3339 1410 3354 1432 ,
3405 1373 3644 1441 compati
3687 1371 3806 1427 sibi

2201 1460 2356 1514 unius
2375 1461 2620 1530 corporis
2638 1461 2875 1515 membra
2903 1471 2947 1513 ο.
2982 1460 3112 1514 Nam
3136 1470 3190 1516 et
3211 1477 3279 1516 eo
3301 1462 3418 1531 ipso
3441 1477 3540 1517 nos
3554 1463 3807 1519 refectos

2197 1550 2461 1605 sensimus
2483 1591 2499 1618 ,
2545 1549 2690 1620 quod
2728 1551 3020 1605 revaluisse
3064 1558 3114 1606 te
3142 1552 3473 1621 scripseras;
3525 1561 3585 1604 ut
3614 1551 3670 1606 in
3701 1552 3803 1607 di-

2197 1642 2366 1696 versis
2403 1643 2526 1697 licet
2554 1643 2709 1697 terris
2739 1642 2897 1712 positi
2922 1681 2938 1707 ,
2993 1645 3266 1712 o;'erantis
3295 1644 3347 1698 in
3378 1643 3533 1698 nobis
3559 1643 3801 1714 spiritus

2196 1735 2457 1789 unitatem
2487 1734 2647 1787 tacita
2690 1733 2741 1787 in
2772 1734 3086 1804 corporibus
3123 1734 3387 1804 separatis
3419 1735 3795 1800 connexionc,

513 1824 534 1858 '
553 1826 803 1881 tenebris
844 1826 1148 1893 relucente,
1165 1840 1271 1881 non
1294 1827 1506 1881 obscuri
1542 1841 1640 1896 per
1665 1826 1896 1882 nominis
1926 1826 2090 1894 ipsius
2124 1825 2410 1895 B'parihus
2431 1833 2522 1880 aut
2551 1824 2905 1881 incommodis
2927 1865 2942 1891 ,
2999 1834 3087 1879 aut
3127 1826 3380 1880 remediis
3417 1836 3800 1893 congruentes

513 1919 808 1973 claritatem
834 1916 884 1985 ἀ,
916 1919 1017 1972 etsi
1037 1918 1246 1983 remoti,
1279 1926 1337 1972 ut
1357 1917 1597 1986 audistis,
1625 1932 1862 1987 agamus.
1892 1916 1949 1972 lu
1973 1933 2082 1974 c03-

511 2009 702 2065 n'aculo
730 2011 873 2064 enim
903 2018 1088 2064 nostro
1117 2010 1310 2064 secreti
1335 2010 1584 2075 silemus,
1638 2011 1762 2079 quia
1793 2009 1979 2064 bonum
2003 2019 2079 2063 est

510 2105 648 2169 viro,
676 2110 734 2156 ut
762 2103 1021 2172 propheta
1044 2145 1058 2167 ,
1087 2101 1192 2174 24
1223 2102 1293 2175 (c)
1333 2104 1407 2157 ait
1435 2103 1608 2157 sedere
1637 2104 1968 2175 singulariter
1989 2145 2004 2169 ,
2037 2117 2088 2159 et

510 2206 678 2248 tacere
710 2203 752 2247 ι’.
787 2193 938 2249 Unde
966 2197 1129 2249 etiam
1152 2195 1205 2249 in
1231 2197 1406 2250 causis
1425 2193 1781 2250 vociferandis
1807 2197 1967 2251 silere
1987 2212 2086 2251 nos

508 2290 686 2344 docuit
709 2289 820 2360 ipse
852 2289 1140 2355 Dominus,
1173 2289 1261 2358 qui
1283 2290 1414 2342 sicut
1443 2298 1607 2360 agnus
1635 2307 1809 2344 coram
1844 2291 2086 2344 tondente

505 2399 557 2436 se
579 2384 599 2414 ‘
627 2400 729 2437 non
759 2385 958 2453 aperuit
986 2399 1041 2438 os
1064 2399 1210 2436 suum
1246 2381 1264 2420 ί
1291 2399 1308 2449 ;
1339 2383 1428 2451 qui
1458 2391 1634 2438 tamen
1665 2383 1832 2445 dixit;
1865 2384 1941 2453 (tl)
1978 2382 2081 2435 Ta-

507 2477 608 2538 citi,
644 2476 889 2546 numquid
910 2492 1109 2545 semper
1132 2475 1305 2529 tacebo
1329 2485 1354 2522 8
1377 2477 1398 2539 ἲ
1422 2473 1594 2544 Ipsius
1607 2489 1734 2543 ergo
1749 2476 2078 2529 voluntatem

502 2576 556 2620 et
579 2566 836 2636 judicium
864 2566 1013 2620 taciti
1041 2566 1384 2633 sustinemus,
1408 2566 1499 2634 qui
1532 2574 1722 2634 potens
1748 2574 1830 2620 est
1859 2575 1913 2620 et
1941 2581 2081 2620 nunc

504 2658 556 2712 in
595 2659 748 2715 nobis
790 2665 1005 2720 tacere,
1057 2665 1262 2724 ct,cum
1300 2657 1568 2720 voluerit,
1614 2658 1954 2727 interpellare
1982 2675 2079 2729 pro

505 2750 657 2805 nobis
685 2747 738 2806 θ’.

571 2840 624 2895 8.
655 2841 852 2897 Verum
902 2840 1117 2895 interim
1166 2840 1219 2894 in
1263 2841 1369 2895 hoc
1394 2839 1550 2895 nobis
1593 2848 1776 2895 nostra
1827 2842 2076 2895 nocuisse

504 2942 719 3004 peccata
741 2932 1126 3004 persensimus,
1153 2931 1295 3001 quod
1327 2947 1425 2988 nec
1451 2933 1744 2988 meruimus
1773 2941 1825 2987 te
1851 2933 2031 2988 videre
2057 2950 2071 2986 :

503 3034 555 3079 et
584 3025 802 3094 insuper
828 3024 935 3079 hoc
962 3023 1029 3078 ad
1067 3022 1206 3077 mala
1249 3032 1437 3078 nostra
1473 3024 1799 3079 cumulatum
1827 3033 2074 3095 putamus

500 3116 640 3185 qbod
681 3123 738 3171 et
775 3115 1126 3170 tentationum
1165 3114 1260 3170 tibi
1299 3130 1458 3170 causa
1488 3114 1776 3181 fuerimus;
1827 3115 2024 3186 quibus
2049 3118 2068 3147 '

499 3210 758 3277 geminas,
785 3216 844 3264 ut
872 3207 1135 3274 indicasti,
1159 3208 1500 3277 aegritudines
1518 3209 1800 3279 pertulisti,
1823 3211 1892 3281 (e)
1913 3211 2072 3266 toties

498 3297 811 3358 verberatus
833 3340 848 3368 ,
898 3302 1111 3371 quoties
1151 3301 1219 3356 ad
1247 3302 1560 3357 nos'venire
1589 3310 1812 3358 conatus
1834 3319 1915 3358 cs.
1962 3303 2071 3358 Sed

495 3392 628 3460 quia
648 3406 792 3462 Stcpe
820 3391 1074 3447 Dominus
1095 3391 1226 3461 ipse,
1255 3400 1313 3446 ut
1331 3393 1583 3463 scriptum
1603 3399 1706 3458 est,
1742 3392 1878 3448 Deus
1898 3403 2072 3451 uoster

495 3494 658 3540 tenta!
686 3501 778 3539 nos
798 3526 810 3549 ,
841 3495 895 3538 ut
923 3485 1187 3538 caritatem
1225 3495 1455 3540 nostram
1481 3490 1656 3553 probet
1683 3483 1720 3551 ί,
1752 3500 1857 3556 qua
1890 3502 1986 3541 nos
2015 3487 2066 3541 in

492 3579 658 3648 ipsius
679 3593 810 3648 pace
839 3577 1145 3643 diligimus;
1193 3578 1259 3631 de
1292 3586 1379 3630 tua
1411 3578 1586 3646 potius
1617 3578 1717 3630 tide
1739 3621 1752 3643 ,
1795 3594 1954 3647 quam
2002 3581 2068 3632 de

492 3678 676 3724 nostra
704 3683 1018 3739 speramus;
1060 3676 1118 3722 ut
1145 3668 1188 3722 si
1221 3669 1490 3738 praemissa
1540 3669 1764 3723 tentatio
1791 3669 2066 3739 probatio-

493 3777 614 3816 nem
646 3762 696 3814 in
728 3770 780 3814 te
812 3769 1031 3829 operata
1053 3768 1136 3815 est
1179 3767 1228 3826 ι,
1258 3775 1364 3814 non
1389 3761 1522 3814 ultra
1559 3761 1732 3814 valeat
1761 3761 1984 3830 probata
2015 3761 2064 3815 in

491 3852 602 3908 Deo
619 3853 684 3925 (Ῑ)
701 3853 937 3908 caritatis
959 3862 1077 3907 vota
1097 3852 1358 3908 frustrari.
1385 3851 1461 3906 Ita
1477 3854 1618 3906 enim
1645 3853 1736 3907 tibi
1760 3862 2064 3922 promptum

489 3948 666 4000 inesse
694 3945 938 4014 spiritum
963 3945 1185 4006 scimus,
1220 3953 1277 3999 ut
1305 3955 1410 3998 non
1440 3957 1741 4010 vereamur,
1773 3959 1841 3999 ne
1866 3945 1932 3998 ad
1962 3946 2063 3998 im-

488 4039 850 4109 pedimentum
893 4038 1192 4093 communis
1229 4037 1480 4092 desiderii
1519 4053 1647 4092 caro
1675 4053 1887 4108 semper
1913 4040 2064 4092 inlir-

486 4141 576 4184 ma
597 4129 900 4199 prmvaleat,
924 4143 1082 4198 quam
1099 4127 1200 4182 fide
1221 4128 1500 4191 roborans,
1522 4128 1702 4183 animo
1718 4129 2059 4198 subjugabis:

487 4229 550 4276 ut
572 4220 717 4291 quod
742 4236 808 4276 ex
838 4235 898 4274 se
930 4235 1036 4275 non
1065 4227 1272 4289 potest,
1311 4220 1361 4273 in
1388 4219 1605 4275 Christo
1634 4229 1791 4290 posse
1817 4230 2059 4289 cogatur.

486 4313 543 4369 Si
566 4313 716 4368 dicas
739 4313 787 4368 ei
812 4314 842 4366 ε’
869 4310 947 4366 Ne
979 4325 1182 4382 pugnes
1207 4311 1464 4366 adversus
1494 4312 1738 4381 spiritum
1758 4351 1773 4375 ,
1804 4321 1912 4367 esto
1939 4331 2063 4367 cou-

483 4409 705 4459 sentiens
725 4405 1018 4459 atlrersario
1043 4413 1126 4456 tuo
1155 4404 1207 4456 in
1239 4403 1321 4455 ria
1344 4400 1391 4470 ι,
1419 4411 1467 4456 et
1487 4404 1584 4455 erit
1596 4420 1701 4474 pax
1720 4403 1918 4461 ossibus
1939 4407 2059 4475 tuis,

2192 1917 2578 1986 experiremur.

2255 2005 2364 2078 25
2403 2005 2488 2060 10.
2530 2004 2678 2088 Pone
2707 2008 2784 2079 (id
2809 2018 2886 2062 est
2917 2008 3149 2079 Depone.
3194 2009 3257 2062 ιν.
3283 2025 3447 2064 carm.
3477 2009 3575 2079 14,
3601 2028 3655 2066 v.
3689 2011 3796 2082 81)

2187 2095 2348 2166 igitur
2374 2107 2441 2175 et
2460 2108 2534 2166 tu,
2569 2096 2732 2153 frater
2753 2101 3028 2167 unanime,
3058 2101 3420 2172 meliorquein
3438 2101 3655 2159 Christo
3685 2121 3798 2160 no—

2185 2190 2280 2242 stri
2329 2190 2524 2260 portio,
2575 2191 2621 2244 si
2667 2205 2827 2259 quam
2865 2202 3154 2247 cx-nostrze
3182 2193 3551 2261 castigationis
3577 2193 3795 2253 indicio

2187 2283 2452 2336 tristitiam
2479 2283 2564 2352 pia
2592 2293 2774 2338 mente
2802 2283 3022 2340 duxeris
3050 2302 3062 2338 :
3090 2284 3226 2350 Quia
3252 2289 3510 2360 castigans
3539 2292 3789 2363 castiga-

2183 2375 2252 2448 ri:
2275 2391 2368 2428 nos
2399 2374 2671 2441 Dominus,
2711 2388 2760 2431 et
2787 2378 2939 2431 morti
2968 2393 3072 2431 non
3112 2381 3330 2434 tradidit
3355 2398 3447 2436 nos
3477 2367 3532 2437 ΡΪ
3558 2381 3790 2442 Visitati

2183 2469 2325 2522 enim
2355 2468 2563 2524 medica
2592 2467 2988 2540 Omnipotentis
3018 2487 3202 2540 manu,
3252 2474 3304 2527 in
3343 2489 3494 2544 spem
3521 2474 3789 2532 sanitatis

2181 2573 2210 2611 a
2236 2560 2482 2628 pnesenti
2527 2560 2842 2628 aegritudine
2888 2560 3204 2617 ferebamur
3245 2560 3506 2633 :nagella'
3541 2564 3785 2624 invicem

2181 2657 2366 2704 nostra
2397 2651 2598 2706 mutuis
2621 2653 3086 2708 consolationibus
3112 2655 3434 2712 mollientes.
3465 2653 3600 2713 Nam
3625 2659 3787 2715 sola.

2180 2743 2312 2797 tium
2332 2742 2488 2797 nobis
2508 2757 2760 2813 magnum
2779 2753 2835 2800 et
2853 2744 3008 2800 dulce
3031 2746 3302 2814 praebebat
3322 2747 3433 2817 ipsa
3457 2747 3785 2818 coniunctio

2178 2834 2441 2904 passionis
2479 2853 2493 2898 ;
2521 2836 2666 2905 quod
2694 2851 2803 2891 non
2833 2837 2948 2892 siue
2990 2836 3198 2892 Domini
3235 2841 3475 2905 numine,
3504 2841 3659 2910 cujus
3691 2845 3783 2897 in-

2171 2928 2322 2995 jussu
2350 2945 2449 2984 nec
2479 2930 2710 2998 passeris
2730 2945 2888 2985 casus
2917 2931 2970 2985 in
2995 2938 3194 2986 terram
3221 2942 3304 2988 est
3327 2944 3375 2997 «ι,
3417 2937 3778 2990 concurrisset

2179 3020 2228 3073 in
2262 3021 2417 3074 nobis
2446 3022 2557 3091 ipsa
2586 3021 2762 3075 unitas
2783 3023 3064 3076 verberum
3089 3025 3385 3080 videbatur.
3418 3025 3508 3081 Sic
3533 3038 3587 3082 et
3609 3044 3778 3083 como

2177 3112 2666 3181 moditascmperat
2690 3113 2956 3168 ambobus
3001 3130 3103 3168 uua
3132 3117 3463 3184 procedere:
3503 3133 3600 3174 seu
3619 3121 3778 3188 quod

2099 3191 2140 3249 (ἶ
2175 3205 2312 3259 alter
2331 3205 2551 3259 alterius
2576 3206 2839 3261 levamiue
2863 3207 3177 3276 respirabat,
3197 3208 3311 3264 sive
3339 3210 3482 3278 quod
3505 3210 3778 3270 Dominus

2174 3296 2408 3352 unitatis"
2439 3307 2712 3368 cperator,
2746 3299 3019 3354 individuo
3067 3301 3258 3370 spiritu
3295 3317 3484 3358 omnes
3511 3318 3641 3359 suos
3668 3320 3775 3360 ne-

2173 3400 2342 3456 ctens,
2369 3407 2544 3461 neque
2573 3393 2596 3422 "
2623 3392 2890 3446 carnalem
2923 3393 2973 3446 in
3004 3393 3160 3448 nobis
3184 3393 3536 3450 substantiam
3567 3396 3773 3453 discre-

2171 3498 2302 3554 pare
2329 3491 2622 3554 pateretur.

2245 3575 2330 3629 ll.
2371 3575 2487 3630 Non
2507 3576 2622 3631 hzec
2650 3585 2830 3631 tamen
2864 3584 3067 3631 tantum
3097 3593 3257 3634 causa
3297 3594 3499 3650 pueros
3544 3589 3770 3640 nostros

2170 3674 2378 3722 morata
2408 3675 2513 3720 est.
2543 3666 2675 3721 Nam
2707 3665 3019 3734 V'igilautius
3060 3683 3274 3737 quoque
3305 3669 3493 3727 noster
3520 3672 3574 3726 in
3597 3672 3768 3728 Cam-

2169 3757 2349 3828 pania,
2374 3764 2726 3827 etan-tequam
2756 3757 2822 3811 ad
2851 3772 2947 3810 nos
2976 3758 3297 3826 perveniret,
3320 3767 3374 3814 et
3403 3769 3767 3834 posteaquam

2168 3851 2434 3923 pervenit,
2466 3851 2518 3906 vi
2547 3850 2771 3906 febrium
2796 3853 3084 3905 laboravit:
3119 3861 3174 3906 et
3199 3853 3502 3922 ωσι-ιιιιύἰηί
3533 3865 3765 3930 nostra,

2167 3946 2290 4015 quia
2313 3953 2369 4002 et
2395 3945 2509 4016 ipse
2531 3945 2732 4001 sociale
2779 3944 3077 3997 membrum
3117 3954 3235 3999 erat
3266 3948 3342 4018 (g)
3371 3947 3521 4005 socio
3567 3949 3763 4006 laboro

2167 4051 2478 4106 compassus
2515 4044 2618 4091 est.
2644 4034 2881 4104 Denique
2922 4036 3009 4088 ille
3035 4038 3472 4106 catechumenos,
3497 4041 3590 4110 qui
3620 4058 3762 4099 nec-

2165 4127 2292 4190 dum
2318 4126 2488 4183 nostri
2516 4129 2762 4198 corporis
2811 4136 2928 4181 erat
2957 4129 3280 4196 membrum,
3313 4131 3534 4188 vulnera
3564 4143 3759 4192 nostra

2165 4237 2272 4276 non
2301 4222 2488 4287 sensit,
2532 4230 2588 4276 et
2633 4237 2795 4277 sanus
2837 4219 2953 4286 fuit,
2984 4230 3147 4291 atque
3189 4238 3382 4293 expers
3429 4225 3758 4298 languorum

2164 4309 2492 4376 nostrorum,
2522 4313 2645 4381 quia
2670 4327 2778 4366 non
2808 4326 2918 4367 suae
2964 4313 3295 4383 compaginis
3330 4314 3574 4374 dolorem
3617 4334 3758 4376 eam

2163 4407 2337 4462 adhuc
2364 4406 2537 4460 aliena
2566 4407 2768 4461 sentire
2786 4415 2901 4461 ‘non
2941 4413 3177 4476 poterat.
3208 4405 3349 4477 Ergo
3379 4418 3437 4465 ut
3460 4413 3623 4482 coepit
3649 4413 3757 4471 Vi-

482 4505 537 4549 cl
575 4511 697 4550 eum
731 4494 1060 4549 exsultaverit
1090 4509 1179 4547 cor
1205 4510 1370 4547 meum
1402 4494 1455 4547 iu
1484 4493 1649 4548 Deum
1686 4496 1882 4563 tivum,
1933 4505 2061 4552 tunc
2161 4497 2412 4567 gilantius
2456 4504 2641 4552 noster
2675 4496 2924 4567 progredi
2955 4510 3132 4565 posse,
3166 4503 3277 4550 tum
3304 4495 3519 4560 demum
3559 4507 3756 4564 censui

482 4587 642 4639 etiam
668 4601 792 4639 coro
811 4601 924 4639 mea
953 4585 1231 4656 requiescet
1255 4586 1307 4638 in
1329 4601 1418 4655 spe
1443 4583 1486 4638 ι.
2080 4570 2132 4632 Ῑ)
2153 4589 2355 4658 scripta
2380 4603 2501 4642 esse
2537 4587 2824 4642 reddenda.
2869 4589 3124 4646 Fatemur
3146 4594 3310 4660 enim,
3340 4597 3528 4650 ambos
3572 4597 3755 4654 multo

550 4676 600 4729 9.
633 4675 770 4730 Tene
798 4690 953 4741 ergo,
985 4676 1175 4738 frater,
1207 4675 1342 4745 quod
1363 4686 1530 4740 tenes,
1559 4691 1624 4730 ne
1649 4695 1894 4732 coronam
1914 4688 2054 4735 mam
2155 4689 2281 4736 ante
2308 4695 2629 4751 properasse
2662 4698 2674 4734 :
2721 4681 2813 4735 sed
2843 4697 2964 4739 cum
2997 4692 3122 4738 ante
3153 4685 3344 4740 virium
3373 4690 3751 4756 receptionem

551 4843 575 4872 ι
606 4833 773 4908 [Ωον.
805 4849 852 4908 1-,
886 4831 973 4908 27.
1052 4830 1076 4865 δ
1109 4832 1275 4908 Apoc.
1302 4850 1348 4897 ι,
1381 4833 1570 4908 291mc
1604 4835 1791 4908 Matth.
1825 4835 2035 4899 ηιμ-22.

2185 4835 2299 4891 lsai'.
2335 4854 2466 4899 χιιι,
2499 4837 2550 4890 3.
2630 4848 2654 4908 ἐ
2688 4836 2885 4908 Thren.
2915 4855 3002 4902 ιιι,
3035 4837 3122 4903 28,
3151 4841 3306 4908 juxta
3337 4840 3499 4898 LXX.
3582 4845 3602 4884 τ
3632 4846 3747 4906 lsa.

475 4921 584 4982 tau,
749 4915 772 4945 κ
822 4903 942 4955 lsai.
985 4918 1121 4982 _xt.u,
1155 4901 1240 4967 ιι,
1271 4919 1382 4958 sec.
1418 4903 1578 4982 L_XX.
1655 4906 1680 4943 δ
1709 4905 1866 4982 Rom.
1900 4924 1988 4982 \‘lll
2011 4947 2026 4969 ,
2052 4908 2080 4961 3

2226 4909 2432 4982 ilicut.
2473 4924 2591 4982 xm,
2625 4907 2677 4961 5.
2756 4909 2771 4959 ι
2813 4901 3172 4982 “court-4:
3238 4906 3274 4950 ’⁵⁵
3307 4913 3499 4971 Matth.
3541 4931 3596 4982 τ,
3645 4901 3744 4974 25.

483 4975 495 5012 ί
534 4975 670 5028 Psal.
721 4989 928 5028 xxxvii.
974 4972 1032 5034 ι,
1077 4981 1129 5024 et
1177 4989 1412 5040 Lxxxut,
1443 4976 1494 5040 3,
1537 4983 1591 5028 et
1626 4993 1711 5038 xv,
1743 4975 1795 5030 9.
1875 4989 1910 5013 η’
1940 4979 2080 5048 Apoc

474 5053 633 5106 cavit,
669 5045 754 5098 l8.
831 5055 857 5092 τι
899 5042 1086 5095 Matth.
1114 5059 1179 5109 x,
1207 5043 1295 5098 29.

2185 4994 2214 5042 ι,
2252 4977 2334 5031 ll.
2413 4987 2438 5014 ιι
2473 4977 2627 5032 lium.
2661 4995 2776 5044 vui,
2810 4979 2898 5031 28.
2981 4987 3005 5015 ο
3030 4972 3198 5036 Ιίίὶον.
3233 4999 3326 5050 xu,
3356 4985 3444 5038 ‘26.
3523 4995 3549 5036 ι’
3580 4972 3746 5050 Ῥωιζ

544 5206 620 5281 (ᾳ)
649 5205 727 5281 ita
758 5204 1074 5281 iitlem_m_ss.
1102 5212 1155 5281 et
1178 5203 1304 5281 editi
1333 5202 1566 5258 Codices.
1593 5204 1790 5270 Ceteri,
1816 5223 2044 5261 noscere.
2220 5208 2295 5281 (Ῑ)
2319 5206 2393 5281 Ita
2417 5223 2518 5263 ms.
2551 5207 2673 5281 Vat.
2704 5218 2759 5264 et
2779 5209 2915 5281 pedit.
2946 5207 3096 5281 Gripo.
3131 5212 3255 5280 Alii,
3282 5213 3416 5268 ideo.

540 5273 614 5343 (ὑ)
643 5275 734 5349 _Sic
761 5274 1074 5349 mss.__ljlditi.
1107 5275 1340 5349 deduci:
1383 5345 1394 5349 _
2157 5347 2164 5349 Α
2341 5277 2428 5334 Sic
2454 5295 2552 5334 ms.
2578 5279 2745 5334 codex
2778 5279 2945 5336 Vatic.
2985 5280 3069 5335 ed.
3102 5273 3290 5338 Scho't.
3322 5293 3378 5339 et
3421 5284 3552 5340 edit.
3578 5285 3741 5346 Crist.

540 5351 611 5414 (pc)
642 5345 718 5399 lla
747 5363 844 5400 ms.
882 5345 1032 5398 Vica.
1067 5353 1120 5399 et
1147 5345 1275 5398 edit.
1309 5343 1496 5399 Schot.
1529 5345 1647 5410 Alii,
1678 5354 1869 5414 tacens,
1899 5349 2045 5402 nullo

464 5433 649 5476 ‘CIISU.

541 5489 621 5554 (ά)
652 5486 740 5542 Sic
767 5483 907 5540 LXX
935 5487 1281 5555 interpretes,
1326 5485 1684 5542 Tertullianns
1717 5488 1808 5541 lib.
1839 5486 1905 5544 de
1933 5485 2043 5543 Pu-
2148 5504 2213 5543 cx

464 5557 831 5635 dicitia_pau|9
851 5565 971 5635 post
993 5557 1219 5621 initium,
1235 5557 1534 5635 Cyprianus
1557 5557 1700 5635 ῌίμιι
1717 5558 2034 5635 Τεςιίιῐιοης,

2185 5557 2386 5635 verum,
2419 5560 2588 5635 11.12,
2612 5557 2668 5616 et
2698 5576 2763 5615 ex
2803 5557 2958 5635 epist.
2989 5560 3116 5635 2nd
3151 5564 3392 5635 Amandu
3416 5584 3469 5631 ν,
3501 5583 3554 5621 ιι.
3586 5568 3656 5635 5,
3678 5584 3740 5626 ut

465 5626 765 5713 capzélet
786 5626 1050 5713 Paulinus
1068 5635 1247 5713 noster
1272 5626 1428 5713 epiSt.
1456 5627 1522 5679 58
1543 5628 1862 5713 ad‘Ap‘rum‘,
1899 5646 1952 5713 ιι.
1980 5629 2032 5713 4.
2145 5631 2421 5713 socialiju
2461 5626 2618 5713 vicem
2661 5626 2884 5713 νιειιιριῖο
2922 5631 3068 5686 nobis
3103 5626 3513 5713 collaboremui;
3556 5647 3614 5693 et
3641 5626 3735 5713 ep.

539 5697 611 5768 te)
653 5697 778 5752 Mss.
825 5707 880 5751 et
926 5698 1052 5750 editi
1117 5699 1435 5757 vetustiores
1479 5699 2035 5768 constantenhabcnt
2149 5700 2226 5756 15,
2261 5716 2313 5754 n.
2338 5699 2388 5764 3,
2413 5703 2626 5754 socialia
2648 5698 2891 5761 meinb'ra.
2914 5713 2962 5756 et
2984 5719 3251 5757 commune
3274 5697 3585 5764 membrum.

467 5766 648 5824 tulistis
669 5811 682 5835 ,
713 5769 974 5840 quotiens:
1005 5769 1144 5836 quad
1182 5770 1343 5822 semel
1375 5770 1685 5823 observasse
1713 5766 1957 5825 sufﬁciat.

2152 5347 2212 5420 in
2237 5347 2408 5417 nuirg.
2439 5364 2539 5404 ms.
2570 5351 2703 5418 Reg.
2727 5352 2972 5420 proxime
3000 5353 3224 5416 accedit,
3266 5354 3482 5410 solacio.
3513 5355 3618 5411 Alii
3649 5372 3742 5414 so-

2147 5418 2324 5482 lativo,
2355 5420 2530 5475 minus
2560 5418 2943 5476 bene.'Lectio
2974 5422 3060 5476 hic
3089 5425 3334 5478 restituta
3383 5424 3744 5486 conﬁrmatur

2243 5492 2606 5564 sequentibus,
2635 5502 2754 5562 post
2785 5492 3141 5564 egritudinem
3164 5496 3424 5549 commoti
3443 5497 3624 5552 labore
3659 5511 3749 5555 to-‘
