4022 6406
209 355 308 419 ιτδ

1637 357 1968 414 EPISTOLA
2010 359 2075 416 Υ.

3410 357 3507 417 lii

212 484 412 538 munere
438 473 756 543 festinaret,
800 475 891 546 qui
922 490 1030 532 non
1076 482 1321 545 poterat;
1365 473 1445 546 (ιι)
1494 472 1673 544 impie,
1721 474 1816 544 qui
1843 477 1894 538 Α
1918 472 2071 545 pueri
2101 471 2199 539 tui,
2227 479 2489 541 quantum
2518 471 2674 529 nobis
2696 471 2884 542 gratim
2911 470 3194 531 dominicae
3219 470 3508 531 detrimen-

214 566 426 627 valebat
462 566 565 632 (ν.
610 575 733 622 not.
790 567 860 621 15
883 568 933 639 );
965 566 1177 633 ambos,
1208 566 1335 637 quia
1360 581 1469 620 non
1508 572 1820 637 putaramus

220 659 462 727 volentes
489 659 746 722 consilio,
781 657 1102 714 retinuiums
1127 657 1326 712 invitos
1346 656 1584 731 silentio.

296 749 384 807 42.
411 750 618 821 itaque,
651 760 715 806 ut
733 765 897 821 supra
927 748 1237 819 scripsimus
1258 788 1274 815 ,
1307 755 1427 818 post
1450 746 1819 817 mgritudinem

220 843 496 902 communi
543 842 738 898 labore
784 841 1092 911 toleratam,
1144 839 1820 917 orationibussanctorum

221 943 391 1007 atque
416 948 690 996 carorum,
724 941 881 1003 parte
922 932 1117 995 etiam,
1149 940 1209 987 ut
1252 931 1541 996 credimus,
1585 932 1821 989 maxima

222 1026 357 1097 tuis,
384 1025 708 1097 respiciente
734 1024 1053 1085 clementius
1076 1024 1337 1087 Domino,
1368 1022 1619 1091 recreati,
1640 1020 1820 1079 adhuc

223 1125 408 1175 tamen
437 1117 719 1174 exhaustis
742 1116 1059 1187 corporibus
1081 1117 1104 1150 ⁸
1133 1114 1351 1171 infirmi.
1374 1112 1435 1170 ιιι
1457 1129 1568 1185 quo
1602 1112 1818 1185 quidem

220 1222 327 1265 nos
360 1206 584 1279 gloriari
632 1206 930 1277 Apostolus
976 1206 1156 1271 docet,
1203 1220 1364 1280 quem
1411 1212 1713 1277 potentem,
1760 1212 1820 1261 ut

222 1300 506 1377 praedicat,
555 1298 791 1356 faciebat
819 1296 1097 1354 infirmitas
1136 1307 1196 1365 ις
1223 1296 1351 1370 quia
1373 1296 1582 1353 scilicet
1607 1311 1738 1353 caro
1766 1294 1819 1363 δ,

221 1406 349 1461 qua:
372 1390 635 1447 adversus
656 1390 903 1461 spiritum
932 1389 1154 1454 militat,
1197 1403 1321 1443 cum
1361 1386 1587 1444 adversa
1612 1387 1820 1444 valetu-

221 1482 353 1538 dine
373 1481 660 1553 frangitur,
694 1481 926 1552 pariter,
970 1479 1210 1537 infractis
1248 1480 1473 1546 viribus,
1521 1479 1818 1552 spiritalem

224 1590 338 1632 nou
377 1574 557 1629 valeat
582 1585 892 1644 expugnare
915 1572 1190 1627 virtutem.
1235 1570 1412 1626 Carne
1440 1570 1602 1638 igitur
1624 1566 1817 1625 infirmi

224 1665 294 1722 ad
312 1664 615 1736 profectum
630 1663 870 1734 spiritus,
895 1663 987 1732 qui
1015 1662 1212 1717 damno
1235 1661 1343 1733 26
1360 1660 1540 1717 carnis
1565 1660 1817 1727 exsultat,

222 1765 286 1817 et
309 1765 584 1828 tamquam
636 1756 867 1812 inimicae
904 1755 1142 1811 materiae
1190 1753 1538 1810 tribulatione
1585 1751 1815 1817 lmtatur,

1924 575 2036 624 tum
2054 564 2217 620 faciat
2234 563 2311 635 (ἀ)
2326 562 2503 621 Urbici
2526 579 2678 636 papa
2703 566 2935 637 superba
2951 563 3234 622 discretio:
3252 564 3345 635 qui
3373 578 3507 634 pau-

1923 657 2004 714 cis
2047 657 2178 729 ipsis
2220 656 2443 725 diebus,
2466 658 2662 727 quibus
2701 657 3012 725 interfuere,
3055 656 3308 714 viderunt
3345 670 3508 726 quam

1921 749 2135 807 assidua
2164 764 2283 816 nos,
2313 764 2475 823 quam
2496 749 2679 809 sedula
2699 750 3050 807 sollicitarum
3077 749 3301 805 fratrum
3329 762 3511 806 mona-

1920 839 2166 908 chorum.
2189 839 2507 903 antistitum,
2531 838 2873 904 clericorum,
2896 847 3060 909 atque
3084 839 3249 896 etiam
3271 839 3509 910 ipsorum

1921 943 2065 1000 stupe
2092 928 2414 993 iocularia“:
2455 927 2654 995 cilicia,
2682 935 2798 985 toto
2835 928 2929 987 illo
2957 930 3032 1000 (e)
3064 937 3264 990 nostra
3289 931 3508 999 agritu-

1920 1019 2064 1076 dinis
2090 1027 2338 1091 tempore
2372 1020 2783 1079 celebraverint.
2814 1019 2970 1089 Quod
3012 1021 3156 1092 apud
3183 1021 3509 1077 unanimita-

1922 1118 2033 1167 tem
2065 1120 2228 1178 tuam,
2258 1110 2330 1169 de
2357 1110 2625 1169 dominica
2653 1120 2833 1169 tamen
2859 1108 3053 1182 gratia,
3076 1111 3231 1184 cujus
3248 1112 3353 1169 hoc
3371 1127 3511 1183 quo-

1921 1220 2027 1277 que
2056 1221 2191 1278 Opus
2219 1213 2275 1260 et
2300 1221 2497 1262 munus
2521 1214 2637 1273 est,
2662 1206 2833 1275 gloria
2861 1207 3018 1275 licet,
3049 1208 3155 1280 27
3185 1220 3346 1267 uenio
3383 1221 3513 1277 prec

1923 1296 2213 1368 pemodum
2262 1305 2375 1353 tota
2421 1296 2716 1369 Campania
2752 1298 3131 1369 episcoporum
3161 1313 3270 1355 non
3296 1297 3514 1354 visitare

1921 1404 2023 1445 nos
2053 1389 2132 1444 fas
2160 1389 2489 1445 existimavit
2511 1390 2632 1446 sibi.
2658 1388 2726 1445 Et
2745 1407 2882 1462 quos
2903 1390 3183 1446 infirmitas
3211 1389 3297 1451 vel
3319 1405 3514 1446 neces-

1922 1482 2054 1536 sitas
2079 1481 2259 1550 aliqua
2286 1479 2622 1545 devinxerat,
2673 1483 2851 1537 missis
2879 1484 2994 1537 vice
3015 1499 3112 1539 sua
3137 1484 3180 1514 "
3209 1481 3420 1537 clericis
3456 1488 3516 1538 et

1924 1575 2122 1632 litteris
2142 1574 2430 1630 adfuerunt
2458 1573 2552 1637 (γ.
2598 1583 2711 1631 not.
2747 1574 2872 1646 15).
2905 1575 3018 1630 Afri
3046 1591 3262 1645 quoque
3300 1575 3367 1629 ad
3413 1589 3516 1630 nos

1923 1667 2163 1738 episcopi
2188 1665 2505 1725 revisendos
2523 1667 2694 1737 prima
2709 1676 2895 1723 :cstate
2915 1669 3191 1727 miserunt.
3215 1665 3371 1736 Quod
3387 1682 3513 1723 cum

1924 1760 2000 1817 ita
2022 1762 2112 1829 sit,
2142 1764 2294 1820 vides
2318 1773 2657 1835 quantopere
2683 1765 2752 1822 ad
2778 1764 3134 1821 humilitatem
3164 1773 3404 1826 nostram
3432 1761 3513 1821 fee

225 1860 394 1923 atque
419 1850 783 1908 iulirmatione
808 1849 997 1906 domiti
1040 1847 1287 1919 corporis
1318 1844 1667 1913 convalescit,
1684 1859 1816 1900 sana
1848 1861 1895 1921 Β
1919 1854 2123 1911 stinare
2157 1855 2377 1926 debeas,
2408 1864 2469 1913 ut
2494 1866 2552 1912 et
2586 1857 2858 1927 paululum
2906 1856 3248 1915 occasionem
3294 1853 3513 1916 auferas

226 1949 287 1999 et
306 1942 484 1998 valida
511 1942 761 2005 earilate,
788 1953 949 2013 quam
977 1953 1103 2008 erga
1135 1946 1187 1993 te
1217 1953 1315 2009 per
1333 1936 1616 1992 Dominum
1641 1934 1823 1993 Iesum

230 2046 483 2102 magnam
526 2033 808 2095 habemus,
860 2030 1103 2086 dedimus
1131 2030 1228 2085 bas
1251 2030 1459 2084 litteras
1494 2028 1546 2083 in
1576 2027 1825 2084 solatium

233 2124 333 2191 tui,
356 2133 420 2180 ut
445 2140 548 2182 nos
575 2123 790 2178 interim
814 2131 1057 2178 tenemus
1084 2130 1204 2176 tuas
1236 2138 1250 2173 :
1276 2120 1452 2177 donec
1473 2128 1526 2175 te
1548 2120 1743 2192 ipsum,
1766 2127 1829 2175 ut

232 2216 592 2289 spopondisti,
622 2223 679 2271 et
705 2213 851 2284 quod
880 2228 1171 2286 numquam
1212 2212 1510 2268 desinimus
1538 2226 1570 2267 a
1598 2210 1827 2267 Domino

231 2292 486 2381 sperare,
518 2307 816 2363 videamus.

306 2420 398 2478 i5.
439 2418 609 2475 Iulta
632 2426 776 2485 sunt,
806 2433 926 2491 qua:
954 2418 1022 2474 ad
1049 2434 1151 2475 nos
1179 2417 1411 2474 invitare
1453 2426 1529 2486 te,
1557 2425 1614 2474 et
1641 2417 1710 2474 de
1733 2432 1829 2489 pa-

235 2514 343 2573 tria
366 2528 660 2587 parumper
700 2512 937 2569 debeant
978 2527 1271 2578 sevocare;
1300 2527 1410 2584 pne
1430 2512 1631 2568 ceteris
1676 2525 1831 2567 amor

235 2608 412 2683 pacis,
436 2608 616 2678 etaeli
642 2606 904 2679 fuga,.qui
930 2607 1164 2665 maxime
1188 2599 1487 2678 conspectu
1516 2614 1610 2663 aut
1636 2604 1831 2662 vicinia

235 2702 446 2763 amula
490 2701 918 2759 conversationis
956 2699 1293 2780 accenditur.
1337 2698 1581 2770 Denique
1603 2713 1635 2759 a
1673 2697 1832 2756 nobis

242 2799 430 2857 [totum
456 2798 555 2872 (Υ.
586 2806 702 2854 not.
730 2796 821 2870 lt)
849 2797 1217 2871 zelotyporum
1248 2797 1493 2853 incendia
1514 2797 1832 2853 clericorum

241 2893 607 2963 longinquitas
628 2889 788 2948 Urbis
813 2892 1127 2960 exstinguit,
1158 2900 1215 2947 et
1242 2892 1419 2947 omnis
1441 2890 1551 2948 illic
1584 2890 1835 2960 iniquitas

243 2987 473 3043 obstruit
520 3002 584 3042 os
626 3000 782 3041 suum
815 2996 839 3024 ι
882 2985 1050 3054 :quia
1080 3000 1179 3054 per
1223 2983 1523 3040 absentiam
1567 2982 1692 3040 inde
1737 2997 1838 3038 nc.-

244 3090 412 3135 stram
435 3077 588 3149 quasi
616 3077 882 3133 subducto
910 3077 1116 3143 fomite,
1144 3076 1325 3146 segnis
1348 3075 1597 3132 odiorum
1621 3075 1835 3131 ﬂamma

244 3170 508 3239 frigescit;
537 3185 639 3226 nec
663 3170 715 3225 in
750 3184 936 3226 vocem
972 3168 1131 3226 audet
1159 3183 1466 3239 erumpere,
1496 3167 1623 3225 licet
1653 3166 1835 3224 denti-

1924 1946 2289 2015 qumrentibus
2328 1947 2672 2004 occasionem
2690 1989 2706 2014 ,
2737 1956 2794 2003 et
2821 1963 2921 2018 pro
2951 1948 3136 2017 gratia:
3163 1947 3249 2003 vel
3269 1947 3517 2005 caritatis

1925 2047 2214 2105 augmento
2236 2037 2305 2110 (Ι)
2337 2040 2696 2111 peregrineris
2714 2055 2745 2094 a
2767 2040 2939 2110 patria
2962 2039 3088 2095 dum
3116 2040 3292 2101 adhuc
3317 2038 3517 2111 hospes

1924 2129 2172 2199 corporis
2195 2130 2554 2201 perqrinaris
2595 2147 2627 2186 a
2668 2130 2887 2188 Christo
2924 2132 2980 2198 ί,
3007 2132 3134 2201 quia
3166 2130 3379 2187 Veritas
3399 2131 3516 2202 ipsa

1927 2226 2157 2276 testatur
2183 2222 2437 2277 nentiam
2464 2223 2769 2293 praplietaut
2815 2232 3081 2296 acceptam
3107 2239 3221 2281 esu
3244 2224 3300 2282 in
3342 2225 3518 2296 patric

1927 2314 2096 2370 ctuti.

2003 2406 2088 2461 i5.
2131 2406 2326 2464 Fateor
2350 2417 2550 2474 autem,
2583 2409 2710 2465 licet
2745 2409 2876 2464 mihi
2919 2408 3051 2464 nihil
3095 2408 3378 2480 prtesentia
3412 2416 3517 2472 -ιιιι

1930 2500 2134 2568 gratius
2154 2499 2272 2555 dari
2302 2500 2492 2572 possit,
2516 2516 2805 2557 accensum
2835 2516 2956 2557 esse
2982 2500 3311 2563 desiderium
3338 2514 3520 2557 meum

1932 2590 2245 2661 ﬂagrantius
2275 2592 2327 2647 iu
2357 2592 2697 2662 praesentiam
2728 2601 2896 2659 luant,
2926 2593 3070 2666 quod
3099 2594 3296 2658 multos
3323 2592 3521 2651 fratres

1932 2685 2201 2756 spiritales
2250 2695 2428 2741 tecum
2486 2686 2642 2741 nobis
2690 2686 2877 2745 adfore
2925 2686 3283 2759 spopondisti.
3336 2685 3522 2745 Eritne

1932 2792 2118 2848 qutcso
2148 2785 2359 2848 tempus
2387 2775 2541 2844 illud,
2563 2786 2620 2833 et
2646 2778 2921 2839 illuc-esset
2945 2778 3035 2836 ille
3061 2779 3355 2851 aliquando
3383 2778 3519 2847 dies,

1934 2885 2042 2941 quo
2069 2870 2458 2928 fraternitatem
2483 2878 2628 2926 tuam
2648 2871 2846 2928 comite
2864 2871 3161 2929 electorum
3185 2871 3277 2927 Dei
3297 2854 3525 2937 cohorte

1935 2965 2268 3027 venientem,
2300 2964 2353 3018 in
2398 2963 2606 3036 gremio
2628 2962 2741 3033 jam
2767 2966 3068 3021 communis
3089 2963 3187 3045 (ιζ.
3219 2972 3333 3021 not.
3368 2963 3434 3021 16
3466 2973 3527 3022 et

1940 3056 2032 3127 17)
2058 3056 2272 3129 patroni
2308 3056 2350 3089 ¹³
2380 3056 2699 3113 Dominmdii
2733 3057 2840 3117 mei
2883 3056 3078 3116 Felicis
3115 3057 3413 3129 excipiam;
3441 3065 3521 3121 ei.

1937 3151 2082 3222 quod
2112 3166 2255 3208 nunc
2282 3150 2451 3223 ipsius
2495 3150 2834 3208 orationibus
2878 3151 3157 3222 impetrari
3204 3165 3335 3220 rogo
3367 3152 3434 3220 ⁸⁸,
3465 3152 3521 3209 id

247 3262 347 3319 bus
374 3263 449 3334 (ι)
497 3263 708 3318 frendat
730 3280 733 3285 ·
758 3260 975 3327 invidia,
1004 3261 1133 3317 dum
1162 3260 1458 3332 iniquitatis
1481 3274 1593 3315 sum
1620 3259 1833 3317 conscia

1942 3243 2284 3315 impetratum
2312 3259 2517 3311 coram,
2550 3243 2689 3317 apud
2726 3245 2901 3315 ipsum
2951 3245 3154 3316 pariter
3199 3244 3252 3305 in
3297 3244 3526 3303 Domino

249 3354 365 3425 ipsa
390 3368 451 3409 se
471 3354 763 3414 erubescit,
790 3368 890 3408 nec
917 3351 970 3406 in
1002 3360 1256 3428 promptu
1296 3349 1466 3406 habet
1491 3349 1583 3406 ubi
1607 3349 1751 3407 faces
1773 3350 1839 3405 Ii-

248 3428 393 3501 vida:
413 3444 611 3500 mentis
638 3442 920 3500 accendat.
956 3442 1074 3497 Pax
1103 3450 1282 3497 tamen
1305 3439 1426 3505 Dei,
1448 3457 1563 3512 quc
1588 3439 1839 3512 praceuit

252 3554 456 3595 omnem
476 3554 705 3600 unum,
729 3535 960 3591 abundat
984 3537 1040 3592 in
1058 3533 1303 3595 cordibus
1332 3534 1359 3571 ’⁸
1390 3534 1760 3603 plurimorum,
1783 3541 1841 3587 et

230 3648 389 3704 ,υνυς
425 3631 521 3688 Dei
549 3630 846 3687 Salvatoris
870 3631 923 3687 in
961 3629 1119 3685 nobis
1142 3629 1435 3701 Campania
1472 3634 1587 3685 tota
1615 3628 1841 3701 venera-

253 3731 359 3780 tur.
384 3722 571 3779 Romae
596 3737 815 3793 quoque
855 3721 1012 3797 pauci
1041 3722 1205 3777 etiam
1234 3721 1287 3777 in
1327 3721 1475 3777 clero
1505 3720 1641 3792 ipso,
1672 3732 1704 3773 a
1730 3732 1841 3788 quo

252 3815 371 3872 solo
397 3814 642 3875 videmur
659 3814 1030 3881 scandalizari,
1058 3830 1242 3871 morsu
1265 3814 1475 3870 invidim
1495 3822 1843 3869 commoven-

255 3915 365 3963 tur.
393 3905 501 3962 Sed
528 3905 757 3962 Domino
777 3906 997 3975 gratias,
1028 3906 1121 3978 qui
1147 3913 1204 3961 et
1232 3905 1364 3962 mihi
1392 3903 1695 3967 miserrimo
1714 3918 1842 3974 pec-

236 3998 425 4061 ,catori
445 4014 547 4055 suo
573 3997 722 4053 dedit
749 3998 929 4053 dicere
955 4015 967 4051 :
995 3996 1250 4062 Quoniam
1274 3997 1493 4052 oderunt
1509 4012 1588 4051 me
1606 3995 1771 4067 gratis
1795 4006 1838 4048 ι’.

238 4090 413 4159 Quod
445 4092 489 4122 ⁸⁸
520 4100 698 4146 tamen
721 4090 790 4145 ad
812 4106 899 4146 me
922 4091 1175 4161 pertinet,
1205 4106 1321 4145 cum
1347 4091 1475 4161 ipsis
1497 4103 1734 4159 quoque,
1758 4087 1845 4159 qui

255 4182 474 4238 ederunt
513 4198 693 4251 parem
715 4182 790 4251 (e)
821 4197 996 4236 meam
1033 4184 1107 4249 ",
1141 4190 1322 4238 mente
1358 4182 1609 4252 paciﬁcus
1646 4196 1762 4236 sunt
1796 4177 1841 4234 τ.

258 4271 321 4329 Si
348 4274 462 4345 quis
485 4273 620 4328 enim
650 4273 755 4327 vult
782 4273 1131 4328 contentiosa:
1152 4289 1282 4340 esse,
1313 4273 1409 4329 hoc
1428 4280 1610 4329 nostra
1628 4288 1844 4328 consae-

257 4364 383 4421 tudo
409 4380 515 4419 non
542 4367 725 4436 recipit
755 4374 802 4419 ε.
851 4365 1053 4444 Horum
1101 4375 1281 4423 tamen
1325 4367 1593 4438 ipsorum,
1616 4366 1709 4438 qui
1746 4382 1847 4424 nos

246 4456 459 4527 _odisse,
488 4465 545 4514 et
581 4472 612 4511 a
651 4458 927 4513 consortio
967 4459 1269 4514 sanctitatis
1312 4475 1424 4515 sua:
1450 4473 1734 4531 segregare
1757 4459 1843 4515 di-

258 4557 472 4616 cuntur,
503 4549 590 4606 vix
626 4549 696 4605 ad
721 4565 822 4607 nos
849 4551 1026 4607 tenuis
1055 4550 1194 4607 fama
1240 4551 1550 4623 perlabitur,
1577 4559 1635 4608 et
1656 4552 1724 4609 ab
1745 4568 1844 4607 au-

1939 3337 2307 3407 gratulemur?
2325 3353 2446 3395 cum
2467 3351 2570 3408 ego
2590 3353 2688 3395 vos
2708 3337 2863 3393 simul
2886 3348 2942 3394 et
2965 3338 3197 3396 vicissim
3212 3339 3529 3411 complexus

1941 3443 2150 3495 omnes,
2180 3430 2375 3485 merito
2394 3429 2569 3487 dicam
2586 3429 2993 3487 concinentibus
3012 3430 3192 3487 vobis:
3219 3430 3349 3487 liam
3366 3432 3529 3504 plane

1941 3520 2072 3586 dies,
2121 3537 2274 3591 quam
2303 3522 2422 3593 fecit
2464 3520 2754 3587 Dominus;
2792 3522 3100 3578 exaltemus
3129 3533 3180 3579 et
3203 3525 3435 3580 lwtemur
3470 3527 3528 3583 in

1940 3633 2004 3670 ea
2034 3614 2057 3653 ¹ι
2084 3634 2098 3670 :
2129 3617 2254 3686 quia
2285 3614 2471 3672 bonum
2498 3624 2546 3671 et
2569 3616 2645 3689 (g)
2663 3618 2953 3689 jucundum
2985 3616 3220 3677 habitare
3261 3619 3452 3689 fratres
3471 3619 3529 3674 in

1941 3727 2102 3766 unum
2135 3708 2178 3765 ι.
2207 3709 2341 3766 Tum
2369 3724 2473 3779 ego
2497 3718 2550 3766 te
2573 3726 2681 3766 non
2706 3711 2757 3766 in
2774 3712 3100 3767 monasterio
3130 3719 3338 3768 tantum
3366 3712 3527 3769 vicini

1944 3802 2193 3876 Martyris
2221 3803 2556 3874 inquilinum,
2587 3803 2682 3859 sed
2706 3805 2869 3860 etiam
2899 3805 2953 3861 in
2978 3806 3139 3863 horto
3168 3805 3404 3875 ejusdem
3430 3822 3527 3862 co-

1945 3896 2135 3953 lonum
2173 3896 2384 3959 locabo,
2428 3895 2525 3953 sed
2552 3895 2752 3965 gratis;
2796 3896 2920 3966 quia
2945 3895 3058 3965 jam
3086 3912 3117 3951 a
3146 3895 3532 3968 patrefatuilins

1945 3988 2200 4059 accepisti
2226 3987 2504 4045 denarium
2534 3996 2684 4044 tuum
2712 3988 2753 4025 ιιι
2779 4006 2792 4040 :
2825 3987 3200 4060 przeterillos.
3223 4003 3360 4058 quos
3385 3989 3529 4047 idem

1946 4082 2205 4138 Dominus
2226 4080 2304 4154 (It)
2324 4079 2436 4151 jam
2453 4096 2553 4152 pro
2582 4080 2893 4137 vulneribus
2917 4080 3020 4135 tuis
3039 4080 3217 4150 largus
3237 4080 3533 4142 stabulario

1945 4174 2096 4231 dedit
2121 4183 2169 4241 ιι,
2197 4182 2256 4230 ιιι
2274 4181 2493 4231 curatus
2513 4173 2637 4229 oleo
2663 4172 3064 4241 misericordias,
3095 4182 3151 4229 et
3175 4174 3302 4231 vino
3322 4174 3528 4246 gratim,

1949 4266 2134 4324 utilius
2150 4265 2219 4323 ad
2238 4265 2563 4322 dominicam
2583 4265 2798 4321 vineam
2826 4264 3095 4334 integrata
3120 4281 3352 4341 corpore
3382 4266 3531 4324 loca-

1947 4376 2105 4416 reris.
2468 4396 2469 4399 η

2024 4451 2110 4507 l6.
2143 4449 2340 4508 Videre
2367 4463 2498 4519 ergo
2519 4448 2632 4520 jam
2658 4448 2789 4505 mibi
2818 4448 3007 4507 videor
3044 4448 3318 4508 hortulum
3350 4466 3532 4508 meum

1949 4545 2360 4603 adventantibus
2402 4551 2579 4599 tecum
2608 4542 2821 4600 Domini
2857 4543 3221 4610 mercenariis,
3250 4552 3307 4601 et
3332 4559 3536 4617 coope—

258 4642 408 4698 ribus
429 4643 628 4699 nostris
652 4645 925 4714 spinarum
945 4659 1074 4715 sepe
1092 4645 1311 4702 munitis
1333 4643 1378 4710 δ,
1403 4653 1462 4700 ιιι
1481 4659 1610 4700 aura
1633 4643 1840 4715 frigida,
1874 4641 1923 4703 D
1949 4640 2190 4698 rantibus
2208 4637 2512 4696 cultiorem.
2536 4636 2723 4708 Neque
2742 4637 2886 4693 enim
2913 4636 3128 4695 difficile
3148 4638 3443 4697 existimari
3466 4638 3531 4707 ⁸⁸,

261 4735 346 4791 vel
374 4734 739 4806 importunum
759 4737 913 4793 vacui
933 4738 1121 4794 colicis
1144 4753 1392 4793 murmur
1413 4737 1733 4795 excluditur.

330 4827 420 4884 ιι.
460 4828 571 4886 Sed
599 4830 809 4901 plenius
841 4831 1076 4887 indicare
1105 4841 1358 4905 poterunt
1379 4833 1625 4890 conservi
1647 4832 1838 4898 nostri,

337 5002 361 5027 ι·
401 4991 442 5047 ll
477 4992 602 5047 Cor.
631 5009 731 5058 xu,
768 4991 848 5046 ιο.
927 4993 954 5030 ιδ
993 4993 1107 5047 Gal.
1146 5010 1212 5060 ν,
1246 4993 1330 5047 l7.
1414 5006 1433 5027 ⁸·
1479 4993 1620 5049 Psal.
1648 5010 1752 5060 ενι,
1780 4991 1869 5046 42.

1947 4748 2110 4806 quam
2135 4731 2293 4789 facile
2315 4730 2409 4803 (V.
2434 4745 2522 4803 ep.
2552 4729 2642 4786 49.
2673 4747 2730 4787 ιι.
2761 4730 3094 4805 2)depleturi
3117 4732 3161 4770 “
3181 4732 3288 4788 sint
3316 4732 3537 4789 levioris

1946 4828 2169 4885 cultum
2199 4825 2459 4891 laborem,
2490 4839 2628 4896 quos
2657 4824 2711 4879 in
2737 4826 2950 4884 vineam
2976 4841 3129 4885 suam
3158 4825 3403 4883 Christus
3424 4825 3537 4883 ele-

1944 4989 1969 5028 τι
2015 4988 2203 5059 Philip.
2233 5003 2306 5059 tv,
2340 4988 2387 5041 7.
2470 4996 2499 5059 ξ
2534 4984 2675 5059 Psal.
2708 4970 3009 5059 XXXIY,19._
3061 4984 3099 5059 Α(
3143 4985 3283 5047 Psal.
3308 5003 3452 5053 cxtx,
3477 4988 3530 5059 7.

263 5071 291 5110 Ι
320 5062 341 5117 ι
368 5064 494 5119 Cor.
525 5082 595 5124 st.
625 5055 727 5116 ltif
785 5061 809 5100 δ
853 5063 975 5118 Eccl
1003 5106 1015 5118 .
1045 5055 1223 5126 sunt,
1248 5064 1336 5121 ‘28.
1429 5063 1439 5101 ί
1478 5065 1518 5121 ll
1550 5066 1676 5121 Cor.
1707 5055 1758 5132 v,
1790 5064 1845 5117 ϐ.
1926 5062 1939 5114 i
1978 5061 2107 5116 Luc.
2141 5055 2210 5125 t'v,
2238 5058 2328 5112 9-4.
2406 5059 2427 5095 ¹ί
2472 5056 2610 5113 Psal.
2642 5074 2802 5124 cxvii,
2826 5056 2916 5114 Ἠ.
2997 5055 3013 5096 ί
3061 5055 3201 5117 Psal.
3244 5076 3446 5125 cxxxtt,
3479 5058 3533 5121 ί.

265 5142 303 5171 ιν
342 5133 533 5189 Matth.
566 5151 656 5195 xx,
689 5135 743 5187 tl.
820 5143 845 5169 ιι
886 5134 1014 5189 Luc.
1060 5151 1111 5201 ιι,
1137 5134 1227 5189 53.

334 5269 415 5346 (e)
452 5267 530 5325 Ita
558 5284 690 5327 mss.
718 5266 921 5338 Belgio.
953 5279 1010 5325 et
1031 5268 1166 5341 Reg.
1193 5270 1329 5327 Vide
1359 5280 1472 5327 not.
1506 5270 1593 5325 l3.

334 5365 415 5439 (ὁ)
453 5364 546 5439 §ic
771 5363 905 5439 Reg.
937 5364 1172 5439 et_Vicn.
1200 5376 1256 5423 et
1282 5366 1411 5423 editi
1454 5365 1506 5439 4.
1534 5364 1623 5421 Sic
1655 5363 1850 5439 frendit

265 5432 409 5509 apud
453 5432 803 5493 Prudentium
844 5432 939 5494 lib.
983 5433 1442 5509 Peristephanwn,
1490 5432 1689 5509 hymno
1718 5434 1751 5489 5
1778 5436 1850 5492 de

265 5455 407 5511 ῬΜ
454 5455 803 5493 rruuentmtn
844 5455 939 5494 ιιι).
983 5455 1186 5493 renste
1227 5455 1442 5503 uanam,
1491 5455 1689 5509 nymno
1718 5455 1751 5489 θ
1778 5455 1849 5492 ue

264 5510 323 5568 8.
352 5507 637 5589 Vincentio
666 5516 1074 5589 martzreﬁefs.
1102 5455 1230 5589 θρὶξ
1251 5507 1449 5589 Eadem
1470 5522 1686 5582 quoque
1714 5522 1849 5563 voce

266 5567 391 5651 usus
416 5588 500 5640 est
521 5577 766 5634 Plautus.
798 5567 937 5633 Edit.
980 5577 1169 5646 Βοῦν..
1200 5581 1457 5652 (tendent.

306 5644 403 5748 ’(c)
444 5673 608 5731 Deest
637 5686 830 5735 meum,
862 5671 916 5725 in
943 5687 1044 5727 ms.
1072 5644 1231 5729 Victi.

329 5768 408 5840 (ὁ)
444 5766 769 5840 Cogitamus
811 5768 896 5816 est
920 5761 1145 5840 inditum
1189 5764 1259 5819 ab
1289 5766 1445 5840 urbe
1492 5766 1683 5840 Roma.
1713 5766 1851 5840 llinc

258 5831 593 5911 Zephyriuus
629 5831 849 5897 Urbicus
874 5849 1009 5901 papa
1031 5833 1229 5890 dicitur
1255 5834 1324 5890 ab
1352 5833 1549 5904 Optato
1576 5838 1666 5894 lib.
1698 5854 1746 5906 ις
1770 5837 1846 5894 uti

1952 5276 2008 5325 et
2045 5269 2099 5345 in
2132 5267 2362 5345 concilio
2410 5265 2612 5324 Arelat.
2653 5266 2720 5321 de
2746 5265 2986 5323 diacouis
3017 5264 3221 5328 Urbirls
3248 5269 3440 5345 agitur,
3484 5270 3539 5329 id

1953 5353 2031 5396 est
2064 5339 2339 5394 Romanis.

2026 5414 2098 5477 (e)
2136 5410 2212 5465 Ita
2245 5425 2346 5466 ms.
2380 5407 2532 5463 Vien.
2568 5407 2668 5463 Alii
2698 5409 2932 5475 codices,
2964 5420 3159 5465 noslro.

2030 5484 2097 5551 (Γ)
2139 5480 2237 5556 bis.
2281 5479 2478 5556 vatio,
2524 5480 2873 5556 peregrinari,
2922 5481 3129 5556 sublata
3175 5482 3435 5556 particula
3464 5496 3537 5549 et,

1953 5550 2073 5622 quae
2102 5554 2266 5607 etiam
2297 5550 2454 5607 abest'
2474 5566 2504 5603 a
2530 5550 2657 5608 'ms.’
2687 5550 2816 5619 Reg.
2850 5561 2906 5607 et
2926 5552 3048 5607 edd.
3081 5550 3211 5612 Bad.
3241 5561 3294 5608 et
3322 5552 3535 5622 δάιοι..

1952 5623 2095 5695 quod
2124 5622 2463 5695 commodum
2497 5636 2714 5676 sensum
2743 5622 2933 5695 reddit.
3092 5693 3103 5695 Α
3160 5694 3165 5695 ί
3499 5635 3507 5643 ‘

1969 5692 1984 5695 ⁷
2024 5693 2266 5822 ante.
2321 5692 2533 5748 codices
2573 5702 2647 5748 et
2674 5694 2998 5749 vetustiores
3042 5693 3171 5749 editi
3228 5703 3540 5751 constanter

1950 5765 2021 5822 ha
2133 5775 2153 5818 t
2184 5765 2478 5822 iocundum.

1991 5780 2153 5820 διιεηι
2185 5780 2457 5820 iocamur:
2466 5805 2478 5816 .

2020 5782 2545 5905 Ws’é’mﬁ'...
2577 5843 2634 5891 et
2658 5834 2813 5890 για..
2847 5835 2948 5892 Alii
2977 5837 3209 5901 codices,
3244 5846 3361 5889 tam.
