4022 6452
198 397 284 454 l8l
1596 406 1927 467 EPISTULA
1958 406 2091 467 Vill.

3400 397 3503 462 182

191 520 470 593 perniciem
499 536 667 581 suam
707 528 963 595 vincere,
997 544 1156 600 quam
1190 546 1288 601 pro
1314 537 1496 597 salute
1528 524 1791 598 superari.
1822 528 1869 583 Α
1972 522 2023 579 2.
2066 524 2163 580 Sat
2186 525 2293 579 hoc
2321 522 2539 578 monitis
2579 530 2635 577 et
2663 521 2919 577 hortatur.
2965 518 3177 576 Modico
3202 518 3346 580 enim
3374 530 3496 576 ser-

192 609 261 669 Ile
282 627 515 680 vacuum
544 613 815 675 fraterna:
840 619 1189 677 humanitatis
1215 619 1450 677 cilicium
1491 617 1791 684 videretur,

190 704 252 761 δε
286 704 361 777 (ο)
406 704 733 772 buccellato
768 711 1083 769 Christiana:
1120 711 1508 785 expeditionis,
1554 711 1609 768 in
1644 707 1798 781 cujus

191 797 456 870 [incincta
479 802 744 870 quotidie
764 804 833 860 ad
854 802 1171 876 frugalitatis
1184 821 1453 864 annonam
1481 805 1793 873 militamus,

191 907 347 965 panes
381 893 637 965 quinque
690 898 788 955 tibi
818 900 1020 970 pariter
1059 906 1114 955 et
1146 896 1279 955 lilio
1324 908 1511 957 nostro
1548 896 1790 955 Licentia

192 982 451 1051 misimus;
484 1001 614 1059 non
641 988 794 1045 enim
830 991 1172 1062 potuimus'a
1216 989 1592 1046 benedictione
1614 1002 1797 1046 secer-

191 1074 329 1140 nere,
356 1089 524 1146 quem
554 1080 816 1151 cupimus
841 1080 1033 1139 eadem
1061 1079 1217 1139 nobis
1251 1081 1420 1153 gratia
1463 1081 1677 1154 penitus
1699 1095 1796 1136 an-

191 1176 418 1226 nectere.
443 1168 667 1230 Paucis
694 1181 876 1232 tamen
902 1188 961 1233 et
985 1177 1051 1234 ad
1070 1176 1243 1249 ipsum
1270 1176 1584 1247 loquamur,
1613 1191 1681 1233 ne
1700 1191 1795 1235 ue-

190 1272 273 1334 get
319 1262 423 1320 sibi
471 1266 778 1339 scriptum,
819 1270 965 1343 quod
1020 1272 1088 1328 de
1133 1253 1194 1327 se
1242 1271 1337 1328 tibi
1384 1272 1643 1344 scriptum
1682 1288 1713 1327 e
1746 1279 1794 1335 ις

192 1353 441 1415 Ξκιὺιο
484 1360 641 1414 etaim
681 1360 902 1428 dicitur,
931 1363 1068 1435 quod
1099 1364 1247 1419 audit
1292 1362 1442 1418 Milia
1477 1352 1707 1433 (Terent.
1740 1366 1796 1419 in

192 1445 449 1519 Adelphis.
487 1448 556 1505 ν.
591 1459 719 1511 not.
752 1452 890 1524 25).⁴
915 1443 1022 1510 Sed
1070 1455 1199 1525 quid
1240 1455 1307 1511 de
1352 1455 1540 1511 alienis
1586 1455 1794 1525 loquar,

192 1552 304 1595 cum
334 1537 683 1615 deproprio
720 1552 920 1621 cuncta
969 1547 1278 1618 possimus?
1316 1554 1373 1602 et
1417 1547 1592 1603 aliena
1626 1547 1796 1618 loqui,

188 1644 292 1688 non
310 1632 487 1689 soleat
508 1650 643 1692 esse
670 1637 791 1693 sani
819 1638 1029 1710 capitis,
1061 1655 1172 1711 quo
1199 1640 1214 1670 ¹
1246 1638 1343 1695 Dei
1370 1641 1543 1709 gratia
1566 1655 1699 1696 sano
1742 1649 1799 1696 et

192 1724 334 1782 salvo
353 1729 782 1801 sumus,quibus
800 1738 965 1801 caput
984 1738 1068 1787 est
1091 1730 1370 1787 Christus?
1394 1729 1723 1787 Incolumem
1745 1740 1797 1787 te

192 1824 342 1874 :etate
388 1820 821 1892 quamplurima,
874 1831 928 1877 et
979 1822 1195 1877 beatum
1246 1837 1460 1893 semper
1507 1837 1628 1878 cum
1684 1830 1795 1878 tota

1898 630 2060 672 mone
2086 623 2143 672 ct
2172 616 2355 671 labore
2395 624 2448 671 te
2484 614 2736 679 arbitror,
2768 611 2840 669 mi
2872 611 3097 686 Licenti,
3122 610 3192 667 ad
3217 609 3493 669 Christum

1898 724 2059 781 posse
2087 709 2315 776 incitari,
2331 709 2445 781 jam
2468 725 2497 763 a
2525 708 2708 780 pueris
2730 707 2796 763 ad
2815 704 2993 763 studia
3017 706 3033 738 ¹
3068 704 3313 761 veritatis
3334 711 3390 760 et
3410 719 3493 761 sa-

1897 800 2142 874 pientiae,
2174 800 2321 874 quod
2355 810 2643 874 utrumque
2670 815 2796 856 vere
2824 807 2908 855 est
2939 797 3207 871 Christus,
3234 805 3292 855 et
3319 797 3496 855 omnis

1899 897 2027 954 boni
2056 913 2324 954 summum
2369 898 2448 970 (ά)
2478 897 2679 952 bonum
2706 893 3025 950 venerabilis
3070 892 3352 962 Augustini
3380 893 3494 963 spi-

1898 991 2003 1047 ritu
2028 999 2087 1048 et
2109 1005 2207 1048 ore
2233 990 2582 1045 ﬂammatum.
2615 988 2716 1058 Qui
2757 974 2808 1044 si
2833 1002 3022 1061 parum
3051 984 3197 1059 apud
3229 993 3284 1043 te
3311 1000 3410 1058 pro
3439 988 3494 1042 te

1897 1083 2084 1151 valuit,
2106 1083 2234 1154 quid
2252 1097 2355 1154 ego
2382 1089 2534 1138 tanto
2555 1080 2839 1138 intervallo
2857 1080 3144 1153 posterior,
3173 1087 3232 1135 et
3253 1079 3493 1135 omnium

1899 1174 2041 1231 illius
2060 1162 2222 1246 opum
2245 1173 2729 1247 pauper,.efliciam
2752 1174 2775 1229 ?
2795 1170 2903 1230 Sed
2919 1173 3047 1243 quia
3070 1180 3126 1229 et
3153 1172 3295 1228 illius
3322 1170 3492 1228 facul-

1899 1267 2024 1322 tatis
2051 1265 2314 1336 potentia,
2343 1274 2398 1321 et
2419 1264 2494 1320 tui
2525 1264 2723 1335 ingenii
2743 1264 3077 1320 humanitate
3101 1263 3357 1329 conlisus,
3381 1262 3496 1333 pleo

1899 1359 2051 1416 niora
2080 1367 2241 1429 atque
2262 1358 2463 1428 majora
2494 1358 2548 1414 in
2578 1366 2631 1413 te
2654 1372 2811 1428 spero
2845 1356 3151 1425 elaborata,
3189 1371 3351 1427 quam
3374 1357 3492 1413 ela-

1898 1451 2157 1515 boranda,
2190 1466 2351 1505 ausus
2376 1466 2494 1506 sum
2540 1449 2750 1505 hiscere
2777 1446 2977 1520 duplici
3012 1448 3213 1518 gratia,
3244 1455 3303 1503 ut
3332 1456 3387 1503 et
3417 1447 3495 1503 illi

1898 1543 2017 1601 viro
2047 1543 2119 1617 (ε)
2157 1543 2337 1599 debita
2378 1541 2603 1598 caritate
2635 1555 2980 1612 compararer
3027 1540 3079 1595 in
3131 1537 3495 1597 sollicitudine

1900 1639 2005 1710 tui;
2031 1645 2090 1694 et
2118 1638 2259 1693 inter
2278 1644 2375 1692 eos
2400 1633 2492 1706 qui
2520 1634 2748 1689 salutem
2779 1641 2925 1687 tuam
2954 1631 3212 1700 diligunt,
3244 1629 3329 1685 vel
3357 1643 3495 1685 con-

1900 1739 2095 1789 testato
2118 1743 2431 1785 numerarer
2452 1725 2667 1782 affectu.
2698 1724 2830 1780 Nam
2853 1720 2923 1797 (Ι)
2949 1721 3173 1779 euectus
3188 1723 3241 1778 in
3258 1722 3340 1785 ,tui
3369 1735 3494 1792 per-

1898 1824 2128 1881 fectione
2169 1822 2399 1895 palmam
2446 1819 2745 1891 Augustino
2788 1818 3126 1892 potissimum
3172 1815 3494 1877 destinatam

160 1908 163 1911 ’
193 1906 344 1965 domo
371 1917 487 1977 tua,
510 1903 585 1967 ut
619 1911 891 1983 cupimus,
914 1912 1208 1969 habeamus
1243 1913 1296 1969 in
1326 1911 1561 1977 Christo,
1582 1913 1802 1970 domine
1834 1915 1880 1977 Β
1905 1919 2043 1975 scio.

195 1997 348 2058 frater
375 2001 583 2060 merito
612 2001 1081 2063 honorandissime
1101 2012 1157 2062 ct
1183 2004 1690 2064 desiderantissime.

722 2217 1050 2279 EPISTULA
1087 2230 1098 2244 ‘
1136 2222 1264 2278 Vlll.

784 2352 852 2390 an
889 2329 1199 2392 noenum.

202 2440 474 2529 Liternum»
495 2444 823 2529 βοτηριωηί
845 2448 1158 2529 filium,_pro
1190 2458 1591 2529 quofcri‘pserat
1622 2451 1795 2520 Angu-

263 2520 425 2571 rtinus
452 2520 571 2588 ejus
592 2520 721 2573 olim
742 2521 1003 2591 ntagister,
1035 2521 1272 2574 hortatur
1290 2520 1540 2574 Paulinus
1569 2531 1617 2574 et
1637 2538 1794 2590 prosa

261 2595 308 2710 cf
332 2591 567 2643 carmine
585 2631 601 2655 ,
647 2599 704 2642 ut
732 2601 984 2646 contemta
1009 2593 1145 2646 aula:
1173 2595 1308 2663 {astu
1335 2608 1392 2646 se
1419 2592 1617 2646 dedicet
1643 2592 1795 2645 Cloi-

262 2674 287 2710 a
308 2675 359 2710 ο.

262 2674 359 2714 διο.

264 2822 317 2880 l.
349 2824 491 2881 Audi
515 2838 656 2896 ergo
684 2822 759 2880 ﬁli
785 2826 957 2897 legem
986 2827 1154 2898 patris
1194 2828 1268 2883 tui
1307 2837 1362 2897 ⁸,
1405 2829 1456 2884 id
1482 2838 1599 2898 est,
1631 2829 1791 2886 fidem

204 2914 506 2987 Augustini;
532 2927 597 2975 et
618 2919 726 2976 noli
756 2919 1017 2992 repellere
1036 2920 1255 2977 consilia
1280 2922 1467 2978 matris
1496 2932 1618 2988 mae,
1648 2923 1793 2995 quod

205 3021 343 3079 nque
369 3025 577 3067 nomen
605 3011 660 3066 in
681 3019 734 3067 'e
757 3012 1037 3083 Augustini
1063 3014 1236 3084 pietas
1260 3011 1381 3084 iure
1398 3014 1501 3070 sibi
1526 3015 1790 3081 vindicat;

206 3097 288 3168 qui
325 3101 683 3158 tetantillum
736 3103 857 3159 sinu
904 3104 1133 3175 gestavit
1184 3120 1311 3173 suo,
1363 3114 1421 3161 et
1473 3121 1502 3160 a
1559 3108 1794 3178 parvulis

208 3189 370 3261 primo
404 3192 557 3250 lacte
586 3193 862 3267 sapientia:
896 3196 1152 3253 secuturis
1176 3196 1288 3270 33
1325 3197 1614 3265 imbutum,
1653 3215 1791 3255 nunc

208 3280 360 3338 etiam
393 3285 734 3357 spiritalibus
772 3286 974 3344 lactare
998 3296 1054 3343 ct
1081 3288 1319 3347 enutrirc
1358 3287 1583 3345 Domino
1631 3290 1792 3362 gestit
1815 3285 1877 3349 C-

210 3371 466 3461 aberibus.
489 3371 762 3453 Quoniam
784 3386 835 3435 te
849 3379 1087 3438 adultum
1115 3388 1274 3439 actate
1296 3398 1576 3456 corporea,
1601 3385 1655 3441 in
1685 3386 1793 3457 spi-

210 3467 440 3529 ritalibus
467 3473 650 3530 adhuc
677 3475 955 3532 cunabulis
982 3477 1284 3546 vagientem
1312 3477 1475 3543 vider;
1507 3477 1679 3533 adhuc
1709 3479 1795 3533 in-

211 3556 393 3619 lantem
412 3566 589 3623 verbo
613 3566 731 3635 Dei,
759 3568 847 3623 vix
876 3568 1004 3624 dum
1030 3572 1081 3624 in
1103 3568 1317 3626 Christo
1342 3571 1528 3642 primis
1549 3572 1795 3641 passibus

211 3660 497 3732 etvestigio
528 3662 796 3719 titubante
835 3672 1146 3734 repentem;
1194 3665 1237 3720 si
1289 3672 1464 3719 tamen
1512 3664 1791 3730 Augustitu

212 3747 474 3822 doctrina,
509 3763 789 3827 tamquam
829 3771 1020 3813 manus
1061 3757 1249 3815 matris
1281 3765 1335 3814 et
1377 3757 1500 3814 ulna
1534 3759 1792 3831 nutricis,

213 3844 499 3908 instabilem
530 3862 685 3923 regat
708 3853 1008 3926 parvulum.
1041 3854 1211 3921 Quem
1237 3856 1279 3910 si
1308 3855 1493 3930 audias
1524 3864 1578 3910 et
1597 3870 1795 3924 sequa-

213 3936 299 4009 ris,
319 3951 377 3997 ut
401 3958 617 4013 rursum
646 3952 702 4000 te
727 3960 977 4001 sermone
1003 3945 1310 4002 Salomonis
1353 3948 1585 4004 alliciam
1616 3967 1628 4003 :
1663 3946 1794 4017 Fili,

212 4044 440 4089 coronam
470 4037 696 4108 accipies
722 4038 1011 4110 gratiarum
1041 4047 1127 4094 tuo
1148 4039 1322 4094 vertici
1337 4037 1383 4093 δ.
1414 4038 1481 4094 Et
1511 4049 1639 4097 tunc
1673 4056 1795 4097 vere

213 4122 312 4180 eris
331 4126 417 4184 ille
437 4145 551 4186 non
581 4131 955 4201 phantasmate
976 4131 1301 4197 'somniatus,
1332 4131 1428 4188 scd
1454 4134 1523 4189 ab
1557 4134 1670 4204 ipsa
1702 4150 1796 4190 ve-

216 4215 359 4275 ritate
400 4221 666 4279 formatus
688 4223 875 4280 consul
905 4232 960 4280 et
988 4224 1222 4296 pontifex
1245 4268 1262 4291 ,
1305 4243 1501 4283 vacuas
1540 4227 1796 4297 imagines

214 4306 318 4366 falsi
345 4316 547 4385 operis,
578 4310 834 4389 implente
866 4317 1100 4386 Christo,
1122 4312 1307 4377 s'olialis
1332 4335 1442 4376 sua:
1464 4322 1794 4393 operationis

220 4401 503 4465 eﬂectibns.
534 4408 676 4491 Vere
703 4411 848 4467 enim
867 4410 1131 4483 pontifex,
1150 4421 1206 4467 ct
1231 4428 1357 4469 vere
1380 4413 1594 4485 consul,
1614 4412 1688 4487 (ὑ)
1712 4412 1796 4470 Li-

216 4497 405 4557 centius
425 4501 550 4569 erit,
573 4502 619 4561 si
643 4501 920 4574 Augustini
943 4504 1202 4574 vestigiis,
1221 4506 1553 4576 propheticis
1582 4515 1639 4562 et
1657 4523 1794 4579 apo-

218 4588 402 4649 stolicis
434 4593 757 4667 disciplinis,
789 4604 847 4653 ut
875 4605 1089 4654 sacrato
1119 4597 1306 4655 beatus
1334 4598 1556 4655 Eliszcus
1584 4598 1711 4658 Elia:
1742 4612 1790 4665 ο.

1966 2009 2020 2067 3.
2062 2009 2285 2073 Vereor,
2316 2007 2409 2071 Illi,
2442 2022 2511 2063 ne
2539 2021 2697 2062 aures
2737 2013 2855 2061 tuas
2890 2003 3183 2077 asperitate
3220 2000 3491 2059 temerarii

1894 2103 2159 2161 sermonis
2187 2099 2525 2179 otl‘cnderim,
2553 2108 2608 2155 et
2644 2114 2745 2171 per
2789 2113 2949 2155 aures
2993 2097 3174 2154 animo
3203 2096 3367 2175 etiam
3396 2084 3492 2152 tuo

1897 2198 2040 2255 taedii
2059 2196 2167 2254 mei
2195 2194 2389 2251 vulnus
2419 2182 2709 2251 intulerim.
2731 2193 2837 2249 Sed
2867 2194 2918 2248 in
2942 2202 3176 2249 mentem
3206 2192 3353 2248 venit
3372 2190 3490 2270 epi-

1894 2292 2032 2348 stola
2088 2301 2178 2349 tua
2228 2291 2253 2367 ⁴(
2271 2289 2505 2346 Carmen
2563 2286 2788 2344 Licentii
2834 2294 3148 2343 contentum
3199 2284 3361 2356 epist.
3419 2281 3490 2338 26

1866 2383 1953 2442 ‘S.
1983 2384 2205 2454 August.
2231 2382 2327 2456 ιαι.
2346 2379 2467 2453 59,)
2486 2422 2501 2449 ,
2531 2394 2638 2451 qua
2664 2387 2718 2436 te
2748 2378 2965 2437 musicis
2982 2375 3293 2432 familiarem
3316 2375 3489 2431 modis

1895 2479 2157 2537 intellexi.
2190 2477 2237 2534 A
2263 2493 2373 2549 quo
2399 2475 2579 2531 studio
2606 2489 2709 2545 ego
2735 2474 2835 2530 levi
2857 2470 3129 2545 quondam
3158 2470 3234 2526 tui
3257 2486 3364 2526 non
3393 2468 3489 2524 ab-

1894 2575 2103 2633 horrui.
2147 2574 2335 2645 Itaque
2362 2572 2494 2629 mihi
2521 2569 2593 2627 ad
2638 2578 2782 2626 tuam
2810 2576 3081 2634 mentem,
3129 2566 3176 2623 si
3221 2566 3276 2621 in
3305 2564 3487 2633 aliquo

1894 2667 2325 2733 exulcerassem,
2365 2662 2724 2721 deliniendam
2772 2659 3070 2717 remedium
3114 2658 3320 2714 litteras
3371 2664 3487 2711 tuas

1895 2760 2212 2817 recordatus
2239 2759 2449 2830 reperi,
2472 2764 2530 2812 ut
2559 2764 2613 2813 te
2640 2754 2706 2810 ad
2742 2753 3025 2810 Dominum
3052 2751 3346 2807 harmonia:
3370 2765 3487 2805 om-

1896 2851 2139 2909 niformis
2175 2851 2434 2907 artiliccm
2483 2847 2845 2906 modulamine
2891 2843 3144 2902 caminis
3179 2858 3483 2901 evocarent.

1895 2945 2088 3015 Quaeso
2123 2954 2178 3001 te
2210 2953 2262 3000 ut
2306 2958 2435 2998 aure
2472 2942 2688 3007 audias;
2722 2953 2896 3009 neque
2925 2951 3139 2994 causam
3166 2933 3351 2991 salutis
3381 2941 3488 2989 tute

1897 3041 1949 3096 in
1981 3037 2156 3094 verbis
2183 3037 2317 3092 meis
2345 3049 2586 3107 spernas,
2631 3032 2724 3089 sed
2756 3032 2897 3104 piam
2943 3044 3131 3086 curam
3168 3034 3225 3083 et
3250 3035 3486 3082 mentem

1897 3142 2174 3206 paternam
2215 3132 2379 3186 etiam
2423 3133 2475 3186 in
2512 3127 2867 3201 despiciendis
2897 3124 3232 3182 sermonibus
3261 3121 3487 3177 libenter

1897 3225 2161 3298 accipias;
2192 3225 2383 3295 quibus
2407 3224 2620 3280 insitum
2650 3220 2848 3279 Christi
2884 3235 3065 3277 nomen
3101 3217 3238 3291 quod
3282 3222 3359 3270 est
3392 3230 3487 3269 suo

1898 3341 1988 3394 psr
2010 3326 2030 3355 ⁸
2057 3338 2209 3378 omne
2236 3338 2419 3376 nomen
2448 3316 2511 3383 ἀν
2529 3318 2667 3373 hanc
2695 3316 2879 3372 deberi
2901 3314 3307 3370 venerationem
3336 3308 3485 3374 facit,

1900 3422 1959 3472 ut
1987 3429 2093 3471 non
2125 3413 2294 3485 possit
2323 3427 2353 3467 τι
2382 3410 2640 3467 credente
2669 3406 2972 3465 contemni.

1895 3577 2144 3653 39‘50
2171 3576 2346 3645 Quare
2375 3590 2473 3647 age
2492 3616 2507 3643 ,
2539 3589 2728 3645 rumpo
2756 3587 2935 3629 moras
2954 3615 2971 3641 ,
2999 3580 3054 3627 et
3080 3569 3251 3625 vincla
3275 3564 3487 3623 tenaria

2542 3652 2543 3655 ¹
3218 3660 3367 3738 [secli
3398 3677 3418 3714 ἒ

1965 3767 2076 3826 Nec
2102 3776 2317 3825 metuas
2342 3765 2539 3840 placidi
2562 3766 2691 3821 mite
2708 3765 2894 3835 jugum
2916 3762 3152 3819 Domini.

1896 3861 2087 3921 Pulcra
2107 3862 2345 3936 quidem,
2369 3849 2464 3917 sed
2491 3860 2628 3917 mira
2655 3859 2805 3930 vagis
2832 3854 3117 3930 prdasentia
3143 3860 3327 3915 rct'um

1964 3955 2254 4024 Mentibus,
2282 3964 2340 4011 at
2360 3956 2575 4027 sapiens
2604 3968 2711 4009 non
2741 3958 2923 4023 stupet
2950 3948 3050 4007 ista
3077 3946 3311 4004 animus.

1894 4051 2050 4108 Nunc
2075 4057 2131 4107 te
2151 4048 2408 4106 sollicitat
2426 4045 2591 4103 variis
2609 4043 2918 4102 malesuada
2943 4041 3147 4112 ﬁguris,

1964 4141 2083 4201 Ileu
2103 4142 2118 4197 ε
2139 4141 2349 4199 validos
2373 4141 2535 4196 etiam
2566 4146 2778 4196 vertere
2800 4137 2969 4193 Roma
2993 4144 3203 4207 potens.

1892 4234 2002 4296 Sed
2028 4235 2147 4307 tibi,
2167 4240 2313 4300 nate,
2345 4248 2560 4305 precor,
2585 4235 2799 4303 semper
2818 4237 2972 4301 pater
2995 4224 3321 4297 Augustinus

1963 4326 2243 4393 Occurset,
2271 4336 2492 4382 cunctas
2512 4322 2673 4384 Urbis
2691 4322 2759 4378 ad
2787 4321 3087 4379 illecebras.

1893 4422 2049 4483 Illum
2077 4429 2229 4478 tanta
2250 4421 2393 4477 inter
2419 4419 2622 4489 fragilis
2642 4415 2949 4473 discrimina
2979 4414 3103 4469 vitae

1967 4513 2265 4587 Aspiciens,
2295 4520 2351 4568 et
2370 4510 2573 4567 habens
2600 4517 2842 4581 pectore,
2873 4515 3017 4562 tutus
3029 4507 3164 4561 eris.

1894 4606 2013 4666 Hoc
2032 4616 2212 4663 tamen
2227 4614 2285 4663 et
2304 4612 2573 4676 repetens,
2594 4605 2896 4670 iterumque
2918 4600 3222 4655 iterumque
3245 4597 3476 4653 monebo

219 4686 273 4733 ιιι
289 4681 474 4743 illustri
502 4688 750 4757 apostolo
779 4687 1096 4745 Timotheus
1136 4689 1452 4747 adolescens
1488 4693 1790 4758 adluereat,
1824 4694 1876 4755 D
1970 4699 2042 4757 Ut
2070 4698 2241 4769 fugias
2260 4698 2406 4754 dum
2435 4695 2637 4751 lubrica
2660 4694 2882 4750 militite.

222 4769 470 4836 iudivulso
498 4795 595 4851 per
621 4780 813 4837 itinera
836 4780 1013 4837 divina
1047 4782 1335 4848 comitatu;
1367 4793 1425 4838 ut
1453 4794 1505 4839 et
1539 4787 1792 4842 sacerdo-

223 4861 338 4922 tium
362 4872 527 4928 corde
545 4872 785 4943 perfecto
809 4872 981 4930 discat
1008 4875 1222 4941 mereri,
1256 4883 1309 4930 et
1330 4878 1540 4948 populis
1564 4880 1627 4933 ad
1657 4882 1794 4936 sala-

226 4964 318 5016 tem
341 4965 405 5035 (r)
438 4968 693 5037 magistro
714 4983 810 5023 ore
831 4969 1135 5028 consulere.

1897 4794 2154 4850 Blandum
2178 4807 2371 4849 nomen
2401 4792 2593 4856 honos,
2620 4789 2759 4845 mala
2782 4789 3033 4858 servitus,
3063 4788 3237 4845 exitus
3255 4805 3416 4861 :cger,

1970 4886 2137 4956 Quem
2167 4901 2311 4942 nunc
2333 4885 2473 4940 velle
2491 4884 2665 4953 juvat,
2695 4898 2820 4940 mox
2849 4883 3084 4939 voluisse
3107 4885 3275 4955 piget.

1895 4980 2169 5039 Scandere
2190 4979 2332 5036 celsa
2351 4977 2536 5047 juvat;
2569 4984 2777 5033 tremor
2805 4985 2885 5032 est
2914 4976 3245 5033 descendere
3273 4976 3449 5033 celsis.

294 5131 313 5153 "
336 5121 490 5179 Prov.
524 5142 560 5190 ι,
591 5123 644 5179 8.
721 5124 746 5163 δ
770 5124 937 5181 Prov.
971 5145 1006 5190 ι,
1032 5128 1084 5192 9,
1114 5143 1222 5184 sec.
1248 5128 1406 5223 LXX.
1488 5143 1506 5170 ί
1545 5133 1612 5187 ιν
1638 5119 1772 5205 Reg.

1898 5153 1930 5191 ι.
2006 5132 2032 5173 δ
2057 5134 2194 5189 Phil.
2229 5151 2282 5197 Il,
2314 5132 2367 5187 9.

286 5262 303 5281 '
330 5262 474 5317 Alias
512 5259 610 5329 Mi,
647 5279 775 5333 pars
798 5262 864 5330 2;
909 5278 1030 5332 quae
1060 5260 1249 5318 autem
1287 5274 1407 5319 erat
1455 5266 1514 5331 8,
1546 5281 1687 5323 nunc
1714 5267 1802 5321 ὅθ.
1841 5266 2051 5338 Scripta
2075 5277 2127 5320 et
2157 5270 2314 5319 missa
2344 5281 2465 5320 cum
2495 5264 2771 5335 superiere
2801 5278 2942 5320 anno
2970 5262 3095 5318 396.

274 5395 354 5479 in)
391 5399 517 5479 b195,
541 5399 792 5479 codice°_,
824 5400 1113 5479 bitccillato.
1142 5400 1478 5479 Buccillum»:
1506 5405 1794 5479 comitatur

228 5469 453 5542 militaris
481 5470 731 5542 panisad
759 5472 1011 5530 buccellae
1037 5471 1148 5529 fere
1166 5475 1383 5528 modum
1411 5474 1707 5541 confectus,
1734 5488 1794 5531 ut

228 5538 282 5616 ad
306 5547 427 5616 usus
450 5538 871 5616 diuturnitatem
897 5542 1102 5616 facilius
1141 5556 1557 5616 excoquat-ctum
1590 5548 1657 5602 dc
1683 5538 1791 5616 quo

229 5606 518 5670 Ammianus
560 5613 653 5668 lib.
688 5630 815 5679 sv";
858 5614 971 5670 RR.
1003 5614 1105 5670 PP.
1135 5606 1467 5674 Benedictiui
1498 5617 1561 5673 ad
1593 5618 1649 5674 S.
1682 5606 1789 5673 An-

231 5691 345 5757 ilnst.
377 5684 654 5757 epistolas,
680 5699 798 5756 pag.
832 5685 921 5741 59.

286 5754 352 5825 (ι)
380 5754 493 5814 5ίά
520 5771 652 5812 mss.
682 5754 911 5813 radices
936 5758 1107 5815 V’atic.
1152 5758 1183 5812 4
1219 5768 1275 5814 et
1328 5758 1593 5825 Bigntiani
1639 5761 1786 5817 duo:

227 5827 792 5904 tlttod_videtur.acrius
820 5844 992 5904 quam
1020 5830 1162 5904 quod
1204 5830 1363 5904 estin
1388 5830 1567 5904 editis,
1593 5830 1795 5891 Licenti

227 5895 329 5956 erit.
352 5897 634 5968 [idemque
663 5916 741 5952 in:
757 5918 784 5952 ί.
819 5894 970 5968 infra,
994 5894 1344 5957 ari/amcam"
1367 5894 1554 5959 discat.

1970 5403 2041 5489 (ε)
2071 5403 2149 5489 Ita
2176 5418 2272 5461 sex
2302 5403 2460 5461 iidem
2482 5419 2610 5461 mss.
2638 5416 2761 5460 eum
2782 5401 2914 5460 edit.
2945 5405 3143 5462 Bened.
3175 5406 3277 5461 Alii
3305 5404 3468 5466 codd.

1900 5486 2159 5531 maturi.

1970 5494 2228 5620 ξῗίῗῦξηο
2249 5561 2431 5620 vocem
2470 5545 2766 5620 addidimus
2791 5560 2859 5602 ex
2896 5546 3034 5605 mss.
3050 5546 3322 5605 Vaticanis
3360 5564 3468 5619 qua

1901 5616 2040 5684 tuor,
2075 5617 2096 5671 l
2134 5617 2250 5687 Big.
2274 5627 2330 5673 et
2355 5617 2489 5677 edit.
2512 5616 2713 5673 Bened.

1971 5689 2043 5763 (e)
2071 5688 2161 5747 Sic
2187 5706 2315 5763 mss.
2347 5705 2463 5763 sex,
2486 5706 2554 5746 ex
2574 5688 2768 5760 quibus
2794 5688 3045 5763 ὀρθ-Εἰς.
3076 5698 3132 5763 et
3155 5689 3241 5745 ed.
3266 5688 3397 5745 Ben.
3424 5689 3468 5747 A

1900 5760 2029 5817 mss.
2052 5768 2199 5825 octo,
2232 5761 2296 5815 dc
2323 5762 2445 5827 vita,
2473 5771 2522 5816 et
2544 5763 2785 5825 caritate,
2820 5760 2979 5827 Edd.,
3007 5762 3265 5815 deuincta.

1908 5831 2155 5975 [ειςιρδίια
2180 5830 2309 5889 edit.
2338 5831 2537 5891 Bcned.
2571 5834 2735 5890 Grav.
2759 5840 2817 5889 et
2842 5830 3007 5891 κων..
3041 5830 3107 5886 At
3132 5845 3259 5887 mss.
3294 5828 3381 5895 l2,
3405 5830 3468 5899 af

1930 5910 2093 5960 crtus.
