4022 6480
494 391 596 450 £83
1604 393 1661 453 S.
1701 395 1970 453 PAULlNl
2012 395 2256 450 NOLANI
2303 397 2601 461 EPISCOPI
3662 390 3809 449 184

560 502 616 562 Si
641 505 857 576 titubes,
885 525 1090 566 summa
1116 525 1266 582 pejus
1293 527 1361 567 an
1389 526 1510 568 arce
1541 512 1617 586 (α)
1648 513 1824 570 cades.
2095 520 2146 580 Α
2172 514 2376 580 Quanta
2405 514 2601 569 etenim
2628 512 2765 570 calo
2793 527 2854 569 ac
2881 519 3041 570 terris
3065 512 3336 582 distantia,
3360 520 3510 568 tanta
3535 521 3627 568 est

486 598 640 657 Nunc
663 597 756 657 tibi
778 602 907 659 falsa
934 604 1148 679 placent
1192 604 1352 674 bona,
1384 623 1525 663 nunc
1563 607 1703 678 rapit
1747 615 1772 644 ⁸·
1818 604 2065 662 omnibus
2239 605 2466 661 Caesaris
2487 615 2540 660 et
2560 600 2754 660 Christi
2776 605 2937 660 rebus
2961 610 3014 660 et
3040 606 3296 675 imperiis.

1819 697 1996 773 [auris
2168 692 2380 752 Tollere
2396 698 2583 760 humo,
2608 695 2701 751 sed
2729 710 2872 752 nunc
2896 697 3020 751 dum
3041 691 3260 768 Spiritus
3287 697 3387 752 hos
3413 697 3553 764 regit
3584 705 3806 758 artos,

557 781 816 852 Ambitus,
850 795 905 851 et
932 789 1103 843 vitreo
1133 786 1235 844 fert
1261 804 1390 845 cava
1422 787 1559 844 fama
1588 789 1753 844 sinu?
2238 786 2414 841 Mente
2444 787 2621 857 polum
2652 795 2892 857 penetro,
2922 785 2997 842 nil
3022 802 3171 843 mora
3195 786 3375 843 carnis
3401 787 3585 842 obest.

490 875 527 926 Α
552 883 584 930 μι
613 875 700 930 ubi
727 883 781 931 te
801 893 994 947 magno
1018 878 1093 952 (ὁ)
1118 878 1317 935 damno
1337 871 1660 936 succinxerit
1685 887 1833 935 emto
2166 878 2454 949 Corporeis
2473 879 2583 948 jam
2609 895 2749 934 nunc
2775 894 2989 934 morere
3010 879 3252 946 actibus;
3273 888 3330 936 et
3355 878 3499 935 bona
3524 877 3660 932 vita

559 966 792 1037 Balteus,
815 978 869 1024 et
896 970 1093 1026 sterilis
1114 970 1331 1039 fregerit
1358 970 1482 1027 inde
1511 971 1684 1037 labor,
2238 970 2486 1027 Caelestis
2515 970 2718 1040 liquido
2745 969 3118 1041 prremeditare
3137 971 3338 1027 animo.

486 1057 668 1126 Serus,
697 1068 752 1114 et
781 1061 1046 1117 incassum
1069 1077 1193 1133 spes
1213 1063 1489 1120 accusabis
1517 1059 1704 1120 inanes
1735 1081 1746 1093 ·
2168 1048 2398 1132 Spiritus
2425 1077 2502 1126 es,
2526 1076 2845 1132 quamquam
2875 1063 3110 1118 tenearis
3129 1077 3377 1134 corpore.
3409 1061 3453 1117 Si
3482 1075 3642 1116 nunc

559 1147 624 1205 Et
645 1152 807 1208 modo
835 1169 954 1223 quae
983 1157 1171 1222 nectis,
1198 1173 1446 1228 rumpere
1468 1157 1650 1214 vincla
1682 1157 1850 1213 voles.
2239 1151 2414 1208 Mente
2437 1155 2522 1225 pia
2546 1154 2717 1210 victor
2738 1153 2915 1209 carnis
2943 1169 3080 1226 opus
3104 1155 3357 1229 perimas.

487 1231 636 1299 Tunc
664 1247 1024 1303 reminisceris
1043 1248 1238 1304 frustra
1260 1250 1427 1320 patris
1455 1249 1752 1318 Augustini,
2170 1244 2293 1301 Haec
2315 1245 2431 1315 tibi,
2457 1261 2580 1302 care
2610 1262 2760 1317 puer,
2791 1247 2868 1320 (ιι)
2892 1247 2996 1302 tldo
3019 1249 3329 1318 compulsus
3351 1263 3538 1304 amore

557 1337 918 1395 Contemsisse
946 1339 1137 1397 dolens
1164 1340 1430 1398 veridicos
1457 1344 1712 1399 monitus.
2239 1338 2468 1409 Scripsi;
2498 1340 2542 1394 si
2566 1340 2776 1410 recipis,
2800 1340 3092 1412 suscipiere
3117 1341 3251 1398 Deo.

488 1425 662 1492 Quare
684 1428 727 1482 si
756 1430 985 1499 sapiens,
1009 1438 1064 1486 et
1092 1427 1137 1486 si
1157 1432 1275 1501 pius
1298 1448 1374 1497 es,
1408 1450 1561 1505 puer,
1591 1436 1747 1502 audi;
2170 1428 2341 1485 Crede
2363 1428 2711 1498 Augustinum
2734 1431 2828 1502 tibi
2849 1446 2991 1487 nunc
3018 1431 3070 1486 in
3092 1447 3177 1486 me
3202 1432 3532 1502 geminatum
3553 1450 3571 1487 :

558 1515 624 1574 Et
645 1535 778 1590 cape
805 1521 968 1575 verba
994 1530 1226 1591 patrum,
1251 1524 1640 1595 consiliumque
1661 1519 1866 1582 senum.
2241 1524 2403 1578 Sume
2431 1522 2568 1577 duos
2591 1539 2690 1576 una
2713 1539 2833 1578 cum
2863 1523 3063 1593 pietate
3091 1530 3295 1593 patres.

493 1631 511 1662 ι
549 1611 684 1680 Quid
714 1614 940 1667 retrahis
963 1613 1072 1669 fera
1115 1614 1251 1670 colla
1294 1614 1462 1684 jugo?
1491 1616 1604 1672 Mea
1637 1617 1707 1690 (ε)
1735 1617 1944 1675 sarcina
1990 1619 2068 1675 le-
2170 1613 2522 1684 Spernimur?
2543 1614 2882 1669 Abstraheris
2907 1614 3110 1684 majore
3130 1613 3322 1670 .dolore
3348 1613 3580 1673 duobus.

1845 1709 1863 1782 {
1892 1710 1997 1775 nis,
2242 1707 2542 1762 Audimur?
2574 1718 2596 1743 υ
2621 1705 2817 1774 Pignus
2845 1705 2999 1761 dulce
3027 1703 3237 1762 duobus
3265 1706 3392 1762 eris.

560 1794 736 1853 Suave
757 1797 941 1870 jugum
973 1796 1020 1854 ’³.
1053 1819 1070 1854 ι
1098 1801 1293 1857 Christi
1316 1810 1399 1858 est
1419 1819 1520 1858 vox
1551 1803 1636 1873 pia
1670 1820 1683 1856 :
1715 1800 1877 1858 crede
1899 1799 2032 1866 Deo,
2171 1797 2227 1878 In
2253 1806 2306 1852 te
2338 1797 2454 1852 laeta
2483 1805 2696 1866 patrum
2725 1795 2940 1854 sudavit
2965 1811 3093 1852 cura
3120 1796 3370 1863 duorum,

489 1881 558 1940 Et
583 1896 745 1958 caput
769 1887 907 1944 adde
925 1881 1083 1960 jugis,
1115 1892 1182 1947 da
1216 1893 1463 1948 mollibus
1487 1908 1580 1949 ora
1610 1891 1875 1964 capistris.
2105 1894 2148 1954 Β
2245 1887 2309 1944 Et
2331 1889 2425 1944 tibi
2455 1901 2678 1957 magnus
2704 1888 2896 1962 honos,
2928 1887 3224 1944 lxtiﬁcasse
3250 1887 3406 1943 duos.

562 1979 937 2051 Demissosque
963 1984 1065 2039 levi
1095 1987 1262 2041 subde
1282 1987 1537 2043 humeros
1555 2003 1726 2044 oneri.
2169 1980 2276 2038 Sed
2299 1998 2384 2038 me
2407 1980 2702 2050 Augustino
2728 1996 2850 2037 cum
2879 1981 3094 2052 copulo,
3127 1996 3236 2035 non
3264 1981 3586 2036 meritorum

490 2067 641 2126 Nunc
667 2079 820 2142 potes
843 2074 964 2139 hoc,
995 2075 1118 2132 dum
1149 2076 1283 2133 liber
1300 2079 1432 2147 agis,
1464 2079 1589 2133 dum
1621 2077 1763 2133 nulla
1794 2085 2070 2137 retentant
2236 2073 2390 2130 Jacto
2419 2088 2626 2144 parem,
2651 2073 2768 2130 solo
2797 2088 3052 2144 comparo
3079 2087 3266 2128 amore
3295 2073 3391 2128 tui.

561 2160 804 2230 Vincula,
835 2165 976 2220 nulla
1001 2167 1104 2222 tori
1128 2183 1274 2235 cura,
1308 2184 1407 2226 nec
1433 2171 1573 2226 altus
1601 2171 1794 2226 honor.
2169 2168 2300 2225 Nam
2321 2168 2448 2238 quid
2473 2182 2574 2237 ego
2601 2165 2868 2222 elfundam
2898 2169 2918 2197 θ
2948 2181 3136 2221 rorans
3164 2167 3259 2222 tibi
3286 2181 3524 2238 paupere
3563 2166 3696 2222 rivo
3715 2165 3751 2222 7

491 2249 614 2306 Haec
633 2252 781 2308 bona
805 2255 1042 2323 libertas,
1073 2256 1286 2316 Christo
1313 2263 1533 2331 servire,
1557 2269 1612 2317 et
1630 2261 1682 2316 in
1712 2261 1832 2334 ipso
2241 2259 2324 2315 Me
2353 2267 2548 2330 praeter
2569 2256 2784 2328 gemino
2811 2255 3028 2312 ﬂumine
3057 2257 3320 2328 prolueris
3345 2275 3360 2312 :

560 2342 816 2403 Omnibus
834 2363 952 2403 esse
971 2364 1150 2419 supra.
1176 2350 1289 2406 Non
1315 2351 1546 2408 dominis
1579 2345 1878 2420 hominum,
2170 2353 2355 2407 Frater
2378 2349 2594 2423 Alypius
2617 2357 2716 2412 est,
2751 2349 3179 2420 Angustinusque
3208 2350 3480 2418 magister,

490 2431 606 2492 Non
634 2438 777 2493 vitiis
803 2441 988 2503 servit,
1013 2457 1120 2497 non
1150 2444 1360 2514 regibus
1392 2444 1478 2499 ille
1505 2445 1768 2516 superbis,
2241 2442 2524 2512 Sanguinis
2554 2441 2638 2498 hic
2666 2456 2906 2508 consors,
2938 2439 3028 2496 hic
3053 2451 3202 2522 sator
3223 2440 3441 2509 ingenii.

562 2527 792 2586 Tantum
820 2534 909 2602 qui
941 2532 1155 2590 Christo
1183 2551 1244 2592 se
1270 2535 1476 2592 dederit
1501 2537 1750 2593 Domino.
2173 2534 2347 2590 Tanto
2367 2532 2530 2590 fratre
2555 2532 2724 2600 vales,
2751 2540 2808 2587 et
2834 2540 3184 2603 praeceptore,
3216 2529 3450 2599 Licenti,

490 2619 598 2678 Nec
618 2622 712 2679 tibi
742 2610 990 2681 nobilitas
1019 2626 1264 2684 videatur
1284 2627 1474 2698 libera,
1506 2645 1664 2701 quam
1696 2647 1840 2688 nunc
2242 2623 2309 2679 Εῑ
2331 2624 2542 2680 dubitas
2568 2625 2756 2695 pennis
2783 2623 2978 2679 talibus
3004 2630 3147 2678 θείη
3178 2623 3368 2692 sequi?

559 2712 851 2770 Sublimem
875 2719 1103 2773 attonita
1133 2721 1399 2792 conspicis
1424 2720 1566 2777 Urbe
1586 2722 1730 2779 vehi.

2171 2716 2436 2787 Quidquid
2458 2731 2613 2788 agas;
2646 2731 2767 2772 nam
2801 2725 2852 2771 te
2879 2730 2980 2771 nec
3001 2722 3180 2786 speret
3206 2715 3434 2771 mundus
3463 2717 3742 2787 amicum,

492 2803 663 2871 Quam
692 2807 866 2862 cernis
892 2816 1036 2863 tanta
1061 2811 1158 2865 sibi
1188 2811 1433 2868 libertate
1457 2813 1645 2882 videri,
2242 2811 2358 2866 Non
2387 2808 2600 2866 daberis
2622 2818 2779 2865 terra:
2802 2808 2979 2864 debita
3005 2807 3221 2864 Christo
3248 2809 3449 2863 anima.

553 2894 634 2953 'Ut
654 2899 970 2969 dedignetnr
990 2903 1205 2959 ﬂectere
1227 2906 1363 2960 colla
1379 2905 1508 2962 Deo.
2173 2902 2254 2958 Tu
2284 2900 2549 2957 thalamos
2576 2902 2700 2956 licet
2721 2907 2776 2956 et
2800 2899 2971 2956 celsos
3000 2899 3272 2956 mediteris
3294 2900 3536 2957 honores

495 2982 675 3040 Multis
695 2985 784 3041 ille
812 2987 975 3042 miser
1003 2991 1338 3061 mortalibus,
1359 3001 1416 3048 et
1443 3009 1659 3064 quoque
1688 2995 1860 3051 servis
2244 2995 2413 3060 Nunc,
2438 2994 2564 3050 olim
2594 2993 2818 3050 Domino
2847 2993 3128 3048 restituere
3157 2999 3273 3048 tuo.

565 3078 774 3147 Servit;
799 3089 860 3148 et
880 3081 1120 3147 ancillas,
1151 3093 1210 3139 ut
1231 3083 1573 3141 dominentur
1603 3087 1645 3156 ³,
1673 3089 1822 3141 emit.
2173 3087 2349 3144 Credo
2371 3103 2532 3142 unum
2561 3086 2778 3142 vincent
2799 3084 2930 3154 justi
2955 3084 3061 3141 duo
3083 3094 3440 3156 peccatorem,

495 3169 701 3226 Norant
729 3173 1006 3230 eunuchos
1033 3182 1088 3230 et
1114 3190 1305 3247 magna
1331 3177 1532 3248 palatia
1553 3178 1716 3248 passi,
1954 3174 1957 3175 ⁷
2246 3181 2310 3236 Et
2335 3191 2421 3238 tua
2455 3181 2701 3238 fraterna:
2729 3190 2852 3236 vota
2884 3197 3070 3253 preces
3093 3181 3329 3251 abigent.

567 3261 634 3316 Et
658 3263 898 3334 quisquis
922 3264 1169 3337 Romam,
1192 3277 1384 3338 sponte
1408 3269 1591 3336 miser,
1621 3270 1856 3341 patitur;
2100 3276 2146 3338 C
2177 3273 2318 3344 Ergo
2342 3273 2474 3341 redi,
2505 3289 2609 3344 qua
2645 3285 2775 3329 voce
2803 3288 3022 3343 parens,
3039 3286 3144 3341 qua
3164 3272 3424 3342 sanguine
3443 3267 3640 3342 frater,

498 3355 712 3422 Quanto
731 3358 941 3414 sudoris
969 3360 1162 3430 pretio,
1190 3362 1493 3433 damnaque
1513 3362 1722 3419 decoris
1750 3364 1771 3396 ⁸
2249 3365 2419 3422 Ambo
2440 3365 2746 3422 sacerdotes
2773 3373 2826 3419 te
2852 3378 3092 3419 remeare
3116 3362 3326 3432 jubent.

562 3447 790 3504 Constet
813 3449 882 3505 ibi
914 3451 1225 3524 chlamydis,
1254 3453 1341 3508 hic
1370 3454 1544 3510 honor
1569 3453 1750 3510 ollicii.
2153 3443 2255 3514 ἈΔ
2277 3465 2364 3513 tua
2390 3467 2442 3513 te
2471 3453 2764 3522 retrahunt,
2797 3471 2920 3510 nam
2944 3469 3086 3510 nunc
3108 3454 3285 3510 aliena
3311 3452 3385 3526 (ε)
3409 3454 3650 3525 petescis
3678 3471 3701 3521 ;

492 3538 604 3597 Nec
625 3548 801 3596 tamen
824 3543 938 3613 ipse
967 3550 1178 3614 potens,
1208 3544 1298 3614 qui
1325 3546 1519 3601 celsior
1537 3547 1786 3602 omnibus
1813 3562 1932 3602 esse
2244 3549 2369 3608 llaec
2396 3565 2568 3621 mage,
2598 3565 2717 3621 quae
2745 3549 2980 3604 retinent
3000 3563 3164 3619 regna
3191 3547 3289 3615 tui,
3320 3555 3413 3602 tua
3439 3557 3589 3603 sunt.

566 3634 785 3702 Εωθτίι,
819 3645 876 3691 ut
902 3637 1028 3692 ηυηὶ
1053 3639 1268 3702 semini»
1300 3640 1618 3708 assumitur.
2174 3645 2299 3700 Han
2325 3653 2526 3714 repete,
2559 3642 2642 3698 bis
2671 3641 2844 3706 inhia;
2874 3641 3114 3697 externis
3151 3652 3217 3694 ne
3256 3647 3478 3696 contere
3514 3647 3748 3714 tempus

491 3728 624 3786 Cum
651 3727 791 3785 bene
819 3745 878 3786 se
908 3738 1017 3786 tota
1046 3729 1319 3787 dominum
1337 3733 1625 3800 iactaverit
1650 3733 1812 3802 Urbe,
2244 3735 2302 3791 Si
2329 3743 2420 3790 tua
2449 3735 2702 3801 nolueris,
2733 3733 3016 3803 quisquam
3038 3731 3211 3786 aliena
3234 3729 3424 3785 dabit?

567 3822 744 3878 Servit
769 3820 1064 3890 daemoniis,
1097 3824 1140 3878 si
1170 3826 1453 3882 simulacra
1484 3828 1504 3858 ⁵
1529 3828 1678 3884 colit.
2173 3824 2287 3881 Non
2311 3825 2419 3882 eris
2445 3823 2559 3896 ipse
2588 3831 2741 3889 tuus;
2773 3821 3073 3891 missusque
3101 3834 3198 3892 per
3223 3828 3408 3876 extera
3436 3819 3602 3890 longe

491 3916 632 3973 Proh
654 3917 843 3974 dolor!
876 3920 974 3974 hos
997 3929 1216 3990 prepter
1243 3923 1527 3980 remoraris
1555 3924 1608 3979 in
1634 3923 1796 3996 Urbe,
1827 3925 2030 3984 Licenti

1845 3926 2076 3984 gicenm
2243 3917 2516 3982 Sensibus,
2547 3916 2651 3970 heu
2675 3915 2688 3968 !
2722 3913 2922 3984 proprii
2943 3912 3177 3983 pectoris
3199 3911 3352 3981 exsul
3378 3926 3529 3980 ages.

561 4008 627 4063 Et
651 4023 868 4079 regnum
892 4010 1088 4068 Clu-isti
1115 4013 1342 4084 spernis,
1377 4021 1435 4070 υι
1463 4015 1546 4070 his
1565 4017 1823 4087 placeas?
2025 4043 2030 4046 ι
2171 4007 2467 4064 Sollicitum
2487 4007 2616 4060 satis
2635 4005 2752 4060 hzcc
2777 4011 2904 4060 nato
2930 4003 3188 4058 cecinisse
3212 4009 3512 4073 parentem,

491 4101 599 4161 Hos
623 4104 827 4159 vocitas
854 4103 1119 4173 dominos,
1152 4119 1311 4162 curva
1334 4114 1387 4162 et
1407 4108 1614 4166 cervice
1639 4109 1860 4182 salutas,

1845 4154 1860 4182 ,
2247 4102 2377 4155 Dum
2407 4099 2520 4163 tibi,
2551 4113 2668 4169 qua:
2698 4097 2961 4163 mihimet,
2984 4096 3068 4151 vel
3094 4095 3236 4158 volo,
3269 4094 3356 4149 vel
3383 4100 3594 4150 metuo.

561 4197 708 4265 Quos
736 4197 863 4267 ligni
891 4213 1076 4254 servos
1105 4200 1371 4271 conspicis
1400 4210 1453 4258 et
1483 4201 1717 4273 lapidis?
1901 4184 1903 4186 U
2101 4219 2108 4224 ‘
2173 4193 2294 4250 H336
2325 4194 2446 4257 tibi;
2478 4192 2523 4247 Si
2552 4190 2763 4262 νεείβίεν
2799 4189 2932 4245 ref“
2957 4189 3083 4244 οιίῐη
3114 4187 3302 4258 Pagina
3335 4186 3496 4240 νίυω
3519 4202 3544 4261 ,ε

491 4289 718 4344 Nomine
744 4289 924 4345 divino
947 4299 1226 4358 argentum
1255 4301 1577 4348 venerantur
1598 4302 1653 4349 et
1671 4310 1860 4351 aurum
2243 4284 2299 4342 Si
2329 4286 2528 4351 renuis,
2557 4283 2742 4339 eadem
2772 4283 2886 4338 hate
2910 4282 3103 4352 pagina
3137 4278 3286 4332 Iestis
3313 4276 3436 4332 erit.

559 4380 786 4451 Relligio
806 4390 906 4448 est,
936 4383 1077 4452 quod
1101 4393 1248 4440 amat
1275 4385 1494 4441 morbus
1519 4387 1776 4444 avaritia.
2174 4376 2496 4433 Incolumem
2526 4375 2655 4430 mihi
2685 4373 2844 4444 te,ﬂli
2873 4371 3167 4436 carissime,
3192 4369 3440 4424 Christus

489 4474 730 4552 51-42
759 4475 1028 4550 lmprecor
1056 4479 1155 4534 hos
1178 4484 1238 4534 ut
1275 4486 1436 4543 amet,
1466 4479 1555 4552 qui
1583 4495 1692 4536 non
1718 4486 1866 4538 amat
1893 4479 2032 4551 Augu

1845 4486 1866 4535 ι
1893 4479 2074 4551 Aug“-
2245 4469 2475 4533 Annuat,
2499 4476 2552 4522 et
2575 4481 2784 4522 servum
2813 4463 2905 4520 det
2931 4462 3031 4518 sibi
3059 4467 3341 4552 perpetuo.

1584 4559 1588 4562 '
1834 4575 2068 4643 summ;
2171 4559 2303 4615 Vive
2328 4575 2542 4630 precor,
2572 4559 2664 4613 sed
2696 4558 2812 4612 vive
2841 4556 2950 4611 Deo
2977 4573 2990 4610 :
3025 4569 3148 4608 nam
3175 4551 3358 4606 vivere
3384 4553 3588 4608 mundo

560 4661 676 4717 Non
701 4661 843 4717 colat
870 4670 925 4718 et
947 4661 1238 4727 Christum,
1267 4664 1352 4720 cui
1371 4665 1547 4738 placet
1569 4667 1666 4724 hos
1687 4668 1884 4728 colere.

1845 4682 1884 4728 θ,
2095 4666 2145 4727 ι)
2240 4652 2424 4710 Mortis
2452 4667 2606 4726 opus,
2633 4667 2759 4710 vera
2790 4659 2870 4706 est
2897 4650 3077 4706 vivere
3106 4646 3213 4703 vita
3240 4645 3375 4704 Deo.

488 4756 613 4812 inde
643 4759 718 4812 ait
748 4756 860 4828 ipse
891 4757 1053 4828 Deus,
1075 4759 1304 4828 dominis
1334 4778 1439 4817 non
1469 4779 1625 4834 posse
1648 4763 1858 4824 duobus

557 4848 757 4904 Serviri
791 4859 834 4914 ο,
858 4851 1118 4924 quoniam
1147 4867 1297 4907 mens
1321 4854 1496 4925 placet
1525 4873 1627 4912 una
1650 4859 1779 4914 Deo.

492 4941 605 4999 Una
633 4941 781 5002 tides,
808 4940 950 4997 Deus
979 4960 1133 5010 unus,
1165 4954 1220 4998 et
1247 4947 1435 5002 unicus
1465 4965 1493 5002 e
1527 4948 1683 5007 Patre
1711 4950 1955 5008 Christus
1985 4951 2032 5020 δ,

558 5033 710 5089 Haud
739 5034 935 5107 duplex
963 5036 1051 5090 uni
1081 5037 1306 5093 servitus
1335 5049 1416 5094 est
1443 5039 1683 5097 domino.

559 5207 581 5234 ⁸
613 5194 693 5250 Ex
722 5194 962 5264 Virgilio.
1042 5193 1067 5234 ιθ
1098 5195 1286 5251 Matth.
1319 5213 1390 5263 χι,
1413 5197 1502 5252 30.
1583 5211 1604 5240 τ
1636 5199 1820 5256 Matth.
1856 5221 1933 5270 vr,
1958 5204 2024 5258 ‘24

1856 5221 1902 5259 vr
1921 5246 1933 5270 ,
1958 5204 2046 5261 ‘24.
2123 5203 2148 5245 σ¹
2177 5207 2370 5280 Ephes.
2403 5225 2476 5277 tv,
2634 5222 2654 5249 ε
2679 5207 2732 5265 ld
2756 5219 2836 5266 est
2862 5211 3025 5284 ﬁlius.
3055 5211 3123 5271 γ.
3148 5230 3320 5272 carm.
3344 5214 3428 5283 l8,
3457 5233 3602 5273 vers.
3636 5216 3771 5274 226.

559 5351 632 5438 in)
661 5353 793 5438 Mss.
817 5353 851 5406 2
878 5353 1013 5438 Big,
1043 5356 1210 5438 fndis.
1452 5431 1462 5438 _
1583 5431 1614 5438 __
1693 5431 1728 5438 _
1854 5433 1868 5438 _
1934 5435 1943 5438 _
2016 5437 2024 5438 ί
2172 5364 2290 5438 gina
2312 5368 2468 5438 ιωίες
2497 5367 2624 5423 etin
2646 5367 2886 5438 epist.9.6
2900 5368 2991 5438 (al.
3015 5368 3106 5434 59)
3128 5370 3403 5438 Augusﬁni
3423 5371 3490 5426 ad
3509 5374 3772 5432 eumdem

556 5423 629 5494 (ὁ)
652 5424 738 5506 'lta
758 5428 821 5514 in
861 5427 1160 5510 potioribus
1206 5444 1334 5512 mss.
1366 5439 1420 5484 et
1447 5431 1504 5486 in
1533 5431 1661 5487 edit.
1693 5431 1890 5488 Bencd.
1917 5435 1984 5490 At
2013 5437 2066 5491 in
2175 5423 2490 5514 Licentium,
2519 5439 2659 5494 unde
2681 5423 2794 5514 haec
2814 5423 3072 5514 des‘umsit
3091 5423 3772 5514 P'édiiﬁilgg'iigiia'aiﬁ

485 5497 716 5582 excusis,
745 5497 1022 5582 damnosus
1043 5499 1266 5582 cinxerit
1290 5511 1432 5582 ωειλ.
1684 5577 1697 5582 _
1815 5575 1826 5582 _
1890 5579 1900 5582 _
1982 5577 2031 5582 ,Α
2171 5525 2285 5582 gas
2311 5509 2423 5582 lene
2447 5497 2552 5582 eis,
2575 5520 2622 5563 et
2646 5510 2850 5564 sarcina
2871 5511 2981 5582 ejus
3009 5511 3132 5566 leris
3149 5522 3244 5575 est,
3270 5521 3328 5568 et
3354 5513 3405 5567 in
3429 5497 3673 5582 carmine
3695 5517 3773 5571 de

558 5562 629 5636 (ε)
671 5549 794 5649 M'ss:
816 5549 1526 5654 Iduoﬁliig.‘ct'ed—itTC'rav:2
1559 5577 1769 5654 sarcina
1806 5575 1947 5654 feris.
1979 5577 2066 5654 Sic
2812 5549 3013 5654 putidus
3041 5549 3339 5654 (eisefvers:
3583 5549 3714 5636 “In,

488 5631 715 5721 legerem
744 5638 788 5691 si
816 5637 903 5692 lex
933 5631 1088 5721 metri
1111 5650 1418 5696 servaretur
1446 5631 1878 5721 :Vtilgata_enint
1908 5631 2069 5721 habet
2247 5631 3554 5720 (rd-)—Sicmsskuimiecim'et'edit:benedice—teri
3574 5634 3770 5721 codd...
3802 5707 3805 5710 .

488 5702 674 5790 Matth.
701 5724 785 5790 χιι
803 5723 940 5790 vers.
971 5711 1066 5790 ult.
1084 5751 1098 5775 ,
1131 5720 1181 5764 cr
1201 5728 1328 5790 onus
1356 5730 1523 5790 meum
1540 5702 1685 5790 leue.
1701 5714 1975 5790 Praeterea
1997 5702 2074 5773 le;-
2171 5702 2321 5790 ﬁdei:
2349 5702 3464 5790 viué’EAidftaIééuTs.“i

483 5775 624 5869 gitur
648 5779 786 5847 apud
809 5778 1340 5869 Λιιςυδιίιιιιηψρίδῑ.
1362 5783 1424 5836 3t
1451 5786 1518 5868 ad
1540 5785 1923 5869 Pan-linuntial.
1949 5789 2068 5863 34):
2171 5775 2185 5790 ’
2247 5792 2317 5869 (ρ)
2337 5775 2590 5869 λιιθ-ξηὲεε
2613 5775 3169 5869 ινιΙΟΞῙήυθίέιιιὴῖεῖᾕῆξ
3425 5775 3532 5849 ins.
3572 5814 3588 5851 ι
3617 5796 3766 5869 Ιζίεη

486 5846 807 5923 Quamquam
839 5851 1021 5921 jugum
1052 5846 1240 5908 Christi
1267 5872 1360 5926 per
1387 5857 1608 5928 seipsum
1639 5856 1749 5912 (ene
1771 5846 1858 5923 sit,
1889 5869 1936 5914 et
1965 5846 2074 5915 ra’r-
2171 5846 2393 5928 peririis.
2419 5846 2527 5918 Ms.
2544 5846 2680 5918 alt'cr
2698 5846 2842 5934 Big.,
2866 5846 3187 5922 antisti;
3211 5846 3408 5932 ἰξόέῆ
