4022 6430
503 303 609 393 ais
1623 302 1680 364 s
1722 304 2000 393 PAULlNl
2035 308 2292 370 NOLANI
2327 313 2631 375 EPlSCOPl
3685 327 3802 387 ais

500 417 800 516 diffundit;
830 436 1007 516 quave
1035 428 1298 493 prmtento
1325 422 1506 479 nitens
1534 424 1676 482 atrio
1705 424 1804 497 (V.
1828 435 1945 484 not.
1975 427 2090 503 40).
2119 435 2174 497 Δ
2193 435 2493 495 dictionum
2512 438 2850 498 addebantur
2865 444 3104 516 pramiis
3121 447 3339 505 vestris.
3368 446 3534 507 Vobis
3555 451 3706 508 enim
3725 450 3801 511 ad

498 512 620 572 lusa
649 514 915 614 vestibulo
943 524 1065 585 est;
1096 517 1551 614 ubicautharum
1569 519 1816 606 ministra
1840 524 2091 582 manibus
2187 531 2452 605 justitiam
2482 532 2843 605 deputabatur
2866 512 3235 596 conclamatio
3264 539 3356 598 illa
3382 549 3439 598 et
3464 542 3800 614 compreca-

495 614 554 662 et
594 606 781 663 oribus
827 606 925 680 (V.
967 618 1083 665 not.
1126 605 1220 678 41)
1267 610 1471 666 nostris
1515 603 1735 669 nmta'
1764 619 2089 686 metantem,

494 697 778 771 fastigatus
813 701 988 762 solido
1016 711 1127 760 tere
1160 704 1343 762 tholus
1368 714 1532 764 ornat
1559 713 1616 763 et
1643 707 1953 777 inumbrat.
1978 725 2092 768 non

496 791 618 848 sine
656 794 882 866 mystica
922 795 1106 868 specie
1137 809 1378 866 quatuor
1418 798 1685 856 columnis
1711 799 1809 873 (γ.
1850 809 1967 859 not.
1995 800 2088 875 42)

498 879 758 940 salientes
783 899 953 956 aquas
981 885 1248 946 ambiens.
1287 887 1457 946 Decet
1485 891 1631 947 enim
1672 892 1969 962 ingressum
1996 910 2090 953 ec-

491 973 674 1032 clesiae
701 977 826 1033 talis
853 986 1112 1048 ornatus,
1143 988 1201 1036 ut
1225 981 1373 1051 quod
1411 981 1555 1038 intus
1579 984 1841 1055 mysterio
1860 985 2085 1042 salutari

494 1070 729 1138 geritur,
766 1073 1049 1142 spectabili
1075 1089 1181 1145 pro
1210 1072 1416 1131 foribus
1444 1090 1612 1147 opere
1634 1078 1901 1147 signetur.
1950 1077 2085 1136 Nam

493 1170 553 1219 et
578 1164 751 1220 nostri
777 1165 1025 1238 corporis
1070 1154 1332 1239 templum
1373 1167 1693 1239 quadriiugo
1717 1170 2089 1229 stabilimenta

495 1274 605 1315 una
644 1257 922 1330 Evangelii
953 1260 1086 1318 tides
1124 1262 1395 1330 sustinet;
1440 1270 1497 1323 et
1536 1280 1661 1320 cum
1698 1254 1767 1323 ex
1796 1281 1866 1322 eo
1890 1266 2086 1338 gratia,

491 1368 599 1424 qua
619 1356 970 1426 renascimur,
996 1356 1160 1427 ﬂuat;
1186 1369 1244 1416 et
1261 1360 1315 1416 in
1336 1375 1405 1417 eo
1414 1359 1685 1431 Christus,
1706 1377 1816 1434 quo
1833 1363 2083 1433 vivimus,

491 1447 808 1517 reveletur;
861 1448 1107 1521 profecto
1130 1452 1288 1511 nobis
1315 1453 1368 1508 in
1398 1462 1631 1524 quatuor
1656 1453 1784 1510 vita:
1806 1456 2086 1514 columnas

492 1537 572 1610 (a)
603 1538 693 1594 ille
720 1555 871 1612 aqua
895 1542 1131 1598 salientia
1156 1542 1216 1604 in
1243 1543 1402 1604 vitam
1430 1554 1677 1600 aeternam
1707 1547 1827 1617 {orta
1854 1555 1882 1585 ι
1911 1547 2088 1604 nasci-

491 1638 621 1698 tur;
670 1648 879 1705 nosque
917 1635 986 1691 ab
1024 1635 1237 1692 interno
1261 1637 1420 1706 rigat,
1452 1644 1509 1693 et
1536 1636 1709 1695 fervet
1737 1637 1791 1695 in
1810 1637 1970 1697 nobis
1993 1656 2013 1695 :
2038 1638 2086 1698 si

490 1732 675 1781 tamen
695 1726 775 1799 (ὁ)
805 1727 1074 1799 possimus
1095 1728 1295 1795 dicere,
1324 1730 1413 1785 vel
1432 1731 1636 1788 sentire
1656 1746 1964 1789 mereamur
1986 1733 2086 1790 ha-

2192 624 2273 681 tio
2302 638 2602 710 pauperum
2626 666 2645 692 ,
2672 640 2781 698 qua
2819 643 2921 702 per
2948 637 3129 687 vestra
3159 647 3385 689 munera
3427 633 3802 693 benediceba-

2191 720 2442 780 turDeo.
2462 719 2628 778 Facili
2654 723 2802 780 enim
2827 723 2917 780 via
2944 724 3011 781 ad
3038 740 3227 783 aurem
3253 725 3353 785 Dei
3378 742 3542 792 voces
3562 728 3799 802 inopum

2191 813 2529 887 diriguntur,
2572 815 2699 888 quia
2732 819 2902 876 oratio
2928 819 3001 895 (ε)
3024 812 3303 893 pauperis,
3337 821 3484 879 sicut
3521 825 3798 898 scriptum

2189 908 2301 978 est,
2324 912 2485 968 nam
2511 921 2748 984 penetrat
2776 910 2827 970 ιι.

2264 999 2350 1059 l5.
2382 1001 2611 1061 Poteras
2629 1000 2802 1062 ιιοιιιι
2820 1005 2888 1081 m
2907 1006 3198 1066 intentatas
3224 1010 3322 1068 tibi
3347 1011 3467 1068 illas
3494 1011 3550 1068 in
3574 1011 3801 1086 Apoca-

2188 1097 2326 1171 lypsi
2355 1097 2529 1156 minas
2556 1114 2666 1156 non
2692 1100 2884 1157 timere
2900 1144 2918 1170 ,
2942 1101 2991 1159 si
3019 1103 3148 1160 talia
3172 1120 3391 1177 semper
3416 1105 3645 1163 ederent
3669 1123 3802 1163 mu-

2189 1206 2322 1247 nera
2349 1199 2630 1249 senatores
2656 1191 2756 1249 tui.
2805 1191 2946 1250 Vere
2986 1202 3117 1254 tunc
3154 1196 3256 1253 tibi
3281 1196 3484 1258 nobilis
3517 1208 3667 1256 esset
3696 1199 3795 1255 illa

2190 1282 2445 1340 nobilitas
2481 1298 2644 1355 quam
2692 1285 2890 1341 sacrati
2926 1294 3138 1359 patres,
3185 1278 3499 1367 Abraham,
3539 1287 3695 1348 Isaac
3737 1298 3800 1346 et

2187 1371 2377 1443 Jacob,
2398 1374 2643 1447 paternis
2655 1376 2862 1434 sinibus
2875 1378 3187 1452 exciperent
3195 1380 3240 1414 ⁸⁷
3256 1398 3274 1450 ;
3295 1396 3460 1453 quam
3481 1383 3795 1455 prophetas,

2189 1469 2454 1542 apostoli,
2501 1471 2778 1537 martircs,
2810 1470 2875 1528 id
2903 1479 2992 1531 est
3012 1472 3135 1530 caeli
3161 1482 3385 1531 senatus
3411 1485 3792 1545 agnosceret;

2186 1576 2350 1633 quam
2380 1571 2505 1635 post
2530 1570 2715 1635 togam
2744 1563 2891 1621 nulla
2925 1566 3188 1623 Mmundi
3216 1568 3492 1639 sanguinis
3519 1570 3677 1626 sanie
3701 1570 3796 1626 fu-

2188 1650 2685 1727 nestatam,regali
2712 1657 2992 1736 promissa:
3015 1658 3152 1718 lucis
3177 1661 3319 1718 stola
3343 1659 3595 1720 Christus
3623 1662 3797 1720 indu-

2189 1757 2306 1804 eret
2333 1747 2378 1818 ί,
2404 1755 2461 1805 et
2485 1748 2539 1804 in
2566 1747 2706 1806 libro
2733 1749 2879 1821 albo,
2908 1750 3013 1807 hoc
3035 1759 3118 1809 est
3146 1752 3285 1809 libro
3309 1752 3431 1809 viae
3456 1753 3474 1806 i
3501 1755 3795 1827 perennis,

486 1815 747 1917 hereses
771 1834 872 1876 cor
898 1820 1096 1917 ardens
1113 1821 1171 1917 i9
1192 1821 1280 1877 vi:
1298 1819 1358 1890 ι’,
1387 1822 1533 1894 quod
1562 1818 1780 1882 Christo
1800 1824 2079 1884 nobiscum
2113 1839 2164 1900 Β
2184 1842 2295 1916 75
2350 1815 2706 1903 adscriberet.
2754 1815 2903 1903 Vere
2942 1845 3047 1903 illa:
3090 1846 3289 1904 divitia:
3337 1815 3534 1906 divites
3581 1815 3793 1917 forent,

488 1909 601 1985 7E.
626 1911 700 1987 (c)
730 1913 1096 1973 inambulante
1113 1907 1450 1973 ﬂammatur.

562 2029 650 2086 Η.
684 2030 858 2101 Quam
888 2032 1069 2089 laetum
1099 2047 1231 2106 ergo
1254 2042 1387 2092 tunc
1414 2034 1557 2102 Deo,
1602 2042 1660 2092 et
1704 2036 1909 2106 angelis
1932 2036 2085 2108 pacis

485 2131 543 2182 et
582 2125 795 2183 cunctis
838 2123 1164 2185 Sanctorum
1213 2127 1492 2200 spiritibus
1527 2129 1896 2201 spectaculum
1945 2145 2086 2201 pra:-

482 2215 648 2273 buisti
666 2216 717 2272 c!
749 2217 926 2291 primo
938 2218 1006 2275 de
1017 2218 1645 2292 Apostoliveneratione,
1658 2219 1814 2292 cujus
1835 2218 1997 2278 ﬁdem
2017 2238 2083 2279 ac

482 2314 805 2372 memoriam
818 2320 931 2370 tam
959 2313 1316 2386 multiplicata
1345 2312 1639 2386 opulentiis
1663 2313 1957 2370 devotione
1985 2329 2078 2371 ce-

482 2406 736 2473 lebrasti;
766 2424 948 2466 sacras
966 2408 1203 2481 primum
1230 2408 1469 2479 hostias,
1497 2417 1553 2465 et
1574 2409 1619 2441 "
1645 2417 1793 2465 casta
1825 2407 2078 2465 libamina

480 2515 604 2556 cum
633 2500 1015 2572 acceptissima
1040 2500 1209 2573 ipsius
1235 2501 1755 2558 commemoratione
1781 2498 1897 2557 Deo
1930 2496 2081 2557 defe-

479 2608 612 2652 rens
632 2634 651 2663 ,
702 2592 898 2651 deinde
934 2594 1303 2652 muniﬁcentia
1345 2595 1700 2667 consequenti
1747 2595 1978 2667 teipsum
2022 2592 2076 2651 in

480 2685 647 2744 corde
680 2687 883 2745 mundo
910 2695 969 2745 et
993 2687 1187 2760 spiritu
1209 2686 1493 2744 humiliato
1521 2688 1957 2759 acceptissimum
1984 2702 2075 2743 sa-

480 2780 741 2838 oriﬁcium
770 2780 1007 2839 oil‘erens
1045 2781 1263 2838 Christo
1300 2778 1369 2849 τις
1422 2782 1477 2837 in
1519 2780 1674 2853 cujus
1715 2781 2077 2839 tabernaculis

478 2889 622 2930 “erae
651 2874 731 2949 (ά)
756 2874 1092 2946 jubilationis
1116 2874 1326 2932 hostias
1344 2874 1636 2931 immolasti
1654 2883 1679 2913 ⁸
1698 2913 1717 2943 ,
1744 2872 1992 2930 reﬁciens
2020 2883 2078 2928 et

477 2980 706 3039 pascens
727 2982 842 3035 eos,
857 2967 948 3039 qui
963 2962 1338 3026 benedictione
1351 2982 1641 3024 numerosa
1659 2966 1832 3023 laudis
1842 2964 2073 3021 hostiam

475 3059 844 3115 sacriﬁcarent
868 3059 979 3116 Deo
1001 3060 1048 3117 π.
1076 3057 1254 3127 Quam
1278 3060 1426 3117 bono
1454 3067 1584 3116 tunc
1607 3057 1749 3115 Urbs
1777 3065 1961 3123 nostra
1983 3064 2071 3112 tu-

474 3150 648 3206 multu
684 3150 977 3218 fremebat,
1029 3168 1153 3209 cum
1180 3160 1239 3209 tu
1264 3150 1651 3210 misericordia:
1689 3153 1895 3210 viscera
1942 3150 2069 3207 reti-

2185 1934 2383 2005 quihus
2409 1950 2521 1991 non
2544 1933 2799 1994 draconis
2823 1939 3031 2009 antiqui
3059 1947 3285 1997 cruenta
3309 1942 3534 2007 mitia,
3563 1943 3663 2000 sed
3690 1942 3795 2000 Dei

2182 2026 2487 2086 Salvatoris
2513 2027 2777 2088 immensa
2801 2030 3016 2089 bonitas
3040 2041 3360 2105 pasceretnr
3375 2077 3393 2105 ,
3436 2036 3484 2091 si
3511 2034 3667 2107 quod
3691 2036 3795 2093 be—

2183 2122 2303 2181 stiis
2331 2134 2424 2179 aut
2443 2121 2850 2193 gladiatoribus,
2873 2133 2928 2181 et
2951 2127 3334 2199 comparandis
3359 2128 3503 2187 male
3529 2127 3799 2202 proﬂiga-

2184 2227 2273 2273 tur
2292 2226 2349 2276 et
2368 2217 2594 2287 alendis,
2625 2219 2679 2276 id
2703 2220 2938 2295 propria:
2965 2221 3261 2280 donaretur
3278 2224 3461 2295 saluti,
3491 2224 3793 2300 caritasque

2183 2310 2340 2368 nobis
2361 2318 2507 2369 esset
2532 2311 2717 2371 vivere
2740 2326 2903 2386 quam
2933 2315 3133 2390 perire.
3163 2315 3271 2373 Sed
3297 2325 3358 2375 et
3378 2317 3607 2375 avaritia
3630 2326 3691 2375 et
3714 2318 3805 2375 lia

2180 2400 2467 2461 beralitate
2492 2418 2751 2477 perversa
2785 2404 2902 2464 Deo
2928 2423 3030 2480 pro
3070 2406 3229 2467 nobis
3256 2419 3482 2482 egentes
3502 2451 3523 2478 ,
3578 2410 3788 2469 zabqu

2179 2504 2370 2553 contra
2397 2513 2499 2556 nos
2528 2496 2740 2571 prodigi
2765 2514 2972 2557 sumus.
3018 2499 3286 2558 Damnum
3315 2503 3371 2558 in
3407 2501 3595 2572 lucro,
3636 2513 3698 2560 et
3728 2503 3785 2559 in

2179 2588 2378 2647 damno
2433 2590 2643 2648 lucrum
2692 2590 2938 2650 ducimus
2957 2611 2976 2650 :
3044 2595 3320 2667 vitamque
3373 2605 3620 2654 nostram
3677 2614 3784 2657 nec

2178 2691 2403 2751 egenter
2426 2682 2689 2740 redimere
2710 2700 2981 2752 curamus,
3013 2689 3109 2758 qui
3135 2703 3237 2760 pro
3254 2688 3367 2745 vita
3377 2696 3615 2746 mortem
3632 2690 3778 2747 emi-

2176 2788 2297 2828 mus
2317 2781 2612 2832 sumtuose.
2664 2771 2832 2832 Beata
2857 2784 3005 2834 esset
3023 2786 3208 2834 nostra
3234 2776 3514 2850 conditio,
3544 2781 3593 2838 si
3614 2794 3783 2853 aeque

2177 2864 2315 2936 Deo,
2343 2875 2403 2922 ut
2431 2865 2756 2934 hominibus,
2783 2869 2869 2925 vel
2897 2868 3185 2941 displicere
3212 2870 3545 2942 timeremus,
3581 2871 3669 2929 vel
3687 2888 3773 2934 cur

2175 2973 2418 3016 raremus
2442 2959 2661 3033 placere
2690 2977 2705 3015 :
2736 2960 2783 3017 si
2811 2969 3022 3018 tantum
3048 2973 3318 3037 pracepta
3340 2962 3565 3034 Christi,
3590 2980 3782 3038 quan-

2176 3061 2290 3110 tum
2314 3053 2503 3126 populi
2528 3055 2685 3111 sibila
2726 3070 3082 3126 vereremur;
3136 3064 3233 3126 et,
3277 3057 3326 3114 si
3354 3056 3435 3132 (ς)
3463 3065 3623 3116 tanto
3650 3058 3780 3117 laus

2173 3159 2293 3217 qua:
2319 3160 2389 3203 ex
2415 3144 2528 3203 Deo
2552 3153 2658 3218 est,
2682 3154 2947 3222 quantum
2973 3148 3077 3207 iste
3096 3147 3166 3208 de
3190 3148 3353 3222 vulgo
3371 3149 3595 3224 plausus
3618 3166 3780 3211 eme—

473 3242 687 3302 ciendis
724 3255 782 3301 et
811 3244 1126 3318 operiendis
1160 3244 1493 3319 pauperibus
1520 3244 1802 3302 eil'undens
1824 3285 1843 3313 ,
1869 3244 2071 3317 pallida
2095 3239 2142 3305 ε
2174 3252 2347 3298 retur.

474 3337 829 3394 esurientium
865 3354 1097 3411 corpora
1135 3338 1497 3407 reformares,
1552 3337 1731 3396 aridas
1771 3336 2064 3395 sitientium

474 3428 656 3487 fauces
677 3430 915 3500 rigares,
944 3430 1177 3488 tremula
1213 3431 1511 3503 algentitun
1536 3428 1779 3490 membra
1816 3432 2063 3497 vestires,

474 3531 533 3578 et
564 3522 805 3578 omnium
832 3538 1072 3580 consona
1102 3523 1158 3581 in
1188 3522 1285 3582 Dei
1313 3522 1751 3582 benedictionem
1780 3538 1877 3581 ora
1913 3537 2065 3581 resc-

474 3618 657 3673 rarcs!
690 3615 798 3674 Sed
818 3632 984 3688 egena
1008 3634 1241 3692 corpora
1260 3618 1477 3688 fovens,
1501 3618 1854 3678 redeuntibus
1865 3619 1928 3675 in
1952 3635 2072 3676 me-

474 3709 666 3766 liorem
691 3712 769 3768 tui
796 3720 1007 3784 partem
1035 3712 1291 3785 operibus
1324 3714 1434 3771 tuis
1457 3757 1475 3784 ,
1497 3713 1857 3771 retributitme
1883 3712 2067 3771 divina

472 3808 625 3870 tuum
651 3805 833 3874 pctius
860 3807 1106 3878 spiritum
1138 3805 1438 3880 saginasti;
1466 3814 1526 3864 et
1547 3804 1848 3864 benedictio
1872 3805 2065 3876 conju-

473 3894 557 3965 gis
584 3896 820 3953 animam
847 3898 1084 3955 refecisti
1111 3915 1129 3965 ;
1169 3900 1223 3956 in
1253 3898 1400 3955 illam
1427 3897 1837 3956 transfundentc
1865 3894 2065 3953 Christi

470 3999 658 4058 manu,
691 4006 811 4061 qua:
840 4000 932 4047 tua
962 3991 1287 4063 pauperibus
1316 3993 1699 4065 erogabantur,
1728 4007 1850 4049 cum
1876 3991 1930 4047 in
1956 3992 2066 4047 ictu

473 4082 615 4138 oculi
644 4092 943 4154 pennatam
971 4086 1024 4139 in
1045 4085 1297 4143 caelestes
1315 4085 1467 4145 cibos
1487 4085 1720 4142 carnalis
1742 4100 1868 4143 esca
1892 4096 2067 4140 trans-

474 4172 599 4230 iret.
659 4174 730 4230 Et
751 4184 1013 4247 Quantum
1043 4179 1286 4250 pecunite
1315 4179 1467 4248 gravi
1494 4178 1717 4236 dextera
1735 4217 1752 4243 ,
1782 4176 2069 4248 geminatis

471 4269 859 4340 excipientium
905 4271 1139 4343 palmis,
1189 4272 1377 4329 hilaris
1418 4272 1580 4328 dator
1623 4279 1681 4327 et
1721 4267 2068 4338 infatigabilis

472 4360 789 4419 distributor
817 4362 1091 4421 infuderas
1117 4383 1132 4434 ;
1171 4375 1382 4421 tantum
1410 4365 1557 4423 illico
1588 4363 1795 4435 angelis
1823 4362 2066 4418 intervo-

474 4454 712 4515 lantibus
736 4458 944 4528 gremio
979 4458 1193 4516 Domini
1221 4460 1507 4530 gaudentis
1535 4459 1805 4514 invectum
1830 4500 1848 4525 ,
1881 4457 1933 4512 in
1961 4458 2063 4510 tri-

469 4550 703 4606 cesimos
726 4552 767 4583 ιι·
807 4553 902 4609 tibi
926 4554 1130 4609 fructus
1156 4571 1219 4611 ac
1247 4554 1452 4611 reditus
1479 4552 1877 4610 numerandum
1902 4566 2061 4621 repo-

470 4642 762 4700 nebaturs.
796 4644 982 4717 Neque
1007 4646 1208 4703 divitias
1227 4655 1462 4715 tantum,
1489 4645 1589 4704 sed
1608 4655 1666 4703 et
1687 4645 1873 4716 gratiae
1899 4643 2071 4700 bene-

2248 3332 2338 3390 16.
2367 3328 2566 3392 Beatus
2584 3375 2601 3401 ,
2631 3334 2724 3408 qui
2754 3351 2863 3393 non
2891 3331 3055 3395 adisti
3079 3335 3138 3394 in
3166 3336 3276 3394 tale
3306 3334 3639 3407 consilium;
3671 3353 3781 3396 nec

2174 3426 2232 3483 in
2266 3426 2523 3483 cathedra
2561 3429 2879 3500 pestilentia:
2900 3426 2928 3468 ε
2943 3471 2960 3492 .
2989 3428 3086 3487 sed
3110 3430 3168 3485 in
3187 3428 3422 3504 apostoli
3441 3428 3600 3497 sede,
3630 3437 3695 3487 et
3719 3431 3780 3487 in

2177 3517 2430 3577 Ecclesim
2450 3529 2614 3589 cmtu,
2642 3521 2693 3577 id
2719 3532 2829 3590 est,
2856 3521 3053 3578 Christi
3079 3523 3314 3589 theatro,
3344 3537 3456 3579 non
3476 3520 3781 3592 seditiosis,

2173 3613 2271 3672 sed
2295 3615 2740 3673 benedicentibus
2767 3618 2974 3681 cuneis,
3007 3617 3120 3673 Deo
3151 3616 3272 3689 ipso
3298 3623 3630 3688 spectatore,
3655 3614 3778 3672 lau-

2174 3707 2319 3765 daris
2342 3750 2358 3776 ,
2390 3707 2647 3766 Ecclesia:
2674 3710 3013 3767 munerarius
3040 3728 3056 3777 ;
3106 3720 3215 3766 non
3247 3708 3328 3782 (It)
3360 3710 3593 3765 terrenae
3613 3746 3633 3773 ν
3674 3724 3781 3769 nec

2177 3801 2348 3857 inanis
2376 3801 2581 3871 glorise,
2610 3802 2702 3859 sed
2730 3814 2944 3861 reterns:
2964 3803 3133 3859 laudis
3158 3802 3410 3858 ambitur.
3434 3800 3555 3857 Non
3577 3801 3780 3873 gladia-

2176 3902 2324 3951 tores
2352 3910 2454 3952 nec
2479 3893 2687 3952 belluas
2712 3896 2869 3962 eruis,
2902 3895 2998 3952 sed
3016 3895 3213 3967 quibus
3237 3910 3398 3951 veros
3423 3895 3780 3965 gladiatores,

2177 3990 2287 4048 hoc
2314 3999 2398 4049 est
2421 4034 2437 4061 ,
2485 3991 2676 4048 harum
2707 3991 3050 4048 tenebrarum
3079 3992 3350 4063 principes
3389 3991 3628 4064 perimas
3650 4032 3669 4061 ,
3712 3992 3784 4064 (ἰ)

2176 4084 2314 4154 agis,
2343 4091 2400 4140 et
2426 4083 2623 4157 quibus
2642 4099 2799 4141 veras
2828 4084 3058 4151 bestias,
3087 4085 3193 4142 hoc
3215 4093 3320 4150 est,
3350 4100 3571 4141 omnem
3596 4083 3782 4141 sabuli

2177 4177 2435 4234 virtutem
2460 4192 2682 4250 superes
2701 4216 2716 4242 ,
2749 4186 2804 4234 et
2832 4193 3020 4250 presso
3045 4176 3264 4250 impune
3292 4177 3520 4248 vestigio
3550 4176 3782 4234 concul-

2176 4288 2272 4329 ces
2299 4270 2510 4329 leonem
2540 4280 2596 4327 et
2623 4272 2921 4329 draconem.
2944 4271 2992 4327 ι.
3019 4271 3217 4328 Beatus
3243 4287 3336 4338 es,
3377 4272 3433 4328 in
3458 4288 3572 4344 quo
3600 4270 3783 4329 bene-

2177 4365 2374 4422 dicitur
2399 4381 2596 4421 nomen
2625 4364 2867 4433 Domini,
2897 4375 2953 4421 et
2980 4367 3074 4436 qui
3102 4366 3270 4423 habes
3308 4382 3498 4424 semen
3536 4365 3594 4422 in
3620 4364 3782 4435 Sion,

2177 4465 2232 4512 et
2259 4455 2585 4512 domesticos
2609 4456 2660 4511 in
2684 4455 3039 4526 Hierusalem,
3070 4459 3163 4529 qui
3184 4468 3237 4514 te
3259 4458 3494 4514 vicissim
3519 4459 3573 4514 in
3596 4459 3783 4516 taber-

2175 4549 2366 4604 nacula
2396 4557 2599 4604 ωιριειιει
2635 4549 2931 4621 suscipiant
2958 4560 3023 4605 πε.
3055 4550 3172 4607 Non
3201 4551 3347 4607 enim
3375 4551 3594 4608 timebis
3629 4551 3783 4607 illius

2176 4640 2360 4698 divitis
2387 4640 2564 4697 locum
2584 4681 2602 4707 ,
2635 4645 2727 4711 qui
2759 4645 2812 4699 in
2842 4652 3080 4711 tartara,
3120 4646 3224 4701 hoc
3247 4651 3332 4701 est
3358 4644 3414 4700 in
3443 4644 3662 4701 inferno
3691 4646 3782 4701 in-

543 4800 798 4875 fJoban.
828 4820 899 4866 tv,
952 4803 1038 4875 li.
1116 4805 1142 4844 δ
1175 4805 1305 4861 Luc.
1339 4823 1493 4873 ηις,
1537 4804 1629 4861 3'2.
1708 4816 1730 4844 ε
1763 4802 1784 4858 l
1814 4803 1943 4859 Cor.
1977 4823 2046 4874 Iv,

2211 4800 2240 4842 δ
2270 4801 2412 4875 l’sal.
2437 4820 2504 4875 ι,
2536 4802 2624 4875 19.
2670 4806 2675 4811 ’
2704 4815 2726 4841 ε
2759 4803 2901 4860 Psai.
2935 4822 3091 4872 xxvr,
3122 4804 3176 4863 6.
3257 4805 3454 4867 ‘Psal.
3494 4824 3653 4875 χιιι,
3689 4807 3781 4866 ii.

472 4873 706 4931 SMattb.
732 4891 845 4945 xm,
867 4875 923 4931 8.
979 4873 1005 4913 λλ
1023 4875 1189 4933 Eccli.
1214 4894 1340 4943 xxv,
1365 4877 1455 4933 2L
1480 4872 1486 4873 ⁷
1514 4877 1528 4915 λ
1551 4876 1745 4931 Matth.
1772 4892 1897 4964 xvu,
1929 4878 1982 4934 2.
2034 4872 2054 4929 ἰ
2083 4878 2250 4951 Apoc.
2280 4892 2370 4940 xx,
2399 4872 2481 4928 i2.
2532 4874 2556 4912 λ
2575 4874 2715 4931 l’sal.
2734 4892 2770 4942 ι,
2798 4875 2848 4930 1.
2913 4875 2926 4912 ³
2952 4876 3092 4932 Psal.
3118 4894 3205 4944 xc,
3232 4877 3318 4933 l3.
3369 4889 3407 4916 ω
3434 4877 3571 4937 Luc.
3593 4872 3708 4947 xvi,
3725 4879 3781 4936 9.

543 5019 622 5086 (α)
655 5015 779 5071 Mss.
816 5015 949 5083 Reg.
988 5015 1140 5071 V'ieu.
1170 5026 1226 5070 et
1251 5014 1380 5069 edit.
1414 5014 1673 5086 mutilet"
1708 5014 1854 5071 illuc.

546 5084 624 5157 (ὁ)
653 5086 744 5142 Sic
767 5102 865 5141 ms.
895 5087 1052 5142 Vien.
1077 5101 1197 5142 cum
1221 5085 1350 5140 edit.
1374 5084 1561 5157 Chiﬂl.
1596 5086 2030 5157 Niphates-simus.

543 5154 614 5229 (ε)
644 5158 716 5212 ita
742 5175 868 5213 mss.
905 5157 1036 5225 Reg.
1070 5166 1126 5212 et
1152 5157 1305 5212 Vien.
1339 5166 1395 5211 et
1428 5156 1559 5211 edit.
1589 5154 1766 5212 Cbiﬂl.
1795 5155 1932 5212 Ante
1953 5164 2073 5212 erat

475 5230 768 5284 ambulante
798 5231 1175 5354 infumnmtur.

545 5300 623 5354 (di
655 5300 733 5354 ita
760 5300 815 5354 in
867 5300 1118 5354 ’salteriis
1147 5316 1175 5354 ν

545 5300 623 5370 ((1)
655 5300 733 5355 ita
760 5300 815 5356 in
845 5297 1118 5356 Psalteriis
1147 5299 1317 5355 veteri
1355 5307 1409 5353 et
1432 5299 1591 5354 iimu.
1628 5308 1681 5354 et
1703 5297 1845 5369 apud
1871 5298 2071 5370 ξεᾼιιτ

472 5367 744 5441 guStinnm
769 5372 821 5426 in
844 5371 1233 5427 commentario
1261 5387 1425 5441 super
1453 5370 1713 5440 psalmos.
1735 5367 1893 5440 Apud
1925 5367 2066 5424 LXX

384 5461 386 5464 '
470 5451 527 5497 et
558 5442 611 5515 in
645 5443 886 5515 Fuigata,
919 5441 1324 5515 uociferationis.

558 5460 611 5498 tn
650 5458 886 5568 vm§ata,
919 5458 1324 5515 voctgermtoms.

542 5514 614 5583 (ο)
647 5512 739 5568 LX
819 5524 873 5570 et
906 5514 1325 5586 Vulgataoratio
1360 5513 1686 5586 ltitittiliaittis
1711 5528 1787 5568 se.

544 5587 614 5659 (ι’)
646 5586 736 5659 Sic
774 5602 871 5641 ms.
908 5582 1063 5641 Vien.
1104 5582 1234 5659 om.
1265 5583 1545 5659 Chilil.__et
1588 5582 1740 5639 Grin.
1788 5584 2062 5659 in_marg.

471 5653 578 5714 Alii
604 5658 837 5722 codices,
870 5659 1114 5711 intentas.
1155 5656 1246 5719 Sic
1273 5665 1327 5711 ct
1355 5657 1412 5709 S.
1446 5655 1808 5725 ilict-nuntius
1837 5653 2066 5725 Romam

466 5730 751 5800 alloquens
780 5729 877 5785 lib.
908 5746 943 5783 ιι
973 5737 1159 5783 cutura
1189 5726 1566 5800 Joviuianutu,
1618 5724 1671 5781 in
1705 5726 1846 5800 line:
1891 5724 2066 5800 Μ-αιρτ

2107 5018 2153 5075 υ
2178 5013 2531 5097 comminatus.
2548 5021 2624 5065 est
2642 5020 2844 5097 ,"potes
2874 5013 3100 5097 eﬁ‘ugcre
3127 5032 3219 5085 per
3245 5014 3601 5097 pa'nitert‘tia-m
3619 5060 3639 5088 ,
3681 5020 3780 5076 Im.

2185 5085 2308 5141 laena
2328 5084 2619 5153 exmplum
2651 5081 3023 5139 Ninivitarum.
3055 5081 3417 5142 Cutrrtlnrws
3442 5086 3500 5142 S.
3530 5084 3586 5144 J.

2252 5156 2331 5229 (g)
2359 5154 2435 5209 ita
2463 5170 2593 5236 mss.
2622 5153 2778 5211 Vien.
2808 5163 2864 5211 et
2883 5153 3016 5225 Reg.
3046 5154 3108 5211 lu
3137 5157 3258 5212 aliis
3278 5158 3595 5231 codicibus,
3641 5165 3781 5222 tanti

2180 5266 2197 5283 .
2226 5266 2245 5285 .
2278 5266 2293 5281 .
2329 5266 2343 5281 .
2374 5236 2573 5285 malum.

2272 5246 2578 5368 Ligdum:
2610 5296 2767 5368 Yien.
2792 5306 2847 5351 et
2877 5297 3004 5351 edit.
3035 5297 3211 5353 (ibim.
3258 5298 3399 5355 Ante
3425 5310 3545 5357 erat
3571 5320 3776 5362 ﬂente.

2272 5366 2317 5439 ὅ)
2343 5366 2589 5425 Proclive
2624 5367 2731 5441 fuit
2769 5368 3059 5441 emendare
3103 5384 3227 5425 cum
3276 5370 3544 5429 Sacchino
3568 5412 3585 5438 ,
3630 5377 3777 5441 alia;

2174 5437 2301 5516 nam
2329 5448 2386 5495 et
2411 5454 2574 5511 supra
2601 5439 2736 5495 dixit
2755 5456 2857 5516 ,__n.
2886 5437 2986 5516 15,
3014 5442 3357 5516 quodgbestiis
3380 5455 3476 5498 aut
3498 5437 3777 5516 gladium;

2173 5510 2316 5585 ribus
2364 5522 2414 5566 et
2451 5510 2818 5585 comparandis
2860 5512 2993 5585 male
3028 5510 3352 5585 proﬂigetur
3375 5556 3393 5584 ,
3451 5510 3521 5569 etv
3541 5516 3772 5573 alendis.

2174 5582 2343 5637 Porro
2361 5583 2514 5657 quod
2542 5582 2599 5636 S.
2629 5580 2999 5657 Paulinushhic
3036 5580 3112 5637 ait
3138 5580 3392 5657 Εᾲιεείσὲ
3410 5589 3771 5657 munerarius,

2174 5663 2304 5730 etc,
2330 5653 2490 5709 simili
2517 5652 2681 5730 modo
2711 5670 2742 5707 a
2763 5652 2824 5708 S.
2855 5652 3181 5726 Hieronymo
3198 5653 3582 5730 Pammachius
3601 5652 3768 5730 epist.

2175 5723 2279 5806 ‘Zli.2
2314 5726 2640 5806 iiitfiit’chI’t-‘ius.
2665 5741 2946 5806 pauperum
2973 5733 3023 5779 et
3042 5723 3297 5806 egentium
3318 5723 3765 5806 candidatus'ap-

471 5796 747 5855 dictionem
774 5843 786 5863 ,
837 5802 1002 5869 ἰηιμιὶι
1033 5843 1046 5865 ,
1095 5816 1247 5871 quant
1278 5798 1365 5853 tibi
1396 5798 1640 5856 Soli-ator
1670 5801 1724 5852 in
1755 5797 2071 5868 Apocalypsi
2178 5796 2421 5865 pellatur.
2462 5796 2591 5850 \ide
2610 5796 3026 5863 descriptionem
3055 5796 3402 5867 persimilem.
3434 5798 3695 5859 Siccam.
