  <div class='ocr_page' id='page_1' title='image "/cluster/home/n/w/nwhite01/storage/ocr_20150623/61/umn.31951002477354t/129.png"; bbox 0 0 4022 6420; ppageno 0'>
   <div class='ocr_carea' id='block_1_1' title="bbox 1640 402 2637 465">
    <p class='ocr_par' dir='ltr' id='par_1_1' title="bbox 1640 402 2637 465">
     <span class='ocr_line' id='line_1_1' title="bbox 1640 402 2637 465; baseline -0.003 -2"><span class='ocrx_word' id='word_1_1' title='bbox 1640 406 1697 463; x_wconf 84' lang='lat'><strong>8.</strong></span> <span class='ocrx_word' id='word_1_2' title='bbox 1738 402 2012 465; x_wconf 76' lang='lat' dir='ltr'><strong>PAULINI</strong></span> <span class='ocrx_word' id='word_1_3' title='bbox 2048 402 2298 463; x_wconf 80' lang='lat' dir='ltr'><strong>NOLANI</strong></span> <span class='ocrx_word' id='word_1_4' title='bbox 2332 402 2637 463; x_wconf 77' lang='lat' dir='ltr'><strong>EPISCOPI</strong></span> 
     </span>
    </p>
   </div>
   <div class='ocr_carea' id='block_1_2' title="bbox 3691 405 3811 469">
    <p class='ocr_par' dir='ltr' id='par_1_2' title="bbox 3691 405 3811 469">
     <span class='ocr_line' id='line_1_2' title="bbox 3691 405 3811 469; baseline 0 -3"><span class='ocrx_word' id='word_1_5' title='bbox 3691 405 3811 469; x_wconf 68' lang='grc' dir='ltr'>ιω</span> 
     </span>
    </p>
   </div>
   <div class='ocr_carea' id='block_1_3' title="bbox 514 505 3817 597">
    <p class='ocr_par' dir='ltr' id='par_1_3' title="bbox 514 505 3817 597">
     <span class='ocr_line' id='line_1_3' title="bbox 514 505 3817 597; baseline -0.001 -14"><span class='ocrx_word' id='word_1_6' title='bbox 514 528 649 583; x_wconf 78' lang='lat' dir='ltr'><strong>timo</strong></span> <span class='ocrx_word' id='word_1_7' title='bbox 676 524 823 582; x_wconf 81' lang='lat' dir='ltr'><strong>orbis</strong></span> <span class='ocrx_word' id='word_1_8' title='bbox 850 523 1053 592; x_wconf 79' lang='lat' dir='ltr'><strong>eduxit,</strong></span> <span class='ocrx_word' id='word_1_9' title='bbox 1082 505 1136 580; x_wconf 76' lang='lat' dir='ltr'><strong>et</strong></span> <span class='ocrx_word' id='word_1_10' title='bbox 1165 522 1370 579; x_wconf 83' lang='lat' dir='ltr'><strong>clarum</strong></span> <span class='ocrx_word' id='word_1_11' title='bbox 1399 520 1576 595; x_wconf 78' lang='lat' dir='ltr'><strong><em>fulgur</em></strong></span> <span class='ocrx_word' id='word_1_12' title='bbox 1613 522 1668 577; x_wconf 79' lang='lat' dir='ltr'><strong>in</strong></span> <span class='ocrx_word' id='word_1_13' title='bbox 1708 522 1934 594; x_wconf 76' lang='lat' dir='ltr'><strong>pluviam</strong></span> <span class='ocrx_word' id='word_1_14' title='bbox 1963 522 2102 579; x_wconf 86' lang='lat' dir='ltr'><strong>ube-</strong></span> <span class='ocrx_word' id='word_1_15' title='bbox 2125 524 2177 597; x_wconf 67' lang='grc' dir='ltr'><strong>Α</strong></span> <span class='ocrx_word' id='word_1_16' title='bbox 2206 528 2470 577; x_wconf 87' lang='lat' dir='ltr'><strong>temerata</strong></span> <span class='ocrx_word' id='word_1_17' title='bbox 2494 519 2778 590; x_wconf 76' lang='lat' dir='ltr'><strong>virginitas</strong></span> <span class='ocrx_word' id='word_1_18' title='bbox 2807 534 2864 577; x_wconf 77' lang='grc' dir='ltr'>,ιι</span> <span class='ocrx_word' id='word_1_19' title='bbox 2887 520 3031 579; x_wconf 83' lang='lat' dir='ltr'><strong>sacri</strong></span> <span class='ocrx_word' id='word_1_20' title='bbox 3063 520 3314 595; x_wconf 83' lang='lat' dir='ltr'><strong>corporis</strong></span> <span class='ocrx_word' id='word_1_21' title='bbox 3338 521 3544 597; x_wconf 80' lang='lat' dir='ltr'><strong>templo</strong></span> <span class='ocrx_word' id='word_1_22' title='bbox 3561 528 3721 582; x_wconf 83' lang='lat' dir='ltr'><strong>tenet</strong></span> <span class='ocrx_word' id='word_1_23' title='bbox 3743 529 3817 580; x_wconf 78' lang='lat' dir='ltr'><strong>ut</strong></span> 
     </span>
    </p>
   </div>
   <div class='ocr_carea' id='block_1_4' title="bbox 514 610 2095 688">
    <p class='ocr_par' dir='ltr' id='par_1_4' title="bbox 514 610 2095 688">
     <span class='ocr_line' id='line_1_4' title="bbox 514 610 2095 688; baseline -0.006 -14"><span class='ocrx_word' id='word_1_24' title='bbox 514 633 632 675; x_wconf 85' lang='lat' dir='ltr'><strong>rem</strong></span> <span class='ocrx_word' id='word_1_25' title='bbox 658 617 798 688; x_wconf 74' lang='lat' dir='ltr'><strong>fecit.</strong></span> <span class='ocrx_word' id='word_1_26' title='bbox 829 614 980 673; x_wconf 89' lang='lat' dir='ltr'><strong>Sicut</strong></span> <span class='ocrx_word' id='word_1_27' title='bbox 1002 623 1142 670; x_wconf 87' lang='lat' dir='ltr'><strong>terra</strong></span> <span class='ocrx_word' id='word_1_28' title='bbox 1169 612 1403 668; x_wconf 79' lang='lat' dir='ltr'><strong>Zabnlon</strong></span> <span class='ocrx_word' id='word_1_29' title='bbox 1429 612 1701 683; x_wconf 87' lang='lat' dir='ltr'><strong>quondam</strong></span> <span class='ocrx_word' id='word_1_30' title='bbox 1739 621 1789 667; x_wconf 80' lang='lat' dir='ltr'><strong>et</strong></span> <span class='ocrx_word' id='word_1_31' title='bbox 1820 610 2095 683; x_wconf 75' lang='lat' dir='ltr'><strong>Nephtha-</strong></span> 
     </span>
    </p>
   </div>
   <div class='ocr_carea' id='block_1_5' title="bbox 514 701 2098 777">
    <p class='ocr_par' dir='ltr' id='par_1_5' title="bbox 514 701 2098 777">
     <span class='ocr_line' id='line_1_5' title="bbox 514 701 2098 777; baseline -0.004 -12"><span class='ocrx_word' id='word_1_32' title='bbox 514 711 626 777; x_wconf 82' lang='lat' dir='ltr'><strong>lim,</strong></span> <span class='ocrx_word' id='word_1_33' title='bbox 656 725 740 764; x_wconf 79' lang='grc' dir='ltr'><strong>υια</strong></span> <span class='ocrx_word' id='word_1_34' title='bbox 766 709 929 762; x_wconf 79' lang='lat' dir='ltr'><strong>maris</strong></span> <span class='ocrx_word' id='word_1_35' title='bbox 964 714 1111 761; x_wconf 80' lang='lat' dir='ltr'><strong>trans</strong></span> <span class='ocrx_word' id='word_1_36' title='bbox 1147 704 1431 761; x_wconf 75' lang='lat' dir='ltr'><strong>Iordanem</strong></span> <span class='ocrx_word' id='word_1_37' title='bbox 1468 701 1723 769; x_wconf 61' lang='lat' dir='ltr'><strong>Catilinae,</strong></span> <span class='ocrx_word' id='word_1_38' title='bbox 1762 709 1813 759; x_wconf 84' lang='lat' dir='ltr'><strong>et</strong></span> <span class='ocrx_word' id='word_1_39' title='bbox 1832 705 1924 776; x_wconf 74' lang='lat' dir='ltr'><strong>qui</strong></span> <span class='ocrx_word' id='word_1_40' title='bbox 1947 703 2098 759; x_wconf 79' lang='lat' dir='ltr'><strong>sede-</strong></span> 
     </span>
    </p>
   </div>
   <div class='ocr_carea' id='block_1_6' title="bbox 514 793 2099 868">
    <p class='ocr_par' dir='ltr' id='par_1_6' title="bbox 514 793 2099 868">
     <span class='ocr_line' id='line_1_6' title="bbox 514 793 2099 868; baseline -0.005 -13"><span class='ocrx_word' id='word_1_41' title='bbox 514 799 643 855; x_wconf 74' lang='lat' dir='ltr'><strong>bant</strong></span> <span class='ocrx_word' id='word_1_42' title='bbox 668 800 726 854; x_wconf 76' lang='lat' dir='ltr'><strong>in</strong></span> <span class='ocrx_word' id='word_1_43' title='bbox 776 799 983 868; x_wconf 77' lang='lat' dir='ltr'><strong><em>regione</em></strong></span> <span class='ocrx_word' id='word_1_44' title='bbox 1027 796 1223 851; x_wconf 67' lang='lat' dir='ltr'><strong>umbra</strong></span> <span class='ocrx_word' id='word_1_45' title='bbox 1266 796 1468 859; x_wconf 81' lang='lat' dir='ltr'><strong>mortis,</strong></span> <span class='ocrx_word' id='word_1_46' title='bbox 1496 793 1661 849; x_wconf 71' lang='lat' dir='ltr'><strong>lucem</strong></span> <span class='ocrx_word' id='word_1_47' title='bbox 1698 793 1936 851; x_wconf 75' lang='lat' dir='ltr'><strong>uiderunt</strong></span> <span class='ocrx_word' id='word_1_48' title='bbox 1981 810 2099 848; x_wconf 74' lang='lat' dir='ltr'><strong>ma-</strong></span> 
     </span>
    </p>
   </div>
   <div class='ocr_carea' id='block_1_7' title="bbox 516 883 2096 964">
    <p class='ocr_par' dir='ltr' id='par_1_7' title="bbox 516 883 2096 964">
     <span class='ocr_line' id='line_1_7' title="bbox 516 883 2096 964; baseline -0.004 -18"><span class='ocrx_word' id='word_1_49' title='bbox 516 886 715 964; x_wconf 56' lang='lat' dir='ltr'><strong>gnam&quot;</strong></span> <span class='ocrx_word' id='word_1_50' title='bbox 748 908 763 945; x_wconf 87' lang='lat'><strong>:</strong></span> <span class='ocrx_word' id='word_1_51' title='bbox 794 890 867 946; x_wconf 89' lang='lat' dir='ltr'><strong>ita</strong></span> <span class='ocrx_word' id='word_1_52' title='bbox 895 896 953 945; x_wconf 81' lang='lat' dir='ltr'><strong>et‘</strong></span> <span class='ocrx_word' id='word_1_53' title='bbox 968 902 1113 945; x_wconf 96' lang='lat' dir='ltr'><strong>nunc</strong></span> <span class='ocrx_word' id='word_1_54' title='bbox 1141 887 1195 943; x_wconf 87' lang='lat' dir='ltr'><strong>in</strong></span> <span class='ocrx_word' id='word_1_55' title='bbox 1222 896 1366 943; x_wconf 87' lang='lat' dir='ltr'><strong>terra</strong></span> <span class='ocrx_word' id='word_1_56' title='bbox 1394 885 1724 945; x_wconf 76' lang='lat' dir='ltr'><strong>Morinorum</strong></span> <span class='ocrx_word' id='word_1_57' title='bbox 1744 883 1843 957; x_wconf 77' lang='grc' dir='ltr'><strong>(γ.</strong></span> <span class='ocrx_word' id='word_1_58' title='bbox 1864 893 1980 942; x_wconf 85' lang='grc' dir='ltr'>ιιοι.</span> <span class='ocrx_word' id='word_1_59' title='bbox 2002 883 2096 957; x_wconf 81' lang='lat'><strong>57)</strong></span> 
     </span>
    </p>
   </div>
   <div class='ocr_carea' id='block_1_8' title="bbox 514 976 2102 1050">
    <p class='ocr_par' dir='ltr' id='par_1_8' title="bbox 514 976 2102 1050">
     <span class='ocr_line' id='line_1_8' title="bbox 514 976 2102 1050; baseline -0.004 -10"><span class='ocrx_word' id='word_1_60' title='bbox 514 984 624 1041; x_wconf 92' lang='lat' dir='ltr'><strong>situ</strong></span> <span class='ocrx_word' id='word_1_61' title='bbox 651 982 799 1040; x_wconf 80' lang='lat' dir='ltr'><strong>orbis</strong></span> <span class='ocrx_word' id='word_1_62' title='bbox 824 990 1066 1039; x_wconf 83' lang='lat' dir='ltr'><strong>extrema</strong></span> <span class='ocrx_word' id='word_1_63' title='bbox 1086 1022 1106 1050; x_wconf 92' lang='lat'><strong>,</strong></span> <span class='ocrx_word' id='word_1_64' title='bbox 1133 995 1295 1050; x_wconf 85' lang='lat' dir='ltr'><strong>quam</strong></span> <span class='ocrx_word' id='word_1_65' title='bbox 1320 976 1839 1037; x_wconf 70' lang='lat' dir='ltr'><strong>barbaris-ﬂuctibus</strong></span> <span class='ocrx_word' id='word_1_66' title='bbox 1864 976 2102 1035; x_wconf 86' lang='lat' dir='ltr'><strong>fremens</strong></span> 
     </span>
    </p>
   </div>
   <div class='ocr_carea' id='block_1_9' title="bbox 514 1072 2102 1146">
    <p class='ocr_par' dir='ltr' id='par_1_9' title="bbox 514 1072 2102 1146">
     <span class='ocr_line' id='line_1_9' title="bbox 514 1072 2102 1146; baseline -0.003 -13"><span class='ocrx_word' id='word_1_67' title='bbox 514 1074 697 1133; x_wconf 87' lang='lat' dir='ltr'><strong>tundit</strong></span> <span class='ocrx_word' id='word_1_68' title='bbox 716 1072 980 1141; x_wconf 82' lang='lat' dir='ltr'><strong>Oceanus,</strong></span> <span class='ocrx_word' id='word_1_69' title='bbox 1011 1073 1250 1144; x_wconf 85' lang='lat' dir='ltr'><strong>gentium</strong></span> <span class='ocrx_word' id='word_1_70' title='bbox 1290 1073 1475 1146; x_wconf 80' lang='lat' dir='ltr'><strong>populi</strong></span> <span class='ocrx_word' id='word_1_71' title='bbox 1505 1080 1858 1142; x_wconf 84' lang='lat' dir='ltr'><strong>remotarum,</strong></span> <span class='ocrx_word' id='word_1_72' title='bbox 1894 1072 1988 1143; x_wconf 90' lang='lat' dir='ltr'><strong>qui</strong></span> <span class='ocrx_word' id='word_1_73' title='bbox 2014 1086 2102 1128; x_wconf 86' lang='lat' dir='ltr'><strong>se-</strong></span> 
     </span>
    </p>
   </div>
   <div class='ocr_carea' id='block_1_10' title="bbox 512 1161 2097 1243">
    <p class='ocr_par' dir='ltr' id='par_1_10' title="bbox 512 1161 2097 1243">
     <span class='ocr_line' id='line_1_10' title="bbox 512 1161 2097 1243; baseline -0.003 -19"><span class='ocrx_word' id='word_1_74' title='bbox 512 1168 718 1225; x_wconf 88' lang='lat' dir='ltr'><strong>debant</strong></span> <span class='ocrx_word' id='word_1_75' title='bbox 743 1167 798 1223; x_wconf 91' lang='lat' dir='ltr'><strong>in</strong></span> <span class='ocrx_word' id='word_1_76' title='bbox 821 1165 1063 1233; x_wconf 89' lang='lat' dir='ltr'><strong>latebris,</strong></span> <span class='ocrx_word' id='word_1_77' title='bbox 1079 1165 1165 1221; x_wconf 85' lang='lat' dir='ltr'><strong>via</strong></span> <span class='ocrx_word' id='word_1_78' title='bbox 1188 1165 1350 1221; x_wconf 87' lang='lat' dir='ltr'><strong>maris</strong></span> <span class='ocrx_word' id='word_1_79' title='bbox 1370 1179 1599 1222; x_wconf 76' lang='lat' dir='ltr'><strong>arenosa</strong></span> <span class='ocrx_word' id='word_1_80' title='bbox 1617 1173 1770 1221; x_wconf 85' lang='lat' dir='ltr'><strong>extra</strong></span> <span class='ocrx_word' id='word_1_81' title='bbox 1788 1161 2097 1243; x_wconf 71' lang='lat' dir='ltr'><strong>Iordanem,</strong></span> 
     </span>
    </p>
   </div>
   <div class='ocr_carea' id='block_1_11' title="bbox 516 1253 2099 1330">
    <p class='ocr_par' dir='ltr' id='par_1_11' title="bbox 516 1253 2099 1330">
     <span class='ocr_line' id='line_1_11' title="bbox 516 1253 2099 1330; baseline -0.003 -15"><span class='ocrx_word' id='word_1_82' title='bbox 516 1267 803 1330; x_wconf 83' lang='lat' dir='ltr'><strong>antequam</strong></span> <span class='ocrx_word' id='word_1_83' title='bbox 830 1258 1243 1330; x_wconf 86' lang='lat' dir='ltr'><strong>pinguescereut</strong></span> <span class='ocrx_word' id='word_1_84' title='bbox 1268 1254 1402 1313; x_wconf 82' lang='lat' dir='ltr'><strong>lines</strong></span> <span class='ocrx_word' id='word_1_85' title='bbox 1425 1256 1451 1290; x_wconf 82' lang='grc'><strong><em>⁸</em></strong></span> <span class='ocrx_word' id='word_1_86' title='bbox 1476 1255 1673 1313; x_wconf 91' lang='lat' dir='ltr'><strong>deserti</strong></span> <span class='ocrx_word' id='word_1_87' title='bbox 1710 1256 1766 1313; x_wconf 89' lang='lat' dir='ltr'><strong>iu</strong></span> <span class='ocrx_word' id='word_1_88' title='bbox 1806 1270 1870 1312; x_wconf 87' lang='lat' dir='ltr'><strong>ea</strong></span> <span class='ocrx_word' id='word_1_89' title='bbox 1901 1253 1951 1323; x_wconf 74' lang='grc' dir='ltr'><strong>ι’,</strong></span> <span class='ocrx_word' id='word_1_90' title='bbox 1980 1261 2099 1312; x_wconf 87' lang='lat' dir='ltr'><strong>orta</strong></span> 
     </span>
    </p>
   </div>
   <div class='ocr_carea' id='block_1_12' title="bbox 516 1345 2099 1423">
    <p class='ocr_par' dir='ltr' id='par_1_12' title="bbox 516 1345 2099 1423">
     <span class='ocr_line' id='line_1_12' title="bbox 516 1345 2099 1423; baseline -0.004 -14"><span class='ocrx_word' id='word_1_91' title='bbox 516 1351 618 1411; x_wconf 83' lang='lat' dir='ltr'><strong>sibi</strong></span> <span class='ocrx_word' id='word_1_92' title='bbox 644 1366 741 1423; x_wconf 83' lang='lat' dir='ltr'><strong>per</strong></span> <span class='ocrx_word' id='word_1_93' title='bbox 770 1359 916 1417; x_wconf 81' lang='lat' dir='ltr'><strong>tuam</strong></span> <span class='ocrx_word' id='word_1_94' title='bbox 946 1349 1286 1405; x_wconf 70' lang='lat' dir='ltr'><strong>sanctitatem</strong></span> <span class='ocrx_word' id='word_1_95' title='bbox 1314 1363 1345 1405; x_wconf 89' lang='lat' dir='ltr'><strong>a</strong></span> <span class='ocrx_word' id='word_1_96' title='bbox 1380 1347 1611 1404; x_wconf 89' lang='lat' dir='ltr'><strong>Domino</strong></span> <span class='ocrx_word' id='word_1_97' title='bbox 1637 1347 1757 1405; x_wconf 88' lang='lat' dir='ltr'><strong>luce</strong></span> <span class='ocrx_word' id='word_1_98' title='bbox 1785 1345 2099 1417; x_wconf 73' lang='lat' dir='ltr'><strong>gaudentes,</strong></span> 
     </span>
    </p>
   </div>
   <div class='ocr_carea' id='block_1_13' title="bbox 516 1426 2105 1516">
    <p class='ocr_par' dir='ltr' id='par_1_13' title="bbox 516 1426 2105 1516">
     <span class='ocr_line' id='line_1_13' title="bbox 516 1426 2105 1516; baseline -0.003 -15"><span class='ocrx_word' id='word_1_99' title='bbox 516 1442 678 1501; x_wconf 87' lang='lat' dir='ltr'><strong>corda</strong></span> <span class='ocrx_word' id='word_1_100' title='bbox 703 1457 897 1516; x_wconf 89' lang='lat' dir='ltr'><strong>aspera</strong></span> <span class='ocrx_word' id='word_1_101' title='bbox 923 1444 953 1484; x_wconf 62' lang='grc' dir='ltr'><strong>ἰ</strong></span> <span class='ocrx_word' id='word_1_102' title='bbox 968 1440 1183 1497; x_wconf 88' lang='lat' dir='ltr'><strong>Christo</strong></span> <span class='ocrx_word' id='word_1_103' title='bbox 1210 1441 1443 1497; x_wconf 86' lang='lat' dir='ltr'><strong>intrante</strong></span> <span class='ocrx_word' id='word_1_104' title='bbox 1480 1426 1777 1513; x_wconf 86' lang='lat' dir='ltr'><strong>posuerunt</strong></span> <span class='ocrx_word' id='word_1_105' title='bbox 1799 1440 1878 1513; x_wconf 84' lang='lat' dir='ltr'><strong>(id</strong></span> <span class='ocrx_word' id='word_1_106' title='bbox 1903 1448 1979 1496; x_wconf 82' lang='lat' dir='ltr'><strong>est</strong></span> <span class='ocrx_word' id='word_1_107' title='bbox 2007 1438 2105 1496; x_wconf 84' lang='lat' dir='ltr'><strong>de-</strong></span> 
     </span>
    </p>
   </div>
   <div class='ocr_carea' id='block_1_14' title="bbox 515 1530 2105 1608">
    <p class='ocr_par' dir='ltr' id='par_1_14' title="bbox 515 1530 2105 1608">
     <span class='ocr_line' id='line_1_14' title="bbox 515 1530 2105 1608; baseline -0.003 -18"><span class='ocrx_word' id='word_1_108' title='bbox 515 1535 878 1608; x_wconf 86' lang='lat' dir='ltr'><strong>posuerunt).</strong></span> <span class='ocrx_word' id='word_1_109' title='bbox 907 1531 1007 1589; x_wconf 84' lang='lat' dir='ltr'><strong>Ubi</strong></span> <span class='ocrx_word' id='word_1_110' title='bbox 1035 1532 1308 1603; x_wconf 88' lang='lat' dir='ltr'><strong>quondam</strong></span> <span class='ocrx_word' id='word_1_111' title='bbox 1335 1530 1553 1589; x_wconf 86' lang='lat' dir='ltr'><strong>deserta</strong></span> <span class='ocrx_word' id='word_1_112' title='bbox 1578 1531 1834 1588; x_wconf 75' lang='lat' dir='ltr'><strong>silvarum</strong></span> <span class='ocrx_word' id='word_1_113' title='bbox 1860 1546 1925 1587; x_wconf 88' lang='lat' dir='ltr'><strong>ac</strong></span> <span class='ocrx_word' id='word_1_114' title='bbox 1954 1530 2105 1600; x_wconf 76' lang='lat' dir='ltr'><strong>litto-</strong></span> 
     </span>
    </p>
   </div>
   <div class='ocr_carea' id='block_1_15' title="bbox 513 1622 2105 1698">
    <p class='ocr_par' dir='ltr' id='par_1_15' title="bbox 513 1622 2105 1698">
     <span class='ocr_line' id='line_1_15' title="bbox 513 1622 2105 1698; baseline -0.003 -18"><span class='ocrx_word' id='word_1_115' title='bbox 513 1640 635 1681; x_wconf 90' lang='lat' dir='ltr'><strong>rum</strong></span> <span class='ocrx_word' id='word_1_116' title='bbox 662 1624 866 1698; x_wconf 89' lang='lat' dir='ltr'><strong>pariter</strong></span> <span class='ocrx_word' id='word_1_117' title='bbox 890 1624 970 1696; x_wconf 81' lang='grc' dir='ltr'><strong>(α)</strong></span> <span class='ocrx_word' id='word_1_118' title='bbox 996 1624 1167 1680; x_wconf 80' lang='lat' dir='ltr'><strong>intuta</strong></span> <span class='ocrx_word' id='word_1_119' title='bbox 1214 1622 1431 1679; x_wconf 83' lang='lat' dir='ltr'><strong>adveme</strong></span> <span class='ocrx_word' id='word_1_120' title='bbox 1470 1622 1687 1679; x_wconf 85' lang='lat' dir='ltr'><strong>barbari</strong></span> <span class='ocrx_word' id='word_1_121' title='bbox 1730 1630 1825 1677; x_wconf 90' lang='lat' dir='ltr'><strong>aut</strong></span> <span class='ocrx_word' id='word_1_122' title='bbox 1864 1622 2105 1679; x_wconf 83' lang='lat' dir='ltr'><strong>latrones</strong></span> 
     </span>
    </p>
   </div>
   <div class='ocr_carea' id='block_1_16' title="bbox 515 1716 2106 1789">
    <p class='ocr_par' dir='ltr' id='par_1_16' title="bbox 515 1716 2106 1789">
     <span class='ocr_line' id='line_1_16' title="bbox 515 1716 2106 1789; baseline 0 -16"><span class='ocrx_word' id='word_1_123' title='bbox 515 1716 709 1775; x_wconf 66' lang='lat' dir='ltr'><strong>incolat</strong></span> <span class='ocrx_word' id='word_1_124' title='bbox 735 1716 1183 1788; x_wconf 80' lang='lat' dir='ltr'><strong>frequentabant,</strong></span> <span class='ocrx_word' id='word_1_125' title='bbox 1211 1732 1356 1773; x_wconf 88' lang='lat' dir='ltr'><strong>nunc</strong></span> <span class='ocrx_word' id='word_1_126' title='bbox 1394 1717 1730 1775; x_wconf 82' lang='lat' dir='ltr'><strong>venerabiles</strong></span> <span class='ocrx_word' id='word_1_127' title='bbox 1776 1723 1835 1774; x_wconf 83' lang='lat' dir='ltr'><strong>et</strong></span> <span class='ocrx_word' id='word_1_128' title='bbox 1876 1716 2106 1789; x_wconf 76' lang='lat' dir='ltr'><strong>angelici</strong></span> 
     </span>
    </p>
   </div>
   <div class='ocr_carea' id='block_1_17' title="bbox 513 1806 2104 1885">
    <p class='ocr_par' dir='ltr' id='par_1_17' title="bbox 513 1806 2104 1885">
     <span class='ocr_line' id='line_1_17' title="bbox 513 1806 2104 1885; baseline -0.003 -18"><span class='ocrx_word' id='word_1_129' title='bbox 513 1818 824 1868; x_wconf 88' lang='lat' dir='ltr'><strong>sanctorum</strong></span> <span class='ocrx_word' id='word_1_130' title='bbox 848 1806 1001 1865; x_wconf 89' lang='lat' dir='ltr'><strong>ebori</strong></span> <span class='ocrx_word' id='word_1_131' title='bbox 1029 1807 1210 1874; x_wconf 88' lang='lat' dir='ltr'><strong>urbes,</strong></span> <span class='ocrx_word' id='word_1_132' title='bbox 1229 1807 1451 1880; x_wconf 78' lang='lat' dir='ltr'><strong>Oppida,</strong></span> <span class='ocrx_word' id='word_1_133' title='bbox 1478 1807 1697 1875; x_wconf 79' lang='lat' dir='ltr'><strong>insulas,</strong></span> <span class='ocrx_word' id='word_1_134' title='bbox 1718 1806 1902 1885; x_wconf 80' lang='lat' dir='ltr'><strong>silvas,</strong></span> <span class='ocrx_word' id='word_1_135' title='bbox 1923 1808 2104 1863; x_wconf 87' lang='lat' dir='ltr'><strong>eccle-</strong></span> 
     </span>
    </p>
   </div>
   <div class='ocr_carea' id='block_1_18' title="bbox 2202 610 3816 689">
    <p class='ocr_par' dir='ltr' id='par_1_18' title="bbox 2202 610 3816 689">
     <span class='ocr_line' id='line_1_18' title="bbox 2202 610 3816 689; baseline 0.004 -20"><span class='ocrx_word' id='word_1_136' title='bbox 2202 611 2259 669; x_wconf 86' lang='lat' dir='ltr'><strong>iu</strong></span> <span class='ocrx_word' id='word_1_137' title='bbox 2297 611 2596 669; x_wconf 80' lang='lat' dir='ltr'><strong>visceribus</strong></span> <span class='ocrx_word' id='word_1_138' title='bbox 2619 610 2834 685; x_wconf 83' lang='lat' dir='ltr'><strong>pudicis</strong></span> <span class='ocrx_word' id='word_1_139' title='bbox 2857 613 3218 686; x_wconf 83' lang='lat' dir='ltr'><strong>requiescenti</strong></span> <span class='ocrx_word' id='word_1_140' title='bbox 3239 617 3280 649; x_wconf 84' lang='lat'><strong>&quot;</strong></span> <span class='ocrx_word' id='word_1_141' title='bbox 3295 614 3515 675; x_wconf 82' lang='lat' dir='ltr'><strong>Christo</strong></span> <span class='ocrx_word' id='word_1_142' title='bbox 3550 615 3816 689; x_wconf 74' lang='lat' dir='ltr'><strong>hospites</strong></span> 
     </span>
    </p>
   </div>
   <div class='ocr_carea' id='block_1_19' title="bbox 2204 700 3815 779">
    <p class='ocr_par' dir='ltr' id='par_1_19' title="bbox 2204 700 3815 779">
     <span class='ocr_line' id='line_1_19' title="bbox 2204 700 3815 779; baseline 0.005 -23"><span class='ocrx_word' id='word_1_143' title='bbox 2204 701 2387 759; x_wconf 77' lang='lat' dir='ltr'><strong>iaciat.</strong></span> <span class='ocrx_word' id='word_1_144' title='bbox 2404 700 2513 759; x_wconf 82' lang='lat' dir='ltr'><strong>Nec</strong></span> <span class='ocrx_word' id='word_1_145' title='bbox 2538 702 2750 759; x_wconf 89' lang='lat' dir='ltr'><strong>minore</strong></span> <span class='ocrx_word' id='word_1_146' title='bbox 2776 703 2997 760; x_wconf 87' lang='lat' dir='ltr'><strong>eosdem</strong></span> <span class='ocrx_word' id='word_1_147' title='bbox 3019 703 3303 765; x_wconf 85' lang='lat' dir='ltr'><strong>voluntate</strong></span> <span class='ocrx_word' id='word_1_148' title='bbox 3320 707 3368 741; x_wconf 80' lang='grc'><strong>⁸⁸</strong></span> <span class='ocrx_word' id='word_1_149' title='bbox 3395 705 3596 765; x_wconf 68' lang='lat' dir='ltr'><strong>unctis</strong></span> <span class='ocrx_word' id='word_1_150' title='bbox 3622 705 3815 779; x_wconf 52' lang='lat' dir='ltr'><strong>operi</strong></span> 
     </span>
    </p>
   </div>
   <div class='ocr_carea' id='block_1_20' title="bbox 2203 791 3813 870">
    <p class='ocr_par' dir='ltr' id='par_1_20' title="bbox 2203 791 3813 870">
     <span class='ocr_line' id='line_1_20' title="bbox 2203 791 3813 870; baseline 0.004 -21"><span class='ocrx_word' id='word_1_151' title='bbox 2203 795 2306 851; x_wconf 87' lang='lat' dir='ltr'><strong>bus</strong></span> <span class='ocrx_word' id='word_1_152' title='bbox 2328 801 2383 850; x_wconf 94' lang='lat' dir='ltr'><strong>et</strong></span> <span class='ocrx_word' id='word_1_153' title='bbox 2412 791 2502 866; x_wconf 88' lang='lat' dir='ltr'><strong>pio</strong></span> <span class='ocrx_word' id='word_1_154' title='bbox 2530 792 2835 850; x_wconf 78' lang='lat' dir='ltr'><strong>ministram</strong></span> <span class='ocrx_word' id='word_1_155' title='bbox 2863 794 3250 867; x_wconf 88' lang='lat' dir='ltr'><strong>inexpugnata,</strong></span> <span class='ocrx_word' id='word_1_156' title='bbox 3278 804 3449 855; x_wconf 86' lang='lat' dir='ltr'><strong>noctu</strong></span> <span class='ocrx_word' id='word_1_157' title='bbox 3486 795 3813 870; x_wconf 53' lang='lat' dir='ltr'><strong>diuquefa.</strong></span> 
     </span>
    </p>
   </div>
   <div class='ocr_carea' id='block_1_21' title="bbox 2204 884 3819 969">
    <p class='ocr_par' dir='ltr' id='par_1_21' title="bbox 2204 884 3819 969">
     <span class='ocr_line' id='line_1_21' title="bbox 2204 884 3819 969; baseline 0.001 -28"><span class='ocrx_word' id='word_1_158' title='bbox 2204 886 2524 942; x_wconf 85' lang='lat' dir='ltr'><strong>mulantium</strong></span> <span class='ocrx_word' id='word_1_159' title='bbox 2548 884 2833 943; x_wconf 87' lang='lat' dir='ltr'><strong>viduarum</strong></span> <span class='ocrx_word' id='word_1_160' title='bbox 2859 887 3036 959; x_wconf 88' lang='lat' dir='ltr'><strong>pascit</strong></span> <span class='ocrx_word' id='word_1_161' title='bbox 3057 886 3356 959; x_wconf 82' lang='lat' dir='ltr'><strong>integritas,</strong></span> <span class='ocrx_word' id='word_1_162' title='bbox 3378 884 3469 945; x_wconf 85' lang='lat' dir='ltr'><strong>vel</strong></span> <span class='ocrx_word' id='word_1_163' title='bbox 3482 886 3819 969; x_wconf 11' lang='lat' dir='ltr'><strong>gsnbjugato-</strong></span> 
     </span>
    </p>
   </div>
   <div class='ocr_carea' id='block_1_22' title="bbox 2204 978 3813 1060">
    <p class='ocr_par' dir='ltr' id='par_1_22' title="bbox 2204 978 3813 1060">
     <span class='ocr_line' id='line_1_22' title="bbox 2204 978 3813 1060; baseline 0.003 -25"><span class='ocrx_word' id='word_1_164' title='bbox 2204 995 2325 1036; x_wconf 81' lang='lat' dir='ltr'><strong>rum</strong></span> <span class='ocrx_word' id='word_1_165' title='bbox 2353 978 2466 1035; x_wconf 92' lang='lat' dir='ltr'><strong>Deo</strong></span> <span class='ocrx_word' id='word_1_166' title='bbox 2496 978 2785 1052; x_wconf 84' lang='lat' dir='ltr'><strong>&#39;conjugum</strong></span> <span class='ocrx_word' id='word_1_167' title='bbox 2822 994 3021 1038; x_wconf 87' lang='lat' dir='ltr'><strong>arcana</strong></span> <span class='ocrx_word' id='word_1_168' title='bbox 3049 982 3415 1053; x_wconf 72' lang='lat' dir='ltr'><strong>germanitas;</strong></span> <span class='ocrx_word' id='word_1_169' title='bbox 3441 996 3564 1060; x_wconf 77' lang='lat' dir='ltr'><strong>qua:</strong></span> <span class='ocrx_word' id='word_1_170' title='bbox 3590 981 3813 1040; x_wconf 75' lang='lat' dir='ltr'><strong>oratio-</strong></span> 
     </span>
    </p>
   </div>
   <div class='ocr_carea' id='block_1_23' title="bbox 2204 1071 3822 1146">
    <p class='ocr_par' dir='ltr' id='par_1_23' title="bbox 2204 1071 3822 1146">
     <span class='ocr_line' id='line_1_23' title="bbox 2204 1071 3822 1146; baseline 0.002 -18"><span class='ocrx_word' id='word_1_171' title='bbox 2204 1072 2364 1129; x_wconf 86' lang='lat' dir='ltr'><strong>nibus</strong></span> <span class='ocrx_word' id='word_1_172' title='bbox 2394 1071 2596 1130; x_wconf 84' lang='lat' dir='ltr'><strong>sedulis</strong></span> <span class='ocrx_word' id='word_1_173' title='bbox 2638 1073 2823 1129; x_wconf 63' lang='lat' dir='ltr'><strong>ltetum</strong></span> <span class='ocrx_word' id='word_1_174' title='bbox 2853 1072 2911 1131; x_wconf 90' lang='lat' dir='ltr'><strong>in</strong></span> <span class='ocrx_word' id='word_1_175' title='bbox 2955 1074 3231 1146; x_wconf 74' lang='lat' dir='ltr'><strong>operibus</strong></span> <span class='ocrx_word' id='word_1_176' title='bbox 3253 1075 3370 1133; x_wconf 82' lang='lat' dir='ltr'><strong>suis</strong></span> <span class='ocrx_word' id='word_1_177' title='bbox 3410 1074 3691 1133; x_wconf 80' lang='lat' dir='ltr'><strong>Christum</strong></span> <span class='ocrx_word' id='word_1_178' title='bbox 3737 1074 3822 1131; x_wconf 77' lang='lat' dir='ltr'><strong>ad</strong></span> 
     </span>
    </p>
   </div>
   <div class='ocr_carea' id='block_1_24' title="bbox 2205 1162 3814 1243">
    <p class='ocr_par' dir='ltr' id='par_1_24' title="bbox 2205 1162 3814 1243">
     <span class='ocr_line' id='line_1_24' title="bbox 2205 1162 3814 1243; baseline 0.004 -24"><span class='ocrx_word' id='word_1_179' title='bbox 2205 1163 2566 1220; x_wconf 77' lang='lat' dir='ltr'><strong>visitationem</strong></span> <span class='ocrx_word' id='word_1_180' title='bbox 2594 1177 2705 1243; x_wconf 84' lang='lat' dir='ltr'><strong>non</strong></span> <span class='ocrx_word' id='word_1_181' title='bbox 2726 1162 2844 1235; x_wconf 83' lang='lat' dir='ltr'><strong>jam</strong></span> <span class='ocrx_word' id='word_1_182' title='bbox 2880 1164 3143 1221; x_wconf 81' lang='lat' dir='ltr'><strong>maritalis</strong></span> <span class='ocrx_word' id='word_1_183' title='bbox 3167 1167 3300 1236; x_wconf 81' lang='lat' dir='ltr'><strong>tori,</strong></span> <span class='ocrx_word' id='word_1_184' title='bbox 3328 1167 3435 1243; x_wconf 87' lang='lat' dir='ltr'><strong>sed</strong></span> <span class='ocrx_word' id='word_1_185' title='bbox 3450 1166 3679 1224; x_wconf 77' lang='lat' dir='ltr'><strong>fraterni</strong></span> <span class='ocrx_word' id='word_1_186' title='bbox 3704 1181 3814 1225; x_wconf 82' lang='lat' dir='ltr'><strong>cu-</strong></span> 
     </span>
    </p>
   </div>
   <div class='ocr_carea' id='block_1_25' title="bbox 2206 1242 3820 1329">
    <p class='ocr_par' dir='ltr' id='par_1_25' title="bbox 2206 1242 3820 1329">
     <span class='ocr_line' id='line_1_25' title="bbox 2206 1242 3820 1329; baseline 0.001 -16"><span class='ocrx_word' id='word_1_187' title='bbox 2206 1256 2330 1313; x_wconf 90' lang='lat' dir='ltr'><strong>bilis</strong></span> <span class='ocrx_word' id='word_1_188' title='bbox 2386 1242 2609 1323; x_wconf 71' lang='lat' dir='ltr'><strong>invitat;</strong></span> <span class='ocrx_word' id='word_1_189' title='bbox 2658 1272 2794 1313; x_wconf 88' lang='lat' dir='ltr'><strong>cum</strong></span> <span class='ocrx_word' id='word_1_190' title='bbox 2830 1258 2950 1328; x_wconf 88' lang='lat' dir='ltr'><strong>ipso</strong></span> <span class='ocrx_word' id='word_1_191' title='bbox 2969 1258 3011 1292; x_wconf 80' lang='grc'><strong>⁸⁸</strong></span> <span class='ocrx_word' id='word_1_192' title='bbox 3039 1259 3355 1329; x_wconf 74' lang='lat' dir='ltr'><strong>sanctisque</strong></span> <span class='ocrx_word' id='word_1_193' title='bbox 3397 1242 3517 1329; x_wconf 68' lang='lat' dir='ltr'><strong>eius</strong></span> <span class='ocrx_word' id='word_1_194' title='bbox 3563 1257 3820 1316; x_wconf 64' lang='lat' dir='ltr'><strong>vicissim</strong></span> 
     </span>
    </p>
   </div>
   <div class='ocr_carea' id='block_1_26' title="bbox 2210 1348 3820 1421">
    <p class='ocr_par' dir='ltr' id='par_1_26' title="bbox 2210 1348 3820 1421">
     <span class='ocr_line' id='line_1_26' title="bbox 2210 1348 3820 1421; baseline 0.002 -16"><span class='ocrx_word' id='word_1_195' title='bbox 2210 1350 2402 1417; x_wconf 87' lang='lat' dir='ltr'><strong>mixta,</strong></span> <span class='ocrx_word' id='word_1_196' title='bbox 2420 1348 2707 1406; x_wconf 88' lang='lat' dir='ltr'><strong>concubitu</strong></span> <span class='ocrx_word' id='word_1_197' title='bbox 2731 1348 2801 1421; x_wconf 75' lang='grc' dir='ltr'><strong>(ί)</strong></span> <span class='ocrx_word' id='word_1_198' title='bbox 2821 1349 3084 1407; x_wconf 81' lang='lat' dir='ltr'><strong>castitatis</strong></span> <span class='ocrx_word' id='word_1_199' title='bbox 3109 1349 3388 1421; x_wconf 87' lang='lat' dir='ltr'><strong>spiritibus</strong></span> <span class='ocrx_word' id='word_1_200' title='bbox 3412 1350 3738 1409; x_wconf 83' lang='lat' dir='ltr'><strong>visitantum</strong></span> <span class='ocrx_word' id='word_1_201' title='bbox 3762 1348 3820 1383; x_wconf 80' lang='grc'><strong>⁸⁸</strong></span> 
     </span>
    </p>
   </div>
   <div class='ocr_carea' id='block_1_27' title="bbox 2207 1439 3820 1514">
    <p class='ocr_par' dir='ltr' id='par_1_27' title="bbox 2207 1439 3820 1514">
     <span class='ocr_line' id='line_1_27' title="bbox 2207 1439 3820 1514; baseline 0.002 -18"><span class='ocrx_word' id='word_1_202' title='bbox 2207 1439 2556 1496; x_wconf 83' lang='lat' dir='ltr'><strong>immaculato</strong></span> <span class='ocrx_word' id='word_1_203' title='bbox 2582 1452 2769 1497; x_wconf 87' lang='lat' dir='ltr'><strong>amore</strong></span> <span class='ocrx_word' id='word_1_204' title='bbox 2795 1439 3160 1496; x_wconf 70' lang='lat' dir='ltr'><strong>confunditur.</strong></span> <span class='ocrx_word' id='word_1_205' title='bbox 3186 1439 3345 1499; x_wconf 83' lang='lat' dir='ltr'><strong>Nune</strong></span> <span class='ocrx_word' id='word_1_206' title='bbox 3366 1456 3499 1498; x_wconf 84' lang='lat' dir='ltr'><strong>vero</strong></span> <span class='ocrx_word' id='word_1_207' title='bbox 3516 1440 3820 1514; x_wconf 76' lang='lat' dir='ltr'><strong>permise-</strong></span> 
     </span>
    </p>
   </div>
   <div class='ocr_carea' id='block_1_28' title="bbox 2207 1527 3822 1606">
    <p class='ocr_par' dir='ltr' id='par_1_28' title="bbox 2207 1527 3822 1606">
     <span class='ocr_line' id='line_1_28' title="bbox 2207 1527 3822 1606; baseline 0.002 -17"><span class='ocrx_word' id='word_1_208' title='bbox 2207 1534 2456 1591; x_wconf 80' lang='lat' dir='ltr'><strong>ricordiae</strong></span> <span class='ocrx_word' id='word_1_209' title='bbox 2483 1533 2693 1590; x_wconf 78' lang='lat' dir='ltr'><strong>viscera</strong></span> <span class='ocrx_word' id='word_1_210' title='bbox 2719 1532 3054 1600; x_wconf 77' lang='lat' dir='ltr'><strong>reﬁciuntur.</strong></span> <span class='ocrx_word' id='word_1_211' title='bbox 3079 1542 3137 1590; x_wconf 90' lang='lat' dir='ltr'><strong>et</strong></span> <span class='ocrx_word' id='word_1_212' title='bbox 3162 1533 3369 1591; x_wconf 84' lang='lat' dir='ltr'><strong>in&#39;ﬁliis</strong></span> <span class='ocrx_word' id='word_1_213' title='bbox 3395 1534 3615 1606; x_wconf 87' lang='lat' dir='ltr'><strong>pietatis</strong></span> <span class='ocrx_word' id='word_1_214' title='bbox 3639 1527 3822 1605; x_wconf 68' lang='lat' dir='ltr'><strong>atque</strong></span> 
     </span>
    </p>
   </div>
   <div class='ocr_carea' id='block_1_29' title="bbox 2204 1624 3820 1697">
    <p class='ocr_par' dir='ltr' id='par_1_29' title="bbox 2204 1624 3820 1697">
     <span class='ocr_line' id='line_1_29' title="bbox 2204 1624 3820 1697; baseline 0.002 -16"><span class='ocrx_word' id='word_1_215' title='bbox 2204 1625 2426 1695; x_wconf 71' lang='lat' dir='ltr'><strong>iustitia:</strong></span> <span class='ocrx_word' id='word_1_216' title='bbox 2456 1626 2890 1697; x_wconf 88' lang='lat' dir='ltr'><strong>conquiescunt;</strong></span> <span class='ocrx_word' id='word_1_217' title='bbox 2916 1632 2971 1681; x_wconf 90' lang='lat' dir='ltr'><strong>te</strong></span> <span class='ocrx_word' id='word_1_218' title='bbox 2997 1626 3053 1681; x_wconf 91' lang='lat' dir='ltr'><strong>in</strong></span> <span class='ocrx_word' id='word_1_219' title='bbox 3080 1625 3332 1683; x_wconf 89' lang='lat' dir='ltr'><strong>omnibus</strong></span> <span class='ocrx_word' id='word_1_220' title='bbox 3357 1624 3681 1685; x_wconf 85' lang='lat' dir='ltr'><strong>eruditionis</strong></span> <span class='ocrx_word' id='word_1_221' title='bbox 3701 1633 3820 1684; x_wconf 71' lang='lat' dir='ltr'><strong>tua</strong></span> 
     </span>
    </p>
   </div>
   <div class='ocr_carea' id='block_1_30' title="bbox 2211 1714 3820 1789">
    <p class='ocr_par' dir='ltr' id='par_1_30' title="bbox 2211 1714 3820 1789">
     <span class='ocr_line' id='line_1_30' title="bbox 2211 1714 3820 1789; baseline 0.001 -16"><span class='ocrx_word' id='word_1_222' title='bbox 2211 1718 2333 1774; x_wconf 72' lang='lat' dir='ltr'><strong>ﬁliis</strong></span> <span class='ocrx_word' id='word_1_223' title='bbox 2374 1716 2656 1787; x_wconf 76' lang='lat' dir='ltr'><strong>diligentes</strong></span> <span class='ocrx_word' id='word_1_224' title='bbox 2678 1758 2695 1786; x_wconf 89' lang='lat'><strong>,</strong></span> <span class='ocrx_word' id='word_1_225' title='bbox 2722 1725 2779 1775; x_wconf 91' lang='lat' dir='ltr'><strong>et</strong></span> <span class='ocrx_word' id='word_1_226' title='bbox 2806 1716 2861 1773; x_wconf 88' lang='lat' dir='ltr'><strong>in</strong></span> <span class='ocrx_word' id='word_1_227' title='bbox 2890 1724 2947 1773; x_wconf 90' lang='lat' dir='ltr'><strong>te</strong></span> <span class='ocrx_word' id='word_1_228' title='bbox 2971 1714 3250 1773; x_wconf 76' lang='lat' dir='ltr'><strong>Christum</strong></span> <span class='ocrx_word' id='word_1_229' title='bbox 3284 1725 3568 1783; x_wconf 86' lang='lat' dir='ltr'><strong>amantes,</strong></span> <span class='ocrx_word' id='word_1_230' title='bbox 3600 1731 3668 1775; x_wconf 87' lang='lat' dir='ltr'><strong>ac</strong></span> <span class='ocrx_word' id='word_1_231' title='bbox 3706 1730 3820 1789; x_wconf 76' lang='lat' dir='ltr'><strong>per</strong></span> 
     </span>
    </p>
   </div>
   <div class='ocr_carea' id='block_1_31' title="bbox 2209 1796 3818 1881">
    <p class='ocr_par' dir='ltr' id='par_1_31' title="bbox 2209 1796 3818 1881">
     <span class='ocr_line' id='line_1_31' title="bbox 2209 1796 3818 1881; baseline -0.001 -13"><span class='ocrx_word' id='word_1_232' title='bbox 2209 1810 2317 1868; x_wconf 88' lang='lat' dir='ltr'><strong>hoc</strong></span> <span class='ocrx_word' id='word_1_233' title='bbox 2336 1808 2561 1867; x_wconf 82' lang='lat' dir='ltr'><strong>virtutes</strong></span> <span class='ocrx_word' id='word_1_234' title='bbox 2585 1807 2704 1876; x_wconf 87' lang='lat' dir='ltr'><strong>Dei,</strong></span> <span class='ocrx_word' id='word_1_235' title='bbox 2734 1806 2790 1864; x_wconf 88' lang='lat' dir='ltr'><strong>id</strong></span> <span class='ocrx_word' id='word_1_236' title='bbox 2816 1815 2900 1866; x_wconf 86' lang='lat' dir='ltr'><strong>est</strong></span> <span class='ocrx_word' id='word_1_237' title='bbox 2918 1796 3217 1881; x_wconf 77' lang='lat' dir='ltr'><strong>potentiam</strong></span> <span class='ocrx_word' id='word_1_238' title='bbox 3244 1805 3301 1865; x_wconf 91' lang='lat' dir='ltr'><strong>in</strong></span> <span class='ocrx_word' id='word_1_239' title='bbox 3325 1807 3543 1865; x_wconf 87' lang='lat' dir='ltr'><strong>Christo</strong></span> <span class='ocrx_word' id='word_1_240' title='bbox 3567 1822 3727 1865; x_wconf 87' lang='lat' dir='ltr'><strong>suam</strong></span> <span class='ocrx_word' id='word_1_241' title='bbox 3753 1808 3818 1867; x_wconf 87' lang='lat' dir='ltr'><strong>in</strong></span> 
     </span>
    </p>
   </div>
   <div class='ocr_carea' id='block_1_32' title="bbox 514 1892 3818 1977">
    <p class='ocr_par' dir='ltr' id='par_1_32' title="bbox 514 1892 3818 1977">
     <span class='ocr_line' id='line_1_32' title="bbox 514 1892 3818 1977; baseline 0.001 -17"><span class='ocrx_word' id='word_1_242' title='bbox 514 1900 611 1960; x_wconf 88' lang='lat' dir='ltr'><strong>siis</strong></span> <span class='ocrx_word' id='word_1_243' title='bbox 638 1909 696 1977; x_wconf 86' lang='lat' dir='ltr'><strong>et</strong></span> <span class='ocrx_word' id='word_1_244' title='bbox 720 1899 1068 1957; x_wconf 78' lang='lat' dir='ltr'><strong>monasteriis.</strong></span> <span class='ocrx_word' id='word_1_245' title='bbox 1087 1899 1246 1969; x_wconf 85' lang='lat' dir='ltr'><strong>plebe</strong></span> <span class='ocrx_word' id='word_1_246' title='bbox 1273 1898 1578 1955; x_wconf 86' lang='lat' dir='ltr'><strong>numerosis</strong></span> <span class='ocrx_word' id='word_1_247' title='bbox 1598 1938 1616 1966; x_wconf 92' lang='lat'><strong>,</strong></span> <span class='ocrx_word' id='word_1_248' title='bbox 1646 1913 1781 1970; x_wconf 87' lang='lat' dir='ltr'><strong>pace</strong></span> <span class='ocrx_word' id='word_1_249' title='bbox 1807 1898 1885 1971; x_wconf 67' lang='grc' dir='ltr'><strong>(ὁ)</strong></span> <span class='ocrx_word' id='word_1_250' title='bbox 1916 1912 2108 1955; x_wconf 87' lang='lat' dir='ltr'><strong>conso-</strong></span> <span class='ocrx_word' id='word_1_251' title='bbox 2149 1918 2190 1975; x_wconf 54' lang='grc' dir='ltr'><strong>ιι</strong></span> <span class='ocrx_word' id='word_1_252' title='bbox 2215 1912 2306 1961; x_wconf 88' lang='lat' dir='ltr'><strong>tua</strong></span> <span class='ocrx_word' id='word_1_253' title='bbox 2346 1902 2685 1976; x_wconf 86' lang='lat' dir='ltr'><strong>potissimum</strong></span> <span class='ocrx_word' id='word_1_254' title='bbox 2723 1900 2940 1959; x_wconf 82' lang='lat' dir='ltr'><strong>civitate</strong></span> <span class='ocrx_word' id='word_1_255' title='bbox 2958 1943 2973 1965; x_wconf 90' lang='lat'><strong>,</strong></span> <span class='ocrx_word' id='word_1_256' title='bbox 3006 1892 3079 1958; x_wconf 58' lang='lat' dir='ltr'><strong>ut&#39;</strong></span> <span class='ocrx_word' id='word_1_257' title='bbox 3098 1902 3409 1959; x_wconf 82' lang='lat' dir='ltr'><strong>consortem</strong></span> <span class='ocrx_word' id='word_1_258' title='bbox 3436 1908 3493 1959; x_wconf 92' lang='lat' dir='ltr'><strong>te</strong></span> <span class='ocrx_word' id='word_1_259' title='bbox 3532 1916 3693 1962; x_wconf 87' lang='lat' dir='ltr'><strong>suum</strong></span> <span class='ocrx_word' id='word_1_260' title='bbox 3721 1909 3818 1961; x_wconf 85' lang='lat' dir='ltr'><strong>te-</strong></span> 
     </span>
    </p>
   </div>
   <div class='ocr_carea' id='block_1_33' title="bbox 502 1987 2109 2068">
    <p class='ocr_par' dir='ltr' id='par_1_33' title="bbox 502 1987 2109 2068">
     <span class='ocr_line' id='line_1_33' title="bbox 502 1987 2109 2068; baseline -0.001 -13"><span class='ocrx_word' id='word_1_261' title='bbox 502 1998 604 2055; x_wconf 62' lang='lat' dir='ltr'><strong>‘uis</strong></span> <span class='ocrx_word' id='word_1_262' title='bbox 632 1987 926 2054; x_wconf 83' lang='lat' dir='ltr'><strong>celebrant.</strong></span> <span class='ocrx_word' id='word_1_263' title='bbox 956 1993 1113 2062; x_wconf 81' lang='lat' dir='ltr'><strong>Quod</strong></span> <span class='ocrx_word' id='word_1_264' title='bbox 1138 2005 1486 2065; x_wconf 74' lang='lat' dir='ltr'><strong>quamquam</strong></span> <span class='ocrx_word' id='word_1_265' title='bbox 1505 1995 1559 2050; x_wconf 92' lang='lat' dir='ltr'><strong>in</strong></span> <span class='ocrx_word' id='word_1_266' title='bbox 1588 1995 1754 2052; x_wconf 90' lang='lat' dir='ltr'><strong>totius</strong></span> <span class='ocrx_word' id='word_1_267' title='bbox 1778 1991 1967 2052; x_wconf 73' lang='lat' dir='ltr'><strong>Gallize</strong></span> <span class='ocrx_word' id='word_1_268' title='bbox 1988 2011 2109 2068; x_wconf 87' lang='lat' dir='ltr'><strong>po-</strong></span> 
     </span>
    </p>
   </div>
   <div class='ocr_carea' id='block_1_34' title="bbox 511 2074 2104 2166">
    <p class='ocr_par' dir='ltr' id='par_1_34' title="bbox 511 2074 2104 2166">
     <span class='ocr_line' id='line_1_34' title="bbox 511 2074 2104 2166; baseline -0.003 -18"><span class='ocrx_word' id='word_1_269' title='bbox 511 2092 654 2166; x_wconf 88' lang='lat' dir='ltr'><strong>pulis</strong></span> <span class='ocrx_word' id='word_1_270' title='bbox 672 2099 731 2149; x_wconf 90' lang='lat' dir='ltr'><strong>et</strong></span> <span class='ocrx_word' id='word_1_271' title='bbox 746 2090 944 2162; x_wconf 86' lang='lat' dir='ltr'><strong>ubique</strong></span> <span class='ocrx_word' id='word_1_272' title='bbox 956 2090 997 2123; x_wconf 76' lang='grc' dir='ltr'>ιο</span> <span class='ocrx_word' id='word_1_273' title='bbox 1019 2074 1258 2159; x_wconf 82' lang='lat' dir='ltr'><strong>gentium</strong></span> <span class='ocrx_word' id='word_1_274' title='bbox 1276 2082 1519 2147; x_wconf 85' lang='lat' dir='ltr'><strong>Christus</strong></span> <span class='ocrx_word' id='word_1_275' title='bbox 1536 2092 1811 2161; x_wconf 81' lang='lat' dir='ltr'><strong>operetur,</strong></span> <span class='ocrx_word' id='word_1_276' title='bbox 1822 2075 1914 2161; x_wconf 86' lang='lat' dir='ltr'><strong>qui</strong></span> <span class='ocrx_word' id='word_1_277' title='bbox 1933 2096 2104 2145; x_wconf 88' lang='lat' dir='ltr'><strong>totum</strong></span> 
     </span>
    </p>
   </div>
   <div class='ocr_carea' id='block_1_35' title="bbox 512 2184 2107 2258">
    <p class='ocr_par' dir='ltr' id='par_1_35' title="bbox 512 2184 2107 2258">
     <span class='ocr_line' id='line_1_35' title="bbox 512 2184 2107 2258; baseline -0.003 -14"><span class='ocrx_word' id='word_1_278' title='bbox 512 2185 706 2244; x_wconf 88' lang='lat' dir='ltr'><strong>orbem</strong></span> <span class='ocrx_word' id='word_1_279' title='bbox 745 2186 929 2241; x_wconf 77' lang='lat' dir='ltr'><strong>circuit</strong></span> <span class='ocrx_word' id='word_1_280' title='bbox 970 2200 1205 2258; x_wconf 67' lang='lat' dir='ltr'><strong>quarens</strong></span> <span class='ocrx_word' id='word_1_281' title='bbox 1247 2185 1433 2256; x_wconf 76' lang='lat' dir='ltr'><strong>dignos</strong></span> <span class='ocrx_word' id='word_1_282' title='bbox 1461 2200 1538 2252; x_wconf 74' lang='lat' dir='ltr'><strong>se,</strong></span> <span class='ocrx_word' id='word_1_283' title='bbox 1566 2193 1619 2239; x_wconf 89' lang='lat' dir='ltr'><strong>et</strong></span> <span class='ocrx_word' id='word_1_284' title='bbox 1645 2201 1737 2256; x_wconf 79' lang='lat' dir='ltr'><strong>per</strong></span> <span class='ocrx_word' id='word_1_285' title='bbox 1762 2184 2003 2241; x_wconf 77' lang='lat' dir='ltr'><strong>notiones</strong></span> <span class='ocrx_word' id='word_1_286' title='bbox 2047 2186 2107 2241; x_wconf 74' lang='lat' dir='ltr'><strong>iit</strong></span> 
     </span>
    </p>
   </div>
   <div class='ocr_carea' id='block_1_36' title="bbox 516 2271 2109 2350">
    <p class='ocr_par' dir='ltr' id='par_1_36' title="bbox 516 2271 2109 2350">
     <span class='ocr_line' id='line_1_36' title="bbox 516 2271 2109 2350; baseline -0.003 -13"><span class='ocrx_word' id='word_1_287' title='bbox 516 2280 725 2337; x_wconf 61' lang='lat' dir='ltr'><strong>anitum</strong></span> <span class='ocrx_word' id='word_1_288' title='bbox 745 2288 957 2336; x_wconf 76' lang='lat' dir='ltr'><strong>sanctas</strong></span> <span class='ocrx_word' id='word_1_289' title='bbox 978 2295 1034 2334; x_wconf 83' lang='lat' dir='ltr'><strong>se</strong></span> <span class='ocrx_word' id='word_1_290' title='bbox 1054 2278 1303 2350; x_wconf 70' lang='lat' dir='ltr'><strong>transfert</strong></span> <span class='ocrx_word' id='word_1_291' title='bbox 1334 2288 1380 2343; x_wconf 69' lang='grc' dir='ltr'>ε,</span> <span class='ocrx_word' id='word_1_292' title='bbox 1411 2284 1461 2332; x_wconf 89' lang='lat' dir='ltr'><strong>et</strong></span> <span class='ocrx_word' id='word_1_293' title='bbox 1486 2271 1544 2331; x_wconf 78' lang='lat' dir='ltr'><strong>in</strong></span> <span class='ocrx_word' id='word_1_294' title='bbox 1566 2275 1661 2332; x_wconf 78' lang='lat' dir='ltr'><strong>viis</strong></span> <span class='ocrx_word' id='word_1_295' title='bbox 1694 2276 1765 2349; x_wconf 70' lang='grc' dir='ltr'><strong>(τ)</strong></span> <span class='ocrx_word' id='word_1_296' title='bbox 1792 2275 2109 2333; x_wconf 69' lang='lat' dir='ltr'><strong>direction&#39;m</strong></span> 
     </span>
    </p>
   </div>
   <div class='ocr_carea' id='block_1_37' title="bbox 509 2366 2104 2440">
    <p class='ocr_par' dir='ltr' id='par_1_37' title="bbox 509 2366 2104 2440">
     <span class='ocr_line' id='line_1_37' title="bbox 509 2366 2104 2440; baseline -0.007 -9"><span class='ocrx_word' id='word_1_297' title='bbox 509 2372 732 2431; x_wconf 78' lang='lat' dir='ltr'><strong>ostendit</strong></span> <span class='ocrx_word' id='word_1_298' title='bbox 776 2388 834 2427; x_wconf 80' lang='lat' dir='ltr'><strong>se</strong></span> <span class='ocrx_word' id='word_1_299' title='bbox 874 2370 1147 2435; x_wconf 78' lang='lat' dir='ltr'><strong>hilariter,</strong></span> <span class='ocrx_word' id='word_1_300' title='bbox 1193 2377 1246 2424; x_wconf 87' lang='lat' dir='ltr'><strong>et</strong></span> <span class='ocrx_word' id='word_1_301' title='bbox 1282 2370 1426 2424; x_wconf 80' lang='lat' dir='ltr'><strong>omni</strong></span> <span class='ocrx_word' id='word_1_302' title='bbox 1455 2366 1779 2440; x_wconf 73' lang='lat' dir='ltr'><strong>providentia</strong></span> <span class='ocrx_word' id='word_1_303' title='bbox 1825 2367 2049 2423; x_wconf 73' lang='lat' dir='ltr'><strong>occurrit</strong></span> <span class='ocrx_word' id='word_1_304' title='bbox 2072 2366 2104 2405; x_wconf 72' lang='grc' dir='ltr'><strong><em>ἀ</em></strong></span> 
     </span>
    </p>
   </div>
   <div class='ocr_carea' id='block_1_38' title="bbox 512 2455 2101 2529">
    <p class='ocr_par' dir='ltr' id='par_1_38' title="bbox 512 2455 2101 2529">
     <span class='ocr_line' id='line_1_38' title="bbox 512 2455 2101 2529; baseline -0.004 -9"><span class='ocrx_word' id='word_1_305' title='bbox 512 2462 845 2521; x_wconf 86' lang='lat' dir='ltr'><strong>amatoribus</strong></span> <span class='ocrx_word' id='word_1_306' title='bbox 864 2461 980 2518; x_wconf 83' lang='lat' dir='ltr'><strong>suis</strong></span> <span class='ocrx_word' id='word_1_307' title='bbox 1012 2478 1027 2514; x_wconf 88' lang='lat'><strong>:</strong></span> <span class='ocrx_word' id='word_1_308' title='bbox 1060 2468 1243 2527; x_wconf 76' lang='lat' dir='ltr'><strong>tamen</strong></span> <span class='ocrx_word' id='word_1_309' title='bbox 1281 2458 1339 2514; x_wconf 90' lang='lat' dir='ltr'><strong>in</strong></span> <span class='ocrx_word' id='word_1_310' title='bbox 1373 2458 1736 2513; x_wconf 88' lang='lat' dir='ltr'><strong>remotissimo</strong></span> <span class='ocrx_word' id='word_1_311' title='bbox 1758 2456 1972 2513; x_wconf 86' lang='lat' dir='ltr'><strong>Nervtci</strong></span> <span class='ocrx_word' id='word_1_312' title='bbox 1999 2455 2101 2529; x_wconf 84' lang='lat' dir='ltr'><strong>(V.</strong></span> 
     </span>
    </p>
   </div>
   <div class='ocr_carea' id='block_1_39' title="bbox 510 2547 2104 2631">
    <p class='ocr_par' dir='ltr' id='par_1_39' title="bbox 510 2547 2104 2631">
     <span class='ocr_line' id='line_1_39' title="bbox 510 2547 2104 2631; baseline -0.004 -20"><span class='ocrx_word' id='word_1_313' title='bbox 510 2564 638 2631; x_wconf 67' lang='lat' dir='ltr'><strong>not.</strong></span> <span class='ocrx_word' id='word_1_314' title='bbox 658 2553 728 2610; x_wconf 76' lang='lat'><strong>58</strong></span> <span class='ocrx_word' id='word_1_315' title='bbox 748 2548 778 2626; x_wconf 78' lang='grc'><strong>)’</strong></span> <span class='ocrx_word' id='word_1_316' title='bbox 796 2552 997 2610; x_wconf 87' lang='lat' dir='ltr'><strong>littoris</strong></span> <span class='ocrx_word' id='word_1_317' title='bbox 1041 2559 1235 2617; x_wconf 87' lang='lat' dir='ltr'><strong>tractu,</strong></span> <span class='ocrx_word' id='word_1_318' title='bbox 1265 2563 1427 2620; x_wconf 86' lang='lat' dir='ltr'><strong>quem</strong></span> <span class='ocrx_word' id='word_1_319' title='bbox 1457 2548 1605 2606; x_wconf 88' lang='lat' dir='ltr'><strong>tenui</strong></span> <span class='ocrx_word' id='word_1_320' title='bbox 1642 2547 1872 2605; x_wconf 84' lang='lat' dir='ltr'><strong>antehac</strong></span> <span class='ocrx_word' id='word_1_321' title='bbox 1907 2547 2104 2619; x_wconf 88' lang='lat' dir='ltr'><strong>spiritu</strong></span> 
     </span>
    </p>
   </div>
   <div class='ocr_carea' id='block_1_40' title="bbox 511 2632 2103 2718">
    <p class='ocr_par' dir='ltr' id='par_1_40' title="bbox 511 2632 2103 2718">
     <span class='ocr_line' id='line_1_40' title="bbox 511 2632 2103 2718; baseline -0.006 -12"><span class='ocrx_word' id='word_1_322' title='bbox 511 2646 645 2705; x_wconf 90' lang='lat' dir='ltr'><strong>ﬁdes</strong></span> <span class='ocrx_word' id='word_1_323' title='bbox 669 2646 914 2703; x_wconf 85' lang='lat' dir='ltr'><strong>veritatis</strong></span> <span class='ocrx_word' id='word_1_324' title='bbox 940 2642 1237 2709; x_wconf 81' lang='lat' dir='ltr'><strong>aﬂlaverat,</strong></span> <span class='ocrx_word' id='word_1_325' title='bbox 1269 2650 1325 2698; x_wconf 92' lang='lat' dir='ltr'><strong>et</strong></span> <span class='ocrx_word' id='word_1_326' title='bbox 1352 2632 1580 2715; x_wconf 74' lang='lat' dir='ltr'><strong>(Latin.</strong></span> <span class='ocrx_word' id='word_1_327' title='bbox 1596 2643 1731 2713; x_wconf 77' lang='lat' dir='ltr'><strong>forte</strong></span> <span class='ocrx_word' id='word_1_328' title='bbox 1758 2641 1851 2713; x_wconf 91' lang='lat' dir='ltr'><strong>te)</strong></span> <span class='ocrx_word' id='word_1_329' title='bbox 1877 2640 2103 2718; x_wconf 75' lang='lat' dir='ltr'><strong>potissi-</strong></span> 
     </span>
    </p>
   </div>
   <div class='ocr_carea' id='block_1_41' title="bbox 510 2734 2108 2808">
    <p class='ocr_par' dir='ltr' id='par_1_41' title="bbox 510 2734 2108 2808">
     <span class='ocr_line' id='line_1_41' title="bbox 510 2734 2108 2808; baseline -0.006 -9"><span class='ocrx_word' id='word_1_330' title='bbox 510 2757 657 2798; x_wconf 84' lang='lat' dir='ltr'><strong>mum</strong></span> <span class='ocrx_word' id='word_1_331' title='bbox 685 2741 742 2796; x_wconf 88' lang='lat' dir='ltr'><strong>in</strong></span> <span class='ocrx_word' id='word_1_332' title='bbox 762 2741 913 2796; x_wconf 78' lang='lat' dir='ltr'><strong>vas“</strong></span> <span class='ocrx_word' id='word_1_333' title='bbox 937 2737 1218 2795; x_wconf 89' lang='lat' dir='ltr'><strong>electionis</strong></span> <span class='ocrx_word' id='word_1_334' title='bbox 1246 2735 1537 2807; x_wconf 78' lang='lat' dir='ltr'><strong>excerpsit,</strong></span> <span class='ocrx_word' id='word_1_335' title='bbox 1566 2734 1621 2792; x_wconf 90' lang='lat' dir='ltr'><strong>in</strong></span> <span class='ocrx_word' id='word_1_336' title='bbox 1651 2742 1704 2791; x_wconf 89' lang='lat' dir='ltr'><strong>te</strong></span> <span class='ocrx_word' id='word_1_337' title='bbox 1725 2734 1805 2808; x_wconf 74' lang='grc' dir='ltr'><strong>(ἀ)</strong></span> <span class='ocrx_word' id='word_1_338' title='bbox 1833 2748 2006 2806; x_wconf 76' lang='lat' dir='ltr'><strong>prima</strong></span> <span class='ocrx_word' id='word_1_339' title='bbox 2025 2748 2108 2791; x_wconf 88' lang='lat' dir='ltr'><strong>re-</strong></span> 
     </span>
    </p>
   </div>
   <div class='ocr_carea' id='block_1_42' title="bbox 510 2827 2098 2901">
    <p class='ocr_par' dir='ltr' id='par_1_42' title="bbox 510 2827 2098 2901">
     <span class='ocr_line' id='line_1_42' title="bbox 510 2827 2098 2901; baseline -0.005 -10"><span class='ocrx_word' id='word_1_340' title='bbox 510 2832 659 2891; x_wconf 79' lang='lat' dir='ltr'><strong>fulsit</strong></span> <span class='ocrx_word' id='word_1_341' title='bbox 685 2832 902 2898; x_wconf 83' lang='lat' dir='ltr'><strong>clarius,</strong></span> <span class='ocrx_word' id='word_1_342' title='bbox 934 2830 1156 2887; x_wconf 88' lang='lat' dir='ltr'><strong>incaluit</strong></span> <span class='ocrx_word' id='word_1_343' title='bbox 1179 2828 1479 2898; x_wconf 82' lang='lat' dir='ltr'><strong>ardentius,</strong></span> <span class='ocrx_word' id='word_1_344' title='bbox 1500 2835 1556 2885; x_wconf 92' lang='lat' dir='ltr'><strong>et</strong></span> <span class='ocrx_word' id='word_1_345' title='bbox 1576 2828 1797 2901; x_wconf 90' lang='lat' dir='ltr'><strong>propius</strong></span> <span class='ocrx_word' id='word_1_346' title='bbox 1815 2827 2098 2899; x_wconf 87' lang='lat' dir='ltr'><strong>apparuit;</strong></span> 
     </span>
    </p>
   </div>
   <div class='ocr_carea' id='block_1_43' title="bbox 509 2918 2102 2995">
    <p class='ocr_par' dir='ltr' id='par_1_43' title="bbox 509 2918 2102 2995">
     <span class='ocr_line' id='line_1_43' title="bbox 509 2918 2102 2995; baseline -0.003 -13"><span class='ocrx_word' id='word_1_347' title='bbox 509 2932 568 2982; x_wconf 88' lang='lat' dir='ltr'><strong>et</strong></span> <span class='ocrx_word' id='word_1_348' title='bbox 588 2923 644 2981; x_wconf 91' lang='lat' dir='ltr'><strong>in</strong></span> <span class='ocrx_word' id='word_1_349' title='bbox 669 2937 780 2995; x_wconf 89' lang='lat' dir='ltr'><strong>quo</strong></span> <span class='ocrx_word' id='word_1_350' title='bbox 807 2921 1167 2979; x_wconf 82' lang='lat' dir='ltr'><strong>sanetitlcaret</strong></span> <span class='ocrx_word' id='word_1_351' title='bbox 1193 2920 1304 2976; x_wconf 90' lang='lat' dir='ltr'><strong>illic</strong></span> <span class='ocrx_word' id='word_1_352' title='bbox 1325 2933 1524 2976; x_wconf 90' lang='lat' dir='ltr'><strong>nomen</strong></span> <span class='ocrx_word' id='word_1_353' title='bbox 1545 2934 1725 2989; x_wconf 89' lang='lat' dir='ltr'><strong>suum,</strong></span> <span class='ocrx_word' id='word_1_354' title='bbox 1745 2928 1802 2975; x_wconf 91' lang='lat' dir='ltr'><strong>et</strong></span> <span class='ocrx_word' id='word_1_355' title='bbox 1827 2934 1930 2989; x_wconf 84' lang='lat' dir='ltr'><strong>per</strong></span> <span class='ocrx_word' id='word_1_356' title='bbox 1946 2918 2102 2990; x_wconf 86' lang='lat' dir='ltr'><strong>cujus</strong></span> 
     </span>
    </p>
   </div>
   <div class='ocr_carea' id='block_1_44' title="bbox 508 3011 2103 3074">
    <p class='ocr_par' dir='ltr' id='par_1_44' title="bbox 508 3011 2103 3074">
     <span class='ocr_line' id='line_1_44' title="bbox 508 3011 2103 3074; baseline -0.004 1"><span class='ocrx_word' id='word_1_357' title='bbox 508 3030 710 3074; x_wconf 85' lang='lat' dir='ltr'><strong>nomen</strong></span> <span class='ocrx_word' id='word_1_358' title='bbox 728 3014 893 3073; x_wconf 87' lang='lat' dir='ltr'><strong>etiam</strong></span> <span class='ocrx_word' id='word_1_359' title='bbox 915 3012 1046 3070; x_wconf 88' lang='lat' dir='ltr'><strong>solis</strong></span> <span class='ocrx_word' id='word_1_360' title='bbox 1066 3011 1136 3069; x_wconf 87' lang='lat' dir='ltr'><strong>ab</strong></span> <span class='ocrx_word' id='word_1_361' title='bbox 1152 3026 1362 3069; x_wconf 83' lang='lat' dir='ltr'><strong>occasu</strong></span> <span class='ocrx_word' id='word_1_362' title='bbox 1383 3012 1438 3068; x_wconf 94' lang='lat' dir='ltr'><strong>in</strong></span> <span class='ocrx_word' id='word_1_363' title='bbox 1463 3024 1680 3069; x_wconf 88' lang='lat' dir='ltr'><strong>omnem</strong></span> <span class='ocrx_word' id='word_1_364' title='bbox 1708 3017 1908 3068; x_wconf 88' lang='lat' dir='ltr'><strong>terram</strong></span> <span class='ocrx_word' id='word_1_365' title='bbox 1932 3027 2103 3070; x_wconf 89' lang='lat' dir='ltr'><strong>sonus</strong></span> 
     </span>
    </p>
   </div>
   <div class='ocr_carea' id='block_1_45' title="bbox 510 3107 1722 3189">
    <p class='ocr_par' dir='ltr' id='par_1_45' title="bbox 510 3107 1722 3189">
     <span class='ocr_line' id='line_1_45' title="bbox 510 3107 1722 3189; baseline -0.004 -22"><span class='ocrx_word' id='word_1_366' title='bbox 510 3108 632 3181; x_wconf 85' lang='lat' dir='ltr'><strong>ejus</strong></span> <span class='ocrx_word' id='word_1_367' title='bbox 650 3109 847 3176; x_wconf 85' lang='lat' dir='ltr'><strong>exiret,</strong></span> <span class='ocrx_word' id='word_1_368' title='bbox 872 3107 1127 3164; x_wconf 84' lang='lat' dir='ltr'><strong>assumsit</strong></span> <span class='ocrx_word' id='word_1_369' title='bbox 1148 3117 1193 3161; x_wconf 74' lang='grc' dir='ltr'><strong>ο.</strong></span> <span class='ocrx_word' id='word_1_370' title='bbox 1716 3182 1722 3189; x_wconf 21' lang='grc' dir='ltr'><strong><em>θ</em></strong></span> 
     </span>
    </p>
   </div>
   <div class='ocr_carea' id='block_1_46' title="bbox 580 3198 2102 3274">
    <p class='ocr_par' dir='ltr' id='par_1_46' title="bbox 580 3198 2102 3274">
     <span class='ocr_line' id='line_1_46' title="bbox 580 3198 2102 3274; baseline 0 -17"><span class='ocrx_word' id='word_1_371' title='bbox 580 3201 636 3259; x_wconf 80' lang='lat'><strong>5.</strong></span> <span class='ocrx_word' id='word_1_372' title='bbox 673 3201 916 3274; x_wconf 86' lang='lat' dir='ltr'><strong>Denique</strong></span> <span class='ocrx_word' id='word_1_373' title='bbox 941 3215 1086 3257; x_wconf 90' lang='lat' dir='ltr'><strong>nunc</strong></span> <span class='ocrx_word' id='word_1_374' title='bbox 1104 3198 1463 3271; x_wconf 87' lang='lat' dir='ltr'><strong>Rotomagum</strong></span> <span class='ocrx_word' id='word_1_375' title='bbox 1492 3200 1535 3233; x_wconf 81' lang='grc'>¹¹</span> <span class='ocrx_word' id='word_1_376' title='bbox 1563 3205 1620 3256; x_wconf 91' lang='lat' dir='ltr'><strong>et</strong></span> <span class='ocrx_word' id='word_1_377' title='bbox 1645 3198 1834 3257; x_wconf 88' lang='lat' dir='ltr'><strong>vicinis</strong></span> <span class='ocrx_word' id='word_1_378' title='bbox 1864 3208 1991 3257; x_wconf 85' lang='lat' dir='ltr'><strong>ante</strong></span> <span class='ocrx_word' id='word_1_379' title='bbox 2012 3214 2102 3257; x_wconf 87' lang='lat' dir='ltr'><strong>re-</strong></span> 
     </span>
    </p>
   </div>
   <div class='ocr_carea' id='block_1_47' title="bbox 2213 2002 2771 2067">
    <p class='ocr_par' dir='ltr' id='par_1_47' title="bbox 2213 2002 2771 2067">
     <span class='ocr_line' id='line_1_47' title="bbox 2213 2002 2771 2067; baseline -0.007 -16"><span class='ocrx_word' id='word_1_380' title='bbox 2213 2002 2444 2060; x_wconf 86' lang='lat' dir='ltr'><strong>stentur,</strong></span> <span class='ocrx_word' id='word_1_381' title='bbox 2466 2002 2771 2067; x_wconf 79' lang='lat' dir='ltr'><strong>operantes.</strong></span> 
     </span>
    </p>
   </div>
   <div class='ocr_carea' id='block_1_48' title="bbox 2286 2082 3817 2156">
    <p class='ocr_par' dir='ltr' id='par_1_48' title="bbox 2286 2082 3817 2156">
     <span class='ocr_line' id='line_1_48' title="bbox 2286 2082 3817 2156; baseline 0.001 -15"><span class='ocrx_word' id='word_1_382' title='bbox 2286 2084 2341 2141; x_wconf 86' lang='lat'><strong>6.</strong></span> <span class='ocrx_word' id='word_1_383' title='bbox 2380 2084 2564 2143; x_wconf 84' lang='lat' dir='ltr'><strong>Gratia</strong></span> <span class='ocrx_word' id='word_1_384' title='bbox 2593 2084 2670 2140; x_wconf 90' lang='lat' dir='ltr'><strong>illi</strong></span> <span class='ocrx_word' id='word_1_385' title='bbox 2696 2092 2753 2141; x_wconf 92' lang='lat' dir='ltr'><strong>et</strong></span> <span class='ocrx_word' id='word_1_386' title='bbox 2775 2082 2965 2155; x_wconf 75' lang='lat' dir='ltr'><strong>gloria,</strong></span> <span class='ocrx_word' id='word_1_387' title='bbox 2995 2084 3089 2155; x_wconf 91' lang='lat' dir='ltr'><strong>qui</strong></span> <span class='ocrx_word' id='word_1_388' title='bbox 3102 2098 3271 2156; x_wconf 87' lang='lat' dir='ltr'><strong>opera</strong></span> <span class='ocrx_word' id='word_1_389' title='bbox 3296 2082 3556 2141; x_wconf 88' lang='lat' dir='ltr'><strong>manuum</strong></span> <span class='ocrx_word' id='word_1_390' title='bbox 3580 2099 3817 2142; x_wconf 85' lang='lat' dir='ltr'><strong>suarum</strong></span> 
     </span>
    </p>
   </div>
   <div class='ocr_carea' id='block_1_49' title="bbox 2215 2176 3818 2250">
    <p class='ocr_par' dir='ltr' id='par_1_49' title="bbox 2215 2176 3818 2250">
     <span class='ocr_line' id='line_1_49' title="bbox 2215 2176 3818 2250; baseline 0.001 -16"><span class='ocrx_word' id='word_1_391' title='bbox 2215 2195 2325 2234; x_wconf 90' lang='lat' dir='ltr'><strong>non</strong></span> <span class='ocrx_word' id='word_1_392' title='bbox 2354 2179 2611 2235; x_wconf 87' lang='lat' dir='ltr'><strong>omittens</strong></span> <span class='ocrx_word' id='word_1_393' title='bbox 2634 2194 2838 2234; x_wconf 78' lang='lat' dir='ltr'><strong>manent</strong></span> <span class='ocrx_word' id='word_1_394' title='bbox 2862 2178 3124 2234; x_wconf 66' lang='lat' dir='ltr'><strong>hominem</strong></span> <span class='ocrx_word' id='word_1_395' title='bbox 3150 2177 3257 2234; x_wconf 77' lang='lat' dir='ltr'><strong>uult</strong></span> <span class='ocrx_word' id='word_1_396' title='bbox 3278 2177 3479 2235; x_wconf 69' lang='lat' dir='ltr'><strong>saluum</strong></span> <span class='ocrx_word' id='word_1_397' title='bbox 3501 2176 3641 2250; x_wconf 71' lang='lat' dir='ltr'><strong>ﬁeri,</strong></span> <span class='ocrx_word' id='word_1_398' title='bbox 3669 2187 3726 2235; x_wconf 81' lang='lat' dir='ltr'><strong>et</strong></span> <span class='ocrx_word' id='word_1_399' title='bbox 3750 2179 3818 2235; x_wconf 73' lang='lat' dir='ltr'><strong>ira</strong></span> 
     </span>
    </p>
   </div>
   <div class='ocr_carea' id='block_1_50' title="bbox 2214 2268 3819 2345">
    <p class='ocr_par' dir='ltr' id='par_1_50' title="bbox 2214 2268 3819 2345">
     <span class='ocr_line' id='line_1_50' title="bbox 2214 2268 3819 2345; baseline 0.002 -18"><span class='ocrx_word' id='word_1_400' title='bbox 2214 2273 2530 2345; x_wconf 82' lang='lat' dir='ltr'><strong>agnitionem</strong></span> <span class='ocrx_word' id='word_1_401' title='bbox 2548 2273 2777 2328; x_wconf 74' lang='lat' dir='ltr'><strong>veritatis</strong></span> <span class='ocrx_word' id='word_1_402' title='bbox 2795 2273 2969 2329; x_wconf 77' lang='lat' dir='ltr'><strong>uenire</strong></span> <span class='ocrx_word' id='word_1_403' title='bbox 2988 2268 3041 2340; x_wconf 73' lang='grc' dir='ltr'><strong>ις</strong></span> <span class='ocrx_word' id='word_1_404' title='bbox 3067 2279 3125 2329; x_wconf 89' lang='lat' dir='ltr'><strong>et</strong></span> <span class='ocrx_word' id='word_1_405' title='bbox 3143 2270 3369 2345; x_wconf 85' lang='lat' dir='ltr'><strong>pedibus</strong></span> <span class='ocrx_word' id='word_1_406' title='bbox 3386 2270 3665 2344; x_wconf 85' lang='lat' dir='ltr'><strong>Evangelii</strong></span> <span class='ocrx_word' id='word_1_407' title='bbox 3685 2281 3819 2331; x_wconf 89' lang='lat' dir='ltr'><strong>toto</strong></span> 
     </span>
    </p>
   </div>
   <div class='ocr_carea' id='block_1_51' title="bbox 2213 2364 3818 2440">
    <p class='ocr_par' dir='ltr' id='par_1_51' title="bbox 2213 2364 3818 2440">
     <span class='ocr_line' id='line_1_51' title="bbox 2213 2364 3818 2440; baseline 0.002 -20"><span class='ocrx_word' id='word_1_408' title='bbox 2213 2364 2345 2420; x_wconf 87' lang='lat' dir='ltr'><strong>orbe</strong></span> <span class='ocrx_word' id='word_1_409' title='bbox 2375 2364 2705 2434; x_wconf 72' lang='lat' dir='ltr'><strong>discurrens,</strong></span> <span class='ocrx_word' id='word_1_410' title='bbox 2729 2369 2786 2419; x_wconf 92' lang='lat' dir='ltr'><strong>te</strong></span> <span class='ocrx_word' id='word_1_411' title='bbox 2810 2376 3028 2435; x_wconf 87' lang='lat' dir='ltr'><strong>quoque</strong></span> <span class='ocrx_word' id='word_1_412' title='bbox 3058 2364 3375 2436; x_wconf 83' lang='lat' dir='ltr'><strong>speciosum</strong></span> <span class='ocrx_word' id='word_1_413' title='bbox 3400 2365 3555 2424; x_wconf 85' lang='lat' dir='ltr'><strong>verbi</strong></span> <span class='ocrx_word' id='word_1_414' title='bbox 3583 2365 3670 2423; x_wconf 91' lang='lat' dir='ltr'><strong>sui</strong></span> <span class='ocrx_word' id='word_1_415' title='bbox 3709 2381 3818 2440; x_wconf 79' lang='lat' dir='ltr'><strong>pe-</strong></span> 
     </span>
    </p>
   </div>
   <div class='ocr_carea' id='block_1_52' title="bbox 2211 2445 3819 2530">
    <p class='ocr_par' dir='ltr' id='par_1_52' title="bbox 2211 2445 3819 2530">
     <span class='ocr_line' id='line_1_52' title="bbox 2211 2445 3819 2530; baseline 0.001 -17"><span class='ocrx_word' id='word_1_416' title='bbox 2211 2457 2336 2513; x_wconf 84' lang='lat' dir='ltr'><strong>dem</strong></span> <span class='ocrx_word' id='word_1_417' title='bbox 2364 2456 2563 2524; x_wconf 86' lang='lat' dir='ltr'><strong>facere,</strong></span> <span class='ocrx_word' id='word_1_418' title='bbox 2591 2455 2646 2512; x_wconf 91' lang='lat' dir='ltr'><strong>iu</strong></span> <span class='ocrx_word' id='word_1_419' title='bbox 2672 2471 2782 2529; x_wconf 90' lang='lat' dir='ltr'><strong>quo</strong></span> <span class='ocrx_word' id='word_1_420' title='bbox 2807 2455 3092 2513; x_wconf 65' lang='lat' dir='ltr'><strong>exultaret</strong></span> <span class='ocrx_word' id='word_1_421' title='bbox 3122 2464 3180 2511; x_wconf 77' lang='lat' dir='ltr'><strong>ut</strong></span> <span class='ocrx_word' id='word_1_422' title='bbox 3211 2457 3359 2530; x_wconf 80' lang='lat' dir='ltr'><strong>gigas</strong></span> <span class='ocrx_word' id='word_1_423' title='bbox 3396 2456 3469 2513; x_wconf 73' lang='lat' dir='ltr'><strong>ad</strong></span> <span class='ocrx_word' id='word_1_424' title='bbox 3491 2445 3819 2517; x_wconf 61' lang='lat' dir='ltr'><strong>extrudam</strong></span> 
     </span>
    </p>
   </div>
   <div class='ocr_carea' id='block_1_53' title="bbox 2209 2548 3819 2622">
    <p class='ocr_par' dir='ltr' id='par_1_53' title="bbox 2209 2548 3819 2622">
     <span class='ocr_line' id='line_1_53' title="bbox 2209 2548 3819 2622; baseline 0.002 -18"><span class='ocrx_word' id='word_1_425' title='bbox 2209 2550 2380 2617; x_wconf 79' lang='lat' dir='ltr'><strong>uiam,</strong></span> <span class='ocrx_word' id='word_1_426' title='bbox 2406 2556 2464 2605; x_wconf 90' lang='lat' dir='ltr'><strong>et</strong></span> <span class='ocrx_word' id='word_1_427' title='bbox 2507 2549 2565 2604; x_wconf 90' lang='lat' dir='ltr'><strong>in</strong></span> <span class='ocrx_word' id='word_1_428' title='bbox 2601 2548 3049 2621; x_wconf 83' lang='lat' dir='ltr'><strong>praeparationem</strong></span> <span class='ocrx_word' id='word_1_429' title='bbox 3094 2548 3461 2620; x_wconf 88' lang='lat' dir='ltr'><strong>evangelicam</strong></span> <span class='ocrx_word' id='word_1_430' title='bbox 3504 2549 3656 2622; x_wconf 86' lang='lat' dir='ltr'><strong>pacis</strong></span> <span class='ocrx_word' id='word_1_431' title='bbox 3693 2561 3819 2608; x_wconf 70' lang='lat' dir='ltr'><strong>sua</strong></span> 
     </span>
    </p>
   </div>
   <div class='ocr_carea' id='block_1_54' title="bbox 2210 2632 3817 2721">
    <p class='ocr_par' dir='ltr' id='par_1_54' title="bbox 2210 2632 3817 2721">
     <span class='ocr_line' id='line_1_54' title="bbox 2210 2632 3817 2721; baseline 0.001 -24"><span class='ocrx_word' id='word_1_432' title='bbox 2210 2640 2439 2712; x_wconf 87' lang='lat' dir='ltr'><strong>vestigio</strong></span> <span class='ocrx_word' id='word_1_433' title='bbox 2467 2641 2711 2698; x_wconf 87' lang='lat' dir='ltr'><strong>calceare</strong></span> <span class='ocrx_word' id='word_1_434' title='bbox 2734 2640 2982 2709; x_wconf 85' lang='lat' dir='ltr'><strong>dignatus</strong></span> <span class='ocrx_word' id='word_1_435' title='bbox 3008 2646 3092 2698; x_wconf 86' lang='lat' dir='ltr'><strong>est</strong></span> <span class='ocrx_word' id='word_1_436' title='bbox 3116 2636 3163 2708; x_wconf 82' lang='grc' dir='ltr'>ι,</span> <span class='ocrx_word' id='word_1_437' title='bbox 3192 2648 3379 2713; x_wconf 77' lang='grc' dir='ltr'>ιιιιιει-</span> <span class='ocrx_word' id='word_1_438' title='bbox 3406 2648 3460 2697; x_wconf 88' lang='lat' dir='ltr'><strong>te</strong></span> <span class='ocrx_word' id='word_1_439' title='bbox 3482 2632 3704 2721; x_wconf 80' lang='lat' dir='ltr'><strong>quoque</strong></span> <span class='ocrx_word' id='word_1_440' title='bbox 3723 2658 3817 2698; x_wconf 66' lang='lat' dir='ltr'><strong>su-</strong></span> 
     </span>
    </p>
   </div>
   <div class='ocr_carea' id='block_1_55' title="bbox 2208 2728 3818 2805">
    <p class='ocr_par' dir='ltr' id='par_1_55' title="bbox 2208 2728 3818 2805">
     <span class='ocr_line' id='line_1_55' title="bbox 2208 2728 3818 2805; baseline 0.001 -18"><span class='ocrx_word' id='word_1_441' title='bbox 2208 2749 2303 2803; x_wconf 85' lang='lat' dir='ltr'><strong>per</strong></span> <span class='ocrx_word' id='word_1_442' title='bbox 2340 2732 2572 2805; x_wconf 81' lang='lat' dir='ltr'><strong>aspidem</strong></span> <span class='ocrx_word' id='word_1_443' title='bbox 2601 2741 2653 2787; x_wconf 85' lang='lat' dir='ltr'><strong>et</strong></span> <span class='ocrx_word' id='word_1_444' title='bbox 2693 2730 2989 2788; x_wconf 67' lang='lat' dir='ltr'><strong>basilicam</strong></span> <span class='ocrx_word' id='word_1_445' title='bbox 3026 2730 3337 2801; x_wconf 73' lang='lat' dir='ltr'><strong>ambularet,</strong></span> <span class='ocrx_word' id='word_1_446' title='bbox 3371 2740 3434 2798; x_wconf 77' lang='lat' dir='ltr'><strong>et</strong></span> <span class='ocrx_word' id='word_1_447' title='bbox 3476 2728 3818 2790; x_wconf 64' lang='lat' dir='ltr'><strong>conmittere:</strong></span> 
     </span>
    </p>
   </div>
   <div class='ocr_carea' id='block_1_56' title="bbox 2209 2820 3818 2882">
    <p class='ocr_par' dir='ltr' id='par_1_56' title="bbox 2209 2820 3818 2882">
     <span class='ocr_line' id='line_1_56' title="bbox 2209 2820 3818 2882; baseline 0.001 -2"><span class='ocrx_word' id='word_1_448' title='bbox 2209 2824 2409 2881; x_wconf 80' lang='lat' dir='ltr'><strong>leonem</strong></span> <span class='ocrx_word' id='word_1_449' title='bbox 2444 2833 2495 2879; x_wconf 87' lang='lat' dir='ltr'><strong>et</strong></span> <span class='ocrx_word' id='word_1_450' title='bbox 2513 2820 2856 2881; x_wconf 56' lang='lat' dir='ltr'><strong>draconem];</strong></span> <span class='ocrx_word' id='word_1_451' title='bbox 2887 2829 2965 2880; x_wconf 73' lang='lat' dir='ltr'><strong>Ac</strong></span> <span class='ocrx_word' id='word_1_452' title='bbox 2990 2838 3061 2881; x_wconf 90' lang='lat' dir='ltr'><strong>ue</strong></span> <span class='ocrx_word' id='word_1_453' title='bbox 3086 2831 3198 2879; x_wconf 88' lang='lat' dir='ltr'><strong>tam</strong></span> <span class='ocrx_word' id='word_1_454' title='bbox 3218 2822 3444 2881; x_wconf 84' lang='lat' dir='ltr'><strong>illustris</strong></span> <span class='ocrx_word' id='word_1_455' title='bbox 3460 2822 3684 2881; x_wconf 87' lang='lat' dir='ltr'><strong>lucerna</strong></span> <span class='ocrx_word' id='word_1_456' title='bbox 3702 2825 3818 2882; x_wconf 68' lang='lat' dir='ltr'><strong>sub</strong></span> 
     </span>
    </p>
   </div>
   <div class='ocr_carea' id='block_1_57' title="bbox 2207 2915 3817 2996">
    <p class='ocr_par' dir='ltr' id='par_1_57' title="bbox 2207 2915 3817 2996">
     <span class='ocr_line' id='line_1_57' title="bbox 2207 2915 3817 2996; baseline 0.003 -24"><span class='ocrx_word' id='word_1_457' title='bbox 2207 2917 2391 2973; x_wconf 80' lang='lat' dir='ltr'><strong>modio</strong></span> <span class='ocrx_word' id='word_1_458' title='bbox 2418 2917 2797 2974; x_wconf 84' lang='lat' dir='ltr'><strong>taciturnitatis</strong></span> <span class='ocrx_word' id='word_1_459' title='bbox 2817 2917 3045 2975; x_wconf 90' lang='lat' dir='ltr'><strong>obscura</strong></span> <span class='ocrx_word' id='word_1_460' title='bbox 3071 2915 3309 2996; x_wconf 82' lang='lat' dir='ltr'><strong>latitaret</strong></span> <span class='ocrx_word' id='word_1_461' title='bbox 3331 2917 3380 2982; x_wconf 63' lang='grc' dir='ltr'>ι,</span> <span class='ocrx_word' id='word_1_462' title='bbox 3398 2919 3478 2976; x_wconf 88' lang='lat' dir='ltr'><strong>sic</strong></span> <span class='ocrx_word' id='word_1_463' title='bbox 3501 2925 3557 2974; x_wconf 90' lang='lat' dir='ltr'><strong>te</strong></span> <span class='ocrx_word' id='word_1_464' title='bbox 3580 2925 3817 2991; x_wconf 86' lang='lat' dir='ltr'><strong>aposto-</strong></span> 
     </span>
    </p>
   </div>
   <div class='ocr_carea' id='block_1_58' title="bbox 2207 3008 3817 3087">
    <p class='ocr_par' dir='ltr' id='par_1_58' title="bbox 2207 3008 3817 3087">
     <span class='ocr_line' id='line_1_58' title="bbox 2207 3008 3817 3087; baseline 0.001 -21"><span class='ocrx_word' id='word_1_465' title='bbox 2207 3011 2326 3067; x_wconf 75' lang='lat' dir='ltr'><strong>licae</strong></span> <span class='ocrx_word' id='word_1_466' title='bbox 2352 3009 2492 3067; x_wconf 87' lang='lat' dir='ltr'><strong>sedis</strong></span> <span class='ocrx_word' id='word_1_467' title='bbox 2524 3009 2621 3082; x_wconf 83' lang='lat' dir='ltr'><strong>(V.</strong></span> <span class='ocrx_word' id='word_1_468' title='bbox 2650 3025 2739 3081; x_wconf 91' lang='lat' dir='ltr'><strong>ep.</strong></span> <span class='ocrx_word' id='word_1_469' title='bbox 2764 3008 2822 3081; x_wconf 74' lang='lat'><strong>5,</strong></span> <span class='ocrx_word' id='word_1_470' title='bbox 2852 3024 2909 3067; x_wconf 92' lang='lat' dir='ltr'><strong>n.</strong></span> <span class='ocrx_word' id='word_1_471' title='bbox 2938 3010 2993 3085; x_wconf 84' lang='lat' dir='ltr'><strong>l)</strong></span> <span class='ocrx_word' id='word_1_472' title='bbox 3014 3019 3202 3068; x_wconf 87' lang='lat' dir='ltr'><strong>e&#39;veetu</strong></span> <span class='ocrx_word' id='word_1_473' title='bbox 3229 3010 3385 3083; x_wconf 89' lang='lat' dir='ltr'><strong>quasi</strong></span> <span class='ocrx_word' id='word_1_474' title='bbox 3415 3025 3579 3082; x_wconf 86' lang='lat' dir='ltr'><strong>super</strong></span> <span class='ocrx_word' id='word_1_475' title='bbox 3596 3011 3817 3087; x_wconf 76' lang='lat' dir='ltr'><strong>caude-</strong></span> 
     </span>
    </p>
   </div>
   <div class='ocr_carea' id='block_1_59' title="bbox 2208 3089 3815 3169">
    <p class='ocr_par' dir='ltr' id='par_1_59' title="bbox 2208 3089 3815 3169">
     <span class='ocr_line' id='line_1_59' title="bbox 2208 3089 3815 3169; baseline 0.003 -14"><span class='ocrx_word' id='word_1_476' title='bbox 2208 3101 2419 3157; x_wconf 69' lang='lat' dir='ltr'><strong>inbrum</strong></span> <span class='ocrx_word' id='word_1_477' title='bbox 2462 3101 2691 3159; x_wconf 85' lang='lat' dir='ltr'><strong>sublime</strong></span> <span class='ocrx_word' id='word_1_478' title='bbox 2717 3102 3014 3169; x_wconf 85' lang='lat' dir='ltr'><strong>constituit,</strong></span> <span class='ocrx_word' id='word_1_479' title='bbox 3059 3089 3269 3159; x_wconf 42' lang='lat' dir='ltr'><strong>ut&#39;tota</strong></span> <span class='ocrx_word' id='word_1_480' title='bbox 3298 3100 3461 3159; x_wconf 90' lang='lat' dir='ltr'><strong>domo</strong></span> <span class='ocrx_word' id='word_1_481' title='bbox 3505 3100 3815 3160; x_wconf 81' lang='lat' dir='ltr'><strong>multorum</strong></span> 
     </span>
    </p>
   </div>
   <div class='ocr_carea' id='block_1_60' title="bbox 2208 3191 2926 3253">
    <p class='ocr_par' dir='ltr' id='par_1_60' title="bbox 2208 3191 2926 3253">
     <span class='ocr_line' id='line_1_60' title="bbox 2208 3191 2926 3253; baseline 0.004 -5"><span class='ocrx_word' id='word_1_482' title='bbox 2208 3191 2602 3253; x_wconf 87' lang='lat' dir='ltr'><strong>illuminatione</strong></span> <span class='ocrx_word' id='word_1_483' title='bbox 2622 3197 2666 3230; x_wconf 79' lang='lat'>“</span> <span class='ocrx_word' id='word_1_484' title='bbox 2694 3196 2926 3252; x_wconf 88' lang='lat' dir='ltr'><strong>luceres.</strong></span> 
     </span>
    </p>
   </div>
   <div class='ocr_carea' id='block_1_61' title="bbox 507 3276 3815 3365">
    <p class='ocr_par' dir='ltr' id='par_1_61' title="bbox 507 3276 3815 3365">
     <span class='ocr_line' id='line_1_61' title="bbox 507 3276 3815 3365; baseline -0 -14"><span class='ocrx_word' id='word_1_485' title='bbox 507 3293 756 3365; x_wconf 86' lang='lat' dir='ltr'><strong>gionibns</strong></span> <span class='ocrx_word' id='word_1_486' title='bbox 793 3291 941 3348; x_wconf 88' lang='lat' dir='ltr'><strong>tenui</strong></span> <span class='ocrx_word' id='word_1_487' title='bbox 982 3291 1201 3347; x_wconf 89' lang='lat' dir='ltr'><strong>nomine</strong></span> <span class='ocrx_word' id='word_1_488' title='bbox 1244 3276 1649 3361; x_wconf 85' lang='lat' dir='ltr'><strong>pervulgatum,</strong></span> <span class='ocrx_word' id='word_1_489' title='bbox 1700 3291 2104 3363; x_wconf 75' lang='lat' dir='ltr'><strong>iu’louginquis</strong></span> <span class='ocrx_word' id='word_1_490' title='bbox 2130 3289 2187 3356; x_wconf 68' lang='grc' dir='ltr'><strong>(ἶ</strong></span> <span class='ocrx_word' id='word_1_491' title='bbox 2284 3287 2338 3343; x_wconf 86' lang='grc'><strong>7.</strong></span> <span class='ocrx_word' id='word_1_492' title='bbox 2380 3285 2488 3343; x_wconf 86' lang='lat' dir='ltr'><strong>Sed</strong></span> <span class='ocrx_word' id='word_1_493' title='bbox 2527 3288 2723 3358; x_wconf 88' lang='lat' dir='ltr'><strong>quibus</strong></span> <span class='ocrx_word' id='word_1_494' title='bbox 2747 3295 2802 3343; x_wconf 89' lang='lat' dir='ltr'><strong>te</strong></span> <span class='ocrx_word' id='word_1_495' title='bbox 2831 3287 3111 3347; x_wconf 87' lang='lat' dir='ltr'><strong>itineribus</strong></span> <span class='ocrx_word' id='word_1_496' title='bbox 3137 3286 3208 3345; x_wconf 88' lang='lat' dir='ltr'><strong>ad</strong></span> <span class='ocrx_word' id='word_1_497' title='bbox 3232 3289 3375 3345; x_wconf 89' lang='lat' dir='ltr'><strong>viam</strong></span> <span class='ocrx_word' id='word_1_498' title='bbox 3402 3304 3513 3346; x_wconf 68' lang='lat' dir='ltr'><strong>sua:</strong></span> <span class='ocrx_word' id='word_1_499' title='bbox 3556 3290 3815 3351; x_wconf 77' lang='lat' dir='ltr'><strong>veritatis</strong></span> 
     </span>
    </p>
   </div>
   <div class='ocr_carea' id='block_1_62' title="bbox 507 3382 2103 3460">
    <p class='ocr_par' dir='ltr' id='par_1_62' title="bbox 507 3382 2103 3460">
     <span class='ocr_line' id='line_1_62' title="bbox 507 3382 2103 3460; baseline -0.002 -15"><span class='ocrx_word' id='word_1_500' title='bbox 507 3387 673 3445; x_wconf 84' lang='lat' dir='ltr'><strong>etiam</strong></span> <span class='ocrx_word' id='word_1_501' title='bbox 691 3384 981 3460; x_wconf 80' lang='lat' dir='ltr'><strong>provinciis</strong></span> <span class='ocrx_word' id='word_1_502' title='bbox 1000 3383 1267 3442; x_wconf 85' lang='lat' dir='ltr'><strong>nominari</strong></span> <span class='ocrx_word' id='word_1_503' title='bbox 1286 3382 1667 3442; x_wconf 85' lang='lat' dir='ltr'><strong>venerabiliter</strong></span> <span class='ocrx_word' id='word_1_504' title='bbox 1692 3384 2013 3455; x_wconf 66' lang='lat' dir='ltr'><strong>audimus“,</strong></span> <span class='ocrx_word' id='word_1_505' title='bbox 2042 3395 2103 3446; x_wconf 90' lang='lat' dir='ltr'><strong>et</strong></span> 
     </span>
    </p>
   </div>
   <div class='ocr_carea' id='block_1_63' title="bbox 509 3477 2106 3538">
    <p class='ocr_par' dir='ltr' id='par_1_63' title="bbox 509 3477 2106 3538">
     <span class='ocr_line' id='line_1_63' title="bbox 509 3477 2106 3538; baseline 0.001 -1"><span class='ocrx_word' id='word_1_506' title='bbox 509 3480 654 3538; x_wconf 90' lang='lat' dir='ltr'><strong>inter</strong></span> <span class='ocrx_word' id='word_1_507' title='bbox 693 3481 857 3536; x_wconf 88' lang='lat' dir='ltr'><strong>urbes</strong></span> <span class='ocrx_word' id='word_1_508' title='bbox 890 3483 1117 3535; x_wconf 85' lang='lat' dir='ltr'><strong>sacratis</strong></span> <span class='ocrx_word' id='word_1_509' title='bbox 1145 3477 1278 3535; x_wconf 90' lang='lat' dir='ltr'><strong>locis</strong></span> <span class='ocrx_word' id='word_1_510' title='bbox 1312 3477 1521 3535; x_wconf 87' lang='lat' dir='ltr'><strong>nobiles</strong></span> <span class='ocrx_word' id='word_1_511' title='bbox 1563 3494 1696 3533; x_wconf 82' lang='lat' dir='ltr'><strong>cum</strong></span> <span class='ocrx_word' id='word_1_512' title='bbox 1724 3479 1912 3535; x_wconf 85' lang='lat' dir='ltr'><strong>divina</strong></span> <span class='ocrx_word' id='word_1_513' title='bbox 1943 3480 2106 3538; x_wconf 84' lang='lat' dir='ltr'><strong>laude</strong></span> 
     </span>
    </p>
   </div>
   <div class='ocr_carea' id='block_1_64' title="bbox 505 3567 2105 3644">
    <p class='ocr_par' dir='ltr' id='par_1_64' title="bbox 505 3567 2105 3644">
     <span class='ocr_line' id='line_1_64' title="bbox 505 3567 2105 3644; baseline 0.001 -16"><span class='ocrx_word' id='word_1_514' title='bbox 505 3573 798 3628; x_wconf 78' lang='lat' dir='ltr'><strong>numerari.</strong></span> <span class='ocrx_word' id='word_1_515' title='bbox 829 3567 1049 3626; x_wconf 71' lang='lat' dir='ltr'><strong>Haud“</strong></span> <span class='ocrx_word' id='word_1_516' title='bbox 1076 3569 1381 3624; x_wconf 87' lang='lat' dir='ltr'><strong>immerito:</strong></span> <span class='ocrx_word' id='word_1_517' title='bbox 1405 3584 1529 3625; x_wconf 86' lang='lat' dir='ltr'><strong>cum</strong></span> <span class='ocrx_word' id='word_1_518' title='bbox 1560 3578 1729 3626; x_wconf 90' lang='lat' dir='ltr'><strong>totam</strong></span> <span class='ocrx_word' id='word_1_519' title='bbox 1765 3571 1891 3637; x_wconf 87' lang='lat' dir='ltr'><strong>illic,</strong></span> <span class='ocrx_word' id='word_1_520' title='bbox 1923 3573 2105 3644; x_wconf 85' lang='lat' dir='ltr'><strong>qualis</strong></span> 
     </span>
    </p>
   </div>
   <div class='ocr_carea' id='block_1_65' title="bbox 508 3658 2096 3736">
    <p class='ocr_par' dir='ltr' id='par_1_65' title="bbox 508 3658 2096 3736">
     <span class='ocr_line' id='line_1_65' title="bbox 508 3658 2096 3736; baseline 0.001 -16"><span class='ocrx_word' id='word_1_521' title='bbox 508 3662 565 3720; x_wconf 86' lang='lat' dir='ltr'><strong>in</strong></span> <span class='ocrx_word' id='word_1_522' title='bbox 592 3661 816 3718; x_wconf 89' lang='lat' dir='ltr'><strong>Oriente</strong></span> <span class='ocrx_word' id='word_1_523' title='bbox 862 3668 1213 3727; x_wconf 84' lang='lat' dir='ltr'><strong>memoratur,</strong></span> <span class='ocrx_word' id='word_1_524' title='bbox 1246 3658 1551 3717; x_wconf 81' lang='lat' dir='ltr'><strong>Hierusales</strong></span> <span class='ocrx_word' id='word_1_525' title='bbox 1581 3662 1627 3695; x_wconf 84' lang='grc'><strong>¹⁸</strong></span> <span class='ocrx_word' id='word_1_526' title='bbox 1653 3661 1849 3720; x_wconf 81' lang='lat' dir='ltr'><strong>faciem</strong></span> <span class='ocrx_word' id='word_1_527' title='bbox 1874 3673 2096 3736; x_wconf 86' lang='lat' dir='ltr'><strong>aposto-</strong></span> 
     </span>
    </p>
   </div>
   <div class='ocr_carea' id='block_1_66' title="bbox 509 3752 2100 3825">
    <p class='ocr_par' dir='ltr' id='par_1_66' title="bbox 509 3752 2100 3825">
     <span class='ocr_line' id='line_1_66' title="bbox 509 3752 2100 3825; baseline 0.003 -16"><span class='ocrx_word' id='word_1_528' title='bbox 509 3756 684 3814; x_wconf 81' lang='lat' dir='ltr'><strong>lorum</strong></span> <span class='ocrx_word' id='word_1_529' title='bbox 706 3766 922 3825; x_wconf 87' lang='lat' dir='ltr'><strong>quoque</strong></span> <span class='ocrx_word' id='word_1_530' title='bbox 938 3755 1008 3821; x_wconf 78' lang='lat' dir='ltr'><strong>(e)</strong></span> <span class='ocrx_word' id='word_1_531' title='bbox 1026 3752 1367 3823; x_wconf 79' lang='lat' dir='ltr'><strong>praesentiam</strong></span> <span class='ocrx_word' id='word_1_532' title='bbox 1394 3754 1643 3809; x_wconf 88' lang='lat' dir='ltr'><strong>meritum</strong></span> <span class='ocrx_word' id='word_1_533' title='bbox 1665 3765 1767 3810; x_wconf 68' lang='lat' dir='ltr'><strong>tua:</strong></span> <span class='ocrx_word' id='word_1_534' title='bbox 1784 3754 2100 3814; x_wconf 36' lang='lat' dir='ltr'><strong>‘sanctitatis</strong></span> 
     </span>
    </p>
   </div>
   <div class='ocr_carea' id='block_1_67' title="bbox 508 3846 2103 3916">
    <p class='ocr_par' dir='ltr' id='par_1_67' title="bbox 508 3846 2103 3916">
     <span class='ocr_line' id='line_1_67' title="bbox 508 3846 2103 3916; baseline -0.001 -10"><span class='ocrx_word' id='word_1_535' title='bbox 508 3846 793 3911; x_wconf 79' lang='lat' dir='ltr'><strong>adduxerit</strong></span> <span class='ocrx_word' id='word_1_536' title='bbox 823 3862 838 3900; x_wconf 86' lang='lat'><strong>:</strong></span> <span class='ocrx_word' id='word_1_537' title='bbox 868 3846 956 3902; x_wconf 91' lang='lat' dir='ltr'><strong>cui</strong></span> <span class='ocrx_word' id='word_1_538' title='bbox 981 3846 1316 3916; x_wconf 85' lang='lat' dir='ltr'><strong>peregrinam</strong></span> <span class='ocrx_word' id='word_1_539' title='bbox 1343 3846 1619 3904; x_wconf 86' lang='lat' dir='ltr'><strong>memoriis</strong></span> <span class='ocrx_word' id='word_1_540' title='bbox 1640 3847 1752 3906; x_wconf 88' lang='lat' dir='ltr'><strong>suis</strong></span> <span class='ocrx_word' id='word_1_541' title='bbox 1780 3850 1987 3915; x_wconf 88' lang='lat' dir='ltr'><strong>urbem,</strong></span> <span class='ocrx_word' id='word_1_542' title='bbox 2019 3850 2103 3904; x_wconf 76' lang='lat' dir='ltr'><strong>af-</strong></span> 
     </span>
    </p>
   </div>
   <div class='ocr_carea' id='block_1_68' title="bbox 510 3934 2101 4010">
    <p class='ocr_par' dir='ltr' id='par_1_68' title="bbox 510 3934 2101 4010">
     <span class='ocr_line' id='line_1_68' title="bbox 510 3934 2101 4010; baseline 0.001 -16"><span class='ocrx_word' id='word_1_543' title='bbox 510 3938 652 3996; x_wconf 85' lang='lat' dir='ltr'><strong>fectu</strong></span> <span class='ocrx_word' id='word_1_544' title='bbox 677 3944 985 3993; x_wconf 87' lang='lat' dir='ltr'><strong>sanctorum</strong></span> <span class='ocrx_word' id='word_1_545' title='bbox 1018 3934 1301 4008; x_wconf 85' lang='lat' dir='ltr'><strong>spirituum</strong></span> <span class='ocrx_word' id='word_1_546' title='bbox 1324 3944 1381 3992; x_wconf 91' lang='lat' dir='ltr'><strong>et</strong></span> <span class='ocrx_word' id='word_1_547' title='bbox 1406 3936 1600 3995; x_wconf 84' lang='lat' dir='ltr'><strong>ell‘ectu</strong></span> <span class='ocrx_word' id='word_1_548' title='bbox 1626 3953 1850 4010; x_wconf 83' lang='lat' dir='ltr'><strong>operum</strong></span> <span class='ocrx_word' id='word_1_549' title='bbox 1879 3938 2101 3996; x_wconf 84' lang='lat' dir='ltr'><strong>divino-</strong></span> 
     </span>
    </p>
   </div>
   <div class='ocr_carea' id='block_1_69' title="bbox 508 4029 2102 4104">
    <p class='ocr_par' dir='ltr' id='par_1_69' title="bbox 508 4029 2102 4104">
     <span class='ocr_line' id='line_1_69' title="bbox 508 4029 2102 4104; baseline -0.001 -14"><span class='ocrx_word' id='word_1_550' title='bbox 508 4048 648 4098; x_wconf 87' lang='lat' dir='ltr'><strong>rum,</strong></span> <span class='ocrx_word' id='word_1_551' title='bbox 677 4030 894 4087; x_wconf 87' lang='lat' dir='ltr'><strong>sedibus</strong></span> <span class='ocrx_word' id='word_1_552' title='bbox 930 4029 1042 4085; x_wconf 87' lang='lat' dir='ltr'><strong>suis</strong></span> <span class='ocrx_word' id='word_1_553' title='bbox 1068 4037 1407 4100; x_wconf 85' lang='lat' dir='ltr'><strong>comparant,</strong></span> <span class='ocrx_word' id='word_1_554' title='bbox 1435 4030 1531 4102; x_wconf 91' lang='lat' dir='ltr'><strong>qui</strong></span> <span class='ocrx_word' id='word_1_555' title='bbox 1557 4030 1613 4086; x_wconf 89' lang='lat' dir='ltr'><strong>in</strong></span> <span class='ocrx_word' id='word_1_556' title='bbox 1641 4039 1697 4086; x_wconf 85' lang='lat' dir='ltr'><strong>te</strong></span> <span class='ocrx_word' id='word_1_557' title='bbox 1729 4031 1901 4102; x_wconf 90' lang='lat' dir='ltr'><strong>ipsum</strong></span> <span class='ocrx_word' id='word_1_558' title='bbox 1929 4034 2102 4104; x_wconf 88' lang='lat' dir='ltr'><strong>aptis—</strong></span> 
     </span>
    </p>
   </div>
   <div class='ocr_carea' id='block_1_70' title="bbox 507 4120 2101 4193">
    <p class='ocr_par' dir='ltr' id='par_1_70' title="bbox 507 4120 2101 4193">
     <span class='ocr_line' id='line_1_70' title="bbox 507 4120 2101 4193; baseline -0.001 -12"><span class='ocrx_word' id='word_1_559' title='bbox 507 4123 703 4183; x_wconf 86' lang='lat' dir='ltr'><strong>simum</strong></span> <span class='ocrx_word' id='word_1_560' title='bbox 741 4121 845 4178; x_wconf 86' lang='lat' dir='ltr'><strong>sibi</strong></span> <span class='ocrx_word' id='word_1_561' title='bbox 887 4120 1239 4177; x_wconf 87' lang='lat' dir='ltr'><strong>diversorium</strong></span> <span class='ocrx_word' id='word_1_562' title='bbox 1286 4129 1623 4193; x_wconf 86' lang='lat' dir='ltr'><strong>repererunt.</strong></span> <span class='ocrx_word' id='word_1_563' title='bbox 1652 4120 1812 4178; x_wconf 74' lang='lat' dir='ltr'><strong>Juvat</strong></span> <span class='ocrx_word' id='word_1_564' title='bbox 1851 4122 2101 4179; x_wconf 82' lang='lat' dir='ltr'><strong>videlicet</strong></span> 
     </span>
    </p>
   </div>
   <div class='ocr_carea' id='block_1_71' title="bbox 508 4214 2099 4287">
    <p class='ocr_par' dir='ltr' id='par_1_71' title="bbox 508 4214 2099 4287">
     <span class='ocr_line' id='line_1_71' title="bbox 508 4214 2099 4287; baseline -0.001 -14"><span class='ocrx_word' id='word_1_565' title='bbox 508 4217 715 4274; x_wconf 82' lang='lat' dir='ltr'><strong>amicos</strong></span> <span class='ocrx_word' id='word_1_566' title='bbox 737 4214 832 4271; x_wconf 87' lang='lat' dir='ltr'><strong>Dei</strong></span> <span class='ocrx_word' id='word_1_567' title='bbox 863 4221 919 4270; x_wconf 88' lang='lat' dir='ltr'><strong>et</strong></span> <span class='ocrx_word' id='word_1_568' title='bbox 938 4214 1208 4284; x_wconf 87' lang='lat' dir='ltr'><strong>principes</strong></span> <span class='ocrx_word' id='word_1_569' title='bbox 1242 4217 1424 4286; x_wconf 81' lang='lat' dir='ltr'><strong>pepuli</strong></span> <span class='ocrx_word' id='word_1_570' title='bbox 1454 4216 1566 4271; x_wconf 86' lang='lat' dir='ltr'><strong>veri</strong></span> <span class='ocrx_word' id='word_1_571' title='bbox 1597 4214 1779 4281; x_wconf 85' lang='lat' dir='ltr'><strong>Israel,</strong></span> <span class='ocrx_word' id='word_1_572' title='bbox 1812 4215 1865 4269; x_wconf 92' lang='lat' dir='ltr'><strong>id</strong></span> <span class='ocrx_word' id='word_1_573' title='bbox 1887 4223 1971 4270; x_wconf 85' lang='lat' dir='ltr'><strong>est</strong></span> <span class='ocrx_word' id='word_1_574' title='bbox 1995 4230 2099 4287; x_wconf 82' lang='lat' dir='ltr'><strong>po-</strong></span> 
     </span>
    </p>
   </div>
   <div class='ocr_carea' id='block_1_72' title="bbox 509 4290 2100 4381">
    <p class='ocr_par' dir='ltr' id='par_1_72' title="bbox 509 4290 2100 4381">
     <span class='ocr_line' id='line_1_72' title="bbox 509 4290 2100 4381; baseline -0.001 -16"><span class='ocrx_word' id='word_1_575' title='bbox 509 4308 619 4379; x_wconf 88' lang='lat' dir='ltr'><strong>puli</strong></span> <span class='ocrx_word' id='word_1_576' title='bbox 637 4290 1117 4380; x_wconf 78' lang='lat' dir='ltr'><strong>appropinquantis</strong></span> <span class='ocrx_word' id='word_1_577' title='bbox 1131 4307 1229 4362; x_wconf 85' lang='lat' dir='ltr'><strong>sibi</strong></span> <span class='ocrx_word' id='word_1_578' title='bbox 1249 4306 1266 4344; x_wconf 71' lang='grc' dir='ltr'><em>τ</em></span> <span class='ocrx_word' id='word_1_579' title='bbox 1276 4348 1291 4375; x_wconf 87' lang='grc'><em>,</em></span> <span class='ocrx_word' id='word_1_580' title='bbox 1316 4309 1368 4363; x_wconf 88' lang='lat' dir='ltr'><strong>in</strong></span> <span class='ocrx_word' id='word_1_581' title='bbox 1384 4323 1448 4364; x_wconf 87' lang='lat' dir='ltr'><strong>ea</strong></span> <span class='ocrx_word' id='word_1_582' title='bbox 1470 4309 1601 4364; x_wconf 86' lang='lat' dir='ltr'><strong>urbe</strong></span> <span class='ocrx_word' id='word_1_583' title='bbox 1613 4308 1877 4363; x_wconf 85' lang='lat' dir='ltr'><strong>remorari</strong></span> <span class='ocrx_word' id='word_1_584' title='bbox 1889 4308 2100 4381; x_wconf 63' lang='lat' dir='ltr'><strong>“1m</strong></span> 
     </span>
    </p>
   </div>
   <div class='ocr_carea' id='block_1_73' title="bbox 511 4397 2098 4470">
    <p class='ocr_par' dir='ltr' id='par_1_73' title="bbox 511 4397 2098 4470">
     <span class='ocr_line' id='line_1_73' title="bbox 511 4397 2098 4470; baseline -0.001 -14"><span class='ocrx_word' id='word_1_585' title='bbox 511 4408 568 4457; x_wconf 88' lang='lat' dir='ltr'><strong>et</strong></span> <span class='ocrx_word' id='word_1_586' title='bbox 586 4398 867 4470; x_wconf 83' lang='lat' dir='ltr'><strong>cooperari</strong></span> <span class='ocrx_word' id='word_1_587' title='bbox 888 4397 1005 4463; x_wconf 84' lang='lat' dir='ltr'><strong>tibi,</strong></span> <span class='ocrx_word' id='word_1_588' title='bbox 1039 4397 1090 4454; x_wconf 87' lang='lat' dir='ltr'><strong>in</strong></span> <span class='ocrx_word' id='word_1_589' title='bbox 1111 4413 1218 4468; x_wconf 86' lang='lat' dir='ltr'><strong>qua</strong></span> <span class='ocrx_word' id='word_1_590' title='bbox 1239 4415 1361 4454; x_wconf 87' lang='lat' dir='ltr'><strong>cum</strong></span> <span class='ocrx_word' id='word_1_591' title='bbox 1388 4399 1593 4468; x_wconf 73' lang='lat' dir='ltr'><strong>angelis</strong></span> <span class='ocrx_word' id='word_1_592' title='bbox 1612 4399 1810 4454; x_wconf 85' lang='lat' dir='ltr'><strong>sanctis</strong></span> <span class='ocrx_word' id='word_1_593' title='bbox 1838 4400 2098 4455; x_wconf 86' lang='lat' dir='ltr'><strong>continua</strong></span> 
     </span>
    </p>
   </div>
   <div class='ocr_carea' id='block_1_74' title="bbox 508 4486 2096 4562">
    <p class='ocr_par' dir='ltr' id='par_1_74' title="bbox 508 4486 2096 4562">
     <span class='ocr_line' id='line_1_74' title="bbox 508 4486 2096 4562; baseline -0.001 -15"><span class='ocrx_word' id='word_1_594' title='bbox 508 4489 698 4547; x_wconf 89' lang='lat' dir='ltr'><strong>diebus</strong></span> <span class='ocrx_word' id='word_1_595' title='bbox 723 4504 788 4544; x_wconf 82' lang='lat' dir='ltr'><strong>ac</strong></span> <span class='ocrx_word' id='word_1_596' title='bbox 816 4489 1064 4546; x_wconf 88' lang='lat' dir='ltr'><strong>noctibus</strong></span> <span class='ocrx_word' id='word_1_597' title='bbox 1088 4486 1287 4544; x_wconf 85' lang='lat' dir='ltr'><strong>Christi</strong></span> <span class='ocrx_word' id='word_1_598' title='bbox 1312 4490 1528 4546; x_wconf 85' lang='lat' dir='ltr'><strong>Domini</strong></span> <span class='ocrx_word' id='word_1_599' title='bbox 1546 4489 1924 4562; x_wconf 74' lang='lat' dir='ltr'><strong>prmdicatione</strong></span> <span class='ocrx_word' id='word_1_600' title='bbox 1953 4491 2096 4546; x_wconf 83' lang='lat' dir='ltr'><strong>mul-</strong></span> 
     </span>
    </p>
   </div>
   <div class='ocr_carea' id='block_1_75' title="bbox 507 4579 2092 4653">
    <p class='ocr_par' dir='ltr' id='par_1_75' title="bbox 507 4579 2092 4653">
     <span class='ocr_line' id='line_1_75' title="bbox 507 4579 2092 4653; baseline 0.003 -16"><span class='ocrx_word' id='word_1_601' title='bbox 507 4590 719 4637; x_wconf 84' lang='lat' dir='ltr'><strong>centur.</strong></span> <span class='ocrx_word' id='word_1_602' title='bbox 748 4579 805 4635; x_wconf 86' lang='lat' dir='ltr'><strong>lu</strong></span> <span class='ocrx_word' id='word_1_603' title='bbox 824 4596 929 4653; x_wconf 87' lang='lat' dir='ltr'><strong>qua</strong></span> <span class='ocrx_word' id='word_1_604' title='bbox 948 4580 1055 4637; x_wconf 75' lang='lat' dir='ltr'><strong>illis</strong></span> <span class='ocrx_word' id='word_1_605' title='bbox 1081 4595 1180 4651; x_wconf 87' lang='lat' dir='ltr'><strong>per</strong></span> <span class='ocrx_word' id='word_1_606' title='bbox 1204 4580 1548 4638; x_wconf 82' lang='lat' dir='ltr'><strong>devotissima</strong></span> <span class='ocrx_word' id='word_1_607' title='bbox 1568 4579 1804 4639; x_wconf 87' lang='lat' dir='ltr'><strong>ﬁdelium</strong></span> <span class='ocrx_word' id='word_1_608' title='bbox 1828 4583 1991 4641; x_wconf 89' lang='lat' dir='ltr'><strong>corda</strong></span> <span class='ocrx_word' id='word_1_609' title='bbox 2014 4584 2092 4641; x_wconf 78' lang='lat' dir='ltr'><strong>{a-</strong></span> 
     </span>
    </p>
   </div>
   <div class='ocr_carea' id='block_1_76' title="bbox 2216 3379 3816 3453">
    <p class='ocr_par' dir='ltr' id='par_1_76' title="bbox 2216 3379 3816 3453">
     <span class='ocr_line' id='line_1_76' title="bbox 2216 3379 3816 3453; baseline 0.003 -18"><span class='ocrx_word' id='word_1_610' title='bbox 2216 3379 2436 3436; x_wconf 84' lang='lat' dir='ltr'><strong>adduxit</strong></span> <span class='ocrx_word' id='word_1_611' title='bbox 2450 3380 2536 3435; x_wconf 69' lang='lat'><strong>“‘2</strong></span> <span class='ocrx_word' id='word_1_612' title='bbox 2558 3379 2872 3438; x_wconf 86' lang='lat' dir='ltr'><strong>Carnalibus</strong></span> <span class='ocrx_word' id='word_1_613' title='bbox 2898 3379 3095 3438; x_wconf 84' lang='lat' dir='ltr'><strong>muniis</strong></span> <span class='ocrx_word' id='word_1_614' title='bbox 3112 3379 3161 3415; x_wconf 83' lang='grc'><strong>³⁸</strong></span> <span class='ocrx_word' id='word_1_615' title='bbox 3180 3379 3250 3437; x_wconf 85' lang='lat' dir='ltr'><strong>ad</strong></span> <span class='ocrx_word' id='word_1_616' title='bbox 3274 3380 3535 3453; x_wconf 84' lang='lat' dir='ltr'><strong>spiritalia</strong></span> <span class='ocrx_word' id='word_1_617' title='bbox 3557 3396 3672 3440; x_wconf 65' lang='lat' dir='ltr'><strong>sua</strong></span> <span class='ocrx_word' id='word_1_618' title='bbox 3690 3382 3816 3442; x_wconf 75' lang='lat' dir='ltr'><strong>vie-</strong></span> 
     </span>
    </p>
   </div>
   <div class='ocr_carea' id='block_1_77' title="bbox 2214 3469 3813 3546">
    <p class='ocr_par' dir='ltr' id='par_1_77' title="bbox 2214 3469 3813 3546">
     <span class='ocr_line' id='line_1_77' title="bbox 2214 3469 3813 3546; baseline 0.006 -22"><span class='ocrx_word' id='word_1_619' title='bbox 2214 3470 2343 3525; x_wconf 88' lang='lat' dir='ltr'><strong>tntis</strong></span> <span class='ocrx_word' id='word_1_620' title='bbox 2364 3469 2668 3537; x_wconf 88' lang='lat' dir='ltr'><strong>instituens,</strong></span> <span class='ocrx_word' id='word_1_621' title='bbox 2697 3470 2903 3526; x_wconf 88' lang='lat' dir='ltr'><strong>creavit</strong></span> <span class='ocrx_word' id='word_1_622' title='bbox 2927 3470 3081 3529; x_wconf 89' lang='lat' dir='ltr'><strong>initio</strong></span> <span class='ocrx_word' id='word_1_623' title='bbox 3094 3471 3397 3542; x_wconf 76' lang='lat' dir='ltr'><strong>“militem,</strong></span> <span class='ocrx_word' id='word_1_624' title='bbox 3422 3489 3585 3545; x_wconf 89' lang='lat' dir='ltr'><strong>quem</strong></span> <span class='ocrx_word' id='word_1_625' title='bbox 3606 3484 3813 3546; x_wconf 82' lang='lat' dir='ltr'><strong>postea</strong></span> 
     </span>
    </p>
   </div>
   <div class='ocr_carea' id='block_1_78' title="bbox 2211 3563 3807 3637">
    <p class='ocr_par' dir='ltr' id='par_1_78' title="bbox 2211 3563 3807 3637">
     <span class='ocr_line' id='line_1_78' title="bbox 2211 3563 3807 3637; baseline 0.005 -18"><span class='ocrx_word' id='word_1_626' title='bbox 2211 3563 2375 3632; x_wconf 79' lang='lat' dir='ltr'><strong>elegit</strong></span> <span class='ocrx_word' id='word_1_627' title='bbox 2400 3563 2773 3629; x_wconf 78' lang='lat' dir='ltr'><strong>antistitem”;</strong></span> <span class='ocrx_word' id='word_1_628' title='bbox 2801 3571 2857 3620; x_wconf 92' lang='lat' dir='ltr'><strong>et</strong></span> <span class='ocrx_word' id='word_1_629' title='bbox 2886 3578 3076 3636; x_wconf 86' lang='lat' dir='ltr'><strong>passus</strong></span> <span class='ocrx_word' id='word_1_630' title='bbox 3113 3571 3197 3621; x_wconf 91' lang='lat' dir='ltr'><strong>est</strong></span> <span class='ocrx_word' id='word_1_631' title='bbox 3221 3566 3454 3622; x_wconf 87' lang='lat' dir='ltr'><strong>militare</strong></span> <span class='ocrx_word' id='word_1_632' title='bbox 3480 3574 3536 3623; x_wconf 89' lang='lat' dir='ltr'><strong>te</strong></span> <span class='ocrx_word' id='word_1_633' title='bbox 3572 3566 3807 3637; x_wconf 65' lang='lat' dir='ltr'><strong>Caesari,</strong></span> 
     </span>
    </p>
   </div>
   <div class='ocr_carea' id='block_1_79' title="bbox 2210 3653 3809 3725">
    <p class='ocr_par' dir='ltr' id='par_1_79' title="bbox 2210 3653 3809 3725">
     <span class='ocr_line' id='line_1_79' title="bbox 2210 3653 3809 3725; baseline 0.008 -16"><span class='ocrx_word' id='word_1_634' title='bbox 2210 3664 2269 3710; x_wconf 92' lang='lat' dir='ltr'><strong>ut</strong></span> <span class='ocrx_word' id='word_1_635' title='bbox 2312 3654 2421 3710; x_wconf 90' lang='lat' dir='ltr'><strong>Deo</strong></span> <span class='ocrx_word' id='word_1_636' title='bbox 2464 3653 2701 3711; x_wconf 87' lang='lat' dir='ltr'><strong>diseeres</strong></span> <span class='ocrx_word' id='word_1_637' title='bbox 2745 3655 3008 3725; x_wconf 87' lang='lat' dir='ltr'><strong>militare;</strong></span> <span class='ocrx_word' id='word_1_638' title='bbox 3050 3664 3113 3712; x_wconf 89' lang='lat' dir='ltr'><strong>ut</strong></span> <span class='ocrx_word' id='word_1_639' title='bbox 3150 3656 3278 3713; x_wconf 89' lang='lat' dir='ltr'><strong>dum</strong></span> <span class='ocrx_word' id='word_1_640' title='bbox 3310 3658 3498 3716; x_wconf 87' lang='lat' dir='ltr'><strong>labore</strong></span> <span class='ocrx_word' id='word_1_641' title='bbox 3534 3664 3809 3721; x_wconf 84' lang='lat' dir='ltr'><strong>castrensi</strong></span> 
     </span>
    </p>
   </div>
   <div class='ocr_carea' id='block_1_80' title="bbox 2207 3746 3805 3828">
    <p class='ocr_par' dir='ltr' id='par_1_80' title="bbox 2207 3746 3805 3828">
     <span class='ocr_line' id='line_1_80' title="bbox 2207 3746 3805 3828; baseline 0.004 -19"><span class='ocrx_word' id='word_1_642' title='bbox 2207 3754 2449 3824; x_wconf 89' lang='lat' dir='ltr'><strong>corporis</strong></span> <span class='ocrx_word' id='word_1_643' title='bbox 2474 3753 2640 3810; x_wconf 91' lang='lat' dir='ltr'><strong>robur</strong></span> <span class='ocrx_word' id='word_1_644' title='bbox 2655 3752 2705 3787; x_wconf 79' lang='lat'>“</span> <span class='ocrx_word' id='word_1_645' title='bbox 2720 3767 2959 3819; x_wconf 88' lang='lat' dir='ltr'><strong>exerces,</strong></span> <span class='ocrx_word' id='word_1_646' title='bbox 2989 3753 3379 3826; x_wconf 88' lang='lat' dir='ltr'><strong>spiritalibuste</strong></span> <span class='ocrx_word' id='word_1_647' title='bbox 3402 3746 3603 3828; x_wconf 65' lang='lat' dir='ltr'><strong>prscliis</strong></span> <span class='ocrx_word' id='word_1_648' title='bbox 3630 3759 3805 3815; x_wconf 48' lang='lat' dir='ltr'><strong>robo;</strong></span> 
     </span>
    </p>
   </div>
   <div class='ocr_carea' id='block_1_81' title="bbox 2207 3843 3809 3920">
    <p class='ocr_par' dir='ltr' id='par_1_81' title="bbox 2207 3843 3809 3920">
     <span class='ocr_line' id='line_1_81' title="bbox 2207 3843 3809 3920; baseline 0.006 -21"><span class='ocrx_word' id='word_1_649' title='bbox 2207 3860 2355 3901; x_wconf 87' lang='lat' dir='ltr'><strong>rares</strong></span> <span class='ocrx_word' id='word_1_650' title='bbox 2374 3846 2441 3912; x_wconf 80' lang='lat'><strong>&quot;,</strong></span> <span class='ocrx_word' id='word_1_651' title='bbox 2465 3843 2787 3903; x_wconf 78' lang='lat' dir='ltr'><strong>confessioni</strong></span> <span class='ocrx_word' id='word_1_652' title='bbox 2819 3845 3063 3919; x_wconf 89' lang='lat' dir='ltr'><strong>spiritum</strong></span> <span class='ocrx_word' id='word_1_653' title='bbox 3077 3847 3315 3913; x_wconf 78' lang='lat' dir='ltr'><strong>ﬁnuaus,</strong></span> <span class='ocrx_word' id='word_1_654' title='bbox 3340 3855 3394 3905; x_wconf 92' lang='lat' dir='ltr'><strong>et</strong></span> <span class='ocrx_word' id='word_1_655' title='bbox 3420 3849 3658 3920; x_wconf 88' lang='lat' dir='ltr'><strong>passioni</strong></span> <span class='ocrx_word' id='word_1_656' title='bbox 3682 3866 3809 3908; x_wconf 80' lang='lat' dir='ltr'><strong>cor-</strong></span> 
     </span>
    </p>
   </div>
   <div class='ocr_carea' id='block_1_82' title="bbox 2208 3935 3811 4010">
    <p class='ocr_par' dir='ltr' id='par_1_82' title="bbox 2208 3935 3811 4010">
     <span class='ocr_line' id='line_1_82' title="bbox 2208 3935 3811 4010; baseline 0.007 -19"><span class='ocrx_word' id='word_1_657' title='bbox 2208 3952 2309 4005; x_wconf 88' lang='lat' dir='ltr'><strong>pus</strong></span> <span class='ocrx_word' id='word_1_658' title='bbox 2338 3935 2613 3995; x_wconf 86' lang='lat' dir='ltr'><strong>indurans.</strong></span> <span class='ocrx_word' id='word_1_659' title='bbox 2635 3935 2792 4005; x_wconf 82' lang='lat' dir='ltr'><strong>Quod</strong></span> <span class='ocrx_word' id='word_1_660' title='bbox 2810 3936 3004 3995; x_wconf 64' lang='lat' dir='ltr'><strong>divinae</strong></span> <span class='ocrx_word' id='word_1_661' title='bbox 3016 3940 3365 4010; x_wconf 73' lang='lat' dir='ltr'><strong>providentiae</strong></span> <span class='ocrx_word' id='word_1_662' title='bbox 3385 3940 3530 4000; x_wconf 86' lang='lat' dir='ltr'><strong>circa</strong></span> <span class='ocrx_word' id='word_1_663' title='bbox 3549 3950 3604 3999; x_wconf 89' lang='lat' dir='ltr'><strong>te</strong></span> <span class='ocrx_word' id='word_1_664' title='bbox 3629 3941 3811 4003; x_wconf 84' lang='lat' dir='ltr'><strong>fuisse</strong></span> 
     </span>
    </p>
   </div>
   <div class='ocr_carea' id='block_1_83' title="bbox 2206 4028 3808 4104">
    <p class='ocr_par' dir='ltr' id='par_1_83' title="bbox 2206 4028 3808 4104">
     <span class='ocr_line' id='line_1_83' title="bbox 2206 4028 3808 4104; baseline 0.009 -22"><span class='ocrx_word' id='word_1_665' title='bbox 2206 4028 2491 4084; x_wconf 81' lang='lat' dir='ltr'><strong>consilium</strong></span> <span class='ocrx_word' id='word_1_666' title='bbox 2518 4029 2737 4100; x_wconf 84' lang='lat' dir='ltr'><strong>ingens,</strong></span> <span class='ocrx_word' id='word_1_667' title='bbox 2767 4038 2955 4101; x_wconf 86' lang='lat' dir='ltr'><strong>postea</strong></span> <span class='ocrx_word' id='word_1_668' title='bbox 2980 4034 3158 4090; x_wconf 84' lang='lat' dir='ltr'><strong>exitus</strong></span> <span class='ocrx_word' id='word_1_669' title='bbox 3185 4038 3313 4091; x_wconf 88' lang='lat' dir='ltr'><strong>tuus</strong></span> <span class='ocrx_word' id='word_1_670' title='bbox 3338 4049 3372 4091; x_wconf 86' lang='lat' dir='ltr'><strong>a</strong></span> <span class='ocrx_word' id='word_1_671' title='bbox 3398 4035 3610 4104; x_wconf 88' lang='lat' dir='ltr'><strong>militia,</strong></span> <span class='ocrx_word' id='word_1_672' title='bbox 3639 4045 3701 4094; x_wconf 88' lang='lat' dir='ltr'><strong>et</strong></span> <span class='ocrx_word' id='word_1_673' title='bbox 3724 4040 3808 4095; x_wconf 85' lang='lat' dir='ltr'><strong>in-</strong></span> 
     </span>
    </p>
   </div>
   <div class='ocr_carea' id='block_1_84' title="bbox 2207 4120 3802 4198">
    <p class='ocr_par' dir='ltr' id='par_1_84' title="bbox 2207 4120 3802 4198">
     <span class='ocr_line' id='line_1_84' title="bbox 2207 4120 3802 4198; baseline 0.009 -23"><span class='ocrx_word' id='word_1_674' title='bbox 2207 4134 2423 4189; x_wconf 79' lang='lat' dir='ltr'><strong>gressus</strong></span> <span class='ocrx_word' id='word_1_675' title='bbox 2460 4121 2532 4178; x_wconf 92' lang='lat' dir='ltr'><strong>ad</strong></span> <span class='ocrx_word' id='word_1_676' title='bbox 2566 4120 2726 4179; x_wconf 88' lang='lat' dir='ltr'><strong>ﬁdem</strong></span> <span class='ocrx_word' id='word_1_677' title='bbox 2765 4122 2967 4181; x_wconf 90' lang='lat' dir='ltr'><strong>docuit.</strong></span> <span class='ocrx_word' id='word_1_678' title='bbox 3005 4123 3141 4183; x_wconf 87' lang='lat' dir='ltr'><strong>Cum</strong></span> <span class='ocrx_word' id='word_1_679' title='bbox 3177 4127 3353 4198; x_wconf 91' lang='lat' dir='ltr'><strong>primo</strong></span> <span class='ocrx_word' id='word_1_680' title='bbox 3380 4127 3581 4187; x_wconf 88' lang='lat' dir='ltr'><strong>Christi</strong></span> <span class='ocrx_word' id='word_1_681' title='bbox 3607 4145 3802 4190; x_wconf 82' lang='lat' dir='ltr'><strong>amore</strong></span> 
     </span>
    </p>
   </div>
   <div class='ocr_carea' id='block_1_85' title="bbox 2206 4214 3805 4296">
    <p class='ocr_par' dir='ltr' id='par_1_85' title="bbox 2206 4214 3805 4296">
     <span class='ocr_line' id='line_1_85' title="bbox 2206 4214 3805 4296; baseline 0.008 -28"><span class='ocrx_word' id='word_1_682' title='bbox 2206 4228 2497 4269; x_wconf 86' lang='lat' dir='ltr'><strong>succensus</strong></span> <span class='ocrx_word' id='word_1_683' title='bbox 2515 4253 2534 4284; x_wconf 91' lang='lat'><strong>,</strong></span> <span class='ocrx_word' id='word_1_684' title='bbox 2563 4214 2848 4271; x_wconf 88' lang='lat' dir='ltr'><strong>ordinante</strong></span> <span class='ocrx_word' id='word_1_685' title='bbox 2875 4215 2993 4287; x_wconf 88' lang='lat' dir='ltr'><strong>ipso</strong></span> <span class='ocrx_word' id='word_1_686' title='bbox 3020 4216 3251 4275; x_wconf 88' lang='lat' dir='ltr'><strong>Domino</strong></span> <span class='ocrx_word' id='word_1_687' title='bbox 3272 4256 3291 4285; x_wconf 88' lang='lat'><strong>,</strong></span> <span class='ocrx_word' id='word_1_688' title='bbox 3319 4219 3616 4291; x_wconf 85' lang='lat' dir='ltr'><strong>quamdam</strong></span> <span class='ocrx_word' id='word_1_689' title='bbox 3662 4238 3805 4296; x_wconf 87' lang='lat' dir='ltr'><strong>ope-</strong></span> 
     </span>
    </p>
   </div>
   <div class='ocr_carea' id='block_1_86' title="bbox 2206 4305 3808 4381">
    <p class='ocr_par' dir='ltr' id='par_1_86' title="bbox 2206 4305 3808 4381">
     <span class='ocr_line' id='line_1_86' title="bbox 2206 4305 3808 4381; baseline 0.009 -22"><span class='ocrx_word' id='word_1_690' title='bbox 2206 4307 2280 4360; x_wconf 86' lang='lat' dir='ltr'><strong>ris</strong></span> <span class='ocrx_word' id='word_1_691' title='bbox 2303 4307 2379 4377; x_wconf 81' lang='lat' dir='ltr'><strong>(g)</strong></span> <span class='ocrx_word' id='word_1_692' title='bbox 2409 4305 2520 4361; x_wconf 86' lang='lat' dir='ltr'><strong>suis</strong></span> <span class='ocrx_word' id='word_1_693' title='bbox 2550 4307 2701 4379; x_wconf 79' lang='grc' dir='ltr'>ιοι</span> <span class='ocrx_word' id='word_1_694' title='bbox 2730 4321 3003 4379; x_wconf 87' lang='lat' dir='ltr'><strong>pompam,</strong></span> <span class='ocrx_word' id='word_1_695' title='bbox 3029 4322 3131 4380; x_wconf 89' lang='lat' dir='ltr'><strong>per</strong></span> <span class='ocrx_word' id='word_1_696' title='bbox 3148 4308 3411 4381; x_wconf 72' lang='lat' dir='ltr'><strong>insignem</strong></span> <span class='ocrx_word' id='word_1_697' title='bbox 3437 4312 3671 4372; x_wconf 86' lang='lat' dir='ltr'><strong>concilio</strong></span> <span class='ocrx_word' id='word_1_698' title='bbox 3703 4316 3808 4373; x_wconf 90' lang='lat' dir='ltr'><strong>mi-</strong></span> 
     </span>
    </p>
   </div>
   <div class='ocr_carea' id='block_1_87' title="bbox 2203 4396 3803 4481">
    <p class='ocr_par' dir='ltr' id='par_1_87' title="bbox 2203 4396 3803 4481">
     <span class='ocr_line' id='line_1_87' title="bbox 2203 4396 3803 4481; baseline 0.01 -30"><span class='ocrx_word' id='word_1_699' title='bbox 2203 4398 2345 4452; x_wconf 87' lang='lat' dir='ltr'><strong>litari</strong></span> <span class='ocrx_word' id='word_1_700' title='bbox 2367 4396 2509 4453; x_wconf 89' lang='lat' dir='ltr'><strong>diem</strong></span> <span class='ocrx_word' id='word_1_701' title='bbox 2534 4411 2851 4469; x_wconf 85' lang='lat' dir='ltr'><strong>progressus</strong></span> <span class='ocrx_word' id='word_1_702' title='bbox 2891 4399 2948 4456; x_wconf 91' lang='lat' dir='ltr'><strong>in</strong></span> <span class='ocrx_word' id='word_1_703' title='bbox 2974 4415 3223 4476; x_wconf 88' lang='lat' dir='ltr'><strong>campum</strong></span> <span class='ocrx_word' id='word_1_704' title='bbox 3252 4417 3330 4471; x_wconf 88' lang='lat' dir='ltr'><strong>es,</strong></span> <span class='ocrx_word' id='word_1_705' title='bbox 3361 4412 3481 4462; x_wconf 90' lang='lat' dir='ltr'><strong>toto</strong></span> <span class='ocrx_word' id='word_1_706' title='bbox 3506 4404 3600 4463; x_wconf 89' lang='lat' dir='ltr'><strong>illo</strong></span> <span class='ocrx_word' id='word_1_707' title='bbox 3628 4422 3803 4481; x_wconf 87' lang='lat' dir='ltr'><strong>quem</strong></span> 
     </span>
    </p>
   </div>
   <div class='ocr_carea' id='block_1_88' title="bbox 2200 4490 3803 4575">
    <p class='ocr_par' dir='ltr' id='par_1_88' title="bbox 2200 4490 3803 4575">
     <span class='ocr_line' id='line_1_88' title="bbox 2200 4490 3803 4575; baseline 0.01 -30"><span class='ocrx_word' id='word_1_708' title='bbox 2200 4490 2313 4558; x_wconf 78' lang='lat' dir='ltr'><strong>jam</strong></span> <span class='ocrx_word' id='word_1_709' title='bbox 2354 4497 2535 4548; x_wconf 89' lang='lat' dir='ltr'><strong>mente</strong></span> <span class='ocrx_word' id='word_1_710' title='bbox 2561 4507 2842 4563; x_wconf 87' lang='lat' dir='ltr'><strong>respueras</strong></span> <span class='ocrx_word' id='word_1_711' title='bbox 2865 4533 2881 4563; x_wconf 90' lang='lat'><strong>,</strong></span> <span class='ocrx_word' id='word_1_712' title='bbox 2909 4495 3261 4553; x_wconf 88' lang='lat' dir='ltr'><strong>muniminnm</strong></span> <span class='ocrx_word' id='word_1_713' title='bbox 3277 4497 3611 4557; x_wconf 76' lang='lat' dir='ltr'><strong>bellicorum</strong></span> <span class='ocrx_word' id='word_1_714' title='bbox 3649 4518 3803 4575; x_wconf 66' lang='lat' dir='ltr'><strong>prae-</strong></span> 
     </span>
    </p>
   </div>
   <div class='ocr_carea' id='block_1_89' title="bbox 2204 4584 3805 4661">
    <p class='ocr_par' dir='ltr' id='par_1_89' title="bbox 2204 4584 3805 4661">
     <span class='ocr_line' id='line_1_89' title="bbox 2204 4584 3805 4661; baseline 0.001 -22"><span class='ocrx_word' id='word_1_715' title='bbox 2204 4584 2409 4641; x_wconf 88' lang='lat' dir='ltr'><strong>cinctus</strong></span> <span class='ocrx_word' id='word_1_716' title='bbox 2456 4594 2687 4652; x_wconf 88' lang='lat' dir='ltr'><strong>ornatu;</strong></span> <span class='ocrx_word' id='word_1_717' title='bbox 2734 4586 3048 4661; x_wconf 86' lang='lat' dir='ltr'><strong>cunctisque</strong></span> <span class='ocrx_word' id='word_1_718' title='bbox 3084 4591 3405 4660; x_wconf 79' lang='lat' dir='ltr'><strong>mirantibus</strong></span> <span class='ocrx_word' id='word_1_719' title='bbox 3445 4596 3805 4655; x_wconf 88' lang='lat' dir='ltr'><strong>accuratissi.</strong></span> 
     </span>
    </p>
   </div>
   <div class='ocr_carea' id='block_1_90' title="bbox 510 4663 3804 4758">
    <p class='ocr_par' dir='ltr' id='par_1_90' title="bbox 510 4663 3804 4758">
     <span class='ocr_line' id='line_1_90' title="bbox 510 4663 3804 4758; baseline 0.005 -29"><span class='ocrx_word' id='word_1_720' title='bbox 510 4673 802 4737; x_wconf 86' lang='lat' dir='ltr'><strong>mulorum,</strong></span> <span class='ocrx_word' id='word_1_721' title='bbox 846 4671 1093 4742; x_wconf 71' lang='lat' dir='ltr'><strong>plurima:</strong></span> <span class='ocrx_word' id='word_1_722' title='bbox 1133 4672 1358 4729; x_wconf 87' lang='lat' dir='ltr'><strong>virtutes</strong></span> <span class='ocrx_word' id='word_1_723' title='bbox 1394 4673 1583 4729; x_wconf 65' lang='lat' dir='ltr'><strong>amicae</strong></span> <span class='ocrx_word' id='word_1_724' title='bbox 1617 4682 1828 4742; x_wconf 88' lang='lat' dir='ltr'><strong>gratam</strong></span> <span class='ocrx_word' id='word_1_725' title='bbox 1854 4677 2099 4748; x_wconf 87' lang='lat' dir='ltr'><strong>requiem</strong></span> <span class='ocrx_word' id='word_1_726' title='bbox 2126 4663 2180 4727; x_wconf 80' lang='grc' dir='ltr'>ι)</span> <span class='ocrx_word' id='word_1_727' title='bbox 2204 4693 2325 4735; x_wconf 82' lang='lat' dir='ltr'><strong>tuos</strong></span> <span class='ocrx_word' id='word_1_728' title='bbox 2351 4678 2406 4733; x_wconf 90' lang='lat' dir='ltr'><strong>in</strong></span> <span class='ocrx_word' id='word_1_729' title='bbox 2432 4684 2488 4732; x_wconf 87' lang='lat' dir='ltr'><strong>te</strong></span> <span class='ocrx_word' id='word_1_730' title='bbox 2515 4677 2728 4735; x_wconf 85' lang='lat' dir='ltr'><strong>habitus</strong></span> <span class='ocrx_word' id='word_1_731' title='bbox 2747 4694 2811 4736; x_wconf 86' lang='lat' dir='ltr'><strong>ac</strong></span> <span class='ocrx_word' id='word_1_732' title='bbox 2830 4680 3098 4739; x_wconf 85' lang='lat' dir='ltr'><strong>terribiles</strong></span> <span class='ocrx_word' id='word_1_733' title='bbox 3118 4694 3427 4754; x_wconf 86' lang='lat' dir='ltr'><strong>apparatus,</strong></span> <span class='ocrx_word' id='word_1_734' title='bbox 3443 4694 3672 4758; x_wconf 83' lang='lat' dir='ltr'><strong>repente</strong></span> <span class='ocrx_word' id='word_1_735' title='bbox 3695 4690 3804 4747; x_wconf 79' lang='lat' dir='ltr'><strong>ob—</strong></span> 
     </span>
    </p>
   </div>
   <div class='ocr_carea' id='block_1_91' title="bbox 510 4763 2093 4839">
    <p class='ocr_par' dir='ltr' id='par_1_91' title="bbox 510 4763 2093 4839">
     <span class='ocr_line' id='line_1_91' title="bbox 510 4763 2093 4839; baseline 0.002 -16"><span class='ocrx_word' id='word_1_736' title='bbox 510 4774 567 4823; x_wconf 90' lang='lat' dir='ltr'><strong>et</strong></span> <span class='ocrx_word' id='word_1_737' title='bbox 594 4764 852 4822; x_wconf 80' lang='lat' dir='ltr'><strong>familiare</strong></span> <span class='ocrx_word' id='word_1_738' title='bbox 879 4770 1152 4821; x_wconf 88' lang='lat' dir='ltr'><strong>metantur</strong></span> <span class='ocrx_word' id='word_1_739' title='bbox 1172 4763 1487 4835; x_wconf 85' lang='lat' dir='ltr'><strong>hospitium.</strong></span> <span class='ocrx_word' id='word_1_740' title='bbox 1520 4764 1623 4824; x_wconf 85' lang='lat' dir='ltr'><strong>Ubi</strong></span> <span class='ocrx_word' id='word_1_741' title='bbox 1660 4767 1975 4839; x_wconf 85' lang='lat' dir='ltr'><strong>quotidiauo</strong></span> <span class='ocrx_word' id='word_1_742' title='bbox 2001 4787 2093 4826; x_wconf 80' lang='lat' dir='ltr'><strong>sa-</strong></span> 
     </span>
    </p>
   </div>
   <div class='ocr_carea' id='block_1_92' title="bbox 509 4852 2095 4929">
    <p class='ocr_par' dir='ltr' id='par_1_92' title="bbox 509 4852 2095 4929">
     <span class='ocr_line' id='line_1_92' title="bbox 509 4852 2095 4929; baseline 0.003 -17"><span class='ocrx_word' id='word_1_743' title='bbox 509 4857 721 4926; x_wconf 80' lang='lat' dir='ltr'><strong>pienter</strong></span> <span class='ocrx_word' id='word_1_744' title='bbox 748 4854 1091 4929; x_wconf 80' lang='lat' dir='ltr'><strong>psallentium</strong></span> <span class='ocrx_word' id='word_1_745' title='bbox 1111 4863 1137 4901; x_wconf 71' lang='grc' dir='ltr'><em>ε</em></span> <span class='ocrx_word' id='word_1_746' title='bbox 1158 4867 1258 4926; x_wconf 84' lang='lat' dir='ltr'><strong>per</strong></span> <span class='ocrx_word' id='word_1_747' title='bbox 1282 4852 1593 4924; x_wconf 84' lang='lat' dir='ltr'><strong>frequentes</strong></span> <span class='ocrx_word' id='word_1_748' title='bbox 1615 4856 1871 4914; x_wconf 84' lang='lat' dir='ltr'><strong>ecclesias</strong></span> <span class='ocrx_word' id='word_1_749' title='bbox 1896 4866 1952 4915; x_wconf 88' lang='lat' dir='ltr'><strong>et</strong></span> <span class='ocrx_word' id='word_1_750' title='bbox 1975 4874 2095 4916; x_wconf 89' lang='lat' dir='ltr'><strong>mo-</strong></span> 
     </span>
    </p>
   </div>
   <div class='ocr_carea' id='block_1_93' title="bbox 508 4946 2095 5016">
    <p class='ocr_par' dir='ltr' id='par_1_93' title="bbox 508 4946 2095 5016">
     <span class='ocr_line' id='line_1_93' title="bbox 508 4946 2095 5016; baseline 0.001 -11"><span class='ocrx_word' id='word_1_751' title='bbox 508 4948 744 5005; x_wconf 78' lang='lat' dir='ltr'><strong>nasteria</strong></span> <span class='ocrx_word' id='word_1_752' title='bbox 782 4954 992 5005; x_wconf 84' lang='lat' dir='ltr'><strong>secreta</strong></span> <span class='ocrx_word' id='word_1_753' title='bbox 1018 4953 1302 5016; x_wconf 87' lang='lat' dir='ltr'><strong>concentu,</strong></span> <span class='ocrx_word' id='word_1_754' title='bbox 1332 4946 1649 5005; x_wconf 80' lang='lat' dir='ltr'><strong>uastissimis</strong></span> <span class='ocrx_word' id='word_1_755' title='bbox 1671 4950 1853 5006; x_wconf 84' lang='lat' dir='ltr'><strong>ovium</strong></span> <span class='ocrx_word' id='word_1_756' title='bbox 1882 4960 2095 5007; x_wconf 87' lang='lat' dir='ltr'><strong>tuarum</strong></span> 
     </span>
    </p>
   </div>
   <div class='ocr_carea' id='block_1_94' title="bbox 511 5038 2096 5100">
    <p class='ocr_par' dir='ltr' id='par_1_94' title="bbox 511 5038 2096 5100">
     <span class='ocr_line' id='line_1_94' title="bbox 511 5038 2096 5100; baseline -0.001 -1"><span class='ocrx_word' id='word_1_757' title='bbox 511 5052 563 5099; x_wconf 88' lang='lat' dir='ltr'><strong>et</strong></span> <span class='ocrx_word' id='word_1_758' title='bbox 594 5043 845 5100; x_wconf 78' lang='lat' dir='ltr'><strong>cordibus</strong></span> <span class='ocrx_word' id='word_1_759' title='bbox 871 5042 1210 5097; x_wconf 79' lang='lat' dir='ltr'><strong>delectantur</strong></span> <span class='ocrx_word' id='word_1_760' title='bbox 1231 5050 1287 5097; x_wconf 89' lang='lat' dir='ltr'><strong>et</strong></span> <span class='ocrx_word' id='word_1_761' title='bbox 1315 5042 1559 5099; x_wconf 88' lang='lat' dir='ltr'><strong>vocibus.</strong></span> <span class='ocrx_word' id='word_1_762' title='bbox 1588 5041 1655 5096; x_wconf 88' lang='lat' dir='ltr'><strong>Et</strong></span> <span class='ocrx_word' id='word_1_763' title='bbox 1684 5057 1826 5098; x_wconf 86' lang='lat' dir='ltr'><strong>nunc</strong></span> <span class='ocrx_word' id='word_1_764' title='bbox 1867 5038 1985 5099; x_wconf 82' lang='lat' dir='ltr'><strong>illos</strong></span> <span class='ocrx_word' id='word_1_765' title='bbox 2014 5044 2096 5098; x_wconf 88' lang='lat' dir='ltr'><strong>in-</strong></span> 
     </span>
    </p>
   </div>
   <div class='ocr_carea' id='block_1_95' title="bbox 2204 4770 3803 4851">
    <p class='ocr_par' dir='ltr' id='par_1_95' title="bbox 2204 4770 3803 4851">
     <span class='ocr_line' id='line_1_95' title="bbox 2204 4770 3803 4851; baseline 0.009 -25"><span class='ocrx_word' id='word_1_766' title='bbox 2204 4770 2506 4842; x_wconf 74' lang='lat' dir='ltr'><strong>stupefacto</strong></span> <span class='ocrx_word' id='word_1_767' title='bbox 2549 4786 2841 4829; x_wconf 85' lang='lat' dir='ltr'><strong>conversus</strong></span> <span class='ocrx_word' id='word_1_768' title='bbox 2869 4775 2947 4846; x_wconf 87' lang='grc' dir='ltr'><strong>(Ιι)</strong></span> <span class='ocrx_word' id='word_1_769' title='bbox 2976 4776 3223 4834; x_wconf 81' lang='lat' dir='ltr'><strong>exercitu</strong></span> <span class='ocrx_word' id='word_1_770' title='bbox 3240 4820 3258 4847; x_wconf 96' lang='lat'><strong>,</strong></span> <span class='ocrx_word' id='word_1_771' title='bbox 3285 4785 3414 4836; x_wconf 82' lang='lat' dir='ltr'><strong>ante</strong></span> <span class='ocrx_word' id='word_1_772' title='bbox 3432 4779 3600 4851; x_wconf 88' lang='lat' dir='ltr'><strong>pedes</strong></span> <span class='ocrx_word' id='word_1_773' title='bbox 3622 4783 3803 4841; x_wconf 83' lang='lat' dir='ltr'><strong>sacri-</strong></span> 
     </span>
    </p>
   </div>
   <div class='ocr_carea' id='block_1_96' title="bbox 2205 4864 3802 4945">
    <p class='ocr_par' dir='ltr' id='par_1_96' title="bbox 2205 4864 3802 4945">
     <span class='ocr_line' id='line_1_96' title="bbox 2205 4864 3802 4945; baseline 0.011 -26"><span class='ocrx_word' id='word_1_774' title='bbox 2205 4864 2311 4933; x_wconf 82' lang='lat' dir='ltr'><strong>legi</strong></span> <span class='ocrx_word' id='word_1_775' title='bbox 2343 4865 2543 4921; x_wconf 87' lang='lat' dir='ltr'><strong>tribuni</strong></span> <span class='ocrx_word' id='word_1_776' title='bbox 2571 4867 2773 4923; x_wconf 85' lang='lat' dir='ltr'><strong>militiae</strong></span> <span class='ocrx_word' id='word_1_777' title='bbox 2799 4879 3133 4930; x_wconf 69' lang='lat' dir='ltr'><strong>saaamenta</strong></span> <span class='ocrx_word' id='word_1_778' title='bbox 3162 4873 3227 4943; x_wconf 87' lang='lat' dir='ltr'><strong>(i)</strong></span> <span class='ocrx_word' id='word_1_779' title='bbox 3255 4882 3589 4945; x_wconf 87' lang='lat' dir='ltr'><strong>permutans,</strong></span> <span class='ocrx_word' id='word_1_780' title='bbox 3640 4892 3802 4936; x_wconf 87' lang='lat' dir='ltr'><strong>arma</strong></span> 
     </span>
    </p>
   </div>
   <div class='ocr_carea' id='block_1_97' title="bbox 2202 4956 3800 5035">
    <p class='ocr_par' dir='ltr' id='par_1_97' title="bbox 2202 4956 3800 5035">
     <span class='ocr_line' id='line_1_97' title="bbox 2202 4956 3800 5035; baseline 0.013 -27"><span class='ocrx_word' id='word_1_781' title='bbox 2202 4956 2477 5024; x_wconf 82' lang='lat' dir='ltr'><strong>sanguinis</strong></span> <span class='ocrx_word' id='word_1_782' title='bbox 2500 4956 2762 5027; x_wconf 69' lang='lat' dir='ltr'><strong>abiecisti,</strong></span> <span class='ocrx_word' id='word_1_783' title='bbox 2788 4970 2849 5016; x_wconf 88' lang='lat' dir='ltr'><strong>ut</strong></span> <span class='ocrx_word' id='word_1_784' title='bbox 2868 4976 3017 5017; x_wconf 89' lang='lat' dir='ltr'><strong>arma</strong></span> <span class='ocrx_word' id='word_1_785' title='bbox 3036 4965 3184 5035; x_wconf 84' lang='lat' dir='ltr'><strong>pacis</strong></span> <span class='ocrx_word' id='word_1_786' title='bbox 3211 4963 3515 5035; x_wconf 87' lang='lat' dir='ltr'><strong>induentes,</strong></span> <span class='ocrx_word' id='word_1_787' title='bbox 3546 4979 3800 5027; x_wconf 87' lang='lat' dir='ltr'><strong>contem-</strong></span> 
     </span>
    </p>
   </div>
   <div class='ocr_carea' id='block_1_98' title="bbox 2202 5048 3798 5120">
    <p class='ocr_par' dir='ltr' id='par_1_98' title="bbox 2202 5048 3798 5120">
     <span class='ocr_line' id='line_1_98' title="bbox 2202 5048 3798 5120; baseline 0.009 -20"><span class='ocrx_word' id='word_1_788' title='bbox 2202 5060 2339 5102; x_wconf 85' lang='lat' dir='ltr'><strong>nens</strong></span> <span class='ocrx_word' id='word_1_789' title='bbox 2382 5048 2579 5104; x_wconf 86' lang='lat' dir='ltr'><strong>armari</strong></span> <span class='ocrx_word' id='word_1_790' title='bbox 2621 5049 2765 5107; x_wconf 87' lang='lat' dir='ltr'><strong>ferro</strong></span> <span class='ocrx_word' id='word_1_791' title='bbox 2788 5091 2801 5115; x_wconf 70' lang='grc' dir='ltr'><strong><em>τ</em></strong></span> <span class='ocrx_word' id='word_1_792' title='bbox 2836 5051 2904 5120; x_wconf 68' lang='lat' dir='ltr'><strong>iii</strong></span> <span class='ocrx_word' id='word_1_793' title='bbox 2939 5056 3061 5120; x_wconf 71' lang='lat' dir='ltr'><strong>Quia</strong></span> <span class='ocrx_word' id='word_1_794' title='bbox 3091 5056 3387 5113; x_wconf 84' lang='lat' dir='ltr'><strong>armabaris</strong></span> <span class='ocrx_word' id='word_1_795' title='bbox 3432 5056 3673 5118; x_wconf 88' lang='lat' dir='ltr'><strong>Christo.</strong></span> <span class='ocrx_word' id='word_1_796' title='bbox 3726 5060 3798 5117; x_wconf 78' lang='lat' dir='ltr'><strong>Et</strong></span> 
     </span>
    </p>
   </div>
   <div class='ocr_carea' id='block_1_99' title="bbox 585 5172 3768 5257">
    <p class='ocr_par' dir='ltr' id='par_1_99' title="bbox 585 5172 3768 5257">
     <span class='ocr_line' id='line_1_99' title="bbox 585 5172 3768 5257; baseline 0.001 -28"><span class='ocrx_word' id='word_1_797' title='bbox 585 5179 742 5257; x_wconf 55' lang='lat' dir='ltr'><strong>«Issi.</strong></span> <span class='ocrx_word' id='word_1_798' title='bbox 767 5172 1363 5257; x_wconf 42' lang='lat' dir='ltr'><strong>tx,l;.\la’ttlx.xtv.,‘i5.</strong></span> <span class='ocrx_word' id='word_1_799' title='bbox 1414 5174 1437 5211; x_wconf 64' lang='grc' dir='ltr'>δ</span> <span class='ocrx_word' id='word_1_800' title='bbox 1466 5174 1859 5257; x_wconf 40' lang='grc' dir='ltr'><strong>ῌδειηιίιιωὸ.</strong></span> <span class='ocrx_word' id='word_1_801' title='bbox 1920 5175 2342 5257; x_wconf 35' lang='grc' dir='ltr'>ςδξρκιιβῖι</span> <span class='ocrx_word' id='word_1_802' title='bbox 2387 5176 2553 5257; x_wconf 65' lang='lat' dir='ltr'><strong>d_Sap.</strong></span> <span class='ocrx_word' id='word_1_803' title='bbox 2579 5198 2646 5248; x_wconf 77' lang='lat' dir='ltr'><strong>v1,</strong></span> <span class='ocrx_word' id='word_1_804' title='bbox 2682 5182 2773 5257; x_wconf 50' lang='grc' dir='ltr'><strong>17ἴ</strong></span> <span class='ocrx_word' id='word_1_805' title='bbox 2847 5184 3028 5243; x_wconf 67' lang='grc' dir='ltr'><strong>οΡεξιι.</strong></span> <span class='ocrx_word' id='word_1_806' title='bbox 3056 5191 3279 5257; x_wconf 56' lang='lat'><strong>“1,1,5,</strong></span> <span class='ocrx_word' id='word_1_807' title='bbox 3358 5191 3539 5251; x_wconf 52' lang='lat' dir='ltr'><strong>{pa}.</strong></span> <span class='ocrx_word' id='word_1_808' title='bbox 3564 5212 3768 5255; x_wconf 63' lang='lat' dir='ltr'><strong>cum,</strong></span> 
     </span>
    </p>
   </div>
   <div class='ocr_carea' id='block_1_100' title="bbox 513 5242 3797 5334">
    <p class='ocr_par' dir='ltr' id='par_1_100' title="bbox 513 5242 3797 5334">
     <span class='ocr_line' id='line_1_100' title="bbox 513 5242 3797 5334; baseline 0.007 -33"><span class='ocrx_word' id='word_1_809' title='bbox 513 5246 599 5301; x_wconf 65' lang='grc'><strong>14.</strong></span> <span class='ocrx_word' id='word_1_810' title='bbox 625 5257 648 5296; x_wconf 74' lang='grc' dir='ltr'><em>ε</em></span> <span class='ocrx_word' id='word_1_811' title='bbox 669 5247 804 5301; x_wconf 77' lang='lat' dir='ltr'><strong>i’sal.</strong></span> <span class='ocrx_word' id='word_1_812' title='bbox 840 5262 985 5307; x_wconf 70' lang='lat' dir='ltr'><strong>xui,</strong></span> <span class='ocrx_word' id='word_1_813' title='bbox 1016 5244 1067 5297; x_wconf 87' lang='lat'><strong>8.</strong></span> <span class='ocrx_word' id='word_1_814' title='bbox 1133 5242 1195 5300; x_wconf 71' lang='grc'><strong>⁸1</strong></span> <span class='ocrx_word' id='word_1_815' title='bbox 1223 5242 1362 5300; x_wconf 85' lang='lat' dir='ltr'><strong>Tim.</strong></span> <span class='ocrx_word' id='word_1_816' title='bbox 1386 5259 1442 5311; x_wconf 81' lang='grc' dir='ltr'>ιι,</span> <span class='ocrx_word' id='word_1_817' title='bbox 1467 5244 1521 5299; x_wconf 72' lang='grc'><strong>4.</strong></span> <span class='ocrx_word' id='word_1_818' title='bbox 1604 5245 1765 5300; x_wconf 61' lang='lat' dir='ltr'><strong>ilsai.</strong></span> <span class='ocrx_word' id='word_1_819' title='bbox 1795 5263 1887 5305; x_wconf 77' lang='lat' dir='ltr'><strong>ut.</strong></span> <span class='ocrx_word' id='word_1_820' title='bbox 1920 5247 1978 5313; x_wconf 81' lang='lat'><strong>7;</strong></span> <span class='ocrx_word' id='word_1_821' title='bbox 2014 5242 2168 5305; x_wconf 76' lang='lat' dir='ltr'><strong>Rom.</strong></span> <span class='ocrx_word' id='word_1_822' title='bbox 2194 5242 2373 5316; x_wconf 54' lang='lat'><strong>3,15;</strong></span> <span class='ocrx_word' id='word_1_823' title='bbox 2407 5242 2547 5307; x_wconf 52' lang='lat' dir='ltr'><strong>Psa&#39;l.</strong></span> <span class='ocrx_word' id='word_1_824' title='bbox 2578 5242 2729 5325; x_wconf 73' lang='lat' dir='ltr'><strong>xvttt,</strong></span> <span class='ocrx_word' id='word_1_825' title='bbox 2750 5255 2803 5315; x_wconf 86' lang='lat'><strong>6.</strong></span> <span class='ocrx_word' id='word_1_826' title='bbox 2882 5257 2897 5308; x_wconf 80' lang='lat' dir='ltr'><strong>l</strong></span> <span class='ocrx_word' id='word_1_827' title='bbox 2929 5242 3068 5313; x_wconf 82' lang='lat' dir='ltr'><strong>Psal.</strong></span> <span class='ocrx_word' id='word_1_828' title='bbox 3100 5242 3309 5327; x_wconf 50' lang='grc' dir='ltr'><strong>έσῖίδ.</strong></span> 
     </span>
    </p>
   </div>
   <div class='ocr_carea' id='block_1_101' title="bbox 583 5378 1899 5449">
    <p class='ocr_par' dir='ltr' id='par_1_101' title="bbox 583 5378 1899 5449">
     <span class='ocr_line' id='line_1_101' title="bbox 583 5378 1899 5449; baseline 0 -16"><span class='ocrx_word' id='word_1_829' title='bbox 583 5384 660 5449; x_wconf 72' lang='grc' dir='ltr'>(τι)</span> <span class='ocrx_word' id='word_1_830' title='bbox 694 5380 791 5434; x_wconf 53' lang='lat' dir='ltr'><strong>iis.</strong></span> <span class='ocrx_word' id='word_1_831' title='bbox 818 5379 948 5448; x_wconf 73' lang='lat' dir='ltr'><strong>Reg.</strong></span> <span class='ocrx_word' id='word_1_832' title='bbox 980 5388 1035 5434; x_wconf 82' lang='lat' dir='ltr'><strong>et</strong></span> <span class='ocrx_word' id='word_1_833' title='bbox 1060 5378 1187 5432; x_wconf 84' lang='lat' dir='ltr'><strong>edit.</strong></span> <span class='ocrx_word' id='word_1_834' title='bbox 1222 5378 1351 5433; x_wconf 76' lang='lat' dir='ltr'><strong>Bal).</strong></span> <span class='ocrx_word' id='word_1_835' title='bbox 1383 5385 1440 5434; x_wconf 86' lang='lat' dir='ltr'><strong>et</strong></span> <span class='ocrx_word' id='word_1_836' title='bbox 1470 5380 1657 5441; x_wconf 55' lang='lat' dir='ltr'><strong>Grata,</strong></span> <span class='ocrx_word' id='word_1_837' title='bbox 1686 5384 1739 5431; x_wconf 74' lang='lat' dir='ltr'><strong>in</strong></span> <span class='ocrx_word' id='word_1_838' title='bbox 1773 5386 1899 5433; x_wconf 80' lang='lat' dir='ltr'><strong>tota.</strong></span> 
     </span>
    </p>
   </div>
   <div class='ocr_carea' id='block_1_102' title="bbox 584 5449 2087 5521">
    <p class='ocr_par' dir='ltr' id='par_1_102' title="bbox 584 5449 2087 5521">
     <span class='ocr_line' id='line_1_102' title="bbox 584 5449 2087 5521; baseline 0.001 -17"><span class='ocrx_word' id='word_1_839' title='bbox 584 5455 659 5521; x_wconf 73' lang='grc' dir='ltr'><strong>(ὸ)</strong></span> <span class='ocrx_word' id='word_1_840' title='bbox 691 5451 780 5506; x_wconf 71' lang='lat' dir='ltr'><strong>Sic</strong></span> <span class='ocrx_word' id='word_1_841' title='bbox 808 5468 902 5506; x_wconf 79' lang='lat' dir='ltr'><strong>ms.</strong></span> <span class='ocrx_word' id='word_1_842' title='bbox 940 5450 1255 5503; x_wconf 70' lang='lat' dir='ltr'><strong>Viennensis</strong></span> <span class='ocrx_word' id='word_1_843' title='bbox 1283 5449 1494 5507; x_wconf 82' lang='lat' dir='ltr'><strong>favente</strong></span> <span class='ocrx_word' id='word_1_844' title='bbox 1538 5466 1641 5505; x_wconf 71' lang='lat' dir='ltr'><strong>tus.</strong></span> <span class='ocrx_word' id='word_1_845' title='bbox 1672 5450 1857 5505; x_wconf 83' lang='lat' dir='ltr'><strong>codice</strong></span> <span class='ocrx_word' id='word_1_846' title='bbox 1898 5449 2087 5519; x_wconf 78' lang='lat' dir='ltr'><strong>Regio.</strong></span> 
     </span>
    </p>
   </div>
   <div class='ocr_carea' id='block_1_103' title="bbox 513 5522 907 5591">
    <p class='ocr_par' dir='ltr' id='par_1_103' title="bbox 513 5522 907 5591">
     <span class='ocr_line' id='line_1_103' title="bbox 513 5522 907 5591; baseline -0.015 -14"><span class='ocrx_word' id='word_1_847' title='bbox 513 5522 640 5591; x_wconf 72' lang='lat' dir='ltr'><strong>Alit,</strong></span> <span class='ocrx_word' id='word_1_848' title='bbox 666 5539 907 5576; x_wconf 72' lang='lat' dir='ltr'><strong>consona.</strong></span> 
     </span>
    </p>
   </div>
   <div class='ocr_carea' id='block_1_104' title="bbox 585 5591 2090 5663">
    <p class='ocr_par' dir='ltr' id='par_1_104' title="bbox 585 5591 2090 5663">
     <span class='ocr_line' id='line_1_104' title="bbox 585 5591 2090 5663; baseline 0 -16"><span class='ocrx_word' id='word_1_849' title='bbox 585 5598 654 5663; x_wconf 67' lang='grc' dir='ltr'><strong>(ις)</strong></span> <span class='ocrx_word' id='word_1_850' title='bbox 685 5592 739 5647; x_wconf 82' lang='lat' dir='ltr'><strong>In</strong></span> <span class='ocrx_word' id='word_1_851' title='bbox 764 5595 1080 5662; x_wconf 73' lang='lat' dir='ltr'><strong>quibusdam</strong></span> <span class='ocrx_word' id='word_1_852' title='bbox 1111 5594 1291 5649; x_wconf 68' lang='lat' dir='ltr'><strong>Bilbilis</strong></span> <span class='ocrx_word' id='word_1_853' title='bbox 1322 5592 1513 5660; x_wconf 73' lang='lat' dir='ltr'><strong>legitur</strong></span> <span class='ocrx_word' id='word_1_854' title='bbox 1540 5595 1665 5655; x_wconf 72' lang='lat' dir='ltr'><strong>suis,</strong></span> <span class='ocrx_word' id='word_1_855' title='bbox 1687 5592 1739 5647; x_wconf 89' lang='lat' dir='ltr'><strong>in</strong></span> <span class='ocrx_word' id='word_1_856' title='bbox 1769 5591 1968 5648; x_wconf 84' lang='lat' dir='ltr'><strong>nostris</strong></span> <span class='ocrx_word' id='word_1_857' title='bbox 1997 5607 2090 5648; x_wconf 88' lang='lat' dir='ltr'><strong>co-</strong></span> 
     </span>
    </p>
   </div>
   <div class='ocr_carea' id='block_1_105' title="bbox 512 5665 1053 5723">
    <p class='ocr_par' dir='ltr' id='par_1_105' title="bbox 512 5665 1053 5723">
     <span class='ocr_line' id='line_1_105' title="bbox 512 5665 1053 5723; baseline -0.007 0"><span class='ocrx_word' id='word_1_858' title='bbox 512 5667 711 5723; x_wconf 67' lang='lat' dir='ltr'><strong>dicibu»</strong></span> <span class='ocrx_word' id='word_1_859' title='bbox 740 5665 1053 5720; x_wconf 66' lang='grc' dir='ltr'><strong>αἰεεςιὶοιιὲε.</strong></span> 
     </span>
    </p>
   </div>
   <div class='ocr_carea' id='block_1_106' title="bbox 584 5736 1458 5808">
    <p class='ocr_par' dir='ltr' id='par_1_106' title="bbox 584 5736 1458 5808">
     <span class='ocr_line' id='line_1_106' title="bbox 584 5736 1458 5808; baseline 0.002 -20"><span class='ocrx_word' id='word_1_860' title='bbox 584 5736 785 5808; x_wconf 45' lang='lat' dir='ltr'><strong>(«ille</strong></span> <span class='ocrx_word' id='word_1_861' title='bbox 823 5737 993 5798; x_wconf 58' lang='grc' dir='ltr'>Υιωιη</span> <span class='ocrx_word' id='word_1_862' title='bbox 1027 5738 1211 5805; x_wconf 69' lang='lat' dir='ltr'><strong>primo.</strong></span> <span class='ocrx_word' id='word_1_863' title='bbox 1360 5805 1379 5808; x_wconf 94' lang='lat'><em>_</em></span> <span class='ocrx_word' id='word_1_864' title='bbox 1450 5799 1458 5808; x_wconf 39' lang='grc'><em>,</em></span> 
     </span>
    </p>
   </div>
   <div class='ocr_carea' id='block_1_107' title="bbox 580 5803 2081 5877">
    <p class='ocr_par' dir='ltr' id='par_1_107' title="bbox 580 5803 2081 5877">
     <span class='ocr_line' id='line_1_107' title="bbox 580 5803 2081 5877; baseline 0.001 -17"><span class='ocrx_word' id='word_1_865' title='bbox 580 5803 651 5873; x_wconf 66' lang='grc' dir='ltr'>(ιι)</span> <span class='ocrx_word' id='word_1_866' title='bbox 680 5807 753 5861; x_wconf 66' lang='grc' dir='ltr'><strong>ιιι</strong></span> <span class='ocrx_word' id='word_1_867' title='bbox 787 5828 880 5865; x_wconf 69' lang='lat' dir='ltr'><strong>ms.</strong></span> <span class='ocrx_word' id='word_1_868' title='bbox 906 5803 1053 5864; x_wconf 46' lang='lat' dir='ltr'><strong>vim.</strong></span> <span class='ocrx_word' id='word_1_869' title='bbox 1078 5809 1246 5865; x_wconf 71' lang='lat' dir='ltr'><strong>codex</strong></span> <span class='ocrx_word' id='word_1_870' title='bbox 1276 5815 1329 5863; x_wconf 78' lang='lat' dir='ltr'><strong>et</strong></span> <span class='ocrx_word' id='word_1_871' title='bbox 1359 5803 1618 5861; x_wconf 79' lang='lat' dir='ltr'><strong>Latinius.</strong></span> <span class='ocrx_word' id='word_1_872' title='bbox 1650 5803 1788 5861; x_wconf 75' lang='lat' dir='ltr'><strong>Ante</strong></span> <span class='ocrx_word' id='word_1_873' title='bbox 1813 5806 2081 5877; x_wconf 66' lang='lat' dir='ltr'><strong>eratprae-</strong></span> 
     </span>
    </p>
   </div>
   <div class='ocr_carea' id='block_1_108' title="bbox 511 5891 694 5935">
    <p class='ocr_par' dir='ltr' id='par_1_108' title="bbox 511 5891 694 5935">
     <span class='ocr_line' id='line_1_108' title="bbox 511 5891 694 5935; baseline -0.011 -4"><span class='ocrx_word' id='word_1_874' title='bbox 511 5891 694 5935; x_wconf 63' lang='grc' dir='ltr'><strong>ειἿὶίῐᾶ.</strong></span> 
     </span>
    </p>
   </div>
   <div class='ocr_carea' id='block_1_109' title="bbox 2271 5381 3351 5507">
    <p class='ocr_par' dir='ltr' id='par_1_109' title="bbox 2271 5381 3351 5507">
     <span class='ocr_line' id='line_1_109' title="bbox 2271 5381 3351 5507; baseline 0.012 -70"><span class='ocrx_word' id='word_1_875' title='bbox 2271 5381 2340 5507; x_wconf 55' lang='grc' dir='ltr'><strong>ρ’)</strong></span> <span class='ocrx_word' id='word_1_876' title='bbox 2383 5382 2479 5439; x_wconf 81' lang='lat' dir='ltr'><strong>Ms.</strong></span> <span class='ocrx_word' id='word_1_877' title='bbox 2512 5383 2693 5455; x_wconf 81' lang='lat' dir='ltr'><strong>Vien.,</strong></span> <span class='ocrx_word' id='word_1_878' title='bbox 2719 5388 2969 5473; x_wconf 69' lang='lat' dir='ltr'><strong>castita...</strong></span> <span class='ocrx_word' id='word_1_879' title='bbox 3002 5391 3351 5479; x_wconf 60' lang='lat' dir='ltr'><strong>coniungitur:</strong></span> 
     </span>
     <span class='ocr_line' id='line_1_110' title="bbox 2297 5453 3347 5507; baseline 0 0"><span class='ocrx_word' id='word_1_880' title='bbox 2297 5454 2349 5507; x_wconf 75' lang='lat' dir='ltr'><strong>al</strong></span> <span class='ocrx_word' id='word_1_881' title='bbox 2373 5453 2509 5507; x_wconf 80' lang='lat' dir='ltr'><strong>Edd.</strong></span> <span class='ocrx_word' id='word_1_882' title='bbox 2542 5454 2594 5507; x_wconf 74' lang='grc'><strong>2.</strong></span> <span class='ocrx_word' id='word_1_883' title='bbox 2626 5473 2795 5507; x_wconf 63' lang='lat' dir='ltr'><strong>oneras</strong></span> <span class='ocrx_word' id='word_1_884' title='bbox 2822 5475 2923 5507; x_wconf 69' lang='lat' dir='ltr'><strong>sui-</strong></span> <span class='ocrx_word' id='word_1_885' title='bbox 2950 5458 3188 5507; x_wconf 78' lang='lat' dir='ltr'><strong>lllmmm</strong></span> <span class='ocrx_word' id='word_1_886' title='bbox 3225 5465 3347 5507; x_wconf 75' lang='grc' dir='ltr'>Ιριιιι</span> 
     </span>
    </p>
   </div>
   <div class='ocr_carea' id='block_1_110' title="bbox 2297 5453 3791 5539">
    <p class='ocr_par' dir='ltr' id='par_1_110' title="bbox 2297 5453 3791 5539">
     <span class='ocr_line' id='line_1_111' title="bbox 2297 5453 3791 5539; baseline 0.018 -34"><span class='ocrx_word' id='word_1_887' title='bbox 2297 5453 2349 5539; x_wconf 64' lang='lat' dir='ltr'><strong>gl</strong></span> <span class='ocrx_word' id='word_1_888' title='bbox 2373 5453 2509 5538; x_wconf 81' lang='lat' dir='ltr'><strong>Edd.</strong></span> <span class='ocrx_word' id='word_1_889' title='bbox 2542 5454 2594 5521; x_wconf 75' lang='lat'><strong>2,</strong></span> <span class='ocrx_word' id='word_1_890' title='bbox 2621 5453 2795 5539; x_wconf 71' lang='lat' dir='ltr'><strong>operis</strong></span> <span class='ocrx_word' id='word_1_891' title='bbox 2822 5460 2923 5514; x_wconf 82' lang='lat' dir='ltr'><strong>sui.</strong></span> <span class='ocrx_word' id='word_1_892' title='bbox 2950 5453 3385 5534; x_wconf 43' lang='lat' dir='ltr'><strong>Utraquevlectio</strong></span> <span class='ocrx_word' id='word_1_893' title='bbox 3412 5468 3573 5527; x_wconf 88' lang='lat' dir='ltr'><strong>bona.</strong></span> <span class='ocrx_word' id='word_1_894' title='bbox 3598 5470 3791 5532; x_wconf 80' lang='lat' dir='ltr'><strong>Altera</strong></span> 
     </span>
    </p>
   </div>
   <div class='ocr_carea' id='block_1_111' title="bbox 2195 5536 2654 5599">
    <p class='ocr_par' dir='ltr' id='par_1_111' title="bbox 2195 5536 2654 5599">
     <span class='ocr_line' id='line_1_112' title="bbox 2195 5536 2654 5599; baseline 0.007 -20"><span class='ocrx_word' id='word_1_895' title='bbox 2195 5536 2524 5599; x_wconf 51' lang='lat' dir='ltr'><strong>vertorjisa</strong></span> <span class='ocrx_word' id='word_1_896' title='bbox 2553 5536 2654 5582; x_wconf 85' lang='lat' dir='ltr'><strong>est.</strong></span> 
     </span>
    </p>
   </div>
   <div class='ocr_carea' id='block_1_112' title="bbox 2268 5594 3790 5685">
    <p class='ocr_par' dir='ltr' id='par_1_112' title="bbox 2268 5594 3790 5685">
     <span class='ocr_line' id='line_1_113' title="bbox 2268 5594 3790 5685; baseline 0.018 -38"><span class='ocrx_word' id='word_1_897' title='bbox 2268 5594 3053 5685; x_wconf 38' lang='lat' dir='ltr'><strong>ea&#39;t‘ltedr._cmc‘lesiae</strong></span> <span class='ocrx_word' id='word_1_898' title='bbox 3087 5603 3371 5678; x_wconf 79' lang='lat' dir='ltr'><strong>Rotomag.</strong></span> <span class='ocrx_word' id='word_1_899' title='bbox 3402 5613 3790 5685; x_wconf 52' lang='lat' dir='ltr'><strong>etcollegiatm</strong></span> 
     </span>
    </p>
   </div>
   <div class='ocr_carea' id='block_1_113' title="bbox 2195 5665 3786 5745">
    <p class='ocr_par' dir='ltr' id='par_1_113' title="bbox 2195 5665 3786 5745">
     <span class='ocr_line' id='line_1_114' title="bbox 2195 5665 3786 5745; baseline 0.018 -27"><span class='ocrx_word' id='word_1_900' title='bbox 2284 5665 2470 5722; x_wconf 67' lang='lat' dir='ltr'><strong>Maria:</strong></span> <span class='ocrx_word' id='word_1_901' title='bbox 2492 5667 2558 5723; x_wconf 86' lang='lat' dir='ltr'><strong>de</strong></span> <span class='ocrx_word' id='word_1_902' title='bbox 2590 5668 2835 5745; x_wconf 61' lang='lat' dir='ltr'><strong>Retanda</strong></span> <span class='ocrx_word' id='word_1_903' title='bbox 2858 5672 3158 5745; x_wconf 67' lang='grc' dir='ltr'><strong>ΔΙῖοωιιιειίς.</strong></span> <span class='ocrx_word' id='word_1_904' title='bbox 3203 5665 3413 5737; x_wconf 53' lang='lat' dir='ltr'><strong>necnon</strong></span> <span class='ocrx_word' id='word_1_905' title='bbox 3446 5665 3786 5745; x_wconf 51' lang='lat' dir='ltr'><strong>siéiiiiiiiiﬁ</strong></span> 
     </span>
    </p>
   </div>
   <div class='ocr_carea' id='block_1_114' title="bbox 2197 5735 3275 5805">
    <p class='ocr_par' dir='ltr' id='par_1_114' title="bbox 2197 5735 3275 5805">
     <span class='ocr_line' id='line_1_115' title="bbox 2197 5735 3275 5805; baseline 0.015 -16"><span class='ocrx_word' id='word_1_906' title='bbox 2197 5735 2485 5803; x_wconf 82' lang='lat' dir='ltr'><strong>llotomag.</strong></span> <span class='ocrx_word' id='word_1_907' title='bbox 2509 5754 2597 5793; x_wconf 87' lang='lat' dir='ltr'><strong>an.</strong></span> <span class='ocrx_word' id='word_1_908' title='bbox 2623 5738 2751 5793; x_wconf 75' lang='lat' dir='ltr'><strong>M9l</strong></span> <span class='ocrx_word' id='word_1_909' title='bbox 2786 5741 2984 5799; x_wconf 81' lang='lat' dir='ltr'><strong>habent</strong></span> <span class='ocrx_word' id='word_1_910' title='bbox 3011 5735 3275 5805; x_wconf 59' lang='lat' dir='ltr'><strong>exercitui.</strong></span> 
     </span>
    </p>
   </div>
   <div class='ocr_carea' id='block_1_115' title="bbox 2267 5804 3057 5877">
    <p class='ocr_par' dir='ltr' id='par_1_115' title="bbox 2267 5804 3057 5877">
     <span class='ocr_line' id='line_1_116' title="bbox 2267 5804 3057 5877; baseline 0.015 -17"><span class='ocrx_word' id='word_1_911' title='bbox 2267 5809 2337 5877; x_wconf 77' lang='grc' dir='ltr'><strong>(ἱ)</strong></span> <span class='ocrx_word' id='word_1_912' title='bbox 2373 5804 2541 5862; x_wconf 83' lang='lat' dir='ltr'><strong>Iidem</strong></span> <span class='ocrx_word' id='word_1_913' title='bbox 2570 5810 2801 5876; x_wconf 78' lang='lat' dir='ltr'><strong>codices,</strong></span> <span class='ocrx_word' id='word_1_914' title='bbox 2834 5827 3057 5873; x_wconf 76' lang='lat' dir='ltr'><strong>mutans.</strong></span> 
     </span>
    </p>
   </div>
   <div class='ocr_carea' id='block_1_116' title="bbox 2268 5877 2929 5953">
    <p class='ocr_par' dir='ltr' id='par_1_116' title="bbox 2268 5877 2929 5953">
     <span class='ocr_line' id='line_1_117' title="bbox 2268 5877 2929 5953; baseline 0.012 -21"><span class='ocrx_word' id='word_1_915' title='bbox 2359 5877 2585 5935; x_wconf 51' lang='lat' dir='ltr'><strong>Calices</strong></span> <span class='ocrx_word' id='word_1_916' title='bbox 2612 5882 2790 5947; x_wconf 75' lang='lat' dir='ltr'><strong>tidem,</strong></span> <span class='ocrx_word' id='word_1_917' title='bbox 2825 5886 2929 5953; x_wconf 80' lang='lat' dir='ltr'><strong>qui.</strong></span> 
     </span>
    </p>
   </div>
   <div class='ocr_carea' id='block_1_117' title="bbox 2278 5510 2305 5524">
    <p class='ocr_par' dir='ltr' id='par_1_117' title="bbox 2278 5510 2305 5524">
     <span class='ocr_line' id='line_1_118' title="bbox 2278 5510 2305 5524; baseline 0 0"><span class='ocrx_word' id='word_1_918' title='bbox 2278 5510 2283 5519; x_wconf 57' lang='grc' dir='ltr'><strong>ι</strong></span> <span class='ocrx_word' id='word_1_919' title='bbox 2297 5518 2305 5524; x_wconf 76' lang='grc' dir='ltr'><strong>ι</strong></span> 
     </span>
    </p>
   </div>
  </div>
