4022 6428
494 437 595 500 259

1627 429 1683 489 S.
1722 428 1999 489 PAULINI
2037 427 2289 488 NOLANI
2324 429 2634 491 RPISCOPI

489 554 645 613 scio:
693 551 950 625 quoniam
989 557 1170 624 portio
1198 555 1287 606 tua
1325 546 1641 627 est'bonum
1667 543 1949 601 familiaris
1982 543 2080 599 tui.
2112 546 2165 609 Α
2189 547 2304 619 ejus
2340 543 2383 600 ι.
2433 544 2570 600 Nam
2595 550 2651 602 et
2677 543 2927 602 sensibus
2954 544 2999 579 "
3027 543 3347 619 vegetandis
3373 546 3637 620 proderat
3676 545 3827 627 haee

560 646 618 703 Δ.
642 645 876 706 Servivit
903 660 1034 719 ergo
1057 643 1211 713 mihi,
1239 641 1463 702 servivit
1488 641 1743 714 inquam;
1768 647 1823 697 et
1851 654 1931 695 va:
1961 639 2094 697 mihi

491 726 711 807 misero,
744 739 886 811 quod
911 724 1102 810 passus
1123 752 1244 796 sum
1268 753 1285 804 ;
1328 735 1547 793 servivit
1570 741 1628 793 et
1653 732 1957 809 peccatori,
1998 732 2094 803 qui

492 851 601 892 non
626 828 901 894 serviebat
925 839 1197 907 peccato;
1249 837 1307 886 et
1333 842 1434 899 ego
1481 827 1730 899 indignus
1759 842 1791 882 a
1816 841 1977 883 servo
1996 825 2090 897 ju-

492 906 653 986 stitia:
695 925 1060 982 ministrabar.
1115 920 1224 979 Sed
1265 920 1393 979 hinc
1422 920 1554 977 mihi
1591 918 1834 976 levamen
1874 917 2092 990 aliquod

494 1020 631 1080 tanti
660 1017 1139 1096 ponderis'spero,
1185 1015 1331 1089 quod
1360 1011 1742 1073 sancti'fratris
1772 1008 2091 1070 famulatum

491 1104 606 1176 nun
622 1111 875 1189 superbia
921 1108 1187 1171 vindicavi
1219 1112 1274 1177 ‘,
1320 1106 1415 1166 sed
1449 1107 1528 1180 (a)
1556 1104 1924 1164 contestauda:
1952 1104 2090 1163 cari-

495 1206 625 1264 tatis
667 1217 802 1262 mea:
824 1245 839 1271 ,
890 1200 1095 1262 stlide
1140 1200 1416 1274 capiendae
1456 1196 1852 1256 benedictionis
1875 1195 2089 1255 admisi.

488 1297 807 1360 Benedictio
838 1296 982 1357 enim
1009 1294 1139 1351 mihi
1169 1299 1288 1355 erat
1317 1299 1506 1349 sancta
1548 1291 1604 1349 in
1630 1292 1851 1349 nomine
1877 1288 1976 1347 Dei
2005 1288 2092 1349 fa-

494 1379 718 1451 mulatio
740 1427 756 1453 ,
806 1395 858 1445 et
890 1388 945 1445 iu
973 1379 1237 1445 libertatis
1260 1384 1456 1458 spiritu
1494 1382 1690 1442 famula
1719 1382 1960 1440 dilectio.
2007 1375 2091 1438 Ob

495 1476 598 1541 hoc
622 1481 986 1540 voluntarium
1006 1477 1123 1550 ejus
1148 1479 1351 1535 bonum
1377 1487 1423 1546 ⁸,
1453 1484 1510 1532 et
1539 1492 1637 1550 pro
1667 1475 1835 1548 ipsius
1859 1474 2091 1533 utilitate

491 1575 726 1647 suscepi,
758 1589 1092 1647 praesumens
1121 1588 1187 1629 eo
1208 1571 1569 1647 potentiorem
1599 1568 1855 1626 exorandi
1878 1584 1976 1641 pro
2002 1582 2089 1623 me

493 1671 749 1731 futurum,
775 1682 884 1738 quo
913 1671 933 1698 ⁸
964 1666 1083 1739 plus
1111 1666 1292 1722 meriti
1319 1665 1386 1721 de
1419 1663 1495 1736 (b)
1524 1661 1803 1732 religionis
1832 1660 2088 1732 operibus

2195 638 2415 711 pietatis
2439 637 2610 708 magis
2636 636 2891 709 paltestra
2911 678 2930 706 ,
2965 652 3132 710 quam
3155 638 3400 709 corporis
3420 679 3437 707 ,
3486 654 3601 710 qua
3625 634 3839 695 frater

2194 730 2370 787 bonus
2396 736 2549 785 artus
2577 728 2709 784 mihi
2752 726 2968 801 fragiles
2990 770 3007 796 ,
3050 743 3214 785 manu
3244 730 3482 800 ﬁngente
3504 772 3522 800 ν
3569 745 3811 805 compo-

2194 835 2330 877 nens
2348 861 2364 888 ,
2415 820 2613 877 mentis
2639 833 2860 894 quoque
2882 820 3125 891 vigorem
3149 820 3411 880 recreatis
3436 820 3657 896 ossibus
3685 822 3808 879 eri-

2192 913 2374 985 gebat,
2404 922 2735 988 cooperante
2755 913 3109 987 proculdubio
3133 913 3391 973 manibus
3402 913 3549 977 ﬁde:
3580 924 3645 973 ut
3663 914 3811 973 dum

2192 1004 2460 1063 infirmam
2484 1020 2704 1063 carnem
2730 1020 2923 1064 manus
2943 1005 3212 1078 diligentis
3238 1005 3461 1066 duceret
3480 1050 3497 1077 ,
3556 1023 3807 1084 compa-

2199 1098 2423 1157 tientem
2452 1100 2685 1157 animam
2722 1100 2894 1171 gratia
2922 1097 3195 1158 credentis
3224 1098 3431 1156 clueret
3452 1138 3471 1166 ,
3521 1097 3806 1173 ﬁeretque

2191 1192 2326 1249 mihi
2373 1192 2519 1251 intus
2564 1192 2746 1253 oleum
2786 1191 3025 1263 laetitia},
3070 1191 3218 1264 quod
3262 1191 3393 1253 foris
3436 1200 3558 1251 erat
3602 1194 3803 1253 oleum

2190 1285 2439 1344 sanitatis
2468 1294 2515 1340 ε.

2261 1376 2315 1432 6.
2358 1376 2554 1452 Accipe
2582 1375 2744 1435 modo
2774 1374 2934 1433 aliam
2963 1374 3205 1449 ejusdem
3231 1374 3286 1435 in
3308 1364 3512 1434 nostris
3536 1376 3807 1435 sensibus

2188 1473 2524 1533 servitutem.
2558 1471 2694 1540 Quia
2734 1487 2843 1529 non
2885 1471 3062 1530 solum
3091 1465 3404 1528 refectionis
3431 1479 3660 1543 nostrae,
3688 1470 3809 1531 sed

2190 1575 2247 1625 et
2269 1566 2611 1642 parsimoniae
2665 1579 2849 1622 curam
2894 1578 3110 1636 gerens,
3160 1562 3377 1625 facilem
3437 1578 3540 1622 nos
3584 1562 3807 1620 vietum

2189 1658 2312 1718 cibo
2340 1657 2568 1731 simplici
2596 1669 2809 1728 capere,
2836 1657 3007 1715 coctis
3036 1657 3089 1713 in
3115 1664 3268 1729 gutta
3292 1655 3400 1714 olei
3424 1663 3481 1715 et
3507 1669 3667 1730 aquae
3688 1670 3803 1714 co-

491 1760 810 1832 acquisisset
840 1758 901 1813 ‘°.
962 1757 1098 1828 Aget
1142 1752 1389 1826 profecto
1434 1752 1772 1809 orationibus
1814 1750 1967 1819 suis,
2018 1763 2089 1805 ne
2190 1755 2283 1826 pia
2326 1754 2581 1828 pultibus,
2626 1751 2809 1810 docuit
2860 1770 2872 1805 :
2924 1752 3022 1809 sed
3067 1766 3163 1810 eas
3210 1759 3364 1809 tanto
3410 1750 3598 1826 gratia:
3648 1751 3804 1824 sale,

491 1855 628 1909 meis
654 1842 909 1908 oneribus
937 1848 1267 1917 accreverit,
1294 1845 1438 1917 quod
1467 1845 1633 1901 etiam
1650 1859 1720 1900 ex
1738 1858 1827 1900 me
1854 1841 2087 1899 accessit
2193 1856 2342 1904 tanta
2392 1845 2682 1908 dulcedine
2731 1846 2975 1906 caritatis
3020 1845 3330 1912 condiebat,
3375 1853 3434 1901 ut
3472 1861 3687 1921 coquos
3740 1852 3805 1903 et

493 1946 753 2002 fructibus
780 1945 910 2001 suis.
953 1941 1127 1998 Dilexi
1154 1942 1330 2008 enim,
1360 1938 1567 2004 fateor,
1600 1939 1653 1992 in
1688 1938 1804 2007 eius
1822 1934 2091 2006 obsequio
2120 1938 2169 2000 Β
2195 1938 2503 1996 condituras
2535 1953 2644 1997 non
2689 1936 3125 1997 desideraremus
3152 1936 3176 1975 δ
3211 1955 3227 1994 :
3270 1938 3397 2011 quia
3444 1952 3600 2010 aqum
3639 1953 3807 2011 pum

492 2034 924 2094 benedictionem
949 2072 964 2098 ,
1020 2033 1214 2087 timens
1255 2045 1325 2087 ne
1362 2029 1652 2103 repudiata
1681 2028 2029 2098 clung-aretur
2055 2040 2087 2081 a
2194 2031 2373 2087 oleum
2401 2029 2702 2094 suavitatis,
2724 2028 2871 2101 quod
2900 2028 3047 2087 nulla
3067 2044 3376 2088 muscarum
3400 2028 3805 2103 importunitas

497 2144 623 2197 me;
662 2129 788 2199 quia
819 2126 1081 2198 scriptum
1108 2124 1401 2181 tenebam:
1433 2121 1628 2179 Noluit
1655 2122 2082 2187 benedictionem,
2192 2122 2589 2187 exterminavit,
2638 2120 2954 2190 simplicitas
3004 2120 3221 2177 caritati
3261 2118 3451 2191 juncta
3498 2119 3803 2180 miscebat.

2190 2217 2388 2273 Venim
2418 2216 2673 2291 spiritalis
2702 2230 2910 2289 coquus
2952 2214 3266 2271 interiorem
3292 2211 3570 2271 hominem
3601 2212 3805 2268 cibare
3866 2240 3877 2249 -

2189 2308 2419 2374 doctior,
2451 2322 2560 2379 quo
2589 2306 2892 2365 deatrueret
2917 2320 3096 2363 escam
3120 2305 3281 2376 gulte,
3310 2320 3418 2361 non
3444 2303 3661 2374 siligine
3682 2319 3803 2363 no—

2188 2400 2271 2457 bis
2298 2400 2497 2471 pultes,
2526 2398 2623 2455 sed
2663 2398 2835 2456 farina
2875 2397 3111 2457 cOnfecit
3149 2406 3245 2454 aut
3288 2398 3460 2455 milio.
3506 2398 3583 2455 Ac
3609 2413 3684 2456 ne
3731 2398 3803 2456 in

2187 2493 2292 2550 hoc
2337 2494 2455 2565 ipso
2506 2492 2790 2550 delicatius
2839 2494 3120 2552 nobiseum
3161 2507 3323 2565 agere
3352 2493 3653 2564 videretur,
3692 2494 3803 2569 qui

2189 2601 2289 2643 nos
2317 2585 2384 2642 ad
2430 2587 2638 2643 orexim
2673 2586 2771 2660 (γ.
2818 2596 2936 2643 not.
2972 2585 3062 2659 73)
3112 2588 3508 2646 monachorum
3553 2589 3804 2660 parabat

2189 2678 2452 2749 imbuere,
2476 2678 2653 2735 fabam
2680 2680 2888 2737 intrivit
2916 2680 3151 2753 panicio,
3187 2695 3298 2752 quo
3322 2680 3482 2738 citius
3511 2680 3586 2761 (ο)
3620 2697 3802 2740 seua-

2186 2771 2757 2843 toriumponeremus
2798 2770 3093 2828 fastidium.
3141 2768 3252 2829 Sed
3297 2773 3361 2828 in
3396 2772 3798 2833 benedictione

2187 2864 2486 2937 dulcedinis
2523 2864 2717 2921 anima:
2771 2864 2993 2921 delicias
3037 2864 3399 2935 habebamus,
3445 2867 3805 2941 gratulantes

2186 2957 2333 3028 quod
2351 2956 2522 3014 ﬂ'ater
2551 2957 2715 3013 etiam
2746 2956 2802 3012 in
2832 2956 3143 3014 carnalibus
3157 2957 3474 3016 ministeriis
3501 2959 3798 3033 spiritalis,

491 3049 659 3122 pedes
681 3063 835 3105 meos
863 3048 1045 3106 lavare
1068 3090 1084 3116 ,
1116 3048 1212 3105 sed
1235 3058 1293 3105 et
1319 3050 1687 3106 oalceamenta
1712 3093 1729 3119 ,
1767 3052 1812 3107 si
1843 3059 2083 3124 paterer,
2187 3050 2521 3122 propheticis
2546 3065 2645 3107 nos
2681 3049 2817 3106 cibis
2858 3058 3129 3120 pasceret.
3178 3048 3313 3109 Nam
3361 3051 3415 3107 in
3452 3051 3804 3112 contritione

493 3152 706 3210 tergere
730 3141 1021 3212 cupiebat,
1068 3135 1263 3198 avarus
1301 3142 1687 3198 dominationis
1715 3128 1939 3200 internae
1963 3187 1979 3214 ,
2028 3151 2084 3202 et
2160 3142 2454 3213 permixta
2483 3157 2652 3214 panes
2678 3142 2800 3199 illos
2827 3141 3190 3199 tribulationis
3218 3142 3461 3202 imitatus
3487 3152 3592 3212 est,
3640 3160 3802 3218 quos

490 3233 690 3290 idcirco
711 3248 987 3305 corporea:
1007 3235 1281 3291 servitutis
1307 3236 1549 3307 impiger,
2186 3233 2437 3292 Ezechiel
2471 3234 2488 3274 ι
2527 3237 2792 3309 propheta
2836 3234 2905 3292 de
2930 3237 3085 3293 vario
3113 3234 3280 3310 frugis
3306 3245 3364 3292 et
3404 3237 3564 3293 limis
3610 3240 3801 3295 conti-

563 3323 616 3380 5.
647 3325 754 3383 Sed
778 3329 847 3382 de
875 3328 1107 3398 pedibus
1137 3328 1175 3362 ιι
1208 3327 1451 3383 lavandis
1479 3329 1690 3385 tantum
1717 3330 1885 3385 semel
1914 3329 2093 3387 fateor
2115 3330 2162 3395 C
2192 3344 2317 3385 cere
2342 3329 2443 3385 sibi
2473 3344 2673 3400 genere
2696 3330 2878 3399 jussus
2898 3338 2983 3387 est
3003 3372 3020 3397 ,
3069 3338 3127 3387 et
3152 3331 3221 3387 ad
3249 3331 3661 3404 expressionem
3691 3330 3802 3391 Ju-

492 3420 793 3492 apostolico
819 3435 905 3476 me
927 3421 1178 3492 exemplo
1206 3423 1453 3489 cessisse,
1495 3436 1633 3494 quos
1653 3422 1889 3493 legeram
1918 3423 2085 3495 pedes
2187 3423 2354 3479 daica:
2394 3422 2727 3481 confusionis
2761 3468 2775 3493 ,
2822 3425 2915 3495 qui
2943 3425 3099 3482 obliti
3138 3425 3332 3495 Deum,
3378 3428 3805 3485 inmutaverunt

490 3532 618 3573 suos
654 3514 912 3572 lavandos
938 3515 1194 3571 servienti
1223 3515 1454 3572 Domino
1483 3517 1781 3589 praebuisse
1811 3528 1859 3574 ⁸.
1898 3518 2085 3590 Neque
2188 3516 2412 3589 gloriam
2436 3532 2584 3573 suam
2610 3518 2665 3572 in
2685 3518 3073 3575 similitudinem
3098 3519 3247 3575 uituli
3269 3520 3644 3577 manducantit
3686 3523 3801 3597 {at-

490 3612 634 3668 enim
664 3618 871 3682 partem
911 3613 963 3665 in
992 3612 1295 3668 hereditate
1332 3612 1434 3667 nisi
1462 3612 1776 3671 famulantis
1817 3613 2084 3686 obsequio
2187 3626 2311 3665 num
2336 3606 2383 3679 ι,
2426 3610 2478 3665 in
2526 3618 2769 3668 stercore
2808 3611 2973 3668 boum
3021 3627 3296 3686 coquere,
3340 3623 3636 3690 sociosque
3683 3620 3801 3679 sub

490 3705 866 3775 recepissent;
909 3705 1163 3771 quoniam
1194 3702 1368 3761 bonus
1388 3703 1648 3761 Dominus
1677 3714 1734 3762 et
1766 3706 2082 3763 salutarium
2187 3702 2377 3761 foetido
2406 3704 2589 3760 cinere
2612 3745 2627 3771 ,
2655 3718 2781 3760 cum
2826 3706 3077 3779 lacrymis
3118 3704 3189 3780 (Γ)
3220 3709 3507 3780 captivatis
3530 3710 3597 3766 ius
3623 3726 3799 3769 meu-

490 3798 750 3879 magister
772 3837 786 3860 ,
836 3797 1105 3853 serviendi
1148 3798 1451 3854 ministerio
1483 3798 1799 3854 dominandi
1831 3800 2085 3857 meritum
2186 3814 2312 3857 sura
2359 3813 2592 3855 sumere.
2636 3797 2902 3855 Videlicet
2945 3808 3004 3855 ut
3047 3809 3494 3872 superventuram
3542 3803 3799 3879 perﬁdia:

491 3887 842 3956 conferebat;
897 3897 951 3944 et
980 3889 1296 3944 humilitatis
1323 3890 1571 3945 humana?
1601 3888 1875 3960 prmbebat
1902 3905 2085 3947 exem-
2186 3906 2300 3948 suae
2324 3906 2540 3963 pinnam
2559 3893 2917 3964 corporaliter
2941 3896 2994 3949 in
3032 3896 3189 3970 122
3217 3897 3480 3969 propheta
3506 3897 3794 3967 signatam

492 3984 662 4055 plum,
689 3983 883 4055 quibus
906 3982 1099 4038 divinm
1126 3982 1469 4038 sublimitatis
1485 3982 1710 4054 parabat
1729 3984 2078 4039 consortium.
2189 3983 2555 4055 providerent,
2580 3993 2638 4049 et
2666 3986 2752 4043 vel
2782 3985 2855 4041 ita
2905 3996 3310 4046 reverterentur
3347 3991 3415 4046 ad
3447 3990 3744 4048 Dominum
3773 4036 3793 4063 ,

496 4074 646 4132 Unde
675 4083 959 4147 perspecto
986 4074 1223 4131 muneris
1251 4075 1389 4131 tanti
1420 4074 1698 4150 mysterio,
1729 4084 1784 4131 et
1812 4075 2083 4132 intellecta
2188 4079 2234 4136 si
2264 4093 2360 4135 eos
2382 4078 2448 4133 ad
2477 4078 2849 4150 pmnitendum
2881 4096 2990 4136 non
3020 4082 3193 4136 solum
3223 4082 3405 4140 verbis
3433 4082 3793 4156 denuntiata,

491 4171 621 4231 boni
649 4171 1014 4241 magnitudine
1038 4211 1054 4236 ,
1103 4170 1196 4240 qui
1226 4170 1398 4241 primo
1428 4170 1789 4225 ministrantis
1820 4177 2085 4242 apparatu
2188 4173 2281 4232 sed
2310 4176 2475 4232 etiam
2506 4174 2826 4247 corporibus
2848 4172 3244 4248 Prophetarum
3283 4193 3559 4251 expressa,
3588 4181 3796 4242 oti‘ensi

490 4264 656 4337 pedes
687 4264 881 4320 olferre
911 4261 1355 4335 trepidaverant;
1384 4263 1495 4333 jam
1528 4279 1634 4319 non
1656 4264 1822 4334 pedes
1852 4271 2082 4332 tantum,
2188 4267 2284 4327 Dei
2311 4268 2389 4323 ira
2421 4276 2725 4325 revocaret.

491 4358 588 4415 sed
624 4361 773 4431 121
806 4366 951 4414 totos
973 4373 1032 4413 se
1060 4372 1233 4428 usque
1259 4357 1329 4413 ad
1353 4365 1515 4428 caput
1536 4356 1709 4428 perlui
1738 4366 2081 4428 rogaverunt.
2261 4361 2312 4415 7.
2346 4359 2537 4417 Voluit
2566 4377 2697 4435 ergo
2739 4362 2911 4420 frater
2933 4360 3141 4434 Victor,
3185 4373 3247 4421 ut
3283 4381 3391 4424 non
3430 4366 3607 4425 solum
3633 4366 3796 4443 jeju-

2189 4451 2301 4519 nio,
2331 4454 2429 4509 sed
2450 4462 2506 4510 et
2535 4456 2654 4512 cibo
2680 4456 2968 4514 humiliare
2998 4458 3234 4517 animam
3283 4459 3618 4519 disceremus
3663 4481 3676 4516 :
3734 4473 3797 4521 et

437 4546 443 4555 '
492 4544 617 4615 quia
638 4544 813 4600 omnis
843 4544 1019 4599 anima
1043 4544 1217 4600 fidelis
1249 4559 1317 4600 ex
1347 4543 1458 4601 Deo
1489 4553 1588 4611 est,
1624 4554 1681 4601 et
1699 4544 1909 4601 humilis
1931 4544 2086 4601 corde
2187 4547 2561 4605 recordatione
2632 4558 2978 4622 peccatorum
3033 4563 3278 4611 veterum
3302 4595 3318 4623 ,
3393 4553 3799 4631 intellectuque

492 4635 519 4675 ει
549 4653 647 4694 cor
674 4636 871 4693 Christi
900 4645 981 4693 est
1007 4679 1023 4704 ,
1071 4636 1284 4707 fateor,
1333 4639 1403 4693 ad
1428 4637 1725 4693 remedium
1753 4634 2085 4695 inﬁrmitatis
2133 4645 2137 4649 '
2186 4641 2535 4712 praesentium
2584 4643 2765 4700 tristes
2811 4646 3138 4703 manducare
3181 4664 3375 4720 panem
3423 4649 3633 4709 doloris
3684 4650 3713 4692 ι
3771 4668 3795 4712 :

492 4729 672 4800 optavi
692 4770 707 4792 ,
732 4732 793 4785 ut
821 4729 943 4785 oleo
974 4743 1059 4785 me
1083 4728 1167 4784 vel
1198 4744 1339 4799 aqua
1367 4729 1559 4787 melior
1594 4745 1888 4787 conservus
1914 4730 2082 4786 attint-
2109 4739 2164 4802 ι)
2188 4733 2440 4802 quamvis
2468 4748 2536 4790 ex
2573 4745 2732 4805 parte
2773 4737 2931 4794 nobis
2969 4741 3293 4811 pepercerit,
3337 4739 3536 4802 fabam.
3566 4752 3796 4807 tantum

492 4830 663 4894 geret.
703 4822 813 4879 Nec
845 4825 1028 4878 irritus
1061 4824 1102 4855 ³³
1134 4821 1207 4877 fui
1237 4831 1539 4892 pressimus:
1565 4823 1723 4894 epis;
1775 4838 1900 4878 nam
1929 4822 2082 4893 quasi
2191 4827 2339 4881 milio
2368 4827 2686 4899 panicioque
2722 4830 3059 4888 confundens
3093 4850 3105 4888 :
3146 4836 3295 4907 quod
3329 4844 3509 4895 tamen
3552 4836 3803 4903 forsitan

492 4915 814 4971 medicatum
865 4914 1110 4968 manibus
1169 4914 1268 4984 piis
1320 4914 1498 4967 oleum
1550 4914 1619 4969 de
1669 4913 1782 4984 ipsa
1833 4914 2084 4983 uugentis
2188 4919 2475 4976 oblivionis
2513 4924 2681 4991 magis
2738 4938 2900 4993 quam
2970 4926 3357 4984 moderaminis
3423 4928 3606 4988 fuerit.
3643 4931 3794 4992 Nam

499 5006 912 5065 mausuetudiue
939 5008 1069 5062 mihi
1102 5006 1344 5062 leniusin
1367 5006 1628 5063 medullas
1649 5006 1957 5078 pet-lapsum
1976 5015 2080 5071 est,
2191 5012 2355 5069 homo
2376 5022 2596 5073 sanctus
2624 5015 2768 5075 ﬁdeli
2794 5019 3046 5075 cautione
3073 5022 3356 5079 metuisset
3377 5021 3582 5093 aliquid
3624 5028 3797 5089 nobis

492 5109 549 5156 et
569 5101 950 5157 multam-unt
972 5116 1097 5155 om
1114 5099 1387 5153 humilium
1406 5110 1448 5151 θ-
1478 5094 1752 5153 Benediin
1770 5100 1949 5154 anima
1969 5116 2085 5154 mea
2192 5104 2553 5179 deScriptura
2574 5119 2756 5167 sancta
2781 5113 3097 5174 subtrahere
3124 5134 3134 5168 τ
3161 5123 3217 5173 et
3240 5126 3487 5174 uttotam
3502 5118 3660 5189 juxta
3685 5124 3803 5184 Dei

493 5192 801 5260 Dominum,
825 5203 876 5247 et
898 5194 1075 5247 omnia
1103 5192 1182 5263 (ά)
1208 5194 1456 5246 interiora
1483 5207 1597 5245 mea
1632 5206 1819 5245 nomen
1846 5199 2084 5247 sanctum
2187 5200 2413 5257 verbum
2442 5202 2832 5263 confectionem
2859 5207 3161 5279 prophetici
3184 5211 3339 5285 panis
3368 5212 3641 5286 impleret,
3665 5217 3794 5278 leu-

626 5339 850 5422 Philem.
894 5337 982 5422 inti.
1039 5337 1085 5422 th
1287 5352 1444 5422 cvnr,
1475 5336 1563 5422 εξ.
1594 5348 1667 5422 nc
1696 5337 1891 5422 Johan.
1916 5357 2014 5422 aut
2039 5384 2059 5422 ,_

2207 5344 2265 5422 _d
2306 5345 2495 5422 Matth,
2530 5365 2581 5422 xi
2604 5346 2743 5422 £29.
2819 5359 2844 5388 ο
2878 5346 3027 5422 Psal.
3056 5366 3081 5405 ι
3115 5391 3130 5417 ,
3163 5350 3249 5407 id.
3330 5351 3352 5392 ἲ
3395 5352 3537 5413 Psal.
3570 5375 3641 5416 cu
3664 5402 3681 5422 ,
3730 5361 3788 5422 1.

496 5422 521 5461 ⁸
561 5411 709 5483 Ρ⁶³¹’
734 5423 879 5480 xu"
909 5409 962 5465 8'
1039 5406 1065 5448 δ
1107 5408 1285 5467 Εθείθ·
1316 5427 1371 5477 ι’
1398 5402 1449 5465 f-
1532 5411 1546 5448 ¹
1593 5407 1788 5468 Εῑθθῒῑ·
1814 5429 1886 5479 ιν,
1911 5411 1964 5468 5-
2039 5402 2061 5467 ἰ
2101 5414 2241 5474 Psal.
2270 5434 2355 5485 cv,
2390 5402 2491 5475 20.7
2532 5402 2583 5458 ἶ
2606 5402 2768 5479 ῬεδΙ.
2797 5402 3081 5487 εχιν-ιξᾶ-
3117 5402 3129 5417 ⁷
3167 5402 3248 5407 ”’
3396 5402 3414 5408 “
3436 5402 3537 5413 ”“”
3571 5402 3641 5416 ”’“
3664 5402 3681 5427 ’

493 2227 543 2275 et
570 2218 899 2294 etongabitur
924 2217 989 2273 ab
1011 2234 1071 2273 eo
1101 2216 1152 2272 δ.
1185 2216 1317 2273 Dedi
1339 2216 1522 2285 itaque
1575 2228 1663 2271 me
1692 2222 1869 2271 totum
1905 2214 2082 2269 mani-

491 2313 591 2370 bus
620 2311 740 2382 ejus
760 2320 925 2382 atque
953 2309 1248 2367 visceribus
1273 2325 1297 2365 τ
1320 2308 1447 2381 quia
1479 2304 1811 2379 perviscera
1845 2306 2085 2362 caritatis

490 2419 682 2463 manus
709 2404 966 2469 famulas,
995 2414 1054 2459 et
1072 2402 1329 2459 membris
1357 2401 1493 2456 meis
1520 2404 1746 2467 unctor,
1776 2407 1832 2456 et
1858 2399 2086 2472 pedibus

490 2496 563 2579 (c)
595 2498 738 2554 letor
756 2496 1080 2563 adhibebat;
1114 2494 1415 2550 liberalium
1434 2494 1629 2565 plenus
1655 2490 1965 2560 aﬂ‘ectuum,
1993 2491 2087 2547 sed

490 2592 761 2651 servilium
791 2600 1093 2663 praereptor
1114 2590 1210 2665 (V.
1244 2597 1359 2647 not.
1395 2590 1483 2662 71)
1515 2604 1761 2661 operum,
1795 2590 1885 2645 vix
1913 2597 1974 2646 ut
1998 2605 2087 2645 me

491 2699 687 2759 aquam
725 2684 1037 2740 ministrare
1080 2682 1331 2738 manibus
1372 2682 1485 2738 suis
1530 2682 1752 2739 sineret.
1821 2680 1903 2738 Et
1945 2683 2086 2740 libro

489 2776 632 2833 enim
664 2779 757 2830 tuo
788 2772 885 2847 (V.
916 2767 1156 2839 ποιέῃ)
1187 2773 1341 2829 istius
1379 2773 1610 2843 gratiam
1639 2774 1915 2831 sanitatis
1956 2766 2102 2830 ads;

492 2866 636 2924 mavi
653 2906 669 2931 ,
698 2873 758 2920 ut
781 2864 1059 2920 minimam
1088 2865 1279 2920 saltem
1316 2866 1581 2936 guttulam
1606 2865 1674 2921 de
1699 2866 1869 2923 sacris
1896 2865 2084 2923 Marti-

492 2958 548 3015 ni
578 2957 788 3014 actibus
810 2956 1125 3012 delibarem.
1182 2955 1304 3028 ipse
1330 2971 1472 3012 vero
1498 2957 1744 3027 quotidie
1769 2973 1877 3015 non
1905 2959 2084 3016 solum

492 4449 560 4505 Et
585 4464 687 4521 ego
718 4449 999 4505 Dominum
1028 4447 1213 4505 Jesum
1244 4450 1297 4505 iu
1325 4447 1493 4505 fratre
1528 4448 1748 4506 Victore
1775 4458 2081 4519 veneratus,

2260 5577 2334 5664 (εί)
2375 5578 2478 5664 24.9;
2525 5580 2708 5664 Visne.
2736 5594 3434 5664 ,ξειιαιρναςηαρρηεηαεωε
3482 5592 3786 5664 rasum.

2188 5649 2361 5737 male.
2382 5650 2515 5737 Vide
2543 5653 2805 5737 ρρίξιηβο
2827 5654 2890 5737 _s.
2907 5649 3192 5737 ΔΑιιεεῃ-όαςίί
3217 5660 3283 5716 ad
3312 5649 3574 5737 Sabinum
3594 5649 3789 5737 εῐεὲἒί

2189 5723 2397 5778 natoria
2446 5723 2649 5803 Paulini
2697 5724 2973 5803 dignitate,
2993 5727 3228 5803 Allieron.
3258 5747 3346 5803 ep.
3381 5734 3449 5792 15
3491 5736 3558 5793 ad
3591 5723 3787 5798 Pauli-

2190 5809 2338 5875 nuta,
2381 5804 2445 5875 et
2478 5798 2640 5875 εις.κὸ
2674 5797 2747 5875 ad
2785 5800 3026 5858 Geruntii
3053 5799 3208 5867 ﬁlias,
3241 5797 3451 5862 necnon
3478 5797 3787 5873 Ausonium

2189 5865 2346 5938 epist.
2378 5864 2448 5919 ‘25
2475 5864 2541 5925 ad
2572 5864 2870 5926 Paulinum.

2265 5938 2330 6010 (ﬂ
2362 5938 2437 5994 lta
2465 5954 2592 5997 mss.
2625 5940 2757 6011 Reg.
2790 5944 2846 6000 et
2868 5940 3023 6000 Vien.
3056 5943 3221 6012 Editi,
3251 5950 3588 6024 captivitatis.

592 5572 648 5641 ὴ)
674 5567 772 5641 his.
800 5566 987 5641 Fiam,
1010 5567 1349 5630 contritam.
1381 5567 1483 5627 Ms.
1516 5567 1675 5641 Reg.,
1704 5572 2080 5632 contriath

568 5636 649 5717 tu
670 5640 767 5717 με.
798 5636 997 5717 Vae...
1025 5641 1300 5717 τεεςίρεεε-

592 5711 639 5779 ὸ)
671 5711 745 5769 ita
776 5728 875 5772 ms.
905 5712 1060 5770 Vien.
1085 5711 1278 5770 cedex.
1313 5711 1436 5779 Alii,
1468 5714 1624 5771 latior.

568 5782 647 5857 (ά)
673 5785 748 5840 ita
779 5783 955 5859 versio
974 5782 1133 5859 LXX
1156 5785 1528 5859 interpretum,
1559 5787 1817 5859 psalteria
1844 5798 1997 5848 vetus
2027 5794 2085 5850 et

497 5855 818 5924 Romanum,
840 5865 896 5916 et
918 5855 1239 5929 Augustinus
1261 5855 1313 5914 in
1344 5855 1733 5918 commentario
1759 5876 1921 5931 super
1940 5863 2082 5923 psal-

497 5942 634 5985 ωοΒ.
