4022 6408
533 437 644 495 305

1665 430 1723 488 S.
1763 430 2036 490 PAULINI
2072 431 2326 491 NOLANI
2363 426 2673 490 EPISCOPI

3722 429 3839 489 304

537 553 664 628 quia
692 566 792 624 pro
819 547 1150 608 abundantia
1176 546 1420 606 caritatis
1440 556 1498 604 et
1523 547 1780 619 potentia:
1807 562 1920 604 sua:
1946 562 2120 617 caan
2148 552 2198 610 Α
2228 548 2320 604 lilii
2346 567 2358 603 :
2391 556 2449 604 et
2471 548 2519 604 si
2547 563 2657 604 non
2676 545 3065 629 suscipiuntur,
3093 545 3354 605 sterilitas
3379 545 3635 619 lugetur:
3667 549 3715 605 si
3747 563 3841 605 su-

536 653 620 704 est
645 653 704 702 et
723 643 982 715 largiendi
1009 640 1155 713 quod
1184 647 1350 707 tenet,
1381 647 1440 697 et
1461 640 1606 711 quod
1632 639 1948 704 donaverit,
1978 638 2117 696 obti-

537 737 722 796 nendi.
761 736 897 793 Nam
938 733 1155 808 quando
1204 731 1405 788 sanctis
1447 730 1524 804 (a)
1574 733 1686 789 suis
1733 731 1787 787 in
1827 745 1997 800 regno
2021 746 2124 788 suo

535 845 765 902 regnare
791 827 1124 886 concesserit
1143 866 1161 894 ,
1201 826 1316 896 ipse
1341 824 1588 894 regnabit
1615 823 1670 879 in
1700 823 1966 896 illisquos
1991 838 2126 879 con-

535 931 714 980 sortes
777 920 931 990 regni
977 916 1215 976 caelestis
1259 915 1577 972 assumserit
1623 923 1673 971 ³.
1723 913 1994 985 Scriptum
2042 921 2127 969 est

536 1018 680 1074 enim
725 1024 782 1071 et
820 1029 1042 1083 regnum
1079 1012 1177 1068 Dei
1201 1025 1324 1066 cum
1351 1009 1549 1065 sanctis
1575 1007 1710 1073 fore,
1741 1015 1798 1064 et
1822 1007 1968 1076 ipsos
1995 1021 2125 1062 san-

535 1116 656 1166 ctos
701 1122 823 1164 esse
870 1117 1096 1175 regnum
1144 1102 1244 1159 Dei
1275 1099 1496 1172 b,quod
1539 1098 1774 1170 propitio
1821 1097 1952 1165 Deo,
2003 1112 2127 1153 cum

535 1213 834 1257 conversus
863 1195 1048 1266 fueris,
1077 1203 1134 1252 et
1161 1192 1394 1266 legendo"
1407 1205 1726 1262 cognosces,
1767 1197 1824 1247 et
1850 1187 2126 1247 credendo

536 1291 826 1362 intelliges.

609 1385 664 1438 6.
705 1383 784 1439 De
809 1384 984 1438 anatis
1019 1389 1200 1438 autem
1234 1379 1365 1435 llore
1411 1382 1586 1450 primo
1622 1385 1745 1449 quis
1787 1378 1984 1434 audeat
2011 1376 2130 1446 glo-

537 1474 708 1532 riari?
734 1473 1004 1529 Admonet
1033 1470 1107 1544 (b)
1134 1471 1316 1526 divina
1350 1468 1652 1541 Scriptura,
1683 1469 1867 1526 dicens
1896 1487 1908 1522 ε
1944 1468 2129 1525 Omnis

546 1585 673 1623 caro
713 1568 910 1640 fenum,
939 1573 989 1621 et
1012 1565 1181 1621 omnis
1201 1564 1417 1618 claritas
1444 1565 1576 1634 ejus,
1598 1571 1654 1616 ut
1681 1564 1779 1634 [los
1809 1563 1934 1634 feni.
1981 1561 2131 1615 Aruit

537 1662 736 1732 fenum,
761 1667 811 1714 et
837 1658 935 1727 ﬂos
969 1655 1202 1722 decidit:
1232 1671 1400 1710 sermo
1425 1664 1598 1708 autem
1629 1653 1842 1710 Domini
1872 1661 2047 1708 manet
2074 1655 2132 1709 in

537 1757 788 1806 sternam
821 1759 867 1802 ο.
915 1746 1045 1804 ideo
1087 1755 1143 1802 et
1188 1744 1458 1818 Pmpheta
1488 1743 1576 1801 ilia
1604 1746 1804 1817 potius,
1849 1746 1903 1801 in
1937 1746 2133 1816 quibus

538 1851 742 1899 aeterna
767 1839 1012 1912 corporis
1035 1839 1262 1897 redivivi
1289 1838 1461 1909 gloria
1503 1845 1630 1910 post
1674 1837 2132 1894 resurrectionem

2225 643 2546 715 scipinntur.
2575 642 2781 698 orbitas
2810 643 3049 699 timetur.
3087 642 3167 698 Ac
3192 640 3424 714 proinde
3450 656 3750 711 numquam
3774 642 3839 700 in

2226 734 2534 793 carnalibus
2561 733 2933 791 aﬂ'ectionihus
2960 734 3036 789 ita
3059 733 3354 804 requiescit
3371 733 3585 790 animus
3612 743 3676 789 ut
3703 750 3841 790 cru-

2217 827 2383 882 .ciatu
2427 833 2650 891 careat.
2692 824 2822 881 dum
2869 824 3296 883 necessitudines
3339 841 3467 882 suas
3509 833 3608 881 aut
3655 827 3842 884 bonas

2229 925 2374 975 amat
2403 933 2526 976 cum
2555 916 2838 974 amittendi
2856 927 3028 985 metu,
3059 926 3152 976 aut
3177 917 3350 981 malas
3373 917 3492 975 odit
3515 933 3639 974 cum
3667 920 3841 976 amit-

2231 1009 2381 1068 tendi
2418 1017 2582 1074 voto;
2632 1010 2687 1065 in
2729 1018 2959 1081 utroque
2987 1010 3219 1068 miseriis
3246 1010 3576 1067 sustinendis
3613 1025 3846 1083 semper

2231 1101 2520 1158 obnoxius.
2551 1100 2716 1158 Miser
2743 1108 2828 1158 est
2855 1102 3000 1157 enim
3034 1103 3077 1134 ¹⁶
3104 1103 3200 1172 qui
3227 1118 3455 1159 uxorem
3482 1105 3683 1160 bonam
3712 1118 3846 1175 per-

2229 1193 2329 1258 dit,
2356 1193 2607 1251 miserior
2633 1194 2727 1265 qni
2751 1194 2949 1250 malam
2979 1195 3238 1265 possidet.
3291 1193 3437 1251 Inter
3459 1196 3574 1252 haec
3600 1195 3712 1253 duo
3740 1211 3846 1254 no-

2231 1287 2486 1355 cidentia,
2500 1288 2634 1345 satis
2661 1285 2870 1345 felicior
2891 1296 2976 1344 est
2998 1287 3093 1356 (V.
3120 1298 3236 1344 not.
3261 1287 3388 1359 HI)
3415 1289 3510 1359 qui
3534 1297 3845 1361 utrumque

2232 1397 2342 1438 non
2380 1380 2562 1437 novit.
2610 1378 2873 1438 Similiter
2909 1388 2966 1438 et
3009 1381 3079 1438 de
3125 1379 3286 1438 ﬁliis:
3336 1382 3638 1453 saepissime
3682 1383 3844 1440 enim

2233 1479 2361 1528 sunt
2405 1471 2695 1528 miserrimi
2739 1479 3028 1545 parentes,
3085 1471 3170 1528 vel
3196 1473 3292 1544 qui
3332 1473 3593 1531 amabiles
3629 1473 3847 1533 habent

2233 1563 2429 1637 quibus
2456 1565 2722 1620 ornantur
2749 1563 2830 1628 νς
2859 1563 2944 1620 vel
2969 1565 3063 1636 qui
3091 1563 3227 1621 tales
3252 1565 3493 1636 habent,
3518 1574 3710 1624 utnon
3737 1567 3845 1624 ha-

2232 1655 2490 1712 bentibus
2516 1655 2758 1713 invidere
2785 1664 3070 1726 cogantur.

2303 1745 2359 1801 8.
2399 1744 2538 1802 Audi
2561 1760 2713 1818 ergo,
2746 1745 2822 1804 Illi
2846 1748 2942 1815 mi,
2973 1756 3031 1804 et
3058 1749 3258 1806 inclina
3275 1765 3464 1808 aurem
3492 1759 3643 1806 tuam
3672 1751 3842 1820 mihi,

2234 1844 2291 1893 et
2317 1837 2595 1910 disrumpe
2641 1839 2826 1896 omnia
2867 1839 3083 1897 vincula
3114 1848 3234 1910 tua,
3263 1857 3617 1916 quacumque
3639 1843 3696 1899 in
3725 1842 3846 1902 hoc

539 1935 716 2006 possit
741 1948 1000 2000 manere,
1041 1931 1356 2009 desiderans
1405 1931 1641 1986 clamat:
1682 1929 1851 1995 Quam
1881 1929 2206 2006 amabilia];
2235 1930 2419 1986 seculo
2465 1939 2519 1986 te
2565 1931 2897 2002 implicatum
2946 1940 3170 1998 tenent;
3219 1942 3494 1990 commota
3543 1934 3597 1990 in
3637 1935 3845 2015 melius

549 2039 670 2083 sant
699 2024 1033 2080 tabernacula
1053 2033 1164 2093 tua,
1178 2023 1398 2079 Domine
1424 2024 1666 2078 virtutum
1687 2023 1707 2076 Ι
1725 2020 2056 2092 Concupiscit
2081 2027 2160 2076 et'

538 2119 716 2192 deficit
746 2118 923 2173 anima
953 2134 1069 2173 mea
1087 2118 1144 2171 in
1164 2115 1301 2171 atria
1330 2113 1543 2170 Domini
1567 2114 1613 2168 ά.

613 2221 670 2275 7.
711 2219 781 2276 Ει
808 2220 876 2276 de
901 2219 1131 2277 vinculis
1175 2217 1552 2290 conjugalibus
1571 2258 1587 2286 ,
1615 2225 1672 2273 et
1695 2219 1895 2274 ceteris
1923 2224 2135 2287 tempo-

545 2315 741 2381 ralium
770 2313 1086 2370 rerum‘tam
1115 2313 1350 2384 spinosis
1371 2327 1534 2382 quam
1557 2312 1806 2368 inanibus
1823 2312 1969 2367 curis
1988 2313 2135 2384 Apo-

539 2410 713 2469 stolus
744 2419 791 2475 °,
842 2407 897 2463 in
945 2421 1056 2479 quo
1097 2405 1343 2462 Christus
1371 2404 1631 2474 loquitur,
1666 2405 1926 2459 admonet
1970 2418 2040 2458 ne
2078 2402 2134 2457 in

539 2503 763 2572 longum
788 2500 948 2570 hujus
977 2497 1144 2554 seculi
1170 2505 1382 2568 tempus
1411 2496 1565 2552 irrita
1593 2504 1718 2552 vota
1740 2495 2046 2561 mittamus;
2079 2501 2136 2551 et

538 2607 870 2664 cognoscere
899 2606 998 2647 nos
1023 2589 1214 2660 jubet,
1262 2589 1387 2658 quia
1414 2598 1610 2659 tempus
1641 2587 1926 2642 breviatum
1951 2597 2050 2653 est,
2079 2596 2136 2643 et

537 2686 707 2742 dicit:
741 2684 1011 2756 Reliquum
1039 2692 1150 2749 est,
1183 2690 1238 2736 ut
1267 2682 1352 2754 qui
1379 2681 1568 2736 habent
1603 2696 1790 2735 uxores
1813 2719 1830 2744 ,
1874 2691 2134 2752 tamquam

540 2793 646 2836 non
667 2777 912 2832 habentes
939 2775 1073 2839 sint;
1116 2784 1166 2828 et
1193 2775 1279 2846 qui
1308 2773 1464 2844 ﬂent,
1497 2782 1760 2843 tamquam
1788 2789 1892 2828 non
1920 2774 2134 2843 ﬂentes;

541 2882 591 2930 et
609 2874 696 2944 qui
723 2871 970 2944 gaudent,
1003 2879 1261 2940 tamquam
1291 2885 1396 2923 non
1418 2868 1732 2941 gaudentes;
1753 2874 1802 2921 et
1829 2867 1916 2937 qui
1936 2876 2132 2934 emunt,

545 2976 810 3035 tamquam
851 2981 956 3020 non
989 2961 1338 3036 possidentes;
1377 2971 1428 3017 et
1454 2963 1539 3034 qui
1560 2972 1774 3016 utuntur
1801 2961 1898 3016 hoc
1919 2962 2130 3028 mundo,

545 3065 808 3128 tamquam
837 3071 941 3110 non
969 3064 1167 3110 utentes
1194 3052 1240 3111 ί.
1263 3053 1419 3120 Quod
1450 3069 1572 3110 cum
1602 3053 1770 3119 dicit,
1802 3053 2036 3110 ostendit
2063 3055 2129 3110 li-

545 3148 705 3206 beros
739 3132 846 3202 non
877 3146 1076 3220 debere
1112 3147 1407 3217 implicari,
1449 3145 1886 3216 quandoquidem
1915 3145 2134 3202 liberari

545 3241 774 3298 suadeat
797 3239 1099 3310 impeditos.
1168 3239 1225 3296 Si
1250 3253 1380 3305 ergo
1397 3239 1510 3311 jam
1539 3239 1763 3296 forsitan
1791 3241 2040 3314 alligatus
2078 3259 2134 3297 es

2233 2022 2501 2089 militiam,
2534 2030 2596 2078 ut
2620 2031 2826 2080 aeterno
2858 2023 2991 2094 Regi
3014 2025 3241 2096 incipias
3264 2025 3517 2082 militare.
3565 2025 3636 2081 Et
3664 2042 3842 2095 nunc,

2235 2126 2297 2174 ut
2325 2117 2506 2184 audio,
2535 2117 2630 2188 qui
2659 2117 2878 2188 adjutor
2901 2130 2958 2174 et
2987 2121 3058 2189 (e)
3091 2126 3239 2175 tutor
3260 2134 3320 2175 es
3345 2119 3573 2187 civium,
3615 2118 3716 2177 tias
3741 2136 3845 2178 co-

2234 2223 2351 2288 mes
2397 2207 2615 2265 Christi.
2664 2207 2871 2265 Deinde
2909 2209 2964 2264 in
3013 2209 3117 2264 bac
3166 2209 3358 2265 militia
3394 2209 3585 2266 soletis
3612 2210 3666 2266 in
3695 2212 3847 2270 votis

2236 2299 2442 2356 habere
2468 2301 2609 2356 hanc
2635 2298 2801 2356 ofﬁcii
2833 2301 3261 2372 promotionem,
3287 2310 3347 2356 ut
3372 2309 3711 2372 protectores
3737 2303 3844 2374 (γ.

2236 2399 2351 2447 ιιοι.
2386 2390 2510 2462 122)
2553 2391 2879 2448 eﬂiciamini.
2920 2391 2979 2449 Si
3026 2402 3204 2448 autem
3252 2392 3363 2449 Deo
3401 2402 3455 2448 te
3493 2394 3844 2465 probaveris,

2237 2487 2412 2558 ipsum
2452 2486 2622 2560 Deum
2666 2487 2894 2558 incipies
2942 2487 3144 2542 habere
3173 2495 3562 2558 protectorem.
3603 2488 3744 2546 Vide
3773 2491 3847 2548 ad

2233 2577 2450 2646 qualem
2481 2577 2728 2633 militiam
2759 2586 2814 2633 te
2838 2577 3010 2634 invito
3039 2579 3333 2646 collegam,
3365 2589 3426 2634 ut
3455 2579 3604 2650 quod
3619 2566 3848 2641 homini

2236 2687 2358 2728 esse
2385 2681 2564 2743 optas,
2595 2672 2701 2728 hoc
2731 2671 2827 2728 tibi
2848 2672 2995 2728 Deus
3022 2673 3111 2727 sit.
3142 2671 3314 2740 Quem
3339 2673 3382 2729 si
3405 2674 3636 2745 cmperis
3660 2675 3848 2747 sequi,

2236 2774 2291 2822 et
2311 2768 2362 2820 in
2394 2766 2512 2836 ejus
2533 2767 2788 2821 comitiva
2821 2766 3092 2838 inceperis
3119 2767 3352 2822 militare
3377 2768 3439 2834 ⁸⁸,
3475 2768 3595 2824 linis
3633 2769 3848 2828 militia

2241 2867 2347 2913 tua:
2368 2857 2475 2914 erit
2501 2871 2727 2928 regnum
2752 2898 2767 2924 ,
2801 2873 2908 2914 non
2932 2865 3090 2913 terrae
3117 2866 3172 2914 et
3195 2859 3474 2930 temporis,
3502 2859 3595 2915 sed
3623 2863 3849 2920 interni-

2236 2950 2363 3006 tatis
2391 2957 2446 3004 et
2469 2949 2612 3005 caeli.

2737 3086 3072 3144 EPISTOLA
3097 3089 3118 3111 ‘
3148 3088 3336 3146 XXVI.

2241 3181 2608 3238 Sebastianum
2655 3184 2922 3238 eremitam
2950 3193 3001 3236 et
3043 3181 3374 3238 Benedictum
3415 3185 3695 3239 diaconum
3724 3185 3845 3240 eol-

2312 3253 2591 3326 laudatos,
2635 3255 2779 3308 illum
2818 3253 2890 3326 ob,
2918 3255 3038 3309 vitta
3080 3255 3405 3324 institutum,
3456 3255 3592 3309 hunc
3621 3266 3849 3326 propter

549 3336 705 3390 uxori
729 3373 746 3399 ,
793 3333 900 3388 noli
928 3350 1157 3406 quwrere
1186 3333 1258 3406 (c)
1283 3333 1590 3388 solutionem
1616 3342 1662 3387 ε.
1705 3331 1865 3400 Quod
1887 3333 1935 3388 si
1965 3334 2135 3390 adhuc

2320 3341 2503 3406 tiu-ram
2526 3325 2608 3406 illi
2635 3325 2930 3406 neces-saria
2952 3325 3312 3406 ministrandi,
3343 3335 3498 3399 rogat
3517 3336 3576 3380 ut
3603 3343 3700 3397 pro
3721 3325 3785 3383 se
3801 3335 3855 3384 et

546 3427 676 3483 liber
701 3443 754 3482 es
781 3425 844 3479 ab
871 3441 1055 3494 uxore,
1105 3427 1213 3481 noli
1260 3442 1488 3498 quamre
1534 3426 1960 3497 implicationem.
2020 3425 2132 3483 Non

547 3519 692 3575 enim
747 3518 1037 3590 Apostolus
1089 3527 1308 3590 propter
1343 3517 1581 3588 conjugii
1634 3517 2141 3573 condemnationem

547 3612 655 3671 hoc
713 3613 891 3680 dicit,
948 3611 1382 3683 quandoquidem
1452 3611 1614 3682 hujus
1665 3611 1884 3668 fmderis
1926 3612 2144 3680 religio-

548 3721 676 3762 nem
718 3718 914 3774 niagno
951 3703 1151 3760 Christi
1195 3713 1252 3761 et
1305 3703 1559 3760 Ecclesia:
1604 3703 1958 3760 Sacramenta
1985 3719 2140 3760 com-

550 3813 739 3876 parat;
806 3800 902 3856 sed
959 3809 1168 3871 propter
1224 3799 1503 3855 instantem
1552 3801 1906 3854 necessitatem
1953 3802 2142 3855 bonum

550 3914 662 3952 esse
705 3909 953 3951 asserens
982 3895 1027 3926 "
1067 3893 1322 3948 hominem
1369 3895 1447 3948 sic
1493 3910 1638 3961 esse,
1687 3893 2142 3963 quemadmodum

549 3991 666 4061 ipse
695 3996 831 4044 erat.
883 3987 1032 4051 Volo,
1092 3987 1293 4057 inquit,
1349 4002 1436 4040 vos
1463 3986 1574 4040 sine
1602 3985 1950 4040 sollicitudine
1972 4001 2084 4041 esse
2115 3983 2143 4024 ⁸³

549 4081 655 4136 hoc
683 4087 791 4145 est,
826 4085 884 4132 ut
926 4077 1058 4133 nihil
1089 4087 1284 4148 praeter
1303 4075 1473 4132 Deum
1521 4083 1577 4131 et
1622 4075 1849 4131 salutem
1901 4085 2142 4132 nostram

550 4178 867 4248 cogitemus.
937 4176 1070 4231 Nam
1107 4193 1243 4231 uxor
1279 4184 1335 4229 et
1378 4176 1508 4242 lilii,
1549 4193 1877 4248 quamquam
1926 4187 1984 4234 et
2026 4179 2142 4249 ipsa

551 4269 805 4324 divinitus
851 4268 1004 4324 nobis
1053 4268 1277 4339 pignora
1335 4268 1460 4322 data
1511 4269 1653 4333 sint,
1705 4278 1888 4324 tamen
1940 4270 2147 4338 gravis-

551 4363 808 4416 simarum
841 4375 1092 4415 curarum
1122 4375 1288 4415 onera
1315 4369 1457 4415 sunt.
1503 4359 1656 4416 Unde
1686 4361 1826 4415 idem
1858 4361 2146 4432 Apostolus

551 4456 630 4510 ait
653 4455 731 4506 "z
765 4450 899 4517 Quia
923 4452 1303 4508 tribulationem
1337 4452 1416 4523 (ἀ)
1440 4453 1614 4508 carnis
1665 4451 1921 4508 habebunt
1959 4455 2144 4526 hujus-

555 4550 695 4604 modi
727 4549 741 4587 ί
775 4568 788 4602 :
821 4549 945 4620 quia
969 4547 1396 4603 necessitudines
1425 4555 1622 4603 nostra:
1651 4549 1912 4615 carnales,
1939 4558 2144 4622 quanto

2322 3395 2574 3452 Therasia
2595 3396 2736 3467 apud
2756 3393 3038 3452 Dominum
3056 3397 3402 3452 intercedant.

2318 3518 2521 3576 Sancto
2551 3527 2607 3574 et
2636 3519 2833 3575 merito
2883 3519 3234 3576 dilectissimo
3280 3519 3432 3576 fratri
3482 3519 3858 3594 Seueriane,

2248 3609 2517 3667 ΡΑυιιιιυε
2545 3621 2598 3667 et
2629 3611 2899 3667 Tur-:nasu
2932 3613 2985 3667 in
3015 3610 3231 3668 Christo
3257 3611 3488 3668 Domino
3517 3614 3772 3671 salutem.

2321 3725 2372 3782 l.
2413 3726 2737 3782 Benedictus
2773 3736 2855 3782 est
2883 3728 3142 3782 Dominus
3171 3727 3313 3784 Deus
3342 3727 3525 3793 Israel,
3558 3729 3650 3799 qui
3679 3730 3857 3802 elegit

2249 3831 2302 3876 te
2329 3829 2384 3873 et
2411 3819 2663 3874 assumsit
2686 3821 2738 3874 in
2772 3835 2863 3875 vas
2886 3820 3170 3876 electionis
3198 3836 3328 3886 sum,
3360 3828 3416 3876 et
3445 3823 3748 3891 segregavit
3780 3825 3855 3881 ah

2245 3921 2403 3968 utero
2427 3911 2614 3966 matris
2643 3911 2908 3982 antiqua),
2949 3921 3003 3966 et
3028 3912 3177 3967 dedit
3199 3913 3292 3967 tibi
3322 3927 3529 3984 pennas
3555 3913 3855 3986 columba,

2248 4015 2307 4059 ut
2335 4005 2401 4059 ab
2424 4003 2582 4074 hujus
2620 4003 2784 4060 seculi
2813 4004 3041 4076 strepitu
3070 4004 3260 4076 procul
3288 4006 3511 4060 evolans
3543 4007 3557 4036 ¹
3587 4006 3808 4064 diceres
3838 4026 3854 4063 :

2249 4096 2387 4150 Ecce
2441 4097 2508 4168 (ί)
2566 4097 2730 4151 rolari
2780 4098 3006 4169 fugiens,
3050 4108 3096 4150 et
3136 4100 3304 4152 mansi
3369 4098 3422 4152 in
3480 4099 3766 4156 solitudine
3801 4101 3855 4158 .i.

2250 4190 2325 4264 (g)
2347 4189 2604 4258 Quamvis
2626 4199 2714 4245 tua
2739 4190 2976 4245 solitudo
2999 4207 3108 4244 non
3131 4192 3244 4246 sola
3267 4191 3355 4260 sit,
3369 4207 3490 4262 qua:
3506 4208 3613 4247 non
3629 4192 3858 4254 deserta

2248 4295 2350 4352 cst,
2373 4285 2468 4341 sed
2496 4294 2725 4350 secreta,
2757 4285 2900 4340 etab
2921 4283 3078 4354 hujus
3105 4284 3286 4339 mundi
3312 4285 3552 4342 tenebris
3573 4284 3855 4356 desolata,

2247 4394 2276 4432 a
2313 4379 2468 4450 157
2513 4378 2607 4433 Dei
2657 4379 2856 4434 lumine
2895 4376 3286 4448 frequentetur,
3335 4387 3389 4433 et
3434 4394 3464 4432 a
3509 4378 3859 4438 daemonibus

2247 4468 2550 4524 furentibus
2605 4469 2862 4539 fugiatnr,
2913 4477 3075 4538 atque
3121 4469 3189 4525 ab
3235 4469 3444 4539 angelis
3487 4469 3860 4540 gaudentibus

2249 4562 2551 4616 excolatur.
2585 4561 2702 4633 Ipse
2737 4559 2995 4617 Dominus
3024 4561 3167 4617 Deus
3197 4571 3383 4617 noster
3410 4561 3637 4618 donavit
3663 4564 3855 4632 nobis,

553 4641 792 4696 cariores
821 4641 977 4696 DObiS
1005 4647 1131 4694 ευηι
1151 4678 1167 4702 ο
1203 4647 1352 4695 la“10
1381 4640 1551 4710 magis
1594 4639 1691 4696 "05
1731 4639 2061 4698 ἀῖδϐτυοὶεηι
2089 4651 2146 4698 εἰ
2185 4723 2200 4725 _
2253 4652 2380 4708 licet
2408 4652 2570 4721 longo
2595 4653 2880 4708 intervallo
2900 4652 3258 4720 distantibus,
3281 4654 3720 4725 appropinquare
3753 4656 3856 4714 tibi

555 4731 800 4802 fatigant.
829 4730 963 4788 Nam
998 4733 1154 4804 166
1181 4747 1351 4788 uxore
1377 4741 1600 4804 accepta
1634 4733 1865 4804 primum
1896 4745 2152 4808 optantur
2180 4723 2229 4783 Ῑ)
2257 4745 2308 4799 in
2355 4744 2643 4802 dilectione
2683 4759 2781 4816 per
2825 4744 3049 4801 odorem
3090 4745 3293 4801 bonum
3340 4723 3543 4802 notitiae
3566 4723 3669 4814 ill)
3721 4754 3856 4817 tum,

624 4880 649 4907 ³
683 4869 853 4951 Apoc.
907 4884 944 4934 ι,
986 4867 1036 4922 6.
1115 4866 1142 4906 ι’
1174 4869 1496 4951 Apoenxx,
1539 4868 1591 4923 6.
1637 4879 1697 4951 _°
1725 4867 1846 4951 Isai:
1870 4861 1966 4951 ξι,
1996 4875 2050 4940 6,
2079 4890 2312 4951 ex‘vers.
2343 4879 2501 4933 LXX.
2579 4877 2604 4918 δ
2638 4879 2776 4936 Psal.
2807 4897 3040 4946 Lxxxm,
3070 4879 3136 4951 2,
3169 4898 3282 4938 κθ.
3325 4881 3467 4938 LXX
3511 4893 3566 4939 et
3614 4883 3853 4942 Psalter.

551 4938 782 5023 vetuset
813 4940 1137 5023 Romanum.
1222 4949 1245 4976 ο
1267 4938 1310 4994 ll
1336 4938 1464 4995 Cor.
1492 4957 1603 5005 xm,
1636 4940 1691 4998 3.
1774 4941 1791 4980 ί
1823 4942 1988 4999 lCor.
2014 4938 2106 5010 VII,
2136 4947 2224 5003 29.
2301 4959 2327 4999 8
2358 4951 2528 5007 lCor.
2561 4968 2652 5017 vu,
2685 4952 2775 5007 27.
2851 4952 2876 4990 δ
2900 4951 2920 5006 1
2943 4938 3070 5010 Cor.
3092 4938 3187 5023 νίι,
3210 4953 3297 5010 52.
3383 4955 3397 4993 ί
3431 4938 3601 5012 lCor.
3626 4938 3853 5021 si.)

556 5017 566 5063 ι
605 5012 746 5066 l’sal.
774 5028 877 5076 Liv,
904 5011 956 5064 8.

628 5151 643 5170 ⁶
672 5147 819 5202 Alias
842 5145 942 5212 40;
989 5161 1109 5216 qure
1156 5155 1335 5202 autem
1354 5145 1424 5202 26
1451 5157 1606 5212 erat,
1638 5166 1780 5206 nunc
1799 5150 1868 5207 40
1893 5161 1946 5207 et
1974 5153 2062 5208 41.
2095 5155 2306 5229 Scripta
2336 5176 2478 5217 anno
2508 5161 2628 5217 401.

625 5267 718 5335 (τι),
743 5262 834 5335 Sic
855 5279 1005 5335 Amss.
1057 5263 1272 5320 codices
1321 5264 1492 5320 Vatic.
1544 5274 1598 5322 et
1629 5265 1829 5326 Victor.
1861 5287 1984 5328 cum
2009 5274 2140 5331 edit.

554 5333 712 5392 Rom.
737 5344 793 5390 et
822 5333 1062 5403 Moguut.
1096 5336 1197 5390 Alii
1227 5336 1377 5402 editi,
1408 5337 1550 5392 viris.

624 5405 700 5472 (ὁ)
745 5405 1113 5475 Expunximus
1143 5422 1393 5477 namque,
1423 5409 1546 5476 quia
1575 5410 1643 5465 ab
1664 5413 1914 5472 omnibus
1937 5416 2142 5474 codici.

551 5479 651 5533 bus
673 5481 871 5532 nostris
901 5477 1105 5530 aberat.

623 5553 696 5616 (c)
736 5545 813 5600 ιω
835 5563 934 5602 ms.
970 5547 1276 5604 Victorinus
1305 5564 1474 5606 cooex
1506 5567 1627 5606 cum
1656 5552 1812 5610 editis
1863 5555 1897 5610 ι
1931 5566 1987 5614 et
2013 5557 2145 5614 Vul-

553 5617 849 5699 gata_ju§ta
873 5627 1078 5673 textum
1099 5616 1367 5685 Graecum,
1392 5621 1584 5677 melius
1607 5638 1767 5692 quam
1790 5626 1922 5682 edit.
1952 5628 2141 5699 Rosv.,

553 5690 945 5744 absolutionem.

625 5764 706 5830 (ά)
745 5760 832 5815 Sic
875 5777 972 5815 ius.
1007 5761 1146 5815 Vict.
1179 5770 1234 5817 et
1279 5763 1405 5818 edit.
1453 5765 1592 5831 Mog.
1645 5766 1942 5824 faventibus
1983 5771 2135 5828 editis

555 5841 785 5903 quatuor
816 5831 867 5903 in
893 5831 1086 5901 quibus
1108 5848 1309 5888 carnes.
1335 5833 1474 5890 Edit.
1509 5835 1698 5900 Bosa,
1725 5841 1913 5894 carnis.
1950 5841 2138 5900 Nostra

558 5902 716 5960 {Erotio
735 5902 1086 5959 conﬁrmatur
1115 5919 1181 5960 ex
1209 5906 1578 5973 sequentibus.

2321 5279 2394 5349 (ε)
2437 5280 2533 5336 Ms.
2587 5281 2728 5336 Vict.
2774 5289 2830 5338 et
2873 5280 3000 5339 edit.
3029 5281 3497 5355 Rom.,Mogunt.,
3545 5284 3760 5345 Erasm.
3798 5305 3856 5350 ct

2251 5347 2413 5407 Pone.
2426 5394 2440 5417 ,
2469 5361 2679 5407 tutator.

2323 5431 2390 5500 (Ῑ)
2431 5429 2689 5513 Psalteria
2719 5432 2956 5501 quinque
2981 5444 3039 5489 et
3067 5431 3127 5489 S.
3157 5434 3512 5504 Augustinus,
3544 5438 3596 5492 in
3626 5442 3801 5509 psalm
3838 5487 3852 5510 ,

2561 5589 2688 5629 mss.
2722 5572 2897 5630 Vatic.
2929 5583 2984 5630 et
3010 5574 3152 5632 Vict.
3184 5576 3322 5631 Ante
3347 5587 3465 5634 erat
3487 5580 3540 5635 in
3561 5580 3649 5637 ed.
3677 5582 3852 5642 Rosv.

2253 5641 2500 5722 Quamvis
2525 5644 2748 5722 solitudo
2769 5663 2873 5700 non
2908 5647 2976 5701 sit
3008 5655 3097 5702 tua
3117 5691 3130 5714 ,
3159 5665 3272 5722 qua
3298 5688 3312 5713 ,
3361 5658 3470 5706 etc.
3512 5649 3654 5708 Editi
3681 5641 3849 5714 codd.

2249 5711 2303 5778 5,
2340 5710 2522 5778 Quasi,
2547 5715 2824 5770 mendose.

2251 5784 2646 5912 Δόξηόέῗιωιιιε.
2697 5787 2900 5844 Victor.
2925 5805 3047 5846 cum
3095 5791 3305 5848 duobus
3341 5791 3499 5850 editis
3546 5794 3828 5855 codicibus
