4022 6424
173 423 274 483 509

1535 403 1866 466 EPISTOLA
1906 401 2132 461 XXVIII.

3390 391 3496 451 510

179 545 297 615 quia
347 541 582 614 impiger
627 545 717 597 est
746 548 794 595 ι.
827 536 943 596 νει
981 534 1128 593 enim
1177 533 1257 606 (α)
1307 530 1575 606 nigrorum
1620 527 1790 601 spinis
1813 531 1867 589 Α
1892 526 1947 581 in
1996 537 2119 582 eam
2165 535 2425 590 mensam,
2463 531 2626 593 quam
2672 514 2994 591 preparavit
3018 517 3041 551 '
3069 514 3217 572 nobis
3247 514 3493 569 adversus

179 644 355 696 suate:
378 635 410 677 δ
437 645 586 693 sunt.
618 634 811 692 Victor
835 645 969 691 vero
1011 638 1198 686 noster
1244 643 1353 685 non
1377 625 1507 683 dicit
1534 642 1549 678 :
1581 619 1688 678 Leo
1712 630 1793 676 est

178 733 234 787 in
254 732 346 787 aiis
363 740 422 795 ες
454 728 584 803 quia
609 729 683 785 ita
704 726 934 799 simplex
955 731 1041 781 est
1070 732 1129 781 ut
1157 720 1396 779 ambulet
1424 714 1704 775 conlidens
1723 709 1749 752 ⁸
1772 756 1790 783 ,

182 824 351 881 ﬁdelis
396 831 455 880 et
483 830 685 889 castus,
715 832 777 878 ut
803 837 908 877 non
940 822 1116 875 timeat
1140 834 1173 871 a
1217 815 1401 870 timore
1429 819 1702 873 nocturno,
1743 816 1794 863 et

185 918 356 986 iaculo
380 919 586 975 volante
610 932 705 989 per
732 916 874 972 diem
902 923 952 970 ε.
993 909 1290 984 Propterea
1317 905 1578 964 Dominus
1613 911 1796 960 custo-

182 1013 266 1069 dit
283 1012 435 1068 illum
463 1011 520 1067 in
565 1008 824 1067 omnibus
867 1004 970 1063 viis
996 1004 1146 1071 suis;
1176 1010 1232 1059 et
1269 990 1531 1069 angelicis
1574 992 1797 1051 mandat

184 1102 448 1171 excubiis,
476 1118 543 1159 ne
562 1118 782 1178 usquam
810 1098 1045 1172 ofendat
1061 1096 1133 1153 ad
1159 1092 1389 1167 lapidem
1411 1090 1595 1165 pedem
1622 1104 1793 1154 suum;

185 1216 363 1274 neque
391 1199 644 1257 mordeat
681 1198 996 1255 eaicaneum
1030 1196 1147 1266 ejus
1174 1192 1471 1250 observans
1506 1188 1715 1265 coluber
1740 1188 1797 1242 in

182 1295 266 1350 sia
293 1290 345 1362 ί,
378 1307 541 1365 quem
560 1292 819 1349 calceatis
858 1287 929 1346 ad
963 1285 1239 1355 Evangelii
1262 1290 1290 1334 Β
1315 1295 1531 1340 cursum
1567 1279 1799 1354 pedibus

185 1389 407 1461 impune
435 1385 667 1443 calcabit
687 1393 746 1441 et
771 1389 1040 1440 conteret.
1075 1375 1335 1435 Laudabo
1361 1375 1522 1445 igitur
1547 1381 1605 1431 et
1629 1372 1800 1430 bene-

183 1481 360 1540 dieam
390 1482 447 1537 in
471 1479 706 1536 Domino
723 1476 958 1534 Victoris
981 1471 1158 1530 nostri
1178 1470 1365 1544 pedes,
1388 1474 1445 1525 et
1464 1467 1536 1524 de
1563 1467 1647 1525 his
1660 1481 1800 1540 quo-

184 1590 291 1647 que
309 1571 544 1646 pedibus
574 1569 788 1627 audebo
827 1568 1009 1625 dicere
1040 1583 1055 1621 :
1085 1566 1255 1635 Quam
1280 1561 1501 1635 speciosi
1525 1558 1681 1632 pedes
1710 1558 1799 1630 qui

185 1668 550 1742 mugelizant
571 1664 708 1721 mihi
734 1677 915 1736 pacem
944 1660 973 1698 δ
1002 1660 1070 1715 de
1098 1666 1174 1723 te,
1207 1672 1329 1715 cum
1368 1652 1799 1711 incolumitatem

187 1768 356 1824 tuam,
390 1764 448 1816 et
470 1771 667 1832 pacem
696 1755 749 1811 in
779 1763 855 1825 te,
885 1766 1008 1810 cum
1031 1749 1198 1807 ﬁdem
1225 1757 1372 1805 tuam
1399 1745 1668 1809 nuntiant,
1702 1758 1801 1815 per

186 1868 350 1927 quam
379 1854 434 1909 in
465 1860 522 1908 te
540 1857 726 1908 ntauet
745 1847 997 1905 Christus
1031 1861 1137 1918 pax
1156 1847 1346 1902 nostra
1379 1858 1392 1895 :
1415 1839 1509 1912 qui
1534 1837 1677 1895 etde
1700 1852 1800 1894 no-

182 1949 268 2008 bis
293 1947 379 2007 vel
406 1949 464 2007 in
489 1946 650 2005 nobis
676 1946 804 2020 facit
830 1952 1050 2015 utraque
1085 1958 1247 1998 unum

183 2045 375 2101 sumus
401 2042 457 2099 in
503 2039 672 2099 corde
704 2054 846 2106 uno;
874 2038 992 2095 sive
1021 2035 1052 2091 to
1082 2048 1191 2108 qua
1217 2040 1504 2103 utramque
1543 2027 1795 2086 substan-

188 2137 319 2192 tiam
348 2135 543 2192 animm
562 2140 619 2191 et
639 2131 885 2203 corporis
911 2142 1077 2187 unum
1109 2126 1359 2192 iacimus,
1383 2122 1655 2181 conliante
1697 2133 1798 2175 nos

189 2227 407 2285 Christo
436 2239 535 2298 per
562 2224 741 2294 ignem
790 2221 947 2297 172
987 2218 1224 2293 Spiritus
1269 2216 1376 2285 sui,
1416 2214 1486 2272 de
1530 2229 1640 2285 quo
1670 2211 1795 2267 ait:

194 2321 373 2395 Ignem
402 2318 515 2376 veni
534 2321 735 2374 mittere
774 2317 832 2372 in
862 2324 1086 2380 terram;
1113 2321 1163 2369 et
1194 2311 1317 2382 quid
1346 2307 1453 2365 ruit
1476 2308 1651 2364 bonus
1691 2302 1801 2359 Do-

190 2422 390 2486 minus,
413 2415 514 2471 nisi
542 2423 600 2469 ut
624 2413 944 2468 “emittatur
972 2410 990 2460 l
1026 2409 1082 2465 in
1110 2408 1298 2471 nobis,
1337 2414 1393 2460 et
1422 2400 1690 2458 iiluminet
1717 2405 1799 2454 te-

190 2511 389 2567 nebras
416 2515 654 2571 nostras,
676 2513 735 2561 et
770 2510 992 2576 peccata
1022 2497 1345 2558 consumat?
1374 2493 1512 2564 Quia
1546 2492 1801 2551 Dominus

191 2601 334 2662 Deus
361 2612 540 2660 noster
583 2601 721 2675 ignis
749 2613 1060 2655 consumas
1088 2603 1161 2651 cst
1191 2592 1238 2647 ι.
1268 2588 1491 2649 Tribuat
1533 2588 1622 2644 hic
1666 2583 1799 2641 mihi

194 2692 474 2761 Dominus,
505 2701 566 2751 ut
590 2701 647 2750 et
692 2678 748 2747 in
788 2703 877 2747 me
898 2704 997 2761 pro
1039 2703 1128 2744 me
1154 2684 1250 2742 ﬂat
1285 2682 1425 2757 ignis
1450 2693 1797 2738 consumens.

196 2788 397 2845 Ardeat
418 2788 526 2843 hoc
552 2785 679 2855 igne
700 2797 796 2840 eor
819 2796 999 2838 meum
1033 2781 1085 2835 in
1121 2778 1303 2836 lumen
1335 2784 1600 2831 :eternum
1644 2767 1798 2836 mihi,

194 2898 263 2938 ne
280 2879 479 2937 eodem
499 2878 690 2935 ardeat
717 2876 895 2931 anima
915 2886 1037 2930 mea
1066 2871 1122 2928 in
1141 2882 1361 2942 penam
1403 2878 1719 2939 perennem.
1742 2861 1801 2917 in

198 2974 297 3032 hoc
323 2975 470 3031 enim
492 2973 616 3042 igne
631 2970 969 3027 revelabitur
990 2965 1108 3024 dies
1124 2961 1360 3031 Domini,
1383 2970 1441 3019 et
1466 2958 1800 3029 uniuscujus-

195 3082 292 3138 que
311 3074 557 3122 nom-nm
588 3081 716 3137 opus
744 3061 896 3137 quale
921 3064 1009 3128 sit,
1036 3060 1177 3134 ignis
1201 3056 1440 3133 probabit
1464 3055 1509 3110 ι.

268 3161 320 3218 2.
360 3160 591 3218 Oremus
619 3161 763 3217 hunc
789 3155 1076 3214 Dominum
1095 3195 1111 3223 ,
1167 3160 1228 3210 ut
1271 3149 1469 3209 doceat
1494 3163 1598 3206 nos
1616 3144 1804 3204 facere

196 3257 506 3313 voluntates
533 3268 679 3322 snas,
710 3258 767 3309 et
791 3251 1009 3325 spiritus
1034 3249 1153 3321 eius
1179 3245 1342 3303 bonus
1370 3242 1594 3301 deducat
1620 3256 1717 3297 nos
1744 3238 1802 3296 in

1286 1949 1339 2007 ις
1384 1938 1501 1995 sive
1536 1950 1643 2008 qua
1691 1932 1799 1990 duo
1829 1935 1879 1998 Β
1907 1939 2120 1995 talitate

1894 638 1985 677 eos
2008 620 2094 694 qui
2115 616 2365 675 tribulant
2384 633 2499 674 nos.
2532 615 2734 689 Dequa
2763 615 2930 671 dicit:
2956 612 3146 669 Beatus
3174 613 3261 693 qui
3282 611 3497 666 mandu-

1896 717 2057 776 cabit'
2083 733 2272 790 panem
2315 717 2370 772 in
2410 729 2575 789 regno
2601 708 2701 769 Dei
2725 721 2749 750 ι
2776 730 2790 769 :
2813 712 2939 782 quia
2977 708 3228 766 Christus
3259 707 3399 764 idem
3442 716 3498 762 et

1897 823 2125 882 regnum
2149 816 2208 867 et
2229 809 2388 882 panis
2414 815 2500 866 est
2542 822 2652 879 quo
2698 821 2799 862 nos
2826 805 3157 874 saginantur,
3196 810 3252 858 et
3276 817 3499 874 serpens

1900 905 2166 970 tabescit;
2189 905 2345 975 cujus
2366 901 2537 959 fames
2561 900 2585 933 ³
2612 909 2669 957 et
2681 916 2842 974 pix-na
2874 905 2957 955 est
2977 899 3133 956 cibus
3153 900 3278 953 vitae
3298 907 3499 956 [metm

1898 996 2145 1058 Christus
2172 998 2351 1069 Jesus,
2379 996 2471 1069 qui
2514 994 2686 1053 factus
2711 1002 2797 1053 est
2822 992 2979 1050 nobis
3005 992 3058 1047 in
3099 1008 3280 1048 escam
3298 1031 3315 1057 ,
3347 999 3405 1046 ut
3434 1007 3500 1045 eo

1900 1114 2041 1174 pane
2069 1097 2313 1153 viventes
2340 1103 2391 1162 γ,
2417 1101 2475 1150 et
2501 1090 2800 1149 secundum
2826 1105 2951 1146 eum
2981 1087 3344 1156 ambulantes,
3376 1101 3501 1156 pose

1901 1196 2070 1251 simus
2083 1192 2241 1264 juxta
2265 1187 2584 1263 Apostoium
2609 1186 2830 1243 dicere:
2856 1182 3057 1240 Nostra
3086 1193 3257 1239 autem
3285 1198 3506 1238 conver-

1902 1287 2038 1343 satio
2064 1286 2121 1341 in
2149 1283 2292 1340 caelis
2321 1291 2400 1338 est
2423 1291 2469 1337 ι.
2500 1277 2637 1336 Cum
2656 1279 2801 1335 enim
2824 1293 2944 1350 qute
2969 1293 3183 1334 sursum
3205 1284 3329 1332 sunt
3359 1274 3505 1345 sapi-

1903 1396 2025 1436 mus
2062 1386 2120 1435 et
2156 1377 2446 1450 quaerimus
2467 1382 2549 1440 ιι,
2578 1372 2777 1429 terreni
2807 1385 2929 1429 esse
2967 1370 3281 1441 desinimus,
3309 1379 3366 1425 ut
3390 1370 3503 1440 jam

1904 1491 2016 1531 non
2062 1473 2231 1529 simus
2259 1485 2383 1526 esca
2429 1466 2716 1539 serpentis,
2754 1466 2850 1538 qui
2875 1465 3111 1522 vicissim
3152 1464 3307 1520 datas
3347 1466 3506 1539 estin

1902 1578 2078 1624 eseam
2103 1563 2310 1640 populis
2338 1537 2653 1633 Ethiopum
2682 1537 2785 1632 δι’,
2807 1569 2870 1617 ιιι
2906 1561 2977 1618 ab
3024 1560 3110 1616 bis
3148 1558 3341 1616 edatur
3367 1537 3508 1630 quos

1904 1662 2039 1720 edit.
2068 1658 2223 1730 Quod
2240 1657 2395 1715 nobis
2423 1673 2455 1713 e
2482 1656 2763 1713 contrario
2788 1654 3024 1711 salutare
3068 1663 3174 1721 est,
3215 1656 3306 1724 qui
3346 1652 3508 1711 Chri—

1904 1763 2050 1810 stum
2080 1753 2309 1816 edimus,
2339 1758 2396 1806 et
2423 1750 2779 1806 absorbentur
2804 1762 2837 1804 a
2870 1746 3108 1812 Christo,
3137 1746 3227 1819 qui
3256 1745 3509 1814 absorbet

1907 1845 2139 1903 inor-tale
2168 1851 2432 1909 nostrum,
2457 1842 2585 1914 quia
2611 1840 2722 1896 vita
2735 1846 2839 1904 est,
2872 1847 2932 1894 ut.
2959 1837 3146 1895 induat
3169 1855 3271 1898 nos
3296 1839 3509 1895 immor-

2165 1949 2247 2009 τε,
2293 1945 2351 1993 et
2380 1933 2685 1992 conformes
2730 1932 2948 2004 imagini
2988 1948 3099 1988 sua:
3133 1930 3296 1990 faciat
3310 1932 3391 2004 ιιά,
3414 1934 3510 2005 qui

1899 2031 2051 2088 dedit
2072 2033 2224 2088 nobis
2246 2038 2573 2102 potestatem
2596 2043 2759 2099 super
2783 2041 3002 2083 omnem
3025 2026 3280 2082 virtutem
3306 2026 3510 2083 inimici

1907 2124 2065 2199 173
2119 2123 2338 2195 impune
2365 2119 2610 2180 caleandi
2644 2136 2743 2192 per
2769 2117 3016 2176 eamdem
3043 2121 3273 2190 gratiam
3300 2129 3377 2184 δε,
3403 2135 3511 2191 qua

1899 2217 2047 2275 dedit
2066 2225 2379 2291 potestatem
2398 2215 2539 2288 ﬁlios
2562 2211 2658 2271 Dei
2686 2214 2803 2287 ﬁeri
2839 2211 3165 2269 credentibus
3206 2215 3259 2269 in
3297 2215 3505 2270 nomine

1900 2314 2015 2386 ejus
2041 2309 2116 2380 η,
2141 2309 2280 2385 quod
2305 2318 2381 2365 est
2402 2325 2558 2383 supra
2590 2325 2740 2367 omne
2759 2324 2947 2365 nomen
2974 2316 3051 2360 η.
3079 2306 3137 2363 In
3163 2307 3269 2364 hoc
3294 2309 3507 2366 habite-

1903 2421 2045 2473 mus,
2088 2405 2211 2477 quia
2239 2405 2353 2476 ipse
2381 2404 2547 2460 etiam
2583 2403 2765 2458 civitas
2811 2411 2897 2458 est
2932 2417 3051 2474 qua:
3093 2419 3196 2458 non
3223 2409 3391 2475 potest
3414 2402 3509 2461 ab-

1902 2497 2108 2567 scondi,
2146 2498 2271 2569 quia
2299 2513 2455 2569 super
2481 2504 2707 2553 manum
2729 2498 2901 2570 posita
2933 2494 3012 2564 δι,
3042 2504 3099 2553 et
3143 2496 3295 2565 cujus
3323 2496 3511 2569 funda-

1904 2606 2081 2677 menta
2110 2595 2305 2649 suntin
2335 2590 2596 2649 montibus
2640 2593 2855 2649 unctis.
2896 2590 3049 2648 Hanc
3095 2591 3370 2649 civitatem
3398 2592 3511 2663 ipse

1907 2687 2481 2762 fundaoitAltissimus,
2511 2686 2651 2741 sicut
2678 2685 2936 2757 scriptum
2965 2694 3051 2741 est
3081 2685 3206 2755 quia
3235 2682 3512 2756 Sapientia

1907 2780 2006 2839 sibi
2034 2779 2312 2853 ediﬁcarit
2338 2780 2548 2836 domum
2575 2779 2649 2833 ιι.
2679 2775 2804 2835 limo
2821 2785 2907 2834 est
2930 2776 3123 2834 domus
3144 2776 3233 2833 illa
3253 2791 3361 2835 non
3388 2792 3514 2833 ma-

1908 2875 2146 2945 nulacta,
2181 2876 2233 2932 in
2288 2889 2396 2946 qua
2437 2874 2485 2931 si
2538 2871 2842 2929 habitemus
2889 2873 2957 2930 iis
2995 2871 3270 2944 operibus,
3317 2871 3517 2943 quibus

1910 2969 2060 3026 cives
2088 2974 2402 3024 sanctorum
2446 2964 2565 3022 ﬁeri
2617 2980 2947 3029 mereamur,
2977 2979 3089 3020 non
3116 2964 3328 3020 ardebit
3372 2978 3515 3036 opus

1910 3072 2158 3120 nostrum
2191 3062 2236 3112 li
2266 3077 2282 3129 ;
2308 3068 2364 3116 et
2396 3059 2535 3130 ignis
2555 3058 2647 3115 ille
2673 3058 2889 3131 sapiens
2918 3066 3261 3115 transeuntes
3286 3072 3389 3114 nos
3414 3072 3516 3129 per

1909 3173 2141 3216 examen
2169 3171 2346 3219 suum,
2371 3170 2481 3211 non
2507 3169 2703 3211 severo
2728 3151 2927 3210 ardore
2946 3152 3153 3209 ambiet
3178 3152 3512 3224 puttiendos;

1911 3250 2011 3307 sed
2038 3255 2100 3305 ut
2116 3245 2527 3306 commendatos
2552 3244 2884 3316 suscipiens,
2908 3241 3107 3300 blando
3136 3241 3342 3301 lambet
3374 3251 3517 3301 atta-

196 3350 329 3404 riont
348 3357 549 3404 rerum
578 3356 638 3412 ιιι,
668 3360 740 3401 ne
767 3343 924 3401 labor
946 3347 1145 3400 noster
1169 3338 1478 3397 inveniatur
1511 3335 1679 3407 ligna,
1722 3330 1801 3389 fe-

1910 3348 2003 3399 ctu
2024 3342 2069 3409 δ,
2098 3350 2159 3396 ιιι
2184 3338 2453 3411 possimus
2485 3336 2670 3393 dicere
2700 3353 2713 3389 :
2739 3333 3092 3391 Transivimas
3120 3351 3212 3407 per
3248 3336 3422 3409 ignem
3463 3345 3518 3391 et

199 3458 344 3506 num,
376 3439 576 3512 stipula
596 3448 649 3507 κς
679 3436 776 3494 sed
799 3434 983 3508 potius
1009 3441 1312 3503 argentum,
1338 3442 1527 3486 autum
1546 3470 1563 3496 ,
1593 3422 1800 3499 lapides

196 3532 420 3609 pretiosi
446 3539 506 3588 et
530 3529 640 3586 vivi
668 3528 1010 3586 inveniamur
1028 3527 1084 3582 in
1102 3524 1277 3581 muris
1293 3517 1630 3578 Hierusalem
1654 3515 1803 3575 illius

198 3608 435 3684 emlestis
461 3631 519 3680 et
544 3621 729 3680 liberte
758 3630 809 3692 °,
839 3636 955 3695 qua:
990 3617 1286 3692 ludiﬁcatur
1317 3622 1377 3670 ut
1410 3614 1621 3679 ciuitas,
1652 3608 1803 3681 cujus

196 3718 527 3798 perticipatio
547 3717 659 3791 ejus
686 3719 743 3773 in
769 3715 996 3789 idipsum
1016 3724 1065 3770 r.
1094 3710 1264 3783 lluth
1286 3709 1433 3767 enim
1451 3706 1686 3765 civitatis
1706 3705 1805 3760 ha-

197 3797 400 3875 bitator
424 3815 480 3872 in
509 3812 685 3870 tribus
704 3824 842 3868 unus
870 3807 1205 3872 ostenditur;
1236 3805 1382 3861 unde
1408 3801 1604 3859 dicitur
1623 3797 1805 3855 civitas

202 3913 355 3986 Regis
382 3909 583 3982 magni,
611 3907 791 3962 ciuitas
814 3902 911 3960 Dei
950 3902 1139 3968 nostri,
1171 3900 1352 3956 civitas
1401 3893 1614 3952 Domini
1642 3895 1806 3950 uirtu-

199 3985 305 4061 tum
334 4022 352 4060 :
382 4019 537 4077 quam
570 4001 683 4072 ipse
708 3995 984 4061 Dominus,
1030 4005 1093 4051 ut
1137 3993 1403 4064 scriptum
1432 3997 1533 4053 est,
1568 3985 1808 4062 fundavit

196 4099 252 4155 in
277 4108 532 4155 cternum
556 4104 587 4146 «ι
614 4113 627 4147 :
650 4092 808 4163 enim
831 4090 1053 4164 quidem
1072 4085 1311 4144 civitatis
1339 4096 1450 4138 non
1479 4081 1655 4138 solum
1676 4077 1807 4134 fun-

194 4186 534 4256 damentum,
562 4185 661 4243 sed
680 4193 737 4242 et
764 4182 930 4240 turris
948 4190 1005 4239 et
1033 4189 1189 4253 porta
1218 4178 1392 4234 factus
1412 4185 1496 4232 est
1530 4170 1801 4230 Christus.

201 4279 621 4337 Fundamentum
645 4277 801 4343 enim,
834 4275 1028 4346 inquit,
1050 4288 1200 4328 nemo
1224 4278 1397 4344 potest
1424 4266 1570 4324 aliud
1615 4281 1809 4339 ponere

199 4394 354 4451 quam
377 4392 494 4432 eum
518 4374 611 4444 qui
639 4379 723 4429 est
752 4370 907 4428 nobis
945 4368 1105 4424 turris
1136 4363 1458 4441 fortitudinis
1488 4379 1520 4417 a
1548 4362 1685 4434 facie
1703 4361 1810 4418 ini-

200 4473 320 4527 mici
354 4481 379 4510 τ
404 4490 418 4524 :
450 4468 546 4539 qui
574 4467 736 4524 dicit:
765 4462 879 4542 Ego
909 4482 1023 4520 sum
1043 4464 1213 4536 janua
1244 4463 1415 4533 ovium
1438 4466 1459 4495 '
1494 4478 1507 4513 :
1540 4473 1690 4514 nemo
1712 4473 1807 4530 po.

199 4576 297 4623 test
318 4566 496 4623 uenire
525 4563 597 4618 ad
624 4562 836 4618 Patrem
856 4562 958 4615 nisi
989 4573 1093 4630 per
1122 4572 1205 4614 me
1234 4558 1280 4613 ί.
1304 4554 1362 4611 Si
1409 4554 1571 4626 igitur
1599 4553 1654 4609 in
1702 4553 1810 4608 hoc

200 4660 395 4717 domus
421 4666 480 4715 et
512 4670 670 4713 mens
709 4657 893 4711 nostra
923 4652 1193 4718 fundetur,
1221 4659 1277 4707 et
1305 4650 1462 4721 digna
1496 4656 1648 4705 tanto
1682 4646 1807 4703 fun—

1905 3449 2121 3507 aquam,
2142 3439 2193 3489 et
2212 3430 2472 3487 indusiati
2497 3446 2597 3486 nos
2624 3428 2678 3484 in
2710 3426 3035 3504 refrigerium
3059 3426 3137 3483 η.

1981 3526 2038 3582 3.
2076 3524 2184 3584 Sed
2204 3532 2265 3582 ut
2293 3524 2486 3582 eodem
2499 3523 2736 3581 momine
2754 3537 2865 3594 quo
2882 3522 3138 3580 inchoata
3165 3532 3251 3581 est
3282 3526 3513 3596 epistola
3592 3589 3596 3593 ,

1911 3619 2253 3685 terminetur,
2280 3615 2350 3673 ad
2378 3615 2654 3673 Victorem
2683 3623 2928 3673 nostrum
2958 3630 3255 3685 recurram,
3278 3632 3378 3689 pro
3404 3632 3516 3689 quo

1911 3714 2323 3770 excusationem
2350 3708 2527 3766 debeo
2548 3708 2592 3763 ⁸.
2622 3707 2779 3777 Quod
2809 3706 2877 3764 ad
2917 3715 2971 3763 te
3013 3707 3217 3764 tardius
3244 3717 3405 3780 pacto
3429 3723 3517 3766 re-

1908 3806 2009 3873 dit,
2043 3820 2111 3863 ne
2139 3805 2371 3875 imputes
2394 3800 2623 3875 pedibus
2649 3800 2786 3871 ejus,
2828 3799 2921 3871 qui
2950 3814 3059 3855 non
3094 3800 3321 3872 pigritiae
3357 3801 3514 3869 vitio,

1908 3899 2007 3959 sed
2037 3897 2361 3956 obedientite
2404 3894 2587 3951 studio
2615 3892 2759 3967 apud
2789 3908 2891 3949 nos
2928 3891 3131 3948 diutius
3175 3893 3510 3950 restiterunt.

1913 3992 2126 4066 nepeta
2146 4000 2331 4047 tamen
2356 3997 2594 4061 tempus,
2622 4000 2731 4044 non
2758 4000 2868 4058 quo
2890 3984 3169 4042 dimissum
3208 3992 3333 4043 eum
3374 3984 3513 4043 indi-

1912 4086 2074 4156 casti,
2101 4084 2198 4141 sed
2224 4098 2334 4156 quo
2360 4081 2591 4148 misisti;
2620 4088 2677 4137 et
2708 4077 2913 4136 videbis
2940 4077 3008 4134 de
3028 4078 3226 4151 placita
3254 4080 3396 4137 inter
3414 4095 3517 4139 nos

1914 4178 2185 4239 retinendi
2204 4176 2443 4235 Victoris
2460 4171 2830 4233 vicissitudine
2874 4178 3025 4229 stare
3067 4171 3332 4229 rationem
3360 4173 3511 4231 mihi.

1911 4275 2033 4334 Non
2063 4273 2208 4331 enim
2235 4270 2302 4327 ad
2322 4270 2559 4327 hiemem
2605 4265 2747 4339 apud
2792 4280 2916 4330 nos,
2964 4268 3023 4320 ut
3062 4264 3379 4335 scripseras,
3406 4265 3519 4323 exi-

1914 4367 2151 4442 gendam
2177 4360 2383 4431 adfuit;
2411 4359 2508 4418 sed
2536 4367 2593 4416 ut
2624 4356 2878 4424 asseruit,
2926 4354 2995 4413 de
3035 4350 3391 4424 Narbonensi,
3424 4357 3517 4416 ubi

1916 4459 2070 4518 fratri
2106 4456 2496 4517 Postbumiauo
2547 4457 2884 4516 occurrerat,
2940 4449 3015 4522 (ο)
3053 4450 3316 4509 remissus
3342 4449 3413 4507 ad
3438 4460 3513 4519 te,

1916 4567 2046 4614 tunc
2069 4571 2103 4612 a
2132 4561 2188 4611 te
2207 4555 2410 4627 iterum
2447 4547 2725 4621 protectus
2748 4553 2853 4617 est,
2881 4559 3009 4601 eum
3045 4543 3116 4600 ad
3160 4560 3247 4600 me
3279 4544 3519 4602 directus

1918 4647 2203 4723 pervenire
2251 4645 2540 4717 potuisset.
2594 4638 2714 4697 .lam
2764 4638 2929 4708 igitur
2982 4637 3162 4694 hieme
3221 4637 3520 4695 decedente

202 4752 462 4808 damemo
484 4745 945 4822 superaediticetur
964 4744 1247 4818 operatio;
1267 4745 1383 4799 erit
1422 4742 1579 4798 nobis
1602 4742 1656 4796 in
1686 4739 1804 4800 adi-
1830 4736 1888 4807 Ὠ
1909 4750 2243 4815 susceptum,
2265 4751 2489 4796 necesse
2515 4734 2681 4792 habui
2701 4733 2885 4791 vernis
2907 4732 3187 4789 mensibus
3224 4731 3472 4790 detinere
3502 4753 3514 4787 :

203 4856 316 4903 tum
345 4845 579 4904 civitatis
606 4859 718 4901 sum
741 4848 901 4915 porta
921 4842 1034 4913 ipse
1058 4840 1153 4913 qui
1173 4849 1316 4914 reget
1345 4855 1438 4894 nos
1457 4836 1515 4893 in
1540 4838 1733 4894 serrula
1755 4847 1805 4906 ἰ,

205 4949 258 4997 et
285 4942 340 4997 in
368 4939 492 4997 loco
512 4951 726 5009 pascua
752 4934 1044 4992 collocabit
1062 4948 1185 4999 nos,
1204 4946 1341 5004 quos
1352 4930 1464 5000 jam
1484 4942 1582 5002 per
1610 4944 1806 5001 aquam

204 5033 519 5093 refectionis
546 5031 651 5089 sibi
677 5030 862 5102 genuit
899 5038 943 5094 ν,
977 5035 1034 5085 et
1047 5027 1215 5083 nutrit
1239 5026 1414 5100 epulis
1441 5027 1458 5058 ι
1479 5025 1808 5083 salutaribus

1914 4846 1972 4895 et
2002 4835 2129 4907 quia
2150 4833 2314 4889 breve
2340 4826 2578 4901 spatium
2600 4821 2904 4894 videbatur,
2927 4823 3078 4897 quod
3106 4824 3252 4880 illico
3273 4824 3523 4879 solemni-
3633 4885 3637 4889 ,

1922 4942 2006 4989 tas
2033 4925 2311 4985 Paschalis
2339 4921 2707 4988 concluderet,
2737 4936 2861 4979 cum
2904 4928 2960 4976 et
3003 4918 3398 4977 inﬁrmissimus
3428 4936 3523 4991 per

1920 5026 2066 5084 idem
2086 5030 2300 5092 tempus
2321 5016 2562 5085 fuissem,
2592 5023 2656 5071 ut
2682 5012 3099 5072 adreseribendi
3123 5014 3399 5083 negotium
3413 5030 3523 5070 non

280 5173 475 5231 'Gen.
520 5187 609 5237 ut,
664 5169 751 5225 18.
831 5170 855 5208 ίδ
885 5169 1047 5225 Prov.
1098 5182 1184 5237 av,
1234 5166 1327 5236 19,
1379 5178 1490 5237 sec.
1541 5164 1700 5237 LXX.
1778 5176 1801 5207 ε

1910 5182 2023 5223 rov.
2058 5178 2201 5237 amr,
2259 5157 2347 5225 15,
2367 5167 2436 5237 et
2464 5174 2623 5237 χχιιι,
2646 5155 2733 5237 15.
2824 5153 2852 5192 ά
2875 5151 3052 5237 _P_rov._
3082 5170 3143 5237 ιι..
3178 5153 3231 5208 9.
3313 5164 3340 5191 ε
3375 5152 3524 5237 Psal.

213 5263 297 5307 xc,
316 5246 376 5302 6.
439 5224 474 5283 ἶ
508 5224 645 5300 (ibi.
680 5224 827 5311 is...
878 5224 981 5295 ιτ.
1047 5248 1071 5287 ε
1103 5224 1255 5311 Emi,
1301 5224 1371 5304 in,
1408 5234 1598 5311 ιδ.)
1648 5236 1769 5311 lsai.

1940 5238 2007 5303 7;
2065 5234 2223 5311 Rom.
2250 5224 2449 5311 x_,_i5.
2533 5228 2718 5311 ihEph.
2750 5245 2786 5283 ιι
2805 5224 2955 5311 ,nM.
3038 5227 3076 5311 i_
3105 5225 3241 5311 Hic.
3291 5224 3522 5311 stu-4‘9.

211 5318 241 5359 ι
270 5311 423 5374 Deut.
452 5333 531 5380 tv,
558 5313 662 5381 ‘24;
695 5307 830 5371 Iieh.
860 5328 956 5376 xu,
987 5311 1042 5366 9.
1129 5307 1199 5365 l'l
1227 5307 1357 5366 Cor.
1385 5326 1437 5366 ιιι
1457 5307 1594 5381 ,15.

213 5462 267 5519 7.
348 5458 585 5518 t.ioiian.
633 5475 741 5525 xw,
773 5457 827 5513 6.
905 5466 931 5493 υ
957 5454 1405 5525 Ρεθῖ.ηιιι.γιι,15.

214 5542 272 5574 ιι
299 5531 483 5590 Colos.
516 5548 595 5601 ιιι,
626 5529 678 5587 1.
749 5528 815 5601 Pb
835 5528 974 5586 Gen.
998 5546 1072 5597 ιιι,
1106 5526 1199 5601 id;
1233 5525 1375 5601 Psai.
1407 5542 1602 5601 castri,
1625 5525 1713 5601 :14:

1673 5320 1712 5347 ιι.
1744 5298 2096 5372 Ρεειξεχίλι,
2123 5304 2191 5359 10
2213 5312 2269 5360 et
2294 5303 2383 5368 il,
2415 5319 2527 5358 sec.
2559 5298 2796 5372 Psalter.
2814 5298 2975 5372 Rom.

213 5389 396 5448 lPetr.
412 5405 469 5454 li,
493 5376 551 5444 5.
626 5376 657 5423 θ’
674 5384 792 5443 Gal.
814 5402 888 5451 tv,
912 5384 973 5439 3i
989 5426 1003 5439 .
1082 5396 1106 5434 ρ
1130 5382 1274 5439 Psal.
1299 5398 1444 5448 cui,
1460 5376 1551 5454 5.-
1603 5393 1632 5433 ιι
1656 5380 1801 5438 Psal.

1910 5399 1993 5449 vn,
2015 5379 2134 5454 2_et
2154 5376 2208 5433 9.

1487 5463 1510 5491 ν
1533 5452 1678 5509 Psai.
1702 5471 1832 5517 χιιι,
1856 5454 1912 5508 2.

1796 5513 1852 5566 εἶ’
1876 5526 1900 5582 ι
1922 5526 2049 5581 Cor.
2079 5539 2168 5589 xv,
2193 5519 2285 5575 55.
2362 5515 2419 5556 δ”
2457 5518 2614 5589 fieri].
2648 5513 2885 5589 vm,_:’.9.

3052 5307 3080 5336 ιι
3105 5296 3123 5351 I
3148 5298 3274 5353 Cor.
3310 5314 3382 5363 ιιι,
3422 5296 3526 5362 l2;

2290 5375 2355 5430 τι
2382 5373 2512 5429 Cor.
2537 5390 2611 5439 lli,
2640 5371 2733 5437 ll;
2766 5369 2908 5425 Psal.
2938 5386 3029 5438 ιιι,
3054 5369 3106 5423 1.
3187 5378 3207 5404 ⁵
3241 5369 3436 5425 Julian.
3472 5385 3527 5431 ιι,

2512 5445 2752 5501 J'Jnhan.
2783 5459 2855 5503 vc,
2888 5440 2979 5496 35.
3056 5450 3084 5512 ἒ
3111 5439 3306 5512 Philip.
3336 5458 3410 5504 ιιι,
3436 5440 3528 5512 ει).

2968 5524 3021 5551 ⁸ο
3052 5511 3184 5569 Luc.
3210 5511 3266 5576 χ,
3299 5512 3385 5568 19.
3471 5511 3526 5549 τί

1992 5462 2018 5491 λ
2044 5452 2181 5507 Luc.
2204 5465 2313 5513 uv,
2347 5445 2433 5501 15.

213 5582 483 5671 nuit;
499 5582 595 5658 tif
636 5582 720 5651 Iis
748 5582 1119 5669 Ριιιίὶῖλιζέις
1142 5582 1330 5656 Matth.
1354 5596 1511 5666 v,u.
1583 5582 1650 5636 'hh
1676 5598 1800 5654 Psai

217 5693 276 5729 ιι-
305 5674 395 5729 19.
472 5673 528 5715 ιιι
556 5673 649 5729 Ps.
678 5690 808 5729 va.
838 5618 926 5729 1;.

1910 5612 2074 5663 LXIV),
2102 5594 2125 5649 i
2155 5582 2216 5650 et
2244 5590 2297 5647 5.
2386 5590 2430 5627 ίί
2470 5588 2629 5644 Prov.
2663 5604 2739 5654 ix,
2773 5585 2824 5640 1.
2906 5584 2953 5637 ii
2987 5584 3031 5640 ιι
3059 5582 3186 5641 Cor.
3212 5602 3264 5653 v,
3301 5584 3350 5651 l;
3378 5583 3526 5658 Eph.

217 5693 278 5748 ιι,
305 5674 395 5734 19.
472 5673 528 5715 ιιι
556 5673 649 5731 Ps.
678 5690 808 5743 va,
838 5672 867 5728 1

216 5814 1051 5947 passim-mss

264 5885 474 5949 salinas
495 5890 550 5947 in
576 5889 739 5961 epist.
769 5886 829 5943 21
841 5885 866 5950 ,⁷
887 5887 955 5944 ad
968 5885 1298 5955 Antandum,
1326 5906 1382 5944 ιι.
1407 5885 1465 5942 5.

293 5963 369 6037 (b)
403 5960 510 6020 lis.
537 5961 716 6019 Vatic.
747 5958 942 6026 codex,
969 5961 1114 6032 quia.
1142 5961 1312 6015 setael
1332 5968 1390 6015 et
1417 5959 1636 6014 iterum.

1165 5815 1274 5872 uiis
1303 5823 1361 5872 et
1396 5813 1734 5876 Theodotio,
1768 5822 1825 5869 et

1864 5919 1913 5964 μ
1926 5879 2120 5943 Bosa.
2153 5897 2307 5964 nunc.
2335 5879 2416 5934 Ms

1880 5950 2045 6011 "sum
2070 5956 2330 6010 oratorius
2351 5962 2447 6019 est,
2473 5950 2750 6005 mendose.

2009 5813 2085 5883 (τ)
2122 5810 2215 5867 Sic
2241 5826 2345 5866 ms.
2378 5807 2526 5933 Regi.
2539 5814 2595 5861 et
2612 5805 2745 5862 editi
2774 5803 2827 5857 4.
2852 5802 3144 5859 Verissiuta
3180 5802 3359 5856 lectio.
3386 5796 3527 5853 Edit.

2009 5901 2120 5933 ,ςτη
2153 5897 2307 5933 nunc.
2335 5879 2435 5933 Ms.
2513 5894 2646 5933 Icu..
2689 5877 2934 5931 remissus
2964 5893 2995 5929 a
3026 5883 3093 5933 te.
3126 5886 3245 5928 tunc
3275 5872 3345 5926 ml
3371 5881 3420 5926 te
3438 5874 3527 5930 ite-

2423 5920 2435 5933 .
2462 5872 2646 5941 Vitem,
2689 5877 2934 5931 remissus
2964 5893 2995 5929 a
3026 5883 3093 5941 te,
3126 5886 3245 5928 tunc
3275 5872 3345 5926 ml
3371 5874 3530 5930 reite-
