4022 6406
536 381 642 438 315

1660 377 1718 435 S.
1759 374 2034 434 ΡΑυιιΝι
2071 374 2315 433 ΝοιΑΝι
2353 372 2665 434 EPlSCOPI

536 502 761 551 ruerunt
811 486 1186 551 denuntiatum
1230 492 1461 551 evadere
1524 493 1795 549 excidium
1828 510 1842 548 :
1899 494 2027 564 quia
2066 507 2126 549 se
2151 499 2199 557 Α
2231 494 2348 549 vice
2378 497 2699 549 honoratum
2726 496 2951 550 sortitus
2967 492 3333 552 sacerdotium
3356 492 3695 563 Meretur.
3721 492 3847 547 De-

534 586 848 658 spontaneis
900 586 1053 659 178
1107 585 1340 643 luctibus
1380 584 1692 651 cruciando,
1721 585 1963 642 divinam
1995 599 2125 641 scu-

535 679 758 735 tentiam
777 687 1157 749 praevenerunt
1184 694 1300 735 sua.

607 767 663 825 5.
702 768 810 825 Nos
840 785 972 826 veno
989 785 1166 841 neque
1190 770 1373 826 verbis
1410 785 1587 840 neque
1611 772 1773 827 rebus
1796 770 1955 841 digna
1993 786 2128 842 pen-

536 869 739 930 santes,
767 864 925 920 unica
954 872 1133 919 tamen
1165 866 1183 896 ²
1217 860 1473 919 facultate
1509 864 1664 920 nobis
1707 863 1983 932 caritatis,
2020 878 2127 934 qua

532 954 689 1012 vobis
713 958 831 1014 sola
858 973 1017 1030 pares
1067 970 1281 1026 sumus,
1313 958 1554 1015 misimus
1578 959 1835 1026 tunicam,
1866 972 2029 1028 quam
2057 958 2127 1014 ab

533 1061 636 1103 usu
658 1064 780 1104 meo
796 1090 812 1115 ,
837 1059 897 1105 ut
914 1050 985 1105 de
1011 1052 1268 1106 stercoris
1296 1051 1506 1106 vilitate
1531 1053 1553 1084 ⁸
1574 1051 1865 1107 collectum
1885 1065 2127 1121 pannum

536 1138 756 1210 dignare
806 1144 1086 1213 suscipere
1117 1162 1130 1197 :
1164 1159 1287 1200 nam
1315 1144 1402 1200 vel
1442 1144 1545 1200 hoc
1592 1148 1614 1179 ⁸
1661 1145 1983 1201 innocentia:
2020 1152 2128 1199 tua:

534 1235 805 1302 congruit,
835 1237 980 1306 quod
1025 1237 1095 1293 de
1125 1247 1314 1293 tenero
1342 1252 1606 1305 agnorum
1633 1237 1835 1293 vellere
1871 1245 2125 1294 contexta

533 1327 805 1386 blanditur
827 1333 1139 1388 attactibus.
1171 1332 1325 1387 Addo
1359 1341 1541 1388 autem
1582 1333 1759 1390 adhuc
1794 1333 1971 1404 pretio
2007 1333 2127 1401 ejus

534 1428 591 1479 et
609 1425 813 1493 gratia,
838 1426 984 1496 quod
1010 1442 1120 1499 quo
1148 1426 1363 1498 dignior
1376 1429 1639 1498 probetur
1654 1442 1757 1484 usu
1777 1435 1891 1491 tuo,
1920 1427 1989 1482 de
2008 1440 2129 1482 san-

534 1527 638 1575 cta:
662 1527 717 1576 et
746 1522 969 1578 illustris
1010 1523 1063 1578 in
1092 1524 1293 1580 unctis
1309 1523 1407 1579 Dei
1438 1522 1647 1581 femina:
1681 1522 1760 1595 (α)
1788 1521 1997 1578 Melanii
2027 1524 2125 1577 be-

531 1610 841 1668 nedictione
894 1614 1025 1669 mihi
1084 1615 1282 1686 pignus
1329 1624 1431 1671 εει.
1466 1613 1619 1671 Unde
1647 1623 1701 1671 te
1750 1614 1964 1685 dignior
2008 1614 2126 1669 visa

531 1711 635 1770 est,
668 1704 823 1775 cujus
848 1704 983 1762 ﬁdes
1008 1705 1088 1762 illi
1129 1707 1301 1777 magis
1344 1715 1510 1779 quam
1538 1714 1724 1763 noster
1752 1707 1967 1778 sanguis
1992 1721 2124 1777 pro—

2231 589 2393 658 nique
2422 587 2572 643 addit
2593 589 2631 619 ¹⁸
2660 605 2673 641 :
2700 585 2771 641 Et
2806 602 2939 643 uxor
2964 586 3108 643 illius
3127 587 3424 661 deﬂuebat:
3452 587 3633 642 Aaron
3659 595 3707 639 ι’.
3737 583 3851 640 Vi-

2226 678 2327 734 des
2352 679 2740 749 evangelistam
2765 678 2836 736 de
2875 680 3396 737 commemoratione
3421 677 3685 741 natalium
3703 689 3855 733 san-

2229 773 2304 830 cti
2323 773 2368 807 ¹¹
2399 772 2497 844 (γ.
2527 781 2642 829 not.
2676 771 2824 846 128),
2853 773 3145 831 dictionem
3169 771 3363 830 fecisse
3383 773 3742 838 meritorum;
3777 778 3850 826 ut

2230 870 2295 926 iis
2345 885 2482 940 quos
2519 878 2640 926 erat
2679 870 2749 926 de
2775 870 3008 941 propriis
3051 870 3260 926 meritis
3281 868 3695 940 pmiicaturus,
3728 880 3846 921 no—

2229 963 2374 1018 mina
2400 966 2542 1018 avita
2571 961 2852 1034 praeferret
2884 980 2898 1017 :
2926 974 2977 1018 et
3012 979 3172 1032 uxor,
3202 964 3398 1033 inquit,
3426 961 3506 1017 illi
3530 970 3645 1016 erat
3675 959 3743 1013 de
3761 958 3846 1031 ﬁ-

2227 1056 2396 1113 liabus
2411 1058 2609 1113 Aaron.
2633 1058 2797 1115 Auxit
2809 1059 3059 1115 meritum
3080 1057 3382 1114 sacerdotis
3398 1060 3849 1113 commemorata

2237 1150 2523 1206 nobilitate
2547 1150 2812 1221 coniugii;
2841 1163 2899 1207 et
2926 1150 3240 1206 laudaturos
3265 1149 3456 1217 vitam,
3483 1160 3659 1218 genus
3704 1153 3852 1201 ante

2228 1242 2489 1307 laudavit,
2518 1250 2577 1298 ut
2601 1242 2959 1299 venerabilior
3000 1243 3278 1305 existeret,
3301 1241 3394 1312 qui
3418 1240 3621 1297 sanctis
3641 1252 3851 1310 paren-

2228 1327 2374 1393 tibus
2400 1338 2756 1408 responderet
2785 1338 3071 1392 sanctitate
3102 1336 3359 1406 ingenita,
3389 1336 3543 1406 quasi
3594 1333 3848 1404 quadam

2223 1430 2446 1499 justitiae
2477 1430 2778 1485 hereditate
2810 1430 2940 1499 :qui
2961 1429 3090 1484 illud
3121 1428 3419 1499 principale
3448 1428 3502 1483 in
3525 1426 3847 1482 sacerdoti-

2229 1522 2333 1578 bus
2354 1537 2557 1578 nomen
2597 1521 2800 1588 Aaron,
2832 1530 2890 1578 et
2916 1520 3139 1576 honoris
3169 1521 3222 1576 in
3252 1535 3506 1576 munere.
3537 1529 3592 1573 et
3614 1520 3849 1587 generis

2229 1615 2284 1671 in
2314 1631 2485 1672 uxore
2505 1630 2788 1671 successor
2808 1615 3036 1670 referret
3069 1625 3271 1684 :atque
3308 1612 3418 1679 illa,
3445 1627 3567 1681 quia:
3594 1626 3846 1668 wiicors

2230 1709 2283 1764 in
2314 1709 2505 1765 itinere
2524 1707 2713 1777 iugum
2741 1709 2985 1763 veritatis
3016 1707 3059 1739 ”
3084 1723 3210 1764 cum
3233 1706 3431 1761 marito
3461 1705 3715 1761 tralwbat
3760 1702 3843 1759 ad

530 1794 778 1866 piuquat.
811 1792 1014 1853 Fateor
1036 1803 1220 1855 tamen
1244 1812 1435 1855 ausum
1472 1812 1586 1868 me,
1619 1805 1680 1854 ut
1707 1811 1847 1866 eam,
1878 1799 2125 1869 quamvis
2226 1804 2547 1877 pariendum
2600 1803 2849 1871 eligenda
2878 1818 2977 1875 per
3022 1804 3291 1872 angelum,
3319 1801 3392 1857 de
3418 1815 3532 1871 quo
3555 1802 3843 1871 scriptum

530 1888 677 1947 illico
695 1900 757 1947 ut
774 1905 1088 1964 acceperam
1108 1893 1206 1950 tibi
1228 1893 1566 1958 destinatam,
1582 1908 1706 1949 meo
1726 1901 1905 1949 tamen
1927 1893 2127 1948 vestitu
2157 1889 2207 1953 Β
2231 1904 2347 1952 est:
2371 1894 2509 1950 Ecce
2524 1898 2728 1950 mittant
2747 1897 2991 1968 angelum
3017 1904 3140 1949 ante
3160 1895 3347 1968 {aciem
3366 1902 3513 1948 luunt
3532 1891 3581 1958 ἀ,
3610 1891 3845 1962 dignior

531 1983 798 2043 initiando
843 1987 1211 2057 prater-irem;
1250 1987 1428 2044 sciens
1454 1988 1628 2056 magis
1653 2000 1742 2042 me
1788 1985 1884 2042 tibi
1912 1986 2015 2042 bac
2033 1987 2120 2041 in-
2225 2000 2282 2046 et
2301 1990 2421 2047 viro
2444 1987 2750 2054 sacerdote,
2780 1996 2837 2045 et
2885 1988 2996 2045 tilio
3032 1987 3317 2060 prophetia
3340 1986 3679 2058 pmfereudo
3707 1986 3843 2043 exi-

529 2074 674 2147 juria
714 2078 1106 2149 praestitutum,
1134 2091 1298 2149 quam
1339 2078 1388 2134 si
1425 2085 1485 2134 te
1532 2078 1854 2133 intemerata
1883 2079 2123 2134 novitate
2231 2089 2425 2148 staret,
2472 2094 2638 2152 quam
2679 2080 2875 2137 divinis
2928 2079 3176 2136 idoneam
3221 2078 3470 2146 dotibus,
3509 2093 3619 2133 non
3648 2077 3841 2135 solun

528 2164 673 2226 illius
691 2168 1045 2226 bonorassem
1068 2170 1335 2226 :simulut
1353 2170 1482 2226 mibi
1505 2170 1942 2226 benedictionem
1965 2170 2118 2240 quasi
2223 2177 2332 2232 vita
2349 2176 2591 2247 justitite,
2623 2174 2719 2230 sed
2749 2183 2804 2230 et
2832 2172 3045 2229 familiae
3070 2172 3429 2243 praerogativa
3448 2170 3690 2227 fecisset.
3719 2168 3843 2230 Sed

525 2258 600 2318 de
618 2263 715 2318 ωι
734 2260 847 2333 iam
875 2269 1023 2320 veste
1042 2277 1434 2335 prmcerpcrem
1461 2268 1559 2331 ml
1573 2263 1781 2334 jactare
1801 2263 2003 2333 possim
2023 2279 2121 2317 νε-
2223 2277 2280 2324 et
2308 2269 2475 2341 ipsius
2505 2266 2715 2325 Domini
2764 2276 2966 2336 ortum,
2994 2273 3196 2337 praeter
3220 2264 3371 2321 illum
3400 2278 3433 2319 a
3464 2263 3614 2320 fonte
3640 2263 3845 2321 divino

527 2353 769 2411 αιωειιιι
796 2355 874 2411 tui
917 2366 1008 2412 me
1054 2368 1177 2414 esse
1224 2358 1567 2428 participem,
1599 2356 1692 2427 qui
1732 2356 1972 2427 propitio
2006 2353 2120 2411 Deo
2222 2358 2500 2427 ﬂuentem,
2535 2360 2697 2415 etiam
2726 2358 2890 2414 istum
2912 2372 3022 2428 quo
3048 2352 3219 2414 Filius
3245 2356 3479 2413 hominis
3505 2354 3842 2425 essedigna-

526 2443 765 2505 futuram
787 2462 917 2505 usus
946 2449 1022 2505 tui
1041 2450 1303 2515 tunicam,
1322 2449 1477 2521 quasi
1503 2449 1711 2516 fuisset,
1744 2448 2043 2505 induerem.
2224 2461 2310 2508 tus
2338 2461 2441 2518 est,
2475 2450 2819 2521 evangelista:
2848 2450 2957 2507 duo
2989 2459 3014 2488 ε
3043 2449 3342 2505 numeratis
3369 2448 3438 2504 ab
3463 2448 3621 2505 initio
3655 2447 3840 2519 majo-

597 2538 656 2599 8.
685 2540 903 2599 Addidit
929 2551 1108 2599 autem
1127 2542 1389 2601 Dominus
1410 2536 1554 2600 banc
1579 2544 1805 2615 gratiam
1833 2543 1902 2598 de
1931 2554 2121 2599 mune-
2220 2544 2370 2599 ribus
2400 2543 2702 2609 ordiuntur,
2733 2536 3001 2599 diversam
3024 2549 3255 2613 utroque
3282 2541 3549 2612 scriptore
3573 2540 3843 2614 corporei

522 2633 681 2691 ribus
705 2642 764 2690 et
790 2634 987 2692 litteris
1012 2635 1137 2699 tuis,
1156 2642 1222 2691 ut
1242 2635 1308 2691 ad
1336 2647 1434 2692 eos
1456 2636 1801 2707 potissimum
1820 2635 1936 2690 dies
1963 2636 2119 2692 nobis
2220 2636 2497 2707 sanguinis
2541 2651 2737 2692 venam
2786 2636 2903 2707 pari
2966 2633 3071 2692 fide
3109 2642 3168 2692 et
3212 2634 3475 2705 dignitate
3501 2634 3783 2693 referente
3820 2656 3836 2692 :

528 2717 701 2782 inter
721 2723 911 2783 Victor
944 2728 1284 2791 occurreret,
1313 2727 1511 2797 quibus
1543 2736 1787 2783 sanctam
1834 2726 2003 2797 ipsam
2049 2740 2119 2779 ex
2220 2731 2346 2803 quia
2373 2729 2595 2801 dignum
2620 2738 2739 2786 erat
2758 2735 2819 2786 ut
2846 2724 3166 2798 Unigenitus
3196 2726 3311 2796 Dei,
3337 2737 3396 2786 et
3427 2729 3842 2802 primogenitae

528 2814 868 2876 Hierusalem
914 2825 1039 2891 post
1065 2822 1303 2892 quinque
1341 2819 1509 2875 lustra
1534 2826 1869 2875 runcantem
1896 2817 2117 2888 excepi-

529 2926 670 2968 mus.
703 2912 797 2984 (At
822 2924 984 2983 quam
1037 2914 1271 2969 tamdem
1304 2911 1584 2985 feminam)
1613 2912 1659 2968 si
1710 2910 1966 2967 feminam
2010 2909 2118 2964 dici

528 3003 672 3069 licet,
705 3012 815 3059 tam
835 3004 1064 3060 viriliter
1081 3003 1462 3075 Christianam.
1483 3003 1622 3072 Quid
1641 3004 1747 3060 hoc
1764 3003 1886 3058 loco
1896 3001 2119 3059 ﬁcium?

530 3094 690 3152 Vetat
717 3096 914 3153 fastidii
941 3097 1295 3155 intolerabilis
1333 3108 1511 3156 metus
1551 3096 1916 3155 voluminibus
1942 3096 2119 3152 adhuc

2221 2821 2389 2877 totius
2405 2828 2689 2885 creatum,
2719 2827 2883 2890 atque
2905 2819 3147 2874 universi
3168 2820 3417 2891 corporis
3438 2828 3635 2890 caput,
3656 2822 3840 2877 etiam

2220 2916 2275 2972 in
2317 2915 2535 2986 generis
2582 2913 2833 2985 corporei
2857 2913 3121 2985 dignitate
3146 2914 3438 2986 primatum
3467 2923 3700 2973 teneret.
3758 2916 3840 2974 Ut

2221 3022 2359 3064 unus
2386 3007 2440 3062 in
2470 3008 2611 3064 ctelo
2640 2996 2735 3063 Dei
2766 3006 2934 3064 Filius
2976 3015 3111 3062 ante
3148 3006 3336 3063 secula
3366 3006 3624 3064 ineffabili
3660 3017 3841 3067 natus

2219 3097 2465 3166 exordio,
2497 3098 2741 3155 etiamin
2761 3098 2921 3155 terris
2943 3098 3232 3154 illustrium
3259 3098 3539 3155 titulorum
3567 3098 3671 3156 sibi
3699 3104 3838 3173 api-

530 3187 758 3257 addere;
789 3190 883 3246 sed
910 3205 1159 3261 pereunte
1176 3190 1441 3261 dignitas,
1473 3191 1641 3247 immo
1679 3190 1777 3247 Dei
1802 3191 1971 3260 gratia
2015 3205 2116 3260 po-
2222 3205 2318 3246 ces
2351 3189 2672 3259 vindicaret,
2703 3203 2891 3259 regum
2921 3189 3123 3262 pariter
3150 3198 3205 3244 et.
3229 3189 3571 3247 sacerdotum
3601 3191 3687 3261 (ut
3712 3192 3838 3251 duo

527 3282 733 3339 stalare
781 3284 996 3339 videtur
1016 3292 1080 3340 ut
1119 3284 1694 3341 commemorationem
1718 3291 1888 3338 tantae
1920 3284 2112 3339 anima:
2142 3265 2187 3331 ε
2217 3269 2487 3339 testantur
2513 3291 2734 3340 autorcs
2791 3274 2837 3355 l)
2868 3282 3014 3339 clara
3061 3282 3366 3355 progenies.
3398 3281 3571 3350 Quam
3600 3283 3675 3339 ob
3706 3301 3837 3343 rem

527 3388 854 3446 mnsam
899 3391 1009 3432 non
1042 3377 1238 3448 raptim
1265 3375 1533 3440 omittam,
1560 3375 1659 3431 sed
1684 3374 1956 3447 paulisper
1982 3374 2025 3408 ⁸⁸
2042 3374 2111 3429 ad
2216 3393 2325 3434 non
2353 3377 2654 3433 videbimur
2682 3376 2857 3433 aliena
2883 3376 3066 3447 potius
3092 3390 3255 3448 quam
3284 3384 3470 3431 nostra
3499 3380 3576 3432 uti
3610 3377 3833 3446 regula,

527 3480 647 3523 eam
675 3467 773 3524 tibi
793 3468 1137 3534 narrandam,
1167 3468 1319 3526 velut
1355 3470 1690 3539 navigantes,
1717 3468 1764 3525 si
1790 3468 2027 3539 aliquem
2056 3469 2111 3524 in
2213 3477 2486 3526 terrenam
2500 3482 2724 3539 quoque
2742 3466 3081 3525 nobilitatem
3104 3467 3159 3523 in
3179 3467 3597 3539 supradictaDei
3619 3468 3835 3529 famula

527 3558 711 3617 littore
736 3559 919 3618 locum
943 3562 1291 3633 spectabilem
1320 3561 1559 3631 videant,
1580 3577 1690 3619 non
1719 3562 2116 3634 prctervebun—
2214 3562 2571 3635 pradicantes
2601 3580 2616 3617 :
2643 3576 2752 3632 qua
2779 3562 3124 3633 perspicuum
3149 3562 3222 3618 sit
3251 3560 3305 3617 id
3337 3574 3557 3632 quoque
3584 3562 3657 3617 ad
3676 3577 3824 3634 ope-

526 3657 636 3723 lur,
661 3654 761 3713 aed
804 3655 1099 3713 contractis
1123 3656 1397 3729 paululum
1425 3655 1589 3724 velis,
1615 3663 1709 3712 aut
1731 3655 1958 3725 remigio
1981 3669 2113 3725 ναι-
2213 3657 2291 3713 ris
2318 3656 2403 3712 sui
2431 3656 2659 3727 gloriam
2685 3655 2973 3713 Dominum
2999 3656 3316 3724 contulisse,
3345 3671 3456 3728 quo
3488 3659 3661 3728 magis
3689 3674 3833 3716 ωας

527 3745 691 3804 dente
744 3756 972 3821 poscunt
1016 3747 1205 3805 oculos
1241 3748 1485 3805 intuendi
1520 3763 1702 3815 mora;
1733 3748 1808 3803 ita
1845 3747 2113 3805 sermonis
2215 3747 2537 3806 funderetur
2563 3750 2667 3805 iste
2694 3748 2951 3817 mundus,
2987 3749 3081 3820 qui
3115 3750 3312 3806 talibus
3340 3749 3514 3805 titulis
3532 3750 3830 3820 gloriatur,

527 3842 633 3897 mei
677 3856 894 3898 cursum
918 3841 1292 3912 detorqueam,
1324 3855 1436 3912 quo
1464 3843 1625 3897 etiam
1660 3842 1860 3897 illustri
1891 3840 1965 3896 illi
1993 3855 2113 3896 ma-
2216 3853 2278 3899 ut
2303 3858 2416 3915 quo
2444 3849 2655 3900 vanitas
2691 3844 2972 3902 hominum
3001 3843 3071 3899 ad
3107 3851 3441 3901 contemtum
3490 3844 3586 3900 Dei
3628 3844 3832 3913 utitur,

529 3933 665 3989 teris
694 3939 752 3990 et
775 3934 1087 4005 eloquentia
1130 3934 1268 3991 libro
1318 3943 1413 3991 tuo
1453 3934 1626 3991 vicem
1670 3933 1903 4005 aliquant
1930 3933 2117 3990 videar
2214 3937 2319 3993 ista
2346 3936 2529 4008 potius
2555 3936 2623 3991 ad
2650 3943 2982 3993 contemtum
3011 3936 3195 3991 mundi
3217 3942 3462 3993 uteretur
3490 3954 3504 3990 :
3537 3936 3706 3992 simul
3766 3947 3831 3996 ut

526 4025 777 4095 reddere,
798 4027 845 4084 si
872 4027 1127 4085 feminam
1156 4026 1469 4085 inferiorem
1487 4044 1642 4097 sexu,
1661 4027 1951 4085 virtutibus
1966 4025 2114 4082 Μαι·-
2216 4028 2393 4099 major
2415 4029 2667 4085 salutaris
2707 4029 2941 4101 exempli
2982 4020 3303 4102 proderetur
3340 4030 3604 4086 autoritas
3640 4031 3834 4088 humi-

525 4118 622 4182 tini
642 4116 860 4177 Christo
902 4120 1227 4177 militantem
1281 4134 1612 4192 prosequar,
1658 4134 1777 4191 quae
1804 4119 2115 4176 consulibus
2217 4118 2415 4176 liandis
2437 4121 2796 4193 superborum
2841 4122 3032 4189 octtlis,
3062 4122 3260 4179 mulier
3283 4122 3514 4180 celsiore
3545 4124 3722 4194 gradu
3756 4126 3835 4186 ad

525 4210 641 4266 avis
663 4211 882 4281 nobilis,
908 4211 1232 4270 nobiliorem
1260 4226 1323 4269 se
1349 4218 1627 4269 contemtu
1651 4225 1931 4283 corporea:
1960 4210 2115 4267 nobi—
2217 4211 2540 4270 liumilitatis
2568 4213 2773 4269 cultum
2800 4215 2873 4270 ob
2900 4229 3142 4270 amorem
3182 4212 3381 4270 Christi
3410 4214 3623 4285 deiecta
3651 4219 3833 4275 subli-

513 4298 690 4357 slitatis
710 4302 882 4360 dedit.
2216 4305 2378 4362 miter
2398 4315 2456 4372 ις
2499 4314 2559 4361 ut
2584 4306 2734 4362 viros
2750 4306 2966 4363 desides
2987 4306 3038 4361 in
3067 4306 3279 4364 inﬁrmo
3296 4322 3431 4363 sexu
3449 4310 3607 4365 fortis
3627 4323 3832 4381 argue.

587 4389 648 4449 7.
687 4387 892 4465 Opinor
911 4406 1092 4452 autem
1111 4396 1298 4453 et'boc
1318 4395 1385 4452 ad
1414 4397 1685 4453 cumulum
1707 4394 1904 4453 divmm
1929 4397 2116 4467 gratia:
2217 4406 2321 4465 ret,
2348 4407 2667 4469 arrogantes
2710 4398 2763 4455 in
2808 4414 2943 4455 sexu
2974 4408 3204 4470 utroque
3231 4414 3493 4471 personas
3519 4413 3831 4474 pauperata

524 4485 817 4558 pertinere,
844 4487 993 4558 quod
1035 4488 1382 4544 sanctitatem
1420 4486 1746 4544 laudandam
1773 4489 1842 4546 de
1870 4488 2117 4545 laudibus
2218 4488 2389 4557 dives,
2420 4498 2475 4545 et
2497 4490 2692 4545 nobilis
2713 4491 2991 4547 humiliata
3017 4490 3398 4549 confunderet.

509 4578 738 4647 generis
776 4578 1078 4649 praedicare
1116 4578 1321 4636 ordior.
1343 4578 1461 4637 Sed
1481 4579 1631 4635 hunc
1676 4580 1922 4637 ordinem
1948 4596 2058 4637 non
2080 4596 2114 4634 a
2288 4582 2349 4640 8.
2377 4584 2537 4657 ιοο
2553 4583 2720 4654 Igitur
2738 4585 3049 4643 Marcellino
3075 4586 3300 4643 consule
3317 4602 3423 4644 avo
3451 4587 3548 4661 (γ.
3564 4603 3620 4645 ιι.
3640 4590 3753 4645 129
3771 4593 3819 4661 ),

506 4669 807 4741 rhetoricis
829 4670 1088 4730 institutis
1106 4670 1296 4741 M3833.
1316 4686 1481 4742 Quam
1499 4671 1571 4727 de
1593 4672 1916 4742 evangelicis
1934 4686 2116 4729 exem-
2137 4667 2192 4730 D
2214 4676 2283 4733 dc
2297 4678 2503 4734 ambitu
2521 4678 2736 4748 generis
2753 4686 2811 4733 et
2822 4693 2988 4750 opum
3007 4679 3159 4749 luxu,
3170 4681 3225 4736 in
3238 4682 3443 4738 teneris
3454 4682 3634 4740 adhuc
3653 4687 3827 4742 annis

514 4763 627 4836 piis
657 4762 907 4836 usurpari
928 4764 1274 4821 doctissimus
1302 4763 1478 4821 Lucas
1507 4775 1533 4802 ι
1553 4765 1688 4821 mihi
1716 4766 1869 4823 testis
1891 4773 1994 4832 est,
2024 4765 2117 4836 qui
2225 4769 2440 4840 nuptias
2466 4785 2646 4840 passa,
2677 4778 2734 4827 et
2760 4770 2912 4828 brevi
2930 4780 3131 4840 mater,
3157 4773 3255 4830 sed
3281 4788 3349 4831 ea
3378 4773 3641 4832 felicitate
3668 4793 3832 4834 mor-

516 4854 781 4927 "Baptistae
798 4856 946 4911 beati
964 4855 1220 4911 meritum
1247 4856 1319 4912 ab
1343 4857 1566 4927 originis
1589 4856 1834 4913 claritate
1863 4856 2109 4913 detexit:
2221 4862 2409 4917 talium
2436 4879 2546 4919 non
2575 4863 2796 4932 longum
2821 4862 2910 4935 (id
2926 4873 3014 4920 est
3038 4865 3167 4920 diu.‘
3192 4864 3260 4922 γ.
3283 4876 3454 4934 carm,
3484 4864 3577 4933 52,
3608 4886 3663 4924 v.
3692 4867 3835 4945 593)

522 4955 582 5004 ot
624 4962 696 5005 ne
728 4955 945 5003 tantum
995 4948 1234 5005 historia:
1276 4947 1453 5018 gratia
1502 4964 1628 5005 eum
1662 4948 2114 5006 commemorasse
2219 4955 2391 5028 potita
2417 4964 2522 5021 est,
2550 4971 2622 5011 ne
2648 4955 2741 5012 diu
2768 4965 2982 5014 terrena
3003 4957 3273 5028 diligeret.
3304 4958 3438 5015 Nam
3467 4965 3834 5033 prateralias

523 5038 802 5097 existimes
838 5040 1073 5097 nobilem
1116 5039 1381 5125 Dominici
1424 5042 1772 5112 prmeursoris
1811 5050 2110 5114 parentem,
2218 5040 2479 5105 orbitates
2515 5064 2649 5121 quas
2694 5051 2849 5106 irrito
2879 5052 2923 5083 “
2969 5052 3023 5107 in
3068 5050 3267 5108 fetibus
3304 5053 3565 5111 abortivis
3630 5057 3832 5118 labore

518 5132 829 5190 veneranda
855 5132 1049 5206 priscae
1082 5133 1241 5207 179
1268 5134 1566 5190 nobilitatis
1593 5134 1856 5206 insignia,
1880 5145 1937 5193 et
1954 5153 2110 5194 suum
2218 5144 2395 5200 adhuc
2429 5145 2626 5200 marito
2666 5145 2935 5217 participe
2952 5145 3176 5203 deﬂevit
3194 5188 3210 5215 ,
3234 5147 3307 5203 ita
3335 5149 3509 5204 erevit
3559 5155 3832 5211 aerumnis

521 5220 718 5299 cuique
750 5233 980 5284 attituma
1006 5228 1300 5315 connectit,
1345 5228 1532 5285 dicens
1563 5230 1881 5286 sacerdotem
1906 5228 2113 5287 Zacha-
2219 5244 2280 5292 ut
2304 5236 2441 5293 duos
2463 5234 2600 5293 filios
2617 5236 2675 5292 et
2701 5237 2954 5294 maritum
2975 5241 3116 5294 intra
3137 5238 3263 5295 mni
3278 5247 3496 5313 tempus
3517 5243 3823 5315 amitteret;

520 5322 749 5378 riantda
782 5324 890 5377 rice
929 5321 1130 5377 Abicit.
1157 5313 1335 5378 Credo
1372 5330 1432 5377 ut
1470 5336 1540 5378 ex
1565 5322 1770 5395 eoipao
1790 5322 2107 5394 dignitatem
2214 5330 2376 5387 unico
2407 5339 2612 5386 tantum
2640 5330 2741 5387 sibi
2790 5329 3016 5402 parvulo
3071 5331 3138 5387 ad
3186 5334 3506 5390 memoriam
3557 5338 3745 5408 potius
3781 5313 3824 5374 ιέ

520 5412 704 5470 meriti
731 5414 849 5485 ejus
893 5411 1226 5481 ostenderet,
1256 5412 1519 5483 adjiciens
1546 5430 1744 5471 nomen
1773 5432 1842 5472 ex
1889 5417 2108 5485 infulis,
2213 5423 2472 5494 quam‘ad
2518 5424 3019 5495 compensationem
3060 5423 3350 5482 affectuum
3396 5426 3535 5484 dere
3553 5428 3682 5486 icto.
3709 5430 3825 5493 Sed

522 5503 670 5576 quod
696 5504 1048 5578 preculdubio
1071 5506 1124 5562 in
1151 5503 1393 5563 Hebraeis
1420 5513 1565 5562 esset
1603 5507 1834 5579 insigne,
1862 5508 1930 5566 de
1957 5509 2112 5581 cujus
2214 5516 2358 5573 etde
2378 5516 2639 5572 malorum
2658 5527 2969 5573 nostrorum
2989 5518 3309 5587 seminibus,
3330 5534 3523 5576 causas
3542 5522 3822 5582 bonorum

597 5644 786 5731 ’ξιξε-
821 5633 1061 5731 his-"
1098 5643 1230 5731 ιυρ·
1260 5640 1396 5731 ξνβε
1425 5642 1448 5701 ι
1474 5640 1600 5731 Ριξι
1631 5646 1900 5731 nisti:
1981 5663 2004 5691 ο
2033 5651 2124 5731 μη

2229 5698 2243 5721 ν
2275 5650 2329 5709 5-
2393 5643 2653 5731 inab“:
2681 5672 2759 5731 "li
2786 5657 2805 5711 ¹
2837 5673 2851 5723 ξ
2882 5654 3073 5731 Mill-3h-
3102 5674 3177 5723 ιι»
3216 5655 3281 5727 9;
3312 5659 3479 5720 Marc.
3513 5678 3549 5731 t,
3577 5661 3643 5731 ας
3679 5663 3816 5727 ωε,

518 5730 616 5786 vn.
645 5716 735 5773 26.
813 5730 837 5756 ι·
866 5715 1058 5774 Iattb.
1089 5734 1129 5784 ι,
1162 5719 1224 5785 i;
1254 5712 1454 5774 Julian.
1492 5733 1530 5786 ι,
1562 5718 1616 5775 l.
1696 5718 1715 5758 τ
1745 5712 1934 5778 Matth.
1967 5739 2007 5789 ι,
2039 5727 2058 5779 l
2086 5742 2100 5791 ;
2130 5712 2260 5783 Luc.
2291 5743 2369 5787 tu.
2389 5725 2480 5780 Β.
2558 5735 2584 5774 6
2616 5712 2758 5783 Psal:
2788 5712 2917 5794 avn,
2940 5726 3029 5784 28.

595 5879 677 5962 (α)
712 5880 795 5943 ιιι
818 5882 950 5942 edit.
980 5881 1166 5943 Scbot.
1199 5882 1385 5943 Recte.
1417 5884 1683 5943 Videnot.
1714 5884 1843 5943 iss.
