4022 6424
535 483 639 545 519

1580 554 1585 557 _
1660 485 1720 544 s.
1760 482 2031 541 meum
2066 478 2317 540 NOLANI
2352 476 2651 539 mscort

531 606 770 677 potentia
784 605 850 661 ad
867 603 1204 661 retinendum
1223 610 1455 668 armata,
1477 601 1810 675 propositum
1830 597 2109 671 impedire,
2139 600 2186 659 Λ
2214 598 2492 670 Neapolim
2514 597 2559 629 ³⁸
2578 595 2768 652 urbem
2793 592 2945 650 brevi
2971 593 3150 667 spatio
3183 609 3218 651 a
3245 593 3451 652 Nolana
3469 636 3487 665 ,
3525 608 3636 667 qua
3660 592 3833 671 degi-

530 709 588 755 et
607 700 754 755 eunti
774 701 994 756 obstare
1012 705 1240 753 conatus
1260 704 1364 753 est.
1384 694 1495 752 Sed
1515 695 1606 750 illa
1626 695 1670 727 "
1693 693 1833 749 ultra
1856 692 2112 748 virtutem

534 792 886 849 tentationum
909 792 1022 862 jam
1050 790 1380 856 corifortata,
1409 791 1485 861 (ιι)
1516 796 1571 858 et
1590 801 1850 858 corporea
1869 793 1927 842 et
1952 785 2118 856 pieta-

535 884 606 940 tis
635 884 865 949 vincula,
896 893 951 940 et
980 898 1173 939 navem
1222 882 1432 939 cunctis
1465 878 1718 936 ﬂentibus
1757 879 1877 935 laeta
1908 876 2071 934 solvit
2096 892 2111 929 :

529 987 951 1048 constanterque
976 990 1265 1047 congressa
1303 974 1552 1032 ﬂuctibus
1596 974 1778 1039 maris,
1810 988 1879 1028 ne
1905 977 2114 1027 tantum

532 1070 696 1128 seculi
722 1070 913 1127 ﬂuctus
961 1071 1224 1137 vinceret,
1253 1068 1558 1137 navigavit;
1585 1073 1644 1121 et
1686 1064 1845 1121 simul
1870 1063 2141 1119 seculum.

532 1162 827 1233 orbemque
868 1170 1238 1228 commutans,
1265 1159 1453 1215 urbem
1502 1156 1835 1214 Hierusalem
1889 1153 2114 1223 spiritali

528 1252 697 1317 dono,
728 1252 782 1307 in
806 1267 913 1324 qua
942 1268 972 1307 a
996 1265 1231 1322 corpore
1253 1248 1704 1322 peregrinaretur,
1734 1247 1925 1314 elegit,
1964 1245 2115 1300 exsul

528 1334 747 1411 civium,
777 1353 837 1403 et
868 1346 1003 1402 civis
1027 1344 1216 1402 eﬂ‘ecta
1261 1351 1571 1399 sanctorum
1614 1350 1662 1395 ι.
1714 1338 2012 1395 Prudenter
2058 1345 2116 1392 et

531 1445 715 1495 sancte
745 1439 798 1493 in
848 1438 947 1494 ista
974 1437 1145 1493 voluit
1170 1437 1376 1492 servire
1400 1448 1521 1506 quae
1570 1433 1756 1501 servit,
1805 1440 1880 1488 ut.
1914 1432 1969 1487 in
2023 1430 2114 1487 illa

527 1529 700 1603 possit
721 1545 949 1602 regnare
976 1545 1097 1603 quae
1126 1529 1299 1585 libera
1313 1536 1417 1586 est.

597 1621 701 1682 HJ,
728 1622 805 1677 De
849 1621 1031 1677 multis
1078 1630 1256 1677 tamen
1307 1618 1363 1676 in
1399 1618 1488 1674 illa
1515 1616 1801 1674 virtutibus
1826 1615 1922 1673 Dei
1950 1632 2114 1672 unam

524 1714 740 1779 saltem,
762 1713 833 1771 de
857 1729 962 1785 qua
984 1712 1102 1784 ejus
1128 1712 1308 1769 omnia
1327 1711 1658 1767 restituentur
1676 1724 1840 1781 opera
1870 1711 1947 1777 ⁸⁵,
1977 1725 2114 1780 prte-

523 1806 738 1874 dicabo.
788 1806 1056 1878 Tempore
1090 1806 1184 1862 illo
1238 1804 1494 1871 Valentis,
1543 1802 1762 1873 quando
1817 1801 2112 1859 Ecclesiam

522 1895 622 1955 Dei
638 1898 747 1955 vivi
774 1898 924 1956 furor
942 1898 1260 1953 Arianorum
1280 1910 1406 1966 rege
1430 1896 1546 1967 ipso
1567 1893 1858 1966 impietatis
1880 1895 2112 1951 satellite

2216 707 2356 755 mus,
2410 691 2632 748 civitate
2655 687 2962 747 distinctam
2991 689 3079 764 (id
3101 697 3183 746 est
3225 689 3553 762 distantem)
3575 689 3831 747 advecta

2215 792 2323 854 est,
2348 784 2437 841 ubi
2474 783 2703 842 ﬁliorum
2729 793 3093 857 nepotumque
3131 799 3357 842 occursu
3402 792 3657 858 excepta,
3682 798 3832 840 mox

2216 878 2407 936 Nolam
2434 879 2503 935 ad
2550 878 2869 936 humilitatis
2912 887 3112 935 nostra:
3151 879 3443 950 hospitium
3482 876 3771 936 festinavit
3806 895 3827 933 :

2216 987 2326 1043 quo
2356 971 2511 1027 nobis
2541 972 2759 1027 advenit
2785 971 3077 1029 ambitioso
3111 972 3500 1029 ditissimorum
3519 974 3829 1045 pignorum

2217 1065 2412 1121 vallata
2432 1066 2710 1121 comitatu.
2745 1064 2985 1120 Vidimus
3004 1064 3230 1133 gloriam
3259 1063 3475 1121 Domini
3503 1065 3557 1121 in
3579 1063 3674 1120 illo
3696 1077 3830 1119 ma-

2217 1158 2315 1213 tris
2325 1165 2380 1212 et
2400 1157 2469 1228 (c)
2485 1158 2714 1211 liliorum
2740 1157 2934 1212 itinere
2956 1156 3174 1227 quidem
3203 1172 3312 1212 uno
3326 1156 3391 1221 ",
3412 1155 3507 1213 sed
3537 1157 3702 1226 longe
3723 1155 3830 1212 di-

2218 1251 2362 1320 spari
2382 1250 2563 1314 cultu;
2600 1265 2784 1305 macro
2818 1250 2963 1305 illam
2991 1258 3049 1306 et
3075 1249 3267 1307 viliore
3293 1251 3475 1307 asellis
3491 1250 3686 1307 burico
3710 1251 3733 1319 (
3744 1248 3825 1307 ν.

2219 1351 2332 1400 not.
2360 1343 2483 1414 150)
2513 1345 2787 1399 sedentem
2809 1352 2926 1400 tota
2953 1344 3111 1415 hujus
3137 1346 3303 1401 seculi
3324 1360 3546 1418 pompa,
3570 1360 3678 1417 qua
3708 1343 3827 1402 ho-

2218 1438 2391 1492 norati
2416 1445 2473 1491 et
2497 1438 2734 1506 opulenti
2755 1444 3007 1508 poteram
3037 1437 3332 1493 circumﬂui
3376 1446 3658 1494 senatores
3678 1453 3828 1509 pro-

2214 1527 2602 1596 sequebantur.
2632 1529 2869 1583 carrucis
2924 1530 3265 1596 nutantibus=
3298 1529 3594 1600 phaleratis
3629 1530 3821 1600 equis,

2215 1621 2418 1675 auratis
2442 1620 2678 1690 pilentis,
2695 1629 2752 1678 et
2769 1624 3037 1693 carpentis
3068 1623 3330 1693 pluribus,
3354 1631 3606 1693 gemente
3630 1624 3824 1696 Appia

2217 1714 2296 1783 (id
2318 1723 2395 1768 cst
2423 1714 2506 1770 via
2535 1715 2729 1785 Appia)
2776 1723 2941 1787 atque
2986 1715 3224 1787 fulgente
3255 1720 3390 1775 :sed
3429 1708 3825 1791 splendoribus

2213 1806 2467 1863 vanitatis
2509 1806 2837 1878 prtelucebat
2875 1806 3196 1865 Christiantc
3243 1811 3562 1870 humilitatis
3607 1811 3817 1882 gratia.

2215 1894 2630 1953 Admirabantur
2673 1896 2869 1954 divites
2914 1914 3206 1970 pauperem
3250 1910 3495 1959 sanctam
3525 1921 3543 1958 :
3581 1912 3639 1960 at
3684 1902 3825 1961 illos

523 1992 970 2065 persequebatur,
997 1991 1110 2046 haec
1143 1999 1262 2046 erat
1288 1990 1538 2061 princeps
1564 1988 1649 2044 vel
1675 1988 1947 2059 particeps
1986 2002 2119 2043 cun-
2154 1991 2195 2049 Β
2223 2000 2407 2047 nostra
2428 1992 2713 2063 pauperies
2740 1991 2966 2048 ridebat.
2993 1993 3233 2051 Vidimus
3267 1994 3483 2064 dignam
3512 1994 3627 2053 Deo
3644 1995 3823 2068 hujus

519 2087 624 2144 etis
647 2102 749 2158 pro
789 2086 894 2144 ﬁde
937 2084 1258 2142 instantibus
1282 2084 1349 2138 ".
1400 2081 1523 2139 Haec
1566 2080 1776 2149 fugatos
1795 2082 2108 2154 recipiebat,

521 2186 616 2236 aut
642 2181 1007 2252 apprehensus
1051 2178 1412 2235 comitabatur
1442 2194 1453 2230 ε
1487 2176 1582 2233 sed
1609 2191 1732 2233 cum
1753 2190 1849 2233 eos

518 2279 606 2330 set
626 2272 679 2329 in
705 2272 983 2338 latebram,
1015 2271 1108 2343 qui
1136 2278 1359 2341 propter
1396 2268 1657 2336 insignem
1687 2267 1866 2334 tidem,
1905 2268 2113 2335 majore

520 2373 581 2421 et
626 2364 1004 2422 haereticorum
1033 2362 1161 2419 odio
1188 2361 1596 2423 infestabuntur,
1630 2367 1683 2415 et
1726 2361 2111 2416 orcultantinm

519 2455 598 2529 (ι)
620 2455 1007 2524 detegebantur
1028 2452 1251 2521 invidia,
1272 2453 1420 2522 gravi
1452 2461 1578 2507 tunc
1600 2451 1862 2507 seditione
1883 2450 2107 2507 diaboli.

528 2549 610 2603 cis
637 2546 841 2603 facibus
868 2545 1218 2610 inﬂammata,
1248 2544 1399 2614 quasi
1427 2552 1615 2599 contra
1642 2544 1816 2613 legem
1845 2545 2110 2616 publicam

523 2648 818 2696 contumax
850 2638 1096 2710 protrahi
1120 2653 1183 2694 ac
1212 2639 1321 2708 pati
1344 2638 1491 2706 jussa
1520 2643 1752 2707 est,qu:e
1773 2637 1892 2694 illos
1920 2651 2111 2717 mane:

519 2730 669 2797 bant,
694 2732 797 2788 nisi
839 2731 1070 2804 prodere
1099 2730 1395 2785 maluisset.
1426 2727 1694 2785 Processit
1722 2729 1987 2801 impavide
2011 2745 2118 2799 cus

519 2822 643 2895 pida
690 2823 977 2896 passionis,
1035 2831 1089 2878 et
1136 2822 1328 2892 injuria
1383 2822 1762 2894 publicationis
1802 2821 2107 2886 exsultans,

519 2916 766 2985 quamvis
794 2930 902 2971 non
922 2923 1285 2987 exspectasset
1314 2914 1473 2980 trahi,
1506 2922 1772 2971 tracturus
1797 2913 2111 2970 antevolans

520 3006 588 3061 ad
612 3007 848 3078 judicem
880 3025 893 3061 :
922 3009 1013 3077 qui
1044 3005 1298 3063 confusus
1317 3007 1661 3064 veneratione
1679 3006 1975 3078 prmsentis,
2001 3021 2109 3061 non
2143 3050 2147 3055 .

520 3110 808 3156 exsecutus
856 3108 939 3157 est
994 3099 1319 3156 inﬁdelitatis
1364 3100 1520 3166 iram,
1549 3098 1691 3155 dum"
1720 3098 1845 3155 ﬁdei
1886 3099 2111 3155 miratur

521 3194 820 3252 audaciam.
860 3193 1059 3251 Eadem
1090 3202 1413 3267 tempestate
1450 3210 1548 3266 per
1593 3194 1824 3250 triduum
1871 3193 2109 3265 quinque
2149 3267 2153 3271 ν

520 3286 687 3342 millia
708 3288 1104 3345 monachorum
1149 3287 1429 3343 latentium
1456 3287 1683 3359 panibus
1708 3287 1820 3343 suis
1854 3286 2021 3357 pavit,
2050 3294 2109 3342 ut

2214 2083 2401 2140 mundi
2439 2082 2842 2152 confusionem,
2872 2101 3218 2157 purpuream,
3249 2088 3498 2155 sericam,
3531 2096 3820 2145 auratam-

2212 2191 2320 2245 quc
2345 2176 2736 2247 supellectilem
2760 2178 2955 2249 pannis
2989 2179 3262 2234 veteribus
3287 2187 3344 2234 et
3371 2179 3535 2248 nigris
3562 2179 3821 2236 servien-

2216 2278 2344 2325 tem.
2378 2269 2755 2326 Benediximus
2779 2269 3086 2339 Dominum,
3114 2271 3205 2341 qui
3235 2273 3452 2326 [inutiles
3492 2280 3542 2326 et
3575 2270 3819 2330 excelsos

2215 2363 2342 2432 facit
2373 2362 2450 2433 (di
2476 2364 2736 2433 sapientes
2768 2375 2815 2427 ο,
2837 2367 3119 2419 esurientes
3146 2364 3324 2437 implet
3349 2366 3510 2431 bouis,
3542 2373 3593 2420 et
3620 2365 3817 2422 diuites

2214 2452 2425 2508 dimittit
2454 2454 2634 2509 ictam
2666 2453 2711 2509 ί.
2752 2451 2809 2509 lu
2840 2454 2956 2511 istis
2986 2463 3167 2511 tamen
3214 2455 3472 2513 divitibus
3499 2456 3687 2513 eadem
3718 2455 3817 2515 die

2212 2541 2281 2598 de
2305 2546 2562 2599 maternis
2598 2530 2756 2601 bonis
2791 2560 3082 2617 pauperem
3129 2547 3374 2618 spiritum
3418 2549 3773 2620 stupebamus
3795 2592 3816 2619 ,

2212 2633 2305 2702 qui
2346 2635 2515 2703 magis
2556 2645 2741 2692 sancta
2784 2638 2971 2692 matris
3018 2638 3197 2710 inopia
3249 2654 3412 2708 quam
3454 2656 3563 2696 sua
3606 2640 3816 2698 visibili

2211 2726 2544 2784 abundantia
2589 2729 2976 2799 gloriabantur.
3007 2730 3239 2802 ldipsum
3269 2743 3447 2789 autem
3487 2734 3657 2805 gloria
3691 2731 3817 2791 Do-

2214 2822 2346 2878 mini
2372 2823 2657 2881 videbatur
2673 2827 2907 2896 operari,
2934 2825 3076 2896 quod
3107 2830 3345 2897 egenulze
3373 2838 3572 2885 nostra:
3589 2830 3818 2891 divitias

2214 2912 2269 2968 in
2296 2911 2413 2983 ejus
2443 2912 2563 2970 (iliis
2593 2915 2963 2981 intuebamur;
2996 2927 3056 2973 ut
3093 2919 3207 2986 jam
3233 2920 3357 2975 hinc
3403 2918 3635 2977 fructum
3680 2920 3816 2982 Mei

2211 3019 2324 3062 sum
2342 3013 2583 3079 caperet,
2613 3024 2737 3064 cum
2754 3007 3035 3066 victoriam
3057 3025 3208 3066 suam
3237 3011 3306 3066 de
3334 3010 3494 3082 hujus
3516 3012 3687 3072 seculi
3717 3029 3819 3091 va-

2211 3099 2383 3157 nitate
2420 3100 2538 3171 ipsa
2563 3100 2923 3173 despectant,
2954 3103 3200 3159 cominus
3227 3102 3419 3160 videns
3452 3104 3634 3161 omnia
3678 3119 3817 3177 qua

2213 3199 2436 3264 propter
2459 3191 2733 3250 Christum
2759 3193 3078 3265 reliquerat,
3103 3203 3161 3251 et
3188 3203 3539 3255 contemnere
3569 3199 3654 3271 (ε),
3680 3216 3817 3272 per-

2211 3292 2509 3344 severant.
2549 3283 2630 3342 illi
2655 3286 2891 3355 sericati,
2922 3298 2980 3343 et
3005 3300 3106 3360 pro
3133 3303 3239 3345 suo
3259 3289 3490 3361 quisque
3516 3305 3653 3348 sexu
3680 3297 3820 3363 toga

519 3393 621 3453 per
647 3380 765 3450 ejus
810 3395 1028 3437 manum
1081 3380 1274 3437 iterum
1328 3378 1588 3434 Dominus
1632 3376 1791 3435 Iesus
1825 3378 2109 3450 pristinum
2134 3394 2181 3457 ο
2213 3386 2308 3436 aut
2355 3378 2496 3436 stola
2540 3377 2687 3436 soliti
2730 3379 3192 3451 splendereJllii,
3219 3396 3461 3440 crassam
3486 3382 3631 3439 illam
3657 3384 3820 3441 velut

521 3489 802 3529 numerum
832 3474 883 3529 in
931 3473 1148 3529 deserto
1187 3479 1433 3545 pasceret
1459 3470 1510 3539 ⁵,
1540 3479 1695 3527 tanto
1740 3470 1954 3542 quidem
1983 3480 2111 3527 tunc

522 3565 851 3639 impensiore
891 3567 1175 3624 clementia
1198 3610 1211 3629 .
1241 3575 1442 3636 quanto
1473 3566 1684 3622 minore
1713 3565 1928 3621 licentia
1956 3564 2108 3622 fove—

521 3657 722 3716 bantur
746 3659 965 3728 occulti,
987 3675 1148 3730 quam
1180 3659 1252 3714 illi
1292 3659 1587 3729 quondam,
1610 3660 1701 3730 qui
1729 3659 1797 3715 ad
1825 3658 2108 3716 Dominum

521 3750 824 3807 voluntarie
853 3752 905 3806 in
930 3750 1177 3808 libertate
1204 3759 1259 3805 et
1284 3766 1418 3823 pace
1444 3759 1827 3821 convenerant.
1860 3749 1969 3807 Sed
1996 3751 2110 3807 htec

523 3858 625 3901 nec
647 3844 829 3899 timida
861 3845 1015 3917 133
1037 3843 1385 3913 deprehendi,
1410 3844 1749 3900 interdictum
1768 3858 1957 3900 secura
1983 3859 2116 3916 prte-

522 3932 685 3990 bebat
712 3933 977 4003 omnium;
1010 3951 1111 3991 nec
1140 3935 1328 3990 volens
1370 3935 1537 4003 gloria
1566 3934 1894 4006 operationis
1924 3936 1999 4005 (id
2033 3944 2114 3991 est

521 4027 894 4097 elecmosvnae.
928 4026 993 4085 V.
1027 4038 1140 4083 not.
1166 4026 1255 4099 9t)
1281 4028 1522 4096 agnosci,
1559 4036 1739 4084 tamen
1785 4026 1967 4099 operis
1994 4042 2110 4082 ma-

520 4120 803 4190 gnitudine
833 4121 1163 4193 prodebatur
1194 4138 1208 4175 :
1256 4119 1477 4176 totidem
1506 4120 1647 4191 apud
1676 4118 1920 4176 homines
1961 4104 2114 4176 testis

521 4211 720 4268 moniis
744 4213 998 4283 gloriosa.
1043 4225 1173 4284 quot
1202 4212 1371 4282 pastis
1418 4211 1530 4266 Deo
1554 4213 1793 4267 conscia.
1824 4211 1959 4279 Quid
1999 4213 2111 4268 btec

520 4304 951 4377 meritighabeant
971 4307 1014 4340 ’τ
1036 4305 1397 4362 :ustimcmus?
1413 4302 1544 4359 Cum
1573 4305 1627 4359 in
1648 4304 1870 4359 bis-toria
1899 4303 2111 4370 licinio-

522 4412 639 4451 rum
665 4397 755 4454 ille
782 4398 1105 4464 celebretur,
1135 4400 1227 4470 qui
1256 4396 1600 4452 absconditos
1623 4398 1690 4451 ab
1722 4398 1796 4452 ira
1827 4412 1979 4467 teque
2007 4395 2107 4452 ini-

519 4490 597 4561 pii
640 4492 781 4561 regis
807 4501 1023 4547 centum
1057 4490 1202 4546 viros
1225 4487 1322 4544 Dei
1351 4489 1500 4561 pavit
1524 4504 1543 4528 ·ε
1566 4529 1582 4557 ,
1629 4486 1978 4543 dubitandum
2005 4500 2107 4551 est,

521 4582 663 4640 hanc
689 4584 743 4640 in
770 4598 936 4655 opere
963 4582 1126 4640 simili
1152 4598 1296 4653 saepe
1323 4581 1516 4638 millies
1543 4580 1685 4636 hunc
1714 4597 1993 4636 numerum
2014 4596 2109 4635 su-

523 4691 859 4747 pergressam
882 4676 1115 4733 fructum
1142 4674 1331 4731 fecisse
1359 4673 1711 4729 centesimum
1760 4672 1810 4729 δ.

595 4768 683 4825 i2.
716 4768 941 4849 Reliqua
972 4784 1114 4826 nunc
1143 4768 1257 4837 ejus
1284 4767 1500 4837 negotia
1531 4781 1594 4822 ac
1626 4774 1864 4837 tempora
1908 4766 2107 4821 transi-

2209 3473 2411 3545 spartei
2429 3472 2676 3530 staminis
2701 3472 2968 3541 tunicam;
3009 3474 3181 3531 etvile
3197 3474 3475 3545 palliolum
3499 3476 3819 3546 gaudebant

2211 3580 2375 3621 manu
2424 3573 2665 3633 tangere,
2715 3563 2874 3637 ια
2899 3571 2957 3622 et
3012 3565 3331 3623 vestimenta
3370 3580 3466 3623 sua
3494 3567 3821 3646 velleribus,

2212 3674 2365 3723 auro,
2400 3668 2515 3714 arte
2542 3659 2798 3730 pretiosa,
2830 3658 3059 3729 pedibus
3085 3659 3205 3737 ejus
3252 3660 3622 3729 substernere,
3666 3678 3820 3736 pan-

2214 3752 2405 3822 nisque
2445 3751 2516 3824 (f)
2543 3759 2828 3809 conterere
2853 3751 3190 3821 gestiebant;
3217 3753 3424 3824 expiari
3446 3768 3506 3811 se
3533 3769 3565 3810 a
3593 3753 3814 3812 divitia-

2211 3859 2331 3902 rum
2356 3861 2575 3903 suarum
2595 3845 2850 3915 contagio
2870 3843 3200 3915 judicantes,
3213 3847 3261 3902 si
3279 3861 3441 3917 quam
3458 3846 3526 3904 de
3546 3848 3818 3908 vilissimo

2211 3936 2330 4010 ejus
2386 3938 2600 4003 habitu,
2634 3945 2730 3994 aut
2780 3938 3011 4008 vestigio
3065 3938 3281 3995 sordem
3326 3940 3582 4011 colligere
3627 3957 3815 4002 mere-

2208 4023 2418 4086 rentur.
3632 4055 3640 4064 ~

2253 4194 2256 4199 ἢ
2287 4120 2377 4177 15.
2412 4120 2703 4192 Tugurium
2726 4140 2859 4180 vero
2887 4134 3152 4192 nostrum,
3175 4126 3317 4198 quod
3344 4144 3375 4184 a
3404 4137 3546 4185 terra
3572 4144 3818 4202 suspen-

2209 4228 2332 4271 sum
2370 4214 2673 4282 maculo,
2720 4216 2797 4285 (g)
2821 4230 2927 4270 una
2965 4219 3175 4287 porticu
3217 4218 3426 4274 cellulis
3452 4219 3817 4292 hospitalibus

2212 4306 2552 4377 interposita,
2587 4308 2799 4374 longius
2838 4309 3097 4378 tenditur,
3146 4312 3297 4382 quasi
3324 4311 3603 4369 dilatatam
3632 4316 3815 4384 gratia

2214 4400 2423 4456 Domini
2448 4416 2553 4455 non
2577 4401 2750 4455 solum
2780 4401 2999 4465 sanctis,
3025 4405 3118 4472 qui
3149 4404 3294 4459 illam
3336 4404 3550 4474 plurimi
3578 4409 3815 4466 comita-

2211 4491 2425 4551 bantur,
2474 4491 2569 4547 sed
2594 4491 2754 4546 etiam
2803 4492 3028 4547 divitum
3058 4493 3270 4549 illorum
3312 4496 3547 4553 catervis
3581 4512 3692 4555 non
3725 4500 3813 4573 (Ιι)

2213 4585 2497 4653 ineapaces
2518 4583 2794 4651 angustias
2822 4584 3054 4654 praebuit
3077 4603 3091 4639 :
3120 4588 3172 4641 in
3193 4602 3301 4655 quo
3322 4588 3568 4657 personis
3598 4604 3814 4661 puero-

2210 4690 2328 4731 rum
2358 4689 2423 4729 ac
2446 4675 2708 4743 virginum
2728 4674 2910 4731 choris
2929 4675 3104 4732 vicina
3133 4675 3448 4735 Dominicdii
3476 4682 3649 4738 nostri
3698 4681 3810 4741 Fe-

2205 4763 2330 4820 licis
2357 4765 2588 4821 culmina
2619 4766 2972 4823 resultabant.
3001 4766 3186 4839 Neque
3213 4786 3245 4823 e
3271 4770 3490 4827 diverso
3511 4772 3813 4832 habitatio-

524 4863 634 4919 libo
662 4846 743 4931 ",A
761 4872 815 4917 et
842 4831 945 4917 lioc
998 4831 1188 4932 ipsum
1220 4875 1329 4931 quo
1357 4831 1402 4892 ;’
1450 4873 1698 4914 remeans
1723 4831 2016 4924 navigavit,
2047 4866 2107 4913 ut
2138 4831 2183 4890 θ
2212 4856 2297 4913 uis
2315 4855 2575 4926 ejusdem,
2607 4856 2814 4914 dissoni
2848 4856 2976 4914 licet
3002 4831 3301 4930 proposito,
3328 4861 3572 4931 hospites
3591 4831 3808 4921 obstre-

524 4970 739 5013 cursum
779 4956 945 5027 ipsius
981 4954 1223 5021 mmuler,
1255 4952 1631 5016 transl'rctabo,
1668 4965 1777 5020 quo
1804 4950 1960 5005 citius
1987 4962 2105 5005 ser-

525 5064 741 5104 monem
766 5063 945 5104 meum
966 5047 1017 5102 in
1046 5046 1163 5113 ejus
1181 5044 1247 5100 ad
1276 5061 1377 5101 nos
1411 5045 1643 5099 adventu
1666 5035 1986 5113 caponendo
2005 5044 2105 5098 de-

525 5140 825 5204 terminem,
861 5139 913 5195 in
942 5154 1050 5209 quo
1102 5149 1305 5207 magna:
1346 5135 1438 5190 Dei
1483 5136 1669 5205 gratia:
1709 5143 1983 5203 spectator
2007 5133 2100 5190 fui.

598 5263 624 5294 ⁸
661 5252 859 5325 Ephes.
886 5254 1054 5323 11,19.
1131 5252 1159 5294 δ
1200 5252 1383 5308 Matth.
1417 5267 1535 5320 xrv,
1577 5249 1664 5306 21.

595 5389 673 5459 (α’)
705 5388 794 5445 Sic
823 5407 948 5445 mss.
974 5388 1146 5459 Yatic.
1172 5385 1399 5442 etV’ien.
1434 5401 1559 5459 cum
1582 5386 1667 5459 ed.
1696 5384 1845 5441 Grin.
1872 5386 1937 5442 At
1973 5388 2101 5443 editi

524 5456 677 5526 Badg
709 5459 872 5516 Grav.
895 5469 949 5517 et
968 5458 1245 5526 Saccbin.,
1275 5475 1504 5531 corpore.
1535 5456 1652 5531 Alii,
1684 5474 1960 5531 torporem.

597 5533 673 5601 (ιι)
714 5532 787 5586 ita
819 5549 918 5587 ms.
948 5531 1229 5586 Vaticanus
1258 5530 1447 5584 codex.
1480 5529 1600 5596 Alii,
1636 5529 1960 5599 trgebuntur.

600 5616 671 5668 {vi
713 5602 800 5659 Sir
821 5603 1220 5658 emendavimus
1249 5617 1312 5656 cx
1354 5616 1454 5656 ms.
1483 5602 1668 5656 codice
1696 5601 2017 5658 Viennensi:
2052 5602 2105 5659 id

524 5670 615 5731 est
630 5677 769 5730 unici
803 5669 892 5729 lilii
923 5686 1283 5744 nrpotumqtte
1323 5671 1549 5744 duorum
1579 5673 1816 5727 Melania?
1843 5674 2103 5744 snpersti—

528 5758 659 5811 tum,
684 5756 736 5801 ut
770 5742 1274 5803 testaturi’alladins
1307 5745 1358 5797 in
1402 5742 1654 5801 Lausiara
1682 5760 1800 5813 cap.
1839 5742 1952 5799 H7.
2000 5746 2099 5798 Alii

527 5817 739 5873 codices
793 5817 1066 5880 mendose,
1118 5815 1811 5889 ῥιίιινυπιηεςᾷιιιιτιιςιίυιιριιι
1863 5829 2098 5889 nostram

568 5898 784 5944 malet-ea
836 5888 1198 5945 antecedentia
1253 5897 1307 5941 et
1355 5886 1731 5957 subsequentia
1760 5887 2094 5945 conﬁrmant.

578 5960 663 6017 ide
683 5963 838 6037 epist.
865 5959 934 6015 45
960 5959 1023 6015 ad
1041 5959 1415 6032 Augusuoum,
1446 5970 1593 6016 num.
1629 5958 1682 6018 2.

1744 5262 1767 5289 ε
1797 5248 1862 5304 Ill
1894 5248 2025 5319 Reg.
2060 5264 2207 5316 xviii,
2243 5246 2329 5305 l3.
2404 5247 2429 5287 ά
2461 5248 2647 5303 Matth.
2682 5265 2794 5317 xm,
2824 5249 2877 5307 8.

2211 4949 2442 5022 pebant;
2472 4951 2566 5005 sed
2609 4957 2665 5005 et
2694 4950 2748 5006 in
2777 4949 2882 5006 illis
2909 4934 3157 5021 réligiosa
3203 4952 3465 5009 modestia
3494 4956 3811 5014 imitabatur

2213 5048 2413 5098 nostrae
2432 5041 2703 5097 silentium
2732 5040 3061 5112 disciplinac;
3085 5052 3143 5099 ut
3173 5045 3215 5098 si
3246 5042 3646 5104 dissimularent
3668 5065 3807 5106 con-

2206 5133 2389 5189 cinere
2416 5132 2778 5201 vigilantibus,
2810 5134 3180 5207 pigroventre
3210 5138 3370 5206 supiti
3394 5179 3410 5204 ,
3459 5145 3641 5193 tamen
3693 5156 3808 5197 non

2959 5261 2980 5288 ι’
3010 5248 3185 5320 llteg.
3214 5267 3268 5316 ιι,
3295 5250 3346 5306 7.
3438 5253 3455 5292 ί
3484 5254 3614 5309 Luc.
3638 5271 3680 5319 ι,
3710 5254 3804 5315 53.

2281 5387 2358 5456 (dt
2387 5388 2503 5442 Vox
2533 5390 2789 5458 sapientes
2810 5391 2962 5446 abest
3003 5408 3032 5447 a
3078 5407 3176 5447 ins.
3206 5393 3393 5450 codice
3423 5395 3577 5450 Vien.

2279 5462 2346 5524 te)
2552 5460 2679 5529 Reg.
2715 5472 2769 5516 et
2798 5461 2977 5542 Viern,
3009 5479 3317 5532 perseuerat.
3351 5465 3609 5534 Legemm
3630 5509 3647 5534 ,
3679 5486 3805 5543 per.

2207 5533 2489 5587 sevcrabat.
2956 5538 2960 5542 '

2279 5602 2459 5684 (filia
2486 5620 2582 5657 ms.
2624 5602 2889 5684 Vat_ic._et_.
2916 5605 3163 5662 Smschiu.
3199 5614 3430 5666 laieutc.
3456 5624 3555 5663 ins.
3592 5609 3789 5684 Regio,

2208 5674 2312 5730 Ms.
2335 5675 2508 5737 \‘ienn
2542 5680 2757 5735 rerum.
2788 5677 2912 5745 Alii,
2941 5688 3225 5745 taliter/ere.

2280 5749 2365 5819 (gl,
2396 5746 2482 5802 Sic
2513 5764 2635 5802 lib“.
2672 5749 2803 5819 Reg.
2834 5742 3071 5804 ctrl'ieu.
3091 5742 3336 5807 “codices
3374 5768 3494 5809 cum
3546 5757 3708 5811 editis
3739 5754 3795 5814 4.

2210 5816 2319 5874 Ed:
2353 5816 2830 5891 [insunirwnurulo
2855 5838 2977 5885 uno,
3006 5825 3222 5891 porticu.
3673 5853 3679 5859 η

2279 5894 2357 5979 (μ)
2395 5890 2521 5979 dies.
2548 5890 2680 5979 Reg.
2703 5902 2759 5979 et
2792 5890 2941 5979 Victi.
2967 5890 3087 5950 cum
3111 5894 3196 5953 ed.
3218 5892 3402 5961 Gram,
3427 5912 3528 5952 non
3551 5914 3797 5979 colloces,

2208 5963 2367 6025 male.
2395 5960 2527 6021 Vide
2556 5960 2931 6041 pimcedcntia.
