4022 6404
141 598 342 674 positi:
372 611 484 669 quo
522 590 736 667 placitis
779 584 1126 661 psallentium
1172 582 1398 640 vocibus
1434 596 1746 652 compresso

141 693 471 755 seeuiarium
518 688 800 745 turbarum
842 681 1094 748 tumultu,
1126 679 1293 737 etiam
1316 679 1467 737 taciti
1488 677 1746 734 concine-

141 793 293 851 baut.
320 789 531 846 Verum
558 795 618 843 ut
649 784 716 840 ad
755 783 1051 857 perfectam
1082 776 1297 834 Domini
1326 775 1632 833 columbam
1665 787 1751 826 rc-

143 897 386 947 cumm,
417 879 554 937 scito
584 893 729 935 nunc
758 877 914 933 istam
939 882 1143 930 tantam
1177 871 1231 928 iu
1259 885 1393 926 sexu
1422 864 1751 924 inﬁrmitatis
1802 905 1806 909 .

142 978 405 1034 virtutem
433 972 554 1041 Dei,
583 972 669 1028 cui
694 968 916 1025 refectio
945 967 1000 1022 iu
1023 963 1253 1036 jejunio.
1283 963 1500 1035 requies
1523 963 1574 1016 in
1623 975 1750 1015 ora-

145 1071 317 1140 tione,
348 1068 508 1142 panis
528 1067 584 1122 in
605 1065 792 1129 verbo,
825 1063 1041 1119 habitus
1071 1061 1125 1116 in
1153 1075 1353 1130 panno,
1383 1059 1556 1114 lectus
1583 1057 1636 1111 in
1658 1069 1751 1110 sa-

143 1162 268 1234 gqu
308 1169 370 1218 et
399 1167 656 1228 centone,
681 1155 846 1212 durus
893 1155 951 1211 in
978 1160 1122 1209 terra
1171 1151 1230 1207 lit
1258 1150 1436 1207 mollis
1461 1151 1513 1204 in
1532 1147 1750 1221 glittera,

144 1269 249 1325 qua
280 1250 449 1324 rigidi
472 1250 667 1309 cubilia
713 1249 963 1319 injuriam
1009 1245 1222 1314 mitigat
1249 1243 1499 1301 lectionis
1549 1241 1628 1315 (α)
1655 1255 1756 1296 vo-

146 1346 360 1418 luptas;
395 1352 453 1400 et
479 1349 681 1399 saneta.-
710 1340 902 1396 animae
923 1339 978 1394 in
1002 1337 1231 1393 Domino
1262 1335 1504 1405 vigilare,
1546 1332 1758 1404 requie-

147 1449 300 1494 scere
328 1444 437 1492 est.
465 1432 618 1490 Hanc
643 1445 773 1501 ergo
797 1428 904 1484 ﬁlia
925 1428 1055 1485 Sion
1079 1427 1340 1483 hactenus
1372 1425 1562 1482 habuit
1580 1434 1634 1480 et
1661 1423 1757 1482 de-

149 1527 372 1595 siderat,
415 1542 559 1583 nunc
607 1522 714 1580 ﬁlia
740 1521 1030 1596 Babylonis
1062 1518 1234 1592 (idest
1266 1517 1459 1574 Roma.
1492 1516 1558 1571 γ.
1591 1516 1750 1587 epist.

151 1621 242 1693 47,
271 1607 330 1677 ιι.
358 1620 412 1687 1,
445 1629 500 1676 et
521 1625 637 1674 not.
669 1613 794 1687 i3l)
827 1613 990 1669 habet
1017 1621 1073 1667 et
1113 1608 1408 1666 admiratur
1437 1627 1450 1662 :
1493 1608 1618 1678 quia
1643 1607 1755 1678 jam

151 1713 345 1787 etipsa
374 1710 504 1767 urbs
531 1710 586 1765 in
613 1706 857 1781 pluribus
887 1703 992 1760 ﬁlia
1021 1703 1154 1759 Sion
1183 1711 1294 1768 est,
1319 1716 1480 1772 quam
1515 1700 1618 1754 lilia
1656 1699 1756 1753 Ba-

153 1806 402 1882 bylonis;
446 1810 504 1860 et
533 1801 655 1857 ideo
699 1799 927 1855 miratur
955 1797 1010 1852 in
1057 1795 1376 1852 humilitatis
1431 1795 1663 1850 obscuro
1702 1801 1757 1848 et

1516 372 1856 433 EPISTOLA
1892 367 2056 427 XXX.

139 505 406 566 auderent
429 501 536 576 piis
563 499 787 558 vocibus
814 494 1118 560 dissonare,
1166 491 1310 548 ﬁdeli
1340 491 1536 547 timore
1582 505 1740 546 com-
1768 495 1820 555 Α

3346 367 3456 428 εει

2347 483 2677 542 EPISTULA
2777 484 2920 542 XXX

1857 576 2145 654 Imaginem
2179 577 2390 654 Paulini
2438 578 3051 654 Severuspostulat-erat.
3083 583 3348 654 Castigala
3381 581 3450 654 ii-

1923 649 2027 724 litis
2060 650 2408 724 immoderata
2430 723 2433 724 ν
2456 649 2826 714 benevolentia,
2878 654 3148 708 occasione
3196 649 3454 724 ejusmodi

1923 722 2206 793 petitionis,
2234 739 2395 793 quam
2419 723 2686 793 ingeniose
2711 724 2896 793 eludit,
2943 725 3008 778 de
3052 722 3264 781 nomine
3311 728 3450 780 inte-

1925 792 2066 848 riore
2092 792 2528 864 atqae'exteriore
2555 794 2805 864 disputat.

1923 901 2129 962 Sancto
2143 904 2314 963 fratri
2333 914 2392 963 et
2420 907 2680 965 unanimo
2703 906 2918 966 Ssvsao
2947 907 3236 967 Pssumus.
3289 941 3296 946 -

1929 1021 1982 1078 1.
2023 1020 2194 1080 Beato
2214 1023 2479 1096 Apostolo
2507 1023 2708 1081 dictum
2737 1033 2821 1080 est
2849 1043 2863 1080 :
2888 1023 3072 1080 Multa
3099 1028 3286 1082 littera!
3315 1036 3362 1081 te
3384 1029 3454 1083 ad

1855 1115 2122 1172 insaniam
2149 1117 2507 1188 perduxerunt
2535 1128 2581 1171 ι.
2624 1117 2682 1173 In
2713 1133 2822 1188 quo
2853 1119 3067 1175 illorum
3089 1135 3218 1176 vera
3247 1121 3458 1178 insania

1857 1217 2102 1283 apparet,
2127 1209 2324 1281 quibus
2344 1211 2609 1280 sapientia
2639 1211 2757 1276 Dei,
2784 1226 2944 1281 quam
2969 1209 3168 1268 Paulus
3197 1211 3457 1282 loqueba-

1860 1311 1948 1359 tur
1976 1299 2026 1368 δ,
2057 1301 2286 1358 stultitia
2313 1311 2432 1358 erat
2458 1320 2472 1356 :
2503 1303 2631 1373 quia
2657 1304 2807 1359 vacui
2837 1301 2940 1359 fide
2969 1305 3210 1361 veritatis
3259 1305 3458 1362 intelli-

1857 1410 1987 1466 gere
2017 1411 2129 1453 non
2155 1399 2508 1454 merebantur
2534 1399 2853 1470 sapientiam
2913 1399 3007 1456 Dei
3046 1398 3341 1457 Christum.
3391 1403 3460 1460 At

1861 1507 1961 1563 ego
1981 1495 2229 1566 quamvis
2252 1495 2489 1568 propitio
2518 1494 2735 1551 Christo
2764 1495 2832 1550 ab
2863 1494 3075 1552 illorum
3097 1511 3328 1569 persona
3349 1497 3460 1554 dis-

1859 1605 2098 1662 crepem,
2151 1607 2384 1664 quorum
2430 1590 2733 1648 iuﬁdelitati
2791 1593 3029 1649 insanire
3074 1594 3164 1650 ille
3213 1597 3462 1653 sanitatis

1860 1683 2118 1752 magister
2136 1681 2216 1756 (S.
2243 1669 2440 1741 Paulus
2471 1685 2637 1755 V.ep.
2664 1686 2750 1752 50,
2782 1703 2834 1742 n.
2863 1685 2916 1758 5)
2943 1686 3254 1744 videbatur:
3280 1698 3461 1748 tamen

1860 1777 2232 1834 unanimitatis
2253 1778 2489 1844 licentia,
2515 1794 2634 1849 quae
2659 1779 2790 1834 mihi
2815 1790 2990 1836 tecum
3011 1780 3078 1836 de
3106 1783 3462 1842 unanimitate

152 1871 403 1955 «multis
423 1895 543 1950 hoc
563 1891 853 1956 vivemem’
877 1897 932 1944 ει
953 1886 1082 1944 ﬁdei
1103 1888 1450 1945 mmmam
1478 1887 1756 1953 ἀίγίιξδυε,
1791 1900 1836 1959 Β
1864 1871 1986 1927 ﬁdei
2015 1881 2098 1929 est
2127 1874 2326 1930 arctior
2351 1875 2392 1943 ⁸,
2423 1876 2698 1946 usurpabo
2728 1877 2901 1945 verbi,
2941 1895 3051 1933 non
3080 1881 3243 1935 animi
3269 1881 3464 1938 simili-

154 1989 529 2062 angustiarum
549 1984 743 2056 solatia
771 1981 1096 2056 pauperibus
1123 1980 1554 2044 ministrantem;
1575 1995 1762 2049 quatu-

155 2095 320 2155 quam
350 2080 442 2135 illa
464 2077 664 2150 quietis
691 2085 750 2144 et
775 2075 994 2131 latebra:
1022 2088 1134 2130 sum
1155 2071 1302 2144 apud
1340 2071 1675 2128 Hierusalem
1704 2074 1760 2126 in

158 2173 425 2232 Romanis
465 2169 630 2226 modo
681 2167 850 2224 turbis
889 2175 1147 2232 :estuans,
1198 2164 1396 2219 clamet
1430 2181 1444 2215 :
1478 2163 1596 2217 Heu
1638 2163 1760 2218 me!

159 2266 296 2341 quod
337 2264 596 2321 incolatus
649 2278 789 2317 metu
844 2260 1197 2332 prolongatus-
1240 2266 1327 2312 est.
1352 2255 1552 2312 ldeone
1595 2256 1758 2312 dilata

160 2374 306 2428 sum,
336 2365 398 2412 ut
434 2371 577 2410 nunc
605 2353 891 2409 habitarem
938 2369 1052 2406 cum
1101 2348 1452 2405 habitantibus
1499 2350 1670 2405 Cedar
1700 2351 1763 2404 ⁸2

161 2449 276 2507 Hoc
304 2447 452 2504 enim
485 2445 704 2501 nomine
744 2443 884 2515 apud
914 2441 1188 2508 Hebraeos,
1223 2449 1281 2496 ut
1307 2445 1566 2513 comperi,
1598 2445 1764 2512 signi-

163 2541 360 2598 ﬁcatur
381 2540 703 2596 obscuritas.
737 2535 915 2606 Quare
941 2537 1015 2591 ita
1037 2535 1114 2590 illi
1134 2535 1509 2604 gratulandum
1555 2536 1622 2592 de
1649 2551 1790 2612 uie-5

163 2633 393 2692 moratis
417 2630 705 2687 virtutibus
726 2635 876 2700 puto,
899 2637 957 2684 ut
975 2627 1044 2683 de
1064 2627 1312 2698 praesenti
1334 2628 1464 2684 sede
1486 2628 1762 2693 timeatur,

165 2734 224 2783 ut
269 2731 383 2780 tam
412 2723 635 2794 insignis
657 2722 835 2776 anima
874 2721 994 2792 plus
1024 2718 1209 2774 Romae
1243 2719 1488 2775 conferat
1517 2734 1677 2792 quam
1699 2719 1767 2774 de

165 2819 342 2877 Roma
368 2817 553 2872 trahat
584 2832 597 2864 τ
628 2821 684 2871 et
703 2815 782 2870 sic
819 2814 996 2869 sedeat
1030 2829 1185 2884 super
1213 2812 1433 2883 ﬂumina
1459 2810 1764 2885 Babylonis,

164 2922 221 2970 stt
232 2909 536 2968 recordetur
557 2907 688 2965 Sion
706 2904 767 2973 ι’;
804 2915 860 2963 et
885 2919 1090 2975 organo
1118 2905 1362 2975 corporis
1385 2905 1469 2962 sui
1503 2919 1769 2977 suspenso

165 3005 234 3064 ab
260 3003 495 3062 inimicae
537 3000 786 3057 omnibus
820 2997 1112 3072 Babylonis
1144 2997 1352 3056 insidiis
1392 3005 1448 3055 et
1477 2997 1767 3066 illecebris,

166 3099 222 3155 in
268 3096 356 3154 sui
391 3092 658 3167 propositi
704 3100 914 3155 tenore,
947 3089 1094 3144 velut
1138 3088 1194 3144 in
1248 3088 1504 3146 salicibus
1533 3089 1770 3162 genuino

167 3202 387 3260 semper
409 3187 456 3218 “
477 3185 703 3241 humore
736 3181 1038 3237 viventibus
1067 3179 1365 3236 constituta
1403 3181 1564 3254 185
1592 3179 1771 3237 virere

1865 1963 2127 2032 tudinem,
2159 1974 2217 2031 ut
2237 1967 2409 2022 dicam
2439 1986 2450 2021 :
2484 1965 2704 2035 Severe,
2741 1971 2811 2024 mi
2843 1969 3067 2041 Severe,
3096 1973 3265 2028 multa
3293 1982 3346 2030 te
3373 1993 3466 2033 ca-

1864 2060 1995 2114 ritas
2045 2076 2184 2129 pene
2240 2061 2466 2116 delirum
2495 2060 2640 2127 facit,
2663 2069 2716 2116 et
2746 2063 2887 2117 circa
2915 2079 3021 2130 me,
3046 2080 3157 2123 non
3184 2066 3255 2139 (ε)
3285 2077 3462 2136 aetate,

1864 2150 1956 2206 scd
1975 2167 2135 2206 sensu
2152 2153 2433 2223 parvulum
2463 2161 2630 2222 tuum,
2660 2162 2938 2226 tamquam
2961 2173 3093 2214 avus
3109 2160 3250 2214 circa
3282 2177 3463 2218 serunt

1865 2254 2142 2316 nepotem,
2178 2245 2340 2301 nimia
2370 2248 2596 2318 pietate,
2624 2249 2766 2318 quod
2800 2261 2979 2306 tamen
3002 2267 3134 2323 pace
3165 2255 3466 2326 prudentia:

1867 2345 1973 2392 tua:
1993 2337 2242 2403 dixerim,
2274 2339 2469 2396 stultus
2491 2339 2740 2398 eﬂiceris.

1939 2429 1992 2484 ε.
2012 2428 2148 2498 Quid
2172 2432 2313 2486 enim
2338 2431 2435 2486 tibi
2461 2431 2528 2487 de
2557 2433 2644 2488 illa
2666 2435 2930 2506 petitione
2958 2427 3334 2510 respondeam,
3360 2458 3469 2514 qua

1871 2524 2135 2591 imagines
2163 2533 2376 2580 nostras
2406 2525 2553 2594 pingi
2581 2526 2676 2581 tibi
2702 2527 2953 2599 mittique
2972 2528 3215 2600 iussisti?
3233 2533 3473 2594 Obsecro

1870 2618 2051 2688 itaque
2094 2633 2190 2688 per
2237 2619 2444 2673 viscera
2477 2621 2736 2686 caritatis,
2764 2636 2884 2692 quae
2915 2624 3116 2681 amoris
3143 2625 3254 2683 veri
3278 2628 3472 2688 solatia

1869 2710 1938 2766 de
1963 2711 2212 2766 inanibus
2239 2709 2428 2766 formis
2456 2713 2635 2782 petis?
2659 2712 2876 2782 qualem
2907 2715 3063 2786 cupis
3087 2725 3146 2773 ut
3191 2721 3472 2779 mittamus

1881 2805 2039 2876 188
2067 2804 2354 2890 imaginem
2380 2795 2512 2860 tibi?
2537 2807 2738 2862 terreni
2768 2807 3020 2878 hominis,
3050 2825 3120 2867 an
3147 2813 3387 2872 omlestis
3413 2812 3474 2872 ίῖ

1873 2896 1998 2953 Scio
2053 2899 2180 2970 quia
2238 2907 2295 2953 tu
2350 2898 2496 2953 illam
2519 2899 2984 2971 incorruptibilem
3013 2905 3250 2975 speciem
3271 2922 3475 2965 concu-

1873 2992 2055 3063 piscis,
2080 3007 2240 3062 quam
2264 2991 2318 3046 in
2342 3001 2394 3046 te
2412 2991 2529 3046 Rex
2554 2993 2791 3048 emlestis
2807 2993 3101 3054 adamavit.
3123 2994 3308 3070 Neque
3327 3001 3474 3060 enim

1874 3086 1977 3141 alia
2026 3093 2210 3156 potest
2261 3086 2359 3140 tibi
2417 3101 2448 3140 a
2500 3086 2657 3142 nobis
2685 3091 2987 3144 necessaria
3018 3106 3162 3160 esse,
3191 3108 3353 3164 quam
3381 3095 3476 3155 illa

1873 3178 2048 3234 forma
2069 3177 2136 3233 ad
2156 3193 2317 3248 quam
2343 3178 2455 3250 ipse
2477 3178 2737 3236 formatus
2759 3195 2835 3249 es,
2864 3196 2970 3253 qua
2996 3185 3300 3256 proximum
3315 3187 3472 3260 juxta

168 3283 213 3317 ⁸³
240 3297 354 3340 non
373 3279 613 3345 desinat;
638 3283 694 3354 et
712 3283 1064 3349 permanente
1091 3271 1215 3329 ﬁdei
1242 3273 1581 3340 constantia,
1602 3276 1777 3332 virtu-
1802 3288 1851 3354 ρ
1881 3283 1936 3328 te
1963 3271 2180 3342 diligas,
2209 3271 2470 3341 nulloque
2501 3280 2554 3327 te
2583 3272 2737 3330 nobis
2763 3274 3028 3333 excellere
3051 3276 3204 3346 velis,
3234 3295 3303 3337 ne
3347 3282 3477 3354 quid

167 3374 348 3446 tisque
357 3371 528 3443 gratia
539 3415 553 3440 ,
571 3369 751 3442 folium
766 3367 879 3438 ejus
900 3381 1003 3420 non
1023 3363 1218 3436 deﬂuat
1231 3373 1256 3403 ο
1277 3381 1292 3418 :
1306 3371 1367 3418 ut
1381 3364 1522 3420 sicut
1534 3365 1645 3421 vita
1658 3367 1778 3439 ejus

169 3465 227 3524 in
253 3465 449 3521 itinere
494 3459 862 3533 adspectatur,
892 3459 966 3514 ita
991 3465 1049 3513 et
1068 3456 1187 3512 laus
1215 3456 1269 3511 in
1297 3456 1450 3513 exitu
1468 3467 1696 3515 canatur
1722 3460 1772 3516 ⁸.

250 3556 340 3614 14.
379 3554 498 3612 Non
522 3553 640 3619 tuli,
663 3551 849 3616 frater,
882 3558 942 3606 ut
971 3559 1024 3605 te
1053 3550 1156 3607 ista
1185 3550 1419 3606 nesciret
1447 3549 1514 3607 ³⁸.
1549 3549 1620 3606 Ut
1662 3567 1781 3623 grta-

173 3652 302 3709 tiam
329 3651 385 3706 in
409 3657 464 3703 te
483 3646 580 3702 Dei
605 3645 816 3717 plenius
843 3652 1110 3710 nosceret,
1137 3653 1230 3699 tuo
1255 3652 1308 3698 te
1331 3645 1404 3699 illi
1429 3647 1600 3716 magis
1613 3663 1778 3718 quam

174 3763 299 3804 meo
345 3757 598 3802 sermone
643 3740 894 3813 patefeci.
930 3741 1004 3812 (ὑ)
1042 3738 1329 3796 Martinnm
1351 3741 1494 3796 enim
1525 3753 1772 3800 nostrum

176 3841 251 3900 illi
297 3837 704 3897 studiosissimm
757 3835 942 3890 talium
997 3835 1344 3890 historiarum
1399 3836 1516 3907 ipse
1544 3838 1768 3894 recitavi

177 3935 277 4010 (γ.
301 3943 417 3992 ιιοι.
462 3929 610 4003 152).
641 3930 759 3999 Quo
788 3945 990 4000 genere
1019 3938 1072 3986 te
1114 3937 1169 3985 et
1196 3931 1490 3986 venerabili
1519 3932 1778 4003 episcopo

179 4037 342 4099 atque
367 4023 680 4082 doctissimo
702 4022 905 4079 Niceno
936 4024 952 4091 (
970 4021 1031 4076 ν.
1067 4031 1180 4076 not.
1221 4021 1366 4093 155),
1402 4023 1494 4093 qui
1524 4038 1592 4079 ex
1616 4024 1779 4080 Dacia

182 4120 441 4178 Romanis
478 4117 673 4173 merito
703 4115 1051 4172 admirandus
1078 4115 1394 4185 advenerat,
1440 4126 1496 4172 et
1535 4115 1782 4189 plurimis

182 4216 279 4275 Dei
330 4214 533 4274 sanctis
574 4213 638 4286 jn
691 4212 918 4266 veritate
955 4224 1065 4265 non
1115 4211 1286 4279 magis
1330 4211 1408 4265 tui
1457 4210 1782 4282 praedicator

180 4325 344 4382 quam
363 4309 470 4364 mei
493 4306 726 4377 jactans,
758 4303 1007 4360 revelavi.
1041 4301 1226 4358 Gloria
1257 4305 1398 4359 enim
1421 4305 1551 4360 mihi
1583 4314 1667 4360 est
1700 4304 1784 4361 ti-

1880 3367 2026 3423 inter
2069 3381 2171 3440 nos
2199 3365 2462 3436 inaequale
2485 3364 2747 3422 videatur.
2774 3366 2880 3423 Sed
2910 3382 3118 3442 pauper
3141 3387 3262 3444 ego,
3292 3383 3347 3433 et
3373 3376 3478 3434 do-

1881 3458 1999 3514 lens
2027 3457 2072 3525 Ξ,
2121 3457 2250 3528 quia
2305 3455 2482 3514 adhuc
2528 3467 2758 3514 terrente
2787 3459 3034 3530 imaginis
3062 3466 3318 3536 squalore
3339 3485 3477 3526 con-

1881 3560 2061 3607 cretus
2087 3567 2230 3620 sum,
2255 3560 2313 3607 et
2338 3551 2459 3623 plus
2478 3551 2545 3606 de
2573 3553 2748 3624 primo
2765 3571 2930 3626 quam
2949 3557 3016 3614 de
3043 3560 3282 3618 secundo
3302 3562 3477 3620 Adam

1880 3646 2093 3702 carneis
2123 3645 2372 3702 sensibus
2401 3655 2456 3702 et
2482 3650 2716 3704 terrenis
2739 3649 2948 3707 actibus
2969 3651 3169 3722 refero,
3201 3658 3476 3727 quomodo

1883 3737 1978 3793 tibi
2008 3737 2219 3794 audebo
2273 3755 2360 3795 me
2389 3741 2630 3811 pingere,
2661 3757 2785 3796 cum
2813 3743 3050 3802 cmlestis
3079 3747 3366 3819 imaginem
3395 3753 3479 3808 in-

1883 3829 2053 3887 ﬁciari
2109 3833 2305 3902 prober
2352 3834 2700 3905 corruptione
2755 3839 3008 3894 terrena?
3063 3839 3345 3915 Utrimque
3392 3861 3480 3904 me

1883 3921 2160 3978 concludit
2190 3923 2403 3994 pudor:
2435 3926 2701 3982 erubesco
2724 3927 2945 3998 pingere
2982 3932 3130 4000 quod
3180 3949 3319 4002 sum,
3369 3953 3480 3994 non

1883 4014 2058 4070 audeo
2077 4016 2302 4086 pingere
2331 4017 2475 4088 quod
2501 4033 2606 4073 non
2635 4034 2754 4074 sum
2780 4038 2794 4074 :
2819 4022 2907 4077 odi
2935 4023 3080 4094 quod
3126 4043 3264 4095 sum,
3290 4037 3344 4083 et
3371 4045 3482 4088 non

1886 4125 2003 4166 sum
2031 4111 2174 4180 quod
2202 4126 2347 4166 amo.
2379 4109 2488 4167 Sed
2515 4112 2642 4184 quid
2665 4114 2796 4170 mihi
2821 4115 3019 4172 misero
3041 4119 3280 4188 proderit
3303 4123 3484 4184 odisse

1885 4202 2226 4274 iniquitatem
2269 4212 2327 4260 et
2353 4220 2540 4261 amare
2570 4207 2844 4276 virtutem,
2878 4227 2998 4266 cum
3029 4213 3082 4268 id
3121 4217 3299 4286 potius
3329 4233 3482 4290 agam

1885 4298 2031 4368 quod
2077 4299 2187 4365 odi,
2230 4315 2345 4354 nec
2375 4299 2650 4356 elaborem
2681 4303 2834 4374 piger
2860 4305 2913 4360 id
2941 4307 3121 4377 potius
3149 4325 3310 4379 agere
3337 4314 3486 4383 quod

181 4400 274 4472 “si
303 4399 350 4433 ss
400 4405 454 4455 ιε
481 4405 536 4454 οι
561 4395 752 4463 επιειτῂ
782 4409 944 4467 quem
974 4393 1230 4449 famulum
1275 4395 1520 4451 veritatis
1542 4411 1782 4454 consona
1887 4393 2049 4447 amo?
2091 4390 2212 4463 Ipse
2243 4393 2264 4425 ³
2287 4393 2498 4449 discors
2548 4395 2654 4450 mei
2712 4396 2970 4456 intestino
3020 4401 3163 4459 bello
3193 4405 3487 4477 distrahor,

185 4495 380 4566 lingua
406 4493 514 4549 vita
547 4498 793 4571 testatur.
826 4487 926 4543 Det
950 4487 1096 4544 nobis
1126 4489 1181 4543 in
1209 4489 1305 4544 illa
1351 4489 1441 4544 die
1482 4491 1782 4546 misericor-
1886 4483 2012 4539 dum
2033 4486 2248 4556 spiritus
2272 4485 2521 4540 adversus
2545 4502 2778 4558 carnem,
2799 4498 2852 4545 et
2873 4507 2995 4548 caro
3016 4493 3261 4551 adversus
3292 4499 3311 4529 ³
3331 4500 3489 4571 spiri-

187 4590 332 4645 dicat
369 4586 626 4642 Dominus
655 4569 706 4638 al
734 4582 951 4638 Domino
985 4591 1029 4650 ο,
1056 4598 1154 4654 per
1183 4583 1322 4640 banc
1349 4583 1577 4653 gratiam
1629 4586 1768 4654 cujus

1888 4587 1996 4630 tum
2023 4576 2318 4644 dimicat“;
2363 4586 2419 4633 et
2465 4579 2553 4634 lex
2597 4581 2845 4652 corporis
2885 4583 3004 4655 lege
3052 4589 3262 4657 peccati
3313 4569 3491 4662 legem

187 4681 308 4754 ipse
343 4686 505 4734 autor
549 4684 665 4743 est;
697 4683 756 4730 ut
803 4674 942 4730 sicut
971 4689 1113 4730 nunc
1139 4673 1194 4744 in
1222 4674 1516 4732 visceribus
1541 4675 1783 4732 caritatis
1811 4691 1861 4755 ι)
1889 4670 2083 4725 mentis
2131 4669 2408 4741 impugnat
2437 4669 2480 4726 ³.
2531 4670 2721 4728 Infelix
2748 4689 2852 4745 ego
2876 4675 2890 4730 !
2918 4678 3009 4748 qui
3037 4690 3360 4738 venenatum
3388 4685 3493 4741 ini-

189 4782 296 4830 ιη
322 4769 723 4838 “ﬁscum”,
754 4767 826 4822 ίιτ,
859 4767 926 4822 ab
953 4767 1165 4836 ignibus
1190 4767 1400 4825 ωοι-ίιεε
1421 4767 1478 4823 in
1497 4775 1604 4824 tua
1621 4769 1784 4828 εοηίε
1893 4764 2048 4820 mica
2075 4762 2288 4819 arboris
2317 4771 2535 4832 gustum
2564 4781 2667 4823 nec
2686 4769 2867 4825 crucis
2896 4769 3042 4840 ligno
3069 4772 3266 4845 digessi
3294 4794 3307 4830 :
3335 4775 3494 4836 durat

189 4868 360 4940 digito
388 4863 766 4933 refrigeremur
792 4860 835 4917 ι,
875 4860 1047 4934 δραι-ο
1070 4862 1216 4928 θρίω
1240 4860 1576 4930 habebimus,
1607 4862 1786 4919 indui.
1893 4855 2038 4912 enim
2091 4855 2224 4910 mihi
2253 4855 2381 4911 illud
2423 4855 2492 4910 ab
2533 4856 2702 4913 Adam
2732 4859 2880 4916 virus
2907 4871 3210 4934 paternum,
3237 4882 3345 4937 quo
3370 4864 3496 4926 uni-

192 4967 354 5033 gente
374 4958 622 5024 Domino,
654 4966 712 5012 ut
733 4955 1087 5013 amantissimi
1118 4954 1214 5020 tui,
1245 4953 1314 5010 de
1333 4953 1540 5024 justitia
1572 4963 1662 5012 tua
1682 4956 1789 5012 sui;
1894 4950 2207 5007 versitatem
2237 4949 2453 5019 generis
2482 4951 2563 5005 sui
2600 4960 2756 5020 pater
2783 4956 3166 5025 praevaricatus
3192 4958 3376 5020 infecit,
3403 4971 3441 4999 In
3476 4981 3494 5019 τ

193 5050 440 5122 fragium,
472 5049 574 5106 etsi
602 5047 803 5122 indigni
830 5061 1046 5103 corona:
1083 5062 1192 5104 non
1248 5047 1540 5104 audeamus
1568 5062 1788 5120 sperare
1898 5052 1960 5101 ut
1988 5043 2081 5115 qui
2111 5043 2340 5098 naturali
2373 5043 2517 5100 bono
2546 5045 2734 5102 oculos
2760 5048 2958 5103 mentis
2987 5058 3205 5121 apertos
3233 5053 3497 5110 innocen-

188 5143 550 5210 consortium.
668 5178 672 5181 -
1899 5140 2077 5208 timet
2105 5138 2379 5208 iniquitati
2406 5137 2619 5196 clausos
2647 5139 2936 5211 habebam,
2994 5143 3208 5200 letalem
3256 5149 3496 5217 pruden-

259 5301 285 5332 ι
318 5283 506 5348 I-‘sal.,
527 5287 664 5339 Ὠιῑί
687 5323 703 5348 ,
735 5280 821 5352 5.7
867 5278 897 5322 δ
920 5279 1068 5343 Psal.
1097 5296 1298 5352 cum
1318 5283 1420 5352 ,l.

191 5375 218 5414 s
248 5363 367 5420 Act.
404 5371 556 5422 xxvi,
580 5352 669 5410 24.
745 5352 773 5391 ιι
801 5351 824 5409 1
850 5352 979 5410 Cor.
1005 5369 1044 5421 ι,
1064 5350 1152 5408 23.

193 5447 233 5477 ιη
257 5433 525 5494 Gen.'tll.
559 5426 611 5480 6-

263 5535 284 5558 ‘
312 5530 462 5589 Alias
495 5520 566 5588 8;
596 5537 715 5594 qua:
743 5528 925 5578 autem
968 5520 1040 5575 30
1068 5528 1204 5584 erat,
1256 5536 1403 5578 nunc
1444 5520 1532 5578 '59.
1583 5518 1792 5592 Scripta
1821 5518 2099 5576 annum

270 5649 348 5720 (ιι)
370 5646 468 5702 his.
496 5641 639 5720 Reg.
671 5649 728 5720 et
754 5639 878 5720 edd.
909 5639 1062 5706 Bad.,
1093 5639 1335 5720 Grav.__et
1366 5639 1588 5720 Schot.,
1617 5643 1798 5720 volan-

199 5711 465 5790 tas':'qu-.e
494 5711 662 5790 lcciin
690 5712 956 5790 Sacchiao
997 5727 1106 5769 non
1133 5711 1397 5783 displicet,
1433 5720 1489 5766 ut
1529 5726 1639 5783 cp.‘
1661 5711 1794 5768 l2...

199 5784 516 5864 meditando!
527 5790 595 5864 _in
619 5784 736 5864 [ergo
767 5786 1023 5864 voluntas.

273 5865 348 5935 (ο)
388 5861 478 5917 sic
527 5852 790 5935 Paulinus
834 5854 991 5935 epist.
1033 5853 1106 5935 ⁸11
1143 5853 1484 5935 adeumdem
1513 5852 1794 5935 Severum,

203 5953 259 5996 ιι.
278 5925 377 6001 11,
402 5949 652 5990 enarrare
679 5926 991 5989 Martinam.
1030 5925 1126 5981 Ms.
1162 5925 1338 5981 Vien..
1369 5927 1525 5980 artini
1546 5928 1680 5981 enim
1703 5943 1798 5983 no-

1501 5291 1523 5320 °
1567 5278 1708 5354 Psal-
1743 5295 1768 5348 ιτ

1940 5278 1969 5354 ἦ
2004 5275 2149 5334 Psal.
2178 5295 2352 5354 (ιιιιι,Δ
2380 5282 2440 5354 f._
2507 5279 2617 5354 ﬁll
2646 5281 2784 5339 Tim.
2812 5300 2863 5350 ι,
2891 5283 2974 5340 18.
3056 5285 3076 5326 ί
3101 5285 3232 5345 Luc.
3266 5305 3372 5354 xvi,
3404 5292 3493 5350 Si.

1241 5352 1253 5390 ί
1290 5349 1458 5409 [Ωον.
1495 5369 1584 5418 xv,
1619 5350 1710 5406 47.
1792 5351 1808 5405 i
1851 5350 2021 5422 Psala
2053 5367 2238 5421 Lavui,
2291 5349 2383 5408 50.
2428 5349 2454 5390 ¹ι
2518 5350 2639 5410 Gal.
2686 5370 2738 5422 v,
2791 5349 2880 5412 l7.
2962 5355 2979 5396 ι
3049 5357 3209 5415 Rom.
3270 5349 3370 5428 ιίι,⁷
3406 5349 3492 5424 15.
3530 5390 3535 5395 ι

1905 5649 2022 5708 sm,
2052 5641 2132 5698 illi
2159 5643 2556 5697 studiosissima:
2584 5644 2786 5710 talium,
2813 5645 3083 5702 historiam
3129 5666 3240 5711 ipse
3267 5651 3493 5709 recitari.

1905 5712 2040 5770 Vide
2062 5725 2175 5779 not.
2203 5713 2324 5769 l52.
2429 5768 2433 5773 .

1980 5786 2052 5856 (ο)
2095 5784 2184 5843 Sic
2195 5786 2617 5860 eniendavimus
2645 5803 2710 5844 ex
2734 5805 2837 5844 ms.
2862 5789 3032 5860 Regio
3053 5791 3239 5849 cidice
3263 5803 3318 5848 et
3337 5796 3498 5852 editis

1907 5865 2158 5927 quatuor.
2193 5856 2337 5913 Edit.
2363 5857 2552 5918 Rosv..
2585 5870 2788 5918 nitatem
