4022 6408
563 419 667 479 327

1732 407 1789 464 S.
1833 403 2107 463 PAULlNl
2142 402 2394 461 NOLANI
2429 400 2730 461 EPISCOPl

566 539 889 603 resurgeret,
907 530 1152 589 surrexit
1176 537 1236 585 ut
1262 535 1510 597 regnaret
1531 526 1609 596 (n)
1656 524 1931 594 judicatus
1991 523 2145 594 191
2180 530 2220 583 Λ
2252 522 2434 588 regina
2462 527 2697 590 poterat,
2728 527 2784 572 et
2806 515 2995 587 religio
3020 514 3316 584 suadebat,
3346 514 3636 573 mdiﬁcﬂis
3679 514 3889 574 basili-

565 638 622 683 ut
643 626 928 701 judicaret.
954 623 1038 678 Ile
1055 621 1347 678 miserum!
1377 619 1550 674 Etiam
1581 619 1684 673 ista
1713 632 1814 688 pro
1843 615 1997 671 nobis
2048 614 2158 669 Do-

564 721 743 778 minus
770 716 1113 788 omnipotens
1140 714 1350 787 perpeti
1381 728 1486 766 non
1515 707 1808 774 recusavit,
1831 711 1890 762 ut
1935 705 2027 763 ubi
2057 719 2159 776 pro

564 812 741 872 salute
767 810 982 881 generis
1008 807 1228 863 humani
1248 803 1465 862 crucifix
1477 821 1536 860 us
1555 801 1907 875 pependerat,
1954 800 2027 855 ibi
2067 799 2166 854 bo-

565 905 770 965 tninum
791 901 1082 970 sacrilegio
1105 906 1452 971 sperneretur
1484 914 1497 951 :
1531 905 1586 951 et
1616 909 1778 966 super
1822 906 2041 948 crucem
2071 888 2164 957 (ad

567 1012 733 1070 quam
760 996 891 1052 orbe
918 1007 1203 1058 concusso,
1235 998 1292 1047 et
1317 989 1435 1046 sole
1462 988 1667 1058 refugo.
1700 994 1756 1042 et
1776 982 2164 1040 dissilientibus

569 1096 905 1148 mortuorum
952 1086 1280 1140 excitatione
1324 1080 1707 1145 monumentis,
1760 1092 1941 1133 rerum
1969 1085 2166 1132 natura

573 1178 883 1246 notaverat)
909 1179 1087 1234 stabat
1105 1175 1448 1233 simulacrum
1468 1172 1746 1238 daemonis,
1787 1179 1842 1227 et
1867 1186 1959 1225 ara
1995 1162 2166 1224 simu—

570 1272 706 1332 lacri
732 1272 999 1345 pecudum
1019 1270 1177 1327 busta
1199 1268 1464 1332 fumabat;
1486 1274 1542 1321 et
1563 1265 1661 1320 Dei
1682 1278 1878 1320 nomen
1896 1260 2171 1318 defereba-

573 1365 874 1426 turstatuis
903 1372 1261 1428 mortuorum,
1286 1377 1409 1418 cum
1432 1362 1546 1432 ipse
1572 1359 1818 1416 vivorum
1840 1359 1981 1413 Deus
2004 1367 2052 1421 ι,
2073 1356 2166 1428 qui

575 1469 633 1518 et
658 1460 985 1517 resurrectio
1013 1463 1357 1511 mortuorum
1376 1462 1481 1522 est,
1509 1468 1616 1508 non
1637 1453 1810 1509 solum
1834 1451 2050 1516 mortui,
2073 1450 2170 1505 scd

577 1561 633 1610 et
685 1548 924 1609 crucifixi
979 1548 1214 1605 hominis
1259 1546 1722 1615 blasphemaretur
1758 1541 2068 1613 opprobrio.
2111 1539 2168 1595 ιιι

576 1642 893 1701 Bethlehem
923 1654 1159 1712 quoque,
1213 1638 1303 1694 ubi
1352 1644 1627 1708 agnoverat
1680 1633 1769 1690 bos
1823 1648 2172 1704 possessorem

577 1754 746 1800 suum,
780 1744 831 1791 et
858 1737 1040 1790 asinus
1062 1748 1289 1805 priusque
1319 1730 1527 1785 Domini
1575 1729 1655 1783 sui
1681 1726 1739 1793 δς
1788 1726 1861 1782 ibi
1906 1726 2188 1797 principes

578 1830 861 1888 hominum
908 1826 1127 1882 inticiati
1158 1825 1491 1879 Salvatorem
1518 1821 1708 1887 Deum,
1739 1818 1965 1874 infames
1992 1815 2168 1875 humi-

2266 613 2345 669 cis
2363 611 2609 668 contexit
2636 624 2827 666 otnnes
2855 616 2912 664 et
2937 608 3176 665 excoluit
3199 609 3370 676 locos,
3413 608 3470 664 in
3495 608 3701 680 quibus
3729 607 3889 665 salu-

2266 703 2404 759 taria
2435 701 2589 757 nobis
2633 700 2888 772 mysteria
2918 700 3155 770 cpietatis
3182 712 3311 764 sum,
3364 698 3786 765 incarnationis,
3819 704 3886 757 οι

2267 794 2557 865 passionis,
2592 800 2651 848 et
2672 792 3104 859 resurrectionis,
3138 800 3301 860 atque
3322 790 3668 847 ascensionis
3702 804 3889 848 sacra-

2267 887 2467 944 mentis
2512 886 2771 943 Dominus
2800 883 3096 941 Redemtor
3123 882 3465 955 impleverat.
3495 882 3701 940 Mirum
3747 897 3886 940 vero

2268 982 2409 1037 inter
2461 982 2574 1037 haec
2623 977 2770 1052 quod
2817 980 2870 1033 in
2920 978 3143 1034 basilica
3171 976 3519 1033 Ascensionis
3573 975 3736 1034 locus
3784 975 3885 1034 ille
3932 1024 3935 1025 ν

2269 1085 2478 1132 tantum
2507 1073 2577 1129 de
2603 1089 2713 1145 quo
2754 1073 2807 1127 in
2837 1072 2980 1129 nube
3007 1078 3291 1141 susceptus
3317 1070 3580 1140 ascendit,
3609 1070 3880 1142 captiva-

2271 1172 2324 1227 in
2346 1186 2440 1227 sua
2462 1184 2626 1226 carne
2651 1169 2844 1223 ducens
2872 1167 3218 1239 captivitatem
3249 1174 3484 1220 nostram
3505 1159 3558 1228 ἀ,
3584 1164 3663 1220 ita
3690 1179 3929 1225 sacra...

2273 1276 2355 1324 tus
2374 1266 2567 1322 divinis
2581 1265 2821 1334 vestigiis
2840 1264 3055 1332 dicitur,
3077 1270 3133 1319 ut
3152 1277 3447 1333 numquam
3469 1262 3578 1332 tegi
3601 1276 3883 1318 marmore
3924 1308 3929 1313 .

2275 1361 2371 1433 (γ.
2407 1370 2517 1417 not.
2554 1361 2689 1429 ΜΞ)
2719 1367 2812 1414 aut
2857 1363 2929 1430 (ε)
2966 1359 3138 1430 paviri
3183 1358 3473 1428 receperit,
3505 1371 3728 1429 semper
3778 1372 3887 1412 ex-

2273 1455 2442 1510 cussis
2476 1454 2596 1509 solo
2636 1461 2947 1523 respuente,
2975 1466 3096 1522 quae
3140 1465 3335 1507 manus
3359 1448 3662 1507 adornandi
3692 1449 3893 1507 studio

2275 1548 2500 1602 tentavit
2526 1561 2816 1615 apponere.
2854 1545 3041 1615 Itaque
3069 1544 3124 1599 in
3165 1551 3282 1600 toto
3308 1542 3544 1600 basilica:
3570 1543 3756 1615 spatio
3784 1557 3881 1597 so-

2274 1641 2357 1695 lus
2377 1640 2530 1694 insui
2551 1637 2770 1707 cespitis
2788 1638 2967 1707 specie
2995 1636 3176 1692 virens
3201 1645 3517 1708 permanet;
3547 1642 3607 1691 et
3635 1635 3885 1707 impres-

2274 1746 2389 1786 sam
2406 1730 2709 1785 divinorum
2738 1726 2935 1799 pedum
2957 1727 3363 1784 venerationem
3387 1726 3585 1782 calcati
3613 1726 3731 1782 Deo
3751 1726 3883 1798 pul-

2276 1811 2417 1876 veris
2438 1821 2717 1892 perspicua
2747 1820 2905 1874 simul
2927 1819 3202 1888 etattigua
3224 1818 3321 1890 (V.
3345 1832 3514 1874 carm.
3545 1816 3635 1885 15,
3664 1834 3721 1873 v.
3748 1816 3885 1890 91)

579 1938 709 1979 num
732 1935 948 1977 amores
983 1927 1294 1987 mortesque
1323 1898 1626 1972 coluerunt.
1679 1912 1895 1969 Prodita
1920 1927 2061 1967 novo
2090 1912 2167 1967 si-
2202 1928 2247 1989 Β
2272 1912 2655 1969 venerantibus
2699 1926 2860 1967 arena
2901 1917 3208 1976 conservat,
3251 1919 3310 1965 ut
3338 1924 3467 1965 vere
3516 1908 3623 1966 dici
3654 1911 3834 1981 possit
3863 1928 3881 1966 :

579 2013 710 2070 dere
738 2011 899 2080 Regis
920 2011 1107 2066 teterni
1139 2012 1211 2081 (ὁ)
1244 2007 1568 2063 incunabula
1595 2005 1686 2061 ubi
1727 2005 1996 2075 supplices
2048 2019 2173 2058 cum

580 2105 694 2162 suis
719 2103 912 2175 opibus
942 2103 1016 2175 (ο)
1042 2102 1403 2156 adoravernnt
1419 2099 1676 2164 Chaldiei,
1704 2097 1776 2153 ibi
1803 2098 2060 2153 barbaras
2107 2097 2173 2151 li-

580 2195 790 2254 bidines
816 2200 1165 2251 sacraverunt
1204 2191 1455 2247 Romani.
1496 2189 1597 2246 Ubi
1626 2198 1811 2247 natum
1838 2188 2173 2244 Salvatoreui

581 2303 709 2347 clm
748 2286 989 2344 exercitu
1039 2284 1352 2354 angelorum
1380 2284 1730 2339 concinentes
1754 2282 1958 2338 caelesti
1978 2280 2175 2350 gaudio

582 2382 948 2440 salutaverat“
972 2379 1236 2435 illustrata
1266 2386 1423 2434 nocte
1453 2386 1699 2447 pastores
1732 2387 1778 2441 ⁸,
1834 2377 1905 2432 ibi
1956 2375 2176 2432 Veneris
2208 2426 2209 2429 η

582 2474 861 2533 Aruseium
881 2472 1061 2528 mixta:
1085 2471 1350 2527 semiviris
1380 2469 1638 2542 planxere
1664 2469 1996 2525 meretrices.
2029 2467 2174 2525 Proh

584 2568 771 2626 dolor!
794 2581 940 2638 .quze
991 2568 1164 2638 pietas
1189 2568 1466 2622 hominum
1492 2565 1634 2620 hanc
1666 2564 1993 2634 impietatem
2023 2579 2173 2620 com-
2202 2608 2205 2611 .

586 2673 816 2732 pensare
862 2659 1101 2729 poterit?
1157 2656 1260 2712 Ubi
1314 2672 1467 2712 sacra
1494 2658 1604 2712 nati
1632 2656 1926 2712 Salvatoris
1952 2655 2175 2712 infantia

584 2751 850 2822 vagierat,
894 2750 1002 2805 illic
1049 2748 1268 2805 Veneris
1324 2750 1556 2803 lamenta
1581 2794 1585 2799 .
1614 2746 1926 2818 ﬁngentium
1967 2748 2211 2804 lascivis.

588 2840 818 2900 luctibus
839 2839 1055 2897 infamis
1076 2840 1209 2896 ritus
1227 2839 1464 2896 ululahat
1494 2855 1510 2893 :
1540 2846 1601 2899 et
1640 2839 1731 2895 ubi
1762 2838 1925 2910 Virgo
1946 2854 2175 2910 pepere—

587 2944 694 3003 rat,
719 2934 948 2992 adulteri
976 2934 1313 2991 colebantur.
1337 2979 1348 2990 .

658 3029 714 3086 4.
733 3029 956 3085 .Mansit
984 3030 1088 3084 hoc
1106 3028 1271 3083 seculi
1300 3027 1496 3098 prioris
1521 3025 1671 3082 nefas
1698 3025 1753 3082 in
1774 3032 2018 3095 tempora
2072 3040 2174 3081 no-

584 3125 714 3185 stris
741 3123 989 3196 proxima
1017 3121 1390 3187 Constantini;
1420 3119 1514 3191 qui
1561 3121 1813 3190 princeps
1853 3131 1973 3173 esse
2024 3117 2175 3189 priu-

585 3219 796 3292 cipibus
818 3214 1143 3272 Christianis
1168 3228 1278 3270 non
1306 3212 1479 3285 magis
1514 3227 1612 3267 sua
1638 3224 1803 3281 quam
1830 3207 2021 3265 matris
2066 3207 2175 3267 He-

2275 2006 2605 2062 adorarimus
2645 2009 2713 2078 if)
2746 2004 2831 2059 ubi
2860 2013 3110 2059 steterunt
3136 2004 3292 2075 pedes
3320 2002 3434 2074 ejus
3466 2010 3514 2056 ο.

2352 2096 2402 2152 5.
2443 2096 2551 2153 Sed
2579 2098 2631 2151 in
2660 2097 2887 2152 historia
2916 2095 3093 2152 crucis
3123 2096 3355 2164 accipite
3382 2108 3640 2163 magnum
3670 2103 3731 2151 et
3752 2110 3883 2152 vere

2277 2191 2516 2247 divinum
2547 2190 2884 2245 miraculum.
2916 2187 3123 2258 Regina
3154 2188 3245 2243 illa
3266 2187 3598 2244 venerabilis
3629 2196 3687 2244 ut
3728 2191 3885 2247 venit

2276 2284 2701 2359 Hierosolymam
2729 2284 3017 2355 diligenter
3042 2291 3098 2339 et
3124 2284 3212 2356 pic
3240 2284 3393 2352 locis,
3420 2285 3497 2357 (g)
3521 2285 3631 2342 illic
3650 2293 3709 2342 et
3732 2286 3884 2344 circa

2277 2379 2547 2447 omnibus,
2570 2377 2871 2433 divinorum
2894 2375 3107 2432 curiusa
3133 2376 3439 2448 insignium,
3471 2385 3530 2433 et
3545 2377 3724 2434 oculis
3749 2378 3884 2436 hau-

2279 2472 2387 2527 rire
2442 2472 2677 2541 gestiens
2722 2467 2882 2526 ﬁdem
2932 2484 3092 2538 quam
3145 2469 3249 2541 piis
3296 2469 3520 2526 auribus
3571 2470 3885 2542 litterisque

2278 2570 2630 2635 perceperat,
2659 2577 2874 2618 crucem
2919 2561 3131 2618 Domini
3180 2560 3574 2619 studiosissime
3603 2562 3884 2635 inquirere

2277 2656 2467 2711 adorsa
2489 2664 2591 2711 est.
2605 2654 2712 2710 Sed
2733 2670 2853 2725 qua:
2875 2655 2960 2710 via
2984 2653 3070 2711 vel
3099 2654 3239 2710 ratio
3265 2653 3573 2711 inveniendi
3603 2655 3883 2723 subesset.

2278 2764 2402 2804 cum
2439 2748 2601 2804 index
2629 2749 2855 2804 idoneus
2902 2761 3062 2803 nemo
3091 2746 3322 2803 inveniri
3349 2753 3538 2819 posset
3557 2747 3603 2818 ⁸,
3633 2747 3729 2805 ubi
3756 2765 3882 2807 me-

2278 2843 2505 2899 moriam
2532 2850 2587 2898 ct
2625 2857 2812 2899 curam
2858 2841 3122 2911 religiosa:
3164 2841 3514 2897 conscientiae
3551 2841 3640 2898 vel
3687 2843 3882 2901 obser-

2279 2937 2472 2993 vantiae
2510 2943 2566 2991 et
2614 2935 2906 3005 antiquitas
2951 2933 3052 2989 sevi
3105 2932 3324 3005 (Virgil.
3355 2933 3457 2989 sevi
3485 2941 3734 2991 vetustas
3753 2936 3791 3003 ),
3824 2942 3915 2993 et.

2276 3027 2674 3100 superstitionis
2699 3026 2876 3084 impiae
2915 3024 3238 3081 diuturnitas
3267 3026 3642 3084 abolevisset?
3668 3027 3881 3085 Verum

2280 3122 2397 3192 ipso
2424 3121 2664 3177 omnium
2693 3129 2749 3175 et
2767 3122 2927 3173 terris
2950 3125 3004 3172 et
3023 3117 3216 3173 animis
3238 3126 3552 3189 opertarum
3572 3121 3800 3177 conscio
3823 3130 3882 3179 et
3906 3158 3911 3161 -

2280 3220 2418 3269 teste
2443 3210 2672 3269 Domino
2701 3212 2745 3278 ’,
2784 3208 2959 3266 fidelis
2986 3209 3181 3265 mulier
3208 3218 3454 3265 sanctum
3484 3208 3748 3282 Spiritum
3776 3227 3883 3284 per

584 3311 723 3369 lena:
751 3308 854 3366 fide
878 3308 1079 3365 meruit
1118 3324 1131 3359 :
1157 3320 1279 3377 qua:
1296 3304 1511 3368 divino.
1543 3314 1603 3358 ut
1629 3303 1806 3358 exitus
1847 3300 2051 3368 docvit.
2100 3300 2178 3355 in-
2200 3320 2247 3387 ο
2278 3307 2524 3363 allectum
2551 3305 2699 3378 pium
2725 3303 2925 3360 meruit
2958 3320 2972 3358 :
3001 3317 3111 3373 quo
3140 3303 3448 3374 sapirante,
3482 3318 3605 3359 cum
3653 3318 3774 3361 rem
3805 3305 3882 3362 ah

584 3406 786 3477 spirata
816 3401 1063 3467 consilio,
1086 3414 1208 3455 cum
1238 3397 1669 3471 Hierosolymam
1704 3401 2028 3467 agnosceret
2072 3409 2202 3450 no-v

583 3497 749 3563 mine,
781 3495 865 3568 (ά)
909 3508 1031 3565 qua:
1071 3491 1311 3560 Augusta
1360 3506 1481 3546 cum
1521 3488 1632 3545 lilio
1668 3486 2035 3556 conregnahat
2064 3485 2197 3559 (ν.,

589 3596 707 3647 not.
749 3585 897 3660 Ml),
920 3600 1045 3641 eum
1072 3583 1284 3654 rogavit
1311 3590 1369 3638 ut
1392 3581 1496 3639 sibi
1522 3579 1831 3637 facultatem
1848 3578 2014 3634 .daret
2038 3594 2172 3634 cun-

584 3688 674 3738 eta
706 3679 961 3735 illieloca
991 3675 1284 3731 Dominicis
1310 3675 1569 3745 impressa
1597 3673 1858 3742 vestigiis,
1881 3680 1938 3729 et
1955 3672 2169 3727 divino-

588 3790 727 3832 rum.
747 3768 874 3847 erga
903 3786 1004 3826 nos
1028 3784 1252 3841 operum
1286 3770 1494 3838 signata
1542 3767 1887 3824 monimentis
1914 3780 2164 3837 purgare.

583 3866 873 3925 destructis
916 3863 1130 3936 templis
1168 3870 1225 3919 et
1252 3862 1428 3927 idolis,
1477 3862 1547 3917 ab
1575 3860 1720 3916 omni
1748 3860 2039 3931 propliana:
2068 3861 2170 3915 im-

580 3961 798 4034 pietatis
824 3957 1112 4027 contagio,
1141 3965 1197 4014 et
1221 3956 1469 4025 religioni
1508 3970 1621 4011 suae
1665 3954 1920 4019 reddere;
1951 3962 2012 4009 ut
2058 3952 2162 4008 Ec-

583 4053 748 4110 clesia
785 4051 1005 4107 tandem
1049 4051 1104 4106 in
1157 4058 1304 4105 terra
1351 4048 1573 4118 originis
1617 4062 1727 4104 suae
1777 4047 2163 4103 celebraretur.

579 4143 766 4214 Itaque
792 4152 1044 4216 prompto
1092 4141 1186 4198 lilii
1214 4140 1555 4214 imperatoris
1593 4155 1814 4196 assensu
1856 4147 2030 4194 mater
2056 4139 2167 4194 Au-

577 4244 757 4309 gusta,
794 4234 1081 4309 patefactis
1123 4235 1194 4291 ad
1255 4246 1441 4307 opera
1469 4239 1659 4290 sancta
1711 4233 2000 4296 thesauris,
2049 4237 2168 4289 toto

579 4328 745 4386 dtusa
772 4329 903 4387 ﬁsco
922 4335 1045 4386 est:
1076 4337 1388 4400 quantoque
1411 4336 1592 4383 sumtu
1622 4333 1786 4396 atque
1813 4326 1963 4382 cultu
2008 4326 2162 4399 192

2276 3400 2510 3455 humana
2555 3395 2884 3453 conscientia
2924 3393 3181 3450 divinitus
3209 3403 3475 3450 remotam
3520 3393 3721 3450 frustra
3752 3396 3914 3459 dili-_

2275 3506 2407 3563 gens
2434 3488 2749 3560 requisisset
2784 3489 2827 3555 ',
2858 3486 2925 3543 de
2951 3486 3076 3543 loco
3120 3493 3330 3542 tantum
3360 3486 3631 3558 passionis
3666 3487 3880 3550 certior

2273 3582 2389 3639 iieri
2417 3581 2637 3638 studuit.
2680 3578 2867 3650 itaque
2920 3593 3031 3634 non
3076 3578 3251 3635 solum
3294 3578 3363 3634 de
3412 3577 3737 3635 Christianis
3773 3578 3881 3637 do-

2272 3677 2412 3733 trina
2441 3683 2496 3731 et
2533 3673 2819 3731 sanctitate
2848 3672 3035 3744 plenos
3064 3672 3228 3740 viros,
3259 3671 3356 3728 sed
3383 3678 3441 3729 et
3463 3671 3533 3729 de
3549 3669 3754 3730 Judmis
3774 3689 3877 3747 pe-

2272 3768 2576 3835 ritissimos,
2606 3773 2665 3822 ut
2692 3765 2944 3837 propriae,
2976 3779 3082 3834 qua
3111 3763 3294 3821 miseri
3319 3770 3377 3820 et
3397 3764 3730 3834 gloriantur,
3765 3766 3877 3824 im-

2272 3860 2487 3933 pietatis
2510 3859 2713 3915 indices
2736 3857 3044 3930 exquisivit,
3060 3865 3117 3914 et
3135 3857 3341 3914 accitos
3358 3857 3414 3914 in
3430 3855 3874 3934 Hierosolymam

2274 3951 2641 4024 congregavit.
2672 3949 2807 4005 Tum
2828 3949 3069 4006 omnium
3098 3964 3203 4007 una
3231 3949 3299 4006 de
3323 3950 3446 4007 loco
3468 3951 3898 4013 testificationis-

2268 4049 2288 4080 ⁸
2318 4044 2397 4118 (id
2424 4053 2501 4100 est
2527 4043 2769 4115 martyrii
2789 4059 2877 4097 seu
2903 4041 3187 4112 passionis,
3219 4050 3275 4095 ut
3312 4046 3495 4116 supra)
3518 4044 3871 4118 conﬁrmata,

2266 4136 2427 4207 jussit
2455 4135 2618 4203 illico,
2657 4143 2884 4204 urgente
2911 4134 3029 4190 sine
3053 4133 3217 4190 dubio
3257 4138 3537 4206 concepub
3564 4137 3872 4198 revelatio-

2270 4233 2354 4287 nis
2382 4213 2655 4296 instinctu,
2689 4229 2744 4285 in
2790 4230 2966 4302 ipsum
3005 4227 3185 4287 locum
3213 4243 3435 4299 operam
3484 4228 3742 4288 fossionis
3770 4248 3870 4292 ac-

2271 4324 2441 4394 cingi;
2462 4331 2756 4396 parataque
2777 4338 2907 4379 mox
2925 4321 3122 4379 civium
3136 4323 3338 4394 pariter
3357 4330 3414 4378 et
3427 4322 3650 4380 militari
3668 4340 3869 4394 manu,

650 4502 680 4531 ι
704 4489 1074 4561 Matth..mt,
1098 4487 1194 4557 δὴ
1221 4485 1399 4545 Johan
1423 4503 1511 4545 tu.
1541 4489 1629 4542 25.
1707 4484 1734 4527 δ
1766 4485 1885 4543 lsai.
1920 4503 1958 4555 ι,
1989 4484 2043 4543 5.
2122 4497 2147 4528 ο

2275 4503 2315 4544 c.
2357 4503 2433 4558 ιι,
2476 4487 2565 4543 l5.
2643 4484 2814 4544 “Act.
2871 4502 2924 4555 ι,
2953 4484 3020 4555 9;
3068 4486 3355 4561 Εριιοεηιν
3407 4488 3461 4545 8.
3493 4489 3634 4549 Psal.
3667 4509 3753 4559 vi,
3796 4494 3871 4552 l9

578 4572 608 4604 ο
636 4561 779 4619 Psal.
802 4576 985 4627 cam,
1019 4559 1072 4616 7.

648 4720 730 4792 la)
754 4719 881 4778 Mss.
907 4719 1041 4789 Reg.
1081 4717 1236 4794 _Vien.
1263 4727 1320 4776 et
1336 4718 1474 4794 edit.
1499 4717 1651 4794 (irin.
1683 4718 1736 4775 in
1792 4732 1985 4794 marg.,
2033 4737 2156 4776 snr-
2186 4724 2233 4783 D
2258 4737 2308 4778 c.
2366 4717 2456 4787 48,
2514 4728 2709 4790 tegitur
2754 4695 2958 4776 Helena
3007 4729 3172 4776 mater
3222 4721 3472 4794 principis
3502 4721 3863 4794 Constantini,

577 4789 789 4849 rexit—tit
810 4797 1048 4864 regnaret
1067 4789 1348 4862 judex,vel
1375 4807 1469 4845 rea:
1485 4791 1756 4863 jndicaret
1782 4806 1864 4845 nte
1891 4792 2155 4848 miserunt.

575 4862 909 4920 Concinnior
924 4860 1137 4931 vulgata
1152 4861 1363 4931 lectio-

660 4878 909 4919 ιιοιηιιιοιιη
924 4878 1137 4919 νιιιιιιιιει
1168 4878 1363 4917 lectio-

649 4934 724 5003 (θ)
753 4931 880 5003 Mss.
907 4930 1131 5003 codices
1148 4930 1282 5001 Reg.
1314 4939 1370 4987 et
1398 4932 1553 4989 Vien.
1596 4947 1717 4989 cum
1746 4932 1955 4988 duobus
1980 4931 2155 5001 editis,

575 5007 661 5063 ubi
690 5002 947 5059 cunabula
966 5002 1240 5073 supplices.

646 5080 719 5149 (ο)
748 5073 827 5149 _lta
846 5071 1250 5149 emendavlmus
1270 5087 1339 5149 ex;
1367 5074 1497 5129 edit.
1526 5071 1764 5149 Grin._e_t
1807 5073 1888 5149 sie
1912 5072 2159 5149 profecto

575 5143 882 5219 legendum.
910 5145 1045 5201 Vide
1064 5143 1351 5200 antecedd.
1376 5153 1431 5200 et
1451 5160 1605 5215 seqq.
1642 5144 1748 5199 Alii
1771 5143 2008 5214 codices,
2030 5145 2177 5200 aiio-—

575 5228 837 5275 voverunt.

646 5293 725 5361 (τι)
758 5287 911 5345 Hunc
952 5287 1128 5344 locum
1169 5286 1226 5342 in
1251 5287 1501 5361 omnibus
1526 5286 1957 5361 editismutilum
1978 5295 2035 5343 et
2060 5286 2165 5345 (ιθ-κ

590 5358 856 5430 iravatum
875 5374 999 5415 cum
1026 5374 1096 5415 ex
1114 5358 1547 5430 mss..codicib_us
1574 5358 1863 5430 restituere
1889 5374 2002 5414 non
2028 5374 2156 5430 pos-

568 5447 772 5495 semus,
805 5429 1102 5501 Sulpicium
1124 5430 1401 5501 Severum,
1430 5428 1499 5485 ad
1526 5444 1688 5500 quem
1711 5429 1835 5501 data
1864 5436 1948 5487 est
1967 5428 2154 5501 isthasc

573 5502 821 5572 epistola,
851 5499 1216 5572 consumimus
1240 5501 1294 5556 in
1319 5499 1518 5557 Hister.
1548 5499 1687 5556 sacr.
1713 5499 1810 5557 lib.
1840 5517 1897 5572 ιι,
1927 5516 2046 5571 cap.
2059 5499 2150 5566 48,

573 5571 663 5628 ubi
692 5588 756 5628 ea
777 5587 898 5644 quae
915 5571 1320 5644 deinventione
1345 5580 1544 5644 sancire
1569 5572 1745 5627 crucis
1766 5571 2034 5644 edisserit
2084 5586 2154 5627 ex

574 5643 676 5715 hac
696 5642 931 5715 epistola
956 5643 1024 5715 ab
1052 5644 1170 5714 ipso
1190 5642 1393 5715 inserta
1437 5642 1601 5701 fuisse
1632 5643 2000 5715 certissimum
2020 5652 2148 5715 est.

574 5714 667 5772 Sic
688 5711 869 5783 igitur,
896 5713 1039 5769 nulla
1058 5711 1092 5770 (Ξ
1119 5720 1306 5770 nostro
1333 5711 1471 5770 facta
1520 5714 1815 5781 auditione,
1841 5713 2152 5769 emendavi-

574 5801 694 5856 mus
720 5802 788 5842 ex
813 5783 1051 5856 Sulpicio
1075 5783 1278 5842 Severo
1304 5785 1738 5856 succurreutibus
1784 5800 1911 5841 niss.
1952 5783 2154 5841 codici-

574 5855 698 5930 bus.
751 5872 867 5930 quin
911 5855 1159 5930 Augusta
1178 5872 1303 5930 eam
1318 5855 1432 5930 ﬁlio
1457 5855 1828 5930 coarguebat,
1853 5871 2155 5930 cataroga-

574 5929 667 5996 vit,
695 5926 799 5983 etc.
832 5928 984 6000 Apud
994 5926 1317 6000 Sulpicium.
1335 5927 1475 5984 enim
1500 5928 1557 5984 in
1581 5926 1785 5985 Hister.
1810 5941 1951 5984 saer.
1975 5926 2076 5983 libi
2093 5942 2149 5996 ιι,

2261 4808 2379 4855 ρυλε
2409 4807 2647 4848 ausus“
2676 4806 2784 4846 CUI
2806 4807 2946 4849 riuo
2973 4792 3521 4871 coanscnasar,;crtm
3543 4792 3863 4871 Hierosoly-

2262 4879 2401 4936 mam
2450 4864 3170 4936 agnoscereconcnpisceret,
3228 4871 3336 4918 etc.
3385 4863 3444 4921 lu
3472 4878 3602 4936 mss.
3634 4864 3777 4936 Reg.
3798 4863 3864 4926 Et

2266 4932 2432 4989 Vatic.
2466 4926 2523 4989 ἐι
2549 4935 2604 4989 in
2633 4934 2812 5001 editis,
2835 4926 3234 4999 convasassem,
3259 4944 3317 4990 et
3336 4935 3390 5003 in
3419 4949 3519 4990 ms.
3538 4926 3863 5004 Viennam:

2262 5020 2511 5080 nocavrr.
2543 5006 2681 5060 Ante
2703 5013 2840 5073 erat,
2871 5005 3094 5073 nomine,
3118 5004 3472 5077 conregnabat
3493 5012 3548 5060 ut
3569 5005 3692 5076 sibi,
3717 5020 3854 5080 etc.,

2262 5076 2410 5131 nullo
2438 5091 2618 5132 sensu.

2341 5148 2413 5219 (ε)
2441 5146 2539 5223 his.
2574 5145 2730 5202 Vien.
2757 5148 3116 5223 pavimentum
3163 5146 3273 5223 sed
3300 5149 3489 5219 periri,
3508 5164 3648 5223 vera
3667 5149 3858 5223 lectio,

2261 5216 2941 5293 qum'conljrmqur'carm.
2973 5216 3367 5293 2‘5,_v.A40.A....
3398 5216 3568 5293 medio
3616 5216 3859 5293 spatiosa

2257 5285 2464 5371 punito.
2491 5288 2580 5372 .De
2631 5285 2835 5372 Christi
2872 5288 3211 5372 vestigiis‘iii
3260 5287 3454 5372 oliveti
3474 5285 3665 5372 monte
3688 5293 3859 5372 humo

2259 5357 2536 5431 impressis
2555 5359 2758 5414 mentio
2784 5357 2843 5413 fit
2861 5357 3030 5415 etiam
3050 5361 3104 5414 in
3131 5359 3271 5416 libro
3289 5361 3358 5417 de
3387 5358 3546 5419 Locis
3566 5360 3857 5423 Hebraicis

2259 5430 2399 5486 inter
2444 5429 2752 5493 Hieronymi
2804 5445 2989 5493 opera,
3046 5430 3187 5493 apud
3213 5432 3568 5493 Augustinum
3610 5443 3853 5493 tractatu

2258 5440 2399 5486 inter
2444 5440 2752 5555 Hieronymi
2804 5445 2989 5500 opera,
3046 5440 3187 5502 apud
3213 5440 3568 5501 Augustinum
3610 5443 3853 5493 tractatu

2258 5500 2327 5574 f1
2357 5503 2608 5572 incap.x
2668 5500 2853 5574 ubam,
2878 5517 2932 5556 ιι.
2967 5501 3197 5574 4;_apud
3243 5501 3537 5574 Sulpicium
3585 5502 3854 5564 Severum

2257 5570 2460 5657 Histor.
2496 5570 2647 5657 'sacr.
2676 5570 2856 5654 lib.._u,
2876 5588 3008 5657 ‘cap.
3031 5570 3128 5639 48,
3151 5580 3210 5657 et
3222 5570 3378 5657 apud
3410 5573 3613 5631 Bedam
3634 5575 3708 5633 de
3735 5577 3849 5635 No-

2257 5643 2491 5718 minibus
2518 5643 2833 5718 locorum__iu
2861 5643 3009 5700 Actis
3026 5643 3399 5718 apostolorum
3418 5660 3541 5718 cap.
3567 5661 3657 5703 vn.

2327 5718 2395 5788 if)
2424 5713 2523 5788 his.
2550 5712 2734 5788 codex_
2750 5712 3076 5788 Viennensis
3091 5713 3238 5770 addit
3264 5716 3318 5788 i_n
3348 5716 3483 5773 loco.

2323 5784 2403 5858 (ᾖ)
2430 5784 2949 5858 Sicemeudavimus
2988 5799 3058 5841 ex
3265 5784 3400 5852 Rex.
3427 5796 3486 5845 et
3512 5786 3671 5847 Vien.
3704 5788 3850 5851 Alte

2253 5853 2526 5915 natiuis.
2552 5854 2684 5915 Vide
2712 5871 2775 5917 tt.
2796 5853 2851 5928 4,
2871 5865 3058 5913 σηοω
3075 5856 3183 5913 illis
3204 5854 3319 5912 loca
