4022 6406
484 354 580 410 531

1592 354 1642 412 St
1685 349 1958 409 PAULINI
1996 347 2249 408 NOLANl
2287 345 2582 409 EPISCOPI

3653 352 3767 410 332

482 466 693 521 fidimus
718 465 775 520 in
806 465 1031 523 Domino
1060 473 1319 538 perpetua
1350 466 1504 522 nobis
1531 467 1600 522 ab
1627 466 1792 537 ipsius
1817 479 2057 534 munere,
2086 467 2139 543 Α
2233 461 2363 519 [tem
2386 463 2451 519 de
2473 462 2668 518 eodem
2696 478 2708 521 ε

481 566 536 623 et
564 558 618 612 in
645 558 810 627 ipsius
837 574 1067 628 corpore
1095 574 1159 614 ac
1185 558 1376 629 spiritu
1398 558 1662 612 manebit.
1695 556 1821 612 ldeo
1850 556 1895 611 si
1926 544 2069 626 quid

469 666 578 724 per
603 650 1061 719 gratiumDomiui
1084 653 1313 725 amplius
1334 667 1482 722 agas,
1500 652 1780 709 nobiscum
1799 650 2064 722 profecto,

481 750 626 799 certe
656 758 754 812 pro
784 742 939 797 nobis
966 743 1102 811 agis.

544 835 598 888 2.
625 834 731 890 Sed
748 835 803 891 in
833 851 902 892 eo
934 837 1115 892 métuo
1137 851 1206 892 ne
1235 837 1488 908 operibus
1509 838 1635 903 tuis,
1662 838 1856 908 quibus
1884 837 2070 908 iniqua

486 928 682 984 riarum
734 927 1056 982 secularium
1096 926 1299 996 dirigis,
1333 937 1389 983 et
1414 928 1614 983 clivosa
1642 928 1969 997 complanas,
2000 941 2069 981 ex

481 1017 590 1083 illo,
622 1020 689 1087 de
717 1033 826 1088 quo
855 1034 1068 1089 semper
1095 1034 1397 1088 conqueror
1426 1018 1617 1075 affectu
1639 1019 1694 1074 in
1718 1026 1952 1086 nos.tuo,
1982 1032 2071 1071 sa.-

483 1109 684 1163 .ebraut
713 1105 1023 1164 oll‘ensionis
1050 1108 1372 1176 immisceas,
1399 1111 1545 1180 quod
1569 1109 1879 1180 splendidos
1906 1108 2070 1163 devov-

479 1198 641 1256 tionis
670 1199 724 1254 in
751 1199 965 1255 Christo
996 1206 1099 1254 tua:
1132 1200 1316 1255 titulos
1342 1201 1541 1255 nostris
1572 1200 1876 1257 nominibus
1898 1198 2070 1253 infus-

477 1280 600 1356 casi;
630 1298 688 1347 et
720 1290 879 1361 iustis
918 1291 1193 1347 laboribus
1227 1291 1365 1347 hanc
1402 1292 1737 1363 iniquitatem
1766 1290 1987 1358 inseris,
2011 1296 2073 1345 ut

478 1383 655 1438 locum
710 1391 955 1440 sanctum
1003 1384 1165 1438 etiam
1211 1383 1444 1439 vultibus
1482 1382 1799 1451 iniquorum
1835 1380 2065 1451 polluas,

477 1472 643 1530 Recte
672 1476 816 1531 enim
844 1476 898 1530 in
927 1474 1047 1530 loco
1076 1473 1384 1530 rcfectionis
1408 1475 1483 1545 (id
1519 1484 1594 1527 est
1619 1471 1941 1543 haptisterii)
1968 1473 2069 1527 bu-

475 1580 648 1620 manze
674 1565 933 1621 Martinus
956 1565 1210 1636 pingitur,
1242 1565 1331 1634 qui
1361 1563 1855 1623 ccclestiszhominis
1880 1562 2063 1631 imagi-

476 1672 603 1711 nem
632 1657 873 1727 perfecta
917 1656 1117 1711 Christi
1158 1656 1459 1713 imitatione
1499 1656 1774 1727 portavit;
1807 1662 1865 1713 ut
1904 1654 2071 1726 depo-

476 1748 729 1808 nentibus
750 1748 803 1802 in
826 1748 1043 1803 lavacro
1065 1755 1297 1805 terrenas
1322 1747 1568 1819 imaginis
1592 1755 1930 1813 vetustatem,
1957 1746 2070 1801 imi-

2293 570 2442 637 Diges
2457 585 2602 633 apum
2625 571 2833 637 Christo,
2859 574 3173 637 pauperslhi,
3199 572 3397 637 pulchra
3421 572 3646 627 Severus

2357 632 2571 683 Culmina
2588 637 2792 683 sacratis
2813 632 3030 686 fontibus
3062 632 3290 687 instituit.
3588 642 3593 646 ’

2294 695 2357 746 Ει
2377 696 2490 754 quia
2516 696 2753 745 caelestes
2773 697 2929 744 aulam
2956 698 3196 748 condebat
3223 701 3272 748 in
3291 706 3447 756 actus,

2362 758 2464 813 Qua
2486 765 2839 822 renonrentur
2858 758 2991 808 fonte
3018 758 3223 822 Deoque
3249 761 3507 810 boniines':

2298 817 2358 867 Di
2401 832 2457 887 pa
2481 821 2798 867 sacramentis
2853 822 3013 868 euiina
3036 823 3127 869 sub
3145 817 3363 881 imagine
3392 818 3571 889 pinxit.

2358 830 2582 926 ἄθρει-ει
2601 887 2655 926 ιιι
2673 885 2786 926 vitm
2807 832 2929 926 «iam
2952 886 3152 926 renatus
3175 883 3335 926 hanno.

2403 883 2582 929 iaceret
2601 887 2655 928 ut
2673 885 2786 929 vitm
2807 883 2929 930 dona
2952 886 3152 931 renatus
3175 883 3335 932 homo.

2300 939 2859 1008 Ila_r_tluum_ven_eranda
2888 945 2973 992 viri
2995 947 3202 1008 testatur
3228 946 3391 1008 imago
3418 956 3432 994 :

2356 1001 2522 1051 Altera
2551 1003 2798 1053 Paulinum
2824 1002 2973 1053 forma
2994 1004 3148 1055 r‘efert
3172 1001 3425 1062 humilém.

2298 1063 2387 1126 ille
2412 1062 2817 1126 ﬁdemexcmplis
2836 1074 2887 1115 et
2904 1063 3045 1115 dictis
3056 1066 3262 1116 fortibus
3282 1076 3453 1126 armat,

2365 1123 2427 1174 Ut
2443 1121 2601 1173 meriti
2626 1121 2808 1185 palmas
2833 1130 3125 1177 intemerata
3149 1130 3293 1178 ferar.

2305 1185 2705 1252 lss_e_docct,fu_sis
2726 1185 2976 1242 redimens
2998 1201 3085 1237 sua
3110 1192 3309 1252 crinitus
3330 1192 3562 1252 nummis,

2362 1243 2513 1297 Vilior
2534 1255 2586 1298 ut
2607 1248 2670 1298 sit
2693 1262 2777 1299 res
2804 1252 2845 1310 ο,
2871 1261 3017 1313 quant
3038 1263 3124 1300 sua
3149 1251 3327 1313 cuique
3360 1250 3507 1301 salus.

2244 1354 2298 1408 4.
2338 1354 2495 1410 Certe
2525 1357 2782 1427 probatur
2803 1357 2913 1428 jam
2939 1364 2991 1413 te
3013 1373 3123 1416 non
3147 1358 3452 1431 ridendum,
3483 1359 3772 1431 magisun

2171 1444 2527 1515 probandum.
2558 1444 2603 1501 si
2632 1446 2735 1503 hac
2773 1455 2980 1509 tantum
3010 1448 3221 1505 ratione
3248 1448 3558 1518 longissime
3598 1445 3768 1505 dissi-

2169 1535 2325 1591 miles
2355 1536 2597 1591 cominus
2624 1536 2862 1607 pinxisse
2888 1538 3154 1605 videaris;
3180 1546 3237 1593 ut
3259 1538 3310 1592 in
3333 1539 3564 1594 Μαι·ιίηο
3587 1536 3771 1596 forma

2165 1628 2383 1699 justitize
2410 1638 2464 1684 et
2489 1646 2695 1687 summa
2723 1631 3002 1696 virtutum,
3033 1631 3085 1691 in
3115 1631 3273 1687 nobis
3300 1630 3644 1687 conscientia:
3668 1629 3773 1686 ini.-

2171 1720 2392 1783 auitatis
2419 1720 2638 1779 obtritio
2663 1729 2723 1777 et
2751 1719 3020 1780 confessio
3041 1730 3375 1787 cerneretur,
3402 1731 3459 1777 ut
3499 1721 3557 1777 et
3584 1722 3771 1781 beatis

475 1807 638 1895 tanda
663 1839 896 1894 caelestis
923 1839 1116 1909 animm
1164 1845 1411 1901 occurrat
1430 1807 1686 1907 velligies.
1716 1807 2062 1894 Noster’vero
2093 1843 2140 1909 Β
2170 1812 2475 1909 “fimum
2504 1820 2715 1909 P‘f‘e'e‘}
2739 1821 2795 1909 ei
2820 1808 3063 1909 mi§eiiss
3081 1807 3260 1909 [fimo
3290 1812 3771 1909 §Pe€llium4rbﬂp

475 1931 594 2000 quis
620 1930 730 1986 illic
757 1930 910 1985 locus
935 1938 1037 1992 est,
1058 1929 1151 1998 qui
1166 1945 1290 1984 nec
1310 1927 1598 1987 infantibus
1618 1929 2063 1993 innocentia,.ne-.-

473 2006 581 2093 que
607 2021 737 2076 viris
763 2021 1132 2077 concurrimus
1169 2021 1473 2092 sapientia?
1501 2028 1557 2075 et
1596 2021 1667 2076 ab
1707 2019 2062 2082 immaculatis

474 2114 701 2178 malitia,
758 2128 795 2169 ιι
831 2113 1084 2185 perfectis
1136 2112 1443 2169 infirmitate
1489 2112 1902 2181 distinguimur?
1932 2108 2061 2176 ρυω

472 2221 593 2276 ergo
617 2208 835 2259 societas
864 2205 1052 2259 lumini
1073 2214 1122 2258 et
1146 2203 1364 2259 tenebris
1389 2205 1442 2257 υἳ
1476 2203 1621 2273 lupis
1648 2203 1919 2269 etagnis?
1946 2218 2061 2258 ser—

471 2295 722 2365 pentibus
748 2303 801 2349 et
840 2294 1137 2352 columbis?
1172 2294 1278 2348 hoc
1315 2301 1429 2355 est,
1463 2292 1618 2347 nobis
1651 2299 1708 2347 et
1740 2292 1895 2364 196
1920 2288 2061 2346 Mar-

472 2384 620 2438 tino?
645 2383 833 2439 Nonne
855 2390 913 2437 tu
940 2382 1101 2438 lactis.
1121 2389 1177 2437 et
1202 2381 1341 2436 fellis
1368 2381 1616 2450 poculum
1646 2377 2062 2435 miscuisti?Sed

470 2478 630 2541 bene,
655 2476 799 2545 quod
830 2491 935 2533 non
963 2484 1020 2530 ut
1063 2476 1117 2530 in
1146 2460 1442 2545 liquoribus
1474 2488 1579 2529 uno
1606 2472 1772 2528 calice
1801 2471 2055 2537 confusis,

472 2568 547 2623 ita
564 2568 631 2620 .in
676 2565 982 2621 hominibus
1021 2564 1213 2619 eodem
1260 2564 1382 2624 loco
1433 2564 1634 2625 mixtis.
1665 2564 1710 2617 si
1753 2562 2060 2632 discrepent

471 2657 679 2712 meritis
692 2696 716 2723 .,
750 2656 875 2710 boni
902 2656 1141 2711 suavitas
1168 2653 1524 2710 amaritudine
1563 2654 1691 2708 mali
1718 2662 2055 2710 venenatur:

471 2756 767 2819 contraque
796 2750 973 2804 evenit
1010 2757 1066 2809 ut
1109 2753 1366 2819 peccator
1397 2745 1545 2816 justo
1572 2747 1900 2817 compositus
1938 2760 2056 2801 ma-

472 2844 553 2912 gis
571 2841 812 2902 sordeat,
836 2849 891 2897 et
912 2851 1195 2911 peccatore
1221 2840 1419 2896 collato
1443 2841 1613 2910 magis
1626 2839 2052 2915 jttstuseluceat,

472 2934 768 3001 Quominus
802 2948 1027 2989 moveor
1050 2946 1238 2988 errore
1262 2931 1504 2988 caritatis
1528 2940 1631 2985 tua:
1650 2970 1664 2995 ,
1688 2931 1816 3002 quia
1854 2922 2056 2988 nullam

472 3027 633 3083 beato
660 3026 738 3081 illi
767 3023 937 3081 fticisti
963 3023 1231 3094 iniuriam,
1254 3025 1542 3095 potiusque
1567 3022 1637 3078 ad
1665 3024 1888 3093 gloriam
1914 3025 2057 3083 illius

472 3117 744 3174 contulisti
769 3158 784 3182 ,
814 3125 874 3184 ut
916 3114 1109 3171 contra
1134 3115 1517 3187 despicabilem
1543 3114 1717 3171 facies
1736 3117 2057 3174 venerabilis

470 3212 799 3286 pingerctur,
826 3224 933 3280 quo
953 3208 1206 3279 splendor
1234 3206 1351 3278 ejus
1377 3208 1784 3279 comparatione
1809 3209 2056 3275 tenebra-

474 3320 594 3359 rum
621 3303 818 3358 clarius
844 3300 1137 3365 emicaret,
1159 3300 1254 3369 qui
1280 3300 1443 3354 etiam
1471 3300 1525 3354 in
1553 3300 1908 3370 sptendoribus
1935 3317 2060 3356 sau-

463 3392 718 3450 .ctorttmb
766 3394 1054 3463 conspicua
1100 3391 1341 3448 claritate
1382 3390 1677 3462 praefulget.
1731 3391 1799 3448 Et
1843 3394 2059 3464 quidem

473 3490 574 3545 nisi
594 3488 787 3544 scirem
833 3496 887 3542 te
939 3487 1183 3556 impenso
1224 3486 1374 3545 nimii
1417 3486 1470 3540 in
1510 3501 1611 3541 nos
1646 3487 1845 3542 amoris
1880 3487 2057 3544 studio

471 3584 609 3638 hanc
636 3579 950 3635 informasse
978 3581 1263 3650 picturam,
1291 3577 1614 3633 malitiosum
1655 3587 1708 3633 te
1733 3587 1787 3634 et
1805 3580 2057 3636 callidum

472 3673 807 3740 criminarer,
837 3671 930 3742 qui
973 3680 1169 3727 nostrae
1203 3669 1517 3731 humilitatis
1552 3671 1810 3727 obscuras
1849 3672 2051 3728 animo-

470 3782 593 3823 rum
619 3776 779 3822 nocte
799 3779 1078 3835 personas,
1108 3780 1177 3820 ex
1196 3765 1405 3819 adversi
1425 3764 1579 3833 juxta
1597 3765 1817 3833 parietis
1836 3766 2058 3834 regione

470 3860 714 3929 depictas
731 3864 919 3912 sancto
944 3856 1105 3926 capiti
1119 3856 1453 3921 contulisses,
1470 3865 1529 3910 ιιι
1548 3855 1695 3911 illum
1717 3863 1921 3916 tantum
1939 3856 2056 3925 pinc

470 3965 626 4019 geres
648 3991 665 4018 ,
696 3964 795 4005 nos
821 3964 951 4004 vero
980 3949 1155 4019 potius
1196 3947 1526 4003 deformares
1546 3989 1562 4014 ,
1593 3963 1728 4018 quos
1760 3942 1883 4018 iure
1914 3948 2057 4003 ‘c'on-

470 4049 658 4114 specta
684 4040 897 4096 Martini
925 4039 1058 4097 facie
1083 4038 1421 4110 despuendos
1450 4039 1515 4094 ad
1544 4041 1800 4110 probrum
1821 4041 2058 4096 ridiculm

473 4132 890 4203 comparationis
917 4147 1236 4202 exponeres.
1266 4130 1373 4186 Sed
1409 4146 1478 4186 ue
1512 4130 1690 4187 nostri
1708 4145 1891 4200 causa,
1919 4147 2056 4202 quo-

470 4240 593 4279 rum
630 4224 799 4279 tnqu
840 4238 1025 4279 amore
1068 4226 1193 4279 dum
1244 4222 1475 4288 falleris,
1524 4223 1714 4277 falsum
1760 4222 1910 4290 facis,
1941 4225 2056 4279 htec

471 4316 855 4372 commentatio
885 4324 977 4370 tua
1004 4314 1071 4369 de
1098 4315 1325 4370 caritate
1344 4314 1589 4384 prolapsa
1620 4314 1964 4382 irrideretur;
1997 4325 2057 4370 ut

470 4423 658 4463 revera
672 4415 860 4477 potest
889 4414 943 4461 et
969 4406 1146 4461 debet.

542 4499 592 4553 ’5.
636 4497 747 4553 Hac
771 4507 976 4553 tantum
995 4498 1166 4565 gratia
1188 4499 1336 4568 parvi
1368 4499 1467 4554 tibi
1493 4499 1545 4553 in
1573 4500 1849 4559 versiculis
1868 4502 1935 4559 de
1955 4504 2054 4557 liu-

469 4592 697 4663 jusmodi
742 4601 830 4646 tua
861 4593 1066 4663 pictura
1094 4592 1163 4646 ad
1204 4600 1257 4646 te
1283 4591 1558 4647 mittendis
1578 4633 1593 4657 ,
1625 4600 1683 4646 nt
1723 4596 1937 4649 consilii
1974 4598 2048 4651 tui
2080 4593 2129 4653 D

469 4687 609 4742 ratio
636 4686 958 4757 proderetur
979 4728 995 4754 ,
1025 4700 1131 4755 qua
1160 4685 1445 4741 salubriter
1482 4701 1746 4740 novorum
1774 4688 2048 4744 hominum

470 4779 831 4834 informationi
872 4778 1127 4841 studens,
1158 4776 1397 4833 diversas
1438 4777 1596 4845 longe
1645 4779 1747 4834 sibi
1794 4780 2049 4849 imagines

469 4872 876 4941 proposuisses;
911 4876 968 4923 ut
992 4877 1326 4935 emergentes
1353 4883 1380 4920 τι
1408 4883 1564 4923 sacro
1589 4868 1754 4934 fonte,
1786 4881 1841 4924 et
1868 4874 2061 4926 vitan-‘

468 4963 592 5017 dum
615 4968 669 5015 et
686 4960 1019 5029 sequendum
1049 4959 1248 5028 pariter
1274 4960 1731 5027 conspicerentur.
1756 4960 1940 5031 Itaque
1966 4964 2046 5020 sic

468 5054 636 5110 habes
655 5054 709 5121 ³;
738 5054 782 5108 si
805 5053 998 5123 placet,
1031 5060 1202 5107 utere.

592 5165 797 5215 Abluitis
819 5166 1097 5225 quicunque
1122 5166 1303 5211 animas
1321 5173 1364 5213 et
1396 5165 1614 5213 membra
1643 5166 1859 5227 lavacris,

650 5228 848 5277 Cernite
872 5240 902 5287 p
928 5228 1143 5285 epositas
1166 5228 1221 5274 ad
1244 5229 1365 5274 bona
1390 5227 1509 5274 facta
1539 5230 1649 5275 vias.

589 5292 759 5340 Adstat
787 5287 1018 5350 perfecta
1044 5287 1274 5336 Martinus
1294 5290 1464 5349 regula
1499 5292 1609 5337 vitae
1634 5302 1647 5337 :

654 5351 887 5399 Paulinus
909 5363 1098 5399 veniam
1121 5362 1216 5409 quo
1236 5364 1462 5398 mereare
1484 5352 1640 5398 docet.

588 5409 728 5462 Hunc
749 5420 1051 5473 peccatores,
1078 5410 1209 5473 illum
1234 5419 1450 5473 spectate
1476 5413 1636 5462 beati:

563 5518 568 5523 .
642 5470 914 5535 Exemplar
927 5476 1104 5522 sanctis
1129 5472 1210 5520 ille
1227 5470 1310 5531 sit,
1330 5470 1421 5521 iste
1442 5476 1558 5521 reis.

537 5590 559 5618 ⁸
581 5579 628 5634 ll
653 5579 776 5636 Cor.
808 5596 876 5641 vr,
908 5578 988 5632 Η.
1065 5578 1091 5619 δ
1125 5578 1261 5633 Psal.
1291 5592 1394 5644 (nx,
1421 5581 1471 5634 '5.
1554 5591 1580 5620 α
1599 5580 1653 5634 id
1682 5588 1763 5636 est
1782 5584 2032 5650 pecuuiw.
2052 5584 2184 5641 Vidc
2208 5584 2362 5654 epist.
2399 5583 2424 5636 1
2451 5584 2704 5654 append.,
2724 5602 2782 5648 ηε
2801 5586 2854 5641 6.
2910 5584 2935 5624 δ
2966 5586 3102 5644 Psal.
3129 5607 3350 5659 xxxvm,
3378 5591 3433 5648 ἢ.

467 5676 521 5740 x,
554 5673 641 5727 19.

2166 1903 2320 1974 tudo,
2352 1905 2405 1959 in
2430 1904 2592 1961 nobis
2619 1904 2867 1960 solatium
2899 1905 3125 1967 haberet
3146 1906 3378 1976 ignavia.
3403 1905 3557 1960 illum
3578 1907 3774 1960 intue-

2161 2004 2365 2062 rentur,
2406 1996 2499 2068 qui
2539 2008 2865 2071 prteceptum
2916 1997 3225 2053 sufficerent
3270 1998 3497 2070 implere
3543 1997 3771 2059 virtuti-

2159 2087 2299 2145 bus:
2331 2089 2383 2145 in
2428 2090 2584 2145 nobis
2644 2089 2795 2162 197
2850 2088 3287 2167 consolarentur,
3314 2089 3406 2159 qui
3453 2089 3765 2149 remedium

2159 2177 2374 2239 vellent.
2411 2181 2622 2239 afferre.
2639 2182 2973 2238 criminibus.
3005 2181 3139 2255 Quia
3181 2181 3514 2238 innocentiae
3560 2180 3769 2241 fiducia

2160 2274 2449 2341 destitutis,
2477 2282 2534 2330 et
2560 2289 2703 2329 nexu
2725 2273 3020 2345 iniquitatis
3046 2272 3339 2342 adstrictis,
3361 2264 3476 2333 sola
3505 2279 3567 2334 ut
3594 2275 3772 2342 capti.

2157 2365 2244 2420 vis
2266 2373 2456 2436 potest
2497 2364 2762 2427 redemtio
2798 2365 3104 2420 subvenire.
3146 2364 3340 2431 Quieso
3367 2373 3423 2424 te
3450 2372 3663 2433 tamen,
3692 2379 3772 2426 ne

2159 2454 2521 2510 obedientiam
2561 2469 2739 2509 meam
2760 2457 2962 2509 crimen
2991 2453 3177 2522 facias,
3206 2455 3252 2511 si
3274 2470 3463 2512 versus
3486 2463 3611 2512 tuos
3630 2455 3768 2516 illos

2159 2542 2373 2607 luminis
2394 2551 2448 2598 et
2472 2543 2734 2613 favorum,
2766 2546 2907 2601 sicut
2937 2546 3284 2613 denuntiasti,
3314 2548 3546 2603 auferas.
3580 2548 3766 2605 Vere-

2157 2632 2330 2690 cunde
2357 2648 2538 2703 quaeso
2568 2633 2699 2689 illud
2727 2636 2897 2706 magis
2919 2677 2934 2701 ,
2969 2650 3132 2706 quam
3177 2652 3303 2693 vere
3342 2637 3589 2694 minatus
3633 2637 3715 2693 sis
3742 2656 3760 2707 ;

2150 2732 2236 2790 et,
2268 2724 2315 2779 si
2355 2725 2485 2780 istos
2526 2721 2905 2782 adscribendos
2932 2727 3241 2797 putaveris,
3272 2726 3762 2800 illi'permaueant,

2151 2822 2223 2868 ut
2248 2813 2442 2871 horum
2465 2813 2618 2885 quasi
2646 2814 2924 2883 gemmulte
2952 2815 3078 2883 sint,
3105 2823 3160 2871 et
3189 2814 3388 2873 faciant
3413 2812 3608 2877 vilibus
3638 2823 3765 2891 pre-

2146 2905 2294 2962 tium
2314 2913 2377 2960 et
2413 2905 2559 2962 claro
2587 2912 2705 2963 atra
2733 2905 3080 2975 distinguant.
3112 2906 3257 2967 Sane
3285 2904 3508 2980 accepta
3532 2908 3762 2966 licentia

2152 2998 2273 3055 dixi
2293 2998 2486 3068 linguae
2513 3014 2667 3066 mete,
2689 3015 2797 3061 non
2813 3000 2968 3084 juxta
2995 3001 3317 3072 prophetam
3344 2999 3394 3069 δ,
3418 3010 3477 3057 ιιι
3502 2994 3761 3058 maneret

2159 3088 2214 3145 in
2244 3091 2429 3160 requie
2456 3105 2584 3156 sua,
2615 3097 2671 3149 et
2707 3092 3002 3148 custodiret
3043 3093 3161 3170 vias
3200 3105 3350 3149 meas
3427 3092 3524 3153 sed
3570 3093 3761 3169 potius

2082 3211 2129 3279 ο
2158 3180 2417 3279 oppositae
2437 3180 2825 3279 sibi-custodes
2855 3180 3035 3239 frenos
3064 3192 3357 3253 rumperet.
3418 3184 3577 3258 198
3618 3183 3758 3239 dum

2159 3270 2387 3325 serviret
2412 3270 2526 3324 tibi.
2550 3269 2629 3324 Ita
2659 3280 2712 3326 te
2737 3270 2921 3341 diligo,
2953 3279 3009 3327 ut
3034 3274 3204 3344 magis
3232 3273 3301 3329 de
3321 3273 3753 3345 obtemperande

2159 3360 2255 3415 tibi
2276 3374 2436 3431 quam
2459 3360 2527 3416 de
2547 3361 2883 3433 multiloquin
2912 3373 3192 3433 peccatum
3223 3364 3469 3420 timerem
3493 3346 3540 3420 e.

2231 3451 2284 3506 5.
2323 3450 2490 3518 Quam
2538 3451 2609 3508 ob
2652 3469 2764 3508 rem
2810 3454 2972 3509 etiam
3018 3454 3254 3511 basilicis
3295 3454 3402 3512 tuis
3421 3456 3755 3524 versiculos,

2157 3543 2309 3615 quasi
2330 3545 2540 3600 votivas
2564 3545 2730 3600 sacris
2751 3543 2989 3602 fontibus
3012 3540 3205 3603 titulos
3232 3547 3515 3604 destinavi.
3539 3547 3764 3619 Siquid

2158 3636 2211 3690 in
2240 3635 2323 3691 bis
2368 3643 2489 3704 apte
2530 3636 2739 3691 locutus
2768 3636 3009 3704 videbor,
3051 3637 3168 3700 haec
3195 3653 3411 3708 quoque
3439 3638 3622 3695 fratris
3650 3638 3753 3697 Vi;

2158 3726 2320 3782 cteris
2349 3727 2514 3794 gratia
2541 3736 2641 3789 est,
2669 3727 2821 3796 cujus
2841 3728 3009 3783 oculis
3040 3737 3093 3783 et
3124 3729 3302 3783 verbis
3332 3729 3512 3785 omnia
3541 3743 3661 3806 quae
3692 3727 3749 3784 in

2157 3815 2368 3872 Christo
2401 3816 2625 3873 Domino
2664 3812 2835 3872 fecisti
2884 3826 2935 3873 et
2966 3819 3080 3886 agis
3112 3819 3257 3885 vidi;
3308 3826 3363 3874 et
3408 3814 3529 3875 ideo
3558 3836 3753 3876 versus

2157 3925 2291 3981 quos
2320 3918 2376 3964 et
2403 3912 2469 3964 de
2498 3910 2731 3964 basilicis
2759 3909 3053 3980 interposui
3094 3910 3211 3982 ipso
3254 3919 3445 3967 antore
3465 3913 3751 3981 censebis,

2156 3999 2248 4069 qui
2277 3999 2558 4053 materiam
2585 3998 2805 4053 dictavit
2832 3999 3172 4054 enarratione
3210 3998 3475 4055 factorum
3500 4008 3749 4060 tuorum.

2158 4090 2233 4144 De
2262 4085 2573 4160 baptisteria
2605 4090 2765 4163 igitur
2794 4089 2909 4160 ipso
2939 4093 3097 4146 erunt
3127 4091 3234 4157 isti,
3263 4090 3331 4146 de
3356 4090 3510 4161 cujus
3532 4093 3749 4162 pictura

2158 4188 2361 4234 tantum
2387 4187 2507 4235 sunt
2538 4177 2617 4233 illi
2638 4180 2961 4249 superiores.

2251 4294 2342 4357 Hic
2360 4296 2734 4357 reparandarum
2759 4305 3023 4354 generator
3044 4294 3147 4344 fons
3171 4300 3460 4347 animarum.

2312 4355 2477 4405 Vivum
2501 4357 2661 4404 divino
2684 4356 2869 4405 lumine
2893 4358 3077 4405 tinnien
3104 4360 3219 4413 agit.

2246 4417 2459 4484 Sanctus
2480 4419 2524 4466 in
2548 4420 2674 4466 hunc
2696 4416 3094 4484 eteiogdescendit
3114 4419 3323 4481 Spiritus
3342 4434 3553 4484 amnem,

2313 4480 2608 4540 leestique
2632 4491 2792 4542 sacras
2811 4480 2939 4529 tbnte
2967 4480 3163 4538 maritat
3175 4495 3325 4542 aquas
3352 4498 3365 4534 :

2248 4538 2463 4603 Cnpcipit
2485 4538 2608 4588 unda
2634 4538 2788 4589 Deum
2819 4555 2831 4587 :
2856 4552 3168 4602 sanctamque
3186 4538 3453 4603 liquoribus
3472 4546 3630 4596 almis.

2311 4600 2421 4664 Eun
2442 4606 2508 4650 ab.
2523 4618 2549 4650 ιι
2566 4611 2710 4652 terno
2728 4606 2921 4664 semine
2940 4600 3241 4664 progeniem.

2245 4663 2366 4729 Mira
2396 4663 2689 4729 Deipietasl
2718 4663 2949 4716 Peccator
2972 4663 3209 4729 intergitur
3233 4667 3394 4729 undis,

2306 4680 2366 4712 ira
2396 4680 2487 4724 uel
2511 4680 2689 4726 pietas:
2718 4680 2946 4716 reccator
2972 4680 3209 4772 ιιιθηῇιιυι*
3233 4680 3394 4729 uuois,

2306 4725 2411 4796 mox
2442 4727 2712 4796 (a)‘eadcm
2735 4728 3077 4796 emergit-justi
3114 4735 3251 4776 catus
3274 4740 3422 4791 aqua,

2241 4785 2341 4851 Sig
2353 4785 2501 4835 homo
2521 4793 2572 4836 et
2586 4785 2768 4837 occasir
2783 4786 2914 4837 felici
2937 4790 3131 4837 t'unetus
3154 4796 3203 4838 et
3229 4785 3358 4851 ortu,

2299 4848 2539 4910 Terreuis
2562 4851 2792 4906 moritur,
2816 4851 3071 4910 perpetuis
3095 4853 3267 4900 oritur.

2243 4908 2390 4975 Culpa
2413 4914 2557 4971 perit,
2583 4913 2669 4959 sed
2693 4912 2791 4962 vita
2818 4908 2975 4975 reurllt;
2998 4922 3146 4975 vetus
3165 4914 3332 4962 interit
3359 4912 3529 4975 Adam,

2305 4971 2528 5020 Etuorus
2549 4978 2747 5021 aeternis
2766 4974 2974 5022 nascitur
2997 4971 3235 5034 Imperiis.

2218 5077 2517 5146 Sequentes
2539 5075 2606 5139 ad
2625 5077 2967 5132 basilicarum
2995 5078 3262 5148 picturam
3289 5090 3418 5136 sunt
3449 5081 3489 5137 δ.

2241 5170 2474 5230 Corpore,
2494 5177 2680 5230 mente,
2708 5170 2824 5230 fide,
2846 5173 3142 5222 castissimus
3163 5171 3316 5223 incola
3341 5175 3524 5227 Christi

2303 5207 2517 5280 Condidit
2542 5235 2631 5281 ista
2647 5207 2766 5280 beo
2791 5207 2916 5281 tecta
2931 5207 3153 5283 Etim}

2244 5292 2398 5367 Totus
2419 5302 2475 5367 et
2495 5294 2601 5367 ipse
2629 5294 2982 5367 Dei_templum
3003 5299 3139 5367 viget
3158 5295 3351 5367 hospite
3372 5297 3588 5367 Christo,

2300 5352 2705 5419 Gaudentemque
2730 5352 2896 5419 humili
2921 5352 3079 5405 corde
3090 5360 3216 5419 gerit
3234 5352 3519 5411 Dominum.

2236 5411 2364 5466 Ecce
2388 5416 2521 5463 velut
2538 5411 2666 5465 trino
2686 5416 2802 5466 colit
2826 5429 2971 5467 unam
2985 5411 3181 5469 nomine
3204 5430 3453 5474 mentem:
3526 5428 3529 5431 ’

2275 5516 2280 5521 .
2298 5477 2377 5525 Sic
2396 5479 2578 5525 trinum
2599 5485 2764 5527 sancta
2780 5480 2802 5511 ⁸
2820 5478 2948 5527 mole
2967 5485 3171 5530 sacravit
3189 5493 3325 5543 Opus.

3516 5611 3539 5639 ε
3568 5599 3733 5662 Prov.

535 5787 612 5856 (α)
639 5783 730 5860 Sic
755 5785 1129 5860 mss;_c_odices
1150 5786 1305 5857 Reg.,
1330 5786 1447 5842 Vat.
1491 5794 1546 5841 et
1576 5784 1728 5841 Vien.
1760 5800 1890 5842 cum.
1929 5785 2091 5844 editis
2119 5785 2355 5860 quinque
2379 5825 2395 5853 ,
2451 5785 2665 5842 licentia
2703 5785 2934 5860 poetica.
2968 5788 3108 5843 Edit.
3142 5787 3385 5859 Poelm.,
3409 5795 3740 5858 idem.~Vide

469 5876 630 5915 carm.
667 5855 751 5924 l5,
779 5872 826 5909 ν.
860 5856 983 5912 554.
