4022 6400
1775 333 1825 389 s.
1872 335 2143 394 PAULINI
2181 335 2431 392 NOLANI
2475 336 2780 394 episcopi
3755 328 3865 386 540

2172 457 2220 516 Α
2251 453 2323 506 illi
2353 453 2530 522 potius
2557 468 2718 522 quam
2748 451 2905 506 nobis
2932 451 3214 521 profutura
3234 451 3520 506 faciamus.
3573 449 3620 505 Ο
3664 450 3863 504 miseri

2250 544 2497 598 homines
2522 545 2534 595 !
2564 544 2744 610 largiri
2777 558 2877 598 nos
2904 542 3105 611 aliquid
3132 543 3404 616 credimus
3429 561 3442 597 :
3478 527 3860 610 negotiamur,

2245 642 2301 688 et
2319 635 2567 690 liberales
2592 635 2868 701 habemur,
2889 635 2982 706 qui
2996 637 3293 690 avarissimi
3312 651 3431 690 esse
3448 637 3858 699 convincimur;

2243 733 2304 779 et
2337 726 2552 793 quidem
2583 734 2737 780 tanto
2783 727 3059 780 avariores
3098 721 3462 796 cupidissimis
3497 737 3658 782 terra:
3703 727 3860 780 fene-

2243 816 2513 870 ratoribus
2537 856 2552 880 ,
2595 825 2800 886 quanto
2840 817 3070 886 amplius
3094 826 3177 871 est
3204 818 3448 874 calestia
3479 818 3548 872 de
3588 818 3854 885 terrenis,

2243 917 2300 964 et
2321 909 2477 964 beata
2501 908 2569 964 de
2590 908 2804 963 miseris
2822 909 3113 978 egenisque
3137 912 3302 965 rebus
3320 924 3524 975 emere;
3543 923 3712 979 quam
3731 915 3860 963 ιον-η

2243 1015 2373 1055 rena
2399 1000 2626 1056 terrenis
2646 1009 2702 1055 et
2722 1000 3025 1058 labentibus
3047 1003 3261 1072 lapsura
3283 1003 3550 1071 mercari,
3570 1010 3628 1058 et
3653 1001 3860 1056 Domi-

2243 1107 2369 1146 num
2383 1107 2546 1162 quam
2560 1093 2834 1148 hominem
2855 1094 3104 1149 lenerare
3117 1095 3161 1126 ⁸⁸
3179 1093 3277 1166 (γ.
3293 1094 3529 1165 not.70).
3547 1093 3858 1148 Damnata:

2243 1183 2299 1238 in
2329 1184 2448 1252 lege
2475 1185 2564 1256 qui
2592 1188 2864 1254 pecuniam
2893 1203 3043 1240 suam
3079 1187 3280 1241 dederit
3301 1187 3372 1240 ad
3390 1203 3627 1251 usuram,
3653 1196 3708 1241 et
3728 1202 3853 1239 mu-

2243 1293 2368 1330 nera
2389 1293 2542 1346 super
2555 1279 2856 1333 innocentes
2877 1280 3164 1349 acreperitl
3190 1299 3205 1334 :
3229 1294 3359 1334 ecce
3374 1277 3650 1348 Evangelii
3669 1278 3858 1347 gratia

565 330 666 390 339

642 445 720 502 De
746 445 977 518 pictura.

653 561 939 622 Sanctorum
965 559 1102 610 labor
1128 565 1179 609 et
1200 572 1394 609 merces
1415 561 1506 610 sibi
1533 561 1629 622 rite
1657 561 1699 592 ετ
1722 561 1989 622 cohaerent,

653 621 816 684 Ardua
839 637 977 681 crux,
1001 623 1312 684 pretiumque
1334 624 1491 671 crucis
1513 621 1742 680 sublime,
1763 636 1960 681 corona.

655 683 766 747 ipse
783 683 940 747 Deus,
959 683 1100 732 nubis
1119 686 1345 747 princeps
1365 686 1525 733 cruris
1545 694 1694 747 atque
1715 698 1931 747 coronae,

653 743 787 808 inter
816 746 1014 794 iloril'eri
1043 745 1247 794 cteleste
1274 743 1447 793 nemus
1477 743 1711 808 pa_radisi,

651 807 755 858 Sub
775 821 922 856 cruce
946 809 1217 866 sanguine:
1241 808 1383 869 niveo
1399 806 1494 856 staE
1519 806 1742 869 Christus
1765 807 1813 854 in
1837 818 1988 869 agno,

654 869 822 926 Agnus
845 879 899 916 ut
918 873 1121 917 innocua
1149 869 1328 928 injusto
1349 868 1492 917 datus
1517 869 1674 916 hostia
1699 867 1857 917 letho.

631 931 788 1001 207
817 939 946 986 Alite
973 939 996 965 ⁸
1021 935 1373 1001 αυβηιᾼῃιηὶᾶι
1385 946 1580 1001 sanctus
1597 937 1846 996 perfundit
1866 937 2080 986 hiantem

651 999 881 1060 Spiritus,
905 1008 957 1047 et
984 999 1126 1047 rutila
1153 999 1354 1060 Genitor
1373 999 1438 1048 de
1460 1001 1590 1048 nube
1615 1007 1831 1048 coronat.

651 1059 712 1124 Et
733 1063 846 1124 quia
867 1059 1102 1123 praecelsa
1125 1060 1258 1124 quasi
1284 1059 1441 1112 ludes
1466 1074 1587 1124 rupe
1607 1068 1871 1124 superstat,

651 1123 734 1172 Bis
756 1122 967 1184 geminae
988 1123 1187 1183 pecudis
1205 1124 1389 1184 discors
1409 1123 1549 1184 agnis
1568 1135 1724 1180 genus
1749 1122 1873 1171 haedi

651 1183 970 1234 Circumstant
987 1184 1160 1244 solium
1188 1197 1199 1232 :
1222 1183 1370 1232 laevos
1401 1183 1643 1234 avertitur
1671 1184 1833 1232 haedos

652 1245 841 1304 Pastor,
870 1254 923 1296 et
945 1259 1069 1297 etne:
1088 1247 1180 1294 itos
1199 1246 1373 1295 dextra
1397 1246 1732 1308 complectitur
1753 1257 1924 1308 agnos.

629 1349 706 1420 De
735 1351 976 1420 reliquiis
1006 1351 1071 1405 “.

648 1419 777 1483 Ecce
799 1419 891 1470 sub
916 1423 1136 1471 accensis
1157 1422 1390 1472 altaribus
1413 1433 1518 1472 ossa
1552 1422 1739 1483 piorum

711 1482 866 1544 Regia
885 1496 1132 1546 purpureo
1148 1496 1388 1533 marmore
1411 1482 1575 1532 crusta
1596 1485 1736 1546 tegit.

648 1544 818 1609 Ilicet
841 1544 1128 1609 apostolicas
1147 1553 1412 1609 prgesentat
1437 1546 1588 1609 gratia
1608 1545 1740 1592 vires

719 1606 878 1666 Magis
901 1609 950 1654 in
978 1619 1122 1668 parvo
1147 1607 1349 1668 pulvere
1375 1606 1674 1668 pignoribus.

640 1664 738 1718 Hic
759 1664 894 1730 pater
912 1664 1161 1730 Andreas,
1183 1678 1233 1717 et
1256 1664 1644 1730 magno'uomine
1670 1667 1837 1724 Lucas.

709 1727 886 1793 Martyr
911 1727 937 1766 δ
962 1727 1239 1793 etillostris
1261 1727 1501 1793 sanguine
1519 1729 1778 1793 Nazarius;

647 1789 878 1854 Quosque
902 1805 992 1841 suo
1015 1791 1151 1842 Deus
1178 1789 1432 1840 Ambrosio
1453 1800 1565 1854 p0§t
1583 1791 1725 1854 longa
1752 1789 1942 1840 revelat

708 1853 909 1913 Secula;
935 1855 1204 1903 Protasium
1223 1867 1332 1902 cum
1357 1866 1472 1914 pare
1498 1853 1747 1914 Gervas’io.
1945 1855 1948 1858 ’

647 1913 742 1977 Hic
760 1917 904 1964 simul
928 1916 972 1948 δ’
994 1929 1085 1964 una
1115 1918 1245 1977 pium
1268 1913 1605 1974 complectitur
1623 1913 1786 1964 areula
1804 1917 1984 1963 emtum
2013 1927 2028 1961 :

706 1976 771 2026 Et
786 1979 913 2040 capit
934 1976 1124 2038 exiguo
1141 1980 1333 2026 nomina
1355 1983 1488 2025 tanta
1518 1978 1642 2024 sinu.

625 2079 712 2134 18.
756 2070 1162 2148 liazcinterim,
1211 2081 1286 2136 mi
1325 2080 1529 2149 frater,
1579 2090 1635 2137 et
1681 2081 1784 2136 alia
1827 2078 2145 2146 huiusmodi.

553 2186 719 2242 opera
749 2173 975 2228 visibilia
997 2173 1043 2204 ⁸⁸
1062 2172 1131 2228 de
1154 2173 1384 2228 terrenis
1412 2173 1467 2228 in
1497 2181 1637 2228 terra
1663 2172 1850 2226 labore
1878 2171 1922 2203 δι
1954 2170 2138 2226 molie-

552 2275 668 2318 ram
691 2261 743 2298 ⁸³
769 2280 782 2316 :
815 2263 906 2319 sed
929 2263 1226 2319 benedictus
1252 2263 1504 2320 Dominus
1526 2263 1609 2320 die
1633 2264 1881 2337 quotidie,
1903 2264 1987 2336 qui
2009 2263 2137 2334 facit

551 2357 817 2410 mirabilia
854 2357 994 2411 solus
1028 2367 1050 2396 ο
1079 2375 1092 2411 :
1137 2357 1274 2412 sicut
1299 2359 1547 2412 convertit
1573 2366 1772 2428 petram
1813 2357 1868 2410 in
1899 2365 2136 2428 stagnum

551 2465 732 2517 aqua,
761 2449 839 2504 sic
865 2458 922 2504 et
947 2458 1160 2506 terrena
1188 2451 1496 2506 coelestibus
1522 2458 1732 2516 mutat;
1781 2458 1838 2505 et
1865 2450 2004 2506 lianc
2031 2466 2134 2506 no-

549 2538 755 2594 biscum
781 2582 797 2608 ,
838 2556 1163 2611 quamquam
1191 2541 1260 2597 de
1301 2541 1412 2596 suis
1438 2549 1494 2596 et
1517 2540 1606 2596 hic
1630 2550 1686 2596 et
1715 2541 1787 2596 ibi
1817 2541 1978 2596 rebus
2008 2544 2135 2612 per-

551 2632 906 2690 mutationem
950 2625 1132 2706 fac‘ere
1183 2634 1465 2702 dignatur;
1511 2641 1571 2694 ut
1617 2649 1738 2705 quae
1783 2635 2138 2706 corporaliter

549 2723 830 2777 molieram
852 2723 904 2777 in
938 2725 1096 2779 terris
1117 2765 1132 2787 ,
1170 2710 1401 2782 latenter
1425 2725 1481 2780 in
1509 2725 1662 2782 caelis
1689 2740 1784 2796 per
1813 2714 1986 2796 ipsum
2006 2726 2135 2781 redi-

550 2813 812 2879 licentur;
866 2821 994 2893 tunc
1018 2815 1305 2869 revelanda
1331 2817 1520 2882 nobis,
1565 2832 1689 2871 cum
1716 2815 1898 2887 specie
1933 2816 2027 2887 (an
2055 2814 2134 2871 l‘a-

548 2906 680 2973 cies)
711 2905 1010 2964 videbimus
1032 2903 1058 2943 6
1084 2947 1099 2973 ,
1143 2922 1266 2978 qua:
1290 2923 1430 2962 nunc
1459 2922 1557 2978 per
1585 2906 1743 2963 ﬁdem
1767 2907 2127 2978 providemus.

548 2995 736 3067 Itaque
779 2996 869 3052 hic
915 2997 1283 3063 seminamus,
1333 3009 1390 3053 et
1434 2999 1504 3054 ibi
1539 3001 1617 3070 (a)
1645 3002 1898 3054 metimus
1925 3009 1990 3052 ες
2044 2999 2133 3054 hic

547 3091 873 3160 spargimus,
901 3098 955 3144 et
983 3089 1057 3145 ibi
1081 3104 1510 3160 congregamus:
1561 3089 1651 3146 hic
1677 3091 1941 3158 vivimus,
1982 3097 2038 3144 et
2060 3089 2132 3145 ibi

2241 1369 2479 1429 ostendit
2509 1371 2664 1428 nobis
2703 1371 2976 1440 Quomodo
3001 1371 3190 1427 eadem
3220 1372 3450 1429 crimina
3477 1371 3546 1427 ad
3573 1372 3853 1427 innocen-

2243 1462 2372 1516 tiam
2402 1463 2850 1534 sanctitatemque
2883 1472 3197 1528 mutentur;
3230 1482 3331 1521 nec
3353 1481 3552 1536 ptenre,
3575 1467 3674 1520 sed
3703 1479 3853 1535 prm-

2242 1551 2337 1606 mii
2357 1553 2642 1609 retributio
2662 1563 3026 1625 consequatur
3044 1599 3065 1624 ,
3083 1557 3127 1611 si
3153 1564 3360 1612 tantum
3384 1558 3436 1612 in
3460 1564 3736 1628 prtecepta
3761 1555 3854 1611 di-

2239 1643 2364 1703 vina
2386 1644 2636 1701 salutaris
2656 1647 2949 1716 cupiditate
2971 1646 3093 1702 ﬁdei
3110 1656 3520 1704 convertantur.
3537 1648 3614 1702 Da
3635 1648 3706 1704 ad
3721 1664 3854 1703 usu-

2236 1747 2351 1788 ram
2371 1735 2627 1803 pecunias
2645 1744 2787 1803 tuas,
2804 1737 2896 1791 sed
2911 1735 3144 1805 Christo;
3164 1748 3222 1794 et
3233 1739 3489 1794 salutaris
3507 1756 3670 1795 usura
3690 1749 3780 1796 est
3792 1739 3843 1797 κ.

2177 1822 2221 1883 Β
2320 1825 2410 1881 20.
2441 1826 2574 1882 Item
2601 1827 2655 1882 in
2683 1829 2867 1884 seculo
2893 1831 3137 1900 currupti
3162 1831 3476 1887 muneribus
3504 1847 3725 1887 reorum
3747 1831 3846 1902 ju-

2241 1916 2389 1972 dices
2412 1918 2844 1976 condemnamur
2873 1918 2893 1959 1
2923 1938 2938 1974 :
2987 1921 3082 1976 sed
3111 1923 3350 1992 quisquis
3391 1925 3557 1980 homo
3585 1939 3847 1994 praeven-

2240 2013 2328 2061 tus
2372 2007 2430 2062 in
2478 2009 2660 2080 aliquo
2712 2019 2937 2081 peccato
2964 2053 2981 2082 ,
3035 2011 3288 2070 dilﬁdens
3333 2015 3662 2071 innocentia:
3712 2024 3843 2082 tua},

2238 2095 2399 2153 aﬂers
2419 2098 2462 2133 ⁸⁸
2487 2101 2718 2170 pretium
2749 2103 2946 2170 salutis,
2968 2112 3072 2159 tua:
3091 2103 3268 2160 Iudici
3297 2115 3484 2162 nostro
3504 2145 3520 2173 ,
3548 2124 3619 2163 ne
3644 2123 3847 2164 verea-

2235 2186 2490 2258 risquasi
2517 2193 2880 2261 corruptionis
2925 2193 3176 2263 injuriam
3218 2195 3444 2266 justitia:
3485 2197 3585 2254 Dei
3634 2196 3842 2255 facere.

2237 2279 2446 2353 Accipit
2490 2297 2521 2337 a
2571 2291 2624 2338 te
2667 2284 2914 2339 Christus
2959 2286 3134 2341 libens
3171 2288 3363 2345 salutis
3421 2297 3530 2344 tuae
3575 2290 3838 2360 pretium,

2236 2375 2360 2444 quia
2411 2379 2601 2430 mavult
2658 2378 2703 2409 εο
2745 2380 3156 2435 misericordiam
3207 2398 3361 2452 quam
3403 2383 3736 2453 sacriﬁcium.
3769 2392 3811 2420 ω

2236 2465 2342 2523 Sed
2370 2467 2594 2524 forsitan
2621 2471 2818 2540 quieris
2843 2511 2860 2538 ,
2891 2471 2982 2527 ubi
3009 2473 3160 2528 illum
3187 2473 3466 2539 invenies,
3499 2485 3558 2530 et
3579 2491 3688 2547 qua
3708 2491 3840 2532 cor-

2235 2577 2456 2632 rumpas
2481 2563 2523 2595 “
2558 2565 2645 2619 via
2675 2581 2836 2635 quem
2864 2581 2972 2621 non
3002 2566 3174 2622 vides.
3228 2567 3398 2640 Surge
3419 2609 3436 2636 ,
3475 2569 3656 2637 inquit
3679 2609 3700 2633 ,
3745 2569 3841 2641 qui

2236 2654 2461 2721 demtis,
2486 2663 2537 2710 et
2565 2654 2641 2727 (ὁ)
2664 2657 2807 2728 erige
2827 2666 2935 2711 tea
2963 2659 3178 2712 mortuis
3199 2697 3216 2720 ,
3260 2667 3310 2712 et
3338 2659 3564 2730 attinges
3592 2658 3643 2692 "
3690 2657 3841 2713 Chri-

2233 2754 2370 2800 stum
2398 2755 2423 2782 ο
2451 2765 2465 2800 :
2498 2748 2604 2803 hoc
2632 2755 2719 2803 est
2739 2789 2756 2814 ,
2806 2747 3012 2804 discute
3040 2749 3272 2804 carnalis
3299 2750 3510 2805 inertia:
3552 2765 3832 2815 somnum,

2234 2846 2289 2892 et
2313 2837 2624 2908 depressam
2655 2839 2986 2907 cogitatione
3016 2847 3232 2896 terrena
3261 2849 3500 2896 mentem
3525 2855 3557 2895 ε
3598 2842 3834 2897 mortuis

2232 2944 2316 2986 cui
2330 2932 2396 2997 is,
2424 2931 2530 2988 hoc
2554 2942 2637 2988 est
2657 2934 3072 2989 conversatione
3091 2933 3332 3000 carnali,
3363 2934 3542 3005 erige,
3571 2935 3833 2990 attollens

2233 3031 2288 3076 et
2311 3022 2549 3092 dirigens
2593 3023 2646 3078 in
2682 3024 2969 3079 Dominum
3007 3025 3240 3080 animam
3285 3033 3433 3080 tuam
3456 3064 3471 3090 ,
3523 3034 3578 3080 et
3602 3028 3849 3097 attingas:

2232 3112 2524 3169 Christum-
2549 3113 2833 3185 Operando
2865 3116 2912 3146 “
2941 3119 3228 3186 praeceptis
3256 3117 3446 3187 ipsius,
3476 3117 3683 3172 videbis
3705 3133 3828 3172 eum

547 3180 929 3238 conversamur
951 3199 970 3235 τ
998 3183 1088 3239 hic
1119 3183 1471 3252 accingimur,
1503 3191 1558 3238 et
1578 3183 1650 3238 ibi
1680 3183 2009 3241 militamus:
2041 3183 2129 3239 hic
2155 3209 2201 3272 ο
2235 3204 2286 3258 in
2319 3205 2464 3258 omni
2497 3180 2736 3276 pau'pere
2758 3247 2773 3272 ν
2826 3180 3012 3274 tanges
3040 3208 3085 3238 οι
3114 3180 3238 3264 ὲωη
3268 3180 3322 3263 in
3351 3180 3514 3280 269
3542 3209 3692 3263 omni
3724 3209 3836 3264 ho-

547 3283 868 3343 pugnamus,
899 3282 954 3329 et
982 3273 1056 3330 ibi
1083 3274 1346 3329 uincimus
1371 3289 1385 3340 ;
1415 3273 1500 3328 vel
1522 3274 1567 3328 si
1589 3272 1709 3329 istic
1728 3272 2023 3338 vincimus,
2055 3273 2125 3329 ibi

547 3381 889 3422 coronamur.
931 3367 1011 3422 ita
1035 3366 1180 3437 quod
1219 3367 1339 3422 istic
1368 3381 1529 3421 manu
1555 3367 1810 3421 struimus
1832 3406 1854 3431 ,
1889 3366 1997 3420 illic
2026 3365 2129 3421 ﬁde

545 3456 848 3514 condimus.
886 3457 954 3512 Et
975 3458 1168 3513 harum
1198 3457 1352 3515 nobis
1380 3458 1622 3528 quamvis
1653 3458 1984 3512 terrestrium
2009 3457 2133 3512 aedi-

544 3551 727 3608 ﬁcatio
756 3552 1078 3608 fabricarum
1107 3553 1151 3606 si
1174 3560 1302 3607 voto
1331 3560 1389 3606 et
1415 3549 1592 3606 studio
1615 3550 1843 3620 spiritali
1865 3556 2135 3612 struatur,

545 3643 704 3698 beata
744 3642 1044 3698 cmlestium
1072 3650 1155 3698 est
1180 3643 1503 3712 pra-paratio
1542 3641 1882 3697 mansionum
1920 3638 1961 3694 τ.
2005 3639 2131 3695 Haec

544 3735 688 3790 enim
715 3733 1043 3790 aediﬁcantes
1072 3734 1125 3789 in
1155 3733 1386 3789 Domino
1417 3750 1479 3790 ex
1509 3734 1706 3805 adeptu
1735 3733 1783 3766 ⁸³
1815 3732 1968 3799 ﬁdei,
1999 3733 2129 3789 mdi-

546 3825 771 3881 ﬁcamur
799 3826 898 3896 ipsi
935 3841 966 3881 a
997 3825 1225 3881 Domino
1253 3842 1351 3895 per
1377 3825 1619 3896 ejusdem
1649 3823 1770 3880 ﬁdei
1802 3823 2125 3896 profectum.

543 3918 677 3975 Nam
705 3929 762 3974 et
794 3920 1140 3990 evangelicus
1176 3919 1264 3975 ille
1298 3919 1544 3976 centurio
1581 3929 1612 3966 ε
1636 3919 1942 3989 exemplum
1972 3918 2129 3975 nobis

543 4019 628 4068 est
650 4011 715 4066 ad
738 4027 888 4083 spem
918 4021 1121 4067 certam
1142 4012 1414 4068 mercedis
1430 4021 1664 4078 atternte,
1697 4011 1855 4082 hujus
1875 4011 2124 4082 speciali-

543 4113 628 4160 ter
648 4107 828 4175 operis
856 4103 1028 4176 gratia
1068 4104 1428 4175 recipiendas;
1487 4104 1579 4176 qui
1617 4105 1682 4159 ad
1711 4103 2126 4174 promerendam

541 4197 635 4254 ﬁlii
665 4201 950 4254 sanitatem
977 4239 992 4263 ,
1044 4208 1098 4254 et
1125 4200 1297 4270 ipsum
1329 4198 1614 4254 Dominum
1649 4196 1834 4252 Jesum
1865 4195 1989 4252 ﬁdei
2016 4211 2129 4252 suae

541 4289 943 4360 prmdicatorem
964 4289 1271 4345 habendum
1297 4305 1365 4344 eo
1389 4290 1724 4360 potissimum
1752 4287 1798 4320 “
1827 4287 2006 4344 meriti
2027 4303 2129 4343 va-

540 4381 657 4446 luit,
697 4379 842 4451 quod
868 4381 1021 4452 plebs
1056 4380 1288 4442 Domini,
1333 4396 1450 4450 qum
1489 4389 1615 4436 tunc
1643 4380 1904 4436 adhuc‘in
1932 4377 2127 4435 Iudaeis

543 4481 748 4529 tantum
776 4482 930 4535 erat,
978 4473 1052 4526 illi
1082 4471 1149 4526 de
1178 4472 1472 4544 Synagogzc
1500 4473 1777 4527 aediﬁcata:
1816 4470 2123 4528 testimonio

539 4565 823 4637 suﬁ‘ragata
847 4576 931 4621 est
959 4561 1005 4619 δ.

613 4678 696 4736 19.
717 4679 852 4747 Quid
875 4680 1036 4749 igitur
1053 4681 1232 4737 miseri
1260 4697 1398 4736 nunc
1422 4680 1747 4750 quiescimus
1767 4680 2058 4736 oscitantes
2075 4678 2131 4748 ί,.

539 4781 596 4830 et
635 4774 788 4844 quasi
837 4788 945 4829 nou
995 4774 1245 4829 conducti
1290 4774 1648 4841 mercenarii,
1690 4774 1743 4828 in
1794 4774 2123 4829 tumultuoso

537 4868 696 4936 hujus
724 4867 892 4922 seculi
923 4865 1039 4922 l‘oro
1066 4883 1231 4922 vacua
1273 4882 1434 4921 manu
1464 4868 1713 4921 stamus?
1741 4867 1826 4921 vel
1849 4865 1895 4921 si
1915 4866 2122 4921 condu-

540 4965 644 5020 αἱς
674 4965 826 5020 nobis
852 4965 896 4996 "
925 4963 1124 5019 debere
1144 4961 1648 5033 patremfamilias“
1665 4976 1820 5018 suum
1844 4959 2124 5014 denarium

539 5057 833 5126 cogitemus
861 5097 874 5120 ,
925 5064 982 5110 ut
1021 5054 1222 5126 aliquid
1266 5054 1319 5109 in
1348 5055 1505 5109 vinea
1546 5053 1660 5123 ejus
1701 5067 2022 5122 operemur,
2068 5049 2122 5106 id

539 5148 703 5222 208
728 5149 900 5219 ipsum
925 5147 1077 5217 quasi
1109 5146 1399 5202 indebitum
1432 5156 1751 5217 gratumque
1779 5145 1823 5178 ⁸⁷
1858 5152 2122 5215 ρηεδιειιι-

539 5250 620 5295 tes
643 5281 656 5305 ,
692 5241 959 5310 imputare
985 5239 1145 5294 etiam
1176 5238 1503 5294 meditamur
1527 5237 1756 5292 Domino
1782 5279 1798 5302 ,
1848 5244 2122 5304 tamquam

2234 3295 2373 3364 Spite
2399 3313 2410 3347 :
2441 3287 2704 3364 quoniam
2731 3298 2836 3352 sibi
2877 3297 2991 3353 ﬁeri
3034 3298 3150 3368 ipse
3182 3306 3413 3354 testatur
3449 3315 3569 3370 qua:
3620 3302 3676 3354 in
3708 3301 3844 3370 ejus

2230 3387 2448 3445 nomine
2478 3389 2714 3443 minimis
2738 3389 2853 3458 ejus
2876 3390 3011 3443 [iant
3035 3399 3089 3445 ο.
3115 3389 3256 3445 Ecce
3284 3391 3441 3446 nobis
3465 3391 3590 3460 jam-
3609 3399 3838 3447 constat

2230 3480 2502 3551 quomodo
2550 3481 2730 3536 videas
2772 3482 3088 3538 invisibilem
3114 3522 3130 3548 ,
3178 3490 3235 3537 et
3272 3483 3834 3554 inapprehcnsibilem

2230 3574 2673 3643 eomprehendas.
2714 3573 2857 3643 Ergo
2891 3591 3032 3631 nunc
3056 3576 3176 3632 istic
3199 3591 3562 3646 paupercmur
3592 3576 3689 3647 (γ,
3727 3593 3824 3646 ep.

2228 3664 2318 3729 40,
2353 3683 2495 3720 num.
2532 3668 2619 3733 7),
2655 3674 2712 3721 ut
2742 3677 2870 3723 tunc
2895 3668 2965 3724 ibi
2997 3669 3407 3740 locupletcmur.
3469 3668 3624 3726 Nunc
3650 3671 3833 3740 plore-

2229 3775 2367 3825 mus,
2402 3769 2461 3814 ut
2488 3769 2617 3816 tunc
2641 3761 2987 3832 gaudeamus.
3029 3761 3178 3817 Nunc
3217 3761 3553 3828 esuriemus,
3605 3770 3664 3815 ut
3693 3771 3827 3819 tunc

2229 3859 2548 3906 saturentur.
2585 3852 2764 3921 Ouini,
2797 3853 2988 3924 inquit,
3022 3861 3248 3923 tempore
3283 3863 3537 3921 pauperes
3561 3853 3830 3906 vobiscum

2230 3942 2426 3998 habetis
2455 3954 2500 3997 ι’.
2545 3943 2707 3999 Vides
2736 3944 2860 4014 quia
2890 3945 3035 3999 nulla
3071 3945 3226 3999 nobis
3253 3945 3468 4000 occasio
3499 3954 3582 4000 est
3611 3937 3825 4000 beneﬁ-

2229 4035 2420 4089 centirc
2448 4051 2700 4104 umquam
2728 4035 3187 4106 procrastinandae
3212 4075 3228 4098 ,
3280 4051 3401 4092 cum
3427 4075 3449 4102 ,
3492 4036 3537 4091 si
3566 4037 3826 4092 voluntas

2229 4134 2415 4181 nostra
2442 4143 2548 4182 non
2579 4127 2738 4193 absit,
2762 4142 2968 4197 pauper
2997 4128 3048 4181 in
3081 4136 3334 4198 promptu
3363 4127 3451 4182 sit.

2300 4218 2388 4274 2|.
2440 4219 2854 4274 Commodemus
2882 4235 3012 4289 ergo
3054 4220 3227 4275 securi
3275 4235 3417 4273 nunc
3449 4235 3623 4288 egeno
3666 4221 3734 4288 ⁸³,
3765 4229 3822 4274 et

2230 4309 2282 4363 in
2311 4310 2636 4380 pauperibus
2663 4309 2774 4363 suis
2803 4308 3037 4376 Christo,
3071 4317 3129 4363 ut
3155 4325 3217 4364 ev
3251 4308 3368 4379 ejus
3398 4307 3735 4365 abundatura
3765 4312 3833 4366 in-

2230 4398 2415 4453 iisdem
2453 4398 2622 4469 gloria
2664 4399 2988 4469 participare
3019 4401 3307 4470 possimus.
3351 4399 3640 4470 Propterea
3673 4403 3820 4457 enim

2230 4491 2493 4547 Dominus
2511 4491 2624 4560 ipse
2653 4502 2967 4561 prmmonet,
2993 4491 3176 4546 dicens
3201 4510 3212 4544 :
3239 4490 3424 4546 Facite
3451 4493 3590 4546 nobis
3621 4495 3822 4549 amicos

2148 4599 2199 4660 ο
2227 4584 2289 4638 de
2337 4585 2511 4656 iniquo
2559 4600 2878 4638 mammona.
2927 4583 3086 4638 Vides
3135 4584 3410 4653 quomodo
3458 4581 3821 4654 Omnipotens

2227 4674 2478 4731 faciat‘de
2508 4683 2666 4730 nocte
2697 4674 2889 4740 lucem,
2923 4686 2977 4731 et
3009 4675 3076 4731 de
3107 4676 3391 4745 iniquitate
3416 4675 3720 4745 justitiam?
3749 4679 3820 4732 L't

2225 4767 2344 4823 cum
2378 4769 2688 4840 defeceritis,
2740 4769 2944 4839 inquit,
2986 4771 3242 4842 recipiant
3283 4788 3370 4826 vos
3397 4771 3449 4824 in
3479 4773 3821 4826 tabernacula

2227 4876 2422 4918 (eterna
2450 4875 2497 4920 (ι.
2531 4863 2665 4931 Quia
2695 4866 3064 4921 vicissitudine
3108 4865 3341 4935 quadam
3371 4866 3542 4935 copiae
3573 4867 3658 4920 vel
3703 4867 3820 4922 ino-

2226 4957 2327 5026 pia:
2353 4957 2643 5012 humanum
2671 4940 2843 5027 genus
2859 4967 3213 5029 temperatur,
3239 4959 3384 5028 quod
3410 4960 3458 5012 in
3489 4959 3581 5014 illo
3605 4959 3818 5014 inferno

2229 5049 2414 5117 divite,
2451 5057 2508 5104 et
2535 5065 2769 5122 superno
2797 5066 3036 5122 paupere
3065 5051 3406 5120 evangelieus
3446 5066 3627 5105 sermo
3666 5060 3821 5120 pate-

2168 5131 2173 5144 ’
2227 5140 2355 5196 fecit
2384 5151 2407 5179 τ
2432 5183 2448 5210 ,
2493 5150 2553 5196 ut
2581 5142 2938 5212 intelligamus
2981 5143 3264 5198 consilium
3295 5144 3601 5198 communis
3645 5143 3820 5198 Auto-

2228 5234 2321 5301 ris,
2353 5250 2461 5305 quo
2491 5236 2709 5291 divitem
2742 5238 2984 5308 pauperi,
3031 5247 3083 5292 et
3113 5253 3405 5308 pauperem
3435 5238 3587 5292 diviti
3619 5254 3818 5308 praepa-

611 5344 633 5370 ·
658 5333 782 5388 Νοι.
811 5333 930 5388 171.
1009 5333 1035 5372 δ
1065 5331 1186 5387 Not.
1219 5330 1334 5386 175.
1389 5344 1409 5368 π
1445 5331 1584 5385 Psal.
1612 5347 1772 5397 vau,
1800 5327 1902 5394 $0;
1932 5326 2072 5382 Psal.
2097 5343 2240 5393 uxr,
2275 5326 2374 5393 18;
2405 5327 2544 5383 Psal.
2578 5344 2724 5391 cxm,
2755 5330 2805 5383 8.
2862 5329 2886 5367 ἀ
2918 5328 2960 5382 Il
2991 5329 3116 5385 Cor.
3149 5348 3223 5395 in,
3257 5329 3349 5391 l8;
3381 5329 3547 5385 lCor.
3586 5347 3697 5395 xui,
3734 5331 3821 5385 l2.

540 5416 562 5443 °
595 5403 771 5461 Galat.
802 5422 885 5464 vi.
933 5404 985 5459 8.
1067 5402 1303 5458 'Johan.
1347 5421 1470 5468 xw,
1507 5404 1562 5456 ‘2.

532 5477 664 5534 Lev.
695 5495 819 5541 xxv,
849 5477 956 5541 36;
1024 5475 1177 5531 Deut.
1213 5492 1358 5538 xxiii,
1398 5475 1497 5540 l9;

537 5566 641 5613 xvr,
667 5548 754 5603 l9.
830 5557 865 5587 ω
895 5544 1045 5602 Oscae
1077 5564 1144 5609 vr,
1176 5546 1230 5610 6,
1258 5563 1365 5601 sec.
1402 5544 1573 5612 LXX;

537 5636 558 5673 ς
585 5621 722 5678 Luc.
752 5637 858 5685 xvr,
891 5618 942 5672 9.
1024 5629 1047 5656 ι’
1075 5617 1204 5673 Luc.
1235 5635 1340 5682 XVI,
1369 5617 1452 5672 l9.

604 5713 680 5787 (a)
719 5711 857 5766 Ante
879 5719 1001 5766 erat
1022 5720 1282 5764 metemus.
1307 5711 1709 5767 Correctionem
1734 5718 1971 5764 nostram
1994 5722 2120 5778 pro.

633 5788 659 5833 t
701 5799 774 5837 ea.
793 5796 913 5850 qum
942 5788 1255 5852 sequuntur.

625 5852 676 5928 b)
714 5854 794 5908 ita
831 5869 927 5910 ms.
969 5851 1097 5922 Reg.
1133 5869 1254 5910 cum
1283 5853 1437 5911 editis
1477 5861 1708 5923 quatuor
1781 5852 1915 5906 Vera
1958 5851 2116 5907 lectio

1567 5473 1708 5529 Psal.
1744 5491 1845 5537 xw,
1877 5471 1929 5526 5.
2005 5470 2027 5508 ¹ι
2058 5469 2216 5525 Prov.
2248 5487 2355 5535 χιχ,
2391 5471 2477 5527 17.
2555 5471 2721 5526 Eccli.
2763 5489 2906 5536 XXIX,
2943 5472 2992 5526 1.

1647 5545 1834 5600 Matth.
1869 5561 1944 5611 ix,
1976 5541 2064 5597 15.
2140 5550 2165 5578 ιι
2195 5540 2392 5612 Ephcs.
2429 5560 2479 5608 v,
2506 5541 2586 5597 ill.
2669 5554 2693 5580 υ
2723 5543 2912 5598 Matth.
2945 5561 3068 5609 xxv,
3100 5544 3190 5597 40.
3265 5555 3291 5594 r
3322 5544 3508 5598 Matth.
3545 5560 3694 5609 xxvr,
3731 5545 3819 5598 li.

1643 5413 1666 5448 ε
1715 5403 1900 5457 Matth.
1952 5416 2070 5457 vui.
2119 5397 2129 5450 ε

2244 5397 2272 5435 ιι
2305 5399 2432 5455 Luc.
2461 5417 2554 5464 vii,
2585 5399 2640 5453 5.
2719 5401 2951 5454 lMattb.
3009 5418 3100 5464 xx,
3132 5402 3182 5456 6.
3265 5408 3278 5451 i
3327 5401 3499 5455 Exod.
3537 5419 3668 5457 χχιι.
3713 5402 3819 5466 2ῖί;

3080 5473 3093 5510 ι
3131 5473 3301 5527 Exod.
3337 5490 3482 5536 mu,
3511 5473 3580 5538 8;
3660 5472 3817 5526 Dent.

2267 5723 2345 5763 uae
2377 5706 2728 5764 conﬁrmatur
2771 5724 2836 5761 ex
2866 5708 3217 5776 sequentibus
3258 5717 3310 5762 et
3352 5724 3417 5762 ex
3468 5724 3498 5762 e
3541 5709 3628 5762 ist.
3676 5708 3708 5760 9
3753 5708 3819 5767 ad

2225 5721 2568 5832 amandum.
2622 5794 2768 5832 unm.
2817 5780 2850 5832 2
2914 5779 3010 5832 iis.
3056 5778 3229 5832 Vatic.
3278 5795 3401 5832 cum
3446 5725 3577 5832 etEt.
3622 5780 3816 5832 Rosv..

2277 5779 2568 5862 mandum,
2622 5794 2768 5834 num.
2817 5780 2850 5833 2
2914 5779 3010 5834 iis.
3056 5778 3229 5836 Yatic.
3278 5795 3401 5833 cum
3446 5778 3577 5836 edit.
3622 5780 3816 5844 Rosv.,

2227 5867 2442 5922 erigere.
