4022 6406
241 329 342 386 3M

1587 317 1922 378 EPISTULA
1964 316 2184 378 XXXII.

3429 313 3545 374 569.

241 443 382 496 ravit
401 482 416 505 ,
448 437 508 493 ut
550 435 832 492 abundans
858 433 1066 502 egentis
1112 431 1416 488 substantia
1446 429 1715 485 alimonia:
1743 429 1835 496 sit,
1867 436 1920 494 Α
1944 430 2068 503 Ipse
2092 447 2155 488 se
2179 446 2322 486 nunc
2348 428 2689 488 aediﬁcationi
2718 434 2920 485 nostra
2947 436 3002 484 et
3026 428 3378 488 fundamento
3399 442 3540 506 pra-

246 542 303 588 et
346 529 608 602 epulento
648 527 808 596 inops
847 526 1073 580 materia
1114 523 1337 593 justitite
1371 541 1382 576 :
1430 533 1486 576 ut
1531 522 1660 593 fiat,
1691 522 1844 576 ‘sicut

245 623 545 696 Apostolus
569 621 705 678 dixit
734 629 784 688 ι,
812 620 1084 691 aquatiles
1115 637 1132 674 :
1163 628 1220 675 et
1248 619 1300 674 in
1323 619 1414 673 illo
1435 618 1843 694 seculotepen-

246 717 414 774 sanda
443 716 550 772 illis
587 718 832 785 egestate
859 714 1114 784 praesenti
1142 704 1353 783 opibus.
1373 710 1620 778 uternis,
1647 709 1841 765 redun-

246 811 340 868 det
363 807 577 866 illorum
598 807 926 864 abundantia
947 807 1013 864 ad
1034 807 1274 878 impiam
1297 814 1562 872 nostram,
1591 805 1636 860 si
1659 811 1842 870 nostra

249 901 372 958 istic
399 897 724 959 abundantia
757 897 824 954 ad
871 898 1086 952 illorum
1132 894 1480 966 indigentiam
1527 893 1842 953 commoda-

251 991 414 1050 verit.
444 989 786 1046 Seminemus
811 1003 942 1059 ergo
986 987 1090 1044 illis
1117 989 1355 1043 carnalia
1383 987 1453 1052 “,
1485 995 1545 1044 ut
1573 996 1841 1042 metamus

251 1082 323 1138 ab
354 1081 458 1138 illis
493 1077 776 1152 spiritalia.
809 1075 850 1133 L
873 1074 1044 1136 .boret
1082 1095 1228 1136 nunc
1265 1079 1335 1134 de
1371 1079 1601 1135 terrenis
1628 1092 1842 1145 manus,

250 1183 313 1230 ut
332 1185 464 1230 tunc
485 1171 552 1228 de
575 1173 888 1233 omlestibus
919 1171 1098 1226 anima
1119 1165 1421 1226 reﬁciatur.
1440 1167 1578 1240 Spes
1602 1179 1844 1240 praesens

247 1265 478 1324 aediﬁcet
511 1281 630 1321 rem
677 1263 914 1321 futuram
941 1265 1008 1320 ⁸⁷.
1031 1261 1319 1320 Faciamus
1363 1259 1486 1320 istic
1538 1271 1677 1318 tecta
1721 1275 1842 1332 qua:

251 1369 355 1412 nos
384 1357 493 1412 illic
513 1357 724 1426 tegant.
761 1351 1028 1410 Pascatur
1050 1353 1171 1411 istic
1195 1369 1418 1426 pauper,
1445 1353 1534 1408 ubi
1561 1367 1650 1407 me
1679 1351 1845 1408 divite

247 1451 409 1521 eget;
441 1457 504 1506 ut
527 1465 614 1506 me
639 1449 753 1505 illic
781 1457 986 1520 pascat,
1019 1449 1107 1504 ubi
1139 1465 1226 1503 me
1269 1446 1462 1517 egente
1489 1445 1842 1502 saturabitur.

245 1542 444 1601 Videte
472 1541 859 1600 commercium
881 1541 1150 1612 spiritale;
1178 1547 1254 1608 et,
1282 1539 1331 1595 si
1371 1535 1622 1610 potestis,
1651 1543 1846 1606 negate

249 1653 353 1694 nos
394 1652 588 1692 avaros
611 1678 628 1703 ,
675 1635 769 1705 qui
799 1644 1002 1691 terram
1051 1634 1334 1691 vendimus
1361 1641 1418 1687 et
1447 1630 1737 1697 tributum,
1784 1628 1844 1685 ut

248 1729 643 1787 immunitatem
673 1728 824 1798 regni
851 1741 977 1783 cum
1006 1727 1310 1783 :eternitate
1336 1739 1670 1788 coemamus,

1945 527 2059 578 stet-
2081 530 2141 578 et
2177 523 2417 587 culmini,
2460 523 2585 592 quia
2616 524 2731 592 ipse
2760 530 2844 576 est
2873 521 3074 575 initium
3110 531 3158 574 et
3195 521 3337 591 ﬁnis.
3367 519 3540 591 Super

1946 615 2191 672 eamdem
2219 626 2451 686 petram,
2483 630 2606 669 nam
2644 617 2686 646 ⁷³
2733 624 2787 667 et
2815 625 2962 682 petra
2990 612 3226 667 Christus
3257 623 3351 677 est,
3384 621 3536 667 extra

1945 722 2106 778 quam
2145 723 2306 762 nemo
2343 715 2524 778 potest
2563 705 2781 760 domum
2828 705 3075 760 stabilem
3124 701 3345 758 fundare
3371 748 3386 768 ,
3429 719 3537 762 non

1945 799 2222 870 stipulam,
2248 807 2340 854 aut
2381 797 2581 862 fenum,
2607 805 2663 853 et
2691 797 2891 868 paleas,
2924 797 3066 851 sicut
3089 798 3140 851 in
3167 795 3404 868 Egypto
3425 813 3540 851 ser-

1944 895 2153 948 vientes
2182 894 2237 948 in
2266 891 2521 962 cophino,
2552 908 2744 947 manus
2770 898 3094 962 congeram;
3130 905 3199 946 ne
3227 891 3388 946 luteis
3409 886 3540 945 aedi-

1947 986 2080 1043 ﬁciis
2101 1003 2328 1060 operum
2351 987 2693 1046 sordidorum
2724 987 2966 1053 laterem,
2997 993 3056 1040 ut
3081 986 3252 1050 aiunt,
3275 987 3535 1049 lavemus,

1945 1083 2002 1135 et
2029 1081 2296 1139 incurvati
2323 1080 2579 1137 oneribus
2606 1080 2852 1136 laborum
2891 1079 3167 1135 servilium
3191 1079 3538 1135 devertamus

1944 1174 2165 1230 dorsum
2210 1181 2453 1228 nostrum
2484 1189 2514 1227 a
2550 1172 2782 1228 Domino
2823 1182 2886 1238 tl;
2928 1171 3006 1242 (α)
3051 1172 3178 1240 quia
3213 1179 3273 1226 ut
3311 1185 3539 1228 conver-

1945 1283 2036 1328 sus
2063 1267 2130 1322 ad
2159 1283 2218 1322 se
2245 1266 2421 1325 reﬁcit
2449 1266 2651 1322 lumine
2669 1307 2703 1342 ,ν
2729 1267 2800 1319 ita
2831 1281 3052 1321 aversos
3080 1263 3248 1319 afﬁcit
3273 1266 3536 1322 caecitate.

2014 1357 2106 1412 9.4.
2138 1356 2428 1418 Videamus
2474 1364 2655 1414 autem
2681 1353 3009 1412 :ediﬁcantes
3031 1397 3048 1424 ,
3091 1356 3219 1425 quid
3248 1355 3316 1411 de
3355 1365 3538 1415 nOStra

1945 1448 2124 1517 fragili
2171 1457 2496 1518 terrenaque
2533 1449 2832 1504 substantia
2872 1446 3094 1519 dignum
3131 1447 3314 1502 divino
3348 1444 3539 1500 funda-

1945 1547 2130 1596 mento
2163 1536 2596 1611 supersediﬁcare
2620 1541 2888 1612 possimus
2917 1549 2963 1604 τ,
2993 1547 3054 1595 ιιι
3080 1538 3150 1593 ab
3179 1539 3295 1610 ipso
3322 1537 3367 1568 "
3397 1538 3540 1608 prin-

1944 1631 2105 1704 cipali
2142 1632 2323 1707 lapide
2364 1632 2613 1688 viviﬁcati
2637 1673 2652 1699 ,
2700 1632 2906 1706 lapides
2936 1632 2990 1687 in
3035 1631 3295 1688 fabricam
3338 1630 3536 1700 templi

1944 1727 2180 1783 caelestis
2208 1740 2476 1795 aptemur.
2518 1725 2718 1781 Aurum
2749 1741 2940 1780 sensus
2976 1713 3149 1780 nostri
3191 1733 3246 1779 et
3271 1721 3540 1780 sermonis

319 1819 411 1881 9.2.
441 1819 707 1892 Fragilem
751 1835 972 1876 arenam
1008 1819 1277 1888 jacimus,
1305 1826 1369 1873 ut
1399 1817 1619 1874 domum
1653 1810 1841 1871 funde-
1871 1828 1919 1890 Β
1947 1828 2230 1891 argentum
2278 1817 2577 1874 condemns
2622 1819 2678 1874 in
2726 1817 2984 1892 Cbristo,
3030 1825 3090 1874 ut
3135 1831 3234 1874 nos
3278 1817 3335 1872 in
3378 1815 3539 1886 hujus

247 1927 372 1971 mus
410 1921 667 1971 aeternam
692 1953 709 1982 ,
750 1919 808 1968 et
851 1912 918 1968 de
949 1911 1144 1968 vilibus
1181 1913 1510 1981 attingamus
1550 1917 1695 1964 astra
1732 1923 1840 1964 cte-

249 2005 453 2066 mentis
474 2005 506 2045 δ
539 2024 553 2060 :
595 2003 662 2061 de
687 2003 884 2075 quibus
913 2019 1022 2061 non
1050 2005 1195 2060 illam
1223 2001 1554 2060 confusionis
1581 2009 1638 2058 et
1663 2015 1848 2071 super

248 2097 354 2154 bile
382 2106 586 2152 turrem
633 2097 680 2130 "
719 2096 1106 2154 destruendam
1151 2111 1317 2168 opere
1362 2096 1517 2152 irrito
1560 2094 1840 2151 machina-

248 2205 391 2256 mur,
421 2188 519 2245 sed
546 2189 600 2244 in
632 2189 750 2264 ipso
779 2189 1023 2259 angulari
1051 2189 1230 2260 lapide
1248 2187 1536 2250 fundantur
1561 2197 1610 2257 σ,
1634 2195 1695 2243 ιιι
1718 2202 1841 2250 sur-

249 2292 440 2356 gamus
462 2299 562 2356 per
586 2284 762 2356 ipsum
787 2283 846 2340 in
868 2281 1038 2354 ipsius
1060 2281 1470 2353 plenitudinem,
1493 2281 1587 2353 qui
1613 2289 1698 2336 est
1727 2290 1839 2334 tur-

248 2376 324 2432 n's
381 2375 704 2449 fortitudinis
754 2391 786 2430 tt
830 2373 967 2450 facie
1014 2374 1214 2429 inimici
1261 2371 1311 2429 ά.
1361 2371 1515 2430 Hanc
1573 2372 1696 2443 ipse
1742 2387 1844 2428 nos

249 2479 458 2526 turrem
480 2466 747 2526 ediﬁcare
775 2476 822 2534 ⁸,
850 2466 1177 2538 computatis
1203 2473 1332 2523 ante
1357 2465 1646 2529 sumtibus,
1664 2462 1839 2536 jubet,

247 2577 318 2619 ne
341 2561 637 2630 interrupta
659 2555 1015 2616 aediﬁcatione
1042 2555 1262 2624 defecti,
1290 2555 1610 2617 temeritatis
1636 2557 1842 2627 impro-

248 2656 386 2711 vide
426 2663 612 2710 notam
642 2661 700 2708 et
727 2652 946 2723 dignam
979 2651 1286 2706 irrisionem
1326 2648 1524 2704 frustra
1551 2649 1596 2684 "
1623 2647 1846 2704 audacis

248 2749 474 2816 ignavia:
519 2743 874 2817 perferamus.
919 2742 1142 2800 Sumtus
1179 2742 1224 2775 '°
1271 2747 1457 2797 autem
1495 2749 1682 2798 noster
1710 2739 1844 2796 ﬁdes

248 2838 401 2899 ﬁrma
425 2847 530 2914 est.
563 2837 706 2908 Ergo
733 2841 789 2893 et
815 2837 1110 2893 secundum
1143 2836 1426 2892 veritatem
1460 2831 1559 2889 Dei
1587 2832 1848 2901 credens,

247 2927 339 3002 qui
368 2945 516 3003 spes,
549 2937 604 2984 et
631 2943 765 3000 Opes
804 2935 858 2983 et
892 2929 1032 2982 vires
1059 2941 1185 2982 suas
1229 2925 1514 2982 Dominum
1545 2923 1726 2979 Jcsum
1753 2922 1844 2978 ha-

250 3025 365 3090 bet,
395 3023 512 3091 ejus
539 3023 716 3078 omnis
754 3019 920 3095 210
945 3018 1229 3075 aediﬁcatio
1256 3025 1538 3089 compacta
1567 3016 1764 3073 crescit
1797 3015 1842 3084 τ,

248 3131 306 3174 et
331 3118 507 3187 surgit
533 3115 587 3170 in
617 3113 1068 3171 conscensionem
1094 3111 1148 3167 in
1171 3111 1560 3182 plenitudinem
1589 3108 1705 3166 Dei.
1733 3107 1840 3164 Ita-

1945 1913 2131 1972 muudi
2157 1910 2374 1969 fornace
2395 1921 2652 1984 purgatos
2675 1921 2722 1979 9,
2746 1927 2936 1967 aurum
2967 1911 3214 1981 ignitum,
3238 1917 3294 1964 et
3319 1915 3537 1964 moneta

1946 2007 2195 2075 imaginis
2235 2023 2346 2062 sua:
2373 2007 2594 2076 dignum
2621 2006 2668 2038 ⁷⁸
2701 2007 2815 2076 ipse
2853 2005 3172 2077 placitarum
3202 2003 3303 2061 sibi
3333 2002 3537 2058 anima-

1944 2118 2065 2158 rum
2104 2102 2376 2156 discussor
2401 2099 2630 2165 eﬂiciat,
2663 2115 2870 2170 nosque
2907 2100 3058 2169 ipsos
3086 2098 3160 2152 illi
3190 2096 3260 2153 de
3285 2096 3540 2168 operibus

1946 2193 2162 2250 luminis
2197 2194 2465 2264 pretiosos
2496 2193 2699 2264 lapides
2728 2191 3034 2248 offeramus.
3064 2189 3250 2259 Neque
3275 2189 3329 2244 in
3357 2187 3538 2244 cordi-

1944 2288 2046 2344 bus
2067 2288 2194 2356 ligni
2223 2288 2421 2343 duritia
2449 2286 2650 2353 stolidi,
2685 2301 2862 2354 neque
2885 2286 2938 2340 in
2967 2285 3226 2355 operibus
3261 2282 3417 2338 fenea
3443 2282 3540 2339 sic

1945 2380 2112 2436 citate
2142 2380 2299 2445 aridi,
2330 2395 2503 2449 neque
2534 2379 2586 2432 in
2617 2377 2722 2434 ﬁde
2753 2377 2836 2433 vel
2869 2377 3096 2432 caritate
3125 2375 3355 2432 mobiles
3381 2384 3438 2430 et
3458 2375 3538 2430 in-

1948 2470 2087 2527 ﬁrmi
2123 2470 2323 2525 levium
2353 2469 2642 2538 fragilitate
2670 2470 2980 2540 palearum;
3009 2467 3103 2522 sed
3135 2474 3195 2522 ut
3223 2482 3358 2538 opus
3396 2465 3537 2521 arbi-

1947 2565 2036 2620 trii
2062 2565 2232 2621 nostri
2263 2580 2370 2620 non
2400 2579 2646 2620 arsurum
2675 2571 2914 2634 paretur,
2948 2571 3004 2618 et
3030 2563 3410 2618 inconcussum
3443 2577 3538 2634 pa-

1945 2655 2099 2713 ciﬁca
2125 2655 2443 2726 operatione
2476 2664 2785 2724 consurgat,
2818 2670 3034 2710 oremus
3061 2653 3394 2709 Altissimum
3415 2669 3537 2710 eam

1943 2763 2133 2820 pacem
2174 2749 2541 2804 adiﬁcationis
2579 2756 2779 2803 nostra:
2831 2751 2877 2816 ί,
2926 2762 3033 2817 qua
3071 2746 3252 2818 paries
3304 2746 3394 2801 ille
3434 2745 3538 2801 ali-

1944 2840 2160 2912 quando
2200 2840 2253 2896 in
2283 2841 2468 2912 templi
2507 2855 2720 2896 murum
2751 2837 2925 2895 factus
2955 2841 3112 2911 Ωιι
3155 2846 3270 2906 est,
3303 2846 3363 2893 ut
3399 2839 3538 2893 mal-

1943 2934 2073 3001 leua,
2105 2943 2155 2988 ct
2181 2935 2405 2999 securis,
2442 2943 2492 2989 et
2527 2950 2677 2987 omne
2703 2950 2790 2986 vus
2821 2934 3047 3003 ferreum
3078 2949 3178 2986 non
3207 2931 3453 2986 audiatur
3485 2932 3539 2986 in

1946 3041 2007 3078 ea
2035 3033 2064 3061 ιι
2098 3042 2112 3078 :
2146 3039 2247 3080 nec
2292 3025 2434 3080 sicut
2481 3034 2669 3094 postea
2713 3025 2768 3078 in
2813 3022 3055 3092 ejusdem
3094 3022 3278 3094 templi
3319 3038 3538 3092 repara-

1949 3118 2096 3174 tione
2114 3160 2132 3187 ,
2173 3116 2390 3173 inimica
2417 3115 2708 3173 Persarum
2741 3116 2940 3172 invidia
2971 3116 3232 3172 fabricam
3262 3131 3539 3186 resurgen-

249 3225 354 3280 que
379 3209 482 3264 nisi
505 3205 760 3264 Dominus
786 3202 1126 3278 wdiﬁcaueril
1147 3203 1380 3280 domm,
1411 3219 1542 3257 vano
1575 3203 1840 3274 aedifican-
1868 3216 1915 3282 ρ
1948 3220 2056 3268 tem
2084 3211 2295 3267 hostilis
2323 3209 2583 3280 impediat
2608 3218 2663 3264 et
2694 3210 3054 3280 interrumpat
3081 3209 3326 3266 incursus
3357 3217 3404 3264 '.
3447 3207 3541 3264 Sic

252 3312 327 3357 tu
355 3298 552 3367 laboro,
575 3306 600 3346 ι
637 3297 972 3370 sudabimus.
1002 3295 1111 3352 Sed
1140 3310 1211 3352 ne
1235 3337 1251 3361 ,
1286 3296 1376 3351 vel
1405 3294 1647 3366 perfecta
1690 3295 1838 3362 licet,

249 3399 581 3464 cooperante
621 3390 888 3455 Domino,
930 3373 1320 3453 aediﬁcatione,
1353 3384 1590 3456 resupini
1622 3401 1842 3442 securas

251 3497 444 3539 manus
472 3480 846 3550 remittamus,
883 3477 1067 3551 adjicit
1103 3478 1392 3550 Scriptura.
1411 3478 1592 3544 divina
1616 3517 1632 3543 ,
1695 3477 1840 3550 quod

249 3575 417 3632 etiam
454 3574 774 3631 aediﬁcatam
814 3561 1034 3630 domum
1072 3572 1176 3630 nisi
1205 3572 1348 3629 Deus
1384 3573 1526 3628 idem
1552 3572 1840 3639 custodiat,

249 3668 758 3737 irritaservantium
785 3683 917 3728 cura
949 3666 1188 3737 vigilabit
1220 3666 1266 3722 ι.

320 3759 414 3814 93.
443 3756 673 3814 Oremus
715 3773 845 3828 ergo
875 3757 1194 3824 Dominum,
1230 3765 1291 3812 ut
1320 3757 1448 3812 dum
1479 3773 1578 3813 nos
1603 3757 1679 3812 illi
1714 3755 1844 3813 foris

250 3853 578 3912 tdiﬁcamus
617 3851 888 3909 domicilia
918 3865 1038 3920 qua:
1068 3849 1338 3912 videntur,
1369 3848 1458 3903 ille
1488 3848 1542 3902 in
1570 3847 1728 3903 nobis
1756 3848 1840 3903 in-

253 3953 339 3999 tus
366 3943 593 3999 aedilicet
623 3942 712 3999 illa
739 3957 858 4012 quae
893 3957 1001 3997 non
1031 3941 1310 4007 videntur,
1354 3940 1560 3994 domum
1593 3939 1843 3995 videlicet

253 4038 420 4096 illam.
453 4048 516 4093 ut
550 4035 804 4106 Magister
827 4027 905 4106 (id
931 4044 1008 4090 est
1038 4034 1256 4090 Palilus.
1295 4033 1358 4089 Υ.
1391 4049 1477 4104 ep.
1511 4034 1600 4099 23,
1645 4049 1701 4089 ιι.
1749 4032 1838 4104 ιι)

252 4132 362 4196 ait,
401 4145 508 4184 nou
537 4128 892 4198 utanufuctam
932 4125 944 4163 ί
986 4144 999 4179 :
1034 4141 1194 4196 quam
1227 4126 1452 4196 ingressi
1485 4125 1842 4194 intelligemus

254 4226 307 4280 in
337 4223 650 4284 novissimo.
685 4223 910 4276 uidentes
933 4221 1142 4277 scilicet
1171 4221 1303 4291 {acii
1329 4220 1396 4272 ad
1420 4221 1602 4291 faciem
1625 4219 1762 4290 quod
1786 4220 1841 4272 iu

252 4319 530 4389 (enigmata
571 4331 710 4370 nunc
737 4315 965 4370 uidemus
987 4357 1002 4383 ,
1049 4321 1099 4368 et
1130 4329 1194 4368 ea:
1231 4323 1380 4384 parte
1401 4315 1754 4383 cognoscimus
1791 4314 1838 4368 ι.

251 4409 359 4466 Sed
387 4424 553 4475 nunc,
581 4408 710 4462 dum
742 4405 918 4463 adhuc
947 4405 998 4460 in
1031 4404 1380 4460 tabernaculo
1417 4403 1570 4459 istius
1599 4405 1844 4474 corporis

253 4501 565 4569 constituti,
589 4501 743 4571 quasi
779 4500 878 4556 sub
906 4499 1048 4554 illius
1076 4498 1286 4568 antiqui
1312 4498 1647 4554 tabernaculi
1683 4498 1838 4568 pelli-

1944 3304 2090 3362 enim
2133 3305 2188 3360 in
2217 3303 2437 3360 domum
2477 3304 2739 3358 orationis
2766 3311 2820 3358 et
2860 3304 3008 3373 pacis
3053 3302 3438 3374 perﬁciemur,
3491 3306 3540 3358 si

1946 3396 2091 3453 nulla
2112 3413 2213 3453 nos
2241 3396 2536 3452 carnalium
2560 3396 2947 3462 cogitationum
2971 3410 3098 3451 cura
3118 3395 3386 3462 concidat,
3419 3395 3540 3450 nul-

1944 3489 2028 3545 lus
2076 3491 2313 3562 quietem
2361 3499 2604 3543 nostram
2649 3487 2818 3544 seculi
2856 3488 3114 3543 tumultus
3163 3487 3534 3559 interstrepat.

1944 3580 2172 3638 Malleus
2205 3581 2350 3636 enim
2381 3581 2537 3636 nobis
2563 3596 2692 3635 cura
2721 3580 2896 3637 victus
2923 3589 2978 3635 ct
3001 3596 3128 3636 cura
3160 3581 3384 3637 vestitus
3413 3588 3497 3636 est
3521 3599 3534 3634 :

1945 3676 2152 3734 securis
2183 3682 2237 3728 et
2285 3673 2488 3728 ferrum
2533 3666 2690 3727 nobis
2720 3671 2983 3744 cupiditas
3013 3673 3390 3744 temporalium
3414 3715 3430 3740 ,
3481 3683 3541 3729 et

1947 3777 2244 3824 nocturnus
2268 3765 2498 3821 mortuis
2529 3765 2690 3821 timor
2715 3805 2730 3831 ,
2773 3773 2829 3820 et
2856 3764 2994 3820 livor
3022 3765 3271 3821 inimicus
3295 3805 3310 3830 .
3367 3773 3423 3822 et
3449 3781 3540 3821 res

1945 3858 2106 3928 hujus
2153 3857 2359 3922 seculi;
2411 3857 2464 3911 in
2513 3856 2668 3926 cujus
2715 3863 2808 3910 aut
2847 3853 3003 3916 mala:
3048 3871 3212 3923 cura,
3261 3866 3354 3911 aut
3381 3856 3538 3912 bona:

1945 3965 2131 4006 amore
2171 3951 2216 3980 ⁷⁵
2249 3949 2425 4003 anima
2452 3948 2700 4005 conditur
2731 3950 2817 4013 7‘,
2866 3964 3020 4004 mens
3064 3951 3440 4019 compeditur;
3485 3963 3540 4007 et

1945 4057 2051 4113 pax
2076 4044 2230 4098 bona:
2259 4042 2570 4108 voluntatis,
2602 4055 2723 4110 qua:
2746 4043 3060 4111 compositis
3092 4043 3346 4110 religioso
3375 4044 3537 4099 silen-

1946 4135 2022 4189 tio
2051 4135 2294 4191 sensibus
2337 4131 2722 4199 ωιισῖι-τιιτῐτυτ,
2773 4139 2936 4201 atque
2980 4135 3242 4189 orationis
3287 4134 3534 4201 intentio,

1947 4244 2067 4298 qua:
2097 4225 2365 4280 inoll‘ensa.
2386 4225 2452 4280 de
2483 4226 2652 4282 libero
2681 4234 2736 4281 et
2763 4241 2898 4297 puro
2927 4226 3088 4281 corde
3117 4227 3384 4298 dirigitur,
3415 4245 3539 4285 ear-

1945 4318 2150 4372 nalinm
2182 4317 2540 4371 oblatrationc
2578 4332 2870 4385 curarum,
2920 4317 3072 4388 quasi
3123 4320 3541 4390 interstrepente

1945 4411 2184 4473 malleo,
2242 4408 2326 4464 vel
2375 4407 2553 4463 securi
2582 4407 2811 4464 feriente
2835 4451 2850 4476 ,
2901 4410 3241 4464 convellitur.
3283 4409 3390 4467 Sed
3417 4415 3541 4483 quia

1948 4504 2118 4574 major
2143 4511 2220 4556 est
2248 4503 2336 4574 qui
2359 4503 2414 4555 iu
2444 4501 2590 4556 nobis
2625 4509 2700 4554 est
2741 4517 2896 4574 quam
2924 4503 3012 4573 qui
3053 4503 3106 4556 in
3136 4502 3231 4557 hoc
3259 4506 3452 4559 mundo
3490 4514 3540 4573 κ,

253 4593 354 4651 bus
381 4594 435 4649 in
456 4592 672 4649 deserto
700 4600 757 4647 et
777 4591 1027 4647 tentoriis
1053 4591 1260 4660 agimus
1291 4589 1339 4656 ι,
1372 4589 1710 4660 praecedente
1743 4607 1841 4646 nos
1868 4615 1922 4678 ι)
1946 4603 2140 4667 potens
2183 4603 2266 4650 est
2317 4591 2571 4647 Dominus
2618 4602 2884 4648 conterere
2916 4604 3156 4648 catenam
3185 4595 3277 4650 sub
3327 4596 3542 4666 pedibus

253 4702 353 4760 per
379 4687 534 4742 istius
572 4685 723 4742 orbis
763 4685 968 4740 aridam
1009 4684 1102 4740 Dei
1143 4683 1347 4750 verbo,
1388 4685 1473 4739 vel
1516 4684 1572 4738 in
1599 4684 1840 4738 columna

254 4783 405 4836 nubis
449 4778 511 4845 ι..
545 4789 604 4835 ut
640 4777 904 4834 obumbret
943 4780 988 4812 τί
1029 4795 1183 4847 super
1212 4787 1366 4849 caput
1403 4783 1638 4834 nostrum
1668 4779 1721 4832 iu
1760 4778 1846 4832 die

254 4874 378 4929 belli
399 4883 471 4928 οε
501 4874 586 4928 vel
610 4875 664 4927 in
687 4875 928 4929 columna
956 4871 1114 4946 ignis,
1138 4881 1197 4926 ut
1224 4889 1595 4943 cognoscamus
1624 4873 1680 4928 in
1708 4883 1846 4929 terra

255 4965 534 5023 cmlestem
561 4965 673 5035 ejus
701 4967 837 5020 uiam
866 4973 922 5034 ης
953 4979 1202 5030 oremus,
1224 4972 1282 5019 ut
1309 4979 1405 5036 per
1434 4965 1548 5020 haec
1575 4981 1716 5023 nunc
1743 4964 1848 5022 Ec-

255 5057 432 5114 clesiae
450 5057 782 5112 tabernacula
802 5058 1156 5130 ingrediantur
1173 5074 1334 5130 usque
1353 5058 1423 5112 ad
1443 5058 1652 5113 domum
1674 5057 1771 5114 Dei
1794 5069 1844 5126 ﬂ;
1872 5049 1880 5056 ’

256 5149 350 5205 ubi
379 5157 435 5205 et
461 5151 578 5222 ipse
624 5149 900 5215 Dominus,
933 5151 1022 5206 ille
1049 5166 1292 5205 summus
1335 5159 1390 5204 et
1431 5152 1600 5221 [nctus
1629 5155 1776 5209 nobis
1817 5171 1850 5208 a

257 5242 483 5299 Domino
513 5252 542 5294 ι·
569 5249 624 5298 et
651 5251 853 5297 exemi:
883 5259 913 5294 α
945 5253 1135 5304 monte,
1165 5250 1220 5298 ct
1249 5241 1388 5296 idem
1415 5253 1603 5298 auctus
1627 5246 1678 5298 in
1706 5259 1862 5300 mon--

259 5343 372 5391 tem
401 5335 538 5407 lapis
565 5341 775 5400 exstat,
817 5334 908 5402 qui
948 5344 1026 5390 est
1063 5333 1318 5390 mirabilis
1356 5334 1408 5388 in
1445 5336 1606 5391 oculis
1636 5340 1847 5394 nostris.

330 5459 358 5487 ι
385 5446 555 5520 lCor.
587 5464 706 5508 vm.
745 5448 826 5504 li.
902 5449 929 5488 ι’
959 5450 1095 5507 Gen.
1128 5467 1200 5517 χι,
1235 5451 1286 5506 4.
1342 5463 1368 5492 α
1393 5451 1590 5520 Ephes.
1615 5469 1670 5517 ιι,
1704 5453 1793 5510 20.
1837 5452 1861 5491 δ

1948 5456 2039 5511 sal.
2069 5473 2158 5516 1.x.
2191 5456 2243 5510 4.
2291 5467 2312 5495 θ
2343 5456 2471 5512 Luc.
2510 5473 2615 5518 Juv.
2653 5457 2737 5510 ‘28.

260 5536 442 5585 cxxvt,
475 5519 527 5574 l.
607 5520 632 5557 ⁵
654 5520 787 5576 Ibid.
871 5533 885 5560 ι
922 5521 964 5576 ll
987 5522 1111 5582 Cor.
1143 5540 1196 5588 ν,
1231 5525 1279 5578 l.

263 5591 436 5646 Exod.
462 5606 573 5654 xm,
601 5590 692 5658 2i,
715 5597 772 5646 ct
796 5607 901 5656 xxv,
941 5591 1024 5647 l9.
1100 5604 1140 5632 ω
1167 5594 1305 5650 l’sal.
1347 5612 1566 5660 cxxmx,
1617 5595 1650 5650 8

1362 5525 1377 5574 i
1431 5523 1599 5582 lCur.
1632 5542 1746 5589 1m,
1794 5526 1882 5583 12.
1961 5527 1985 5566 ¹ι
2017 5527 2192 5581 Exod.
2224 5545 2344 5582 xxv.
2389 5527 2475 5592 .iﬁ,
2528 5539 2582 5581 et
2622 5546 2763 5594 xxvi,
2803 5529 2891 5582 3t}.

1947 4690 2138 4744 nostris
2167 4697 2194 4737 7
2217 4728 2233 4754 ,
2281 4693 2338 4742 ut
2371 4688 2661 4758 impleatur
2686 4696 2743 4742 et
2769 4688 2860 4742 illa
2885 4704 2986 4759 pro
3019 4690 3174 4744 nobis
3212 4689 3496 4762 prophetia
3527 4710 3539 4745 :

1946 4781 2210 4838 Coutritus
2239 4789 2316 4834 est
2346 4781 2561 4834 malleus
2590 4782 2842 4836 uniuersae
2871 4793 3022 4838 teme
3055 4792 3100 4838 ι.

2149 4871 2379 4943 Expedit
2419 4882 2602 4927 autem
2652 4875 2842 4934 nobis.
2905 4887 2964 4930 ut
3007 4878 3170 4931 etiam
3221 4871 3545 4938 :edilicatum

1949 4966 2129 5023 cordis
2159 4967 2327 5020 nostri
2356 4967 2613 5036 templum
2641 4983 2789 5038 εωρο
2832 4968 3091 5025 Dominus
3119 4968 3274 5026 lesus
3319 4973 3544 5038 revisat,

1951 5058 2175 5114 veniens
2207 5058 2261 5114 in
2303 5057 2514 5126 ﬂagello
2565 5059 2777 5116 timoris
2805 5061 2928 5128 sui,
2981 5073 3040 5117 ιιι
3069 5063 3249 5132 eiiciat
3285 5063 3352 5120 de
3391 5067 3548 5124 nobis

1952 5167 2168 5207 mensas
2223 5153 2747 5219 nummulariorum,
2795 5163 2850 5208 ct
2905 5157 3212 5214 venditores
3254 5159 3417 5214 boum
3462 5162 3545 5220 vel

1954 5247 2325 5322 columbarum
2359 5255 2436 5311 am;
2470 5261 2537 5303 ne
2571 5248 2715 5318 quod
2745 5249 2984 5304 avaritia:
3013 5253 3395 5308 emnmercium
3427 5257 3529 5314 ani-

1957 5356 2077 5396 mus
2101 5348 2286 5395 noster
2315 5348 2598 5408 exerceat,
2649 5356 2824 5412 neque
2851 5343 2904 5396 in
2935 5343 3133 5399 nostris
3161 5347 3407 5402 sensibus
3436 5357 3547 5402 tan.

2825 5455 2842 5494 τ
2875 5458 3070 5527 Ephes.
3099 5477 3155 5522 Il,
3183 5459 3271 5513 ‘Zl.
3351 5472 3375 5509 8
3404 5462 3544 5523 Psul.

2975 5527 3191 5586 iilxod.
3244 5546 3393 5596 xxm,
3433 5535 3544 5602 θος

1733 5604 1757 5633 η
1783 5595 2401 5674 EXOdiAXILI,:21',P58!_.
2430 5615 2574 5674 Lavi.
2617 5599 2672 5655 ὅ.
2751 5599 3087 5674 °_L’sal.'_xu,
3117 5604 3167 5668 '5,
3190 5605 3344 5674 juxta
3379 5595 3542 5660 Psaltl

267 5663 426 5741 item.
483 5675 506 5712 ρ
527 5653 684 5741 ξεειέ
715 5653 971 5741 (23:35-95.
1033 5663 1232 5741 afsal.
1263 5683 1428 5741 txytx,
1472 5653 1638 5741 7._"_i
1664 5667 1790 5723 Cor.
1818 5686 1865 5723 IIl

1948 5669 2026 5728 ll).
2071 5653 2244 5741 i'Pel'.
2269 5653 2326 5731 II,
2465 5683 2484 5706 ἰ
2520 5653 2646 5741 Sep“.
2681 5687 2756 5736 nt,
2783 5667 2834 5725 ϐ.
2856 5653 2895 5655 ἡ
2917 5653 2940 5708 ‘V
3421 5653 3544 5729 ’ὗηῇ

266 5731 397 5802 Reg.
425 5749 497 5798 vt,
527 5734 581 5796 7.
607 5749 714 5790 sec.
746 5732 906 5790 LXX.

264 5805 428 5864 Marc.
465 5823 538 5874 XI,
577 5805 658 5860 l5.

985 5746 1009 5774 '
1036 5735 1054 5791 Ι
1239 5753 1311 5806 Iv,
1334 5739 1393 5793 Ἀ.
1471 5747 1501 5774 ⁸
1530 5738 1547 5794 l
1576 5738 1767 5795 Iollan.
1803 5757 1865 5805 tv,

1949 5783 1960 5795 .
2010 5752 2038 5790 I
2067 5740 2220 5796 Rom.
2261 5758 2366 5802 ενι.
2397 5741 2481 5796 9.0.
2564 5735 2811 5808 εἰει-,ιη
2838 5742 2924 5798 ‘25.
3005 5754 3060 5782 σο
3092 5735 3281 5799 Matth.
3315 5759 3427 5810 nt,
3463 5746 3541 5813 l2,

337 5900 417 5979 (ej
459 5903 818 5974 Reposuimus
841 5887 1016 5976 auia,
1063 5921 1133 5962 cx
1178 5921 1307 5965 mss.
1357 5905 1490 5976 Reg.
1530 5914 1583 5963 et
1618 5906 1770 5964 Vieu.
1808 5915 1864 5964 et
1891 5907 2049 5964 editis
2075 5907 2348 5966 codicibus
2376 5917 2628 5982 quatuor.
2662 5911 2800 5969 Edit.
2835 5911 3024 5980 Rosv.-,
3047 5915 3154 5984 qui.
