4022 6398
170 346 288 414 τις·

1531 347 1857 410 H’ISTOLA
1898 348 2142 412 XXXIV.

3368 357 3478 418 δια

169 473 294 521 toto
319 468 626 537 capessent,
645 460 842 534 quibus
863 459 1121 533 prmsepis
1141 459 1363 532 parandi
1385 468 1594 517 tantum
1621 463 1776 518 labor
1801 466 1854 528 Α
1881 474 2135 535 petuam:
2185 468 2230 525 si
2269 467 2634 524 reminiscaris
2681 468 2733 524 in
2762 467 3058 540 Evangelio
3087 468 3112 509 ι·
3146 473 3266 528 illos
3292 490 3481 532 susce-

172 553 357 622 fuerit,
389 562 448 612 et
475 553 726 625 replendi
779 567 909 608 cura
937 550 1173 608 defuerit
1204 567 1220 606 :
1251 544 1466 622 pariter
1482 551 1628 607 enim
1657 567 1782 607 cum

173 646 502 703 animalibus
527 643 758 701 mortuis
803 652 1042 707 etrusum
1068 644 1329 715 prmsepis
1357 644 1642 711 amittent;
1674 644 1788 700 duo

174 739 365 808 gravia
391 735 758 806 damna-iuste
785 734 1055 803 ferentes,
1072 735 1166 805 qui
1195 750 1363 790 unum
1418 737 1792 791 necessarium

175 829 330 886 utilis
375 827 635 900 impendii
663 835 900 884 sumtum
929 829 1275 898 pepercerint
1311 828 1636 882 ministrare.
1669 826 1786 883 Hoc

177 920 347 990 igitur
383 921 656 991 exempli),
708 918 1090 982 dilectissimi.
1129 934 1332 974 cavere
1379 918 1673 986 debemus,
1718 933 1787 973 ne

179 1012 446 1068 damnum
473 1013 667 1068 anima:
694 1019 757 1068 et
775 1010 1120 1080 dispendium
1142 1011 1330 1066 salutis
1359 1010 1653 1078 adeamus,
1684 1023 1793 1064 ne—

179 1103 448 1173 gligentes
475 1102 530 1157 in
553 1100 807 1158 Ecclesia
823 1100 1054 1172 positam
1076 1116 1106 1154 a
1135 1101 1363 1156 Domino
1409 1115 1651 1155 mensam
1701 1099 1790 1154 in-

181 1180 515 1264 digentibus,
542 1209 705 1265 quam
729 1191 1151 1263 despicientibus
1179 1193 1352 1250 oculis
1378 1192 1668 1257 intuemur,
1694 1195 1796 1246 ant

182 1288 355 1344 aridis
382 1287 632 1344 manibus
657 1287 1015 1358 przrterimus.
1045 1285 1218 1350 Absit,
1247 1300 1461 1355 quaeso,
1494 1286 1564 1339 ab
1594 1284 1797 1340 animis

181 1379 384 1436 vestris
409 1380 521 1435 tale
543 1379 871 1448 contagium.
895 1377 1080 1433 Facile
1098 1378 1246 1433 enim
1267 1377 1435 1448 serpit
1456 1393 1653 1432 cancer
1671 1392 1798 1432 avao

181 1473 338 1530 ritis
355 1473 409 1527 in
429 1471 731 1544 pmeordia
760 1471 922 1527 nullis
947 1470 1335 1528 misericordiae
1381 1472 1588 1528 munita
1616 1473 1796 1527 visae»

183 1564 364 1632 ribus,
383 1572 711 1636 captamque
737 1562 974 1634 vipereis
1000 1561 1186 1629 alligat
1207 1563 1436 1619 vinculis
1463 1562 1794 1632 animam,“

185 1657 258 1714 ab
312 1657 570 1728 operibus
614 1655 772 1712 bonis
819 1654 1045 1722 nudam,
1093 1662 1150 1711 et
1189 1656 1786 1728 materia-captivitatis,

1884 567 2072 631 plores
2100 559 2311 616 Domini
2342 563 2669 617 talentorum
2696 566 2737 632 ’,
2767 571 2824 619 et
2848 565 2976 634 quid
3005 565 3200 638 cuique
3247 571 3484 639 paterfa-

1885 654 2063 728 milias
2106 667 2356 708 reversus
2402 653 2745 722 retribuerit,
2784 656 2924 711 scies
2953 667 3158 726 quanto
3201 661 3272 714 sit
3299 661 3484 718 utilius

1886 759 2093 814 ponere
2133 742 2204 798 ad
2256 759 2498 800 mensam
2554 744 2768 801 Domini
2824 748 3284 818 multiplicandam
3317 767 3483 822 pecu.

1887 834 2062 902 niam;
2094 849 2257 904 quam
2305 837 2483 892 sterili
2525 837 2627 893 title
2659 837 2731 910 (c)
2783 839 2932 894 nullo
2960 838 3134 896 reditu
3175 843 3484 914 creditoris,

1887 942 2084 998 magno
2109 927 2309 983 inutilis
2331 929 2471 984 servi
2493 928 2813 1000 dispendio,
2829 929 2881 984 in
2902 932 3017 986 sola
3043 947 3323 1003 pinnarum
3346 935 3488 991 illius

1888 1019 2220 1075 incrementa
2251 1035 2372 1076 esse
2400 1028 2692 1076 servatam.

1959 1110 2015 1166 ὅ.
2058 1110 2274 1167 Festina
2317 1111 2480 1179 igitur
2503 1111 2647 1167 illam
2677 1113 2856 1183 potius
2879 1130 3070 1171 vocem
3096 1117 3294 1173 mereri
3315 1124 3372 1172 ut
3393 1133 3488 1173 au-

1888 1203 2006 1261 dias
2031 1221 2054 1258 :
2068 1203 2379 1275 Euge,bone
2397 1219 2560 1271 serve,
2583 1205 2738 1258 intra
2750 1206 2816 1258 iit
2827 1207 3085 1278 gaudium
3103 1207 3318 1264 Domini
3346 1211 3422 1264 tui
3441 1209 3483 1278 i;

1887 1310 2052 1365 quam
2075 1295 2245 1364 illam,
2264 1295 2423 1350 Serve
2437 1312 2660 1367 nequam
2680 1298 2838 1371 215
2867 1306 2922 1354 et
2943 1299 3113 1369 piger,
3136 1299 3199 1354 de
3220 1318 3310 1356 ore
3331 1309 3417 1357 tuo
3440 1311 3491 1359 te

1881 1385 2064 1459 judico
2097 1384 2141 1451 i,
2189 1396 2246 1441 et
2291 1386 2496 1456 reliqua
2523 1402 2644 1460 qua:
2671 1398 2800 1444 nota
2827 1397 2999 1454 sunt;
3040 1391 3206 1448 misso
3230 1392 3405 1447 inutili
3434 1395 3490 1449 in

1890 1477 2144 1532 tenebras
2172 1479 2498 1544 exteriores,
2527 1493 2590 1533 ae
2619 1478 2826 1535 talento
2855 1479 2973 1550 ejus
3003 1481 3076 1536 illi
3103 1482 3194 1552 qui
3224 1483 3489 1554 multipli-

1889 1571 2027 1625 catis
2055 1569 2276 1626 creditis
2294 1569 2622 1636 abundabat,
2647 1569 3078 1640 adjecloz‘Omni
3105 1574 3261 1637 enim,
3294 1575 3489 1643 inquit,

1891 1662 2102 1716 habenti
2129 1662 2362 1730 dabitur,
2393 1679 2498 1717 non
2528 1662 2739 1715 habenti
2794 1679 2913 1719 vero
2963 1670 3015 1719 et
3066 1665 3124 1718 id
3159 1666 3296 1737 quod
3342 1663 3494 1719 habet

184 1749 354 1824 ,ιδ
375 1749 484 1806 hoc
509 1759 616 1819 est,
647 1747 991 1806 infructuosis
1017 1750 1210 1820 opibus
1261 1748 1624 1807 abundantem
1673 1767 1792 1808 εει·-
1891 1756 2158 1825 auferam
2187 1751 2235 1807 ιο.
2270 1752 2701 1810 Reminiscanmr
2726 1763 2783 1810 et
2810 1755 2952 1810 illius
2973 1746 3167 1821 vidua,
3211 1771 3332 1826 qnte
3355 1771 3494 1826 pau-

184 1859 325 1916 pens
353 1841 603 1899 inimicus
626 1841 913 1898 invenerit.
940 1841 1058 1898 Non
1087 1843 1369 1914 patiamur
1383 1857 1516 1914 ergo
1544 1860 1788 1901 mensam
1820 1830 1869 1892 Β
1893 1859 2084 1915 perum
2108 1859 2236 1900 cura
2266 1847 2351 1900 sui
2373 1847 2671 1915 negligens,
2704 1855 2874 1901 totam
2905 1847 3080 1902 victus
3111 1847 3194 1902 sui
3241 1848 3494 1903 substan-

183 1932 426 2004 Domini,
455 1942 512 1990 et
541 1934 698 1990 nobis
723 1935 974 2000 vacuam,
1003 1942 1060 1990 et
1085 1936 1371 2006 egentibus
1388 1936 1602 1993 inanem
1625 1939 1793 1994 relin-

185 2018 315 2100 qui;
348 2033 406 2084 et
431 2026 569 2084 visui
616 2033 826 2082 tantum
881 2033 1049 2095 stare,
1105 2043 1214 2085 non
1240 2029 1392 2092 usui;
1425 2044 1494 2086 ne
1516 2029 1585 2087 de
1614 2031 1790 2103 negli-

185 2122 372 2194 gentia
398 2129 583 2178 nostra
603 2121 966 2177 esurientibus
987 2122 1232 2192 expressi
1250 2123 1488 2192 gemitus
1508 2124 1560 2180 in
1583 2141 1688 2182 nos
1702 2141 1792 2181 re-

187 2221 570 2285 torqueantur.
622 2209 724 2278 Qui
752 2213 898 2269 enim
945 2213 1147 2284 spernit
1184 2231 1464 2286 pauperem
1489 2215 1788 2284 exacerbat,

186 2312 252 2360 ut
277 2305 540 2376 scriptum
565 2312 669 2372 est,
700 2321 815 2360 eum
844 2305 932 2378 qui
959 2307 1083 2376 fecit
1104 2306 1254 2362 illam
1278 2317 1332 2381 _",
1365 2307 1469 2364 hoc
1498 2315 1605 2378 est,
1635 2324 1790 2365 com-

188 2414 414 2455 munem
434 2399 675 2456 omnium
695 2398 1011 2457 Creatorem
1038 2417 1053 2454 :
1078 2399 1170 2470 qui
1192 2401 1326 2456 sicut
1360 2399 1654 2460 refectione
1675 2403 1795 2460 ino-

188 2505 320 2564 pum
349 2489 566 2562 gaudet,
591 2491 666 2546 ita
693 2489 1000 2547 deiectione
1026 2491 1288 2546 tristatur.

264 2581 318 2636 Ξ.
361 2577 674 2637 Excitemus
693 2595 825 2652 ergo
846 2597 946 2638 nos
965 2581 1034 2638 ab
1056 2582 1263 2638 inertia:
1288 2597 1504 2650 somno,
1530 2592 1604 2650 et,
1628 2584 1714 2640 vel
1735 2591 1796 2642 ut

191 2673 540 2746 negligentia:
562 2681 842 2744 torporem
868 2673 1244 2740 discutiamus,
1291 2677 1377 2730 vel
1403 2676 1643 2731 avaritia
1671 2676 1795 2734 vin-

189 2768 275 2826 ela
321 2769 346 2802 ⁸
396 2782 731 2839 rumpamus,
787 2754 1140 2840 inspiciamus
1191 2769 1485 2841 diligenter
1528 2770 1580 2824 in
1610 2769 1795 2827 omnia

190 2861 378 2928 verba,
401 2867 694 2932 praecepta,
717 2861 1008 2931 promissa,
1030 2875 1216 2932 opera,
1248 2861 1471 2918 consilia
1498 2860 1795 2920 Salvatoris

190 2952 365 3010 nostri
393 2952 524 3021 Dei;
550 2960 972 3025 reputemusque
992 2953 1295 3020 nobiscum,
1326 2969 1426 3012 cur
1453 2955 1566 3010 haec
1586 2969 1795 3024 mensa,

190 3055 250 3105 et
290 3063 403 3120 quo
447 3053 643 3104 autore
681 3048 958 3118 proposita
984 3047 1054 3103 sit
1083 3048 1138 3104 in
1165 3048 1317 3103 atriis
1335 3047 1528 3105 domus
1556 3047 1794 3119 Domini,

1893 1938 2056 2002 tiam,
2075 1937 2236 1994 futuri
2269 1947 2473 1994 tantum
2498 1955 2741 2008 memor,
2757 1939 2944 1997 Iudice
2965 1942 3082 2011 ipso
3114 1949 3275 2008 teste,
3298 1955 3498 1996 vacua-

1892 2029 2010 2085 vit:
2062 2030 2166 2085 Alii
2207 2030 2373 2098 enim,
2400 2031 2593 2102 inquit,
2621 2029 2690 2086 de
2717 2030 3051 2097 abundantia
3079 2047 3174 2087 sua
3204 2031 3496 2102 superante

1896 2121 1952 2155 "
1968 2122 2345 2186 contulerunt;
2377 2122 2469 2178 illa
2487 2137 2622 2178 vero
2650 2122 2833 2177 multis
2861 2121 3085 2178 forsitan
3109 2130 3175 2178 et‘
3195 2138 3494 2194 pauperum

1893 2215 2160 2284 egentior,
2190 2215 2278 2270 cui
2302 2215 2410 2269 duo
2433 2215 2639 2269 minuta
2667 2214 2845 2269 omnis
2873 2228 3070 2268 census
3097 2222 3255 2268 erant
3305 2212 3348 2280 ι,
3396 2213 3496 2270 sed

1894 2310 2076 2366 animo
2120 2308 2330 2364 cunctis
2373 2306 2632 2363 divitibus
2685 2307 3022 2376 opulentior;
3052 2307 3196 2362 solas
3226 2305 3494 2364 mercedis

1892 2410 2110 2460 aeternae
2133 2416 2268 2473 opes
2289 2408 2562 2472 spectans,
2583 2398 2821 2456 caelestis
2846 2414 3008 2454 avara
3031 2398 3275 2458 thesauri.
3288 2398 3497 2469 pariter

1894 2495 1998 2552 sibi
2029 2501 2204 2549 totum
2229 2493 2346 2563 ejus
2373 2491 2688 2548 substantiae
2715 2505 2838 2560 qua:
2862 2489 2931 2544 de
2962 2498 3108 2546 ωιτη
3164 2491 3395 2547 sumitur
3439 2499 3499 2548 et

1895 2590 1956 2646 in
1979 2595 2181 2645 terram
2209 2586 2522 2652 revertitur,
2552 2584 2841 2641 abdicavit.
2874 2583 3018 2638 Misit
3036 2583 3182 2654 quod
3238 2584 3492 2647 habebat,

1897 2690 1957 2738 ut
1983 2681 2131 2753 quod
2179 2667 2290 2736 non
2316 2679 2527 2736 viderat
2553 2677 2875 2749 possideret.
2929 2675 3071 2731 Misit
3098 2677 3492 2746 corruptibilia,

1895 2785 1958 2834 ut
1981 2774 2308 2833 immortalia
2339 2777 2700 2843 compararet.
2734 2769 2853 2826 Non
2879 2768 3131 2840 despexit
3157 2769 3247 2823 illa
3271 2783 3504 2839 paupera

1897 2870 2018 2927 cuia
2039 2866 2359 2939 dispositam
2379 2880 2418 2928 a‘
2439 2861 2555 2920 Deo
2583 2861 2993 2930 ordinatamque
3032 2861 3301 2915 rationem
3321 2859 3389 2915 de
3410 2873 3500 2914 re-

1895 2961 2151 3030 ceptione
2195 2955 2442 3020 venturi;
2493 2959 2550 3010 et
2577 2959 2867 3024 propterea
2911 2966 3021 3006 non
3063 2949 3163 3006 fuit
3213 2951 3498 3006 immemor

1898 3049 2016 3119 ejus
2064 3049 2179 3116 ipse
2207 3046 2522 3116 dispositor,
2549 3041 2773 3113 jamque
2812 3041 3137 3096 sententiam
3185 3054 3336 3095 suam
3382 3040 3499 3110 ipse

190 3137 246 3196 in
275 3145 574 3210 conspectu
601 3138 778 3194 omnis
827 3137 1009 3210 populi
1055 3135 1204 3207 ejus;
1233 3139 1484 3210 quodque
1511 3139 1745 3194 maxime
1771 3137 1796 3173 ⁸
1838 3206 1868 3210 _
1900 3141 2086 3198 mundi
2115 3139 2317 3195 arbiter
2339 3135 2417 3210 (ὀ)
2448 3132 2903 3206 praecucurrit;et
2931 3140 3091 3202 quam
3116 3132 3170 3185 in
3188 3129 3391 3200 judicio
3409 3146 3501 3186 σοι

191 3206 646 3290 considerandum
685 3238 791 3296 est,
817 3206 913 3286 cui
953 3206 1129 3298 bono,
1160 3206 1268 3301 qua
1307 3206 1480 3299 gratia
1499 3271 1514 3295 ,
1547 3233 1601 3288 in
1629 3249 1792 3304 quem
1820 3206 1870 3274 (ἶ
1898 3242 2190 3293 ronaturus
2214 3239 2317 3298 est,
2348 3206 2404 3286 in
2426 3227 2721 3297 Evangelia
2749 3225 3079 3297 praedicavit.

191 3323 427 3382 fructum
452 3325 631 3382 locata
665 3326 744 3398 (a)
776 3325 1061 3397 paeniteat
1088 3335 1146 3380 et
1168 3333 1368 3397 pateat.
1403 3325 1638 3384 Consule
1676 3327 1790 3400 ipsa

189 3415 440 3474 veritatis
466 3415 709 3481 oracula,
744 3425 800 3473 et
825 3416 1176 3488 respondebit
1201 3417 1297 3472 tibi
1329 3418 1592 3489 propheta
1626 3438 1643 3474 :
1690 3419 1793 3485 Qui

168 3508 468 3580 miseretur
508 3510 746 3580 palperi,
800 3507 964 3563 Deum
993 3511 1196 3582 fenerat
1222 3508 1245 3540 ⁵
1277 3508 1324 3564 δ.
1352 3508 1604 3567 Caelestis
1630 3510 1796 3583 igitur

190 3601 469 3674 multa
486 3603 507 3634 '
521 3602 636 3659 haec
655 3617 838 3658 mensa
864 3613 968 3667 est,
984 3603 1296 3658 thesaurum
1317 3603 1443 3660 vitae
1454 3612 1672 3662 struens
1681 3605 1722 3673 ',
1737 3613 1794 3662 et

190 3692 269 3751 ad
277 3695 630 3766 margaritam
653 3695 1032 3764 negotiandam
1050 3696 1142 3750 Dei
1158 3695 1316 3752 fenus
1343 3711 1628 3753 exercens.
1647 3709 1669 3738 ε
1686 3698 1792 3765 Qui

191 3786 335 3844 enim
347 3786 667 3861 fenerat(V.
685 3794 799 3843 not.
809 3787 897 3858 70)
915 3803 1184 3859 pauperes
1198 3789 1430 3857 Domini,
1449 3790 1796 3861 prtestolatur

190 3894 223 3935 a
242 3879 476 3936 Domino
501 3880 524 3914 ⁷
563 3879 977 3936 retributionem
1029 3881 1294 3936 mercedis
1316 3891 1558 3938 πίει-πω.
1583 3882 1691 3939 Sed
1737 3892 1795 3940 et

191 3970 386 4029 beatus
413 3970 691 4043 apostolus
719 3957 918 4026 Paulus
945 3986 1046 4027 nos
1066 3970 1292 4039 docens,
1343 3973 1486 4029 inter
1526 3974 1792 4032 sollicitu-

191 4064 346 4122 dines
373 4065 614 4121 omnium
641 4063 1006 4122 Ecclesiarum
1035 4081 1144 4122 non
1173 4067 1450 4122 minimam
1476 4067 1578 4125 sibi
1607 4084 1793 4126 curam

192 4170 489 4226 pawerum
515 4170 636 4212 esse
662 4164 927 4224 testatur;
948 4158 1023 4212 ait
1042 4158 1214 4224 enim,
1241 4157 1465 4214 Tantum
1489 4167 1550 4213 ut
1597 4177 1794 4234 paupe-

192 4262 309 4301 rum
331 4262 585 4303 memores
605 4248 789 4314 sim,
809 4249 950 4318 quod
974 4248 1153 4304 studui
1181 4247 1258 4322 (ο)
1287 4252 1462 4322 facere
1483 4252 1708 4325 idipsum
1738 4252 1788 4309 ἀ.

193 4330 340 4394 Idem
361 4337 490 4394 alibi
515 4339 713 4394 clamat
744 4358 767 4393 τ
793 4336 956 4395 Nihif
969 4338 1247 4395 intulimus
1259 4340 1313 4395 in
1340 4342 1476 4394 hunc
1521 4343 1797 4411 mundum,

193 4424 368 4485 rerum
388 4447 484 4486 nec
510 4432 725 4504 auferre
737 4448 1018 4504 possemut
1041 4442 1063 4470 ε
1086 4448 1101 4498 ;
1149 4440 1204 4488 et
1223 4433 1419 4488 iterum
1447 4450 1461 4488 :
1496 4432 1637 4499 Quid
1655 4439 1794 4493 enim

196 4521 352 4578 habes
379 4522 516 4596 quod
544 4538 648 4577 non
671 4524 932 4594 acceperis
966 4520 1024 4576 ‘l
1051 4521 1234 4592 Atque
1267 4523 1410 4582 ilco.
1434 4523 1790 4594 dilectissimi,

1968 3328 2023 3383 4.
2064 3328 2394 3383 Feneremus
2434 3321 2542 3396 (γ.
2577 3329 2694 3376 not.
2736 3319 2840 3392 70)
2888 3321 3052 3389 igitur
3098 3317 3388 3374 Dominum
3429 3317 3502 3374 de

1899 3423 1971 3494 (ε)
1995 3419 2150 3477 donis
2178 3417 2389 3474 Domini
2415 3435 2428 3471 :
2462 3415 2596 3471 nihil
2618 3414 2760 3470 enim
2785 3415 2902 3469 sine
2931 3413 3048 3483 ejus
3073 3428 3301 3467 munere
3323 3413 3501 3484 possi-

1894 3513 2104 3578 demus,
2134 3510 2253 3565 sine
2281 3506 2433 3577 cujus
2462 3515 2594 3563 nutu
2625 3521 2725 3561 nec
2748 3505 2848 3574 ipsi
2877 3502 3166 3559 sumus.Et
3189 3519 3288 3558 nos
3309 3503 3504 3574 przeci-

1894 3618 2021 3676 pne,
2053 3599 2182 3673 quid
2213 3606 2456 3656 nostrum
2479 3605 2748 3670 putemus,
2798 3597 2888 3666 qui
2920 3595 3113 3665 majori
3160 3603 3216 3650 et
3272 3594 3503 3666 speciali

1895 3697 2083 3755 debito
2124 3711 2232 3750 non
2280 3708 2466 3749 sumus
2507 3677 2718 3748 nostri?
2739 3698 2795 3746 et
2820 3705 2929 3744 non
2957 3690 3131 3745 solum
3157 3689 3282 3759 quia
3310 3687 3436 3745 facti
3465 3703 3500 3744 a

1895 3790 2028 3856 Deo,
2082 3788 2179 3846 sed
2226 3794 2282 3842 et
2306 3784 2438 3842 emti
2484 3798 2671 3840 sumus
2696 3792 2755 3837 π’.
2789 3770 3138 3836 Gratulemur
3159 3787 3339 3835 autem
3369 3781 3503 3849 quia

1894 3895 2092 3950 magno
2137 3879 2289 3945 emti,
2336 3876 2537 3948 quippe
2591 3873 2854 3944 sanguine
2899 3872 3067 3944 ipsius
3095 3869 3309 3928 Domini
3345 3889 3359 3924 :
3391 3886 3502 3941 quo

1894 3975 2073 4048 pretio
2120 3981 2176 4029 et
2189 3971 2330 4027 viles
2355 3979 2411 4026 et
2431 3969 2652 4024 venales
2675 3969 2796 4024 esse
2823 3966 3152 4027 desistimus.
3183 3966 3310 4035 quia
3340 3965 3501 4021 vilior

1894 4068 2156 4126 servitute
2176 4065 2398 4120 libertas
2425 4063 2654 4117 liberum
2684 4075 2805 4115 esse
2831 4058 3075 4128 iustitiae.
3124 4056 3269 4111 Talis
3295 4056 3501 4112 etenim

1896 4161 2034 4216 liber
2049 4172 2239 4215 servus
2267 4154 2476 4226 peccati
2501 4160 2556 4208 et
2579 4151 2826 4223 captivus
2854 4159 2938 4205 est
2959 4151 3171 4204 mortis.
3199 4147 3306 4203 Sua
3338 4148 3506 4218 igitur

1896 4253 2128 4312 Domino
2155 4251 2298 4306 dona
2331 4248 2663 4312 referamus;
2685 4245 2876 4301 demus
2901 4243 2978 4298 illi
3005 4244 3096 4313 qui
3126 4244 3179 4297 in
3206 4242 3354 4298 omni
3375 4259 3505 4313 pau-

1894 4362 2027 4420 pere
2055 4345 2286 4415 accipit;
2317 4341 2527 4408 demu’s,
2551 4340 2792 4410 inquam,
2823 4336 3140 4407 gaudentes,
3175 4345 3230 4390 et
3258 4335 3496 4406 recipia-

1895 4455 2019 4496 mus
2044 4437 2115 4493 ab
2139 4438 2258 4509 ipso
2287 4433 2640 4490 exsultantes.
2674 4430 2858 4486 Placet
2885 4429 3030 4485 enim
3062 4429 3161 4499 ipsi
3204 4426 3324 4482 talis
3353 4425 3500 4495 inju-

1898 4533 1999 4599 ria,
2052 4539 2112 4586 ut
2138 4531 2248 4585 vim
2275 4542 2446 4597 regno
2475 4525 2642 4596 ipsius
2671 4523 2981 4588 inferamus,
3032 4521 3190 4576 bouis
3241 4520 3502 4592 operibus

195 4628 306 4669 non
335 4619 398 4668 ut
421 4610 488 4668 de
515 4611 738 4682 proprio
762 4611 996 4684 restricti
1017 4613 1206 4679 simus,
1231 4614 1323 4669 sed
1343 4623 1398 4668 ut
1420 4613 1489 4670 de
1507 4616 1714 4673 credito
1725 4617 1798 4675 fe-
1825 4599 1873 4659 υ
1901 4624 2023 4684 οωιί
2047 4623 2282 4678 claustra
2314 4618 2641 4688 frangentes.
2693 4615 2952 4672 Dominus
3011 4614 3153 4668 enim
3178 4622 3383 4676 noster,
3408 4612 3501 4681 qui

195 4719 466 4762 neremus.
491 4703 833 4775 Dispensatio
843 4703 1007 4772 enim,
1040 4704 1232 4774 inquit,
1265 4704 1411 4760 nobis
1429 4706 1626 4762 credita
1646 4717 1791 4776 ests;

197 4807 250 4854 et
279 4799 592 4870 temporalis
619 4799 860 4870 pecunia:
882 4815 1044 4856 usura
1073 4800 1392 4868 communis,
1419 4816 1528 4857 non
1566 4803 1794 4874 privata:

196 4892 277 4949 rei
295 4897 498 4948 aeterna
520 4891 810 4962 possessio.
841 4890 904 4946 Si
929 4905 1227 4961 cognoscas
1255 4907 1374 4948 eam
1424 4895 1798 4966 temporaliter

198 4983 253 5040 in
281 4995 427 5040 terra
459 4993 605 5040 tuam
632 4985 674 5051 ⁸,
705 4985 910 5056 poteris
942 4986 994 5040 in
1025 4985 1334 5042 caelestibus
1363 4986 1460 5043 tibi
1481 4987 1662 5046 facere
1681 5006 1800 5062 per-

269 5107 295 5136 ⁸
329 5095 492 5152 Prov.
521 5113 628 5162 XIV,
653 5095 739 5164 3i,
771 5105 825 5152 et
846 5112 976 5163 χιιι,
1008 5094 1058 5151 5.

1135 5096 1162 5136 δ
1189 5096 1350 5152 Prov.
1392 5114 1502 5169 xiv,
1532 5098 1618 5169 i7.
1698 5110 1728 5169 εᾼ
1756 5103 1953 5161 Matth.
1975 5120 2088 5169 xui,
2121 5099 2207 5154 lli.

1902 4717 2043 4774 tofus
2067 4714 2248 4780 bonus,
2273 4719 2333 4766 ut
2359 4726 2492 4764 unus
2520 4707 2656 4763 Deus
2679 4717 2731 4774 ἰ,
2753 4723 2864 4761 non
2892 4705 3134 4761 avaritiae
3156 4705 3332 4760 studio
3361 4704 3505 4759 acci-

1900 4825 2032 4882 pere
2053 4803 2346 4870 desiderat,
2375 4801 2470 4858 sed
2501 4800 2768 4870 largitatis
2794 4798 3014 4854 affectu.
3035 4796 3177 4867 Quid
3215 4796 3359 4851 enim
3391 4811 3501 4849 non

1902 4901 2122 4962 habeat,
2154 4897 2246 4969 qui
2276 4896 2454 4952 omnia
2485 4892 2668 4949 dedit?
2690 4893 2794 4947 Aut
2817 4891 2944 4964 quid
2975 4907 3082 4946 non
3107 4887 3382 4962 possideat
3406 4887 3501 4956 qui

1905 4997 2052 5066 ipsos
2089 4988 2328 5063 possidet
2359 4986 2736 5059 possidentes?
2790 4985 2914 5057 quia
2944 4998 3134 5039 omnes
3159 4981 3260 5037 viri
3289 4979 3504 5037 divitia-

2284 5097 2310 5138 (³
2340 5097 2459 5155 Gal.
2490 5114 2551 5167 ιι,
2580 5097 2665 5152 10.
2747 5108 2768 5136 ε
2799 5097 2820 5152 l
2846 5096 2987 5152 Tim.
3017 5113 3091 5160 Vl,
3141 5094 3193 5149 7.
3275 5094 3293 5131 τ
3321 5093 3342 5148 l
3370 5093 3500 5167 Cur.

201 5183 271 5242 ῐνε
298 5168 353 5242 7.
427 5178 455 5216 ε
484 5168 504 5222 l
532 5169 656 5242 Cur.
681 5163 755 5242 lx.
784 5169 872 5223 i7.
948 5167 980 5208 lt
1006 5167 1198 5242 Matth.
1232 5185 1357 5233 xxv,
1399 5168 1481 5242 η.
1535 5167 1548 5206 ί
1575 5167 1763 5242 Matth.
1795 5193 1920 5242 xxv,
1950 5176 2039 5230 εί.
2077 5163 2122 5224 ἰ
2151 5171 2280 5227 Luc.
2314 5188 2423 5234 XIX,
2443 5163 2545 5224 il.’
2582 5171 2604 5206 ι
2634 5168 2975 5235 Mattli.xxv,
3003 5167 3088 5230 ἐξ),
3117 5167 3243 5222 Luc.
3275 5182 3384 5232 nx,
3407 5163 3501 5219 ‘26.

207 5239 226 5279 ι
260 5241 421 5296 Marc.
457 5257 550 5303 xu,
578 5239 686 5306 4'5;
716 5239 852 5297 Luc.
881 5257 990 5309 ut,
1024 5240 1058 5294 3
1080 5248 1136 5296 et
1162 5239 1216 5294 ι.
1293 5251 1330 5277 ω
1357 5242 1374 5295 l
1405 5241 1530 5295 Cor.
1564 5257 1634 5308 vr,
1659 5241 1748 5300 “20.

274 5360 352 5431 (a)
391 5356 470 5412 ita
523 5356 928 5431 ememlavimus
952 5372 1042 5431 ex
1086 5373 1235 5431 mss__._
1265 5355 1542 5431 codicibus
1571 5357 1702 5428 Reg.
1738 5369 1796 5416 et

203 5427 360 5486 V’ien.
392 5438 450 5484 et
475 5428 634 5484 editis
661 5427 848 5491 Grav.,
875 5427 1064 5485 Schol.
1095 5441 1151 5484 et
1177 5427 1354 5483 Cbiﬂl.
1390 5427 1492 5482 Alii
1513 5429 1620 5486 duo
1640 5427 1791 5498 editi,

205 5501 474 5576 pertineat.
497 5498 607 5576 Ed.
631 5498 822 5564 Rosv.,
850 5501 1127 5574 perniteat.

274 5572 350 5642 (ὑ)
389 5571 466 5642 Ita
493 5569 768 5642 Scriptura
789 5569 962 5642 saera,
994 5585 1095 5624 ms.
1126 5569 1257 5640 Reg.
1292 5579 1346 5626 et
1373 5569 1500 5626 edit.
1530 5571 1712 5628 Chim.
1734 5571 1793 5630 In

209 5641 323 5715 aliis
351 5641 510 5698 editis
518 5641 975 5715 codicibusmale
1005 5642 1506 5712 interpungebatur,
1534 5643 1671 5715 quod
1689 5653 1795 5700 atu-

187 5713 491 5788 adiifacgre.
511 5710 748 5782 Idipsttm
776 5711 932 5788 idem,
963 5721 1070 5788 elo.
1453 5755 1456 5758 .

277 5781 352 5857 (ἒ)
385 5781 677 5857 Vulgatam
705 5782 1025 5857 reti_nuimus
1047 5782 1706 5857 lectionenrguoadusque
1725 5800 1795 5841 ex

210 5852 342 5912 mss.
390 5852 668 5912 codicibus
711 5852 886 5918 major
913 5853 1002 5924 lux
1033 5853 1302 5924 aliulgeat.
1331 5852 1454 5910 Mss.
1484 5852 1630 5911 enim
1658 5854 1792 5924 Reg.

213 5934 268 5986 et
285 5924 462 5996 Vien.,
491 5941 644 5997 quam
670 5924 838 5980 sterili
863 5922 969 6003 ﬁde
995 5922 1232 5992 odiosam
1257 5926 1602 5981 reminiscent
1639 5922 1797 5996 quare

1831 5259 1854 5284 ε’
1883 5248 2073 5303 Matth.
2106 5263 2215 5309 nx,
2246 5243 2330 5296 i7.

1898 5365 2063 5426 nullo,
2092 5371 2195 5416 etc.
2232 5359 2339 5415 Nec
2370 5361 2548 5427 placet
2575 5356 2828 5413 Chiﬂletii
2855 5355 3148 5422 correctio,
3189 5372 3343 5427 quam
3396 5365 3504 5409 ste-

1901 5437 1986 5488 rili
2011 5435 2114 5505 ﬁde
2135 5437 2369 5487 odiosum
2391 5431 2650 5485 reminisci
2675 5447 2708 5483 a
2739 5439 2996 5500 te,avare,
3023 5428 3165 5482 nullo
3192 5429 3358 5481 reditu
3388 5444 3504 5480 cre-

1901 5507 2177 5560 ditoris....
2193 5545 2204 5558 .
2231 5511 2507 5557 servatum.

1974 5579 2052 5645 (d)
2095 5577 2169 5630 lla
2219 5575 2547 5629 restitulmus
2607 5587 2826 5645 exiguis.
2885 5571 3070 5645 codice
3102 5569 3258 5625 V'ien.
3285 5577 3339 5624 et
3364 5568 3496 5623 edit.

1899 5643 2077 5704 Chiﬂl.
2105 5645 2412 5716 postulante
2442 5659 2623 5716 sensu.
2656 5643 2782 5716 ᾼΙίἰ,
2805 5643 3099 5712 γνωρίμη-ξι.

1974 5722 2047 5789 (ε)
2225 5716 2377 5785 Reg.
2410 5725 2467 5771 et
2495 5715 2622 5770 editi
2652 5711 2704 5789 .‘i,
2756 5711 2938 5776 bonis;
2965 5720 3196 5789 utraque
3225 5711 3383 5789 lectio
3406 5725 3498 5789 ref

1904 5783 2081 5855 cepta.
2130 5788 2204 5842 Ea
2234 5783 2394 5857 quam
2449 5787 2786 5857 reposuimus
2816 5800 2882 5839 ex
2913 5800 3013 5857 ms.
3047 5784 3232 5840 codice
3253 5783 3406 5857 Vien.
3441 5787 3498 5857 et

1905 5851 2034 5918 edit.
2067 5851 2619 5917 Chiillfconilrmatur
2639 5872 2704 5914 ex
2729 5855 3098 5926 sequentibus,
3126 5866 3180 5911 et
3207 5871 3265 5910 η.
3289 5853 3323 5910 6
3360 5861 3415 5910 et
3442 5851 3496 5908 7.
