4022 6404
570 393 580 402 .
603 351 709 412 347

1819 345 1866 402 S
1911 342 2186 403 PAULINI
2216 340 2482 399 NOLANI
2517 340 2820 399 BPlSCOPl

3774 338 3885 397 348

601 475 721 516 rum
746 460 797 513 in
826 459 1068 514 manibus
1096 458 1237 530 ejus,
1266 458 1361 531 sed
1392 459 1650 513 immensa
1671 463 1788 525 ejus
1800 463 2007 527 iustitia
2037 461 2181 530 pari-
2205 468 2253 524 Α
2280 460 2401 515 isne
2420 460 2631 515 videtur
2659 461 2703 491 "
2731 466 2981 527 negatum
3010 476 3026 511 :
3054 467 3116 514 et
3138 466 3362 522 contra;
3396 457 3596 516 divites
3621 460 3717 529 qui
3745 474 3889 528 pati-

603 557 687 604 ter
712 557 768 604 et
793 548 1009 605 bonitas
1032 551 1098 604 de
1128 549 1258 619 ipsis
1284 549 1596 604 muneribus
1624 550 1734 604 suis
1755 551 1869 605 vult
1916 551 2016 608 sibi
2063 567 2182 606 mu-

601 655 733 695 nera
758 641 990 704 invicem
1020 641 1165 706 fieri,
1194 650 1251 697 ιιι
1272 641 1374 697 sibi
1418 642 1699 707 materiam
1729 657 1854 711 erga
1886 652 1939 699 te
1976 642 2180 699 benefi-

600 732 791 785 centia:
820 732 1013 801 pariat,
1044 733 1172 801 quia
1199 732 1372 787 bonus
1411 741 1533 790 est:
1582 740 1637 786 et
1683 733 1780 787 tibi
1825 732 1986 789 faciat
2015 735 2182 789 meri-

601 826 733 888 tum,
760 824 905 891 quod
925 825 1085 893 digne
1116 826 1156 855 "
1182 823 1435 892 recipias,
1456 824 1578 891 quia
1593 822 1772 893 justus
1798 833 1896 879 est.

669 909 723 965 5.
764 911 957 967 Patent
978 914 1136 980 igitur
1166 913 1406 968 thesauri
1430 914 1695 969 honorum
1726 914 1883 981 illius,
1909 926 1967 971 et
1984 916 2182 973 divitiae

598 993 855 1059 bonitatis
893 1002 1007 1072 eius
1038 1004 1090 1057 in
1131 1012 1344 1072 promtu
1371 1011 1516 1066 sunt,
1540 1011 1597 1057 ut
1626 1007 1790 1076 216
1818 1008 2181 1077 unusquisque

599 1111 711 1151 non
739 1105 1019 1167 exspectet
1044 1097 1318 1165 accipere,
1332 1096 1422 1150 sed
1438 1097 1578 1153 ultro
1590 1098 1694 1152 sibi
1724 1100 1899 1166 rapiat
1918 1109 2180 1169 quantum

600 1188 750 1243 velit.
781 1187 838 1243 In
869 1189 972 1243 hoc
995 1190 1139 1244 enim
1187 1204 1286 1244 nos
1316 1188 1444 1242 fecit
1466 1188 1638 1243 borius
1668 1188 1924 1247 Dominus
1945 1200 1999 1245 et
2018 1191 2179 1247 Pater

603 1287 841 1342 sanctus,
885 1286 943 1334 ut
965 1288 1152 1335 nostro
1172 1280 1315 1335 bono
1339 1294 1580 1334 essemus
1606 1278 1754 1335 boni.
1779 1281 1910 1335 Nam
1934 1300 2043 1353 quo
2090 1284 2179 1339 ille

598 1370 867 1439 indigeret
921 1370 1256 1426 extrinsecus
1308 1369 1471 1437 bono,
1518 1370 1608 1439 qui
1640 1379 1784 1426 totus
1806 1373 1920 1443 ipse
1946 1383 2181 1444 quantus

597 1472 701 1532 est,
733 1464 948 1519 bonitas
990 1472 1047 1519 et
1071 1464 1352 1521 beatitudo
1372 1473 1452 1520 est
1485 1466 1548 1520 «ιῖ
1577 1463 1657 1521 0b
1683 1465 1812 1534 hoc,
1837 1478 2101 1537 quantum
2123 1471 2180 1525 in

600 1558 720 1628 ipso
740 1558 1136 1626 est,carissimi,
1150 1575 1349 1613 omnem
1366 1558 1620 1612 hominem
1648 1560 1751 1613 vult
1777 1561 1975 1615 salvum
1996 1563 2113 1632 ﬁeri
2130 1563 2176 1631 δ,

594 1649 724 1719 quia
753 1649 807 1709 in
852 1649 1001 1703 omni
1026 1650 1244 1704 homine
1272 1664 1409 1718 opus
1450 1665 1603 1704 suum
1630 1649 1831 1718 diligit;
1856 1660 1912 1707 et
1938 1653 2180 1725 impense

597 1738 696 1813 tibi
722 1738 802 1810 (α)
845 1739 1024 1806 largus
1051 1748 1135 1795 est
1162 1738 1231 1793 de
1255 1740 1365 1795 suis
1384 1740 1593 1809 opibus,
1617 1739 1661 1794 si
1693 1748 1750 1795 tu
1792 1740 1885 1797 tibi
1914 1742 2032 1814 ipse
2070 1761 2178 1802 non

2281 549 2499 618 peribus
2529 549 2647 607 istic
2667 549 2858 618 inopes
2883 542 3041 619 217
3073 546 3293 615 fuerint,
3321 547 3455 603 nihil
3478 549 3548 603 de
3578 562 3882 619 pauperum

2281 636 2540 693 felicitate
2568 646 2856 708 capturos;
2879 636 3391 706 mendicitatemque
3410 647 3731 709 perpetuam
3751 652 3881 693 cum

2281 725 2610 782 abundantia
2637 740 2920 797 pmnarum
2939 742 3038 798 pro
3063 726 3259 796 injuria
3284 742 3587 797 pauperum
3605 726 3770 797 digna
3791 727 3883 783 ul—

2281 816 2430 872 tione
2457 817 2815 873 referendam.

2354 907 2405 960 7.
2446 906 2624 974 Quare
2650 909 2929 973 ambulate,
2958 916 3019 964 nt
3045 909 3303 980 scriptum
3333 921 3436 978 est,
3463 912 3639 984 ιιτῂΗὶ
3667 913 3881 969 istisin

2278 997 2493 1051 lumine.
2518 998 2638 1053 dam;
2667 999 2838 1053 (totum
2885 998 3084 1055 habetis
3114 997 3139 1037 δ
3160 1018 3177 1067 ;
3200 1008 3256 1057 ει
3283 1002 3363 1056 sic
3390 1016 3515 1074 age,
3542 1000 3881 1070 Christiane,

2277 1086 2405 1145 dum
2435 1088 2780 1157 resipiscendi
2805 1096 2862 1143 et
2889 1088 3207 1158 providendi
3246 1090 3369 1146 dies
3392 1092 3655 1162 suppetit,
3683 1100 3747 1147 ut
3774 1107 3879 1147 au-

2276 1177 2393 1233 dire
2423 1180 2678 1244 merearis
2720 1195 2753 1235 a
2803 1180 3070 1239 Domino:
3120 1181 3287 1255 Euge,
3320 1178 3450 1238 bone
3477 1200 3641 1253 serue,
3665 1185 3791 1254 quia
3816 1186 3879 1239 in

2278 1272 2461 1337 paucis
2482 1272 2654 1341 ﬁdelis
2682 1273 2847 1344 fuisti,
2875 1289 3034 1345 supra
3060 1275 3224 1330 multa
3250 1285 3301 1329 te
3317 1280 3630 1341 constituam
3658 1275 3702 1334 ί.
3736 1274 3881 1332 Vide

2278 1359 2462 1428 igitur,
2517 1372 2572 1420 et
2615 1363 2833 1419 intende
2883 1364 3011 1420 huic
3039 1365 3225 1431 verbo,
3253 1365 3438 1433 frater,
3470 1375 3527 1422 et
3553 1368 3668 1423 noli
3694 1367 3877 1437 negli-

2278 1463 2406 1520 gere
2432 1453 2657 1521 gratiam
2687 1469 2804 1523 quat
2823 1454 2920 1511 tibi
2945 1455 3125 1511 oblata
3146 1462 3248 1513 est.
3275 1456 3395 1514 Noli
3417 1455 3753 1514 descendere
3775 1474 3879 1513 va-

2279 1558 2411 1610 cuus
2435 1543 2490 1598 in
2518 1544 2735 1601 domum
2763 1541 2959 1602 Christi
2981 1545 3027 1614 Ι,
3057 1563 3171 1619 quia
3196 1555 3273 1602 ut
3299 1546 3538 1603 Ecclesia
3562 1548 3663 1603 Dei
3691 1548 3876 1607 nisi“.

2280 1635 2357 1691 De
2379 1636 2482 1692 tuis
2502 1638 2684 1693 multis
2710 1638 2798 1695 vel
2824 1655 2987 1710 parva
3016 1640 3062 1698 si
3089 1641 3314 1708 tribuas,
3345 1641 3570 1697 multare
3600 1642 3699 1698 tibi
3739 1641 3879 1699 reli-

2278 1741 2508 1801 quorum
2532 1736 2744 1785 tuorum
2774 1731 3132 1801 adiectionem
3158 1734 3377 1803 parasti.
3413 1733 3652 1789 Plurimi
3678 1736 3749 1789 te
3773 1749 3880 1790 ex-

594 1830 672 1886 sis
689 1827 900 1885 invidus
918 1838 974 1884 et
996 1845 1190 1885 avarus
1215 1831 1283 1885 de
1305 1831 1368 1884 iis
1394 1846 1514 1899 quae
1536 1831 1676 1887 Deus
1702 1839 1793 1887 tua
1814 1832 1959 1900 fecit,
1991 1851 2100 1891 non
2122 1847 2166 1892 ul

2282 1828 2548 1889 spectant,
2581 1822 2725 1878 etin
2766 1823 3054 1881 adventum
3085 1834 3236 1883 tuum
3264 1825 3516 1895 pendent,
3549 1826 3881 1896 circumspi-

600 1934 765 1985 causa
814 1919 910 1973 tibi
969 1918 1035 1974 ad
1084 1929 1334 1983 mortem,
1366 1921 1459 1975 sed
1487 1929 1541 1973 ut
1564 1922 1795 1990 pretium
1824 1923 1893 1978 ad
1913 1924 2084 1981 vitam
2098 1924 2189 1983 fo-

604 2018 750 2064 rent.
787 2008 830 2062 0
867 2009 1194 2065 abundantia
1224 2012 1482 2067 bonitatis
1508 2011 1631 2087 Dei!
1665 2014 1779 2067 vult
1831 2012 2063 2072 fenerari
2113 2034 2185 2075 ex

593 2098 663 2155 iis
682 2113 802 2169 quae
824 2098 939 2167 ipse
961 2101 1183 2167 largitus
1205 2108 1288 2157 est
1312 2120 1327 2155 :
1367 2103 1515 2171 cupit
1538 2100 1753 2158 debitor
1773 2103 1886 2169 fieri
1913 2106 2182 2164 donorum

595 2205 835 2256 suorum,
895 2202 953 2248 ut
1003 2209 1124 2249 cum
1178 2193 1348 2253 multa
1402 2193 1497 2247 tibi
1553 2194 1762 2251 ratione
1817 2203 1961 2251 tuam
1990 2198 2183 2265 reddat

600 2297 836 2339 usuram.

668 2376 719 2427 6.
738 2374 985 2449 Propera
1016 2377 1059 2409 "
1083 2376 1262 2446 igitur,
1287 2374 1473 2444 frater,
1505 2386 1611 2433 tam
1643 2378 1809 2435 ubere
1831 2380 1925 2457 tibi
1954 2382 2186 2439 obstrin-

596 2478 723 2531 gere
742 2465 1058 2532 debitorem,
1084 2473 1143 2522 ut
1162 2474 1216 2522 et
1241 2469 1473 2523 amicum
1499 2478 1552 2523 te
1575 2484 1644 2524 ex
1671 2486 1827 2525 servo
1858 2482 2012 2528 vocet
2043 2486 2101 2539 ες
2126 2485 2182 2531 ει

596 2557 648 2611 in
682 2560 787 2613 tuis
816 2559 1162 2615 terrestribus
1187 2560 1419 2615 nummis
1469 2569 1523 2616 te
1549 2570 1805 2630 expertus
1851 2562 2080 2631 fidelem,
2111 2567 2179 2623 de

593 2650 704 2709 suis
722 2651 1027 2705 cmlesu'bus
1047 2651 1315 2705 thesauris
1338 2650 1558 2705 divitem
1575 2651 1736 2707 faciat
1753 2654 1815 2709 ⁸³.
1830 2655 1907 2711 Νε
1925 2659 2176 2727 trepides,

593 2754 662 2809 ne
708 2741 993 2805 cuneteris,
1052 2755 1121 2795 ne
1167 2755 1377 2810 parcas.
1425 2739 1558 2796 Esto
1595 2742 1862 2799 violentus
1888 2746 2020 2813 Deo,
2046 2765 2176 2819 rape

591 2843 754 2897 regna
786 2829 1045 2885 cmlorum
1072 2826 1121 2883 δ.
1154 2829 1255 2896 Qui
1283 2838 1429 2885 vetat
1450 2831 1623 2885 aliena
1642 2835 1900 2903 contingi,
1931 2852 2025 2891 sua
2046 2853 2176 2907 gau-

587 2918 679 2975 det
698 2920 877 2974 invadi
907 2938 921 2974 :
944 2928 1002 2975 et
1026 2921 1118 2989 qui
1145 2921 1367 2977 damnat
1391 2922 1626 2977 avaritiae
1653 2926 2023 2996 rapacitatem,
2055 2931 2172 2986 lau-

585 3010 682 3065 dat
711 3008 830 3065 iidei
858 3011 1125 3080 rapinam.
1162 3010 1457 3068 Pransorcs
1503 3014 1580 3067 tui
1626 3013 1828 3070 dudum
1873 3026 2021 3074 stant
2071 3038 2171 3091 pro

583 3102 788 3159 foribus
816 3106 943 3171 tuis,
966 3113 1175 3177 tempus
1202 3115 1257 3162 et
1284 3122 1465 3175 regem
1486 3126 1685 3172 mensa:
1707 3115 2065 3182 opperientes.
2089 3118 2167 3176 Tu

2284 1914 2728 1984 cientesquando
2750 1924 2812 1972 te
2833 1916 3067 1974 videant.
3093 1916 3212 1976 Tibi
3231 1918 3617 1988 impenduntur
3642 1926 3886 1976 cunctoe
3932 1966 3935 1969 .

2281 2020 2401 2060 rum
2429 2007 2648 2077 inopum
2676 2023 2865 2077 preces
2891 2015 2949 2063 et
2972 2016 3098 2064 vota
3122 2008 3399 2066 debilium.
3452 2008 3589 2064 Vide
3635 2025 3708 2065 ne
3762 2019 3897 2069 tam.

2281 2096 2401 2166 pios
2428 2106 2635 2152 mutare
2662 2109 2925 2166 cogantur
2951 2098 3193 2165 aliectus,
3215 2107 3271 2155 et
3288 2100 3343 2155 in
3370 2101 3654 2170 querelam
3680 2116 3877 2171 preces

2280 2199 2520 2261 vertant;
2551 2200 2606 2245 et
2633 2191 2915 2247 adversum
2940 2201 2997 2248 te
3024 2192 3155 2248 editi
3183 2194 3431 2263 gemitus,
3459 2208 3600 2263 quos
3631 2194 3889 2251 necessi-m

2282 2290 2366 2338 tas
2403 2283 2782 2350 laborantium,
2834 2292 2887 2339 te
2916 2300 3023 2339 non
3053 2285 3363 2349 miserante,
3393 2282 3663 2346 confectis
3683 2284 3876 2347 extor-

2280 2376 2432 2439 serit,
2461 2374 2655 2430 feriant
2681 2387 2736 2430 et
2782 2376 3011 2432 invitent
3054 2371 3215 2449 (forte
3263 2375 3498 2447 irritent)
3530 2388 3748 2447 patrem
3787 2392 3877 2433 or-

2279 2466 2603 2537 phanornm,
2617 2467 2854 2535 judicem
2880 2466 3186 2534 viduarum,
3209 2475 3268 2524 et
3293 2481 3710 2538 compassorem
3737 2480 3877 2538 pau-

2279 2572 2468 2626 perum
2498 2557 2664 2611 Deum
2700 2555 2743 2613 ¹.

2348 2645 2402 2699 8.
2443 2644 2585 2703 Cave
2614 2648 2785 2717 ipsum
2809 2656 2863 2704 te
2879 2647 3253 2705 tantummodo
3298 2664 3467 2715 ames,
3496 2650 3543 2705 si
3594 2659 3652 2707 te
3698 2664 3874 2715 amas,

2277 2740 2399 2809 quia
2428 2739 2720 2808 iniquitatis
2748 2748 2830 2794 est
2857 2741 2957 2795 ista
3002 2740 3249 2807 dilectio;
3280 2742 3449 2819 εισιιὶ
3477 2741 3653 2813 diligit
3680 2742 3851 2813 iniqui
3862 2774 3876 2787 ο

2277 2837 2453 2893 tatem,
2476 2828 2603 2895 odit,
2638 2838 2695 2885 ut
2722 2832 2978 2901 scriptum
3005 2839 3113 2897 est,
3130 2835 3360 2886 animum
3379 2849 3527 2886 suam
3550 2849 3569 2887 :
3601 2833 3876 2905 plenitudo

2275 2930 2446 2974 autem
2472 2922 2602 2993 legis
2646 2932 2722 2976 est
2745 2923 2952 2997 dilectio
2979 2926 3205 2995 proximi
3236 2933 3295 2991 ω,
3324 2925 3471 2995 quod
3494 2927 3679 2982 omnis
3708 2929 3875 2983 homo

2273 3012 2478 3067 homini
2499 3015 2590 3083 est
2632 3016 2989 3083 germanitate
3016 3024 3242 3073 naturai.
3298 3016 3493 3073 Parem
3516 3032 3651 3086 ergo
3683 3036 3874 3075 curam

2276 3105 2350 3158 tui
2380 3112 2436 3159 et
2466 3108 2715 3175 pauperis
2742 3120 2889 3176 gere,
2916 3117 2976 3162 ut
3024 3107 3253 3163 imiteris
3278 3108 3614 3165 imitatorem
3641 3109 3870 3174 Christi,

583 3195 837 3250 convivas
885 3196 1114 3253 moraris
1144 3216 1158 3252 :
1209 3215 1366 3255 curre
1414 3202 1700 3270 sollicitus,
1726 3218 1794 3258 ne
1819 3205 2019 3262 diutius
2049 3225 2155 3263 ma-

2273 3212 2378 3251 non
2411 3198 2525 3263 tibi,
2554 3199 2646 3255 sed
2673 3200 2792 3255 aliis
2821 3202 2971 3271 utilia
3017 3203 3279 3269 curando,
3334 3213 3392 3259 ut
3435 3202 3515 3258 tui
3570 3203 3875 3275 impensius

581 3293 747 3345 neant
786 3286 1121 3356 jejunantes;
1153 3298 1208 3345 et
1258 3292 1450 3359 injuria
1492 3308 1677 3348 eorum
1706 3298 1973 3353 excitetur
2000 3300 2044 3355 is
2070 3302 2162 3371 qni

579 3377 704 3434 fecit
726 3380 867 3450 illos,
889 3390 945 3436 et
971 3384 1061 3452 qui
1084 3384 1207 3439 illos
1232 3385 1374 3441 bono
1404 3395 1495 3441 tuo
1527 3404 1788 3458 pauperes
1814 3388 1940 3446 fecit
1964 3402 2009 3442 ε.
2032 3392 2161 3448 Nam

579 3477 853 3540 potuerat,
909 3472 1270 3542 dilectissimi,
1316 3474 1573 3533 Dominus
1625 3480 1967 3550 omnipotens
2010 3499 2163 3552 eque

579 3567 856 3621 universos
882 3565 1077 3622 divites
1104 3568 1306 3636 facere,
1330 3577 1387 3624 ut
1414 3585 1573 3626 nemo
1627 3571 1893 3641 indigeret
1936 3574 2110 3631 altero
2145 3595 2157 3632 :

576 3657 674 3714 sed
720 3656 941 3715 infinita:
986 3659 1240 3716 bonitatis
1264 3662 1489 3718 consilio
1516 3664 1593 3718 sic
1618 3667 1830 3735 paravit
1856 3668 2161 3726 misericors

574 3757 634 3803 et
660 3750 947 3806 misemtor
966 3750 1243 3816 Dominus,
1291 3761 1351 3807 ut
1378 3762 1524 3809 tuam
1557 3760 1611 3809 in
1641 3756 1745 3811 illis
1772 3767 2006 3813 mentem
2036 3776 2161 3829 pro-

574 3838 687 3894 bet.
714 3840 860 3896 Fecit
883 3842 1157 3905 miserum,
1192 3853 1252 3898 ut
1280 3854 1599 3913 agnosceret
1618 3847 2039 3905 misericordem.
2066 3850 2159 3906 Fc-

574 3934 648 3989 cit
674 3934 908 4005 inopem,
942 3945 1002 3991 ut
1057 3947 1337 3993 exerceret
1371 3940 1704 4008 opulentum.
1750 3940 1974 3997 Materia
2021 3944 2158 4000 divi-

573 4028 766 4082 tiarum
799 4029 893 4083 tibi
922 4031 1008 4083 est
1026 4029 1261 4085 fraterna
1290 4040 1594 4101 paupertas,
1617 4033 1660 4087 si
1710 4032 1975 4103 intelligas
1996 4036 2175 4107 super

574 4129 799 4184 egenum
822 4125 877 4172 et
906 4134 1199 4188 pauperem
1229 4119 1273 4186 f;
1302 4136 1401 4175 nec
1430 4121 1525 4175 tibi
1556 4130 1763 4178 tantum
1792 4123 1995 4181 habeas
2012 4128 2156 4194 quod

574 4210 850 4278 accepisti,
879 4213 1005 4281 quia
1031 4212 1149 4267 ideo
1169 4221 1224 4267 et
1254 4213 1393 4267 illius
1422 4223 1631 4282 partem
1654 4198 1747 4269 tibi
1770 4214 1823 4269 in
1852 4216 1956 4272 hoc
1970 4218 2154 4274 seculo

572 4303 799 4357 contulit
846 4302 1005 4368 Dens,
1056 4312 1116 4360 ut
1171 4305 1266 4359 tibi
1318 4304 1540 4360 deberet
1582 4305 1838 4376 quidquid
1888 4308 1930 4340 “
1949 4308 2016 4365 de
2043 4313 2154 4367 suis

574 4391 729 4447 donis
757 4402 850 4449 tuo
879 4396 1185 4451 voluntario
1217 4395 1409 4451 affectu
1458 4396 1816 4465 indigentibus
1846 4398 2149 4467 obtulisses,

572 4499 634 4537 ac
663 4492 715 4539 te
743 4485 980 4541 vicissim
1028 4487 1081 4541 in
1125 4494 1327 4541 aeterna
1361 4486 1450 4541 die
1492 4487 1558 4541 de
1588 4487 1729 4543 illius
1757 4499 1911 4558 parte
1932 4490 2146 4546 ditaret.

2266 3287 2377 3342 Deo
2405 3303 2533 3345 cura
2562 3292 2631 3346 sit
2657 3300 2701 3345 η.
2741 3292 2870 3349 Vide
2897 3295 3039 3363 enim
3062 3303 3267 3364 quanto
3285 3296 3511 3352 crimine
3534 3304 3591 3351 te
3608 3300 3870 3368 superbia

2263 3388 2357 3433 aut
2383 3383 2608 3436 avaritia
2641 3383 2910 3442 discernat
2937 3386 3005 3441 ab
3033 3402 3122 3451 eo,
3151 3387 3238 3441 cui
3268 3394 3324 3442 te
3350 3385 3495 3442 Deus
3537 3401 3712 3459 Opere
3766 3407 3870 3446 suo

2256 3472 2455 3543 junxit.
2489 3474 2668 3531 Rclice
2698 3476 3023 3532 esurientem
3049 3479 3306 3543 animam,
3335 3486 3393 3534 et
3422 3492 3530 3534 non
3562 3480 3791 3537 timebis
3811 3482 3869 3537 in

2262 3564 2349 3619 die
2385 3565 2525 3637 malo
2555 3566 2622 3620 ab
2645 3566 2722 3621 ira
2749 3567 2789 3598 “
2811 3575 3220 3636 superventura.
3246 3569 3438 3624 Beatus
3466 3572 3627 3637 enim,
3662 3572 3864 3644 inquit,

2260 3659 2345 3729 qui
2373 3658 2618 3733 intelligit
2639 3675 2795 3731 super
2815 3677 3031 3730 egenum
3059 3671 3108 3717 ιι
3134 3678 3429 3731 pauperem,
3478 3665 3535 3717 in
3590 3662 3679 3717 die
3721 3667 3867 3720 male

2261 3753 2499 3817 liberabit
2532 3771 2656 3815 eum
2703 3754 2957 3810 Dominus
2980 3759 3027 3810 °.
3073 3754 3314 3826 Operam
3367 3758 3530 3828 igitur
3576 3768 3635 3813 et
3665 3761 3867 3816 excole

2259 3846 2401 3902 hanc
2450 3847 2723 3917 regionem
2783 3856 2939 3902 terrm
2987 3856 3108 3912 tute,
3142 3848 3329 3917 frater,
3361 3858 3419 3903 ut
3462 3851 3737 3917 germinet
3763 3852 3862 3906 tibi

2257 3939 2462 4009 frugem
2491 3938 2739 4004 fertilem,
2770 3941 2983 4011 plenam
3004 3941 3160 4013 adipe
3184 3940 3461 4006 frumenti,
3493 3957 3694 4010 magno
3732 3960 3861 4000 cum

2258 4030 2463 4110 fenore.
2493 4031 2844 4102 centesimum
2874 4031 2968 4085 tibi
2997 4031 3230 4087 fructum
3259 4032 3599 4101 multiplicati
3630 4033 3864 4089 seminis

2256 4126 2570 4183 aﬂ‘erentem
2601 4139 2648 4182 P.
2697 4126 2757 4181 ln
2783 4126 2941 4196 hujus
2981 4126 3062 4182 vel
3091 4127 3449 4198 possessionis
3477 4126 3567 4180 vel
3596 4130 3859 4197 negotia—

2256 4218 2419 4273 tionis
2448 4219 2744 4288 appetitum
2774 4224 2828 4271 et
2856 4216 3088 4272 studium
3118 4226 3303 4272 sancta
3354 4227 3410 4271 et
3459 4217 3718 4271 salutaris
3770 4229 3863 4273 est

2256 4310 2516 4364 avaritia:
2571 4322 2695 4362 nam
2759 4308 2880 4362 talis
2922 4307 3203 4377 cupiditas,
3231 4323 3348 4375 qure
3376 4321 3603 4374 regnum
3626 4309 3861 4365 cmleste

2254 4408 2491 4455 meretur
2533 4406 2587 4454 et
2640 4399 2839 4456 bonum
2890 4413 3125 4468 perenne
3154 4398 3457 4464 desiderat,
3491 4400 3646 4454 radix
3678 4400 3860 4457 bono.

2253 4509 2373 4548 rum
2401 4501 2501 4547 est.
2535 4490 2691 4546 Tales
2721 4491 2898 4559 igitur,
2946 4498 3005 4545 ut
3046 4505 3209 4561 supra
3256 4489 3455 4546 dictum
3485 4499 3587 4553 est.
3636 4491 3863 4548 divitias

573 4572 677 4629 Per
697 4575 841 4643 ipsos
862 4577 1003 4630 enim
1031 4593 1172 4633 nunc
1193 4578 1385 4647 accipit
1403 4577 1664 4644 Christus,
1688 4588 1743 4634 et
1767 4590 1891 4635 tunc
1911 4597 2009 4651 pro
2034 4584 2161 4652 ipsis
2187 4594 2240 4655 ι)
2263 4584 2643 4654 concupiscite,
2694 4593 2748 4637 et
2776 4581 3080 4648 hnjnsmodi
3138 4582 3411 4651 possidete
3440 4582 3869 4651 patrimonium,

571 4666 849 4735 rependet.
888 4666 1054 4724 Docet
1081 4671 1229 4723 enim
1251 4686 1349 4725 nos
1378 4679 1430 4725 et
1460 4672 1798 4740 evangelicus
1825 4673 1915 4729 ille
1937 4673 2092 4730 dives
2121 4692 2150 4729 a

572 4766 797 4821 tartaro.
853 4766 910 4812 et
950 4754 1008 4813 in
1067 4759 1293 4815 Ahralne
1340 4764 1458 4817 sinu
1503 4762 1614 4832 jam
1636 4780 1744 4820 non
1776 4766 2054 4823 mendicus
2076 4766 2150 4837 (ὁ)

575 4847 881 4915 Eleazarus,
909 4852 997 4919 qui
1030 4851 1080 4904 in
1097 4852 1193 4906 illa
1218 4854 1413 4922 pmnali
1444 4854 1680 4910 ardentis
1706 4855 1883 4911 divitis
1912 4866 2154 4926 egestate

570 4942 851 5010 refrigerio
867 4943 989 4997 vitae
1011 4942 1265 4999 aﬂiuebat
1284 4955 1308 4991 ε
1330 4963 1343 5012 ;
1371 4946 1551 5012 docet,
1569 4948 1803 5015 inquam,
1821 4948 1956 5005 istud
1979 4965 2154 5003 exem-

572 5036 739 5105 plum,
764 5037 1183 5092 vicissitudinem
1206 5052 1326 5093 esse
1350 5041 1467 5094 istic
1488 5048 1544 5095 et
1575 5040 1679 5093 illic
1709 5042 1941 5097 humano
1967 5043 2149 5105 generi

570 5126 939 5193 distributam;
973 5128 1469 5197 repensandumque
1501 5130 1604 5184 illic
1633 5132 1975 5200 pauperibus,
2006 5132 2149 5202 quod

645 5269 670 5297 ι·
700 5258 837 5314 Psal.
872 5278 958 5325 xv,
998 5261 1049 5316 2.

571 5346 682 5393 xvi,
708 5331 794 5384 24.
868 5329 897 5368 δ
924 5333 1116 5387 Johan.
1172 5349 1260 5392 xu,
1286 5331 1375 5387 55.

572 5400 809 5524 ικνιιέὓ.
887 5413 926 5441 ω
956 5401 1096 5460 Psal.
1130 5421 1182 5468 ιι,
1216 5400 1287 5471 6;
1319 5403 1472 5458 Rom.
1507 5421 1622 5467 xm,
1648 5404 1741 5469 10;
1777 5403 1899 5459 Luc.
1926 5421 1978 5471 κ,
2013 5404 2097 5459 56.

572 5485 688 5524 xm.
760 5513 771 5524 .

572 5485 688 5539 xm,
720 5485 771 5525 δ.

642 5598 717 5659 ιιι)
758 5589 845 5643 Sic
868 5590 1271 5646 ciliendavimus
1292 5606 1358 5647 ex
1381 5606 1507 5644 mss.
1535 5588 1663 5659 Reg.
1694 5598 1746 5645 et
1769 5590 1921 5646 Vien.
1947 5601 2001 5646 et
2022 5592 2159 5645 odii-

585 5658 889 5731 ειιῡιιικᾼιιι
912 5661 1359 5731 οοάά.λ]αι’9ἱιυε.

1436 5731 1649 5813 (ἓιὲβυῐί
1683 5731 2155 5813 ζἰθιιιιειιιὶιιπιιιὶιιο

567 5800 852 5874 ιιιιῇιῖεγιιι.
879 5801 1061 5874 hymn.
1093 5802 1176 5865 lt)’,
1202 5820 1257 5874 ι’.
1295 5800 1412 5855 liii.
1446 5802 1668 5874 Eleazar
1697 5803 1748 5859 in
1777 5819 1901 5858 mss.
1952 5803 2149 5857 codici-

574 5877 672 5932 bus
710 5872 817 5943 legi
861 5872 1049 5929 miserit
1104 5874 1163 5928 N.
1199 5873 1446 5928 Heinsius
1477 5873 1530 5929 in
1559 5875 1718 5939 notis,
1770 5874 2149 5930 indeclinabile

1129 5262 1355 5333 1’l'l'itn.
1383 5278 1439 5326 ιι,
1464 5262 1512 5333 4.
1541 5299 1552 5310 .
1593 5272 1614 5301 ε
1643 5262 1834 5320 Johan.
1859 5279 1944 5326 xv,
1980 5263 2064 5318 l5.
2141 5262 2164 5300 ι¹

2275 5265 2375 5322 tth.
2401 5282 2477 5333 ιιι,
2507 5264 2590 5319 12.
2670 5264 2869 5320 cProv.
2900 5281 3009 5329 xw,
3041 5265 3127 5320 5|.

1465 5332 1475 5370 ί
1505 5333 1689 5387 Matth.
1730 5349 1851 5396 xxv,
1885 5333 1985 5397 21',
2019 5334 2147 5390 an.
2181 5350 2290 5397 χιιι,
2324 5336 2407 5387 17.

2177 5417 2202 5443 η
2230 5405 2252 5462 I
2278 5404 2405 5462 Cor.
2454 5422 2508 5471 x,
2539 5406 2627 5461 '55.
2708 5415 2731 5442 ο
2757 5405 2889 5461 'l‘ob.
2951 5422 3021 5472 tv,
3057 5403 3156 5474 il;
3188 5406 3328 5463 Psal.
3358 5425 3443 5474 XL,
3475 5409 3528 5464 2.
3608 5422 3636 5461 ιι
3657 5413 3854 5469 Matth.

2254 4674 2395 4746 quod
2428 4675 2478 4728 in
2509 4682 2763 4732 centenos
2794 4672 2996 4727 fruetus
3024 4672 3176 4727 vobis
3217 4672 3454 4727 creditor
3484 4673 3558 4743 (ε)
3588 4678 3864 4744 pensiteg

2256 4775 2316 4822 ut
2343 4774 2550 4820 vestros
2577 4779 2792 4834 quoque
2821 4764 3097 4820 vobiscum
3119 4766 3275 4820 bonis
3304 4767 3634 4835 perennibus
3660 4784 3864 4837 augea-

2255 4859 2325 4913 tis
2352 4856 2594 4912 hercdes.
2633 4852 2905 4910 Possessio
2932 4856 3075 4910 enim
3104 4857 3218 4910 haec
3244 4871 3370 4911 vere
3398 4871 3591 4926 magna
3622 4867 3681 4912 et
3725 4875 3857 4927 pro-

2263 4949 2397 5003 tiosa
2425 4949 2589 5020 218
2615 4954 2715 5013 est,
2742 4961 2861 5015 quas
2888 4962 3258 5017 possessorem
3285 4964 3440 5002 suum
3490 4964 3599 5003 non
3629 4953 3859 5006 cumulo

2258 5039 2486 5095 seculari
2514 5044 2723 5099 onerat,
2754 5036 2847 5091 sed
2878 5037 3049 5091 reditu
3077 5037 3211 5091 ditat
3253 5043 3461 5094 teterno
3488 5058 3500 5091 :
3533 5055 3658 5110 qum
3712 5042 3859 5099 lacte

2255 5140 2309 5186 et
2339 5130 2497 5185 melle
2527 5140 2727 5193 manat,
2758 5137 2810 5184 et
2838 5145 2945 5184 non
2974 5129 3040 5184 de
3079 5129 3382 5186 alvearibus
3427 5147 3604 5202 neque
3635 5137 3859 5204 pecori-

3669 5282 3694 5317 κ
3721 5272 3853 5327 Luc.

3651 5339 3666 5380 ι
3706 5343 3854 5398 Psal.

3211 5264 3229 5306 ί
3264 5266 3399 5322 l‘sal.
3426 5285 3513 5326 ιιι..
3534 5268 3587 5322 ‘2.

2491 5336 2506 5385 i
2539 5335 2705 5389 Exod.
2742 5351 2891 5399 xxiii,
2929 5335 3011 5389 15.
3090 5337 3116 5374 κ
3148 5337 3330 5392 l'fim.
3364 5353 3441 5397 ιιι,
3482 5338 3562 5393 lii.

2262 5605 2503 5663 nomen,_
2526 5605 2630 5663 pro
2665 5588 2897 5663 [somnis
2926 5588 3008 5663 de
3037 5589 3347 5663 quolmcas
3377 5592 3428 5646 in
3471 5591 3772 5663 Evangelia
3801 5614 3849 5655 (ι.

2261 5677 2370 5727 XVI,
2404 5678 2451 5715 γ.
2490 5660 2551 5711 l9
2577 5669 2635 5713 et
2655 5676 2806 5730 seqq.
2840 5659 2970 5714 Vide
2994 5659 3113 5729 quae
3140 5660 3371 5715 diximus
3398 5664 3464 5717 de
3494 5668 3598 5721 hac
3628 5659 3766 5721 voce
3787 5669 3852 5722 ad

2260 5734 2421 5801 epist.
2456 5732 2522 5784 15
2550 5734 2617 5785 ad
2646 5730 2979 5801 Paminach..
3000 5746 3150 5801 num.
3175 5730 3267 5785 17.
3436 5799 3481 5801 μ
3568 5776 3584 5801 ν.

2333 5802 2404 5876 (ιτ)
2446 5801 2540 5856 Ms.
2577 5801 2726 5855 Vien.
2758 5808 2813 5854 ct
2832 5800 2968 5876 edit.
2987 5798 3189 5876 ΟΜΝ..
3209 5808 3409 5871 penset.
3435 5799 3533 5857 Ms.
3562 5800 3701 5876 Reg.
3730 5820 3851 5865 curn

2258 5870 2420 5934 editis
2442 5879 2693 5939 quatuor,
2722 5870 2944 5926 creditos
2970 5874 3212 5937 pensitat.
