4022 6412
139 342 249 403 35⁸1

1473 340 1815 401 EPISTULA
1849 338 2147 399 XXXVIII.

3347 336 3453 394 558

137 452 276 522 Quis
303 453 450 510 enim
473 453 684 512 dubitet
710 454 767 511 in
802 452 918 522 ejus
945 452 1142 523 spiritu
1171 449 1332 507 ﬁdem
1361 452 1609 510 veritatis
1649 455 1749 509 ha-
1775 463 1824 521 Α
1854 449 2093 510 decorum
2122 448 2209 505 vel
2256 447 2703 520 philosophorum
2747 445 3011 519 sapientia
3042 447 3280 514 inﬂatur,
3305 450 3454 519 abjee

136 544 338 616 hilare,
358 546 418 603 in
452 547 611 618 cujus
636 548 751 604 vita
779 546 924 603 videt
953 546 1077 602 tidei
1106 553 1323 601 exstare
1351 546 1640 601 virtutch

606 680 943 736 EPISTOLA
968 682 988 702 '
1016 676 1294 734 XXXVIII.

140 793 306 919 2%?
321 791 663 852 Commendat
693 797 948 866 insignem
974 796 1103 865 Apri
1124 812 1157 850 a
1178 796 1292 867 foro
1307 812 1377 849 ac
1408 793 1652 851 tribunali
1676 796 1746 849 ad

273 866 475 919 tristum
497 867 777 919 transitum
802 883 819 919 :
843 867 1087 919 admonet
1109 882 1174 919 ne
1194 868 1429 919 miretur.
1452 867 1542 919 sed
1571 868 1744 919 potius

273 866 475 919 iristum
497 867 777 920 transitum
802 883 819 919 :
843 867 1087 920 admonet
1109 866 1429 930 ne'miretur,
1452 867 1542 920 sed
1571 868 1744 931 potius

204 936 441 1008 gaudeat
471 946 818 1008 sepropterea
858 938 1123 1008 despectui
1149 946 1198 989 et
1228 937 1347 990 odio
1378 953 1491 991 esse
1515 938 1743 1003 mundo;

210 1005 458 1077 eum-jam
477 1005 601 1060 inde
623 1005 687 1061 ob
701 1008 853 1061 initio
876 1005 1111 1063 Christus
1134 1010 1184 1061 in
1217 1008 1325 1061 suis
1346 1008 1476 1065 talia
1488 1010 1742 1074 patiatur.

210 1076 493 1132 Concludit
506 1093 604 1147 quo
620 1077 792 1132 studio
816 1079 1060 1147 humanis
1082 1081 1236 1131 rebus
1249 1080 1492 1131 servitum
1516 1090 1612 1143 est,
1637 1095 1746 1133 ser-

208 1148 449 1201 ciendum
478 1146 688 1202 divinis.
731 1148 990 1219 Processit
1018 1146 1271 1219 deinceps
1291 1149 1361 1201 ad
1390 1165 1589 1203 omnem
1640 1150 1747 1203 cir-

212 1228 373 1272 tutem
401 1219 559 1289 Aper,
589 1226 639 1271 et
667 1218 934 1289 presbyter
967 1220 1158 1290 [actus
1174 1218 1250 1272 est
1281 1235 1298 1273 :
1330 1221 1631 1273 memoriam
1659 1219 1745 1274 in-

210 1300 291 1343 ter
313 1286 523 1355 sane?“
548 1286 738 1343 meruit
760 1286 866 1345 xvii
885 1286 1094 1345 kalend.
1122 1286 1380 1345 Octobris.

212 1401 420 1459 Sancto
449 1408 506 1457 et
535 1404 732 1457 merito
775 1403 1069 1459 venerabili
1101 1418 1164 1459 ac
1210 1402 1560 1459 dilectissimo
1587 1402 1741 1458 fratri

139 1492 322 1559 Arno,
345 1491 634 1549 ΡΑυιιιιιιε.

212 1587 238 1639 1
252 1628 268 1642 .
285 1586 521 1643 Lmtatns
538 1603 657 1643 sum
680 1589 733 1643 in
755 1589 820 1644 iis
841 1602 960 1658 quae
980 1589 1239 1659 scripsisti
1252 1588 1381 1644 mihi
1405 1601 1450 1654 ι,
1475 1596 1738 1642 etsecun-

139 1681 270 1739 dum
284 1682 461 1737 'tidem‘
480 1690 650 1749 tuam,
682 1698 843 1753 quam
865 1684 1029 1740 c'orde
1050 1691 1368 1754 conceptam
1389 1696 1485 1737 ore
1514 1685 1742 1736 testatus

138 1790 219 1840 es,
251 1775 413 1857 sime
449 1776 622 1845 gratia
654 1776 867 1832 Domini
892 1776 1210 1847 participem
1234 1776 1376 1830 tanti
1401 1774 1623 1845 spiritus
1662 1770 1745 1827 ia-

135 1867 271 1931 ciat,
301 1882 464 1937 spero
490 1868 615 1936 quia
646 1868 700 1922 in
729 1867 949 1922 domum
979 1868 1191 1923 Domini
1240 1867 1463 1930 ibimus;
1514 1872 1572 1920 et
1617 1877 1737 1933 qua:

134 1958 412 2014 communi
441 1975 539 2030 spe
566 1956 777 2029 ﬁdeque
801 1960 877 2032 (a)
903 1962 1263 2030 percepimus,
1297 1959 1499 2030 pariter
1521 1959 1737 2012 intuen-

134 2058 219 2104 tes
239 2050 292 2105 in
316 2048 453 2107 facie
471 2051 734 2116 veritatis,
752 2066 989 2111 consona
1013 2053 1371 2109 exsultatione
1400 2051 1737 2108 cantabimus

135 2143 398 2214 hymnum
428 2141 545 2199 Deo
572 2152 761 2200 nostro
794 2162 806 2197 :
839 2143 1033 2200 dicturi
1062 2146 1326 2201 Domino:
1370 2142 1735 2200 Credebamus

131 2233 259 2303 quia
273 2234 412 2291 cinis
433 2242 489 2289 et
510 2242 654 2291 terra
669 2250 911 2291 essemus
935 2235 982 2302 δ,
1011 2234 1085 2311 (b)
1113 2237 1158 2290 si
1186 2233 1367 2292 in'hoc
1385 2240 1630 2306 tempore
1661 2235 1733 2289 ita

122 2326 528 2382 confirmentur
554 2324 721 2398 pedes
770 2329 939 2382 nostri
971 2329 1024 2383 in
1055 2328 1207 2383 atriis
1237 2327 1571 2383 Hierusalem
1605 2339 1651 2393 ο,
1675 2334 1736 2381 ιιι

134 2428 280 2473 terra
309 2428 367 2474 et
387 2419 522 2476 cinis
550 2422 823 2475 esse'actu
871 2432 926 2473 et
955 2435 1120 2491 opere
1155 2419 1466 2478 desinamus
1486 2418 1546 2483 ἀς
1572 2420 1735 2496 itaut

133 2510 187 2564 in
208 2510 407 2581 Spiritu
430 2510 754 2566 humilitatis
783 2519 982 2567 terram
1028 2527 1150 2567 esse
1180 2528 1279 2566 nos
1305 2513 1728 2575 meminerimus,

128 2610 334 2661 etesse
364 2603 631 2660 fateamur
671 2603 919 2670 Domino,
953 2614 1011 2659 ut
1047 2620 1144 2675 per
1172 2607 1367 2674 ipsum,
1399 2608 1543 2675 quod
1574 2605 1729 2659 dam-

133 2694 356 2768 natione
375 2695 588 2765 peccati
616 2710 819 2762 sumus,
853 2696 921 2751 de
948 2696 1389 2752 reconciliatione
1415 2696 1601 2764 gratiae
1624 2710 1732 2750 non

132 2801 605 2868 essegmereamur.
639 2787 831 2844 Beatus
858 2806 935 2857 es,
967 2788 1152 2855 frater,
1182 2801 1232 2844 et
1272 2788 1400 2844 bene
1432 2790 1522 2843 tibi
1541 2791 1637 2844 erit
1682 2799 1728 2858 ⁸,

133 2879 259 2950 quia
285 2895 396 2935 non
424 2894 590 2937 carne
611 2890 666 2936 et
688 2882 977 2952 sanguine,
1002 2882 1097 2937 sed
1126 2881 1332 2953 Spiritu
1359 2882 1595 2938 caelestis
1626 2881 1732 2936 Pa-

137 2968 238 3024 tris
265 2970 565 3037 revelante,
592 2970 824 3027 didicisti
852 2970 871 3011 ι
903 2970 1051 3042 quod
1080 2979 1136 3028 te
1164 2973 1483 3029 inconcussa
1514 2972 1615 3028 ﬁde
1649 2981 1733 3028 te-

128 3076 264 3119 nere
302 3069 360 3117 et
389 3060 561 3117 libera
587 3077 725 3119 voce
753 3061 997 3135 proﬁteri
1034 3064 1374 3120 sanctissimo
1409 3063 1478 3118 ad
1507 3080 1593 3119 me
1623 3063 1732 3135 epi-

133 3157 284 3213 stolae.
335 3165 441 3212 tuae
491 3157 599 3211 line
628 3150 872 3224 ﬁrmasti,
901 3155 1176 3215 Christum
1201 3157 1383 3213 Jesum
1413 3156 1727 3214 cruciﬁxum

1852 543 1995 597 cisse
2021 555 2084 596 se
2125 548 2181 597 et
2209 542 2504 595 aestimasse
2549 548 2610 595 ut
2647 549 2891 595 stercora
2937 548 3275 611 protestatur
3307 549 3354 607 η,
3393 550 3452 597 ut

1853 632 2125 686 Christum
2154 629 2472 695 lucrifaciat,
2508 638 2562 684 ct
2582 629 2736 685 illius
2780 630 3019 686 scientiae
3066 632 3265 686 damno
3290 632 3452 701 hujus

1850 724 2133 793 imperitize
2160 722 2371 778 lucrum
2398 727 2781 791 consequatur,
2813 731 2871 776 ut
2895 721 3041 777 dicat
3070 739 3083 774 :
3116 720 3241 791 Ego.
3266 730 3446 779 autem

1848 814 1981 873 nihil
2008 814 2147 879 noui,
2180 814 2282 867 nisi
2304 808 2571 865 Christum
2596 811 2794 879 Iesum,
2825 822 2874 866 et
2894 812 3035 866 hunc
3058 814 3365 885 crucifixum
3397 817 3447 883 ος

1846 900 1907 957 In
1928 916 2038 973 quo
2063 903 2320 972 quoniam
2344 903 2519 957 omnis
2543 903 2820 974 sapientia:
2834 911 2891 959 et
2908 903 3146 958 scientia:
3169 905 3449 974 plenitudo

1847 1004 2011 1065 atque
2038 989 2300 1066 perfectio
2347 995 2826 1066 comprehenditur
2852 1008 2913 1063 ιν,
2944 997 3023 1069 (d)
3081 1006 3138 1052 ut
3183 1000 3451 1061 insultans

1845 1087 2223 1156 huicmundo,
2246 1097 2301 1144 et
2332 1089 2537 1145 litteras
2574 1090 2692 1158 ejus
2714 1099 3000 1163 totamque
3031 1092 3101 1164 (ε)
3126 1095 3448 1164 sapientiam

1847 1179 2089 1233 vanitate
2110 1179 2304 1250 spiritu
2334 1180 2563 1235 celsiore
2592 1181 2919 1251 despiciens,
2952 1183 3030 1237 ait
3060 1201 3074 1237 :
3118 1183 3218 1238 Ubi
3251 1184 3444 1257 scriba,

1843 1267 1931 1322 ubi
1953 1269 2185 1338 sapiens,
2207 1269 2295 1323 ubi
2310 1270 2632 1342 conquisitor
2654 1271 2806 1343 hujus
2823 1274 3016 1341 seculi;
3038 1290 3209 1337 nonne
3231 1276 3448 1337 stultam

1844 1364 1969 1433 fecit
2000 1361 2140 1417 Deus
2170 1363 2479 1433 sapientiam
2500 1363 2655 1435 hujus
2682 1366 2864 1419 nmndi
2881 1367 2948 1419 ‘l?
2975 1365 3317 1439 Causamque
3344 1370 3447 1424 hu-

1837 1452 1929 1522 jus
1975 1455 2178 1510 erroris
2221 1454 2463 1510 ostendit
2487 1473 2597 1527 quo
2627 1459 2701 1512 ita
2742 1461 2951 1528 percuti
2990 1461 3257 1531 sapientia
3284 1463 3448 1532 hujus

1843 1546 2012 1601 seculi
2033 1546 2252 1611 meruit,
2280 1555 2339 1601 ut
2366 1548 2593 1604 stultitia
2619 1547 2733 1605 Deo
2753 1552 2860 1618 sit;
2892 1552 3017 1621 quia
3053 1553 3129 1608 illi
3160 1569 3260 1625 per
3286 1570 3446 1613 arra-

1841 1639 2084 1708 gantiam
2115 1640 2394 1709 sapientia:
2444 1650 2729 1711 tamquam
2756 1657 2893 1709 suae,
2932 1658 3053 1700 cum
3092 1660 3255 1703 nemo
3281 1646 3444 1717 quid-

1843 1744 2007 1800 quam
2032 1731 2233 1786 habeat
2251 1733 2354 1788 nisi
2380 1734 2671 1804 acceperit,
2694 1734 2920 1791 stultitia
2943 1735 3218 1793 videretur
3240 1740 3448 1809 sapien-

1772 1840 1818 1903 Β
1843 1823 1916 1878 tia
1948 1823 2040 1877 Dei
2072 1834 2115 1877 τι
2145 1823 2293 1882 Bene
2315 1824 2479 1893 igitur
2504 1820 2800 1881 secundum
2824 1826 3089 1897 justitiam
3125 1829 3244 1900 Dei,
3266 1832 3447 1892 stulti:

1845 1915 1932 1969 tiae
1961 1931 2025 1972 ac
2055 1916 2334 1985 sapientiae
2356 1932 2511 1971 versa
2530 1918 2669 1987 vice,
2699 1933 2767 1973 eo
2786 1918 3078 1975 stulti-esse
3090 1919 3442 1997 damnantur,

1839 2008 1932 2076 qui
1957 2007 2062 2063 sibi
2094 2023 2201 2063 non
2228 2007 2402 2063 chei
2434 2024 2678 2075 munere,
2708 2010 2802 2064 sed
2833 2010 2913 2065 de.
2928 2025 3029 2067 suo
3049 2012 3202 2081 quasi
3222 2016 3447 2085 proprio

1838 2098 1984 2155 bono
2004 2100 2278 2167 sapientes
2306 2099 2575 2155 videntur.

1908 2198 1963 2252 2.
2005 2198 2123 2267 Quo
2151 2202 2320 2269 magis
2348 2203 2590 2269 gratulor
2616 2204 2959 2261 unanimitati
2987 2213 3095 2262 tua:
3121 2207 3267 2277 quod
3295 2208 3443 2264 illam

1836 2294 2184 2363 reprobatam
2213 2292 2327 2350 Deo
2357 2300 2378 2327 '
2409 2296 2732 2364 sapientiam
2773 2298 3050 2367 respuisti,
3080 2308 3135 2354 et
3160 2314 3284 2355 cum
3310 2315 3447 2372 par-

1838 2387 1978 2442 vulis
2004 2384 2230 2455 Christi,
2258 2402 2581 2456 quamcum
2611 2389 2951 2459 sapientibus
2996 2392 3186 2446 mundi
3240 2392 3444 2450 habere

1836 2478 2170 2533 consortium
2192 2477 2430 2535 maluisti
2453 2478 2653 2534 ainde
2676 2480 2792 2550 jam
2821 2490 2877 2535 et
2904 2482 3046 2537 hanc
3065 2482 3296 2552 gratiam
3323 2499 3443 2539 meq

1836 2572 1972 2627 reris
2002 2571 2023 2604 ⁸
2051 2587 2084 2625 a
2124 2570 2374 2636 Domino,
2406 2579 2466 2627 ut
2494 2579 2570 2639 te,
2599 2573 2761 2629 sicut.
2793 2572 3033 2631 indicare
3061 2575 3334 2644 ,dignatus
3381 2591 3444 2645 es

1835 2665 1936 2736 pie-
1953 2664 2211 2734 glorians,
2242 2663 2459 2719 oderint
2504 2679 2695 2720 omnes
2727 2683 2742 2717 :
2772 2665 2917 2736 quod
2960 2682 3069 2721 nou
3116 2664 3293 2739 ﬁeret,
3327 2668 3443 2726 “nisi

1837 2770 1998 2812 verus
2026 2755 2270 2810 imitator
2290 2753 2491 2810 Christi
2518 2772 2640 2812 esse
2660 2758 2939 2827 cepisses.
2969 2754 3088 2815 Non
3118 2760 3263 2814 enim
3291 2760 3443 2815 udis.

1833 2857 1918 2905 set
1940 2849 2027 2905 hic
2053 2849 2302 2916 mundus,
2331 2850 2436 2905 nisi
2463 2840 2609 2922 quod
2644 2850 2760 2921 jam
2788 2869 2820 2907 a
2861 2866 2924 2908 se
2966 2836 3224 2917 alienum,
3254 2860 3311 2907 et
3334 2850 3443 2908 sibi

1834 2943 2043 2999 videret
2080 2942 2366 2998 adversum
2403 2946 2446 2997 ι.
2479 2940 2668 3000 Gaude
2696 2952 2754 3000 et
2781 2945 2996 3000 exsulta
3028 2962 3042 2998 :
3088 2944 3198 3014 jam
3229 2952 3287 2999 et
3321 2943 3349 2995 δν
3383 2943 3441 2999 in

1835 3036 2158 3091 rudimentis
2186 3036 2295 3092 tuis
2333 3035 2507 3092 virtus
2535 3035 2891 3107 perfectionis
2917 3046 3197 3109 operatur.
3227 3036 3444 3109 Perspi—

1836 3142 1996 3183 cuum
2017 3136 2099 3184 est
2120 3141 2282 3197 quam
2302 3126 2515 3184 fortiter
2534 3127 2832 3187 credideris
2859 3131 2916 3185 in
2942 3129 3181 3196 Christo,
3213 3131 3301 3186 cui
3325 3129 3442 3200 jam

134 3248 230 3305 Dei
256 3248 457 3303 Filium
487 3248 680 3318 Deum,
711 3249 798 3306 cui
829 3218 901 3321 (ὲ)
931 3248 1167 3306 ﬂectitur
1189 3265 1352 3307 omne
1393 3264 1533 3319 genu
1565 3260 1729 3306 terre-

1843 3218 2095 3275 donatum
2124 3227 2206 3274 est
2242 3235 2343 3290 pro
2369 3218 2589 3298 Christo
2617 3220 2749 3291 pati.
2783 3218 2920 3277 Vide
2964 3220 3097 3290 quid
3143 3220 3289 3277 dicat
3326 3222 3443 3293 ipso

133 3340 344 3411 mum,
370 3341 673 3399 cmlestium
709 3351 765 3397 et
792 3341 1127 3401 infcrnorum
1149 3347 1205 3412 8;
1238 3351 1294 3400 et
1313 3359 1475 3415 quem
1503 3340 1583 3399 ad
1606 3344 1734 3399 dex-

131 3429 304 3491 teram
331 3435 569 3503 virtutis,
602 3443 658 3493 et
697 3438 754 3493 in
781 3438 953 3507 gloria
1000 3453 1121 3495 esse
1167 3437 1265 3495 Dei
1313 3424 1508 3517 Patris,
1557 3441 1734 3496 omnis

133 3529 313 3601 lingua
354 3530 663 3587 conﬁtetur.
709 3530 865 3588 Hune
913 3541 973 3587 tu
1026 3532 1313 3589 Dominum
1342 3542 1398 3588 et
1426 3532 1596 3589 Deum
1637 3550 1734 3590 no-

134 3628 322 3691 strum,
354 3625 481 3694 quia
512 3641 615 3680 non
646 3624 985 3681 mstimobitur
1009 3627 1144 3681 alius
1168 3628 1241 3681 ad
1273 3642 1390 3682 eum
1412 3624 1462 3693 ιι,
1494 3635 1611 3683 toto
1641 3643 1731 3683 ar-

134 3729 278 3771 cana:
302 3716 525 3786 pietatis
547 3717 809 3787 mysterio
830 3718 1132 3787 amplexus,
1165 3718 1452 3774 Dominum
1478 3728 1534 3773 et
1563 3717 1732 3773 Deum

134 3807 226 3865 Dei
251 3808 450 3866 Filium
479 3818 605 3866 ante
630 3811 834 3878 secula,
866 3814 1059 3884 factum
1103 3828 1167 3867 ea:
1197 3814 1393 3868 semine
1420 3811 1594 3867 David
1627 3813 1643 3851 ί
1679 3814 1734 3868 ἰιι

132 3900 233 3958 hoc
260 3902 480 3969 seculo;
513 3910 567 3957 et
597 3917 742 3958 nunc
781 3919 847 3959 ex
878 3904 1277 3959 resurrectione
1305 3912 1645 3960 mortuorum
1677 3903 1731 3959 in

132 4009 277 4065 spem
304 3994 625 4050 mternitatis
655 3995 901 4051 humana:
920 3996 1194 4051 viventem
1223 3997 1274 4051 in
1304 3995 1506 4062 secula,
1538 4002 1596 4050 ut
1624 4003 1729 4059 est,

132 4086 338 4152 credis;
369 4093 506 4142 etut
530 4085 723 4153 credis,
744 4087 1034 4157 prmdicas:
1061 4096 1117 4143 et
1143 4086 1330 4143 rudem
1354 4103 1473 4143 esse
1496 4098 1551 4143 te
1571 4097 1732 4157 atque

130 4176 393 4231 infantem
424 4177 535 4233 Deo
562 4176 709 4234 dices
741 4179 802 4233 ‘?
846 4178 987 4234 Vere
1014 4179 1231 4248 quidem
1261 4196 1329 4235 ex
1358 4188 1515 4251 parte
1565 4169 1729 4237 credo

130 4268 412 4339 parvulum
443 4284 563 4325 esse
595 4277 647 4322 te
679 4268 899 4338 factum,
930 4270 1026 4326 sed
1071 4271 1311 4338 malitia;
1343 4288 1503 4327 sensu
1548 4280 1729 4327 autem

132 4369 182 4414 te
228 4375 351 4415 esse
380 4359 678 4430 perfectum
707 4361 774 4433 dc
801 4363 1139 4432 professione
1183 4362 1307 4419 ﬁdei
1344 4374 1447 4420 tuo:
1476 4364 1627 4438 disco
1659 4366 1674 4417 i
1711 4383 1726 4430 ;

131 4453 254 4522 quia
278 4454 521 4507 veritatis
542 4454 764 4524 agnitio,
788 4470 952 4524 quam
973 4458 1377 4527 apprehendisti
1402 4460 1452 4513 in
1476 4474 1729 4515 sermone

132 4543 393 4610 breviato,
448 4545 724 4615 sapientia:
770 4547 1048 4618 plenitudo
1095 4559 1180 4603 est
1226 4548 1286 4603 κε
1342 4558 1397 4605 ct
1428 4549 1553 4605 ideo
1610 4552 1727 4622 ipse

131 4639 294 4710 228
319 4636 577 4705 Magister
596 4641 854 4707 gentium,
888 4656 982 4695 vas
1010 4642 1292 4697 electionis
1314 4652 1368 4698 et
1396 4658 1487 4699 vas
1510 4644 1601 4700 Dei
1632 4644 1722 4714 qui

132 4729 184 4785 in
210 4743 271 4786 se
298 4729 577 4784 Christum"
600 4730 766 4801 loqui,
798 4741 854 4788 et
874 4747 930 4789 se
958 4733 1220 4803 Spiritum
1250 4734 1567 4791 Dci'habere
1592 4751 1721 4805 pro-

136 4822 314 4877 litetur
340 4819 381 4887 1,
408 4838 512 4875 non
541 4823 594 4875 in
615 4822 932 4878 sublimitate
957 4827 1211 4880 sermonis
1227 4836 1286 4889 ω,
1316 4841 1493 4897 neque
1512 4827 1562 4881 in
1594 4826 1729 4894 legis

135 4914 353 4968 scientia
385 4913 665 4981 gloriatur,
698 4913 793 4969 sed
840 4932 1065 4971 omnem
1106 4917 1354 4985 gloriam,
1384 4934 1491 4990 qua
1519 4919 1606 4974 vel
1633 4917 1729 4975 ιυ-

201 5036 227 5064 ι
251 5026 561 5095 Psal.cxx1,
590 5029 609 5082 i
626 5071 639 5084 .

138 5113 238 5164 xvi,
280 5099 377 5169 i7.
476 5110 504 5148 ε
543 5098 695 5157 Ρὴίι-
732 5119 792 5169 ιι,
827 5103 912 5158 10.

138 5185 246 5241 χιιι,
272 5168 327 5241 3.
460 5168 477 5207 ι
511 5171 529 5226 l
560 5170 686 5227 Cor.
717 5190 808 5237 vu,
840 5173 928 5228 40.
1005 5184 1044 5213 ιιι
1072 5174 1245 5231 l’Cor.
1280 5168 1336 5241 ιι,
1367 5180 1411 5228 l.

137 5320 162 5359 ι
191 5308 330 5368 Psal.
354 5308 617 5381 'cxxxvm,
639 5314 702 5369 Si
738 5325 793 5371 et
814 5314 903 5371 22.

1839 3312 2117 3371 Dominus.
2151 3320 2208 3367 et
2236 3312 2475 3381 intelligo
2500 3326 2662 3382 quam
2688 3313 2879 3369 beatus
2903 3313 2998 3368 sis.
3026 3311 3207 3368 Nolite
3235 3316 3440 3381 mirari,

1837 3404 2031 3473 inquit,
2054 3405 2099 3459 si
2127 3419 2216 3459 vos
2232 3404 2455 3458 mundus
2476 3403 2749 3475 odit,-quia
2770 3421 2851 3459 me
2870 3406 3022 3482 prius
3042 3404 3163 3458 odio
3189 3404 3369 3460 habuit
3387 3416 3439 3463 υ.

1839 3492 1900 3549 Si
1925 3494 2069 3549 enim
2090 3510 2155 3547 ex
2179 3494 2371 3547 ptanda
2392 3496 2594 3561 essetis,
2624 3506 2825 3550 ornaret
2845 3497 3029 3565 utique
3056 3497 3279 3552 mundus
3301 3501 3441 3571 quod

1842 3601 1995 3639 suum
2042 3593 2175 3640 esset
2207 3595 2254 3638 '.
2288 3584 2356 3640 Et
2383 3588 2578 3642 iterum
2611 3604 2625 3640 :
2662 3585 2786 3641 Non
2814 3595 2893 3641 est
2920 3588 3092 3659 major
3140 3605 3315 3645 seruus
3344 3592 3442 3645 do-

1837 3677 1978 3730 mino
2040 3693 2153 3731 suo.
2204 3675 2266 3731 Si
2310 3679 2750 3749 patremfamilias
2804 3677 3088 3734 Beelzebub
3156 3680 3439 3749 dia-erunt,

1836 3780 2031 3841 quanto
2051 3772 2220 3841 magis
2241 3769 2550 3826 dontesticos
2581 3773 2692 3844 ejus
2715 3773 2779 3827 'i
2803 3772 2934 3828 Vide
2960 3790 3121 3840 nunc,
3152 3774 3200 3829 si
3229 3775 3355 3831 licet
3381 3786 3440 3831 ut

1836 3866 1979 3920 servi
2009 3880 2108 3935 pro
2132 3864 2362 3921 Domino
2383 3882 2695 3923 recusemus
2724 3870 2855 3937 pati,
2880 3884 3000 3939 quae
3026 3885 3125 3938 pro
3148 3870 3305 3925 nobis
3324 3884 3442 3926 ser-

1837 3957 1919 4012 vis
1938 3959 2051 4019 suis
2080 3958 2342 4013 Dominus
2381 3967 2509 4015 aute
2548 3960 2822 4015 sustinuit.
2846 3960 2891 4014 υ
2913 3963 3067 4016 beata
3086 3962 3298 4030 injuria,
3328 3962 3441 4018 dis-

1838 4050 2040 4122 plicere
2068 4065 2191 4106 cum
2220 4048 2467 4105 Christo!
2500 4053 2674 4121 magis
2704 4051 2858 4107 nobis
2886 4053 3157 4107 timendus
3179 4062 3261 4109 eSt
3283 4068 3441 4110 amor

1838 4152 2045 4219 talium,
2066 4153 2265 4222 quibus
2287 4152 2404 4208 sine
2426 4151 2644 4208 Christo
2674 4151 2936 4225 plaeettir.
2976 4155 3169 4212 Nonne
3196 4160 3280 4229 qui
3309 4160 3435 4213 ode-

1837 4257 1957 4302 rant
1980 4257 2045 4314 te,
2080 4249 2273 4317 inquit,
2298 4250 2510 4303 oderam
2534 4251 2692 4305 illos?
2720 4262 2773 4306 et
2803 4252 3028 4321 addidit,
3054 4253 3292 4326 Perfecto
3317 4255 3437 4308 odio

1836 4340 2048 4396 oderam
2088 4342 2204 4396 illos
2253 4351 2301 4396 3‘.
2335 4340 2488 4407 Quod
2543 4345 2701 4398 nobis
2746 4362 2870 4399 cum
2926 4346 3119 4402 horum
3172 4350 3437 4404 sdcietatc

1834 4434 2219 4489 commercium
2249 4435 2338 4501 sit,
2369 4450 2489 4489 cum
2522 4452 2750 4507 quorum
2780 4446 2927 4494 sorte
2955 4439 3209 4496 discretio
3239 4445 3361 4498 est?

1909 4547 2070 4619 229
2098 4546 2148 4601 ὅ.
2178 4545 2369 4602 Merito
2409 4548 2676 4616 gloriaris,
2726 4551 3178 4607 venerandissime
3204 4554 3224 4584 ³
3248 4553 3430 4623 frater,

1757 4622 1805 4683 θ
1831 4649 1887 4695 et
1929 4640 1985 4694 in
2012 4639 2375 4693 exsultatione
2418 4639 2553 4695 dicis
2585 4640 2710 4696 hinc
2740 4649 2793 4697 te
2842 4642 3013 4713 ipsum
3062 4644 3158 4698 tibi
3211 4622 3436 4705 credere.

1834 4729 1981 4801 quod
2010 4730 2346 4785 Christianus
2383 4730 2477 4797 sis,
2526 4732 2652 4801 quia
2695 4741 2747 4787 te
2777 4733 2955 4790 odisse
2984 4739 3252 4807 coeperint.
3294 4739 3315 4771 ⁸
3343 4742 3438 4809 qui

1836 4823 2147 4892 diligebant,
2201 4832 2255 4876 et
2296 4823 2573 4894 despicere
2617 4826 2707 4895 qui
2763 4828 3051 4895 timebant;
3083 4838 3139 4884 et
3182 4831 3296 4902 ipse
3338 4835 3433 4891 tibi

1838 4914 2085 4971 conscius
2115 4929 2193 4980 es,
2243 4914 2369 4983 quia
2401 4914 2444 4968 si
2477 4923 2535 4970 tu
2589 4916 2701 4987 ipse
2731 4920 2865 4973 tanti
2915 4920 2935 4951 ⁷
2968 4910 3108 4991 apud
3147 4928 3200 4977 te
3247 4939 3431 4991 esses;

714 5030 894 5087 2’Gen.
922 5050 996 5099 ιιι,
1032 5030 1117 5086 19.
1150 5032 1315 5088 Eccli.
1350 5051 1404 5101 Χ,
1436 5032 1487 5087 9.
1571 5046 1593 5073 ε
1616 5034 1733 5089 Psal

1843 5045 1939 5101 (si,
1964 5025 2017 5081 2.
2075 5024 2266 5101 “pen.
2302 5044 2445 5090 svnt,
2478 5027 2565 5083 27.
2626 5039 2648 5069 ⁸
2680 5030 2821 5085 Psal.
2846 5050 3043 5093 cxxvn.
3074 5034 3124 5089 Ξ.
3188 5035 3208 5075 ί
3234 5037 3430 5097 Matth.

1013 5102 1037 5143 ἰ
1070 5104 1299 5170 Barucli,
1352 5099 1443 5169 in,
1485 5103 1593 5169 '56,
1634 5120 1745 5159 see.
1797 5099 1959 5155 LXX.

1488 5186 1515 5214 ιι
1549 5174 1745 5245 Philip.
1780 5171 1935 5245 "1,8.
2016 5176 2041 5207 ο
2066 5171 2086 5224 l
2110 5170 2237 5245 Cor.
2265 5186 2320 5233 ιι,
2352 5169 2404 5223 9..

140 5249 160 5276 τ
194 5240 225 5315 1
253 5240 485 5315 Cor."iv,
522 5243 573 5298 7.
654 5244 895 5315 “Matth.
929 5260 1001 5313 si,
1034 5245 1123 5301 25.
1207 5249 1222 5284 ι
1253 5239 1442 5305 Johan.
1476 5264 1564 5315 xv,
1610 5239 1708 5301 19:
1776 5254 1805 5282 ιι
1832 5242 2027 5298 Johan.
2062 5239 2261 5308 xv,18.

2068 5102 2080 5136 ι
2118 5096 2275 5154 Rom.
2318 5115 2365 5159 ι,
2408 5101 2461 5153 5.
2568 5102 2629 5156 il
2672 5104 2798 5157 (lor.
2844 5121 2942 5168 xv,
2975 5105 3063 5160 20.
3167 5106 3189 5143 ¹ί
3217 5109 3258 5162 ΙΙ
3299 5096 3429 5169 Cer.

2486 5179 2511 5246 Ρ
2542 5171 2723 5228 Colos.
2757 5191 2816 5240 ιι,
2846 5176 2900 5230 3.
3005 5189 3028 5230 (1
3061 5177 3077 5231 l
3109 5177 3235 5235 Cor.
3266 5198 3306 5246 I,
3334 5178 3429 5240 9.0.

2366 5252 2387 5280 ν
2418 5243 2612 5298 Johan.
2639 5261 2714 5313 ιιι,
2752 5246 2837 5303 i5.
2917 5258 2943 5284 ι
2987 5246 3182 5305 Julian.
3213 5243 3301 5317 1v,
3339 5252 3428 5310 i6.

259 5406 407 5462 Alias
440 5406 540 5476 29°,
562 5424 682 5479 quae
710 5420 890 5467 autem
930 5410 1001 5466 '58
1030 5422 1165 5478 erat,
1197 5427 1338 5470 nunc
1367 5413 1453 5468 tb’.
1483 5411 1697 5481 Scripta
1735 5404 1876 5465 forte
1900 5420 2043 5461 anno
2068 5403 2192 5459 404.

204 5538 279 5609 (a)
309 5536 399 5592 Sic
437 5538 842 5598 emendavimus
889 5558 956 5599 ex
1001 5559 1103 5601 ms.
1150 5544 1305 5601 Vien.
1356 5545 1567 5603 codice.
1600 5544 1725 5611 Alii,

137 5611 478 5680 prtecipimus.

197 5697 272 5765 (bl
297 5699 395 5754 Ms.
431 5688 737 5767 Vien.,-scd
763 5704 817 5758 in
851 5703 946 5759 lt'oc
976 5704 1375 5776 confirmantur.

199 5792 266 5858 (α)
297 5789 523 5845 ltamss.
548 5788 702 5845 Vien.
733 5800 788 5848 et
808 5791 942 5865 Reg.
975 5793 1080 5851 Alii
1100 5795 1332 5863 codices,
1360 5798 1501 5870 ﬂecti
1530 5808 1551 5853 :
1580 5803 1727 5853 utra—

136 5883 232 5937 que
261 5870 421 5928 lectio
448 5883 688 5943 recepta.
1301 5878 1306 5884 “

1908 5529 1986 5612 (ά)
2017 5528 2333 5584 Addidimus
2371 5530 2686 5601 particulam
2725 5539 2782 5583 ut
2808 5547 2873 5588 ex
2917 5547 3017 5587 ms.
3050 5532 3239 5589 codice
3267 5534 3430 5593 Vicu-

1831 5614 1985 5743 “L215;
1996 5642 2288 5738 .Vulgatam
2314 5672 2632 5743 retinuimus
2651 5672 2938 5729 lectionem
2977 5689 3097 5743 quae
3123 5692 3253 5731 mss.
3279 5678 3429 5733 codi-

1831 5742 1954 5826 cum
1981 5743 2272 5833 autoritate
2311 5742 2548 5833 fulcitur,
2597 5744 2647 5823 id
2674 5752 2779 5833 est,
2821 5742 3107 5833 despiciens
3135 5750 3312 5833 mundi
3338 5766 3427 5802 sa-

1830 5816 2082 5885 pientiam
2122 5816 2307 5885 spiritu
2348 5816 2575 5885 celsiore.
2610 5816 2859 5870 uanitate.
2892 5816 3030 5871 Edit.
3064 5816 3274 5882 Schot.,
3332 5837 3421 5876 ιασ-

1831 5883 2081 5950 incutiam,
2106 5884 2406 5941 virilitatem.
2441 5883 2639 5952 Latiu.,
2667 5888 2942 5953 sapientia:
2979 5890 3276 5946 vanitatem.
