4022 6410
157 363 255 425 381

1496 381 1826 441 EPISTULA
1869 386 2155 449 XXXVI".

3329 405 3446 469 562

160 468 543 563 utconrusioni
569 480 614 516 "'
630 479 870 551 ejusdem
896 486 1019 539 eum
1042 483 1159 556 ipso
1182 489 1512 560 revelemur;
1535 500 1750 565 quando
1782 502 1830 563 Α
1858 500 2023 560 fuisse
2058 512 2446 578 meminerunt,
2481 518 2635 571 tanto
2685 515 2991 576 evidentior
3036 520 3101 578 iis
3128 537 3249 580 esse
3277 524 3448 583 debet

158 567 507 641 horumqute
526 588 673 629 nunc
718 574 875 630 nobis
924 575 1108 646 objicit
1159 593 1387 648 memor,
1435 584 1625 653 dicet:
1677 587 1755 644 Hi

153 667 298 728 sunt,
325 676 546 731 quorum
571 664 725 718 vitant
755 665 1147 723 cstimabamus
1192 673 1475 742 insaniam,
1501 678 1753 749 quomodo
1776 708 1777 711 η

158 751 384 820 reputati
401 761 525 807 sunt
540 752 681 808 inter
700 755 846 825 [ilics
874 754 973 812 Dei
998 759 1061 814 ⁸7
1088 758 1220 817 Siue
1249 762 1369 820 illos
1389 764 1622 834 interim,
1647 770 1755 825 ira-

157 847 243 895 ter
269 840 640 910 dilectissime,
665 845 912 902 fruantur
928 849 1101 920 gloria
1128 859 1186 907 et
1204 854 1314 908 vita
1334 870 1452 918 sua,
1476 860 1756 929 potiantur

155 929 420 990 {motibus
438 934 550 992 mis
573 952 588 1001 ;
619 939 864 1012 quoniam
890 942 1024 996 sicut
1053 942 1198 998 olera
1223 945 1501 1007 herbarum
1527 954 1630 1009 cito
1659 954 1753 1010 de-

154 1021 329 1078 cidant
356 1022 407 1089 ³³.
440 1034 496 1082 et
514 1027 625 1086 dies
643 1046 820 1086 eorum
845 1033 978 1088 sicut
995 1035 1179 1091 umbra
1204 1049 1517 1110 praetereunt
1539 1056 1563 1085 ι
1585 1062 1600 1112 ;
1625 1061 1755 1117 quo-

152 1129 276 1170 rum
301 1131 429 1187 spes
448 1119 590 1175 intra
618 1121 777 1191 hujus
799 1124 901 1180 aevi
920 1128 1096 1198 spatia
1124 1131 1485 1205 concluditur,
1506 1137 1629 1207 quia
1651 1154 1753 1198 nec

156 1201 322 1262 ﬁdem
350 1209 468 1278 veri
495 1210 718 1279 habent,
735 1228 843 1270 nec
865 1215 1202 1275 voluntatem
1223 1221 1365 1291 ﬁdei,
1396 1201 1487 1297 qui
1513 1201 1752 1299 przesen-

154 1298 300 1356 tibus
326 1308 538 1358 tantum
567 1303 732 1361 rebus
750 1306 962 1377 intenti,
985 1322 1245 1381 przestant
1277 1298 1599 1378 avaritizeet
1625 1323 1772 1381 libi--

154 1386 270 1445 dini
295 1406 365 1445 ne
383 1392 612 1449 credant
634 1395 771 1462 Deo,
803 1399 928 1469 quia
962 1402 1270 1472 cupiditatis
1294 1408 1569 1483 utriusque
1589 1413 1750 1473 linem

155 1479 286 1538 facit
318 1483 483 1540 timor
510 1485 748 1559 Domini,
777 1492 870 1563 qui
898 1496 1251 1556 conﬁrmatur
1277 1499 1381 1559 iide
1403 1479 1624 1578 Christi,
1650 1525 1751 1580 per

148 1590 317 1646 quam
334 1580 380 1613 "
400 1578 657 1637 discimus
680 1597 974 1654 agnoscere
986 1590 1272 1649 veritatem
1293 1596 1375 1651 vel
1399 1596 1453 1652 in
1472 1578 1747 1660 contemtu

151 1672 557 1742 temporalium,
582 1675 669 1731 vel
692 1677 747 1732 in
775 1681 1019 1750 appetitu
1038 1691 1366 1743 aeternorum
1385 1689 1671 1751 bonorum.
1701 1696 1746 1753 Δ

146 1763 461 1832 quoalieni,
482 1766 606 1838 quia
645 1776 701 1823 et
729 1769 929 1827 veritas
959 1772 1205 1832 Christus
1230 1785 1318 1834 est
1343 1776 1393 1845 ἀ,
1420 1781 1474 1837 in
1515 1780 1617 1840 hac
1639 1801 1736 1843 nc-

1859 595 2103 664 operatio
2131 602 2399 669 potentize
2425 601 2541 673 Dei,
2589 607 2715 677 quia
2744 610 3131 680 prudentema
3161 619 3444 674 sententia)

1857 698 1968 740 sua:
2002 701 2162 745 cursu
2181 692 2269 747 vel
2296 700 2438 752 statu
2490 712 2597 754 non
2626 707 2809 771 potest
2840 702 3078 773 ﬂectere,
3102 708 3205 763 nisi
3232 724 3444 768 summa

1856 777 1971 848 ipsa
2001 778 2276 852 Sapientia
2297 828 2314 853 ,
2344 789 2489 857 quod
2532 799 2617 847 est
2655 794 2708 848 in
2747 793 2960 854 Christo
2990 797 3152 868 Deus,
3187 802 3444 861 virtutum

1854 868 2044 937 virtus,
2074 879 2131 927 et
2150 889 2304 932 mens
2342 880 2621 950 mentium,
2655 882 2912 942 Dominus
2935 888 3267 958 majestatis,
3308 891 3443 949 bra-

1855 960 2037 1018 obium
2054 965 2350 1038 excelsum,
2374 970 2435 1027 in
2455 986 2565 1042 quo
2592 974 2818 1046 dispersi
2846 980 3082 1051 superbi,
3107 991 3168 1038 ut
3186 986 3441 1057 scriptum

1852 1063 1937 1109 est
1962 1064 2023 1122 ⁸³,
2054 1071 2085 1112 a
2112 1069 2293 1117 mente
2320 1064 2499 1122 cordis
2528 1066 2789 1138 ipsorum,
2838 1072 3072 1144 depositi
3099 1085 3351 1148 potentes
3373 1080 3443 1137 de

1852 1146 2002 1213 sede,
2023 1156 2079 1204 et
2102 1151 2325 1209 exaltati
2343 1154 2589 1215 humiles.
2602 1157 2727 1228 Quo
2746 1163 2987 1230 brachio,
3005 1166 3058 1222 id
3076 1146 3179 1236 est,
3201 1168 3442 1243 Christo,

1852 1240 2153 1301 esurientes
2181 1244 2474 1317 implentur
2492 1249 2671 1317 bonis,
2702 1263 2757 1309 et
2782 1256 2971 1314 inanes
2991 1259 3334 1320 dimittuntur
3359 1240 3444 1322 di;

1853 1331 2009 1388 vites.
2036 1332 2194 1401 Quod
2231 1339 2367 1395 etin
2397 1349 2451 1397 te
2479 1345 2754 1402 cernimus
2782 1351 2886 1418 agi.
2935 1349 3160 1422 Respice
3206 1357 3348 1412 enim
3386 1358 3440 1414 in

1851 1423 2219 1496 temetipsum,
2256 1436 2312 1484 et
2335 1430 2447 1487 hate
2476 1442 2723 1506 utraque,
2747 1452 2869 1509 quae
2896 1439 3081 1511 dejieit
3103 1452 3199 1500 aut
3226 1448 3441 1505 extollit

1850 1513 2014 1585 Deus,
2046 1517 2100 1573 in
2130 1526 2185 1575 te
2209 1523 2400 1580 eodem
2426 1525 2686 1584 invenies.

1919 1607 1974 1666 8.
2006 1610 2321 1674 Destructus
2342 1634 2402 1676 es
2426 1635 2455 1675 a
2485 1613 2751 1695 superbo,
2773 1637 3040 1687 assumtus
3063 1631 3121 1688 in
3146 1632 3435 1693 humilem:

1847 1696 2126 1773 depositus
2153 1706 2221 1763 ab
2246 1707 2487 1779 iniqua”
2507 1716 2761 1785 potentia:
2779 1719 2927 1789 sede,
2948 1729 3006 1777 ut
3032 1724 3088 1778 in
3102 1726 3252 1794 pacis
3278 1736 3441 1800 atque

1842 1790 2065 1863 iustitia:
2092 1798 2229 1855 solio
2258 1801 2515 1861 locareris
2545 1823 2558 1861 :
2589 1807 2823 1867 inanitur.
2843 1827 2907 1870 es
2925 1829 2957 1870 a
2976 1790 3159 1883 divite,
3186 1790 3441 1879 utditeris

152 1870 311 1914 nesse
333 1865 420 1915 est
445 1874 689 1916 errorum
712 1862 1005 1922 infelicium
1026 1871 1271 1929 caecitate
1297 1889 1671 1949 permaneant,
1688 1892 1746 1940 ut
1780 1882 1823 1943 Β
1850 1884 1905 1940 in
1928 1901 2163 1959 paupere
2189 1908 2202 1944 :
2230 1901 2285 1947 et
2311 1893 2381 1951 ab
2423 1896 2514 1953 illa
2535 1915 2890 1971 supervacue
2915 1907 3259 1969 distentionis
3285 1925 3439 1972 satu-

154 1946 206 1972 :-
233 1946 406 1972 '“t-z':
439 1951 753 1972 _-l!.ln_.-n_
811 1961 854 1972 ι.
886 1956 899 1967 ι
1036 1959 1067 1972 ι.
1088 1960 1103 1972 ι
1171 1962 1183 1972 .
1302 1964 1315 1972 .

152 1946 210 2001 in
232 1946 408 2019 fragili
436 1951 782 2019 soliditatem,
804 1961 861 2011 et
884 1956 940 2012 in
970 1959 1142 2016 solido
1166 1962 1487 2022 inanitatem
1512 1946 1742 2039 putent;

153 2055 281 2096 vera
302 2057 405 2113 pro
441 2044 595 2100 vanis
617 2045 860 2116 rideant,
888 2059 945 2125 et
971 2066 1074 2121 pro
1115 2056 1259 2110 veris
1282 2073 1418 2113 vana
1460 2061 1740 2118 mirentur.

154 2130 255 2198 Qui
268 2133 318 2188 si
346 2135 549 2191 vellent
571 2139 612 2171 "
635 2138 933 2209 intelligere
953 2150 1012 2197 ut
1031 2142 1171 2202 bene
1189 2158 1408 2217 agerent
1430 2161 1475 2219 θ,
1494 2160 1550 2207 et
1570 2154 1742 2211 oculos

146 2241 291 2290 suos,
321 2240 463 2295 quos
502 2231 856 2285 statuerunt“
890 2234 1157 2295 declinare
1185 2241 1239 2294 in
1270 2252 1465 2298 terram
1498 2242 1539 2313 τ,
1564 2245 1631 2300 ad
1652 2261 1740 2302 sa-

150 2312 580 2387 lutem‘justitite
624 2320 899 2390 levarent,-
930 2342 1097 2399 seque
1128 2333 1222 2388 .vel
1246 2312 1531 2405 paululum
1575 2340 1741 2398 humo

148 2408 391 2482 (Ἧι-κη.)
420 2412 698 2481 tollerent,
727 2416 883 2475 facile
907 2418 997 2478 his
1022 2421 1172 2493 ipsis,
1205 2426 1399 2497 quibus
1417 2439 1476 2485 ut
1493 2430 1742 2491 inanibus

147 2509 205 2557 et
221 2502 404 2559 stultis
428 2504 742 2577 detrahunt,
770 2510 1047 2571 hominum
1078 2522 1521 2581 conversionibus
1542 2526 1738 2583 illumi-

143 2604 425 2653 narentur.
454 2596 709 2656 Dominus
735 2605 897 2670 enim,
931 2616 988 2664 ut
1007 2609 1265 2683 scriptum
1286 2624 1389 2681 est,
1422 2619 1573 2675 solvit
1590 2639 1757 2677 com--

140 2687 369 2759 pedites,
396 2698 455 2746 et
481 2690 736 2750 Dominus
792 2698 1053 2756 illuminat
1089 2721 1256 2760 cacas
1305 2717 1353 2762 ε.
1386 2708 1455 2765 Ει
1501 2711 1733 2770 iterum:

149 2776 257 2843 Lex
271 2778 490 2837 Donsini
506 2784 1001 2862 tirreyirehensibilis,
1013 2787 1315 2854 convertens
1340 2803 1578 2873 animas,
1596 2809 1740 2863 testi-

141 2874 376 2929 molium
395 2874 610 2931 Domini
630 2880 817 2950 ﬁdele:
840 2887 1151 2955 sapientiam
1168 2903 1426 2962 prwstans
1444 2901 1671 2967 paruulis
1685 2898 1730 2955 ι’.
1756 2936 1761 2941 ~

141 2959 288 3034 Opus
322 2967 469 3021 enim
522 2967 617 3025 Dei
664 2982 749 3027 est
788 2984 999 3033 mutare
1045 2959 1351 3051 hominem,
1409 2959 1536 3059 quia
1591 2992 1738 3051 solus

143 3064 329 3125 potest
348 3058 657 3151 instaurare
700 3064 777 3138 (a)
808 3069 969 3137 quod
998 3070 1143 3130 fecit.
1175 3074 1329 3143 Quod
1355 3058 1470 3139 toto
1491 3083 1603 3155 jam
1632 3086 1735 3143 du-

142 3145 269 3201 dum
287 3149 421 3205 orbe
461 3148 725 3210 terrarum
767 3159 1030 3230 sapientia
1066 3163 1163 3222 Dei
1191 3166 1435 3230 Christus
1455 3145 1731 3247 operatur,

142 3239 339 3313 ubique
365 3259 427 3300 se
443 3248 683 3316 gentium
711 3251 870 3310 Verbi
887 3258 1218 3317 voluntate"

142 3333 216 3406 (ὁ)
234 3354 329 3403 per
347 3338 536 3396 electas
557 3345 760 3402 animas
785 3347 946 3406 semet
967 3353 1247 3413 imminens
1282 3358 1298 3399 ί
1322 3379 1337 3426 ;
1368 3372 1447 3427 ut,
1474 3367 1612 3423 sicut
1634 3333 1733 3442 per

142 3424 465 3501 Prophetatn
495 3435 649 3507 dixit,
674 3440 727 3495 in
748 3446 889 3500 omni
917 3457 1067 3518 gente
1084 3424 1359 3522 primatum
1382 3424 1568 3517 habent

213 3522 263 3625 7.
306 3523 373 3579 Et
400 3529 524 3597 quia
548 3530 659 3625 jam
688 3538 930 3625 quotidie
957 3544 1127 3612 magis
1157 3549 1555 3625 appropinquat
1572 3574 1730 3618 reco-

137 3615 393 3682 gnitionis
412 3620 490 3689 (id
516 3631 593 3677 est
607 3622 815 3692 judicii.
835 3629 891 3686 v.
918 3649 1005 3706 ep.
1030 3636 1116 3704 19,
1136 3615 1415 3715 tants,
1443 3615 1730 3725 omnisque

135 3742 234 3783 nos
260 3728 401 3784 hora
438 3729 642 3799 judicio
672 3733 929 3803 applicat,
967 3733 1163 3803 satagit
1185 3744 1240 3791 ct
1271 3752 1529 3814 properat
1554 3747 1727 3806 bonus

136 3816 390 3875 Dominus
421 3824 705 3895 ραι-ξρετε
743 3841 842 3881 nos
865 3826 951 3882 'ab
986 3826 1068 3882 ira
1096 3838 1356 3901 ventura,
1402 3844 1457 3891 et
1484 3836 1553 3894 de
1576 3855 1747 3898 com-

132 3909 296 3980 plexu
316 3914 362 3945 "
390 3912 569 3984 hujus,
601 3923 661 3971 ut
685 3918 941 3989 scriptum
964 3928 1049 3976 est
1070 3921 1117 3987 ⁸,
1145 3912 1393 3983 nocentis
1418 3935 1473 3983 et
1496 3930 1728 4001 viperea

133 4004 495 4068 generationis
521 4006 805 4065 abducere.
835 4009 971 4067 Hinc
1001 4012 1053 4068 in
1083 4016 1232 4071 omni
1258 4016 1379 4073 loco
1403 4021 1560 4089 plura
1591 4040 1727 4095 quo-

132 4094 263 4153 tidie
290 4092 558 4155 mirabilia
587 4101 746 4158 solito
792 4104 944 4174 signa
973 4108 1339 4180 crebrescunt,
1387 4124 1445 4170 ut
1486 4092 1722 4190 omnem,

84 4254 106 4265 ο
129 4193 392 4258 quantum
416 4191 471 4246 in
500 4193 617 4263 ipso
638 4202 741 4261 est,
787 4197 1064 4256 hominem
1110 4206 1316 4260 salvum
1343 4206 1509 4265 iaciat
1534 4208 1577 4268 ι.
1626 4212 1724 4270 Os-

130 4282 305 4336 tendit
326 4283 380 4338 in
403 4283 736 4355 raris,’quod
762 4291 1032 4358 omnibus,
1064 4294 1108 4349 si
1130 4294 1316 4365 velint,
1348 4300 1538 4369 prosit.
1570 4300 1727 4358 Sulli-

129 4373 202 4427 cit
228 4373 377 4429 enim
418 4376 792 4435 universorum
833 4381 1156 4439 institutioni
1193 4389 1352 4462 232
1380 4391 1551 4448 forma
1583 4411 1721 4465 pau-

130 4476 338 4522 corum.
361 4479 483 4534 quae
512 4466 566 4521 in
585 4475 873 4541 utrumque
910 4476 1233 4545 proponitur
1252 4522 1268 4548 ,
1293 4490 1352 4536 ut
1378 4483 1725 4545 credentibus

126 4557 382 4628 exemplo
409 4559 495 4625 sit,
521 4560 890 4621 indurantibus
908 4565 1009 4637 (An
1023 4568 1303 4639 induratis)
1320 4575 1366 4606 ’³
1390 4579 1716 4637 testimonio.

1847 1976 2009 2035 ritate
2028 1993 2288 2041 vacuatus
2305 2003 2365 2043 es
2379 2028 2395 2056 ,
2418 1999 2484 2047 ut
2508 1994 2654 2051 veris
2676 1996 2779 2067 piae
2804 2004 3137 2072 paupertatis
3154 2006 3314 2065 bonis
3332 2011 3436 2066 im-

1844 2068 2043 2141 plearis
2091 2077 2336 2136 esuriens
2375 2080 2665 2152 justitiam.
2710 2068 2819 2145 Ubi
2852 2068 2997 2150 nunc
3037 2104 3096 2152 tu
3133 2099 3224 2154 ille
3250 2116 3313 2158 es
3338 2103 3412 2159 ali

1843 2164 2060 2232 quando
2089 2169 2362 2241 terribilis,
2388 2175 2472 2231 vel
2499 2193 2598 2247 pro
2625 2180 2978 2244 tribunalibus
3005 2188 3318 2264 advocatds,
3346 2196 3434 2253 vel

1843 2254 1898 2311 in
1920 2260 2280 2320 tribunalibus
2298 2264 2498 2336 iudex?
2514 2270 2601 2327 ubi
2630 2281 2718 2329 tua
2740 2275 2829 2331 illa
2855 2282 3058 2347 oen'ix,
3085 2290 3210 2343 time
3229 2254 3432 2355 verius.

1843 2357 1904 2404 ut
1931 2367 2078 2410 nunc
2119 2354 2188 2410 de
2218 2364 2271 2423 te
2298 2360 2555 2418 mentitus
2583 2379 2665 2434 es,
2710 2371 2853 2424 tauri.
2879 2371 3106 2442 pinguis,
3157 2354 3433 2446 quomodo

1840 2442 1983 2501 facta
2011 2455 2097 2501 est
2121 2446 2313 2538 docilis
2338 2466 2403 2509 ac
2422 2455 2598 2511 tenuis
2622 2456 2676 2511 in
2698 2456 2831 2529 jugo
2858 2460 3057 2519 Christi
3085 2482 3151 2521 ex
3174 2442 3284 2538 quo
3306 2485 3430 2527 eon-

1840 2550 2031 2605 versus
2056 2532 2366 2608 ingemuiSti
2387 2552 2413 2579 τι
2433 2586 2450 2611 ,
2479 2554 2529 2599 et
2566 2546 2938 2619 beneplacitum
2956 2565 3035 2609 est
3058 2556 3111 2612 in
3132 2532 3325 2616 te—Deo
3352 2564 3429 2617 si-

1838 2636 1931 2684 cut
1974 2647 2129 2703 super
2156 2635 2369 2691 uitulum
2395 2640 2650 2696 novellum
2672 2644 2739 2698 οἳ
2771 2643 3021 2715 Deposita
3048 2653 3262 2709 cervice
3290 2658 3428 2712 tauri

1834 2719 1913 2793 (ε)
1934 2721 2135 2782 fractus
2159 2740 2221 2783 es
2239 2726 2292 2782 in
2316 2728 2779 2791 mansuetudinem
2803 2739 2959 2795 bovis
2983 2740 3124 2799 illius
3136 2746 3234 2815 qui
3271 2763 3428 2818 agno.

1834 2814 1910 2869 uit
1928 2832 2275 2887 possessorem
2288 2838 2441 2878 suum
2470 2835 2520 2879 Ρ.
2545 2824 2695 2882 Beati
2724 2830 2864 2885 oculi
2890 2848 3081 2889 eorum
3106 2837 3199 2905 qui
3232 2814 3348 2896 haec
3370 2841 3427 2898 in

1840 2904 2010 2963 te'Dei
2036 2910 2304 2968 mirabilia
2333 2918 2798 2989 conspiciunt,etsi
2827 2923 2902 2980 illi
2930 2904 3216 2990 miserrimi
3229 2934 3301 3002 ³⁸,
3332 2937 3425 3005 qui

1836 2999 2080 3060 videntes
2105 3020 2214 3061 non
2234 3007 2434 3066 vident.

1866 3112 1867 3115 η
1890 3093 1945 3149 9.
1965 3093 2091 3160 Quis
2106 3092 2254 3154 daret
2275 3102 2400 3158 mihi
2424 3121 2622 3175 pennas
2642 3112 2777 3165 sicut
2793 3114 3060 3185 columbw,
3082 3127 3132 3174 et
3161 3124 3381 3179 volarent
3395 3136 3422 3176 οι

1845 3187 1919 3243 ad
1953 3196 2032 3259 te,
2055 3200 2111 3248 et
2130 3192 2186 3249 in
2208 3208 2500 3266 conspectu
2518 3209 2611 3257 tuo
2630 3203 3008 3280 colloquioque
3033 3215 3421 3287 requiescam.

1247 3266 1647 3343 circumferens,
1679 3272 1808 3338 etC
1835 3281 2033 3337 inuoce
2079 3284 2158 3355 (ά)
2186 3287 2551 3359 exsultationis
2596 3302 2648 3347 et
2692 3299 3034 3367 confessionis
3079 3266 3319 3375 ἔρωσι-ει·
3372 3318 3420 3362 τ’.

1836 3371 2037 3433 Videas
2063 3386 2121 3434 te
2149 3394 2256 3435 non
2280 3388 2359 3447 te,
2381 3392 2435 3438 et
2468 3384 2654 3442 videns
2683 3403 2750 3445 ex
2777 3390 2939 3447 leone
2955 3371 3203 3463 vitulum,
3234 3399 3422 3457 videns

1833 3466 1888 3522 in
1908 3466 2055 3541 Apro
2082 3470 2354 3528 Christum
2387 3493 2400 3527 :
2431 3491 2573 3533 nunc
2601 3495 2752 3537 versa
2776 3480 3186 3543 lerocitatis‘aut
3206 3490 3421 3547 virtutis

1836 3559 1958 3616 vice'
1978 3576 2166 3633 aprum
2195 3565 2409 3632 seculo,
2441 3580 2638 3639 agnum
2683 3570 2813 3627 Deo.
2857 3573 2974 3630 Non
3013 3578 3156 3633 enim
3201 3578 3313 3650 jam
3355 3582 3421 3637 de

1831 3652 1967 3707 silva
1998 3662 2044 3721 ³,
2070 3655 2164 3710 sed
2193 3655 2261 3712 de
2288 3669 2473 3730 segete
2502 3676 2633 3733 aper
2653 3683 2656 3687 ’
2676 3679 2756 3731 es,
2790 3666 2863 3738 (e)
2891 3670 3019 3738 quia
3061 3671 3219 3729 bonis
3259 3674 3421 3731 disci-

1828 3744 2096 3815 plinarum
2116 3748 2376 3806 fructibus
2395 3753 2671 3822 Opimaris,
2703 3768 2759 3813 et
2784 3759 2837 3813 in
2865 3759 3018 3830 fruge
3042 3764 3297 3821 virtutum
3323 3768 3420 3824 tibi

1829 3848 2016 3911 pastus
2030 3848 2138 3910 est;
2166 3843 2392 3913 duplicis
2415 3843 2747 3906 Testameuti
2767 3849 3019 3910 dentibus
3042 3856 3106 3912 ad
3120 3860 3420 3928 rumpenda

1828 3934 1967 3989 retia
1994 3932 2293 3991 Nebroth“
2324 3935 2419 4007 (Vt
2450 3953 2537 4010 ep.
2570 3939 2623 4005 9,
2653 3957 2708 3996 n.
2739 3942 2796 4011 4)
2817 3948 3092 4002 venatoris
3114 3950 3415 4017 armaris';

1828 4033 2050 4098 totaque
2080 4027 2170 4084 illa
2198 4030 2357 4102 233
2385 4046 2507 4101 qua:
2534 4050 2633 4105 pro
2667 4038 2850 4094 seculo
2878 4041 3140 4109 superbus
3168 4045 3416 4113 gerebas,

1827 4131 1971 4174 nunc
1986 4116 2272 4174 adversum
2295 4122 2535 4178 seculum
2563 4125 2777 4183 humilis
2793 4143 2939 4183 arma
2961 4133 3250 4188 convertis.
3267 4133 3417 4192 Nunc

1830 4223 1955 4265 vere
1984 4213 2222 4280 sapiens,
2240 4228 2364 4268 vero
2383 4215 2635 4280 disertus,
2661 4228 2717 4273 et
2736 4234 2862 4276 vere
2878 4228 3088 4291 potens,
3102 4223 3193 4292 qui
3215 4228 3418 4281 mundo

1832 4302 1959 4373 huic
1986 4306 2181 4362 stultus
2208 4314 2265 4362 et
2291 4318 2472 4363 mutus
2501 4326 2582 4378 es,
2630 4321 2689 4366 ut
2715 4314 2891 4369 autori
2918 4316 3113 4384 lingua:
3142 4331 3197 4374 et
3225 4332 3417 4377 tuentis

1830 4403 1933 4452 tute
1956 4397 2214 4456 facundus
2230 4402 2588 4473 ctsapiensde
2608 4408 2721 4462 suis
2744 4409 3053 4466 muneribus
3068 4412 3177 4468 Deli
3191 4417 3413 4472 servias.

1903 4491 1988 4546 10.
2020 4491 2173 4549 Nunc
2201 4494 2514 4551 instructior
2529 4496 2650 4566 jure
2671 4500 2852 4555 divino
2891 4501 3192 4562 advocatus
3238 4523 3338 4578 pro
3366 4518 3418 4565 te

1827 4584 2083 4653 postules,
2116 4585 2570 4655 etjustiorjudex
2592 4599 2645 4644 te
2671 4592 2846 4661 ipsum
2884 4592 3125 4663 judices;
3156 4606 3213 4653 et
3256 4600 3309 4654 in
3337 4608 3413 4663 te,

131 4647 310 4715 Quare
337 4650 384 4704 si
405 4651 534 4720 quid
553 4652 772 4710 humani
795 4660 1008 4729 sapiunt
1032 4662 1087 4727 ii,
1105 4664 1197 4733 qui
1218 4664 1523 4726 inﬁciantur
1541 4675 1722 4729 animo
1755 4668 1801 4727 D
1827 4647 1921 4728 aut
1942 4674 2007 4729 de
2031 4683 2083 4729 te
2126 4675 2241 4745 ipse
2296 4680 2614 4733 sententiam
2662 4680 2824 4748 feras,
2847 4693 2909 4738 ut
2937 4686 3106 4755 magis
3136 4693 3416 4746 .merearis

124 4754 291 4809 quem
324 4743 490 4811 iigura
534 4744 823 4814 przeferunt
868 4751 1171 4822 hominem,
1204 4756 1535 4818 admirentur
1563 4765 1616 4820 in
1644 4775 1713 4837 te,

130 4842 185 4884 et
208 4831 431 4888 laudent
450 4833 639 4902 Deum,
664 4845 721 4893 et
747 4840 885 4898 hanc
907 4842 1267 4903 beatissimam
1289 4831 1714 4913 immutationem

130 4924 327 4979 mentis
358 4942 422 4981 ac
453 4927 573 4982 vitm
600 4936 702 4985 ture
727 4948 831 4988 non
863 4936 1171 5001 existiment
1209 4957 1446 5000 errorem
1475 4949 1714 5006 stultitiae

127 5022 268 5081 tute,
320 5015 417 5071 sed
455 5018 731 5088 sapientitc
782 5022 875 5078 Dei
922 5041 1041 5082 esse
1085 5030 1340 5087 virtutem
1394 5034 1715 5108 intelligant.

128 5107 343 5173 Quanto
385 5109 529 5163 enim
559 5111 961 5178 prudentiorem
1014 5124 1068 5173 te
1096 5124 1291 5178 ceteris
1314 5136 1374 5179 ct
1418 5107 1718 5186 doctiorem

202 5213 223 5237 τ·
258 5200 389 5289 ξειρ.
418 5216 471 5265 v,
503 5202 582 5289 ιη
634 5203 660 5241 ι)
682 5203 866 5289 ιΡξειι..
887 5225 1067 5275 xxxvi,
1180 5286 1183 5289 Α
1230 5227 1251 5254 ο
1279 5215 1417 5289 Psal.
1453 5236 1633 5289 CXLIII,
1663 5223 1716 5277 εί.

1867 5224 2058 5280 Johan.
2087 5242 2195 5287 xw.
2221 5224 2274 5281 li.

120 5279 149 5348 ς
179 5270 327 5348 l‘sitl.
359 5287 523 5348 cxcv,
551 5273 604 5328 8.
682 5273 723 5348 ³ιᾷ
745 5274 887 5333 Psal.
916 5270 1066 5348 xvm,
1088 5282 1141 5347 8,
1166 5286 1320 5348 juxta
1349 5270 1701 5346 Ρδδίι-ίῆἅιη.

127 5341 142 5378 ι
188 5340 381 5417 ίΊξίιῐι.
410 5342 573 5417 in}.
628 5356 663 5382 m
705 5346 835 5405 Luc.
865 5340 1060 5417 1,3i.’
1103 5364 1127 5389 ἰ

124 5428 227 5476 xu,
260 5411 318 5486 5.
398 5421 417 5447 ⁸
462 5411 602 5470 Psal.
628 5435 814 5485 usus,
846 5411 934 5475 li.
1022 5428 1036 5459 ι
1082 5424 1220 5480 Gen.
1253 5444 1305 5492 ι,
1335 5430 1382 5482 9.

192 5525 278 5650 (al
302 5524 428 5582 Mss.
458 5527 590 5600 Reg.
622 5542 677 5587 et
705 5534 857 5589 Viet.
889 5552 1011 5591 cum
1042 5540 1199 5594 editis
1224 5542 1421 5610 tribus,
1444 5566 1590 5619 (ptem
1620 5553 1699 5624 [e-

158 5596 206 5647 ῘΙ.
272 5594 484 5650 ῖίηαυθ
509 5600 669 5650 lamin
702 5605 841 5650 lmnrt
874 5622 886 5650 ξ
918 5609 1126 5650 militum
1158 5614 1477 5650 annoanntr...
1506 5630 1555 5650 η.
1589 5636 1670 5650 ω..

124 5608 206 5647 nt.
245 5608 284 5647 ιι

290 5604 484 5677 traque
509 5600 669 5658 lectio
702 5605 842 5661 bona
874 5622 887 5659 :
918 5609 1126 5675 vulgata
1158 5600 1477 5672 concinnum"
1506 5600 1701 5677 sint}-

123 5665 200 5733 gis
218 5665 546 5735 signiﬁcans.

192 5736 268 5808 (ὁ)
297 5737 442 5792 LXX
463 5753 519 5795 et
545 5742 790 5816 Vulgata,
830 5751 886 5804 in
928 5752 1130 5808 animas
1160 5769 1368 5811 sanctas
1400 5780 1451 5813 se
1478 5768 1703 5833 transfe—
1746 5801 1755 5811 ο

126 5823 238 5863 rens
245 5848 257 5861 .
530 5864 535 5868 .

194 5879 439 5969 (c)‘Mss.
474 5882 603 5954 Reg.
636 5895 690 5941 et
731 5889 910 5969 Vica,
944 5895 1130 5969 factas,
1159 5913 1278 5965 qua:
1308 5907 1469 5967 lectio
1500 5913 1706 5969 admitti

127 5958 320 6019 posset,
346 5968 468 6007 cum
493 5970 558 6010 ex
582 5961 870 6026 [immissis
892 5958 1257 6024 conﬁrmetur.

319 6045 594 6108 Ρηιιοι.
647 6051 800 6113 LXI.

1825 4764 2029 4820 absolvi
2055 4782 2069 4830 ;
2095 4773 2254 4834 teque
2276 4782 2383 4822 non
2407 4770 2580 4824 solum
2603 4773 2781 4840 venia,
2811 4775 2905 4829 sed
2933 4784 2989 4831 et
3001 4778 3169 4845 gloria
3193 4780 3416 4851 dignum

1822 4853 2008 4921 iacias,
2034 4872 2159 4911 cum
2191 4857 2287 4911 tibi
2334 4873 2431 4929 per
2482 4865 2881 4922 accusationem
2930 4872 3007 4925 tui
3056 4870 3216 4940 ades,
3250 4882 3413 4947 teque

1821 4946 2130 5004 damnando
2156 4948 2498 5008 sanctilicas:
2558 4954 2864 5029 intelligens
2918 4977 3026 5017 non
3060 4964 3205 5034 quod
3234 4946 3413 5025 homi-

1826 5039 2004 5106 nibus,
2061 5039 2154 5094 sed
2184 5039 2328 5109 quod
2374 5039 2489 5098 Deo
2518 5045 2750 5117 placeat,
2790 5042 3034 5108 sanctum
3063 5063 3117 5110 et
3145 5056 3410 5116 innocens

1831 5148 1951 5189 esse
1971 5150 1985 5195 ;
2008 5140 2061 5185 et
2087 5134 2209 5187 ideo
2236 5148 2413 5199 rarus,
2444 5145 2501 5189 ut
2522 5138 2731 5206 scribis,
2766 5143 2978 5200 urbium
3009 5144 3401 5218 frequentatur,

2366 5236 2407 5309 ζ
2430 5226 2572 5309 Psal.
2604 5234 2862 5309 πυκινηᾲ
2951 5236 2976 5309 ,ί
3016 5236 3158 5309 Dsal.
3190 5258 3297 5309 xw,
3326 5245 3412 5303 li.

1792 5296 1987 5375 i-Sap.
2015 5296 2220 5375 νεικεῖ.
2303 5296 2531 5375 i_Eccli.
2573 5296 2883 5375 -ιχῐνίροη
2947 5305 2971 5343 ⁸
3013 5308 3204 5367 Matth.
3228 5296 3308 5375 ni.
3332 5296 3410 5373 ii.-

1223 5358 1367 5447 atth‘.‘
1387 5374 1462 5427 x1,
1491 5359 1577 5416 ἓξ).
1658 5374 1682 5397 "
1726 5368 1736 5418 l

1850 5410 1864 5422 .
1897 5358 2198 5435 nisainsa.
2276 5380 2301 5419 ρ
2336 5367 2543 5434 Isaia-1,
2572 5371 2625 5427 5.
2705 5358 2745 5423 τῖ’
2770 5370 2910 5432 Psal.
2938 5393 3040 5446 ων,
3068 5380 3120 5436 7.
3201 5393 3222 5420 τ
3265 5358 3410 5447 Ιίεδιί

1806 5553 1917 5625 jam
1948 5568 2160 5627 recepta
2193 5561 2371 5618 lectio.

1887 5628 1965 5705 (ᾳ)
1992 5629 2339 5705 βόίιηιὶῳινε
2362 5632 2637 5701 mendose,
2666 5638 3037 5695 eraltalionis:
3068 5657 3193 5699 cum
3218 5646 3268 5700 in
3290 5648 3409 5705 aliis

1813 5699 2195 5782 codicibuskin
2224 5701 2497 5782 Psalteriis
2535 5699 2791 5776 quinque,
2844 5712 2895 5782 in
2944 5713 3169 5782 Vulgata
3196 5757 3211 5782 ,
3268 5699 3407 5774 etin

1814 5772 2045 5849 epistola
2102 5770 2134 5824 9
2171 5777 2235 5827 ad
2267 5770 2585 5844 Amandum,
2637 5770 2788 5833 num;
2838 5781 2891 5849 4,
2941 5770 3148 5852 legatur
3176 5770 3407 5842 exsultat:

1815 5848 1993 5895 tionis.

1890 5913 1960 5979 (ε)
2002 5908 2078 5966 Ex
2111 5929 2209 5967 ms.
2246 5915 2376 5985 Reg.
2428 5926 2482 5969 et
2510 5918 2637 5972 edit.
2691 5920 2844 5975 (ἔτή.
2895 5927 3232 5993 reposuimus
3260 5933 3401 6000 quin,

1819 5982 2120 6049 postulante
2149 5982 2386 6042 secundo
2434 5991 2635 6056 periodi
2668 5993 2910 6048 membro
2958 5982 3104 6051 'Antc
3149 5982 3399 6069 erat'qm':

3045 6089 3116 6145 l2
