4022 6398
174 306 291 370 365

1546 322 1879 379 EPISTOLA
1905 322 2137 383 XXXIX.

174 442 426 498 monens,
451 443 562 500 quo
641 445 935 488 caveamus
973 433 1028 488 in
1056 432 1269 504 spiritu',
1299 449 1367 488 ne
1415 430 1545 504 ﬁdei
1576 443 1773 490 nostra:
1799 439 1847 498 Α
1875 433 1943 489 de
1969 449 2134 491 manu
2160 435 2388 491 serentis
2410 433 2725 501 excidimus,
2766 433 2862 490 sed
2908 435 2962 490 in
3009 435 3122 506 ipsa
3166 436 3348 506 petius
3371 434 3466 495 via

172 523 427 580 muniam
457 522 728 588 fraudem,
753 525 892 580 sicut
939 525 1199 582 zizaniam
1229 527 1250 559 ³
1279 527 1490 596 tritico,
1521 527 1769 583 inimicus

173 613 490 672 lntenerat.
505 614 694 685 itaque
715 632 817 671 nos
835 629 1024 685 agrum
1051 633 1202 672 suum
1225 618 1380 686 dixit,
1406 633 1573 690 seque
1594 620 1769 690 ipsum

169 705 413 760 ostendit
435 706 487 760 in
507 705 666 762 nobis
693 706 818 763 vitae
843 715 1042 765 nostra
1059 716 1329 780 saturem;
1357 717 1415 765 et
1468 711 1768 768 animarum

169 794 487 853 discrimina
509 799 675 854 variis
699 807 962 858 terrarum
985 802 1248 872 expressit
1285 801 1532 870 ingeniis.
1555 801 1632 858 Ne
1654 811 1769 860 ste-

169 887 288 944 rilis
315 888 388 945 sit
414 901 734 958 caveamus;
764 906 862 946 nos
888 903 1108 962 quoque
1133 891 1358 962 ipsasad
1383 891 1768 950 fecunditatem

171 980 289 1038 Deo
315 980 554 1038 debitam
573 990 634 1038 et
659 983 816 1039 nobis
846 984 1032 1040 utilem
1060 984 1336 1041 contentis
1357 985 1411 1042 in
1439 983 1559 1054 iege
1579 983 1768 1042 Domi-

170 1072 230 1128 ni
259 1071 449 1130 studiis
478 1074 810 1134 excolamns.

243 1166 300 1222 ὅ.
323 1160 492 1236 igitur
510 1183 632 1223 cum
676 1168 732 1223 in
772 1183 902 1237 agro
951 1184 1031 1236 es,
1061 1176 1120 1226 et
1147 1185 1241 1226 rus
1270 1177 1424 1226 tuum
1450 1179 1684 1240 spectas,
1714 1179 1770 1230 te

169 1274 391 1333 quoque
419 1261 592 1333 ipsum
608 1257 808 1316 Christi
838 1275 1026 1330 agrum
1054 1277 1174 1318 esse
1213 1264 1414 1331 cogita,
1441 1272 1497 1318 et
1541 1263 1599 1319 in
1625 1269 1678 1320 te
1703 1263 1774 1320 si-

172 1358 268 1407 cut
295 1349 349 1406 in
370 1365 555 1419 agrum
585 1359 736 1408 tuum
763 1354 994 1422 respice.
1023 1351 1250 1422 Qualem
1282 1340 1400 1424 agri
1424 1355 1504 1410 tui
1530 1356 1768 1425 speciem

170 1439 290 1499 ﬁeri
315 1458 348 1497 a
377 1443 556 1498 viliico
594 1450 691 1500 tuo
714 1445 978 1514 postulas,
1003 1445 1167 1500 talem
1197 1445 1308 1500 Deo
1330 1445 1559 1506 Domino
1590 1447 1768 1504 cordis

170 1533 251 1589 tui
277 1531 448 1589 redde
500 1533 794 1601 culturam;
825 1541 885 1590 et
928 1535 1184 1604 intellige,
1217 1535 1476 1607 quidquid
1531 1537 1586 1591 in
1634 1551 1768 1607 agro

169 1632 269 1681 tuo
291 1624 387 1679 tibi
416 1624 701 1695 displiceat
746 1632 840 1681 aut
887 1626 1128 1698 placeat,
1155 1627 1297 1682 idem
1351 1628 1406 1683 in
1448 1628 1626 1683 anima
1675 1636 1767 1684 tua

169 1716 389 1788 placere
409 1712 646 1780 Christo,
677 1725 773 1772 aut
791 1716 1098 1788 displicere.
1129 1717 1187 1773 Si
1205 1726 1358 1773 vasta
1381 1718 1478 1790 (V.
1502 1728 1617 1776 not.
1637 1717 1765 1793 181)

1870 527 2118 581 seminati
2144 542 2328 583 sumus
2354 538 2397 593 ο,
2424 527 2473 582 id
2497 536 2580 582 est
2617 527 2670 581 in
2699 526 2978 582 catholica:
3016 527 3205 582 matris
3254 529 3462 594 gremio

1870 619 2145 676 constituti
2177 635 2244 674 :a
2269 634 2376 687 quo
2407 635 2474 673 ne
2526 617 2871 690 projiciamur
2897 627 2958 672 ut
2999 618 3224 674 abortivi
3246 657 3260 683 ,
3292 618 3463 688 ipsius

1868 709 2236 767 misericordia
2263 727 2401 781 opus
2448 720 2550 774 est,
2581 718 2639 765 ut
2692 710 3020 766 intellectum
3053 710 3147 764 det
3199 712 3359 766 nobis
3400 711 3460 767 in

1869 802 1958 858 via
1982 802 2083 859 hac
2110 819 2216 873 qua
2243 802 2450 871 ingredi
2485 802 2672 874 jussit,
2703 818 2767 859 ac
2792 802 3066 872 praestitit;
3093 809 3150 856 et
3174 801 3461 860 confirmet

1868 909 2032 964 super
2059 909 2158 950 nos
2187 894 2376 950 oculos
2434 910 2582 962 suos,
2634 910 2704 949 ne
2757 892 3054 948 efficiamur
3106 893 3246 949 sicut
3284 906 3461 964 equus

1869 991 1925 1038 ct
1944 985 2127 1048 mulus
2152 986 2346 1056 quibus
2366 1001 2476 1041 non
2499 993 2582 1040 est
2604 985 2908 1045 intellectus
2934 985 2978 1040 ί.

1940 1073 1993 1129 6.
2024 1073 2133 1130 Sed
2159 1074 2226 1130 ad
2252 1076 2620 1132 rusticationis
2669 1084 2866 1131 nostra:
2911 1077 3079 1130 verba
3131 1075 3457 1132 redeamus:

1869 1181 1996 1220 nam
2017 1166 2132 1237 ipse
2151 1167 2297 1222 Deus
2322 1176 2508 1224 noster
2535 1175 2591 1223 et
2616 1166 2782 1225 Pater
2815 1168 3050 1238 agricola
3079 1172 3188 1234 est;
3215 1176 3272 1222 et
3317 1167 3462 1224 Deus

1867 1258 2114 1314 salutaris
2138 1267 2346 1323 noster,
2364 1277 2483 1314 uera
2502 1261 2619 1314 uitis
2645 1270 2673 1310 s
2701 1268 2809 1325 est;
2842 1268 2899 1314 et
2940 1259 3172 1330 Spiritus
3220 1267 3460 1327 sanctus,

1867 1349 2072 1418 rigator
2099 1349 2402 1406 animarum
2422 1358 2522 1407 est.
2550 1350 2670 1407 Fiat
2699 1351 2863 1420 igitur
2877 1351 3033 1406 nobis
3062 1367 3157 1420 per
3186 1351 3463 1404 orationes

1868 1450 2095 1504 vestras.
2129 1451 2188 1498 ut
2214 1459 2454 1498 summus
2500 1441 2909 1514 paterfamilias,
2948 1450 3004 1498 et
3031 1442 3266 1497 caelestis
3319 1441 3463 1512 agri-

1864 1534 2010 1602 cola,
2039 1545 2096 1591 et
2117 1535 2347 1605 diligens
2375 1535 2695 1592 hortulanus
2719 1535 2930 1601 visitet,
2961 1543 3018 1590 et
3043 1537 3376 1602 frequentet,
3406 1539 3464 1588 et

1866 1626 2044 1694 signet
2069 1625 2288 1681 hortum
2311 1628 2502 1682 anima:
2532 1634 2752 1694 nostrae,
2776 1625 2916 1680 sicut
2940 1625 3090 1680 illum
3140 1625 3195 1677 in
3222 1639 3331 1692 quo
3362 1622 3464 1678 do-

1868 1718 2000 1786 cuit,
2031 1718 2227 1784 oravit,
2249 1718 2545 1775 resurrexit
2592 1716 2639 1772 k
2672 1717 2877 1772 Firmet
2930 1718 2984 1772 in
3016 1717 3169 1770 nobis
3219 1713 3466 1771 caritatis

167 1809 407 1880 peccatis
435 1809 588 1878 quasi
613 1809 788 1864 dumis
813 1809 1061 1877 sordeat,
1091 1825 1269 1880 neque
1315 1811 1648 1882 propheticis
1671 1821 1766 1869 aut
1793 1818 1844 1880 Β
1865 1823 1978 1864 sua:
2005 1824 2228 1878 nexum,
2259 1818 2318 1866 ut
2346 1810 2618 1864 manentia
2647 1809 2703 1864 in
2730 1809 2851 1879 ipso
2896 1816 3168 1863 sarmenta
3198 1805 3462 1860 vivamus.

166 1898 482 1972 apostolicis
510 1900 742 1956 nubibus
763 1901 1130 1972 compluatur,
1156 1903 1209 1958 in
1262 1903 1469 1958 aridam
1517 1905 1764 1961 solitudi-

167 2007 293 2048 nem
344 1993 516 2061 gratia
544 1995 828 2050 deserente
856 1993 1222 2050 damnabitur.
1274 1993 1331 2049 Si
1372 2011 1502 2051 vero
1531 1996 1614 2052 sui
1641 1997 1765 2052 dili-

165 2097 331 2152 gens,
361 2084 698 2140 orationibus
750 2084 958 2140 crebris
1009 2094 1182 2140 semet
1226 2086 1465 2154 excolat,
1493 2095 1550 2144 et
1597 2088 1769 2145 sacris

168 2173 388 2230 Litteris
415 2177 707 2246 opimetur,
738 2184 795 2232 et
823 2175 902 2248 (a)
929 2176 1178 2231 intimum
1203 2178 1354 2233 cordi
1385 2185 1622 2234 aratrum
1644 2195 1768 2234 cru-

162 2263 248 2320 cis
276 2265 653 2335 imprimat,set
703 2275 882 2321 rastro
939 2265 1106 2322 divini
1155 2269 1364 2323 timoris
1408 2269 1590 2338 spinas
1642 2284 1768 2325 suas

167 2363 346 2418 eruat,
378 2355 656 2427 ignitoque
699 2354 796 2410 Dei
818 2355 986 2411 verbo
1014 2363 1200 2412 uratur
1226 2357 1280 2412 in
1309 2357 1508 2429 culpis,
1540 2358 1767 2415 lumine-

167 2454 260 2502 tur
287 2446 342 2501 in
364 2446 643 2512 sensibus;
677 2455 808 2502 tunc
849 2461 1075 2502 necesse
1102 2455 1186 2504 est
1228 2455 1288 2504 ut
1313 2449 1539 2520 spatiari
1587 2450 1642 2505 in
1673 2461 1766 2508 tuo

168 2538 335 2594 corde
357 2534 797 2608 patremfamilias
818 2546 873 2592 et
902 2552 1092 2594 omnes
1121 2539 1316 2595 anima:
1362 2548 1469 2595 tua:
1515 2542 1768 2610 regiones

169 2629 336 2701 236
363 2640 656 2699 peragrare
682 2627 945 2694 delectet;
973 2636 1030 2685 et
1054 2642 1157 2700 pro
1181 2637 1232 2686 te
1260 2630 1314 2686 in
1343 2645 1443 2687 suo
1459 2631 1768 2701 adgaudens

171 2722 270 2777 tibi
292 2720 530 2786 dicat,'si
549 2720 776 2790 diligens
807 2720 884 2775 tui
908 2721 1088 2776 cultor
1118 2737 1380 2792 appareas
1403 2739 1418 2777 :
1442 2721 1769 2797 Euge,serve

171 2813 326 2878 bone,
354 2815 495 2868 intra
516 2815 568 2868 in
596 2813 844 2886 gaudium
872 2812 1087 2870 Domini
1115 2815 1230 2869 tui:
1252 2817 1373 2886 quia
1399 2816 1573 2888 ﬁdelis
1619 2819 1768 2891 fuisti

175 2903 227 2960 in
247 2904 448 2976 paucis,
480 2919 636 2974 super
661 2903 826 2958 multa
847 2913 894 2956 te
922 2905 1228 2960 constituam
1253 2915 1302 2960 ³.

243 2995 300 3050 4.
329 2994 442 3052 Nos
489 3011 618 3052 vero
663 2996 784 3068 ipsi,
817 2997 907 3067 qui
951 3012 1207 3068 perverso
1250 2997 1441 3056 ordine
1484 3001 1766 3058 consilium

176 3086 368 3144 validis
394 3085 590 3144 infirmi
620 3087 831 3152 damus,
859 3089 987 3158 quid
1012 3105 1112 3159 pro
1142 3090 1300 3147 nobis
1324 3093 1765 3163 respondeamus,

1864 1902 2100 1972 imperet
2121 1901 2354 1963 nubibus
2382 1901 2497 1957 suis
2519 1909 2582 1955 ut
2609 1901 2797 1971 pluant
2819 1913 2982 1970 super
3009 1912 3130 1961 nos,
3163 1904 3218 1952 et
3237 1911 3270 1951 a
3297 1895 3464 1952 corde

1866 2001 2054 2050 nostro
2076 1993 2352 2063 improbas
2375 1992 2668 2048 carnalium
2717 1989 3108 2060 cogitationum
3159 1987 3461 2057 passiones,

1867 2097 1927 2140 ut
1955 2087 2050 2141 illa
2079 2085 2332 2142 animalia
2381 2085 2539 2142 bonis
2585 2085 2822 2153 frugibus
2866 2083 3079 2138 inimica
3120 2083 3461 2138 submoveat.

1865 2176 1945 2234 Ne
1972 2175 2068 2232 fiat
2093 2175 2151 2232 in
2180 2177 2336 2232 nobis
2381 2177 2606 2232 verbum
2651 2174 2783 2230 illud
2823 2175 3134 2244 prophetae;
3180 2172 3460 2240 Residuum

1865 2285 2034 2324 eruca:
2051 2269 2211 2341 ³37
2239 2268 2455 2324 comedit
2475 2267 2692 2334 locusta,
2725 2277 2776 2321 et
2799 2267 3066 2322 residuum
3118 2267 3330 2320 locusta
3367 2281 3460 2322 co-

1867 2361 2027 2416 medit
2054 2360 2296 2425 bruchus,
2321 2358 2656 2414 etresiduum
2701 2355 2880 2412 δηιώιὶ
2921 2357 3140 2410 comedit
3189 2355 3370 2428 rubigo
3415 2354 3460 2412 ί.

1866 2451 2006 2508 Sunt
2033 2451 2177 2506 enim
2206 2451 2262 2505 in
2283 2465 2515 2522 corpore
2541 2457 2729 2505 nostro
2769 2448 3085 2519 principalia
3131 2444 3351 2502 totidem
3380 2445 3459 2501 in-

1865 2544 2080 2598 centiva
2103 2542 2375 2606 vitiorum,
2407 2555 2553 2611 spes,
2583 2548 2782 2604 metus,
2809 2539 3082 2608 gaudium,
3123 2535 3313 2602 dolor;
3342 2536 3461 2607 qui-

1866 2635 1969 2692 bus
1993 2635 2230 2692 maxime
2261 2649 2432 2704 genus
2462 2635 2704 2692 turbatur
2748 2634 3061 2697 humanum,
3095 2631 3305 2688 duobus
3333 2647 3461 2701 pre

1866 2729 2111 2784 sentibus
2136 2737 2194 2785 et
2218 2728 2426 2784 duobus
2448 2726 2679 2785 futuris:
2711 2727 3092 2798 praesentibus,
3139 2728 3462 2796 aegritudine

1869 2818 2057 2884 animi,
2083 2819 2168 2874 vel
2195 2817 2393 2889 gaudio
2418 2836 2432 2874 :
2466 2816 2680 2886 futuris,
2711 2826 2880 2884 metu,
2905 2817 2991 2873 vel
3022 2833 3140 2887 spe.
3172 2813 3323 2876 Unde
3370 2831 3463 2872 ca-

1868 2909 2104 2966 vendum
2128 2917 2233 2980 est,
2271 2925 2339 2966 ne
2362 2909 2490 2965 dum
2513 2909 2742 2965 alterum
2763 2925 2835 2965 ex
2858 2909 2942 2967 his
2975 2909 3164 2965 vitium
3205 2908 3460 2979 fugimus,

1869 3001 2210 3057 ineurramus
2237 3001 2572 3056 contrarium
2605 3003 2645 3055 °.

1943 3091 1994 3147 7.
2037 3090 2178 3162 Ergo
2225 3093 2278 3147 in
2318 3107 2498 3156 eruca,
2531 3101 2586 3148 et
2631 3093 2858 3159 locusta,
2891 3101 2947 3148 et
2972 3094 3203 3162 brucho,
3234 3102 3290 3148 et
3315 3091 3464 3158 rubi-

178 3179 270 3250 qui
295 3186 407 3234 tam
433 3193 723 3249 pauperes,
752 3194 914 3250 quam
940 3190 1117 3252 putas,
1147 3183 1378 3254 spiritali
1407 3185 1586 3256 potius
1612 3200 1771 3255 quam
1799 3193 1850 3259 (ι
1872 3184 2039 3254 gine,
2083 3192 2389 3240 nostrarum
2418 3183 2761 3240 all‘ectionum
2792 3184 3152 3254 intelligenda:
3191 3193 3318 3240 sunt
3342 3200 3465 3255 pas-

177 3279 395 3327 terrena
435 3287 496 3327 re
545 3287 765 3337 sumus;
793 3287 902 3327 non
946 3273 1146 3328 virtute
1193 3275 1540 3341 mentis,sed
1592 3278 1770 3348 inopia

179 3365 392 3421 virtutis
415 3363 668 3420 humiles.
693 3362 964 3433 Angustus
992 3365 1100 3430 ille,
1131 3381 1294 3437 quem
1316 3369 1426 3422 lato
1455 3379 1651 3440 potens
1677 3385 1776 3427 ore

180 3455 463 3518 describis,
494 3455 586 3510 vix
632 3454 777 3511 unici
796 3455 968 3512 caulis
1016 3455 1169 3512 ferax
1197 3466 1254 3514 et
1280 3474 1452 3529 capax
1507 3459 1774 3529 hortulus,

181 3562 282 3604 nos
303 3547 405 3619 ipsi
433 3563 651 3614 sumus;
680 3556 736 3603 et
762 3549 903 3603 ultra
923 3547 1106 3604 betam
1148 3549 1497 3606 semicoctam
1525 3551 1618 3624 (V.
1655 3561 1770 3609 not.

182 3637 332 3710 181),
358 3648 416 3693 ut
443 3639 706 3709 propheta
753 3639 888 3694 dixit
933 3637 985 3708 ι’,
1027 3639 1271 3710 insipidi;
1300 3639 1562 3698 faciamus
1614 3659 1682 3698 ne
1717 3643 1774 3699 in

181 3731 346 3786 domo
375 3739 558 3784 nostra
589 3731 757 3787 caulis
784 3731 872 3786 ille
899 3731 1046 3790 solus
1085 3731 1318 3788 insulsus
1345 3733 1435 3788 sit.
1474 3733 1774 3790 Excusaui-

184 3822 290 3878 lius
309 3831 492 3879 tamen
521 3822 610 3878 ille
631 3838 737 3877 non
758 3824 924 3879 habet
951 3824 1138 3889 salem,
1161 3839 1324 3895 quem
1355 3826 1548 3896 inopim
1577 3836 1777 3884 nostra

186 3918 529 3982 necessitate,
553 3924 647 3970 aut
695 3916 1038 3986 parcimonire
1086 3917 1220 3972 vitio
1269 3934 1377 3973 non
1407 3921 1645 3988 accepit;
1678 3936 1777 3977 nos

190 4005 265 4078 (ὁ)
293 4009 474 4078 potius
497 4007 644 4070 elixi,
667 4021 768 4063 nos
789 4008 1109 4078 culpabilius
1146 4009 1354 4071 insulsi,
1388 4010 1441 4065 in
1466 4011 1660 4081 quibus
1685 4027 1778 4067 su-

185 4098 591 4168 perabundante
618 4097 685 4153 de
723 4099 958 4168 peccatis
987 4099 1305 4155 voluntariis
1346 4101 1671 4172 insipientia,
1696 4103 1777 4159 sal

185 4191 515 4262 apostolicus
543 4192 764 4247 evanuit
791 4203 848 4258 c;
881 4201 936 4247 et
960 4208 989 4246 a
1019 4191 1156 4248 facie
1189 4204 1535 4263 peccatorum
1564 4208 1777 4254 nostro-

188 4297 308 4338 rum
339 4283 600 4354 spiritalia
621 4284 964 4339 condimenta
987 4287 1256 4355 fugerunt.
1305 4287 1416 4344 Sed
1446 4290 1548 4346 nisi
1577 4287 1774 4348 vestris

188 4375 523 4432 orationibus
575 4375 898 4442 reficiamur,
930 4393 1030 4434 nec
1045 4378 1188 4449 v'ipse
1214 4380 1238 4412 ⁸
1267 4381 1458 4437 unicus
1499 4385 1668 4440 caulis
1701 4386 1776 4443 .in

189 4469 346 4526 nobis
367 4469 580 4537 virebit,
601 4470 924 4542 penitusque
943 4471 1172 4528 desertis
1200 4472 1361 4527 etiam
1379 4473 1637 4530 insulsum
1658 4462 1780 4533 olus

191 4559 382 4618 deerit.
1213 4588 1216 4591 ·

261 4651 313 4708 5.
335 4651 502 4709 Orate
521 4652 682 4723 igitur
707 4670 777 4710 ne
821 4655 1060 4725 germina
1089 4659 1280 4712 anima:
1328 4665 1530 4714 nostra:
1574 4674 1774 4716 nocens

191 4761 352 4802 eruca
401 4747 708 4818 populetur,
734 4763 802 4803 ne
853 4751 1049 4805 mentis
1089 4759 1331 4819 segetem
1377 4750 1518 4807 edax
1567 4751 1772 4808 locusta

195 4846 494 4903 consumat,
517 4855 588 4895 ne
605 4841 917 4910 primordiis
945 4844 1144 4900 nostris
1171 4844 1324 4914 piger
1365 4838 1601 4901 bruchus
1643 4846 1776 4902 insi-

191 4931 332 4997 deat,
365 4942 420 4989 et
449 4933 664 4990 intimas
686 4935 930 4990 vitalinm
959 4933 1121 4990 fibras
1149 4936 1334 4992 ultima
1364 4937 1555 4993 harum
1575 4937 1774 4994 bestio-

194 5023 361 5083 laruui
388 5040 574 5081 comes
600 5026 786 5094 rubigo
809 5027 1001 5080 exedat
1023 5023 1070 5080 δ.
1103 5023 1308 5097 Urgent
1359 5027 1503 5082 enim
1553 5027 1773 5083 interio—

194 5132 304 5173 rem
361 5125 604 5171 nostrum
637 5119 657 5148 ⁸
685 5117 841 5173 malae
895 5118 1113 5185 bestias;
1145 5127 1202 5176 et
1252 5119 1572 5190 importunae
1625 5121 1780 5177 alites

195 5208 501 5279 frequenter
530 5208 806 5278 infestant,
837 5219 945 5266 uta
969 5212 1142 5278 nobis,
1171 5213 1217 5267 si
1242 5214 1470 5284 possint,
1516 5214 1665 5272 verbi
1690 5228 1779 5269 se-

196 5317 314 5356 men
345 5301 631 5370 abripiant.
656 5301 760 5356 Sed
790 5303 990 5370 gratias
1012 5303 1142 5367 Deo,
1167 5305 1308 5375 quod
1333 5321 1440 5359 non
1466 5306 1618 5376 juxta
1642 5307 1783 5362 viam

268 5451 293 5479 ι
320 5439 507 5495 Matth.
541 5455 668 5507 xxv,
695 5438 757 5494 2|
783 5455 798 5505 ;
853 5438 985 5496 Luc.
1013 5454 1122 5500 χιι.
1158 5441 1243 5494 17.

199 5526 308 5580 xm,
353 5512 407 5566 4.
518 5509 536 5550 τ
572 5510 772 5568 Psalm.
824 5526 972 5580 xxxi,
1001 5512 1053 5568 8.

196 5553 316 5646 Ε’ϊ.

268 5697 346 5780 (al
371 5695 474 5780 Is.
503 5697 684 5764 Vien.,
714 5707 764 5752 et
787 5698 839 5752 in
868 5698 1103 5754 intimum
1125 5697 1328 5762 cordis,
1353 5710 1588 5758 aratrum
1617 5703 1783 5757 crucis

193 5767 516 5911 Ὕδῖῗὲι.
548 5837 735 5897 Schot.
759 5849 808 5894 et
837 5837 1105 5907 Sacchin.,
1138 5842 1304 5913 pejus,
1332 5859 1436 5898 non
1469 5841 1628 5898 male,

1154 5521 1178 5561 Β
1210 5511 1402 5568 Johan.
1430 5527 1516 5574 xv,
1551 5513 1600 5566 l.

1316 5453 1320 5464 '
1352 5442 1376 5480 ιδ
1407 5441 1528 5495 lsai.
1557 5459 1631 5504 ιι,
1660 5439 1749 5504 Ξ),
1778 5441 1929 5508 juxta
1953 5439 2118 5496 LXX.

1705 5507 1942 5568 hMatth.
1980 5529 2124 5576 xm,
2183 5509 2273 5578 56,
2324 5521 2382 5566 et
2405 5509 2686 5576 xxvut,6;
2740 5507 2906 5564 Marc.
2936 5524 3046 5574 xxv,
3095 5507 3182 5562 52.

1875 3277 2088 3342 siones;
2117 3291 2346 3347 quarum
2368 3276 2487 3331 alim
2515 3276 2750 3331 breviter
2777 3278 2831 3332 in
2860 3268 3026 3332 corde
3053 3277 3324 3343 haereant,
3345 3278 3466 3335 alias

1874 3369 2132 3440 paulatim
2174 3379 2450 3432 crescant;
2480 3377 2536 3422 et
2573 3369 2617 3424 si
2647 3369 2870 3439 abjectae
2896 3385 3005 3424 non
3048 3369 3266 3438 fuerint,
3297 3384 3467 3440 usque

1871 3461 1944 3517 ad
1981 3461 2242 3517 medullas
2282 3462 2622 3533 perveniant,
2652 3471 2708 3516 et
2727 3477 2944 3516 onmem
2975 3477 3196 3517 succum
3246 3463 3468 3516 obibant

1876 3557 2086 3611 animas.
2118 3555 2249 3612 Vide
2268 3555 2412 3610 enim
2440 3554 2672 3625 qualiter
2698 3555 2800 3610 ista
2823 3555 2924 3611 sibi
2943 3563 3248 3623 congruant
3262 3555 3316 3609 in
3335 3570 3467 3618 cor-

1875 3649 2031 3706 dibus
2071 3649 2270 3705 nostris
2315 3659 2557 3704 monstra
2586 3647 2860 3711 vitiorum,
2911 3647 3088 3717 qualia
3129 3647 3184 3702 in
3228 3646 3467 3716 frugibus

1875 3743 2124 3799 accidunt
2148 3745 2278 3798 vitia
2319 3751 2707 3799 monstrorum.
2754 3741 2929 3808 Nam,
2978 3741 3129 3795 verbi
3176 3742 3369 3813 gratia,
3418 3742 3464 3798 si

1875 3836 2005 3906 quid
2032 3837 2258 3890 vetitum
2287 3835 2698 3905 concupiscam,
2727 3841 2784 3888 et
2811 3848 2936 3887 mox
2964 3832 3212 3900 abjlciam
3261 3833 3469 3900 cogita-

1877 3929 2102 3996 tionem,
2131 3943 2290 3983 eruca
2333 3934 2417 3982 est
2446 3927 2499 3982 in
2547 3926 2676 3981 folio
2707 3925 2916 3986 sedens,
2947 3927 3020 3995 (c)
3053 3933 3173 3993 qua:
3218 3925 3464 3990 decussa,

1877 4021 1923 4078 si
1953 4021 2203 4090 abjecero
2221 4019 2470 4090 quidem,
2501 4019 2594 4074 sed
2625 4033 2811 4074 rursus
2858 4018 3081 4073 redierit
3110 4018 3389 4088 cogitatio,
3415 4026 3468 4074 et

1878 4115 2102 4184 ceperit
2133 4113 2315 4183 abjici,
2348 4121 2405 4168 et
2431 4113 2608 4168 redire
2630 4111 2960 4179 crebrescat,
2990 4110 3199 4165 locusta
3233 4119 3314 4164 est
3336 4125 3468 4165 avo-

1879 4207 1998 4263 lans
2025 4214 2082 4263 et
2102 4213 2399 4262 revertens.
2435 4203 2589 4271 Quod
2620 4197 2666 4259 si
2688 4203 2916 4272 cmperit
2946 4202 3240 4265 immorari,
3269 4211 3323 4255 et
3351 4217 3470 4256 ma-

1873 4299 1963 4369 jus
1991 4299 2244 4354 habuerit
2265 4299 2499 4370 spatium
2527 4297 2582 4351 in
2601 4294 2965 4360 comedenda,
2993 4309 3157 4367 quam
3183 4295 3469 4358 avolando,

1878 4391 2116 4450 bruchus
2143 4389 2357 4447 dicitur.
2388 4388 2543 4455 Quod
2571 4387 2618 4444 si
2646 4389 2760 4459 ipse
2788 4386 3024 4441 bruchus
3058 4386 3151 4455 qui
3178 4400 3287 4441 non
3338 4387 3470 4444 satis

1880 4485 2081 4550 avolat,
2109 4481 2208 4540 sed
2233 4482 2403 4550 magis
2424 4480 2597 4548 sedet,
2624 4495 2733 4534 non
2755 4478 2915 4534 fuerit
2950 4475 3212 4546 abiectus,
3241 4478 3296 4532 in
3323 4475 3471 4532 rnbi~

1804 4568 1856 4629 D
1880 4576 2058 4644 ginem
2090 4575 2316 4631 vertitur
2349 4590 2364 4627 :
2391 4587 2510 4644 qua:
2533 4571 2648 4642 jam
2675 4569 2890 4641 penitus
2917 4569 3297 4636 inbmrescens,
3320 4576 3378 4624 ut
3405 4567 3473 4624 de

1880 4667 2096 4737 stipula,
2139 4665 2217 4720 sic
2252 4665 2318 4720 de
2338 4664 2551 4730 anima,
2599 4675 2892 4730 numquam
2920 4666 3014 4716 aut
3040 4657 3258 4715 difﬁcile
3285 4659 3472 4731 expel-

1876 4758 2027 4814 litur.

1949 4847 2002 4904 8.
2043 4847 2252 4903 Vereor
2274 4861 2343 4902 ne
2363 4843 2487 4904 dum
2514 4842 2796 4915 loquacius
2815 4857 2916 4899 vos
2940 4843 3129 4910 latigo,
3174 4842 3291 4911 ipse
3320 4840 3473 4895 vobis

1879 4942 2160 5000 molestius
2177 4955 2338 5011 quam
2359 4940 2567 4996 locusta
2583 4946 2674 4994 aut
2695 4938 2928 4994 bruchus
2950 4935 3254 4992 insederim.
3268 4933 3471 5005 (dmis-

1881 5036 2048 5092 cutite
2105 5033 2264 5104 igitur
2308 5041 2368 5088 ut
2411 5045 2660 5096 erucam,
2721 5038 2778 5086 et
2839 5028 3027 5100 procul
3073 5027 3288 5097 abjicite
3333 5025 3475 5082 hanc

1881 5126 2198 5186 chartulam,
2236 5139 2304 5180 ne
2336 5122 2404 5180 de
2433 5124 2676 5193 longiore
2712 5131 2968 5178 contactu
3005 5119 3270 5177 sermonis
3299 5119 3470 5174 nostri

1881 5219 2181 5286 rubiginem
2212 5215 2534 5286 insipientia:
2561 5223 2758 5269 nostra:
2787 5212 3074 5280 colligatis,
3093 5225 3198 5281 qua
3228 5209 3474 5279 despicu-

1883 5305 2066 5364 descat
2088 5311 2233 5364 nitor
2258 5308 2438 5363 cordis
2464 5306 2649 5372 vestri,
2675 5315 2731 5362 et
2757 5307 2912 5373 vigor
2934 5304 3131 5360 mentis
3157 5304 3464 5360 hebetetur.

2227 5452 2249 5479 ο
2280 5437 2470 5496 Matth.
2499 5457 2552 5507 v,
2579 5439 2666 5492 i5.
2771 5438 2796 5474 α
2827 5434 2964 5492 Joel.
2996 5449 3032 5498 ι,
3066 5434 3118 5490 4.
3220 5445 3246 5474 ο
3270 5435 3467 5507 Matth.

3267 5506 3281 5543 ί
3315 5506 3457 5563 Joel.

1959 5701 2032 5825 ἵ)
2063 5701 2191 5784 μεθ.
2225 5698 2356 5770 Reg.
2391 5707 2448 5755 et
2478 5693 2659 5763 Vien.,
2697 5706 2850 5770 atoue
2882 5693 3118 5752 decussa.
3162 5691 3261 5748 Ed.
3309 5691 3464 5749 Grin.

1993 5781 2167 5825 -atm..
2199 5789 2299 5825 nua
2329 5771 2561 5825 decussa.

1883 5781 1939 5828 et
1968 5771 2167 5833 Latin.,
2199 5789 2299 5843 qua
2329 5771 2561 5843 decussa.

1951 5845 2034 5905 (di
2062 5843 2158 5897 Iis.
2188 5839 2361 5898 codex
2380 5841 2560 5908 Vien.,
2584 5839 2832 5896 Decutite.
