4022 6418
522 336 629 425 ssi

1657 331 1715 388 S.
1745 328 2021 387 PAULINI
2057 327 2309 387 NOLAM
2346 327 2653 388 EPISCOPI

3699 324 3823 384 568

523 454 777 506 Attamen
804 445 878 506 ob
914 445 1023 504 hoc
1051 451 1261 501 tantum
1304 456 1467 515 super
1516 441 1623 498 hoc
1658 448 1886 512 peccato
1930 440 2109 506 nobis,
2142 452 2182 507 Α
2214 457 2540 513 quamquam
2567 457 2679 498 non
2700 440 2802 497 ista
2828 439 3120 498 dilectione
3154 455 3275 514 qua:
3300 440 3507 499 Christi
3536 451 3623 500 est
3642 483 3660 511 ,
3711 442 3822 500 sed

524 557 633 613 quo
662 556 760 598 vos
787 546 897 597 tam
926 539 1162 613 graviter
1197 535 1504 605 fatigamus,
1529 532 1812 604 ignoscite,
1850 532 1995 603 quad
2039 532 2109 588 de

523 631 740 693 licentia
763 628 1004 687 caritatis
1030 626 1302 684 abutimur
1327 623 1590 697 patientia
1603 629 1813 687 vestra;
1839 628 1898 676 et
1920 621 1995 676 ita
2021 634 2110 675 re-

522 720 729 798 pletum
755 730 947 795 pectus
964 728 1205 777 vestrum
1240 717 1410 774 nostri
1438 729 1624 772 amore
1664 711 2006 776 confidimus,
2051 719 2112 767 ut

523 814 788 876 offensam
810 814 982 872 nostri
1004 828 1113 870 non
1131 811 1329 884 capiat,
1351 808 1562 867 etiamsi
1578 807 1838 864 faciamus
1861 804 2111 876 iniuriam

523 923 634 982 qua
658 922 963 965 mereamur
988 903 1280 970 oiiendere,
1311 903 1358 958 si
1386 916 1483 958 vos
1508 913 1764 971 umquam
1791 912 1823 952 a
1851 896 2007 955 nobis
2028 895 2113 952 vel

527 999 859 1058 merentibus
884 996 1102 1070 possitis
1127 993 1345 1050 oﬂendi.

1062 1081 1390 1138 EPISTOLA
1417 1081 1437 1104 ⁶
1467 1080 1580 1136 XL.

528 1182 695 1257 ³³8
721 1180 949 1257 Sanguis
972 1186 1021 1232 et
1040 1174 1308 1257 timendus
1335 1173 1462 1227 data
1488 1173 1565 1227 ad
1586 1170 1873 1257 faulinum
1892 1167 2112 1257 epistola

556 1240 819 1324 ῗῖἶιῖρηαε
833 1252 891 1305 in
914 1264 1031 1324 eum
1049 1246 1244 1324 laudes
1256 1252 1640 1324 congesserant.
1671 1240 1777 1324 Hie
1800 1241 1878 1324 eis
1899 1255 2115 1324 Lespon:

599 1308 746 1388 denas,
776 1335 922 1375 acres
944 1320 1014 1373 ad
1031 1308 1396 1388 perfectionem
1420 1313 1657 1388 stimulos
1681 1311 1874 1388 subdit:
1900 1308 2115 1388 Tractat

597 1382 749 1449 initio
794 1408 862 1445 ea:
897 1382 1060 1443 sacris
1105 1382 1347 1450 Litteris,
1390 1400 1540 1438 suum
1574 1383 1753 1450 cuique
1796 1382 1875 1435 rei
1917 1387 2114 1449 tempus

600 1480 732 1518 esse.
769 1460 971 1515 Deinde
1016 1474 1086 1512 ea:
1114 1456 1317 1526 psalmo
1358 1470 1409 1510 cr
1452 1451 2112 1526 expositionem__moralem

600 1532 872 1603 pellieani,
909 1519 1344 1603 nyctieoracis__et
1369 1519 1603 1603 passeris
1631 1522 1857 1603 solitarii
1892 1519 2112 1603 sudjun-

604 1591 698 1678 '95:.
741 1591 871 1657 Tum
920 1591 1207 1678 altribtttish
1228 1595 1327 1678 sibi
1362 1591 1605 1678 laudibus
1655 1591 1727 1678 εει
1772 1591 2127 1678 humilitatem.

604 1660 784 1739 utens,
832 1670 999 1726 multa
1025 1667 1209 1723 atterit
1246 1666 1312 1721 de
1351 1664 1526 1739 diuina
1558 1664 1729 1739 gratia
1757 1662 1849 1739 cui
1876 1660 2114 1739 debemus

600 1731 794 1808 omnia,
812 1742 877 1795 de
900 1740 1171 1811 vigilantia
1188 1735 1482 1811 necessaria
1502 1731 1573 1789 in'
1587 1734 1671 1788 via
1690 1734 1927 1806 spiritus,
1954 1731 2115 1804 deque
2142 1756 2145 1759 -

600 1816 830 1887 perfecta
850 1812 933 1883 sui
951 1808 1319 1881 abnegatioue.
1916 1871 1921 1875 ,

600 1905 879 1962 Menoetes
903 1901 1171 1958 Psuunos
1196 1907 1253 1956 et
1285 1897 1573 1967 Tnsassu,
1603 1895 1816 1953 Sucro
1851 1902 1910 1952 et
1934 1891 2114 1949 Δω-

531 2012 601 2055 bo
628 1997 708 2071 (a)
735 1995 1009 2061 fratribus,
1036 1994 1090 2049 in
1118 1993 1231 2049 Deo
1258 1991 1474 2048 Christo
1493 1990 1743 2046 salutem.

562 2109 570 2115 ·
601 2088 655 2143 1.
684 2084 945 2144 Omnbus
966 2093 1197 2156 tempus,
1211 2089 1268 2139 et
1283 2092 1480 2153 tempus
1502 2082 1641 2137 omni
1668 2081 1744 2136 rei
1771 2089 1799 2119 ι
1821 2078 1923 2136 sub
1948 2076 2116 2145 cutio;

531 2196 696 2253 super
710 2178 911 2237 calum
937 2177 1083 2234 enim
1105 2191 1214 2232 non
1253 2186 1339 2231 est
1359 2184 1600 2245 tempus;
1642 2172 1767 2243 quia
1807 2185 1915 2226 non
1956 2168 2125 2231 habet

531 2280 745 2344 tempus
784 2269 1077 2336 aeternitas,
1109 2282 1272 2339 quam
1301 2266 1357 2322 in
1400 2265 1541 2322 casio
1589 2269 1606 2297 ⁸
1654 2265 1821 2320 etiam
1858 2259 2121 2318 creaturis

530 2363 758 2422 Creator
783 2361 950 2429 dedit,
965 2360 1060 2434 qui
1079 2359 1229 2415 solus
1252 2358 1415 2414 habet
1437 2356 1795 2413 asternitatem
1822 2353 2116 2424 propriam,

539 2454 622 2528 (ι)
650 2461 708 2512 et
734 2454 911 2511 lucem
928 2452 1136 2509 habitat
1155 2448 1603 2507 inaccessibilem.
1628 2446 1772 2503 Vera
1798 2446 1944 2502 enim
1960 2450 2124 2531 teter-

531 2555 676 2604 mtas
699 2545 804 2602 nisi
831 2545 887 2600 in
911 2544 1031 2616 ipso
1068 2558 1177 2600 non
1203 2549 1307 2608 est,
1334 2541 1426 2611 qui
1455 2540 1603 2596 solus
1625 2580 1641 2608 ,
1690 2538 1837 2609 quod
1863 2544 1967 2603 est,
1995 2543 2119 2602 est;

531 2640 674 2696 sicut
698 2638 815 2709 ipso
834 2636 972 2693 dixit
1000 2651 1016 2689 :
1047 2633 1161 2707 Ego
1187 2650 1302 2689 sum
1324 2634 1411 2706 qui
1448 2648 1582 2687 sum.
1614 2630 1829 2705 (Cetera
1848 2636 1988 2688 vero
2020 2628 2122 2685 nisi

526 2729 590 2796 in
618 2730 735 2799 ipso
771 2741 881 2784 non
919 2723 1097 2804 sunt.)
1121 2724 1341 2797 Tempus
1370 2726 1500 2794 ergo
1527 2722 1796 2779 sub'ctelo
1841 2721 1989 2805 omni
2020 2721 2119 2775 rei.

534 2819 767 2892 Tempus
788 2819 923 2886 otio,
965 2825 1181 2889 tempus
1209 2815 1459 2886 negotio;
1506 2813 1978 2885 tempussilentiis
2001 2856 2017 2882 ,
2066 2820 2124 2866 et

534 2920 746 2984 tempus
765 2910 1015 2981 alloquiis
1046 2926 1061 2963 :
1094 2918 1308 2979 tempus
1334 2906 1602 2963 esuriendi
1620 2945 1637 2973 ,
1667 2912 1725 2961 et
1753 2913 1963 2976 tempus
1989 2918 2122 2975 epu-

533 3003 714 3070 landi;
746 3010 805 3058 ut
832 3001 991 3058 nobis
1013 3000 1274 3056 hactenus
1293 2998 1394 3055 fuit
1416 3007 1626 3070 tempus
1648 2996 1925 3067 jejunandi
1951 3012 1982 3050 a
2006 3010 2123 3052 ser—

534 3093 784 3151 monibus
822 3091 1040 3161 vestris,
1081 3091 1163 3147 sic
1207 3105 1352 3146 nunc
1388 3092 1410 3123 ¹
1457 3088 1648 3145 iisdem
1692 3088 1862 3145 cibari
1910 3095 2122 3157 tempus

2210 535 2302 591 illa
2329 533 2708 590 familiaritatis
2731 534 2978 589 humana:
3006 528 3262 602 amicitia,
3292 548 3415 605 qum
3434 533 3820 591 blandimenta

2212 626 2267 682 in
2294 626 2451 683 labiis
2491 624 2679 693 habet,
2724 635 2782 683 et
2827 626 3063 682 radicem
3115 627 3279 700 239
3303 627 3360 683 in
3387 614 3647 693 cordibus
3698 641 3821 683 non

2210 716 2401 783 habet;
2427 716 2553 787 quia
2582 730 2691 773 non
2716 723 2804 773 est
2829 715 3049 772 fundata
3074 732 3239 788 super
3278 727 3519 789 petram.
3546 732 3670 789 quas
3698 733 3822 775 non

2209 809 2508 865 aediﬁcatur
2533 809 2590 865 in
2614 807 2854 866 Christo.
2884 807 3040 866 Unde
3065 809 3311 879 quolibet
3339 811 3614 867 interdum
3641 819 3824 868 vento

2210 890 2448 957 levitatis
2468 900 2670 972 agitata
2697 900 3026 968 dissolvitur,
3068 910 3125 959 et
3162 902 3448 974 temporali
3471 904 3650 973 gratia
3678 905 3819 963 breo

2213 992 2559 1050 vem'llorem
2587 1000 2779 1050 tenens
2800 1035 2817 1063 ,
2849 996 2981 1050 sicut
3008 997 3184 1068 fenum
3214 996 3457 1053 velociter
3499 1001 3731 1065 arescit,
3764 1008 3826 1056 et

2210 1083 2345 1138 sicut
2368 1083 2448 1154 (d)
2476 1084 2577 1155 ﬂos
2602 1086 2743 1158 agri,
2769 1085 2872 1141 cito
2893 1086 3086 1142 decidit
3108 1096 3135 1136 ε
3160 1106 3174 1142 :
3207 1084 3412 1145 caritas
3436 1105 3569 1147 vero
3589 1089 3826 1147 Domini

2214 1182 2397 1231 manet
2422 1175 2475 1230 in
2504 1185 2786 1244 aeternum,
2816 1191 2924 1247 qua
2944 1177 3178 1236 invicem
3205 1182 3439 1237 connexi
3470 1185 3488 1215 ⁷
3524 1198 3718 1241 sumus
3761 1192 3827 1241 et

2213 1265 2284 1321 ad
2314 1266 2709 1323 convivendum
2744 1275 2801 1324 et
2826 1267 2897 1323 ad
2939 1270 3441 1340 commoriendum,
3479 1274 3610 1343 quia
3656 1273 3825 1346 {ortis

2212 1364 2271 1412 ut
2295 1374 2436 1415 mors
2465 1359 2489 1392 ⁸
2511 1359 2706 1414 caritas
2732 1356 2762 1398 ιι
2790 1357 3014 1417 Christi.
3046 1360 3199 1418 Sicut
3217 1363 3363 1419 enim
3392 1364 3480 1419 iex
3508 1366 3705 1421 mortis
3734 1365 3821 1421 ir-

2214 1457 2396 1521 rupta,
2422 1449 2500 1505 ita
2525 1456 2585 1507 et
2610 1451 2854 1507 caritatis
2887 1461 3083 1509 catena
3124 1468 3314 1525 parem
3341 1456 3451 1510 vim
3479 1457 3733 1513 caritatis
3760 1465 3826 1514 es

2214 1542 2406 1598 mortis
2445 1555 2568 1600 esse
2610 1549 2859 1599 testatur.
2902 1543 3038 1601 Nam
3075 1545 3217 1603 sicut
3259 1544 3538 1619 propheta
3576 1549 3713 1606 dicit
3741 1553 3769 1587 ⁸
3796 1568 3815 1604 :

2216 1631 2347 1700 Quis
2369 1643 2448 1691 est
2469 1635 2621 1692 homo
2639 1638 2725 1709 qui
2756 1636 2826 1710 (e)
2849 1640 2996 1706 vivet,
3024 1648 3076 1694 et
3120 1656 3226 1697 non
3252 1640 3443 1699 uidebit
3480 1654 3707 1699 mortem
3747 1640 3823 1701 i‘?

2215 1730 2287 1786 ita
2316 1738 2373 1786 et
2399 1732 2689 1802 Apostolus
2714 1727 2951 1790 clamat:
2984 1733 3113 1801 Quis
3132 1754 3227 1793 nos
3246 1736 3510 1810 separabit
3531 1758 3565 1795 a
3593 1743 3824 1799 caritate

2145 1828 2188 1887 Β
2210 1823 2405 1881 Clu-isti
2453 1824 2517 1880 i?
2558 1824 2625 1898 (f)
2673 1827 3040 1895 Quamobrem
3082 1830 3211 1899 tibi,
3259 1832 3565 1899 benediete,
3607 1834 3825 1893 fructus

2219 1917 2439 1974 uberior
2463 1932 2533 1974 ex
2559 1916 2865 1986 ea‘veniet,‘
2882 1920 2977 1990 qui
3001 1922 3153 1993 prior
3174 1922 3335 1994 hujus
3361 1926 3609 1982 caritatis
3636 1929 3819 1998 spicu-

2220 2006 2285 2063 lis
2308 2006 2644 2076 vulneratus,
2668 2010 2964 2079 prtevenisti
2993 2026 3088 2067 uos
3114 2013 3172 2068 in
3195 2012 3555 2072 benedictione
3576 2019 3822 2075 dulcedi-

2214 2099 2304 2153 m‘s
2347 2097 2379 2141 ιι
2406 2112 2508 2170 per
2532 2097 2750 2169 eloquia
2775 2098 3075 2157 litterarum
3104 2111 3316 2159 tuarum
3339 2114 3488 2162 casta
3513 2123 3582 2164 ac
3609 2107 3821 2177 fidelia,

2219 2190 2275 2244 in
2298 2190 2496 2261 quibus
2514 2204 2546 2246 a
2568 2180 2742 2247 verbo
2763 2188 2979 2248 Domini
3003 2194 3112 2250 the!
3134 2203 3191 2251 et
3216 2196 3300 2253 iac
3325 2197 3608 2255 distillavit
3633 2201 3823 2272 lingua

2220 2289 2311 2336 tua
2339 2279 2384 2337 ι.
2512 2297 2515 2300 ‘

2252 2373 2256 2376 ⁴
2289 2370 2343 2429 5.
2385 2371 2719 2446 Scripseram
2746 2391 2878 2433 vero
2922 2385 2979 2435 et
3004 2378 3155 2450 prius
3193 2380 3540 2439 unanimitati
3588 2391 3717 2451 tuae,
3764 2395 3827 2443 et

2218 2481 2344 2521 cum
2371 2480 2405 2521 a
2434 2474 2488 2523 te
2523 2467 2806 2539 epistolam
2844 2476 2991 2526 tuam
3038 2471 3261 2529 bretrem
3299 2489 3400 2546 pro
3426 2490 3494 2531 ea
3536 2475 3616 2549 (9)
3644 2492 3817 2548 quam

2221 2557 2337 2628 ipse
2360 2559 2636 2630 miseram,
2661 2562 3006 2634 recepissem,
3033 2571 3305 2635 tamquam
3334 2566 3621 2637 persoluto
3650 2569 3823 2628 ofﬁcii

2220 2649 2426 2720 debito,
2448 2651 2646 2718 iterum
2670 2668 2761 2709 me
2786 2653 3054 2712 diuturna:
3082 2658 3439 2715 taciturnitati
3479 2659 3819 2719 refuderam.

2221 2744 2330 2801 Sed
2358 2744 2555 2811 acrius,
2586 2745 2842 2815 vigilante
2879 2743 3127 2816 Christo,
3175 2751 3319 2821 apud
3346 2759 3593 2808 mentem
3622 2760 3776 2809 tuam
3800 2798 3821 2825 ,

2220 2835 2371 2907 prior
2396 2836 2688 2893 reiioruisti
2709 2853 2900 2909 sapere
2921 2839 2991 2894 ad
3017 2841 3361 2898 excitandam
3379 2844 3421 2875 "
3450 2844 3508 2900 in
3536 2846 3701 2901 nobis
3727 2846 3823 2903 ob-

2221 2928 2548 2985 servantiam
2575 2930 2842 3001 caritatis,
2870 2947 2942 2988 ne
2968 2933 3303 2990 obdormiret
3329 2937 3386 2992 in
3412 2945 3650 2994 mortem
3678 2938 3823 2995 obli-

2225 3023 2397 3079 vionis
2428 3040 2442 3077 τ
2472 3031 2528 3080 et
2553 3024 2679 3095 quia
2714 3024 3082 3081 abundaverat
3122 3026 3221 3082 tibi
3249 3027 3623 3084 inhumanitas
3651 3044 3778 3086 mea
3799 3070 3818 3097 ,

2223 3116 2679 3187 superabundavit
2724 3116 2855 3172 mihi
2921 3117 3229 3174 humanitas
3284 3126 3399 3174 tua.
3441 3118 3824 3191 Muitiplicasti

540 3190 925 3279 “04W!”-
946 3180 989 3236 Ρ
989 3182 1173 3279 “iam
1191 3182 1343 3279 imi?
1364 3180 1625 3279 "051%?"
1628 3180 1673 3279 i?
1694 3179 1715 3211 ³
1745 3179 2123 3279 νθθίτξξνθτδθ
2150 3209 2196 3273 C
2225 3179 2370 3265 enim
2391 3208 2721 3279 locupletare
2743 3223 2830 3264 me
2859 3206 3057 3264 affectu
3083 3216 3140 3264 et
3167 3207 3347 3266 officio
3360 3179 3668 3268 dilectionis
3690 3221 3820 3279 tute,

535 3279 635 3337 Dei
654 3276 924 3345 dulcibus,
949 3284 1006 3332 et
1032 3275 1155 3331 oleo
1195 3274 1396 3331 laetitiae
1441 3272 1712 3337 delibutis,
1738 3286 1850 3342 quo
1894 3270 2124 3326 libenter

534 3368 611 3445 (e)
637 3369 884 3438 ungimus
904 3364 1067 3438 caput
1104 3374 1346 3421 nostrum
1371 3364 1432 3432 l‘;
1465 3365 1593 3436 quia
1621 3379 1728 3419 non
1775 3370 1857 3418 est
1887 3365 1942 3417 in
1972 3348 2125 3416 vobis

536 3460 770 3518 mendax
808 3474 947 3531 opus
982 3458 1140 3515 olivas
1168 3468 1227 3527 °,
1269 3457 1327 3513 in
1363 3458 1559 3527 quibus
1592 3456 1800 3511 habitat
1825 3455 2020 3508 caritas
2062 3453 2126 3505 de

535 3552 694 3610 corde
726 3568 876 3624 puro,
903 3559 953 3606 et
980 3550 1114 3605 bona
1144 3550 1489 3618 conscientia,
1523 3556 1572 3603 et
1600 3549 1706 3619 ﬁde
1723 3564 1829 3603 non
1866 3548 1995 3618 ﬁcta
2019 3547 2041 3578 δ
2070 3546 2119 3601 ⁸.

535 3643 646 3703 Sed
670 3644 799 3715 quia
841 3658 1000 3699 nemo
1043 3644 1138 3714 qui
1180 3643 1406 3698 multum
1430 3642 1599 3697 esurit
1634 3648 1811 3713 potest
1849 3656 1957 3695 uno
1985 3654 2131 3711 pane

535 3736 744 3804 satiari,
774 3733 1005 3791 fatemur
1026 3749 1126 3789 nos
1152 3734 1383 3789 necdum
1410 3733 1687 3803 expletos;
1719 3733 1814 3789 sed
1834 3735 2016 3804 potius
2042 3734 2125 3788 in-

537 3830 737 3887 citatos
764 3828 831 3883 ad
872 3826 1199 3884 desiderium
1228 3827 1530 3883 litterarum
1552 3834 1854 3880 vestrarum
1900 3841 2006 3880 una
2035 3826 2125 3880 illa

536 3920 770 3995 epistola
793 3922 813 3952 ⁸
835 3927 1043 3986 vestra;
1065 3932 1227 3988 quam
1259 3924 1823 3988 unamcomputamus
1844 3958 1859 3984 ,
1891 3918 2015 3986 quia
2047 3925 2127 3971 ta-

538 4015 647 4072 lem
671 4030 704 4070 a
733 4013 910 4079 vobis,
941 4026 1048 4083 qua
1078 4013 1210 4067 sicut
1247 4012 1400 4083 adipe
1438 4019 1487 4065 et
1522 4010 1833 4082 pinguedine
1865 4012 2127 4083 repleatur

541 4109 721 4164 anima
734 4113 913 4161 nostra
946 4119 989 4171 ν,
1010 4104 1185 4160 adhuc
1211 4103 1380 4159 semel
1408 4102 1732 4173 accepimus.

611 4199 667 4256 2.
706 4199 1108 4264 Verumtamen,
1140 4197 1242 4253 etsi
1268 4197 1410 4253 inter
1436 4194 1613 4253 ofﬁcia
1649 4210 1835 4253 nostra
1859 4197 2129 4253 vicissitu-

543 4294 697 4355 dines
723 4300 1027 4367 temporum
1054 4292 1269 4360 fuerint,
1298 4299 1359 4347 ut
1382 4300 1580 4363 tempus
1607 4289 1834 4356 tacendi,
1862 4302 1911 4345 et
1933 4301 2127 4361 tempus

544 4388 787 4462 loquendi
812 4387 856 4455 ί,
881 4402 990 4444 non
1017 4387 1091 4441 ita
1111 4386 1274 4442 etiam
1303 4384 1559 4453 diligendi
1582 4400 1647 4438 ac
1665 4383 1970 4453 negligendi
1994 4391 2131 4438 tem-

544 4481 648 4556 pus
673 4479 790 4536 fuit.
822 4479 1029 4537 Dudum
1057 4480 1224 4546 enim,
1266 4488 1327 4533 ut
1354 4477 1708 4548 proculdubio
1749 4476 2093 4546 recognoscis
2112 4517 2128 4543 ,

2223 3316 2333 3371 quo
2361 3301 2702 3358 benedictum
2740 3302 2954 3359 Domini
2988 3307 3217 3374 puerum
3256 3304 3481 3362 fratrem
3510 3306 3822 3365 Amandum

2222 3393 2547 3450 visitationis
2593 3403 2789 3450 nostra:
2816 3394 3022 3450 socium
3055 3396 3360 3451 assumsisti
3397 3397 3517 3463 tibi,
3550 3408 3610 3454 et
3660 3401 3825 3458 nobis

2227 3485 2305 3557 (³.)
2336 3484 2571 3540 validum
2599 3486 3229 3557 apposuistipatronum.
3280 3485 3618 3546 Confidimus
3648 3493 3823 3563 enim,

2223 3577 2348 3647 quia
2376 3576 2516 3631 sicut
2544 3576 2811 3632 scribendi
2840 3578 2908 3632 ad
2942 3591 3043 3633 nos
3063 3579 3336 3651 particeps
3365 3581 3461 3636 tibi
3488 3580 3667 3639 lactus
3688 3593 3776 3640 est
3805 3603 3835 3639 :~

2223 3667 2298 3721 ita
2323 3666 2486 3722 etiam
2513 3666 2700 3721 orandi
2746 3681 2846 3737 pro
2896 3668 3052 3723 nobis
3093 3668 3302 3738 collega
3325 3671 3417 3727 sit.
3480 3669 3551 3727 Et
3593 3657 3821 3743 quidem

2223 3757 2550 3826 germanitas
2574 3757 2866 3828 spiritualis
2910 3758 2983 3814 ita
3023 3761 3297 3835 postulat,
3316 3769 3377 3817 ut
3415 3762 3556 3819 sicut
3596 3765 3829 3835 spiritus

2226 3850 2378 3907 vobis
2410 3866 2545 3906 unus
2573 3851 2628 3905 in
2657 3850 2760 3907 fide
2788 3859 2844 3907 et
2886 3851 3229 3910 confessione
3255 3855 3457 3911 Christi
3503 3865 3611 3926 est,
3644 3860 3827 3916 ita‘sit

2225 3959 2378 4000 amor
2405 3956 2460 4000 et
2488 3945 2641 4000 labor
2671 3959 2809 4000 unus
2832 3944 2887 3999 in
2913 3946 3177 4016 proximis
3206 3946 3270 4019 (i)
3299 3950 3627 4006 asserendis.
3664 3951 3822 4009 Unde

2226 4049 2570 4090 communem
2599 4034 2818 4104 largiter
2846 4050 2877 4090 a
2906 4050 3119 4092 summo
3148 4038 3479 4095 retributore
3508 4044 3825 4100 mercedem

2228 4129 2443 4185 metetis
2471 4129 2692 4185 exaltati
2722 4131 2776 4185 in
2805 4131 3044 4187 turribus
3071 4132 3214 4203 ejus,
3245 4135 3373 4205 quia
3401 4136 3572 4207 frater
3600 4139 3827 4208 fratrem

2229 4221 2482 4291 adjuvans
2503 4220 2890 4276 exaltabiturm.
2912 4221 2967 4277 Si
2984 4228 3165 4278 tamen
3184 4238 3398 4295 semper
3412 4238 3581 4283 iorare
3610 4236 3835 4285 tantum.

2233 4314 2271 4343 η
2303 4320 2359 4367 et
2383 4313 2653 4383 suspirare
2697 4329 2798 4384 pro
2825 4314 2981 4370 nobis
3007 4316 3388 4388 memineritis,
3418 4326 3475 4375 et
3521 4320 3590 4377 de
3636 4330 3831 4379 cetero

2231 4404 2467 4460 caveatis
2503 4419 2732 4460 onerare
2771 4420 2871 4460 nos
2915 4407 3092 4462 verbis
3144 4405 3615 4480 beatiﬁcantibus,
3663 4395 3736 4470 ne
3773 4423 3833 4471 et

2235 4497 2386 4553 vobis
2428 4495 2652 4552 forsitan
2699 4495 3078 4553 oﬂ‘endiculum
3124 4503 3450 4573 comparetis
3473 4545 3492 4573 ,
3535 4505 3585 4560 si
3619 4506 3832 4566 dicatis

547 4572 746 4631 Sancte
787 4572 970 4639 frater,
1012 4571 1236 4641 diligere
1262 4569 1403 4641 cmpi
1426 4576 1506 4634 te;
1551 4576 1607 4624 et
1643 4568 1808 4624 dilexi
1829 4567 2032 4637 iugiter
2063 4568 2084 4599 ⁸
2108 4607 2121 4633 ,

2229 4588 2404 4653 dulce,
2416 4587 2829 4656 quod'amarum
2858 4590 3176 4664 est‘hgﬁo
3210 4567 3441 4661 L‘egistis
3464 4567 3673 4654 etenim
3697 4604 3829 4670 quia

621 4695 648 4722 ⁸
676 4683 841 4741 Eccli.
865 4700 943 4751 ut,
976 4681 1061 4736 17.
1136 4681 1163 4721 ι’
1185 4681 1373 4736 Matth.
1400 4696 1468 4747 γι,
1496 4672 1583 4734 17.
1661 4690 1684 4719 ο
1710 4678 2003 4751 Ιίςιὺειςηιι,
2032 4679 2116 4731 i7.

550 4844 625 4895 tv,
657 4820 746 4881 11⁷.
820 4834 859 4863 ω
887 4822 1046 4881 Prov.
1100 4820 1247 4887 va,
1276 4820 1361 4876 i9.
1438 4821 1609 4877 ulsai.
1638 4838 1692 4886 v,
1737 4820 1824 4875 20.

2194 4678 2254 4732 «τι
2282 4678 2421 4733 Tim.
2450 4694 2487 4733 ι.
2515 4676 2563 4731 5.

550 4720 1135 4825 ιιιτῖξῖξᾌΐέιινω,
1157 4751 1210 4805 6.
1286 4722 1502 4825 {Can’u
1545 4767 1654 4825 vin,
1684 4751 1836 4825 6η)
1871 4721 2011 4805 Ιδδειί.
2061 4759 2314 4814 unum,
2366 4748 2452 4801 49.
2474 4720 2487 4742 ’
2535 4761 2546 4798 ι
2581 4748 2736 4805 Rom.
2782 4720 3115 4816 vutg-3f.“
3142 4720 3529 4821 rQSiY‘BiiZ'H'.

2647 4678 2832 4734 rPsal.
2860 4696 2987 4743 an,
3021 4682 3074 4735 6.
3158 4684 3173 4717 ί
3189 4682 3355 4739 Eccti.
3380 4701 3456 4749 in,
3491 4686 3544 4741 7.
3624 4699 3651 4736 κ
3680 4690 3827 4749 Psal.

2647 4765 2736 4804 im.
2782 4767 2890 4816 \‘lll,
2929 4751 3017 4807 '55.
3094 4754 3115 4789 ¹ί
3142 4752 3284 4810 Psal.
3326 4772 3417 4818 xx,
3473 4757 3529 4812 4.
3612 4758 3627 4799 ι
3664 4760 3827 4818 Cant.

3714 4774 3847 4823 ant...

623 4920 644 4939 '
669 4916 815 4973 Alias
830 4908 930 4979 '26,
961 4929 1085 4986 pars
1113 4912 1140 4967 1
1161 4952 1177 4979 ,
1206 4926 1327 4982 qua:
1352 4920 1549 4969 autem
1574 4910 1645 4967 40
1688 4920 1835 4978 erat,
1854 4928 1998 4968 nunc
2028 4912 2119 4967 26.
2160 4914 2369 4983 Scripta
2398 4912 2541 4968 circa
2569 4913 2915 4998 annum

624 5031 708 5112 is).
747 5022 1502 5112 Si.°_ms§-°2di¢¢8'919u29-
1539 5022 1797 5112 ξεΧξιξη·
1832 5040 1981 5112 suis
2003 5025 2132 5108 ed."-

553 5093 730 5157 Chilll.
782 5102 853 5154 At
904 5097 992 5151 ed.
1048 5095 1238 5160 Rosv.,
1282 5095 1482 5148 sanctis
1532 5094 1780 5165 fratribus
1824 5096 1881 5148 in
1910 5093 2135 5151 Domino

553 5171 760 5228 Christo
790 5169 1029 5226 salutem.

630 5242 719 5366 (bi
734 5240 859 5315 llaec
879 5235 1183 5293 addidimus
1211 5251 1280 5290 ex
1317 5250 1418 5289 ms.
1463 5234 1653 5290 codice
1697 5234 2036 5291 Cluniacensi
2081 5247 2136 5292 et

631 5351 644 5364 .
704 5311 852 5365 ‘hilii.
888 5309 1025 5362 Ante
1051 5316 1169 5361 erat
1193 5307 1480 5366 propriam.
1505 5298 1724 5366 Tempus
1745 5322 1888 5366 ergo,
1918 5317 2021 5361 etc.

557 5298 648 5369 ed.‘
679 5298 852 5366 Chilli.
888 5309 1031 5377 Ante
1044 5316 1169 5377 erat
1191 5307 1480 5377 propriam.
1505 5298 1724 5377 Tempus
1745 5322 1889 5377 ergo,
1918 5317 2021 5377 etc.

632 5387 703 5452 (e)
734 5381 814 5435 ita
839 5389 970 5435 mss.
995 5374 1151 5432 Clun.
1180 5374 1399 5431 etVien.
1430 5389 1552 5430 cum
1584 5376 1713 5430 edit.
1736 5374 1913 5431 Chia].
1939 5376 2129 5442 Rosv.,

616 5468 841 5507 uicimus.

553 5468 903 5593 Iuliana;
920 5519 1166 5593 Vulgata,
1198 5514 1460 5570 Psalteria
1478 5515 1657 5593 ﬁam:
1684 5524 1739 5571 et
1766 5514 1979 5593 Gallic,
1990 5519 2141 5593 glera

558 5584 848 5659 mm,
874 5584 1194 5647 Psalterium
1220 5595 1450 5659 vetuset
1477 5584 1536 5641 S.
1566 5586 1892 5659 Augustinus
1908 5589 1960 5641 in
1980 5587 2144 5643 Com-

559 5657 1016 5731 mentario’super
1045 5660 1301 5731 psalmos,
1331 5657 1491 5731 _olera_
1506 5658 1666 5731 prati.
1691 5657 1750 5731 _S.
1780 5657 2141 5730 Hieronymus

558 5745 617 5796 et
640 5734 699 5790 S.
729 5722 1060 5803 august-inus:
1077 5730 1129 5783 in
1148 5722 1406 5803 Speculo,
1435 5722 1549 5782 olus
1577 5728 1755 5803 viride.

627 5804 701 5877 (e)
733 5794 967 5877 Ex'mss.
1002 5801 1159 5858 Clun.
1192 5794 1251 5877 et
1278 5797 1432 5877 Viep.
1457 5805 1515 5853 et
1549 5798 1634 5851 ed.
1665 5794 1843 5877 Catili.
1875 5799 2132 5877 emenda-

564 5865 738 5935 timt'ts
759 5876 908 5939 vivet,
934 5874 1091 5940 juxta
1114 5876 1324 5928 textum
1359 5865 1606 5939 Grazcum
1634 5876 1689 5924 et
1721 5865 2030 5937 Vulgatam;
2057 5868 2137 5923 sic

2239 5026 2825 5101 quoquesazpiuslegit
2851 5027 3174 5097 Augustinus
3199 5034 3255 5088 in
3282 5033 3696 5099 Commentario
3736 5060 3832 5101 su-

2239 5112 2339 5165 per
2367 5097 2620 5166 psalmos.
2658 5097 2756 5152 Ed.
2791 5097 2977 5163 llosv.,
3004 5102 3139 5155 risit.

2312 5170 2385 5250 (η
2412 5167 2524 5250 Μελ
2545 5167 2918 5250 Cluniacensis
2951 5170 3124 5250 codex
3158 5189 3281 5229 cum
3316 5178 3400 5250 ed.
3436 5178 3652 5249 cum,
3687 5183 3837 5250 Qua-

2235 5248 2444 5329 propter
2466 5238 2554 5329 ti‘bi
2578 5239 2730 5329 huius
2767 5242 3231 5329 caritatis-[ructus
3255 5247 3481 5329 ‘uberior
3510 5238 3727 5320 veniet:
3743 5238 3836 5329 qui

2237 5308 2413 5431 (augent
2436 5309 2730 5431 vulrlteratus
2749 5308 3043 5380 prwrenisti
3063 5329 3157 5369 nos
3172 5316 3227 5370 in
3249 5308 3701 5379 benedictionibus
3716 5308 3837 5383 diti;

2238 5396 2293 5431 ce
2330 5394 2453 5431 tms.
2490 5395 2519 5431 e
2547 5397 2598 5431 c.
2788 5400 2789 5403 η

2238 5388 2453 5444 cedtnis,
2490 5388 2598 5434 etc.
2788 5400 2789 5403 ‘

2279 5519 2289 5530 ,
2313 5449 2387 5518 (ῃ)
2416 5450 2487 5530 ita
2516 5466 2644 5505 mss.
2666 5448 3065 5530 Clun.e_tVien.
3093 5472 3217 5514 cum
3244 5460 3374 5516 edit.
3395 5462 3574 5519 Chifﬂ.
3605 5465 3713 5523 Alii
3743 5484 3837 5527 co.

2240 5519 2654 5604 dices,.l_tretient,
2682 5537 2837 5592 quam
2858 5526 2969 5604 ipse
2989 5528 3225 5604 miseras,
3256 5536 3585 5604 recepissem.

2313 5590 2392 5671 (ﬂ
2416 5590 2511 5645 Ms.
2539 5590 2708 5671 Yatic.
2733 5590 3034 5671 opposuisti.
3059 5597 3156 5653 Ms.
3189 5590 3546 5659 eodex'Clun.
3599 5617 3659 5663 et
3702 5611 3835 5667 edit.

2238 5658 2440 5783 ΫἪΙἿ
2471 5662 2696 5716 validum
2742 5658 2925 5719 salutis
2963 5672 3247 5739 opposuisti
3291 5658 3568 5742 patronum
3589 5658 3837 5744 ,⁷

2261 5752 2305 5783 ηε
2364 5748 2394 5781 ὶ.

2261 5748 2394 5783 mne.

2310 5799 2711 5893 ςΙιέΔλέῗέὶῗὶάθκ
2760 5804 3145 5865 Οιυοιίθοθηείς
3216 5813 3552 5871 sustinendis.
3602 5818 3838 5893 Vulgata

2239 5869 2401 5925 lectio
2421 5872 2615 5926 verior.
