4022 6402
1627 336 1961 396 Εριδτοιιι
1997 340 2110 398 χι..

3383 352 3491 413 870

194 464 361 509 rectos
409 459 465 509 et
480 466 609 509 vere
636 449 855 510 sanctos
882 452 1027 508 decet
1053 450 1371 506 collaudatio
1401 458 1426 487 "
1448 491 1465 517 ,
1527 467 1646 506 non.
1659 468 1791 508 vero
1819 458 1865 516 Α
1897 454 2159 519 struendi,
2209 455 2457 525 ridendi;
2504 463 2561 513 et
2605 458 2825 515 tandem
2866 462 3113 529 sanandi,
3143 463 3447 523 mdiﬁeandi
3467 509 3485 533 ,

197 553 519 618 peccatores
560 545 616 601 in
660 543 787 602 tetle
835 542 1212 601 amaritudinis
1235 541 1266 581 δ
1314 544 1541 614 positos,
1591 543 1688 600 sed
1736 552 1793 600 et

196 638 376 695 adhuc
404 654 514 695 non
542 646 654 696 tam
680 639 831 694 tenui
869 654 1010 695 nexu
1035 637 1339 709 iniquitatis
1368 638 1446 711 (α)
1476 638 1795 708 adstrictos,

198 742 260 789 ut
296 732 552 789 contritio
600 740 658 789 et
702 730 990 789 intelicitas
1030 733 1086 787 in
1124 731 1228 788 viis
1276 732 1477 789 nostris
1529 742 1552 773 ε
1603 732 1795 789 deesse

197 824 276 898 (ι)
298 824 411 894 iam
438 825 632 896 possit-

272 916 325 970 ι.
355 916 743 972 Verumtamen
786 916 869 974 sic
901 931 1123 988 quoque
1151 915 1425 982 mentibus
1469 915 1672 971 nostris
1698 917 1795 971 de-

203 1008 297 1065 bet
335 1008 512 1065 inesse
551 1008 838 1076 contritio,
879 1009 1038 1079 quia,
1076 1026 1165 1064 cor
1196 1008 1272 1081 (c)
1310 1006 1712 1063 contribulan
1747 1016 1800 1062 et

202 1103 535 1158 Immiliatum
562 1100 703 1159 Deus
741 1118 845 1158 non
882 1103 1085 1174 spernit
1113 1101 1163 1157 ά.
1196 1100 1265 1157 Et
1310 1102 1431 1173 quis
1464 1100 1615 1156 dabit
1643 1099 1799 1156 nobis

203 1213 302 1254 eor
345 1211 604 1253 carneum
632 1205 685 1264 °,
735 1203 798 1251 ut
835 1195 1077 1252 emollita
1117 1210 1310 1251 sensus
1356 1193 1530 1250 nostri
1565 1193 1761 1249 duritia
1780 1236 1794 1261 ,

204 1288 502 1345 sentiamus
528 1288 752 1359 sagittas
779 1286 995 1344 Domini
1023 1287 1359 1357 conﬁgentes
1387 1287 1581 1343 timore
1611 1294 1799 1342 sancto

204 1377 399 1441 carnes
436 1392 650 1439 nostras
682 1380 703 1422 ί
725 1422 742 1448 ,
792 1390 848 1439 et
893 1382 1134 1439 excitato
1161 1382 1446 1438 vulnerum
1488 1389 1799 1437 nostrorum

205 1477 414 1543 dolore,
436 1477 696 1549 plorem
724 1485 847 1531 ante
870 1473 1153 1535 Dominum
1180 1476 1267 1547 qui
1283 1476 1405 1549 fecit
1439 1492 1536 1530 nos
1559 1475 1625 1529 εἳ
1647 1472 1803 1530 Com-

208 1571 394 1628 modet
423 1570 578 1627 nobis
622 1568 885 1626 Jeremias
912 1568 1064 1624 illum
1105 1566 1309 1624 fontem
1350 1568 1709 1641 lacrymarum
1749 1563 1799 1631 ιι,

205 1682 318 1739 quo
345 1664 488 1721 diem
511 1679 669 1722 suum
699 1670 756 1721 et
793 1663 1053 1736 populum
1094 1646 1421 1719 lamentatus
1456 1670 1579 1718 est:
1611 1677 1803 1733 supcr-

207 1758 400 1814 fundat
444 1757 602 1813 nobis
640 1762 698 1811 et
741 1755 910 1811 David
955 1753 1178 1811 ﬂumina
1222 1755 1507 1811 oculorum
1554 1769 1800 1821 suorum,

1896 544 2146 616 plorandi
2184 553 2395 618 tempus
2427 546 2727 604 advenerit.
2767 545 2907 607 Ecce
2938 553 3076 608 enim
3112 570 3250 609 nunc
3290 565 3489 629 tempus

1899 635 1967 708 (Ι)
1986 644 2270 709 acceptstm,
2293 653 2410 694 ecce
2437 655 2574 695 nunc
2605 639 2718 695 dies
2745 641 2931 698 salutis
2956 653 3008 698 ι.
3042 641 3167 700 Nox
3197 649 3487 718 praecessit,

1897 728 2009 784 dies
2034 737 2207 785 autem
2225 731 2680 804 appropinquavit.
2704 731 3024 804 Abjiciamus
3052 753 3213 807 opera
3255 738 3492 796 tenebra-

1897 837 2033 888 rum,
2064 829 2116 877 et
2141 821 2589 894 apprehende
2616 840 2767 880 arma
2787 825 2921 880 lucis
2946 837 2999 883 1.
3044 828 3112 884 Ut
3136 829 3237 899 ﬁlii
3256 830 3360 887 diei
3378 850 3494 889 am-

1898 912 2128 989 bulemus
2147 915 2202 969 in
2223 914 2418 971 («utine
2437 931 2457 971 :
2486 916 2731 988 quoniam
2761 934 2878 972 ecce
2903 918 3103 977 inimici
3132 922 3303 977 nostri
3330 939 3492 995 para-

1899 1008 2317 1081 veruntsagittas
2342 1008 2401 1063 in
2433 1009 2705 1081 pharetra,
2741 1017 2799 1063 ut
2827 1012 3072 1083 sagittent
3103 1013 3157 1068 in
3202 1012 3420 1070 obscuro
3443 1024 3489 1070 ⁸.

1900 1097 2087 1169 Neque
2106 1100 2250 1157 enim
2279 1101 2334 1157 in
2354 1101 2475 1159 luce
2501 1102 2715 1175 positos
2739 1112 3000 1175 poterunt
3025 1105 3303 1176 sagittam,
3335 1116 3488 1165 ante-

1900 1206 2064 1263 quam
2111 1191 2307 1251 feriant
2332 1195 2663 1268 praevidendi
2695 1198 2761 1264 “,
2794 1204 2852 1255 et
2876 1201 3309 1272 praecaventibus
3336 1199 3503 1259 facile

1902 1284 2127 1341 vitandi.
2146 1284 2341 1344 Potest
2368 1298 2551 1345 autem
2580 1289 2634 1345 in
2664 1289 2862 1347 eodem
2889 1292 3009 1365 ipso
3029 1308 3198 1365 opere
3227 1300 3498 1352 utrorum-

1901 1390 2011 1448 que
2044 1385 2351 1449 temporum
2396 1380 2539 1437 ratio
2582 1382 2856 1451 eonnecti,
2883 1391 2943 1441 ut
2987 1384 3081 1441 illa
3118 1386 3366 1459 superius
3409 1385 3494 1443 di—

1903 1468 2100 1525 stincta
2131 1477 2374 1540 tempora
2408 1471 2615 1542 pariter
2651 1481 2949 1547 operentur
2986 1475 3043 1532 in
3072 1477 3248 1535 nobis.
3279 1477 3412 1535 Nam
3440 1486 3500 1537 et

1904 1561 1960 1617 in
1988 1575 2098 1631 quo
2122 1562 2481 1635 viviﬁcamur,
2495 1565 2820 1636 occidimur;
2847 1568 2932 1625 vel
2956 1569 3010 1626 in
3036 1584 3147 1640 quo
3176 1572 3493 1641 occidimur,

1903 1651 2239 1710 viviﬁcamur
2264 1671 2364 1727 per
2390 1671 2514 1713 eum
2544 1656 2636 1727 qui
2655 1658 2794 1715 dixit
2835 1678 2851 1715 :
2894 1659 3008 1735 Ego
3049 1662 3305 1732 occidam,
3335 1676 3387 1721 et
3422 1668 3500 1722 vi-

1906 1763 2023 1802 vere
2043 1748 2236 1820 faciam
2254 1759 2332 1807 αι.
2362 1751 2473 1808 Nisi
2500 1753 2644 1809 enim
2685 1769 2786 1811 nos
2814 1753 3059 1814 Christus
3078 1758 3357 1827 occiderit,
3388 1776 3499 1819 non

207 1853 407 1926 quibus
434 1852 641 1922 rigabat
662 1851 862 1907 ιεειιιω
891 1865 1048 1907 suum
1084 1847 1141 1916 ις
1171 1864 1350 1920 neque
1390 1858 1602 1906 tantum
1639 1865 1806 1920 genas
1838 1851 1884 1912 Β
1909 1837 2179 1906 vivemus;
2211 1840 2279 1897 de
2304 1857 2413 1912 quo
2458 1845 2718 1916 scriptum
2748 1856 2835 1904 est
2880 1866 2893 1902 :
2931 1847 3186 1907 Dominus
3216 1855 3499 1927 mortiﬁcst

210 1946 394 2001 vultus
416 1935 543 2012 sui,’
561 1942 657 2000 sed
686 1950 743 2000 et
770 1950 945 1999 totum
991 1943 1238 2004 corporis
1282 1951 1516 1999 stratum
1554 1941 1806 2015 lacrymis

209 2043 607 2100 exundantibus
634 2041 937 2111 proluebat.
964 2039 1415 2112 Superposuernnt
1440 2036 1585 2094 enim
1608 2035 1804 2108 iniqui-

208 2145 343 2191 tates
374 2145 563 2191 nostra:
585 2144 738 2205 caput
766 2142 1021 2200 nostrum,
1049 2143 1098 2186 et
1117 2130 1478 2202 multiplicata:
1511 2139 1631 2184 sunt
1652 2144 1806 2193 super

209 2227 429 2300 capillos
458 2228 641 2300 capitis
678 2227 845 2284 nostri
878 2225 927 2293 i,
972 2226 1099 2295 quia
1141 2223 1294 2296 plura
1320 2221 1376 2279 iu
1416 2221 1574 2278 nobis
1619 2219 1809 2291 iniqui-

211 2322 341 2378 tatis
366 2338 527 2394 quam
564 2321 788 2391 justitize
827 2334 993 2392 opera
1031 2327 1384 2375 numerantur
1418 2335 1431 2372 :
1463 2325 1519 2372 et
1555 2314 1682 2372 ideo
1725 2315 1804 2386 (d)

212 2423 632 2486 computruerunt
677 2423 730 2470 et
761 2413 1203 2469 deterioravcrunt
1239 2411 1506 2467 cicatrices
1547 2420 1737 2466 nostra
1774 2425 1807 2464 a

126 2494 137 2499 ἡ
211 2506 348 2578 {acie
366 2506 682 2576 insipientia:
710 2513 906 2561 nostra
933 2506 986 2572 κ,
1014 2512 1069 2559 et
1090 2504 1378 2558 inveterata
1417 2511 1538 2557 sunt
1558 2519 1680 2558 ossa
1713 2518 1806 2557 no-

214 2609 342 2663 stra,
364 2600 606 2669 quoniam
628 2598 935 2652 tacuimus“
964 2596 1075 2654 Deo
1107 2593 1124 2635 ι
1149 2614 1165 2665 ;
1196 2603 1253 2652 et
1279 2605 1596 2668 apponentes
1623 2595 1809 2668 iniqui-

212 2701 370 2746 tatem
405 2707 558 2762 super
610 2691 934 2762 iuiquitatem
955 2698 1019 2757 ιη,
1061 2703 1183 2745 cum
1225 2689 1587 2743 statuissemus
1630 2687 1806 2744 oculos

213 2780 701 2840 nostrosdeclinare
723 2782 777 2837 in
805 2791 998 2837 terram
1028 2790 1080 2847 ",
1115 2780 1269 2837 tarde
1301 2796 1398 2836 eos
1427 2789 1479 2836 et
1500 2794 1641 2849 aegre
1670 2784 1809 2835 lera-

211 2877 375 2933 ἄνευ
404 2876 476 2931 ad
497 2885 697 2932 montes
727 2874 844 2940 Dei,
874 2874 1011 2930 unde
1030 2873 1180 2930 nobis
1202 2875 1457 2929 auxilium
1484 2875 1623 2929 venit
1645 2891 1677 2928 a
1698 2873 1810 2930 Do-

213 2970 354 3025 mino
384 2978 433 3033 ο,
466 2969 560 3040 qui
585 2968 738 3026 solus
762 2976 957 3039 potens
984 2976 1069 3024 est
1095 2983 1286 3022 sanare
1316 2982 1494 3023 omnes
1531 2967 1807 3038 languens

214 3072 417 3118 nostros
438 3073 488 3126 ι’,
520 3069 576 3117 et
595 3063 795 3132 eripere
831 3077 926 3116 nos
967 3060 1032 3115 de
1078 3076 1295 3133 corpore
1321 3061 1502 3116 mortis
1538 3060 1691 3131 hujus
1722 3071 1748 3111 ιι
1778 3078 1792 3112 :

212 3154 287 3226 (ε)
317 3154 414 3225 qui
432 3169 532 3226 per
559 3152 731 3210 Adam
760 3154 1059 3220 constricti,
1082 3169 1183 3226 per
1209 3151 1483 3211 Christum
1504 3155 1764 3211 solvimur
1790 3174 1803 3211 :

1907 1938 1959 1984 et
1984 1932 2302 2002 uitiﬁcatbb;
2332 1935 2458 2005 quia
2484 1937 2585 1994 nisi
2608 1947 2829 2009 peccata
2851 1950 3034 1998 nostra
3061 1945 3497 2016 peremerit,non

1909 2021 2202 2080 vivificabit
2242 2027 2471 2084 animas.
2514 2029 2641 2087 Ideo
2669 2031 2746 2088 illi
2787 2035 3055 2105 propheta
3093 2036 3263 2093 dicit:
3292 2036 3498 2100 Επειιντ

1906 2116 2041 2181 rexi,
2073 2128 2123 2171 et
2166 2118 2539 2176 adlauc'tecum
2576 2138 2709 2178 sum.
2752 2122 2819 2180 Si
2849 2108 3055 2181 occidas
3085 2125 3227 2185 Deus
3254 2141 3498 2201 peccato—

1907 2221 2019 2262 rem
2049 2218 2127 2263 οε.
2158 2207 2517 2281 Exsurgemus
2542 2214 2618 2287 (g)
2658 2207 2999 2287 emergentes
3024 2218 3092 2276 de
3114 2219 3243 2287 luto,
3273 2221 3420 2279 facis
3447 2230 3501 2280 et

1909 2304 2097 2359 umbra
2140 2308 2351 2371 mortis,
2383 2316 2589 2365 etcum
2635 2311 2755 2382 ipso
2782 2327 2903 2370 esse
2932 2314 3403 2386 ‘pennanebimus,
3449 2317 3501 2374 si

1910 2396 2169 2452 occiderit
2199 2397 2251 2452 in
2280 2399 2435 2455 nobis
2471 2408 2841 2470 peccatorem,
2886 2412 2943 2461 et
2965 2404 3171 2476 justum
3195 2407 3501 2474 creaverit;

1910 2488 2031 2561 quia
2057 2489 2201 2544 calix
2223 2489 2526 2561 fragilitatis
2546 2501 2747 2549 nostra:
2766 2496 2822 2550 in
2849 2510 3008 2552 manu
3034 2494 3279 2564 Domini,
3310 2498 3364 2554 in
3393 2515 3503 2571 quo

1910 2581 2043 2636 hunc
2062 2582 2321 2649 humiliat,
2337 2593 2387 2638 et
2413 2584 2549 2639 hunc
2572 2583 2865 2642 exultat“.
2890 2586 3002 2646 Nisi
3027 2589 3168 2645 enim
3193 2588 3505 2649 humilietur

1910 2674 2168 2743 exterior,
2199 2690 2307 2732 non
2337 2676 2610 2733 exaltatur
2648 2677 2895 2736 interior.
2925 2678 3003 2736 Ac
3031 2680 3113 2738 sic
3140 2681 3420 2740 occidendi
3449 2691 3504 2742 et

1912 2766 1995 2841 (It)
2019 2769 2265 2837 sanandi,
2292 2770 2377 2827 vel
2399 2771 2710 2828 destruendi
2743 2781 2799 2831 et
2824 2773 3125 2832 aediﬁcandi
3170 2785 3415 2850 tempora
3448 2778 3505 2835 in

1910 2877 2078 2919 unum
2107 2862 2265 2918 simul
2288 2872 2484 2921 coeunt
2507 2880 2642 2937 opus
2670 2873 2749 2933 εν,
2782 2880 2903 2922 eum
2927 2865 3222 2923 destruitur
3249 2868 3303 2925 in
3338 2870 3507 2927 nobis

1909 2954 2022 3011 vita
2050 2955 2279 3027 peccati,
2308 2965 2368 3014 ut
2406 2955 2706 3015 aedificetur
2732 2957 2840 3015 vita
2864 2960 3107 3029 justitiae.
3139 2960 3327 3035 Neque
3356 2964 3504 3021 enim

1912 3048 2163 3107 tediiicari
2187 3060 2366 3123 potest
2395 3053 2629 3123 novitas,
2660 3054 2762 3109 nisi
2790 3053 3102 3111 destruatur
3124 3066 3382 3127 vetustas,
3412 3066 3507 3117 aut

1914 3159 2097 3202 amare
2116 3148 2157 3179 ³⁷
2183 3162 2471 3218 possumus
2511 3148 2803 3223 Christum,
2831 3151 2932 3208 nisi
2962 3168 3328 3211 mammonam
3369 3155 3504 3212 inei-

214 3249 259 3305 si
284 3256 464 3303 tamen
487 3248 563 3303 ita
585 3256 846 3319 portemus
869 3246 1085 3303 caelestis
1115 3246 1339 3303 hominis
1374 3248 1655 3320 imaginem
1676 3250 1808 3303 sicut
1836 3247 1880 3311 c
1911 3238 2123 3310 piamus
2151 3239 2331 3297 odisse
2360 3240 2436 3296 Π.
2485 3241 2591 3299 Sed
2622 3259 2797 3315 neque
2838 3245 3073 3316 gaudere
3110 3249 3412 3319 poterimus
3452 3251 3507 3309 in

215 3342 405 3396 terreni
431 3342 749 3411 portavimus
779 3349 800 3377 τ
823 3357 837 3402 ;
861 3340 967 3397 hoc
995 3349 1099 3410 est,
1130 3340 1176 3398 si
1206 3352 1315 3397 tam
1336 3342 1378 3375 "
1407 3341 1633 3399 ﬁdeliter
1655 3343 1814 3411 justi-

214 3437 304 3491 tia:
328 3446 387 3491 et
412 3435 627 3491 veritati
654 3435 952 3492 serviamus
969 3452 1070 3508 pro
1106 3437 1281 3495 salute
1309 3447 1519 3509 nostra,
1541 3455 1702 3511 quam
1731 3440 1814 3496 di-

215 3528 448 3599 ligenter
466 3528 740 3599 iniustitiae
767 3536 823 3584 et
852 3529 1228 3587 inhumanitati
1247 3531 1289 3564 ¹¹⁶
1312 3548 1412 3604 pro
1439 3541 1615 3588 morte
1644 3535 1814 3589 servi-

218 3622 413 3678 vimus.
446 3620 749 3677 Humanum
778 3621 922 3677 enim
961 3636 992 3677 a
1033 3623 1190 3679 nobis
1214 3624 1506 3695 Apostolus
1536 3625 1770 3695 postulat
1795 3643 1810 3692 ;

216 3713 674 3785 quemadmodum
700 3712 1025 3770 exhibuimus
1040 3717 1270 3771 membra
1292 3727 1471 3772 nostra
1493 3718 1678 3772 servire
1708 3718 1813 3771 ini-

219 3806 405 3879 quitati
428 3805 495 3862 ad
519 3805 797 3862 interitum
830 3814 887 3862 et
917 3806 1310 3874 confusionem,
1342 3812 1416 3865 sic
1445 3812 1625 3865 eadem
1667 3813 1816 3866 exhi-

219 3899 428 3961 beamus
446 3901 638 3956 servire
658 3902 880 3974 justitio:
910 3910 932 3939 ³
962 3902 1031 3958 ad
1062 3905 1225 3958 vitam
1256 3914 1311 3958 et
1342 3904 1591 3972 gloriam.
1620 3906 1810 3961 Nobis-

219 4011 347 4053 cum
396 3997 541 4053 enim
587 3995 850 4053 habemus
890 3997 1122 4054 fructum
1177 3997 1389 4054 illorum
1437 4014 1698 4070 operum,
1748 4002 1813 4061 de

219 4089 417 4160 quibus
442 4102 587 4145 nunc
613 4088 1000 4146 erubescimus.

292 4182 348 4238 Β.
386 4181 495 4238 Sed
521 4182 707 4253 gratim
731 4183 1020 4255 Sapientia:
1048 4182 1163 4250 Dei,
1192 4182 1408 4240 Christo
1424 4184 1535 4241 Deo
1553 4186 1615 4251 ”,
1640 4187 1731 4257 qui
1762 4187 1814 4242 in

221 4292 286 4333 se
310 4290 539 4332 manens
578 4275 759 4331 omnia
796 4275 1041 4343 innovat,
1074 4291 1145 4353 ac
1177 4277 1404 4347 disponit
1443 4279 1619 4332 omnia
1644 4281 1817 4334 suari-

223 4379 301 4424 ter
324 4369 370 4431 ⁸,
401 4376 463 4424 ιιι
504 4368 577 4423 sit
616 4367 854 4443 omnibus
895 4368 1049 4423 rebus
1094 4367 1250 4441 35]
1284 4378 1481 4440 tempus
1508 4380 1571 4429 υς
1619 4381 1816 4444 tempus

224 4460 513 4525 occidendi,
536 4468 587 4515 et
608 4468 804 4531 tempus
840 4461 1066 4515 sanandi
1094 4476 1113 4518 ε
1136 4469 1331 4532 tempus
1357 4462 1581 4526 ridendi,
1608 4472 1656 4515 et
1686 4472 1816 4517 tem-

223 4571 321 4625 pas
337 4554 608 4627 plorandi:
626 4566 824 4619 tempus
838 4557 1157 4626 wdiﬁcandi,
1173 4566 1223 4611 et
1241 4566 1437 4629 tempus
1454 4556 1747 4613 destruendi
1764 4569 1809 4612 ν.

1917 3333 2012 3391 illo
2040 3335 2244 3404 seculo,
2295 3335 2396 3391 nisi
2428 3335 2480 3391 in
2510 3336 2617 3392 isto
2659 3336 2957 3408 lugeamus,
2990 3338 3113 3408 quia
3134 3342 3223 3415 qui
3250 3342 3512 3401 seminam.

1914 3432 1968 3486 in
1995 3430 2261 3502 lacrymis,
2284 3430 2337 3485 in
2360 3430 2553 3503 gaudio
2570 3441 2759 3487 metent
2781 3441 2861 3487 ss.

1987 3524 2042 3580 6.
2081 3522 2347 3580 Convenit
2374 3540 2504 3596 ergo
2529 3542 2673 3584 nunc
2701 3525 2859 3587 nobis
2896 3528 2983 3584 illa
3014 3529 3083 3587 de
3114 3530 3336 3603 psalmis
3364 3548 3504 3605 pau-

1917 3620 2061 3692 peris
2090 3618 2232 3675 anxii
2264 3628 2320 3677 et
2349 3620 2579 3691 lugentis
2607 3623 2803 3691 oratio,
2834 3626 3078 3698 quoniam
3118 3641 3258 3698 pene
3282 3628 3393 3699 jam
3416 3629 3508 3684 de-

1915 3717 2143 3787 fecerunt
2169 3716 2298 3770 sicut
2325 3718 2493 3785 fumus
2530 3716 2642 3770 dies
2678 3718 2842 3772 nostri
2866 3714 2943 3785 Μ’,
2968 3724 3025 3774 et
3052 3719 3280 3775 necdum
3307 3720 3509 3778 malitia

1916 3816 2101 3863 nostra
2127 3806 2341 3864 defecit.
2374 3806 2513 3864 Ecce
2541 3809 2685 3864 enim
2707 3805 2920 3866 veteres
2941 3808 3122 3883 posuit
3147 3812 3263 3870 dies
3295 3821 3510 3869 nostros

1916 3899 2210 3973 productos
2237 3916 2397 3956 cursu
2425 3902 2617 3969 mtatis,
2643 3917 2742 3958 nec
2777 3903 2987 3974 spargit
3021 3904 3173 3961 cauis
3200 3915 3383 3977 caput,
3410 3907 3507 3963 sed

1919 3998 1984 4070 (i)
2016 3995 2288 4070 perfundit
2326 4005 2577 4054 senectus
2610 4014 2623 4051 :
2656 4005 2713 4053 et
2739 4013 2840 4054 nos
2873 3997 3048 4055 adhuc
3075 3998 3262 4071 primis
3285 4007 3508 4071 reptan-

1917 4100 2027 4146 tem
2064 4088 2348 4146 conatibus
2386 4090 2486 4145 τενί
2516 4087 2772 4161 spiritalis
2807 4088 3086 4146 infantiam
3115 4092 3352 4163 parvulis
3378 4107 3508 4149 sen-
3547 4152 3550 4156 λ

1915 4183 2065 4240 sibus
2108 4181 2350 4252 agimus;
2394 4188 2454 4237 et
2474 4180 2561 4236 vix
2592 4181 2754 4237 modo
2784 4182 2837 4237 in
2863 4184 3029 4240 verbo
3056 4183 3153 4239 Dei
3193 4183 3510 4257 incipientes

1916 4274 2095 4345 loqui,
2115 4283 2387 4343 tamquam
2426 4272 2614 4345 primis
2639 4273 2865 4332 vestibus
2901 4277 3085 4331 anima
3107 4278 3354 4347 vagiente
3398 4294 3514 4334 mu-

1920 4376 2033 4423 tam
2062 4376 2119 4423 et
2147 4366 2335 4423 rudem
2365 4366 2568 4423 sanctis
2614 4365 2834 4424 Litteris
2878 4368 3114 4439 linguam
3150 4370 3428 4439 solvimus,
3458 4380 3514 4427 et

1917 4459 2188 4531 quondam
2217 4458 2270 4515 in
2292 4459 2486 4515 litteris
2513 4458 2863 4514 humanarum
2895 4459 3193 4517 fabularum
3233 4461 3511 4532 loquaces,

1919 4568 2061 4610 nunc
2089 4552 2143 4609 in
2164 4551 2411 4608 veritatis
2438 4549 2597 4625 242
2625 4551 2956 4608 balbutimus
2984 4552 3231 4625 eloquiis,
3263 4554 3510 4610 stultitia:

224 4644 453 4716 Abierit,
494 4660 698 4717 quasso,
717 4646 829 4718 jam
876 4647 1032 4704 nobis
1068 4655 1280 4720 tempus
1332 4648 1650 4715 occidendi,
1714 4650 1810 4707 de-
1846 4643 1897 4706 D
1919 4647 2212 4719 sapientes,
2245 4656 2300 4702 et
2327 4645 2605 4718 sapientiae
2634 4646 2817 4714 stulti;
2848 4647 3056 4704 robusti
3082 4649 3248 4715 vitiis,
3272 4658 3329 4704 et
3352 4650 3515 4706 virtu-

295 4774 323 4803 ι
347 4763 487 4833 Psal.
533 4779 703 4833 xxxn,
752 4763 804 4819 1.
883 4764 909 4805 ι’
934 4765 1052 4820 Aet.
1082 4778 1193 4826 vin.
1218 4763 1307 4819 2'5.
1389 4775 1411 4804 ε
1435 4762 1578 4820 Psal.
1626 4781 1738 4833 xm,
1768 4766 1802 4821 5

1917 4762 2093 4819 ll’sal.
2139 4778 2193 4827 ι.,
2242 4758 2328 4833 19.
2410 4733 2655 4833 '_Ezeeh.
2702 4775 2905 4833 xxxvi,
2935 4758 3026 4816 26.
3098 4758 3291 4833 fﬂsal.
3321 4732 3511 4826 cxvm.

114 4890 119 4896 ,
226 4833 360 4903 nso;
404 4832 546 4892 Psal.
590 4851 738 4903 ειυς,
772 4835 825 4892 ι.
904 4845 926 4884 8
954 4834 1094 4891 Psal.
1138 4852 1277 4899 χειν,
1330 4838 1382 4890 6.
1462 4834 1619 4892 hJer.
1652 4832 1731 4899 ιιι,
1780 4839 1827 4892 1.

230 5050 248 5086 ί
276 5048 403 5120 Sap.
427 5065 538 5115 νιιι,
569 5049 621 5104 1.
698 5061 723 5085 ιι
763 5049 941 5107 Eccle.
971 5065 1047 5113 ιιι,
1084 5049 1181 5120 17.
1248 5060 1270 5088 ν
1310 5048 1465 5113 lbid..
1499 5050 1681 5107 3e”.

1912 4836 1924 4874 ί
1956 4835 2099 4890 Psal.
2139 4849 2209 4890 γι.
2268 4831 2319 4885 7.

228 4880 515 4971 xxxixJﬁ.
593 4906 617 4944 κ
643 4878 783 4962 Ρεςῖι.
813 4924 1019 4973 xxxvii,
1065 4906 1123 4976 ὓ,
1155 4876 1309 4976 juxta
1349 4906 1574 4963 Psalter.
1607 4879 1765 4965 Rom.
1849 4906 2033 4963 lPsal.
2076 4875 2221 4963 xxxi.
2273 4903 2327 4958 5.

120 5028 133 5041 ,
229 4987 255 5015 ο
305 4976 445 5034 Psal.
483 4994 608 5042 cxx,
655 4977 707 5031 1.
783 4978 973 5034 νΡειιΙ.
1008 4972 1117 5041 ιῑιι,⁷
1156 4972 1220 5044 3,
1253 4994 1363 5035 sec.
1417 4977 1647 5036 Psalter.
1700 4980 1806 5035 Rom

1935 4991 1958 5029 ει
1986 4979 2142 5032 Rom.
2182 4990 2296 5042 vn,
2330 4974 2418 5029 Ἡ.
2498 4982 2522 5010 ι·
2547 4972 2565 5026 l
2594 4972 2720 5030 Cor.
2773 4992 2863 5040 xv,
2895 4974 2984 5044 l9.

1760 5063 1779 5088 ³
1813 5053 1853 5107 ll
1883 5051 2011 5107 Cor.
2033 5053 2106 5113 vt,
2140 5046 2192 5101 2.
2268 5056 2296 5096 γ
2329 5046 2485 5100 item.
2520 5060 2647 5110 xm,
2681 5045 2765 5099 1‘2.
2814 5055 2869 5083 ἰ
2896 5043 3039 5101 Psal.
3063 5062 3120 5113 x,
3149 5044 3205 5101 3.
3260 5056 3330 5113 ,ιιι
3359 5047 3515 5103 Deut.

2399 4832 2414 4881 ι
2449 4830 2586 4884 Psal.
2624 4838 2825 4898 xx‘xvtt,
2858 4830 2906 4893 5,
2951 4846 3061 4889 sec.
3098 4829 3319 4898 LXXX;
3372 4832 3515 4891 Psal.

2402 4900 2611 4960 mPsal.
2646 4915 2830 4960 min.
2859 4902 2952 4957 98.
3026 4902 3217 4959 1r'l’sal.
3273 4920 3380 4964 xw.
3426 4905 3514 4960 11.
3562 4924 3567 4930 ’

3061 4973 3262 5030 'Bnm.
3313 4991 3388 5040 vr,
3427 4975 3515 5032 l9.

228 5086 538 5193 ιῖξιῗηῦδῗ
594 5091 650 5160 δι’
672 5120 695 5193 1
1076 5086 1130 5160 τέ
1146 5086 1583 5193 ἐΡςιιὶῘέἒίίᾆῖἶιζ
1611 5086 1681 5177 ὦ
1707 5131 1760 5178 et
1788 5126 1801 5175 l

1917 5086 1979 5161 εἷ’
2175 5088 2355 5185 ᾖιχιν,
2388 5116 2449 5172 8..
2492 5086 2553 5155 οἶ
2575 5088 2751 5174 Εᾶριε.
2780 5132 2872 5185 ιιι,
2897 5116 2951 5173 5.
3031 5116 3084 5157 η
3105 5088 3402 5185 ’Μειιῆ;,ιί,

227 5202 282 5239 tt
302 5190 441 5247 Psal.
474 5208 633 5259 cxxv,
666 5192 716 5260 5,
741 5189 853 5250 see.
884 5192 1111 5250 Psalter.
1146 5190 1301 5247 Rom.
1367 5189 1422 5229 ιη’
1464 5190 1603 5247 Psal.
1636 5210 1707 5260 cr,
1747 5193 1802 5250 4.

298 5282 378 5351 (ιι)
408 5282 505 5337 Ms.
532 5280 689 5338 Clun.
720 5294 775 5338 et
801 5284 887 5339 ed.
919 5282 1175 5347 Chililet.,
1205 5282 1499 5339 obstrictos.

302 5352 381 5425 (ρλ
416 5352 578 5425 Abest
618 5355 732 5425 jam
760 5371 791 5409 a
820 5371 921 5411 ms.
965 5356 1153 5411 codice
1194 5354 1538 5411 Cluniacensi
1581 5364 1637 5410 et
1677 5355 1808 5412 edit.

302 5379 356 5421 ιν
416 5379 578 5408 aveat
618 5379 732 5425 plus
760 5379 791 5409 il
821 5379 921 5411 IIIS.
965 5379 1153 5411 C’JUICB
1194 5379 1538 5411 υιυιιιάιυωιδι
1581 5379 1637 5410 ει
1677 5379 1808 5412 ῦυιι.

227 5379 408 5482 Child.
442 5423 573 5479 Tres
600 5441 732 5482 vero
759 5442 891 5482 mss.
914 5427 1132 5485 codices
1165 5426 1308 5484 Nol..
1342 5425 1519 5482 Vatic.
1545 5436 1599 5482 et
1627 5426 1808 5494 Vien.,

228 5512 362 5562 non,
390 5496 669 5551 mendose.

1988 5283 2057 5352 (ρ)
2074 5281 2424 5337 Mss.codices
2435 5281 2673 5353 Cluniae.
2689 5290 2746 5336 et
2762 5279 2937 5353 Vien.,
2952 5298 3074 5353 qua.
3098 5279 3196 5337 Ms.
3217 5281 3362 5347 Not,
3377 5284 3521 5350 quia.

1989 5364 2003 5417 (
2016 5360 2058 5427 ι’)
2100 5355 2225 5427 Mss.
2247 5353 2463 5409 codices
2487 5351 2730 5409 Cluniae.
2753 5360 2809 5407 et
2832 5351 2986 5408 Vien'.
3006 5366 3127 5408 cum
3158 5354 3288 5409 edit.
3315 5354 3519 5425 Cltifll.,

1916 5426 2248 5497 acceptttbile.

1988 5493 2066 5570 (9')
2097 5496 2223 5552 Mss.
2243 5495 2386 5570 Not,
2417 5493 2587 5570 Yatic.
2612 5503 2670 5550 et
2689 5494 2853 5570 Vien.
2874 5510 2997 5570 eum
3023 5494 3366 5570 edit.l_losv..
3383 5498 3523 5554 enim

302 5565 376 5691 te?
401 5565 490 5622 Sic
518 5584 646 5622 mss.
675 5566 1023 5628 Clun..\’ien.
1049 5577 1103 5622 et
1124 5568 1213 5623 ed.
1238 5567 1470 5625 Chiﬂlet.
1501 5568 1578 5624 ita
1606 5577 1663 5624 et
1689 5569 1815 5625 alibi
1919 5564 2127 5642 gentes;
2155 5567 2298 5622 unde
2319 5566 2628 5636 conjectura
2650 5573 2735 5621 est
2754 5566 3029 5638 scripsisse
3052 5564 3335 5623 Paulinum
3357 5584 3522 5622 emer-

302 5638 506 5691 minus.
537 5640 696 5691 enist.
727 5639 794 5691 Ml
822 5639 895 5691 ad-
916 5638 1223 5691 Macariu-n.
1259 5654 1407 5691 num.
1452 5639 1536 5691 15.
1569 5649 1625 5691 et
1651 5640 1812 5691 enist.
1875 5666 1901 5691 -ρ
1922 5649 2099 5691 nentes
2128 5641 2191 5691 de
2221 5641 2327 5691 luto
2359 5655 2379 5691 :
2405 5636 2550 5691 ouod
2581 5652 2703 5691 eum
2745 5635 3014 5691 Sacchino
3042 5646 3098 5691 et
3124 5637 3397 5691 Chiﬂletio
3443 5640 3522 5691 sic

229 5636 506 5713 Bullinus,
537 5640 696 5713 epist.
727 5639 794 5691 Ml
822 5639 895 5693 ad-
916 5638 1223 5713 Macarium,
1259 5654 1407 5713 num.
1452 5639 1536 5703 15,
1569 5649 1625 5695 et
1651 5640 1812 5709 epist.
1875 5666 1901 5691 -ρ
1920 5636 2109 5713 ῇειηιειιΔ
2128 5641 2195 5713 de
2221 5641 2327 5693 luto
2359 5655 2379 5693 :

1922 5705 2344 5768 Emendavimus.
2378 5705 2543 5764 Abest
2585 5723 2688 5764 vox
2717 5718 2894 5781 gentes
2934 5725 2966 5764 a
3007 5724 3111 5766 ms.
3166 5708 3355 5766 codice
3396 5705 3523 5766 Clu-

231 5706 388 5764 50ad
420 5706 803 5780 Augustinum,
849 5725 991 5765 num.
1035 5710 1089 5764 Et.
1135 5709 1237 5764 Ed.
1278 5709 1466 5776 linsv.,
1498 5728 1588 5767 cor
1623 5706 1818 5766 contri-

486 5798 590 5836 non
618 5782 883 5849 despiciet.

305 5850 384 5919 (tl)
412 5851 486 5906 Ita
516 5851 774 5906 Psalteria
803 5851 990 5919 Rom,
1010 5851 1259 5906 llebrnic.
1292 5861 1345 5906 et
1377 5859 1550 5919 vetus,
1578 5853 1673 5909 SS.
1697 5854 1820 5909 Am-

234 5921 467 5982 brosius,
520 5922 877 5993 Hieronymus
916 5937 968 5978 et
997 5923 1330 5993 Augustinus
1374 5924 1426 5977 in
1466 5936 1817 5980 commentor.

234 6007 401 6054 super
421 5994 680 6053 psalmos.
863 5996 867 6000 ’
1380 6016 1387 6021 -

2442 5636 2550 5691 uod
2581 5652 2703 5692 eum
2745 5635 3014 5693 Sacehiuo
3042 5646 3098 5693 et
3124 5637 3397 5695 Chitlletio
3443 5640 3523 5695 sic

1926 5783 2190 5838 niaeensi.

1999 5815 2218 5922 ἱῖῖῖίὲ.
2240 5815 2399 5908 Clun.
2430 5860 2486 5908 et
2506 5850 2636 5907 edit.
2659 5851 2859 5923 enim,
2884 5851 3198 5923 eiei/icandi.

2004 5925 2067 5991 (i)
2107 5924 2181 5980 Ita
2232 5940 2355 5980 cum
2408 5938 2537 5979 mss.
2580 5922 2855 5980 codicibus
2882 5922 3038 5978 Clun.
3070 5933 3128 5979 et
3167 5925 3321 5981 Vien.
3352 5928 3510 5985 editis
3554 5974 3559 5987 .

1934 5993 2110 6052 Chilll.
2142 5995 2278 6051 Ante
2306 6002 2424 6053 erat
2445 5994 2499 6050 in
2528 5992 2656 6051 edit.
2689 5992 2879 6053 Rnsv..
2908 5992 3195 6051 profundit.
