4134 6426
613 303 718 366 57!

1751 308 1810 364 S.
1851 306 2124 364 PAUUNI
2162 305 2408 364 NOLANI
2446 307 2746 369 EPISCOPI

3769 305 3889 369 δη

613 427 760 484 tibus
785 424 959 480 adhuc
978 422 1180 488 teneri;
1209 421 1301 478 vix
1336 429 1594 478 nascente
1625 419 1690 476 ad
1713 420 1978 491 justitiam
1993 423 2187 479 volun-
2215 427 2266 487 Α
2293 433 2518 495 tentem,
2539 425 2732 498 opibus
2751 434 2940 497 gratia
2959 438 3313 500 pauperatum
3336 430 3361 502 (
3369 429 3436 486 γ.
3455 442 3549 502 ep.
3563 423 3662 500 59,
3679 443 3740 486 ιι.
3760 426 3890 502 ﬂ),

613 525 726 574 tate
754 519 978 584 tirones,
1006 523 1062 570 et
1086 522 1367 571 consumta
1398 513 1452 567 in
1477 513 1713 584 peccatis
1741 521 1901 569 aetate
1923 515 2185 571 veterani.

613 610 936 682 Aliquaudiu
965 609 1129 674 enim,
1169 614 1229 662 ut
1249 614 1306 662 tu
1332 607 1526 662 Sancte
1546 606 1824 662 benedicta
1851 605 2018 663 frater
2037 607 2190 662 novi-

611 703 704 770 sti,
734 703 789 757 in
816 703 921 755 hoc
949 699 1132 756 seculo
1160 697 1389 754 volutari
1412 697 1827 753 inveteravimus
1849 699 1993 754 inter
2019 698 2192 753 inimi-

611 809 708 851 cos
751 802 998 859 nostros;
1029 800 1190 862 atque
1234 792 1437 846 utinam
1483 789 1956 846 inveteraverimus
2005 789 2186 844 inimi-

612 887 711 954 cis,
734 894 791 940 ut
821 885 909 940 illa
934 885 1047 954 jam
1086 883 1240 938 nobis
1268 884 1456 937 otiosis
1481 882 1702 954 spatiosi
1725 882 1933 938 itineris
1960 883 2067 938 vita
2095 883 2188 938 deo

610 977 818 1042 fecerit,
848 984 906 1030 et
929 982 1199 1030 renovetur
1225 973 1279 1028 in
1301 971 1540 1041 Christo,
1565 975 1697 1027 sicut
1721 972 1927 1045 aquilis,
1949 973 2188 1044 juventus

609 1075 788 1122 nostra
811 1075 835 1102 ι
859 1082 878 1131 ;
907 1072 969 1120 ut
1001 1065 1154 1120 senio
1181 1064 1379 1119 veteris
1406 1062 1639 1119 hominis
1665 1077 1943 1129 exuamur,
1966 1063 2186 1117 induen-

610 1165 685 1212 tes
708 1173 891 1212 novum
916 1156 1088 1224 illum,
1107 1156 1192 1227 qui
1210 1154 1489 1210 secundum
1513 1152 1679 1208 Deum
1697 1163 1897 1208 creatus
1917 1152 2058 1208 est”.
2081 1151 2188 1208 Sed

609 1247 704 1316 qui
729 1261 829 1302 nec
855 1247 1110 1318 pellicano
1135 1244 1430 1300 solitudinis
1449 1244 1625 1300 adhuc
1642 1247 1684 1278 "
1711 1244 1902 1300 similes
1921 1260 2033 1297 esse
2058 1258 2185 1313 pos-

609 1353 816 1400 sumus,
847 1335 1060 1406 quando
1088 1336 1194 1392 erit
1220 1342 1281 1390 ut
1313 1332 1608 1390 efficiamur
1635 1335 1776 1389 sicut
1813 1334 2112 1405 ngcticoraa:
2144 1333 2186 1366 ⁸³

609 1434 665 1486 in
708 1431 969 1485 domicilio
999 1440 1022 1468 ε
1050 1430 1073 1483 ?
1097 1427 1321 1496 Quando
1350 1427 1702 1482 excitabimur
1728 1427 1779 1481 in
1803 1441 1927 1480 eum
1961 1424 2187 1482 excelsa:

609 1523 805 1578 mentis
833 1522 1095 1588 vigorem,
1118 1528 1177 1574 ut
1200 1519 1425 1589 spiritali
1454 1518 1732 1573 alacritate
1755 1509 2019 1580 volucres,
2038 1518 2112 1586 (α)
2133 1522 2187 1570 et

609 1614 664 1668 in
692 1612 801 1667 alta
830 1613 1085 1666 virtutum
1123 1610 1287 1665 ardua
1322 1624 1496 1680 penna
1523 1610 1760 1680 pervecti
1799 1609 2064 1679 possimus
2101 1608 2184 1662 di-

609 1720 733 1760 cere
761 1723 774 1758 :
818 1704 1057 1776 Vigilavi,
1086 1713 1134 1756 et
1155 1704 1324 1774 factus
1346 1718 1460 1755 sum
1486 1703 1616 1755 sicut
1643 1717 1821 1770 passer
1845 1699 1920 1770 (ὁ)
1949 1700 2183 1770 singula-

2289 525 2347 573 et
2373 518 2586 573 conscia
2625 519 2945 574 miserorum
2985 520 3232 591 lapsuum
3259 520 3420 597 2&3
3446 529 3667 590 mente,
3690 521 3891 591 gloriae

2286 620 2400 661 suae
2437 605 2630 661 damna
2686 607 2986 676 lugentem,
3021 617 3078 663 et
3103 609 3450 666 amictatioue
3477 611 3779 668 miserabili
3804 611 3889 667 la-

2287 695 2568 752 borantem
2595 697 2649 754 in
2670 699 2869 768 gemitu
2891 714 3014 766 suo,
3035 709 3092 756 et
3111 700 3180 756 de
3200 703 3432 772 propriae
3450 704 3632 760 carnis
3657 703 3891 762 interitu

2289 788 2451 842 vitam
2484 789 2674 844 anima:
2710 791 2953 861 recipere
2989 791 3249 848 nitentem
3271 833 3288 860 ,
3317 808 3527 863 perque
3565 793 3888 849 orationum

2287 880 2557 952 impendia
2582 921 2597 947 ,
2628 890 2684 937 et
2714 883 2792 953 (d)
2815 884 3110 952 gemituum
3152 883 3402 953 sull'ragia
3428 926 3446 954 ,
3476 886 3769 942 ambitiosa
3798 885 3887 942 la-

2287 985 2588 1043 crymarum
2636 972 2926 1028 vulnerata:
2979 974 3171 1029 salutis
3214 976 3450 1030 remedia
3517 986 3884 1045 quau-cutem.

2287 1061 2458 1130 Quam
2497 1072 2622 1135 apte
2668 1064 2972 1134 bujusmodi
3013 1081 3219 1137 pauper
3251 1074 3306 1122 et
3335 1078 3592 1138 peccator
3618 1067 3886 1142 Egyptia

2285 1160 2383 1208 aut
2423 1161 2687 1209 nocturna
2732 1155 2848 1210 avis
2874 1155 3072 1211 dicitur
3101 1174 3115 1211 :
3141 1157 3214 1229 (ε)
3242 1156 3346 1224 Qui
3385 1159 3532 1214 enim
3572 1175 3636 1216 se
3681 1160 3753 1216 ad
3778 1160 3883 1216 de-

2285 1237 2463 1298 ﬂenda
2508 1251 2568 1300 et
2601 1245 2906 1301 conﬁtenda
2944 1253 3163 1316 peccata
3205 1263 3495 1305 secernens
3534 1265 3566 1304 a
3599 1251 3888 1308 communi

2285 1330 2539 1388 Ecclesiae
2578 1344 2720 1390 emtu
2748 1336 2887 1392 intra
2915 1339 3240 1406 ergastulum
3268 1340 3474 1395 cellula:
3499 1356 3611 1396 sum
3649 1351 3889 1401 moestus

2286 1423 2538 1491 includit,
2569 1435 2623 1479 et
2644 1427 2926 1498 elongatur
2952 1428 3022 1482 ab
3051 1427 3156 1484 hoc
3181 1430 3366 1485 seculo
3395 1431 3607 1499 fugiens
3626 1473 3642 1500 ,
3674 1441 3734 1486 ut
3761 1448 3888 1488 ma-

2285 1524 2414 1571 neat
2455 1517 2511 1571 in
2557 1517 2846 1572 solitudine
2884 1518 3307 1589 deploratiouis,
3359 1530 3415 1576 et
3454 1521 3565 1576 illic
3617 1521 3888 1580 adversus

2284 1609 2464 1664 carnis
2492 1623 2601 1664 suae
2633 1609 2896 1667 desideria
2925 1611 3199 1681 conﬂigat,
3234 1621 3290 1668 et
3316 1614 3370 1668 in
3392 1624 3619 1684 peccata
3641 1632 3739 1670 sua
3765 1615 3887 1688 Spi—

2285 1698 2429 1752 ritali
2452 1700 2746 1754 certamine
2769 1701 3095 1756 conterenda
3124 1702 3434 1772 depugnet,
3465 1715 3616 1760 certe
3636 1715 3693 1760 et
3721 1707 3885 1762 habi-

608 1796 683 1851 ris
721 1811 875 1866 super
914 1803 1100 1848 tectum
1117 1792 1169 1847 ἀ.
1200 1792 1487 1847 Videamus
1512 1791 1616 1846 hoc
1646 1791 1800 1858 loco,
1832 1791 1875 1844 si
1904 1791 2095 1860 placet,
2130 1789 2184 1845 in
2214 1796 2260 1857 Β
2286 1789 2465 1846 taculo
2493 1791 2695 1863 pariter
2722 1802 2777 1848 et
2805 1792 2990 1861 prmlio
3033 1792 3094 1846 lit
3115 1795 3301 1848 similis
3329 1794 3588 1865 pellicano
3628 1795 3881 1852 solitudi-

609 1903 772 1957 quam
801 1886 1067 1942 rationem
1092 1884 1207 1940 haec
1234 1884 1410 1939 avium
1429 1897 1649 1953 genera,
1673 1892 1729 1938 et
1750 1883 1854 1938 hoc
1876 1883 2064 1937 ordine
2083 1881 2183 1936 sub

607 1993 839 2049 persona
886 1976 1145 2047 pauperis.
1173 1975 1318 2030 anxii
1343 2017 1365 2042 ,
1393 1974 1445 2029 id
1471 1982 1583 2040 est,
1613 1973 1942 2043 paenitentis,
1973 1972 2039 2026 ad
2065 1973 2182 2028 ino-

607 2071 749 2144 piam
794 2071 908 2142 spei
939 2085 1036 2142 per
1062 2068 1294 2140 aliquem
1327 2071 1530 2140 lapsum
1560 2067 1803 2134 redacti,
1836 2067 2182 2138 propheticus

604 2176 787 2218 sermo
804 2162 1070 2230 disponat.
1101 2160 1275 2215 Fertis
1289 2159 1362 2226 ’⁸,
1383 2169 1444 2214 ut
1465 2159 1678 2228 opinor,
1701 2157 2080 2227 loquacitatem
2101 2157 2183 2211 in-

603 2253 860 2325 sipientin:
889 2268 1050 2319 meae,
1073 2267 1240 2323 quam
1263 2251 1330 2307 ad
1359 2258 1688 2308 contemtum
1717 2258 1952 2305 vestrum
1979 2252 2018 2281 "
2050 2265 2179 2321 pro-

602 2345 859 2400 vocastis.
889 2344 1086 2414 Accepi
1131 2343 1276 2398 enim
1305 2357 1339 2400 a
1363 2342 1598 2412 quodam
1643 2349 1831 2396 saneto
1870 2341 2182 2397 doctissimo

605 2434 718 2489 viro
746 2436 764 2505 (
789 2432 981 2489 Ruﬁno
1003 2433 1030 2504 λ
1050 2443 1107 2488 et
1155 2433 1432 2490 carissimo
1457 2432 1588 2487 mihi
1606 2474 1622 2498 ,
1651 2432 1744 2502 qui
1774 2447 1881 2489 non
1905 2433 2076 2488 solum
2103 2432 2182 2487 le-

601 2525 802 2595 gendo,
829 2525 920 2579 sed
957 2525 1120 2580 etiam
1148 2523 1540 2595 peregrinando
1576 2523 1745 2578 multa
1768 2525 2037 2591 cognovit,
2059 2523 2179 2594 pel-

602 2616 832 2671 licanum
860 2631 1019 2674 avem
1041 2631 1162 2673 esse
1200 2616 1252 2670 in
1282 2614 1540 2688 Egypto,
1577 2614 1664 2670 vel
1692 2615 1796 2670 illis
1817 2615 1970 2682 juxta
2009 2616 2178 2684 parti-

601 2706 704 2764 bus
733 2708 982 2764 usitatam
1008 2707 1271 2779 proximis
1293 2707 1414 2762 Nilo
1442 2706 1648 2762 numini
1687 2706 1912 2762 desertis
1931 2707 2175 2772 uberare,

603 2799 947 2869 serpentibus
990 2800 1171 2865 vesci,
1203 2800 1275 2869 (ε)
1306 2799 1357 2853 in
1389 2814 1525 2870 quos
1552 2782 1854 2855 dimicando
1881 2800 2177 2870 prmvalue-

600 2891 690 2944 rit.
717 2889 866 2961 Ergo
887 2897 1092 2959 pugnat
1124 2899 1184 2944 ut
1217 2890 1417 2957 vincat,
1447 2897 1501 2945 et
1523 2890 1660 2944 victa
1684 2890 1908 2944 moritur
1939 2906 1956 2944 :
1983 2885 2178 2944 victrix

600 2996 732 3039 vero
791 2989 844 3036 et
897 2980 1401 3047 evaditmortem,
1463 2989 1518 3036 et
1567 2981 1795 3052 acquirit
1847 2981 2174 3036 alimoniam.

602 3073 756 3141 Quod
800 3081 981 3129 autem
1029 3073 1336 3144 nycticorax
1384 3073 1642 3142 scriptum
1681 3081 1798 3136 est,
1847 3073 2174 3145 nycticoram

2283 1881 2364 1936 nis
2387 1921 2402 1946 ,
2434 1889 2491 1935 et
2529 1881 2672 1935 illam
2717 1881 2988 1938 inimicam
3027 1885 3370 1953 serpentibus
3406 1884 3686 1941 volucrem
3710 1927 3727 1952 ,
3773 1886 3880 1959 ipsi

2281 1973 2496 2029 diabolo
2516 1975 2561 2006 “
2608 1983 2664 2029 et
2691 1975 3017 2046 principibus
3051 1978 3414 2046 tenebrarum,
3446 1980 3500 2034 in
3537 1981 3784 2051 peccatis
3822 1989 3882 2037 et

2281 2065 2694 2134 cogitationibus
2731 2068 2907 2122 carnis
2935 2069 3321 2139 expugnandis,
3353 2069 3620 2125 dimicans
3646 2072 3882 2126 tumula-

2282 2163 2386 2212 tur.
2418 2156 2485 2211 Et
2525 2158 2570 2212 si
2617 2159 2672 2214 in
2713 2173 2781 2215 eo
2827 2174 3000 2230 agone
3045 2162 3401 2232 superaverit,
3440 2163 3592 2218 vivet
3629 2163 3879 2221 hostium

2279 2265 2498 2306 suorum
2525 2260 2832 2320 superstes:
2857 2267 3037 2308 escam
3064 2253 3132 2308 de
3156 2254 3382 2309 victoria
3399 2255 3446 2287 “
3470 2269 3570 2309 sua
3598 2255 3706 2310 sibi
3730 2271 3880 2325 qum-

2279 2340 2370 2404 rit,
2400 2341 2524 2409 quia
2549 2341 2674 2396 vitm
2701 2342 2950 2397 meritum
2972 2381 2989 2408 ,
3021 2342 3088 2416 (f)
3113 2345 3320 2414 peccati
3369 2353 3427 2400 et
3463 2345 3668 2401 diaboli
3698 2347 3878 2403 victor

2280 2432 2527 2500 acquirit,
2557 2446 2718 2502 quem
2737 2447 2860 2488 cum
2879 2434 3026 2489 omni
3055 2435 3306 2504 nequitias
3333 2435 3592 2506 spiritalis
3621 2438 3880 2494 exercitu

2280 2521 2332 2577 in
2363 2522 2652 2591 perniciem
2673 2530 2910 2577 nostram
2929 2523 3092 2581 variis
3109 2524 3314 2580 artibus
3339 2540 3562 2596 serpere
3587 2526 3875 2596 quotidia-

2277 2615 2360 2670 nis
2390 2615 2660 2671 interioris
2685 2615 2857 2670 nostri
2888 2616 3139 2686 periculis
3169 2617 3499 2688 experimur.
3525 2617 3638 2674 Sed
3665 2619 3876 2686 gratias

2276 2705 2418 2772 Deo,
2446 2706 2537 2776 qui
2563 2706 2711 2762 dedit
2754 2707 2910 2764 nobis
2944 2708 3225 2763 victoriam
3253 2723 3352 2780 per
3378 2710 3560 2764 Jesum
3588 2708 3875 2767 Christum

2277 2796 2559 2852 Dominum
2581 2803 2843 2861 nostrum,
2861 2804 2921 2852 ut
2938 2813 3092 2868 super
3110 2797 3340 2870 aspidem
3363 2812 3412 2852 et
3433 2798 3740 2854 basiliscunt
3761 2817 3876 2855 am-

2277 2885 2522 2953 bulemus,
2552 2897 2600 2942 et
2625 2888 2974 2942 conculcemus
3011 2887 3208 2943 leonem
3235 2897 3287 2943 et
3328 2888 3609 2944 draconem
3645 2898 3695 2946 ⁸.
3725 2888 3875 2961 Ergo

2276 2979 2518 3034 adversus
2555 2977 2855 3048 hujusmodi
2886 2979 2965 3050 (g)
2992 2981 3252 3050 principes
3281 2979 3609 3035 tenebrarum
3656 2996 3875 3052 pugne-

2277 3083 2429 3135 mus,
2461 3069 2566 3125 hoc
2594 3077 2710 3135 est,
2734 3069 3008 3124 hominum
3051 3079 3398 3141 peccatorum
3423 3080 3704 3142 potentes,
3729 3088 3877 3144 quos

601 3180 721 3220 esse
749 3165 926 3218 verius
953 3163 1264 3230 asserebat;
1303 3163 1462 3233 idque
1490 3162 1754 3234 probabili
1791 3162 1999 3218 ratione
2025 3161 2174 3218 vide—
2200 3158 2248 3222 (Ξ
2277 3159 2563 3230 Apostolus
2590 3159 2840 3215 tenebras
2866 3159 2996 3215 dicit
3023 3159 3065 3226 τ,
3091 3175 3213 3216 cum
3233 3161 3428 3231 quibus
3465 3161 3624 3219 nobis
3671 3163 3874 3218 aemula

599 3259 758 3312 batur
785 3256 1110 3321 ostendere;
1162 3272 1286 3312 cum
1315 3255 1458 3310 illam
1487 3270 1640 3310 avem
1670 3254 1775 3309 hoc
1800 3253 1921 3310 loco
1947 3256 2176 3325 positam

601 3348 826 3413 diceret,
848 3363 1007 3416 quam
1037 3347 1367 3418 appellamus
1392 3353 1662 3414 noctuam,
1691 3345 1815 3416 quia
1844 3342 2053 3402 secreto
2073 3363 2174 3402 no-

601 3439 775 3494 ctibus
802 3441 991 3492 cantus
1016 3447 1264 3493 exerceat
1286 3438 1358 3492 et
1383 3437 1626 3503 volatus;
1659 3446 1713 3492 et
1741 3435 2067 3492 obscuritate
2096 3444 2176 3491 tes

600 3529 1038 3596 nehrarum,qua
1054 3527 1174 3583 fere
1185 3536 1377 3584 cuncta
1397 3528 1628 3598 caligant
1649 3529 1920 3595 animalia,
1944 3529 2174 3582 lumine-

601 3628 687 3674 tur
711 3638 725 3676 :
759 3619 895 3674 unde
925 3619 1197 3689 nyeticora
1226 3619 1401 3690 aptius
1429 3635 1587 3689 quam
1610 3619 1919 3690 nycticorax
1945 3621 2170 3677 dicitur:

599 3711 725 3779 quia
772 3711 1103 3781 nyctieorax,
1156 3718 1448 3764 nocturnus
1497 3725 1697 3765 corvus
1734 3695 2107 3780 interpretatio
2128 3713 2172 3742 ²³

599 3812 713 3870 est;
743 3802 1023 3872 nycticora
1065 3810 1242 3856 autem
1266 3840 1282 3866 ,
1330 3811 1485 3855 nocte
1509 3801 1731 3866 videns;
1789 3817 1855 3858 eo
1884 3804 2027 3869 quod
2070 3818 2172 3872 pu-

600 3895 728 3968 pilla
782 3895 923 3950 oculi
984 3896 1103 3969 κόρη
1167 3908 1197 3946 a
1244 3892 1444 3948 Gracia
1509 3904 1748 3948 vocetur.
1800 3892 1941 3948 Nihil
1995 3904 2172 3949 autem

599 3993 853 4040 noctuam
892 3984 1065 4039 simile
1111 3983 1254 4038 corvi
1305 3983 1503 4037 habere
1549 3983 1884 4040 manifestum
1909 3992 2010 4039 est.
2041 3983 2173 4039 Per-

599 4093 662 4133 ro
701 4077 1039 4149 perspicuum
1088 4091 1248 4138 eam,
1292 4083 1350 4129 ut
1398 4074 1528 4140 dixi,
1582 4076 1720 4130 sicut
1759 4077 2014 4145 quasdam
2041 4079 2173 4133 alias

599 4182 746 4230 aves,
790 4167 962 4222 noctis
992 4168 1043 4221 in
1093 4165 1326 4222 tenebris
1373 4166 1542 4235 magis
1587 4160 1828 4230 cernere,
1885 4175 1940 4221 et
1993 4168 2043 4222 in
2091 4168 2173 4222 lu-

600 4260 743 4315 mine
770 4261 1054 4324 caecut‘ire,
1083 4267 1296 4314 noctem
1322 4257 1512 4315 diebus
1541 4258 1684 4327 pati,
1715 4259 1887 4315 lucem
1926 4261 2174 4316 noctibus

602 4364 881 4422 usurpare.

671 4447 724 4501 7.
763 4446 914 4502 Nunc
940 4461 1093 4516 ergo,
1115 4446 1380 4502 benedicti
1410 4447 1538 4514 mei,
1567 4446 1747 4503 videte
1784 4446 2016 4519 qualiter
2057 4447 2173 4504 hazc

2277 3266 2376 3323 pro
2402 3249 2574 3306 salute
2601 3252 2854 3305 contentio
2881 3260 2977 3316 est,
3009 3258 3162 3306 orate
3190 3259 3250 3306 ut
3274 3250 3378 3308 hos
3403 3261 3710 3322 serpentes,
3738 3253 3875 3309 dum

2277 3343 2332 3397 in
2361 3342 2514 3396 istius
2553 3339 2736 3396 mundi
2777 3331 2996 3397 deserto
3045 3342 3285 3411 agimus,
3317 3343 3568 3414 exemplo
3596 3343 3744 3402 illius
3787 3345 3873 3417 (li)

2275 3433 2523 3488 salutaris
2547 3433 2688 3486 alitis
2711 3433 2977 3487 tollamus.
3003 3432 3207 3499 Quibus
3228 3434 3464 3502 obtritis,
3485 3443 3542 3490 et
3570 3450 3672 3506 per
3693 3437 3877 3493 victo-

2275 3528 2406 3582 riam
2435 3526 2724 3592 devoratis,
2747 3527 2897 3595 quasi
2922 3525 3157 3580 discussa
3179 3525 3322 3582 nube
3351 3527 3726 3596 tenebrarum,
3751 3528 3876 3585 illu~

2274 3617 2566 3673 minabitur
2599 3627 2781 3671 noster
2809 3617 3114 3685 interior“,
3142 3624 3196 3672 et
3238 3626 3364 3672 tunc
3392 3615 3485 3671 lict
3513 3619 3667 3688 quasi
3694 3621 3873 3689 nycti-

2272 3726 2394 3763 cora
2447 3709 2502 3762 in
2548 3708 2837 3771 domicilio,
2883 3709 2987 3762 hoc
3023 3716 3140 3774 est,
3187 3708 3242 3762 in
3281 3707 3445 3762 domo
3492 3707 3743 3776 Domini,
3807 3720 3875 3764 ut

2273 3801 2414 3856 inter
2441 3800 2598 3868 hujus
2625 3800 2790 3854 seculi
2827 3799 3075 3854 tenebras
3123 3806 3336 3854 acutam
3382 3799 3554 3854 aciem
3584 3799 3876 3858 defaecata

2272 3893 2468 3947 mentis
2491 3891 2748 3946 intendat.
2776 3899 2828 3946 et
2870 3893 3039 3961 possit
3065 3892 3360 3946 secundum
3382 3891 3706 3962 prophetam
3737 3894 3872 3951 tali-

2271 3983 2369 4037 bus
2399 3983 2569 4038 oculis
2616 3984 2678 4054 (ἱ)
2719 3981 3007 4037 luminatus
3058 3981 3239 4037 dicere
3271 3999 3284 4036 :
3315 3979 3452 4046 Quia
3491 3983 3722 4040 tenebrte
3757 4003 3874 4042 non

2271 4074 2679 4130 obscurabuntur
2703 4092 2735 4130 a
2761 4091 2863 4140 me,
2891 4083 2940 4128 et
2967 4091 3072 4128 nox
3097 4076 3229 4128 sicut
3256 4074 3366 4129 dies
3403 4076 3792 4133 illuminabitur
3816 4089 3872 4138 ε,

2273 4164 2429 4233 Quod
2475 4167 2659 4234 utique
2701 4165 2779 4234 lit,
2802 4181 2923 4222 cum
2954 4173 3181 4235 utraque
3207 4165 3504 4221 substantia
3553 4169 3605 4222 in
3641 4169 3875 4228 homine

2271 4260 2373 4316 sibi
2397 4260 2663 4328 congruit,
2702 4266 2757 4312 ut
2792 4257 2953 4314 etiam
2982 4273 3110 4313 caro
3139 4267 3408 4314 terrenam
3428 4256 3674 4315 inliciata
3708 4270 3876 4318 natu-

2271 4367 2386 4410 ram
2417 4352 2482 4406 ad
2514 4352 2702 4406 animae
2741 4348 3085 4406 concordiam
3117 4349 3341 4418 spiritali
3382 4350 3577 4419 migret
3613 4350 3824 4408 aﬂ‘ectu
3853 4372 3871 4409 :

2273 4456 2329 4502 et
2355 4456 2479 4501 tunc
2506 4459 2610 4498 nox
2637 4444 2769 4496 sicut
2807 4441 2917 4495 dies
2946 4441 3010 4510 (j)
3048 4440 3446 4504 illmninabitur,
3489 4457 3607 4496 cum
3635 4451 3690 4496 st
3716 4458 3872 4510 caro,

600 4538 716 4592 avis
740 4546 996 4609 congruat
1025 4539 1092 4592 ad
1112 4553 1400 4608 pauperem
1439 4546 1707 4603 maestum,
1739 4538 1842 4594 hoc
1872 4547 1974 4603 est,
2003 4539 2175 4610 poeni-
2201 4531 2252 4592 Ι)
2275 4539 2412 4595 sicut
2439 4535 2641 4599 anima,
2665 4533 2919 4604 spiritalis
2945 4529 3224 4588 elﬁcietur.

673 4655 698 4682 ⁸
738 4644 879 4700 Psal.
923 4663 993 4717 ct,
1035 4646 1090 4702 7.
1167 4647 1190 4686 δ
1235 4645 1428 4717 Ephes.
1487 4662 1570 4709 tv,
1597 4643 1693 4701 24.
1762 4657 1785 4686 ο
1830 4647 1968 4702 Psal.
2001 4664 2069 4714 cr,
2097 4650 2154 4707 7.
2225 4646 2249 4687 ἀ
2289 4647 2520 4713 lbid.,8.
2600 4656 2622 4684 ο
2653 4643 2796 4700 Psal.
2827 4659 2910 4708 xc,
2947 4643 3032 4698 15.
3111 4640 3131 4679 τ
3157 4641 3354 4712 Ephes.
3380 4659 3452 4711 vt,
3484 4643 3572 4702 42.
3663 4644 3872 4705 sPsal,

601 4733 856 4781 cxxxvut,
887 4716 971 4772 12.

671 4821 752 4899 la)
778 4831 1058 4902 Vulgatam
1078 4832 1370 4888 retinemus
1392 4832 1690 4898 lectionem,
1715 4848 1821 4887 non
1844 4833 1986 4888 enim
2004 4832 2182 4902 placet

601 4919 731 4960 mss.
759 4903 1000 4957 codicum
1029 4901 1184 4956 Clnn.
1215 4902 1436 4956 etVien.
1462 4902 1707 4969 lectio,et
1727 4905 1782 4955 in
1810 4905 1918 4956 alta
1941 4901 2180 4958 uirtutum

601 4977 765 5029 arduo
786 4974 890 5043 [ine
909 4974 1151 5045 perfecti;
1195 4987 1293 5027 nec
1313 4972 1561 5027 Chillletii
1585 4974 1866 5036 correctio,
1895 4973 2057 5028 arduo
2076 4973 2183 5043 ﬁne

697 5046 838 5099 vecti.

601 5063 838 5116 perttecn.

675 5116 753 5185 (bl
791 5111 870 5166 Ex
898 5127 1026 5185 mss.
1057 5111 1237 5185 Clum,
1269 5111 1386 5166 Nol.
1418 5123 1471 5165 et
1497 5110 1671 5185 νίριι.Δ
1695 5121 1747 5165 et
1775 5111 1857 5185 ed.
1884 5110 2062 5185 thlll.
2089 5125 2182 5165 re-

601 5180 880 5256 posuimus
899 5183 1173 5256 singularis
1196 5197 1348 5252 super
1379 5191 1564 5256 tectum
1585 5197 1610 5256 ;_
1624 5181 1706 5256 sic
1735 5184 1874 5235 enim
1901 5180 2178 5256 Baulinus,

603 5248 658 5309 ὴ.
691 5254 724 5305 8
753 5262 806 5308 et
829 5253 893 5311 9,
927 5248 1160 5320 itemque
1190 5248 1365 5322 in'ep.
1399 5249 1468 5306 49
1497 5253 1562 5306 ad
1593 5250 1790 5306 Macar.
1823 5268 1876 5306 n.
1910 5248 1960 5314 5,
1992 5267 2174 5320 passer

601 5326 784 5378 unicus
803 5339 955 5392 super
977 5331 1183 5379 tectum.

675 5399 748 5464 (ε)
785 5390 989 5464 μεως.
1019 5392 1208 5464 _codex
1256 5391 1428 5464 Vatic.
1460 5390 1697 5464 et__er_lit.
1743 5391 2002 5464 RosvsAt
2045 5406 2173 5464 mss.

601 5458 761 5520 Clun.
792 5462 910 5516 Nol.
935 5471 990 5514 et
1017 5461 1171 5516 Vien.
1199 5477 1316 5518 cum
1346 5461 1475 5516 edit.
1503 5459 1705 5528 βῆξαι,
1733 5479 1858 5532 quos
1881 5461 2175 5516 dimicando

600 5533 893 5595 oerculrrit,
923 5532 1098 5586 minus
1127 5535 1282 5588 bene.

675 5607 757 5674 (ά)
795 5603 886 5657 Sic
905 5618 1033 5658 mss.
1055 5601 1238 5674 C_lun.,
1269 5601 1386 5674 Nol.
1419 5609 1474 5674 et
1501 5601 1668 5674 Vicn.
1687 5616 1807 5674 eum
1839 5601 1967 5655 edit.
1994 5599 2173 5674 Chilll.

602 5671 745 5730 Ante
763 5681 879 5730 erat
901 5672 1186 5745 ingentium
1230 5671 1506 5742 suffragia,
1536 5671 1841 5736 ambitiosa,
1871 5680 2003 5737 etc.,
2031 5671 2178 5726 nullo

603 5758 784 5802 scusu.

677 5814 751 5888 (ε)
778 5811 856 5868 Ita
876 5827 1002 5870 mss.
1027 5810 1375 5879 Clun.,Vien.
1391 5820 1450 5871 et
1468 5811 1601 5870 edit.
1622 5811 1796 5868 Cbilll.
1819 5809 1958 5868 Edit.
1985 5809 2175 5878 Rosv.,

2281 4842 2329 4885 et
2351 4842 2402 4884 in
2431 4847 2533 4900 qua
2550 4846 2604 4882 se
2622 4842 2889 4891 secretum,
2918 4842 3021 4882 etc.

2354 4903 2422 4970 if)
2455 4899 2601 4952 lianc
2613 4914 2804 4970 vocem?
2831 4897 3126 4970 addidimus
3141 4909 3210 4951 ex
3227 4896 3652 4955 mss.eodieibus
3677 4897 3843 4956 Clun.
3859 4944 3877 4968 ,

2282 4965 2426 5032 Noli,
2459 4971 2611 5023 Vien.
2643 4979 2697 5023 et
2726 4968 2854 5021 edit.
2885 4965 3119 5026 Cliiﬂlet.

2354 5044 2426 5110 (gl
2467 5039 2554 5110 Sic
2583 5039 2982 5110 emendavimns
3019 5051 3232 5110 ex_m_s.
3259 5036 3420 5110 (litin.
3449 5035 3640 5092 codice
3682 5047 3740 5110 et
3780 5043 3876 5096 ed.

2280 5106 2453 5166 C'nilll.
2486 5109 2582 5162 Ed.
2614 5109 2799 5171 Rosv.,
2830 5109 3071 5179 adversus
3093 5106 3386 5179 huiusmodi
3405 5117 3600 5168 noster,
3629 5109 3721 5179 qui
3751 5128 3880 5168 sunt

2279 5183 2534 5250 urincipes
2558 5179 2900 5250 tenebrarum,
2930 5178 3028 5230 hoc
3055 5188 3132 5230 est
3160 5178 3393 5231 homines
3418 5178 3756 5247 peccatorum
3782 5199 3880 5248 po-

2280 5260 2458 5312 tentes,
2482 5265 2626 5318 quos,
2651 5249 2795 5302 nullo
2815 5263 2993 5302 sensu.

2351 5321 2429 5391 (It)
2468 5315 2561 5372 bis.
2589 5319 2734 5391 Nol.,
2762 5315 3167 5391 solitaria.uSed
3192 5317 3447 5372 convenit
3465 5317 3750 5386 epitheton
3782 5339 3879 5376 sa-

2277 5388 2482 5452 lutaris,
2512 5390 2637 5457 quia
2669 5397 2944 5457 serpentes
2975 5388 3132 5440 tollit.

2349 5461 2414 5524 (il
2457 5455 2544 5512 Sic
2566 5455 2913 5513 emendamus
2938 5475 3004 5511 ex
3031 5472 3157 5510 mss.
3185 5455 3465 5512 codicibus
3490 5455 3680 5526 Clun.,
3705 5457 3873 5516 Vien.

2279 5538 2334 5584 et
2380 5525 2508 5582 edit.
2559 5526 2734 5582 Chil'ﬂ.
2785 5536 2839 5580 et
2887 5528 3148 5580 correctio
3191 5535 3370 5579 nostra
3405 5525 3767 5585 conﬁrmatur
3807 5547 3878 5587 ex

2281 5600 2438 5667 epist.
2471 5597 2528 5651 41
2555 5637 2569 5661 ,
2595 5613 2649 5650 n.
2678 5600 2731 5659 '2,
2764 5600 2939 5651 oculus
2960 5597 3176 5650 interior
3200 5595 3505 5652 luminatur.
3537 5597 3639 5654 Ed.
3676 5599 3876 5664 Rosv.,

2280 5667 2645 5722 illuminarunt.

2352 5738 2419 5818 (λ)
2458 5736 2620 5790 [idem
2646 5735 2884 5800 codices,
2924 5734 3311 5790 illuminatur...
3345 5735 3584 5806 efﬁcitur.
3626 5736 3875 5812 Utraque

2279 5807 2438 5862 lectio
2461 5806 2618 5861 bona.

2300 5818 2438 5864 θειιο
2461 5818 2618 5861 bona.

2431 4847 2533 4900 qua
2550 4846 2604 4882 se
2622 4837 2891 4900 secretum,
2915 4837 3021 4900 etc.
