4134 6410
1624 321 1963 381 EPISTOLA
1999 321 2179 380 XLIII.

3431 325 3543 385 382

241 443 613 504 oblationibus
644 459 831 503 curam
860 452 1059 502 nostra
1085 442 1275 500 salutis
1311 423 1643 509 immisceat,
1684 455 1755 497 ne
1782 439 1836 495 in
1866 444 1921 501 Α
1941 450 2219 497 cessurum
2254 452 2612 512 praesumam;
2644 453 2754 498 non
2782 440 3063 514 ambigens
3106 452 3312 501 tantam
3338 444 3543 504 habere

242 537 626 596 oleudiculum
665 536 825 595 nobis
859 536 1081 594 accedat
1104 544 1255 592 tanta
1284 534 1417 601 ista,
1450 547 1560 605 qua
1586 532 1611 568 ⁸
1635 531 1839 603 gloria-

244 647 359 686 mur
381 631 436 686 in
464 629 723 698 Domino,
752 640 859 686 tua:
884 627 1186 685 dilectionis
1216 625 1510 697 impensio,
1540 624 1584 681 si
1613 638 1839 697 rapaces

242 722 634 778 indomitorum
680 735 935 778 sensuum
959 720 1179 778 bestias
1216 719 1416 776 vestitu
1440 717 1623 775 ovium
1653 724 1840 773 conte-

243 826 431 883 gamus
461 826 512 869 ι.
562 812 656 870 Sic
700 815 865 885 igitur
906 828 1005 870 ora
1028 853 1048 881 ,
1092 810 1268 870 donec
1295 826 1511 879 exores,
1540 817 1604 866 ut
1622 810 1717 866 llat
1744 825 1841 867 cor

242 915 492 962 nostrum
518 906 925 963 immaculatum
952 905 1009 963 in
1039 912 1335 977 conspectu
1361 902 1615 971 Domini,
1644 910 1705 960 ut
1729 918 1839 960 non

241 995 639 1054 confundamur
677 993 710 1037 δ
745 1009 923 1068 neque
965 995 1123 1053 simul
1171 994 1454 1051 trabamur
1493 1009 1620 1052 cum
1657 993 1725 1050 iis
1753 994 1841 1071 qui

242 1089 526 1161 loquuntur
565 1104 750 1162 pacem
781 1104 901 1145 cum
926 1089 1168 1162 proximo
1203 1103 1327 1155 suo,
1354 1085 1494 1145 male
1522 1096 1693 1143 autem
1718 1097 1843 1144 sunt

242 1182 299 1239 is
318 1182 566 1240 cordibus
588 1200 767 1239 eorum
792 1194 816 1223 α
836 1183 977 1252 ῖδειί
1003 1183 1190 1255 lingua
1223 1190 1281 1240 et
1306 1190 1491 1240 mente
1516 1182 1837 1252 concordes,

243 1274 411 1334 unde
453 1274 739 1333 credamus
788 1275 857 1333 ad
890 1274 1163 1347 justitiam
1186 1314 1204 1340 ,
1254 1288 1353 1332 ore
1389 1273 1745 1332 contiteamur
1771 1272 1841 1331 ad

243 1368 414 1425 vitam
430 1365 482 1426 ⁸.
522 1368 604 1426 Ita
639 1368 858 1427 demum
903 1370 1080 1442 pictas
1113 1383 1223 1441 qua
1250 1383 1352 1425 nos
1376 1366 1574 1438 diligis,
1605 1367 1701 1424 tibi
1729 1366 1841 1425 fru-

244 1468 439 1517 ctuosa
463 1460 751 1530 referetur,
790 1462 838 1517 si
876 1469 991 1518 tam
1017 1459 1214 1517 efficax
1231 1475 1333 1534 pro
1356 1459 1517 1516 nobis
1542 1459 1721 1516 oratio
1749 1468 1839 1516 tua

243 1552 436 1625 fuerit,
469 1565 529 1610 ut
553 1570 586 1610 a
616 1565 803 1612 nostra
831 1555 1076 1613 terrestri
1112 1554 1295 1626 specie
1319 1553 1579 1609 demutati
1608 1553 1663 1609 in
1693 1560 1841 1610 tuam

244 1644 651 1703 similitudinem
680 1645 1089 1714 transferamur,
1120 1654 1180 1703 ut
1204 1644 1420 1703 adestis
1446 1645 1683 1702 hominis
1702 1646 1839 1701 ima-

245 1736 419 1811 ginem
445 1738 563 1809 pari
588 1739 821 1795 veritate
847 1746 1100 1811 gestantur
1128 1747 1175 1794 ⁸.

1939 538 1997 588 te
2020 530 2359 601 patientiam,
2390 539 2647 603 quantam
2675 533 2845 591 habes
2870 535 3176 593 caritatem.

2438 643 2779 703 EPISTULA
2807 646 2829 668 ’
2853 645 3035 704 XLIII.

1941 730 2177 810 Eri:th
2215 733 2475 792 Victorem
2500 736 2639 810 quod
2680 738 2850 810 serius
2895 738 2966 793 sit
3000 753 3275 810 reuersus,
3318 754 3544 797 causam

2013 806 2196 861 hiemis
2227 806 2599 882 tempestatem,
2629 817 2681 864 et
2692 808 2980 882 βάραθρα
3016 808 3131 882 ejus
3156 810 3502 865 ualetudinem
3521 829 3543 867 :

2013 885 2121 966 ἓν
2147 876 2595 966 ρτοεσέίιειειι..εί¹νί
2621 893 2656 933 α
2682 876 2959 966 "sed"?
2984 876 3290 966 ρίαθυιετε
3311 882 3545 966 certisa-

2017 948 2212 1004 tiouem
2239 948 2655 1005 latuit-tiam
2678 948 3101 1022 patriarcharum
3125 948 3398 1007 excellenti
3436 952 3540 1006 Iut-

2009 1019 2235 1093 militate
2261 1020 2332 1073 ad
2352 1021 2632 1093 ipsumam“
2666 1021 2872 1093 reﬁcit;
2899 1032 2950 1077 et
2982 1023 3097 1093 ipse
3128 1022 3546 1079 maledicum

2011 1089 2254 1162 ficulnea:
2280 1106 2313 1145 α
2340 1089 2567 1148 Domino
2594 1089 2886 1166 irrogatam
2911 1089 3176 1165 supinam
3196 1094 3434 1165 exponit.

2011 1180 2219 1241 Sancto
2245 1190 2304 1240 et
2328 1185 2526 1242 merito
2546 1185 2848 1242 venerabili
2869 1185 3048 1257 fratri,
3076 1194 3135 1242 et
3162 1185 3242 1259 (ά)
3270 1186 3546 1244 desidera-

1939 1273 2152 1332 tissimo
2179 1274 2471 1334 Drsmsmo
2512 1274 2615 1349 (ιι.
2644 1284 2765 1334 not.
2791 1274 2920 1351 185)
2952 1277 3345 1335 desideriorum
3389 1292 3545 1336 meo-

1939 1380 2081 1431 rum,
2129 1362 2398 1422 PAULINISS
2439 1375 2494 1421 et
2530 1365 2803 1425 Τιιεωιλ
2844 1377 3184 1441 peccatores,
3228 1368 3286 1425 in
3328 1366 3544 1425 Christo

1942 1452 2174 1511 Domino
2198 1455 2452 1511 salutem.

2014 1543 2070 1601 l.
2107 1542 2188 1601 Ad
2211 1554 2266 1601 te
2292 1545 2513 1603 brevem
2542 1547 2827 1620 epistolam
2848 1547 3001 1621 (Non
3027 1558 3202 1608 exstat
3232 1551 3344 1607 Iure
3359 1551 3546 1624 episto-

1941 1635 2017 1706 la)
2043 1636 2157 1707 jam
2185 1636 2280 1693 diu
2304 1644 2431 1695 ante
2475 1639 2548 1713 te)
2578 1639 2735 1697 fratri
2764 1639 2974 1698 Victori
3010 1640 3355 1715 dederamus,
3380 1656 3545 1713 quam

1942 1733 2000 1783 et
2028 1729 2200 1799 ipsam
2230 1726 2459 1800 perferri
2485 1730 2555 1787 ad
2580 1732 2925 1790 sanctitatem
2957 1740 3106 1791 tuam
3130 1734 3317 1801 volui,
3357 1743 3419 1792 ut
3440 1735 3546 1808 ipsi

313 1830 370 1887 4.
408 1830 562 1889 Tunc
580 1847 711 1889 vere
739 1831 941 1890 erimus
959 1831 1028 1889 de
1054 1839 1148 1888 tua
1174 1832 1402 1890 caritate
1425 1829 1629 1898 felices,
1660 1829 1708 1888 si
1732 1829 1835 1888 ob-

1939 1818 2203 1891 perlatori
2223 1834 2324 1877 suo
2350 1822 2724 1879 testimonium
2746 1822 3061 1896 perhiberet
3083 1840 3197 1884 non
3218 1824 3549 1885 voluntaria

245 1924 421 1982 tineas
448 1939 518 1980 ne
543 1924 715 1980 simus
741 1938 774 1979 a
799 1930 895 1979 tua
926 1924 1158 1980 caritate
1176 1921 1487 1981 dissimiles.
1535 1921 1595 1979 In
1620 1938 1730 1994 quo
1758 1931 1840 1978 ta-

245 2029 370 2072 men
398 2029 508 2071 non
537 2023 791 2083 eatenus,
822 2013 976 2085 quasi
1004 2013 1302 2086 superbum
1331 2013 1602 2071 tendimus
1626 2021 1837 2084 votum,

246 2113 308 2162 nt
331 2108 545 2178 apicem
583 2106 765 2162 meriti
792 2106 869 2162 tui
907 2121 1187 2179 speremus
1212 2094 1509 2177 attingere;
1539 2105 1639 2163 sed
1667 2114 1729 2162 ut
1751 2121 1840 2162 sa-

245 2197 372 2254 lutis
399 2197 506 2254 line
530 2197 773 2254 conclusi
791 2240 807 2264 ,
834 2198 989 2269 juxta
1024 2196 1257 2255 formam
1285 2196 1411 2256 fidei
1436 2207 1542 2257 tum
1566 2199 1621 2262 in
1645 2198 1841 2257 itinere

243 2289 453 2347 directo
495 2290 743 2347 veritatis
780 2290 1004 2360 vestigia
1052 2291 1429 2362 perlegamus,
1472 2298 1530 2347 et
1568 2291 1640 2349 sit
1683 2291 1842 2350 nobis

246 2380 365 2439 linis
387 2382 506 2454 ipse
530 2382 623 2453 qui
650 2382 863 2438 initium
887 2390 988 2449 est,
1015 2391 1179 2455 caput
1200 2390 1259 2439 et
1284 2380 1690 2441 fundamentum
1718 2398 1844 2441 cor-

246 2475 395 2547 ppris
420 2475 505 2531 sui
531 2482 686 2546 petra
714 2474 965 2532 Christus
986 2474 1044 2544 ις
1082 2475 1180 2531 illa
1205 2481 1392 2547 petra,
1422 2489 1545 2545 quae
1572 2490 1672 2532 nos
1698 2474 1843 2531 inter

246 2567 403 2639 hujus
433 2569 601 2625 seculi
630 2567 847 2626 deserta
874 2568 1121 2627 sitientes
1140 2568 1407 2641 justitiam
1441 2568 1663 2640 sequaci
1691 2567 1841 2627 fonte

246 2659 614 2731 prosequitur,
643 2667 700 2717 et
723 2659 866 2718 dulci
894 2669 1027 2734 potu
1063 2660 1353 2731 refrigerat
1374 2702 1392 2732 ,
1436 2676 1509 2718 ne
1542 2660 1850 2726 camalinm,

245 2751 602 2823 cupiditatum
647 2755 869 2813 aestibus
911 2760 1263 2826 peruramur;
1302 2752 1398 2812 illa
1431 2763 1628 2827 petra,
1674 2771 1842 2829 super

244 2859 405 2916 quam
432 2846 627 2903 domus
652 2848 890 2905 stabilita
912 2865 1022 2906 non
1048 2847 1256 2907 corruit
1274 2893 1291 2920 ,
1319 2858 1377 2907 et
1400 2849 1491 2906 illa
1513 2858 1666 2922 petra
1694 2867 1836 2924 quas,

244 2937 414 2996 latere
461 2939 651 2998 lancea
696 2940 1000 3014 perforato,
1045 2959 1187 3015 aqua
1224 2943 1380 3001 fluxit
1406 2952 1465 3001 et
1496 2945 1760 3017 sanguine
1784 2955 1838 3013 s,

244 3037 304 3086 ut
338 3031 546 3102 pariter
586 3030 895 3091 salutiferos
937 3033 1097 3093 nobis
1123 3034 1374 3092 funderet
1398 3033 1600 3104 fontes,
1632 3051 1835 3109 aquam

242 3121 429 3193 gratiae
449 3164 467 3190 ,
498 3131 555 3179 et
579 3125 895 3194 sanguinem
921 3121 1289 3192 sacramenti.
1337 3126 1430 3200 qui
1453 3125 1597 3185 idem
1620 3134 1706 3185 est
1729 3130 1752 3163 ⁸
1779 3135 1839 3188 et

242 3215 366 3272 fons
389 3224 589 3273 nostra
614 3216 826 3284 salutis,
858 3225 915 3274 et
938 3219 1191 3290 pretium.

310 3307 474 3381 253
509 3307 567 3367 5.
604 3305 714 3366 Sed
743 3325 821 3366 va:
846 3311 978 3368 mihi
1019 3311 1328 3384 peccatori,
1357 3327 1594 3384 quonam
1626 3313 1671 3346 ι’
1701 3328 1834 3386 pro-

241 3408 491 3473 gressus,
537 3400 705 3457 immo
741 3402 1027 3475 prolapsus
1064 3403 1223 3460 sum?
1252 3402 1386 3459 Dum
1416 3402 1659 3475 pluribus
1694 3402 1841 3474 apud

242 3502 301 3553 te
323 3494 508 3552 verbis
533 3509 661 3567 ago,
688 3501 749 3551 ut
772 3510 873 3569 pro
900 3496 1140 3569 peccatis
1165 3493 1305 3553 meis
1328 3492 1417 3553 vel
1440 3497 1622 3568 potius
1647 3495 1840 3552 adver-

241 3601 335 3644 sus
360 3596 587 3660 peccata
628 3602 747 3643 mea
793 3588 1149 3659 patrocinium
1179 3602 1526 3659 promerear,
1557 3604 1683 3644 cum
1711 3603 1839 3645 ora-

242 3678 483 3736 tionibus
509 3678 788 3747 intendas;
821 3679 896 3750 (a)
926 3678 1204 3738 accumqu
1225 3678 1472 3735 eamdem
1498 3676 1567 3736 de
1594 3678 1838 3751 loquaci-

243 3776 357 3826 tate
382 3785 505 3826 mea
525 3770 821 3835 seminam,
852 3786 1015 3841 quam
1055 3769 1127 3826 de
1170 3768 1511 3827 orationibus
1539 3769 1645 3825 tuis
1670 3770 1841 3827 minui

243 3870 400 3936 peto;
431 3870 704 3934 tamquam
725 3862 1008 3919 immemor
1027 3863 1308 3934 scriptum,
1334 3862 1400 3917 de
1415 3862 1739 3935 ntuttitoquio
1761 3859 1839 3934 (ὸ)

240 3971 345 4012 non
372 3954 589 4027 σπειρία
616 3961 880 4024 peccatum
903 3950 951 4009 δ.
980 3951 1045 4008 Et
1072 3952 1198 4023 quid
1229 3939 1421 4023 agam?
1446 3968 1554 4022 quo
1582 3968 1677 4008 ore
1706 3968 1840 4025 pur-

239 4046 357 4119 gari
386 4044 692 4118 postulem?
717 4044 805 4101 vel
850 4060 956 4116 qua
997 4062 1028 4101 a
1071 4055 1125 4101 te
1150 4045 1365 4101 ratione
1392 4042 1683 4110 defendar,
1715 4060 1839 4105 cum

237 4140 421 4197 sciens
438 4135 784 4210 prudensque
804 4136 1133 4194 Contrarium
1150 4134 1475 4210 prophetico
1498 4136 1664 4193 verbo
1684 4152 1839 4194 com-

239 4232 503 4301 miserim,
536 4240 597 4287 ut
638 4238 864 4303 peccato
892 4230 1221 4301 multiloquii
1267 4230 1341 4287 et
1368 4245 1459 4287 me
1486 4228 1758 4301 laetiorem,
1785 4240 1843 4290 et

239 4324 586 4381 sanctitatem
629 4330 779 4379 tuam
822 4323 1148 4395 fatigarem?
1193 4320 1422 4381 Hzerebo
1470 4341 1694 4396 prorsus
1732 4325 1842 4383 hoc

240 4414 491 4482 crimine,
515 4426 695 4486 neque
714 4412 806 4471 vel
826 4421 921 4470 tua
950 4429 1040 4469 me
1067 4422 1254 4487 tegere
1279 4415 1482 4473 valebit
1510 4417 1709 4489 oratio,
1736 4417 1840 4474 nisi

240 4512 300 4562 tu
326 4505 447 4578 ipse
462 4503 596 4561 mihi
621 4503 770 4576 prius
787 4504 931 4560 bane
958 4504 1165 4574 injuriae
1192 4512 1299 4562 tum
1325 4505 1538 4579 culpam
1559 4506 1838 4577 remittas;

1940 1906 2084 1979 apud
2113 1923 2214 1965 nos
2258 1910 2665 1970 remorationis.
2707 1911 2834 1969 Eme
2870 1914 3016 1972 enim
3052 1931 3221 1974 causa
3262 1910 3548 1975 brevitatis

1940 1996 2058 2068 ejus
2101 1996 2222 2067 fuit,
2264 1999 2410 2071 quod
2455 2010 2582 2074 post
2623 2003 2897 2061 modicum
2924 2004 3188 2063 adventus
3213 2005 3299 2063 sui
3336 2015 3548 2078 tempus

1938 2090 2127 2149 Victor
2152 2107 2185 2147 a
2208 2091 2365 2149 nobis
2383 2092 2454 2149 ad
2476 2109 2574 2152 vos
2600 2094 2943 2164 refestinans,
2975 2103 3125 2152 tanta
3157 2089 3217 2154 se
3244 2096 3314 2153 ad
3339 2097 3445 2154 iter
3461 2112 3546 2155 re-

1938 2179 2225 2250 legendum
2251 2181 2619 2241 obstinatione
2644 2185 2953 2254 duraverat,
2982 2194 3045 2242 ut
3072 2187 3159 2242 vix
3184 2187 3274 2243 vel
3300 2185 3546 2245 brevium

1940 2273 2010 2331 ad
2037 2282 2092 2330 te
2133 2274 2437 2333 litterarum
2476 2276 2636 2334 nobis
2664 2278 2930 2334 tribueret
2968 2275 3304 2335 facultatem.
3332 2276 3549 2336 Interea

1937 2362 2376 2438 proﬁciscentem
2404 2365 2567 2423 subiti
2596 2383 2779 2425 rerum
2806 2369 2988 2427 obices
3025 2378 3391 2440 retraxerunt,
3420 2387 3551 2433 cum

1938 2456 2114 2512 hiems
2136 2457 2558 2528 navigationem,
2586 2466 2645 2516 et
2670 2458 2865 2518 itinera
2891 2467 3070 2518 metus
3089 2460 3169 2535 (Γ)
3189 2461 3505 2519 clauderent
3527 2481 3546 2519 :

1938 2547 2136 2617 quibus
2162 2548 2453 2620 impeditus
2478 2558 2645 2621 atque
2671 2559 2961 2607 revocatus
2997 2549 3312 2614 necessitati
3337 2556 3544 2624 prasti-

1938 2642 2008 2697 tit
2030 2641 2249 2713 longam
2277 2643 2623 2712 dilationem,
2666 2643 2761 2716 qui
2797 2643 3347 2717 procrastinationem
3382 2644 3552 2724 εει

1938 2745 2161 2808 rogatus
2189 2746 2483 2809 negaverat
2528 2738 2766 2798 caritati.
2816 2738 2966 2797 Inter
3006 2741 3108 2800 has
3151 2757 3339 2801 moras
3379 2744 3549 2801 etiam

1937 2844 2082 2902 ager
2108 2830 2228 2899 fuit,
2258 2841 2317 2889 et
2341 2831 2561 2905 quidem
2588 2832 2665 2890 ita
2692 2834 2930 2905 graviter
2954 2833 3242 2906 laboravit,
3265 2843 3327 2894 ut
3353 2852 3388 2894 a
3411 2852 3548 2911 por-

1937 2924 2010 2981 tis
2033 2925 2225 2983 mortis
2251 2926 2508 2983 reductus
2546 2925 2668 2999 plus
2693 2927 2956 3001 temporis
2993 2928 3049 2986 in
3075 2928 3367 2988 reﬁcienda
3391 2930 3549 2990 vale-

1942 3017 2130 3076 tudine
2168 3019 2554 3090 consumserit,
2579 3036 2745 3094 quam
2786 3021 3123 3094 aagritudine.
3147 3023 3376 3082 tolerata
3412 3040 3549 3099 pro-
3666 3092 3667 3095 η

1942 3109 2196 3170 duxerat.
2224 3111 2419 3170 Postea
2444 3114 2559 3186 jam
2602 3114 2785 3172 vicinh
2831 3116 3208 3190 apostolorum
3249 3114 3422 3175 natali
3459 3118 3549 3177 di-

1864 3215 1913 3282 c
1940 3203 2158 3263 mittere
2183 3222 2309 3262 eum
2337 3206 2687 3264 inhumanum
2716 3208 3046 3281 putavimus.
3061 3206 3251 3281 Itaque
3285 3208 3550 3283 longiori-

1939 3302 2042 3359 bus
2064 3302 2186 3375 ejus
2208 3302 2397 3371 moris,
2427 3318 2565 3376 quas
2587 3302 2913 3376 supradictis
2939 3302 3356 3361 necessitatibus
3379 3301 3551 3369 dedo,-
3632 3380 3637 3385 ε

1936 3400 2044 3459 rat,
2074 3394 2295 3452 brevem
2321 3393 2467 3453 lianc
2510 3394 2589 3452 illi
2631 3396 2652 3431 ⁸
2679 3411 2891 3453 moram
2934 3394 3005 3453 de
3032 3404 3221 3454 nostra
3268 3396 3551 3457 voluntate

1936 3482 2263 3555 adiecimus,
2309 3493 2407 3563 nt,
2438 3502 2564 3545 cum
2606 3487 2961 3560 apostolicam
2991 3487 3404 3546 solemnitatem
3432 3489 3546 3548 voti

1937 3575 2109 3631 nostri
2138 3586 2195 3632 et
2222 3577 2429 3635 itineris
2450 3581 2615 3635 annui
2638 3580 2818 3637 socius
2846 3580 3196 3649 celebrasset,
3225 3581 3386 3654 hujus
3402 3597 3546 3655 quo-

1936 3683 2044 3741 que
2071 3670 2137 3726 ad
2168 3687 2267 3727 vos
2295 3674 2499 3743 negotii
2526 3674 2701 3730 nostri
2727 3674 2949 3732 nuntius
2974 3682 3361 3733 reverteretur.

2010 3761 2065 3819 2.
2093 3762 2237 3821 Sane
2265 3765 2546 3838 epistolas,
2576 3781 2714 3837 quas
2738 3766 2806 3822 ad
2838 3765 3180 3825 benedictum
3222 3766 3321 3826 Dei
3364 3766 3545 3825 homi-

1937 3871 2064 3914 nem
2091 3854 2314 3914 fratrem
2355 3868 2601 3917 nostrum
2644 3859 2906 3918 Severum
2934 3861 3132 3931 habet,
3160 3860 3379 3917 diverso
3406 3868 3547 3916 tem-

1940 3965 2095 4023 pore.
2128 3962 2289 4023 prout
2316 3952 2550 4025 impetus
2576 3953 2983 4013 festinationum
3009 3956 3269 4027 habebat,
3296 3955 3545 4025 fecimus,

1939 4046 2081 4102 sicut
2109 4046 2346 4116 ipsarum
2369 4047 2520 4103 varia
2548 4048 2783 4105 lectione
2804 4049 3227 4105 monstrabitur:
3261 4061 3385 4104 nam
3411 4047 3542 4104 bre-

1940 4134 2281 4211 viores(llls:
2306 4138 2552 4209 epistola:
2578 4138 2880 4211 perierunt)
2925 4155 3114 4197 earum
3154 4140 3309 4210 quasi
3343 4155 3546 4212 proptr

1941 4243 2070 4286 rans
2096 4237 2154 4285 et
2180 4226 2234 4285 in
2262 4228 2611 4300 profectionis
2633 4230 2819 4300 januis
2844 4231 3088 4303 pendens
3110 4231 3296 4289 Victor
3321 4232 3544 4303 exegit:

1940 4319 2265 4394 prolixiores
2290 4329 2471 4376 autem
2500 4336 2624 4378 cum
2664 4321 2732 4380 de
2759 4322 2919 4393 longa
2946 4322 3067 4395 ejus
3091 4323 3434 4382 remansione
3458 4337 3548 4383 so-

1943 4411 2060 4469 curi
2085 4426 2206 4470 esse
2228 4413 2597 4486 cmpissemus,
2616 4422 2893 4489 tamquam
2919 4417 3145 4476 remissa
3171 4427 3338 4489 atque
3363 4418 3551 4477 laxata

1942 4506 1999 4562 in
2028 4506 2201 4563 otium
2225 4516 2412 4566 mente
2441 4510 2519 4583 (9)
2548 4512 2878 4583 scripsimus.
2906 4510 3212 4586 Scripsth
3236 4523 3418 4572 autem
3444 4532 3549 4574 no-

239 4604 300 4654 et
322 4611 426 4669 pro
450 4610 562 4665 me,
589 4595 730 4653 sicut
758 4593 830 4669 (c)
858 4594 1049 4652 beatus
1076 4595 1180 4653 Job
1223 4613 1326 4669 pro
1353 4598 1669 4672 loquacibus
1695 4600 1835 4659 ami-
1864 4602 1917 4669 D
1938 4599 2023 4657 bis
2050 4595 2219 4658 frater
2245 4611 2433 4660 uoster
2458 4602 2711 4673 Severus,
2742 4613 2803 4661 ut
2841 4621 2970 4665 eum
2992 4606 3149 4665 vobis
3176 4606 3325 4667 illico
3352 4609 3547 4667 remib-

240 4686 322 4749 ἀι
362 4687 543 4746 facere
560 4697 869 4762 praeceptus
893 4690 1255 4757 est,'bostiam
1293 4690 1613 4763 placationis
1639 4693 1838 4753 offeras

240 4775 359 4842 θα)
388 4775 440 4857 ι,
465 4774 698 4835 Tantum
718 4779 870 4835 enim
912 4779 981 4836 de
1022 4781 1204 4836 animo
1233 4792 1328 4869 tuo
1356 4779 1489 4838 mibi
1521 4780 1739 4841 vindico
1768 4785 1836 4852 “,

242 4878 304 4930 In
330 4871 439 4929 hoc
459 4868 593 4928 mihi
613 4871 1009 4944 multiloquium
1035 4873 1101 4929 de
1142 4883 1231 4929 tua
1261 4871 1594 4947 indulgentia
1620 4877 1841 4948 impune

1943 4704 2199 4764 tercmus,
2230 4705 2394 4771 atque
2423 4698 2497 4755 ita
2538 4700 2948 4773 praeripth
2974 4710 3210 4775 tempus,
3239 4710 3302 4760 ut
3328 4702 3398 4760 ad
3424 4703 3546 4761 vin-

1940 4788 2134 4847 demiae
2159 4790 2277 4847 dies
2301 4792 2561 4851 remissus
2600 4802 2935 4852 occurreret.
2965 4794 3026 4853 in
3064 4810 3179 4865 quo
3203 4837 3221 4867 ,
3261 4796 3391 4868 quia
3437 4811 3546 4855 non

1947 4883 2225 4953 potuimus
2255 4883 2334 4940 illi
2362 4898 2577 4955 parere,
2604 4886 2708 4944 hac
2748 4886 2945 4946 saltem
2971 4887 3155 4960 specie
3179 4888 3548 4949 obedientiam

292 4967 355 5074 "Ol
373 4980 683 5074 Ifatgrvtt,
850 4982 908 5074 Α)
938 4981 1081 5074 P531.
1104 5004 1287 5074 cyrn,
1307 4986 1420 5074 89.“
1476 4997 1497 5030 ε
1527 4986 1670 5074 ξιιμ.
1698 5007 1869 5074 xxv",
1975 5063 1997 5074 _
2016 4989 2224 5074 illum.
2266 5012 2322 5074 ξ.
2355 4995 2442 5074 ll).
2508 5008 2547 5074 ﬁ
2575 4997 2763 5074 ICorE
2788 5015 2886 5074 xv,
2916 5000 3004 5058 69.
3088 5000 3110 5041 ί
3137 5002 3311 5074 ΔΑρικ).
3360 5018 3405 5074 Al,
3465 5002 3502 5059 8
3531 5021 3546 5071 ;

245 5052 385 5126 Eph.
393 5069 455 5140 ’με
481 5054 582 5140 ἒξ
612 5070 686 5140 ρ’,
720 5053 809 5118 15.
835 5066 972 5140 etv,
999 5056 1099 5123 23;
1131 5052 1320 5140 (3.01.3,
1355 5057 1421 5140 ιιι
1441 5077 1479 5140 ;_
1517 5058 1551 5140 _l
1576 5058 1703 5117 Cor.
1738 5077 1813 5140 ut.

1939 5063 2153 5126 :ICor.
2186 5083 2242 5135 x,
2266 5052 2328 5126 ΔΞ
2368 5052 2716 5140 Πειιλιξήῇ
2734 5052 3090 5140 ἰιῖἰζυέεξῖιηι.
3120 5052 3316 5130 ίέῗῖ
3347 5052 3547 5131 iam:

246 5141 361 5193 xtx,
392 5127 484 5183 5t.
558 5126 584 5164 δ
618 5126 775 5183 Prov.
808 5144 861 5194 x,
895 5128 987 5198 t9,
1014 5145 1126 5186 sec.
1152 5128 1317 5185 LXX.
1399 5126 1416 5169 ε
1446 5129 1571 5188 Ioh.
1604 5147 1735 5199 χιιι,
1774 5134 1832 5191 8.

318 5217 518 5308 fellas
557 5216 627 5272 55
708 5233 829 5287 qum
857 5228 1036 5275 autem
1066 5218 1136 5275 45
1163 5230 1309 5282 erat,
1350 5236 1495 5279 nunc
1548 5220 1639 5279 50.
1694 5226 1906 5297 Scripta
1944 5241 2089 5284 anno
2133 5228 2239 5284 406
2286 5233 2428 5289 circa
2481 5231 2679 5301 lestum
2730 5234 2829 5297 SS.
2885 5236 3259 5308 apostolorum
3306 5234 3451 5296 Petri
3495 5249 3554 5297 et

246 5285 427 5347 Pauli.

323 5400 405 5472 (tt)
427 5399 532 5472 Ms.
561 5400 732 5472 codex
756 5401 1100 5472 Viennensis,
1126 5403 1472 5461 adcumulem.

322 5471 402 5542 (ι)
427 5471 507 5527 ita
542 5471 688 5545 ιλιι
714 5482 772 5529 et
796 5473 857 5530 S.
887 5471 1186 5545 Cyprianus
1215 5474 1308 5530 lib.
1356 5476 1414 5532 ut
1451 5475 1521 5532 ad
1563 5474 1845 5545 Quirinum

248 5545 509 5602 adversus
528 5541 766 5607 Iudaeos,
789 5552 893 5599 art.
929 5541 1054 5601 tos.

320 5616 399 5689 (ε)
423 5613 516 5689 Sic
539 5630 672 5671 mss.
684 5614 839 5689 Beg.
865 5626 919 5672 et
939 5613 1114 5689 Vatic.
1138 5614 1362 5689 codices
1384 5633 1510 5673 cum
1542 5618 1699 5689 editis
1723 5634 1849 5688 qua-

248 5683 395 5744 tuor.
439 5685 512 5740 At
537 5701 639 5742 tus.
684 5683 837 5743 Vien.
886 5696 944 5743 et
966 5687 1097 5744 edit.
1127 5683 1309 5756 Grin.,
1336 5690 1468 5744 sicut
1489 5691 1638 5747 beato
1676 5683 1847 5746 Job...

249 5765 685 5831 W1“-

323 5830 405 5902 (ὀ)
434 5826 535 5902 Iis.
557 5826 745 5902 Vico.)
769 5830 1276 5902 desiderantissimi;
1307 5847 1409 5887 ms.
1443 5831 1576 5901 Reg.
1609 5832 1751 5902 hunc
1777 5833 1857 5886 11-Δ

250 5899 423 5957 talum
453 5899 617 5957 habet
646 5918 662 5955 :
698 5899 885 5964 Incipit
923 5901 992 5953 ad
1034 5899 1359 5957 Desidcriurn
1406 5899 1650 5960 secunda.
1684 5901 1849 5960 Abest

1954 5418 2134 5503 99:9"
2166 5427 2325 5503 33:15:
2356 5414 2545 5503 εοαίος
2568 5414 2736 5503 liceo
2767 5417 3410 5503 cumtamen"!!!
3433 5425 3555 5503 ςιξί·

1950 5478 2126 5567 εὶο¹⁸ν
2167 5483 2333 5567 cuius
2365 5484 2621 5567 Ψςωίαίι.
2650 5478 2908 5567 Paulinus
2950 5489 3267 5567 ieiunum
3311 5478 3558 5567 ψὶειὸιέε

1950 5549 2299 5680 ﬁgurato,
2330 5558 2403 5611 ‘et
2438 5555 2552 5612 bmc
2588 5556 2945 5618 desideratur.
2980 5549 3258 5623 vne‘vm
3286 5549 3549 5633 cfs-1,5;

1965 5693 2528 5822 νεξῖξξᾷηιιεετίρωε
2567 5698 2741 5757 codex
2791 5700 3109 5761 Vienmsis
3127 5742 3148 5772 .
3195 5720 3287 5775 per
3338 5703 3557 5777 fratrem

2029 5837 2105 5905 (Η
2138 5834 2264 5909 MSS»
2296 5836 2428 5909 Reg.
2463 5850 2523 5896 et
2547 5838 2727 5908 Vien.,
2758 5844 3049 5902 clauderet,

2030 5909 2106 5983 (g)
2138 5907 2236 5964 Hs.
2269 5907 2441 5967 codex
2469 5909 2653 5985 Ἥξει,
2673 5914 2981 5974 curat-imas.
3067 5974 3072 5981 ,
