4134 6412
218 309 332 371 385

1612 298 1941 359 EPISTOLA
1968 297 2149 356 XLIV.

3412 298 3522 356 386

226 426 426 482 Verum
451 420 580 497 quia
608 420 889 477 novissima
934 416 1068 475 liora
1095 424 1170 473 est
1198 422 1257 485 ³,
1293 423 1345 470 et
1374 412 1568 469 securis
1606 412 1722 483 jam
1756 410 1827 464 ad
1855 421 1903 472 Α
1933 409 2185 479 fratribus
2231 425 2380 466 anno
2422 419 2478 466 et
2525 421 2797 477 Annam,
2841 408 3110 465 PAUIJNUS
3153 416 3212 465 et
3250 408 3519 470 'l'ntznasts

227 518 430 575 radices
469 518 715 572 arborum
742 514 914 586 posita
938 513 987 579 δ,
1016 510 1182 568 aridis
1223 517 1281 566 et
1326 506 1629 565 infelicibus
1669 503 1828 574 lignis

226 609 429 682 iustum
454 604 692 664 minatur
719 604 1010 670 excidium,
1039 604 1224 676 quieso
1252 607 1328 665 te,
1349 607 1415 656 ut
1444 595 1827 667 indulgentiam

227 700 360 760 mihi
386 706 445 756 et
480 700 848 755 laxamentum
876 694 1136 768 temporis
1178 691 1517 765 depreceris;
1547 698 1609 745 ut
1654 694 1831 744 morte

226 793 397 851 dilata
444 789 673 846 forsitan
712 802 936 845 succum
966 784 1263 843 feracitatis
1290 782 1552 855 accipiam
1591 780 1661 836 de
1688 778 1831 839 cari-

229 883 359 941 tatis
402 888 510 939 tum
549 879 831 952 diligentia
880 889 939 936 et
965 876 1342 935 sollicitudinis
1380 888 1514 930 mete
1563 872 1739 940 cultu;
1772 878 1832 927 ut

230 992 333 1036 cor»
353 990 534 1033 meum
563 973 782 1030 divinus
801 973 965 1028 timor
986 970 1177 1038 fodiat,
1207 977 1265 1026 et
1283 969 1510 1039 stirpem
1537 980 1713 1021 meam
1737 979 1835 1019 ne-

232 1067 467 1126 cessaria
486 1064 766 1138 pmnitudo
804 1071 1048 1120 stercore
1067 1060 1385 1118 humilitatis
1426 1058 1722 1127 impinguet
1764 1064 1787 1094 σ
1817 1071 1830 1106 :

232 1158 429 1225 deinde
475 1170 580 1228 ego
627 1156 695 1211 ad
744 1155 1074 1226 vigilantiam
1121 1148 1499 1211 sollicitudinis
1541 1148 1833 1208 excitatus,

234 1250 384 1307 omni
410 1250 546 1309 hora
565 1256 786 1321 paratus
810 1246 1060 1305 assistam
1081 1242 1131 1313 (ἴ,
1156 1253 1212 1299 et
1234 1243 1463 1300 Domino
1483 1242 1710 1296 absente
1730 1238 1855 1295 simo-

236 1341 502 1416 trepidus,
531 1350 603 1411 ut.
617 1339 938 1396 adveniente
962 1352 1184 1395 securus
1204 1335 1337 1402 sim;
1360 1334 1504 1391 omni
1530 1342 1771 1403 tempore
1792 1331 1835 1397 τ,

238 1432 388 1494 omni
414 1435 505 1491 die
529 1448 619 1490 me
646 1432 877 1488 fertilem
912 1431 1015 1487 sibi
1058 1428 1303 1486 Christus
1343 1427 1603 1491 inveniat,
1649 1425 1701 1479 id
1732 1431 1835 1487 est,

241 1535 300 1585 ut
343 1541 639 1598 numquam
668 1525 926 1595 cuiquam
967 1522 1120 1593 operi
1154 1520 1442 1578 voluntatis
1471 1518 1613 1573 illius
1644 1518 1835 1572 imma-

242 1630 394 1678 turus
418 1632 712 1691 appaream
744 1634 757 1669 :
788 1616 886 1672 sed
928 1616 976 1670 si
1005 1614 1145 1671 forte
1175 1614 1332 1685 257
1364 1612 1419 1667 in
1451 1620 1695 1680 tempore
1728 1608 1837 1662 ira-

244 1707 857 1775 cundae-desideraverit
886 1714 924 1762 a‘
943 1721 1030 1763 me
1057 1721 1244 1777 pacem
1264 1718 1435 1770 suam,
1461 1718 1568 1758 non
1585 1702 1658 1760 sit
1685 1713 1839 1755 meus

1931 510 2263 573 peccatores.

2003 594 2058 650 Ι.
2097 595 2231 663 Quis
2256 594 2413 650 daret
2442 594 2570 649 mihi
2600 593 2806 651 fontem
2829 594 3135 651 litterarum
3168 604 3378 650 tuarum
3400 636 3415 659 ,
3463 604 3524 651 ut

1931 686 2260 758 respondere
2283 702 2494 757 possem
2526 686 2723 742 litteris
2758 688 2866 742 tuis
2909 687 3059 744 vario
3085 689 3383 757 gratiarum
3412 689 3523 761 spi-

1931 779 2165 847 ritalium
2190 777 2324 841 ﬂore
2353 778 2636 839 consertis.
2670 794 2772 834 nec
2790 776 2903 848 jam
2927 780 2939 810 ¹
2964 778 3290 835 scholastice
3312 776 3408 849 (ν.
3434 794 3522 848 ep.

1931 870 2003 926 28
2024 912 2041 939 ,
2091 886 2238 928 num.
2272 870 2327 941 5)
2374 871 2547 941 magis
2571 887 2732 943 quam
2761 872 2943 928 divino
2977 883 3231 929 sermone
3280 872 3544 930 facundis-

1931 971 1991 1019 et
2018 960 2361 1020 affluentibus
2392 964 2548 1033 quasi
2577 960 2646 1019 de
2680 971 2827 1019 terra
2863 965 3297 1034 repromissionis
3331 964 3527 1021 divina:

1935 1058 2099 1133 258
2123 1056 2268 1113 lacte
2294 1056 2515 1129 pietatis
2538 1065 2593 1113 et
2622 1057 2785 1113 melle
2810 1058 3121 1129 sapientiae,
3153 1058 3307 1127 cujus
3334 1067 3391 1114 et
3418 1059 3527 1115 mel

1934 1157 1991 1205 et
2009 1149 2188 1205 oleum
2210 1149 2401 1204 suxisti
2421 1149 2488 1205 de
2511 1147 2660 1204 llnna
2676 1156 2851 1220 petra,
2875 1149 2929 1215 id
2945 1158 3027 1205 est
3043 1148 3261 1206 Christo
3272 1149 3527 1220 Domino,

1934 1242 2027 1313 qui
2055 1250 2139 1300 est
2165 1242 2572 1299 fundamentum
2598 1249 2817 1299 aeterna:
2837 1240 3051 1313 domus,
3083 1259 3247 1316 super
3272 1243 3418 1315 quod
3443 1244 3545 1298 vi-

1935 1337 2019 1392 vis
2044 1334 2300 1407 operibus
2328 1343 2541 1391 struere
2568 1334 2851 1390 aedilicium
2887 1335 3077 1391 salutis
3103 1348 3327 1392 exorsus
3353 1375 3368 1400 ,
3418 1336 3528 1392 non

1936 1428 2105 1500 ligna,
2122 1426 2237 1482 nec
2265 1424 2447 1481 fenum
2474 1433 2531 1481 et
2557 1426 2808 1496 stipulam
2824 1466 2840 1493 ,
2862 1427 2956 1482 sed
2978 1443 3198 1492 aurum,
3224 1436 3526 1507 argentum,

1938 1528 1994 1575 et
2042 1518 2248 1590 lapides
2277 1518 2544 1587 pretiosos
2572 1518 3001 1589 supenedilicare
3042 1518 3251 1593 moliris
3271 1531 3346 1587 ,ες
3405 1522 3527 1592 quia

1940 1610 2200 1683 prmtcriti
2247 1611 2428 1666 cordis
2469 1610 2722 1666 duritiam
2747 1651 2763 1677 ,
2807 1610 3112 1668 ariditatcm
3154 1620 3317 1683 atque
3348 1613 3527 1668 levita-

1943 1712 2070 1767 tem,
2102 1718 2224 1759 eum
2252 1703 2423 1758 veteri
2442 1702 2662 1757 homine
2683 1702 2978 1773 deponens,
3009 1700 3231 1759 effectus
3250 1720 3309 1760 es
3332 1704 3529 1772 lignum

246 1819 373 1861 mea
413 1818 512 1875 per
560 1800 849 1857 iracundize
893 1799 1246 1856 acerbitatem
1291 1796 1457 1853 cruda
1504 1794 1836 1859 concordia;
1874 1799 1915 1860 Β
1945 1795 2222 1852 humidum
2246 1836 2260 1861 ,
2305 1795 2450 1866 quod
2482 1795 2670 1851 vicinis
2697 1809 2961 1865 aquarum
2986 1795 3301 1853 decursibus
3331 1797 3529 1863 virens,

248 1911 347 1957 uec
372 1902 688 1966 exspectem
712 1901 770 1948 ut
796 1891 879 1950 sol
910 1892 1122 1948 occidat
1148 1906 1312 1962 super
1333 1890 1410 1961 (α)
1434 1890 1568 1944 iram
1593 1903 1764 1943 meam
1793 1897 1837 1950 ε,

249 2000 317 2042 ne
341 1984 556 2042 occidat
600 1982 708 2039 vita
752 1998 895 2049 mea,
932 1981 982 2037 si
1009 1989 1136 2037 ante
1175 1980 1428 2044 clauserit
1457 1995 1647 2051 vesper
1672 1979 1840 2045 diem,

251 2091 412 2147 quam
436 2074 757 2132 exstinxerit
782 2088 889 2145 pax
915 2071 1172 2129 furorem.

322 2169 378 2225 7.
416 2167 572 2237 Quod
595 2174 775 2223 autem
802 2165 871 2224 de
900 2164 1179 2222 iracundia
1203 2165 1379 2236 posui,
1408 2164 1478 2220 de
1506 2166 1653 2219 omni
1685 2162 1845 2218 vitio-

252 2275 374 2318 rum
397 2273 600 2331 genere
616 2259 831 2315 dictum
875 2264 1027 2329 puta.
1087 2256 1212 2318 Hoc.
1250 2256 1395 2312 enim
1441 2257 1678 2312 arbitror
1724 2271 1846 2311 esse

254 2352 404 2421 illud,
430 2351 577 2424 quod
605 2350 867 2409 Dominus
894 2350 950 2409 in
970 2349 1166 2406 arbore
1194 2347 1284 2403 illa
1299 2356 1427 2403 ante
1452 2355 1668 2419 tempus
1690 2363 1845 2404 suum

255 2460 418 2517 pelta
445 2443 712 2517 quaesivit.
771 2440 959 2513 Neque
1008 2441 1152 2497 enim
1202 2439 1422 2510 illequi
1455 2441 1597 2495 norit
1642 2438 1847 2494 occulta

256 2535 433 2591 cordis
457 2533 477 2573 ί
501 2575 521 2602 ,
550 2541 609 2591 et
635 2534 731 2605 qui
757 2532 1115 2603 cogitationes
1141 2531 1423 2588 hominum
1464 2530 1844 2604 perspiciebat,

257 2629 311 2685 id
336 2626 486 2700 quod
512 2628 567 2684 in
593 2626 876 2685 hominum
899 2626 1073 2687 oculis
1100 2633 1220 2683 erat
1246 2627 1483 2698 positum
1503 2667 1519 2694 ,
1551 2640 1660 2680 non
1693 2623 1848 2680 vide-

256 2723 368 2789 bat,
399 2729 494 2778 aut
519 2722 683 2777 etiam
710 2720 946 2776 humano
971 2735 1141 2776 sensu.
1162 2720 1339 2777 minor
1360 2728 1500 2789 erat,
1528 2727 1588 2775 ut
1608 2720 1772 2775 etiam
1797 2720 1849 2773 in

258 2814 607 2887 parvulorum
626 2813 854 2869 scientia
882 2813 1118 2885 positum
1147 2813 1277 2870 anni
1305 2822 1519 2883 tempus
1554 2813 1849 2883 ignoraret,

258 2915 314 2963 et
351 2906 597 2961 autumni
637 2904 873 2961 fructum
920 2919 1049 2960 vere
1086 2896 1457 2977 deposceret?
1502 2904 1609 2961 Sed
1658 2905 1851 2973 artiles

257 2998 446 3055 salutis
474 3006 673 3054 nostra:
692 3040 709 3066 ,
730 2997 979 3064 Creator,
1008 3010 1162 3066 emus
1190 2995 1299 3052 vita
1323 3004 1382 3052 et
1403 3004 1558 3052 actus
1584 2997 1761 3052 omnis
1799 2999 1851 3050 in

262 3093 421 3151 terris
468 3090 645 3148 iorma
688 3090 847 3155 nobis
893 3089 1322 3145 conversationis
1367 3099 1426 3145 et
1467 3105 1681 3145 morum
1728 3088 1848 3157 fuit,

1942 1889 2173 1944 fructum
2203 1904 2357 1945 suum
2380 1888 2530 1945 dabit
2550 1889 2601 1943 in
2629 1898 2873 1960 tempore
2895 1905 2994 1946 suo
3011 1886 3072 1956 l';
3101 1903 3277 1960 neque
3299 1904 3547 1963 unquam.

1947 1982 2243 2052 privabitur
2280 1981 2489 2036 honore
2518 1979 2791 2036 foliorum.
2831 1980 3035 2037 Sensus
3072 1988 3195 2038 turs
3232 1997 3422 2040 aurqu
3450 1988 3534 2049 est

1944 2071 2064 2142 igne
2087 2070 2463 2137 examinatum,
2489 2079 2545 2126 et
2571 2085 2751 2127 sermo
2775 2078 2899 2128 tuus
2926 2078 3203 2146 argentarii
3240 2081 3317 2140 est
3349 2088 3555 2145 purga»

1948 2174 2051 2221 tum
2081 2165 2399 2233 scptuplum,
2439 2165 2530 2233 qui
2559 2165 2731 2235 gratia
2760 2165 2989 2234 spiritali
3018 2164 3304 2234 renidens,
3328 2165 3534 2238 eloquia

1948 2259 2157 2313 Domini
2192 2259 2378 2312 casta‘
2410 2257 2478 2313 de
2504 2258 2669 2315 corde
2696 2265 2836 2329 puro
2875 2264 2935 2314 et
2984 2257 3163 2329 lingua
3203 2257 3380 2315 indice
3418 2273 3556 2316 cor»-

1947 2353 2030 2409 dis
2073 2351 2363 2423 etpromit.
2427 2351 2634 2407 Bonum
2681 2360 2738 2408 tu
2784 2353 3106 2423 tironumque
3136 2352 3448 2410 thesaurum
3481 2354 3534 2410 in

1948 2447 2076 2500 vase
2102 2442 2251 2499 ﬁctili
2277 2483 2292 2509 ,
2335 2457 2445 2499 non
2470 2442 2645 2512 fragili
2676 2440 2782 2498 [ide
2809 2458 2995 2500 servas
3020 2459 3036 2510 ;
3085 2444 3210 2515 quia
3236 2444 3536 2502 commisste

1950 2536 2045 2590 tibi
2085 2534 2272 2606 gratia:
2302 2536 2396 2592 i'as
2424 2548 2578 2590 mens
2608 2541 2697 2588 tua
2723 2542 2847 2600 est,
2893 2548 3013 2604 qua:
3041 2534 3185 2598 intra
3212 2549 3537 2605 corpoream

1950 2620 2292 2697 fragilitatem
2313 2622 2630 2685 conﬁrmata
2658 2626 2860 2696 spiritu
2881 2626 3165 2697 principali
3190 2626 3203 2677 ἰ
3238 2668 3256 2692 ,
3302 2626 3535 2684 solidam

1948 2721 2132 2775 divino
2161 2718 2370 2775 muneri
2397 2717 2697 2774 custodiam
2727 2717 2953 2789 przebet.
2994 2717 3203 2792 Pauper
3229 2735 3345 2791 ego,
3374 2719 3555 2776 etde--

1951 2814 2066 2870 lens
2090 2812 2138 2879 κ,
2163 2810 2439 2884 quomodo
2461 2811 2664 2882 parebo
2693 2811 2972 2878 sapientiae
2997 2850 3013 2876 ,
3039 2824 3159 2880 quae
3183 2825 3272 2868 me
3298 2810 3366 2866 ad
3392 2827 3539 2869 men-

1948 2904 2332 2975 sampotentis
2371 2901 2469 2976 (γ.
2497 2909 2613 2959 not.
2650 2902 2769 2961 1.87}
2803 2903 2905 2958 hac
2938 2902 3248 2960 conditione
3286 2904 3539 2976 praecepit

1951 2999 2170 3055 mittere
2200 3010 2419 3053 manum
2443 3038 2460 3063 ,
2490 3004 2667 3054 utme
2691 2996 2859 3051 sciam
2888 2996 3080 3056 similis
3106 3006 3397 3068 apparatus
3425 2997 3559 3055 tieri'

1952 3093 2256 3152 debitorem
2282 3093 2305 3145 ’ρ
2333 3090 2474 3147 Ecce
2496 3090 2641 3146 enim
2672 3098 2729 3145 tu
2751 3090 2880 3144 mihi
2903 3104 3091 3146 mensa
3110 3090 3348 3165 potentis
3370 3090 3543 3146 factus

261 3184 385 3241 ideo
411 3183 694 3247 visibiliter
719 3182 1004 3239 invisibilia
1026 3196 1123 3239 sua
1150 3182 1373 3239 consilia
1399 3183 1684 3254 disposuit,
1714 3192 1770 3238 et
1794 3182 1849 3241 in
1879 3180 1922 3241 C
1954 3206 2050 3255 es;
2083 3188 2380 3261 apposuisti
2408 3187 2538 3243 mihi
2560 3185 2753 3242 divites
2773 3201 2928 3244 escas
2955 3200 3074 3257 qua:
3100 3202 3186 3243 me
3213 3187 3541 3243 esurientem

261 3277 523 3335 creaturis
552 3275 1005 3333 irrationabilihus
1033 3277 1226 3331 animus
1248 3274 1323 3349 (ὁ)
1349 3276 1597 3332 rationali
1610 3277 1853 3348 speciem

260 3386 371 3428 sua:
396 3370 842 3427 conformationis
868 3370 1160 3440 expressit,
1187 3376 1247 3424 ut
1276 3383 1375 3424 nos
1402 3370 1467 3424 ad
1497 3370 1677 3427 omnia
1697 3369 1854 3426 nobis

261 3465 515 3522 salutaria
553 3465 772 3537 scriptis
819 3479 1043 3535 operum
1094 3478 1316 3519 suorum
1360 3469 1525 3534 atque
1566 3462 1852 3519 verborum

262 3559 560 3630 insignibus
596 3558 857 3614 erndiret.
897 3555 966 3611 Et
992 3557 1099 3612 hoc
1131 3565 1217 3612 est
1242 3556 1388 3628 quod
1428 3555 1852 3625 voluitintelligi
1908 3550 1911 3554 ’

263 3668 361 3725 per
384 3653 776 3723 evangelistam
812 3653 966 3708 nobis
1011 3652 1295 3707 iudicando
1324 3666 1434 3707 non
1472 3666 1573 3707 suo
1608 3657 1854 3721 tempore

263 3745 490 3803 fructum
510 3746 579 3802 ab
607 3746 805 3802 arbore
831 3761 890 3801 se
916 3747 1137 3817 petisse,
1170 3753 1230 3800 ut
1258 3746 1406 3801 omni
1428 3754 1671 3816 tempore
1690 3746 1854 3803 homo

263 3855 322 3897 se
341 3840 577 3897 fructum
600 3838 714 3895 Deo
737 3840 938 3896 debere
961 3842 1251 3908 cognoscat
1274 3857 1288 3907 ;
1316 3841 1443 3911 quia
1471 3838 1854 3896 bonusDomi.

262 3938 383 4001 nus,
408 3933 504 4004 qui
528 3933 804 3989 hominem
832 3933 1113 3990 mortalem
1145 3931 1534 3988 immortalitati
1562 3938 1853 4002 prmparat,

264 4027 459 4101 jam-et
484 4027 540 4084 in
561 4026 665 4083 hoc
689 4026 872 4082 seculo
894 4026 1014 4082 vult
1042 4042 1165 4083 eum
1194 4026 1433 4097 speciem
1476 4026 1865 4099 perpetuitatis

265 4120 487 4177 induere
511 4164 528 4190 ,
574 4129 634 4176 ut
658 4120 890 4176 fructum
920 4135 1026 4176 non
1067 4121 1298 4191 accipiat
1338 4120 1409 4177 de
1435 4129 1679 4191 tempore
1701 4139 1734 4185 ,‘
1760 4118 1855 4176 sed

264 4215 412 4272 ωιιηί
455 4222 700 4287 tempore
745 4216 816 4269 sit
843 4228 1083 4271 maturus
1113 4214 1206 4280 illi,
1257 4229 1391 4270 cum.
1416 4230 1526 4285 quo
1551 4215 1636 4269 vel
1667 4215 1855 4285 inquo

266 4320 552 4363 mansurus
580 4316 664 4361 est
690 4306 807 4362 sine
834 4314 1098 4377 tempore.

767 4420 1136 4478 EPISTOLA"
1180 4422 1358 4479 XLIV.

276 4512 623 4570 Pulcherrima
650 4516 828 4570 laudat
854 4517 1138 4584 spirantem
1177 4518 1231 4571 in
1272 4517 1465 4571 litteris
1501 4516 1623 4586 Apri
1669 4518 1855 4574 divina:

1956 3285 2113 3341 facile
2160 3284 2213 3339 in
2260 3282 2444 3338 omnia
2474 3282 2763 3337 verbon
2808 3288 3065 3348 tuorum,
3114 3281 3269 3352 quasi
3310 3280 3364 3336 in
3395 3281 3541 3338 varia

1952 3378 2250 3434 electarum
2276 3385 2435 3445 gustu
2458 3384 2516 3431 et
2542 3383 2765 3446 aspectu
2790 3374 2988 3445 dapum
3009 3375 3329 3431 scitamenta
3352 3390 3543 3445 rapue-

1954 3480 2104 3536 runt,
2132 3476 2193 3525 ut
2217 3467 2356 3538 gulae
2384 3467 2565 3538 potius
2587 3482 2721 3522 mea:
2748 3480 2910 3537 quam
2940 3467 3136 3539 inopia:
3158 3481 3367 3523 memor
3386 3467 3553 3524 aude--

1955 3576 2070 3618 rem
2097 3577 2312 3617 sumere
2333 3602 2348 3626 ,
2400 3561 2596 3632 quibus
2628 3560 2781 3630 paria
2819 3574 3125 3632 praeparare
3166 3577 3273 3617 non
3302 3576 3539 3630 possum.

1956 3655 2097 3724 Quid
2125 3655 2289 3726 igitur
2313 3669 2467 3724 agam
2492 3695 2506 3719 ,
2530 3668 2534 3672 ‘
2558 3670 2587 3709 a
2608 3667 2717 3725 quo
2746 3653 2878 3708 mihi
2902 3652 3065 3707 tribui
3096 3653 3180 3707 vel
3207 3651 3555 3709 commodari

1955 3757 2136 3820 petam
2168 3746 2668 3818 vel'supellectilcm
2693 3786 2708 3810 ,
2738 3759 2845 3814 qua
2870 3745 3119 3815 pOssim.‘
3148 3743 3311 3814 digno
3339 3745 3545 3799 anthitn

1955 3840 2245 3897 triclinium
2263 3840 2445 3895 divitis
2471 3837 2709 3913 :yuulari
2732 3855 2748 3905 ;
2767 3838 2863 3894 vel
2887 3836 3177 3909 impendia,
3204 3837 3399 3906 quibus
3418 3853 3545 3906 pos-

1955 3934 2057 3997 sim
2083 3933 2305 3988 divitem
2335 3944 2539 4003 pauper
2566 3944 2854 4001 repascere
2871 3927 2966 3998 (V.
2994 3942 3164 3985 carm.
3192 3927 3281 3994 (ξι,
3309 3945 3359 3983 v.
3381 3928 3544 3999 855)?

1956 4025 2089 4094 Quis
2114 4026 2247 4081 mihi
2276 4027 2331 4080 in
2361 4023 2519 4093 hujus
2542 4024 2711 4080 debiti
2739 4023 3069 4091 obligatione
3095 4022 3412 4089 subveniet,
3441 4024 3544 4079 nisi

1958 4127 2014 4174 tu
2038 4159 2054 4187 ,
2087 4118 2312 4176 Domine
2329 4117 2479 4174 ~Jesu
2502 4158 2520 4185 ,
2559 4117 2653 4188 qui
2679 4125 2735 4173 te
2772 4118 2919 4172 omni
2947 4117 3172 4188 pauperi
3212 4125 3304 4173 tuo
3331 4131 3548 4189 semper

1957 4211 2166 4279 obligas
2193 4209 2560 4267 commodanti
2587 4207 2602 4248 ι
2633 4250 2650 4275 ,
2691 4218 2748 4265 et
2776 4225 2875 4281 pro
2901 4210 2986 4266 bis
3013 4211 3396 4268 retributorem
3432 4212 3548 4269 fore

1959 4304 2195 4375 spondes
2212 4345 2227 4369 ,
2271 4304 2365 4376 qui
2392 4318 2536 4359 nunc
2563 4317 2684 4359 non
2704 4301 2940 4357 habeant
2967 4301 3301 4357 retribuen’di
3328 4302 3550 4360 faculta-

1958 4404 2069 4450 tem
2095 4406 2153 4450 ω.
2196 4393 2396 4451 Adesto
2422 4406 2565 4449 nunc
2600 4391 2728 4447 mibi
2757 4395 2795 4456 ,'
2821 4399 2878 4447 et
2906 4406 3005 4463 pro
3040 4391 3221 4462 inopia
3253 4407 3375 4448 mea
3404 4398 3550 4465 Apro

1962 4501 2055 4549 tuo
2080 4490 2150 4545 de
2191 4489 2296 4544 tuis
2327 4502 2503 4543 meum
2534 4485 2774 4542 debitum
2801 4485 2955 4541 solve
2979 4485 3180 4541 divitiis
3204 4500 3220 4549 ;
3271 4486 3407 4541 rivos
3436 4490 3550 4559 ejus

300 4598 305 4603 ‘
340 4588 645 4671 grutiwvim
665 4604 727 4670 ac
753 4569 1588 4671 suatitutemﬁnecrninus:renusle
1608 4569 1860 4671 duranda:
1891 4569 1936 4628 ι’)
1962 4581 2165 4638 inebria
2189 4623 2203 4645 ,
2254 4589 2310 4636 et
2336 4581 2623 4650 multiplica
2651 4580 2705 4634 in
2742 4579 2840 4634 illo
2859 4580 3220 4651 getterationes
3250 4570 3442 4645 litata",
3493 4591 3553 4638 ut

339 4658 464 4713 olim
489 4660 725 4731 conjugis
745 4659 890 4727 Apri,
902 4660 1018 4730 jam
1046 4660 1262 4720 sororis,
1277 4660 1587 4713 industriam
1614 4659 1857 4724 celebrat,

338 4744 432 4798 per
471 4746 624 4800 quant
650 4730 745 4784 m
789 4730 1097 4800 domesticas
1135 4746 1421 4800 procurans
1464 4732 1621 4785 otium
1654 4731 1761 4785 τετυ
1790 4732 1860 4786 ad

336 4798 513 4855 divini:
542 4800 843 4873 prtestabut.
889 4798 1056 4873 Simul
1099 4798 1338 4855 admonet
1370 4802 1551 4873 quibus
1581 4805 1748 4855 modis
1769 4804 1855 4873 in-

339 4872 587 4944 stituendi
634 4872 739 4944 sint
786 4874 906 4942 ﬁlii.
950 4872 1037 4926 Ea;
1066 4888 1128 4925 ea
1171 4871 1390 4942 epistola
1419 4873 1574 4944 liquet
1603 4871 1857 4941 (promodo

338 4943 562 4996 viverent
589 4942 1000 5013 presbyterorum
1025 4960 1233 4998 uxores.
1472 4942 1479 4944 ἡ
1558 4978 1561 4981 λ

340 5056 555 5114 Sanctis
599 5069 655 5113 et
684 5060 878 5114 merito
926 5058 1244 5115 venerandis
1273 5057 1345 5129 (r)
1377 5073 1442 5114 ac
1498 5059 1862 5116 dilectissimis

1961 4674 2160 4731 existat
2184 4674 2420 4737 inodomo
2452 4683 2538 4725 tua
2567 4673 2697 4726 sicut
2723 4671 2858 4726 oliva
2903 4672 3175 4742 fructifera
3200 4679 3232 4715 ορ
3255 4714 3271 4739 ,
3310 4672 3553 4742 ﬂorescat

1960 4775 2018 4820 ut
2040 4766 2240 4838 palma,
2263 4772 2318 4821 et
2344 4763 2711 4835 multiplicetur
2730 4773 2787 4818 ut
2807 4760 3224 4819 cedrus‘Libani.

2033 4862 2089 4917 2.
2131 4860 2238 4917 Sed
2264 4854 2509 4917 revertar
2535 4857 2604 4915 ad
2641 4859 2850 4914 litteras
2877 4866 2998 4913 tuas
3022 4898 3037 4923 ,
3090 4858 3367 4927 inquibus
3406 4858 3557 4914 (trior

1965 4959 2098 5012 sicut
2131 4958 2218 5027 qui
2246 4954 2437 5012 invenit
2462 4954 2629 5025 spolia
2655 4954 2819 5008 multa
2843 4963 2868 5002 ρ
2891 4969 2910 5008 :
2940 4961 2999 5009 et
3024 4953 3152 5011 licet
3174 4952 3241 5008 de
3267 4955 3400 5010 meis
3438 4968 3556 5009 ver—

1968 5057 2051 5111 bis
2080 5052 2214 5108 nihil
2253 5048 2429 5105 simile
2470 5048 2673 5119 possim
2700 5045 2942 5111 relerre,
2996 5055 3179 5132 tamen
3227 5054 3289 5100 ut
3328 5045 3557 5102 famelici

320 5119 368 5210 0'
395 5171 416 5227 l
441 5169 636 5227 Joban.
662 5188 717 5235 lt,
751 5171 837 5227 18.
915 5172 939 5212 ιι
966 5170 1094 5228 Luc.
1128 5189 1204 5236 Ill,
1225 5174 1283 5227 -9.
1369 5184 1389 5210 ι·
1424 5170 1552 5228 Luc.
1582 5189 1695 5235 xm.
1725 5173 1778 5227 8.

1949 5188 2040 5228 .uc.
2077 5186 2167 5233 xu,
2224 5165 2329 5220 4-0..
2408 5162 2780 5236 °Ephes._tv,
2833 5160 2922 5218 26.
2985 5162 3023 5236 _‘
3056 5126 3211 5236 Psal1
3259 5176 3410 5236 x‘uu,
3467 5160 3558 5236 22.

268 5241 420 5314 juxta
451 5239 610 5297 LXX.
687 5254 714 5292 tt
747 5244 902 5300 Deut.
936 5249 1103 5307 iam,
1137 5235 1243 5305 15;
1286 5242 1304 5305 ι
1332 5241 1458 5298 Cor.
1490 5260 1544 5306 χ,
1586 5243 1622 5296 4'
1644 5262 1669 5308 ;~
1699 5242 1720 5298 Ι
1747 5243 1874 5299 Cor.
1910 5261 1984 5307 nt,
2018 5241 2101 5314 l2.
2164 5236 2207 5314 Alt
2241 5236 2328 5291 Ps.
2388 5252 2425 5314 ιἶ
2449 5235 2530 5314 ’5.

2619 5226 2805 5295 iPsal,
2855 5251 2923 5292 xi.
2984 5234 3037 5288 7.
3119 5226 3151 5281 ι’
3183 5232 3320 5287 Psal.
3359 5248 3410 5296 t.,
3470 5230 3556 5287 14.

271 5301 294 5351 ί
328 5312 471 5370 Psal.
504 5329 687 5378 uvnt,
715 5314 804 5369 50.
891 5313 900 5351 ³
938 5301 1101 5369 Prov.
1157 5301 1266 5379 xui,
1290 5302 1385 5368 i7.
1466 5314 1502 5335 ¹“
1534 5301 1663 5370 Luc.
1695 5330 1802 5377 xiv,
1839 5315 1923 5369 Η,
1974 5301 2029 5350 ἰι
2058 5311 2198 5367 Psal.
2231 5322 2374 5373 utv,
2409 5307 2494 5373 tl,
2522 5322 2630 5363 sec.
2658 5304 2819 5361 Psalt.
2901 5304 3057 5358 Rotn.
3089 5314 3143 5360 et
3173 5317 3280 5359 vet.
3360 5318 3382 5336 ι·
3418 5301 3556 5356 Psul.

268 5400 364 5453 ιι,
419 5384 503 5440 10.
582 5397 609 5437 ρ
638 5384 782 5441 Psal.
811 5402 974 5442 cxvut
998 5429 1037 5454 ,.
1068 5384 1188 5439 162.
1226 5426 1227 5429 η

348 5441 365 5500 ί
392 5475 542 5533 Alias
568 5475 633 5531 5i
663 5493 679 5541 ;
708 5441 1036 5547 qute‘autem
1064 5484 1183 5530 erat
1210 5473 1310 5540 44,
1343 5489 1486 5532 nunc
1512 5441 1603 5531 45.
1644 5475 1855 5548 Scripta
1894 5475 2106 5531 videtur
2132 5489 2276 5529 antro
2303 5469 2430 5528 506.

369 5591 425 5662 α)
454 5590 849 5662 Manuscriptus
868 5588 1038 5645 codex
1068 5587 1782 5662 Viennensisljracundiam.

368 5657 431 5733 lt),
448 5661 541 5718 Sic
566 5657 912 5717 emendatum
940 5674 1010 5713 ex
1036 5675 1138 5713 ms.
1156 5659 1367 5733 codice
1381 5657 1542 5717 ‘Vien.
1566 5658 1710 5733 llaec
1740 5676 1864 5714 cor—

175 5780 181 5786 .
270 5729 444 5793 rectio
473 5732 827 5789 conﬁrmatur
854 5746 922 5785 ex
949 5734 1108 5800 epist.
1141 5729 1216 5784 44
1239 5730 1306 5783 ad
1326 5731 1544 5801 Aprum
1573 5740 1629 5785 et
1660 5729 1861 5801 Aman—7

273 5805 398 5884 dum
417 5848 434 5873 ,
482 5820 628 5859 num.
798 5800 1181 5884 Egit-asserunt
1217 5801 1341 5884 milii
1369 5801 1556 5884 faciem
1586 5800 1761 5854 cordis
1793 5800 1866 5853 tui

275 5878 468 5936 littera
490 5886 610 5931 tua’.
645 5874 747 5929 Alii
777 5872 993 5929 codices
1015 5912 1031 5935 ,
1079 5872 1356 5926 rationalis
1372 5872 1395 5934 ⁷,
1443 5873 1514 5927 ob
1542 5886 1866 5947 concursum

1967 5585 2241 5656 sequentis
2268 5586 2461 5656 liuet-.1!
2492 5601 2537 5638 s.

2042 5652 2113 5725 (ε)
2149 5656 2203 5711 In
2235 5656 2362 5711 edit.
2399 5652 2789 5725 Rosv.idt.‘sunt
2817 5667 2979 5709 voces
3005 5668 3066 5707 ac
3092 5652 3558 5725 dilectissimis.....

1969 5723 2284 5797 peccatores.
2320 5724 2457 5779 l-lditi
2487 5724 2710 5797 codices
2724 5732 2963 5797 quatuor
2982 5723 3313 5792 pra-ferunt.
3363 5724 3569 5797 Sancto

1972 5791 2022 5852 ct
2050 5800 2235 5852 merito
2264 5797 2557 5851 renerando
2586 5813 2647 5849 ac
2678 5791 3012 5849 dilectissimo
3036 5798 3190 5848 fratri
3223 5796 3390 5864 Apro,
3423 5791 3558 5848 I'au-

1973 5870 2109 5924 linus
2138 5878 2187 5923 et
2220 5867 2491 5922 lecrasia.
