4134 6462
210 388 319 446 395

1609 368 1948 430 EPISTULA
1983 368 2143 427 XLV.

3391 362 3496 421 δθι

210 496 459 576 presenti
477 495 668 555 seculo
691 493 975 562 amisisset,
991 505 1156 565 quam
1175 488 1319 563 quod
1338 485 1730 562 propemodum
1751 487 1806 541 in
1833 489 1881 549 Α
1980 486 2035 542 ι.
2073 483 2205 554 Quae
2229 499 2356 541 vero
2383 492 2505 558 post
2524 482 2977 541 resurrectionem
3006 483 3185 576 carnis
3212 483 3266 536 tn
3296 480 3389 536 illo
3409 495 3500 535 se-

206 592 441 651 seculari
470 590 711 647 vanitate
733 593 1088 661 prteventum,
1104 584 1244 661 quia
1273 581 1505 640 necdum
1522 580 1682 636 illum
1709 579 1807 634 de-

208 682 778 743 serueratSenatoria:
795 680 1076 752 dignitatis
1097 677 1341 744 ambitio,
1366 691 1481 733 non
1499 676 1654 748 juxta
1681 689 1807 730 san-

210 786 355 835 ctam
394 785 650 836 votorum
696 791 921 834 suomm
964 774 1248 832 avaritiam
1291 772 1555 843 cogitaret
1597 784 1808 827 assum-

210 876 350 941 tum,
379 879 441 927 ut
464 868 536 929 de
566 868 941 928 conversionis
966 867 1140 938 gloria
1158 866 1457 923 transisset
1482 863 1553 920 ad
1579 863 1808 934 gloriam

208 960 627 1019 resurrectionis
647 1003 667 1031 ,
711 973 1058 1020 communem
1084 974 1212 1016 cum
1251 964 1426 1013 matre
1450 955 1693 1026 requiem
1721 968 1810 1009 co-

205 1067 516 1125 ronamque
542 1059 803 1124 capturus
821 1093 839 1120 ,
888 1051 938 1109 si
965 1050 1022 1109 in
1046 1050 1215 1122 hujus
1256 1048 1429 1107 seculi
1465 1047 1578 1105 vita
1616 1046 1810 1102 matris

203 1144 466 1217 exemplo
493 1158 713 1202 saccum
737 1150 898 1214 toga,
925 1150 982 1200 et
1001 1140 1391 1200 monasterium
1409 1138 1643 1208 senatui,
1671 1152 1810 1211 prae—

216 1238 455 1296 tulisset.

285 1329 341 1387 3.
381 1326 769 1387 Verumtamen
823 1327 967 1386 idem
1004 1328 1110 1395 vir,
1152 1337 1219 1384 ut
1258 1334 1422 1384 antea
1449 1323 1531 1399 (α)
1548 1324 1814 1383 retulisse

204 1434 308 1481 me
324 1428 458 1494 puto
475 1420 748 1478 sanctitati
770 1427 897 1490 tuae,
928 1421 1012 1476 his
1030 1418 1287 1492 operibus
1312 1417 1673 1491 locupletatus
1697 1420 1817 1474 abs-

215 1517 411 1585 cessit,
463 1521 527 1570 ut
551 1522 812 1572 materna:
836 1511 1156 1570 humilitatis
1197 1510 1540 1568 nobilitatem
1590 1509 1639 1567 si
1666 1518 1817 1567 veste

219 1625 332 1668 non
359 1609 612 1682 gesserit,
632 1615 824 1664 tamen
853 1612 1035 1661 mente
1064 1602 1395 1676 prretulerit:
1430 1602 1507 1659 ita
1532 1601 1679 1660 enim
1722 1616 1813 1657 se-

218 1703 460 1761 cundum
480 1702 703 1759 verbum
722 1698 938 1758 Domini
957 1697 1106 1754 mitis
1131 1697 1376 1754 moribus
1403 1695 1504 1753 fuit
1529 1703 1587 1753 et
1630 1695 1814 1752 humi-

218 1792 287 1853 lis
306 1793 473 1852 corde
504 1802 553 1860 ι,
586 1801 644 1849 ιιι
671 1807 779 1850 non
800 1789 1071 1847 immerito
1097 1787 1353 1845 credatur
1378 1787 1634 1845 introisse
1652 1787 1707 1844 in
1734 1804 1820 1842 re-

1908 575 2032 633 culo
2053 577 2338 633 beatorum
2366 578 2544 633 futura
2563 579 2633 633 sit
2661 577 2801 635 actio
2832 576 2932 650 (θ).
2965 584 3022 631 ιιι
3046 590 3135 630 me
3163 574 3501 642 interrogare

1907 670 2160 739 dignatus
2206 686 2290 729 es.
2336 669 2406 725 At
2451 685 2556 743 ego
2593 669 2662 727 de
2689 669 2939 741 praesenti
2958 667 3083 723 vitae
3111 680 3244 723 mete
3271 673 3417 721 statu
3445 674 3501 721 et

1910 763 2227 833 magistrum
2252 771 2309 821 et
2335 765 2602 820 medicum
2628 763 2926 835 spiritalem
2952 760 3198 825 consulo,
3222 769 3282 816 ut
3299 759 3502 817 doceas

1909 868 1998 910 me
2020 854 2205 912 facere
2225 855 2536 913 voluntates
2554 855 2674 924 Dei,
2700 855 2805 913 tuis
2827 855 3062 924 vestigiis
3082 853 3361 910 ambulare
3379 860 3507 924 post

1908 944 2205 1014 Christum,
2237 955 2295 1004 et
2321 949 2395 1022 (Ir;
2432 956 2609 1006 morte
2637 948 2740 1003 ista
2768 947 3075 1016 evangelica
3105 946 3256 1017 prius
3304 944 3502 1011 emori.

1910 1050 2016 1107 qua
2071 1036 2344 1094 carnalem
2400 1038 2787 1096 resolutionem
2811 1037 3117 1095 voluntario
3144 1036 3505 1109 prmveuimus

1911 1144 2141 1187 excessu
2164 1148 2182 1185 :
2215 1147 2325 1187 non
2354 1131 2525 1197 obitu,
2558 1132 2654 1189 sed
2680 1132 2947 1189 sententia
2973 1131 3290 1188 recedentes
3316 1131 3385 1186 ab
3404 1130 3506 1186 hu—

1907 1220 2002 1292 jus
2048 1223 2218 1279 seculi
2245 1225 2379 1295 vita,
2407 1238 2528 1297 qnze
2571 1232 2685 1281 tota
2718 1224 3074 1280 tentationum
3093 1223 3279 1295 plena,
3308 1222 3415 1289 vel,
3448 1228 3508 1275 ut

1914 1322 1975 1369 tu
2001 1313 2289 1384 aliquando
2318 1315 2386 1371 ad
2415 1332 2502 1372 me
2528 1315 2740 1372 locutus
2761 1331 2844 1385 es,
2874 1323 2986 1372 tota
3018 1316 3247 1371 tentatio
3271 1323 3377 1369 est.
3394 1311 3510 1369 Uti-

1915 1410 2042 1463 nam
2069 1422 2199 1477 ergo
2227 1409 2305 1465 sic
2332 1408 2632 1478 dirigantur
2657 1409 2759 1464 vim
2785 1423 2919 1464 meze
2962 1416 3086 1480 post
3124 1407 3356 1477 vestigia
3393 1413 3509 1472 tua,

1916 1509 1978 1556 ut
1996 1501 2247 1572 exemplo
2275 1509 2370 1557 tuo
2389 1502 2607 1558 solvens
2625 1502 3051 1558 calceamentum
3082 1509 3239 1556 vetus
3260 1499 3329 1556 de
3354 1497 3510 1571 pedi-

1915 1592 2066 1649 bus"
2088 1594 2240 1661 meis,
2269 1594 2599 1667 disrumpam
2632 1594 2843 1652 vincula
2872 1609 3014 1659 mea,
3034 1601 3102 1650 et
3137 1593 3275 1649 liber
3323 1590 3514 1649 exsul-

1916 1692 2030 1742 tem
2050 1685 2117 1741 ad
2138 1685 2456 1743 curreudam
2479 1686 2651 1753 viam;
2676 1700 2787 1757 quo
2814 1687 3019 1757 possim
3038 1684 3256 1757 assequi
3279 1686 3511 1740 mortem

1919 1776 2102 1841 istam,
2129 1793 2237 1851 qua
2264 1785 2325 1833 tu
2352 1787 2598 1833 mortuus
2626 1792 2687 1834 es
2732 1777 2860 1834 huic
2901 1776 3109 1847 seculo,
3136 1784 3198 1832 ut
3214 1776 3376 1832 vivas
3398 1774 3515 1832 Deo

220 1886 403 1958 quiem
414 1885 646 1952 Domini,
668 1882 1057 1950 Quouiamsunt
1070 1881 1303 1953 reliquiae
1319 1880 1514 1936 homini
1525 1881 1776 1953 paciﬁca"
1799 1918 1816 1946 ,
1848 1874 1894 1937 Β
1922 1870 1977 1924 in
2003 1867 2221 1925 Christo
2239 1869 2456 1926 vivente
2476 1868 2528 1925 in
2553 1876 2630 1936 te,
2652 1868 2807 1940 cujus
2826 1876 2883 1925 et
2903 1884 3054 1926 mors
3081 1877 3136 1925 et
3160 1867 3268 1924 vita
3302 1866 3361 1923 in
3387 1881 3515 1924 cor-

219 1985 274 2035 et
292 1978 550 2034 mansueti
577 1975 911 2049 possidebunt
937 1980 1133 2029 terram
1164 1984 1211 2041 ο,
1237 1973 1498 2044 placentes
1521 1970 1635 2028 Deo
1661 1973 1717 2027 in
1737 1987 1820 2027 rr-

209 2070 374 2144 fioue
390 2070 616 2125 virorum
631 2064 685 2123 ἀ.
702 2065 838 2124 Nam
856 2071 1006 2122 certe
1020 2071 1077 2121 et
1095 2062 1227 2121 illud
1248 2062 1495 2135 Apostoli
1518 2078 1629 2119 non
1637 2062 1822 2120 solum

218 2159 387 2217 tacito
416 2158 614 2216 mentis
656 2154 875 2225 affectu,
902 2154 999 2213 sed
1020 2154 1407 2227 etconspieuis
1425 2154 1504 2225 ﬁt)
1534 2153 1824 2226 religiosus

221 2249 466 2322 Implevit
490 2247 703 2316 ciliciis,
733 2256 793 2305 ut
810 2254 1105 2306 cum-esset
1124 2248 1359 2305 altorum
1386 2247 1552 2319 hujus
1577 2247 1745 2305 seculi
1771 2250 1824 2303 in

221 2342 415 2399 ordine
428 2350 486 2399 et
496 2341 707 2399 honore
723 2339 1068 2410 collega,non
1088 2346 1269 2396 tamen
1286 2348 1353 2397 ut
1363 2338 1824 2414 gloriosustemc,

222 2432 334 2488 alta
352 2439 630 2504 saperet',
648 2430 1025 2489 sedutChristi
1050 2428 1322 2501 perfectus
1343 2430 1586 2488 imitator
1616 2431 1828 2487 humili-

226 2521 327 2578 bus
353 2521 705 2588 consentiret,
732 2529 792 2578 et
818 2528 935 2578 tota
957 2520 1120 2578 etiam
1140 2520 1227 2578 die
1255 2520 1500 2579 misereri
1515 2530 1572 2579 et
1591 2537 1830 2579 commo-

226 2613 357 2669 dare
384 2611 702 2683 pers'mtoret
719 2608 763 2668 ί.
781 2609 934 2669 Unde
957 2620 1204 2670 etamen
1238 2613 1402 2685 θῦε
1426 2611 1543 2686 ejus
1562 2621 1745 2686 potens
1770 2614 1827 2669 in

228 2714 367 2763 terra
398 2715 426 2756 ι
458 2706 660 2764 factum
683 2714 791 2773 est,
814 2704 1081 2764 inter-eos
1099 2705 1195 2778 qui
1222 2706 1297 2778 (ε)
1340 2706 1422 2784 dii
1463 2708 1626 2780 fortes
1672 2716 1829 2764 terra

227 2799 445 2855 Iniurium
463 2797 647 2853 stanti
670 2807 797 2854 sunt
821 2793 852 2836 δ
875 2815 891 2852 :
923 2797 1166 2855 utetiam
1185 2796 1255 2855 de
1273 2797 1588 2856 beatissima
1608 2795 1827 2856 familiae

230 2903 296 2946 ac
320 2889 517 2947 domus
541 2889 663 2961 ejus
690 2888 1003 2945 visitatione
1030 2898 1277 2947 sanctum
1306 2889 1545 2946 hominis
1560 2890 1828 2949 meritum

232 2981 521 3038 reveletur.
573 2979 874 3051 Gmratio,
926 2980 1119 3053 inquit,
1167 2990 1423 3038 rectorum
1451 2982 1826 3040 benedicatur:

229 3073 402 3146 gloria
441 3088 552 3130 non
581 3073 814 3143 caduca;
843 3083 894 3130 et
923 3075 1116 3131 divitia
1143 3089 1253 3131 non
1280 3073 1523 3132 labentes
1571 3076 1629 3132 in
1674 3084 1827 3135 domo

230 3166 376 3237 ejus;
408 3167 487 3238 (ά)
516 3168 682 3225 domo
708 3183 829 3241 qua:
848 3168 1145 3226 mdillcatur
1171 3169 1228 3227 in
1265 3171 1436 3236 cmlis,
1485 3184 1594 3229 non
1643 3172 1830 3230 labore

1924 1973 2060 2031 pore
2081 1969 2196 2030 tuo,
2218 1969 2276 2018 et
2311 1961 2498 2031 corde,
2528 1969 2587 2018 et
2612 1976 2710 2019 ore
2734 1960 3111 2030 cognoscitur;
3137 1960 3264 2032 quia
3281 1975 3402 2015 non
3429 1973 3516 2016 sa-

1925 2050 2006 2124 pit
2048 2065 2148 2108 cor
2181 2059 2344 2108 mum
2391 2058 2631 2117 terrena,
2679 2068 2780 2108 nec
2818 2069 2880 2108 os
2907 2061 3059 2109 tuum
3085 2051 3325 2122 loquitur
3349 2064 3524 2123 opera

1925 2144 2235 2212 hominum;
2281 2144 2381 2203 sed
2432 2145 2655 2202 verbum
2702 2144 2904 2205 Christi
2950 2143 3189 2201 abundat
3217 2144 3271 2201 in
3296 2150 3517 2216 pectore

1925 2247 2022 2295 tuo
2057 2236 2100 2307 ί,
2121 2246 2178 2297 et
2196 2238 2430 2311 Spiritus
2450 2241 2696 2298 veritatis
2718 2239 3010 2297 edunditur
3029 2239 3084 2295 in
3105 2239 3285 2308 lingua
3308 2245 3401 2294 tua
3421 2252 3519 2295 stl-

1926 2332 2083 2404 perni
2110 2329 2343 2388 ﬂuminis
2364 2332 2568 2405 impetu
2590 2333 2873 2389 laztiticans
2890 2333 3167 2390 civitatem
3196 2332 3292 2388 Dei
3315 2327 3361 2388 ι’.

1999 2423 2052 2481 5.
2084 2424 2223 2494 Quae
2240 2435 2423 2483 autem
2448 2426 2621 2483 virtus
2640 2426 2782 2483 hanc
2808 2427 2862 2482 in
2892 2426 3048 2484 nobis
3074 2426 3239 2484 eﬂicit
3262 2436 3519 2494 mortem.

1927 2517 2028 2575 nisi
2049 2518 2250 2575 caritas
2276 2534 2397 2589 qua:
2417 2520 2569 2594 fortis
2590 2528 2674 2575 est
2700 2529 2756 2574 ut
2783 2536 2922 2575 mors
2957 2518 3025 2575 ιι
3054 2519 3211 2592 267
3229 2518 3333 2575 'Sic
3372 2517 3521 2575 enim

1928 2612 2184 2669 obliterat
2228 2613 2388 2670 nobis
2439 2622 2495 2669 et
2542 2614 2761 2685 perimit
2785 2614 2890 2669 hoc
2927 2613 3192 2682 seculum,
3222 2620 3282 2668 ut
3300 2610 3521 2683 impleat

1929 2706 2121 2761 mortis
2148 2705 2398 2763 eﬂ'ectum
2427 2722 2525 2778 per
2552 2705 2804 2762 allectum
2827 2704 3047 2771 Christi,
3072 2703 3125 2759 in
3172 2717 3336 2774 quem
3384 2718 3521 2760 con-

1928 2799 2092 2865 versi,
2122 2800 2417 2856 avertimur
2435 2799 2504 2855 ab
2532 2799 2636 2855 hoc
2656 2797 2880 2868 mundo,
2922 2797 3083 2854 et‘cui
3113 2797 3374 2862 viventes,
3405 2812 3522 2852 mo-

1929 2890 2099 2947 rimur
2149 2890 2222 2948 ab
2248 2891 2535 2964 elementis
2580 2890 2739 2960 hujus
2764 2888 2972 2946 mundi.
2996 2889 3107 2947 Nec
3137 2898 3411 2962 tamquam
3437 2889 3524 2944 vi-

1931 2989 2120 3039 ventes
2157 2984 2210 3038 in
2238 2997 2430 3039 eorum
2476 2990 2772 3054 conspectu
2804 2983 2866 3053 (ί)
2901 2982 3127 3051 visuque
3157 2982 3222 3054 (ja
3267 2981 3519 3037 decerni-

1930 3088 2051 3129 mus
2083 3069 2103 3110 ι
2124 3091 2139 3141 ;
2162 3071 2288 3142 quia
2318 3073 2497 3145 portio
2526 3082 2712 3128 nostra
2741 3088 2891 3129 mors
2916 3072 3116 3129 Christi
3145 3080 3247 3140 est,
3296 3071 3453 3143 cujus
3492 3087 3526 3127 a

1930 3165 2159 3225 mortuis
2172 3167 2632 3225 resurrectionem
2655 3182 2764 3222 non
2780 3166 3230 3238 apprehendimus
3246 3166 3309 3223 in
3329 3166 3524 3237 gloria.

234 3274 511 3328 manuum,
539 3258 637 3315 sed
665 3275 890 3332 operum
910 3261 1218 3318 sanctitate.
1242 3260 1350 3318 Sed
1377 3278 1536 3321 cesso
1570 3264 1724 3335 plura
1759 3266 1828 3324 de
1854 3266 1903 3332 C
1932 3260 2033 3318 nisi
2084 3271 2316 3317 mortem
2362 3260 2521 3329 hujus
2548 3260 2602 3315 in
2650 3275 2811 3315 cruce
2840 3259 3176 3315 Inortiticatis
3194 3258 3452 3314 membris
3472 3267 3530 3313 ct

232 3351 498 3407 memoria
520 3361 631 3407 tam
657 3351 838 3408 dilecti
867 3352 999 3408 mihi
1023 3366 1184 3423 quam
1208 3354 1393 3410 devoti
1418 3354 1636 3413 Christo
1663 3356 1836 3414 homi-

234 3442 324 3499 nis
352 3457 629 3511 enarrare,
660 3459 783 3502 cum
809 3450 869 3500 et
895 3444 1136 3516 pristinis
1162 3444 1357 3502 litteris
1384 3462 1492 3503 non
1520 3462 1693 3519 pauca
1737 3465 1832 3507 sn-

234 3550 336 3607 per
378 3551 447 3592 eo
500 3552 754 3593 narrasse
799 3551 890 3594 me
927 3546 1176 3610 reputem
1203 3538 1246 3609 ⁸,
1295 3548 1351 3595 et
1377 3539 1510 3597 nihil
1542 3542 1746 3613 possim
1764 3544 1837 3600 de

235 3628 397 3683 beata
426 3627 586 3696 hujus
615 3628 706 3683 tilii
735 3636 933 3700 matre,
975 3636 1032 3685 et
1057 3638 1372 3687 sanctorum
1402 3634 1476 3702 (e)
1506 3633 1625 3706 pari
1653 3635 1836 3694 radice

236 3734 538 3791 ramorum,
568 3720 798 3778 Mclanio
830 3720 926 3794 (V.
949 3730 1065 3780 not.
1097 3723 1224 3793 158)
1257 3725 1449 3782 melius
1473 3734 1569 3782 aut
1596 3730 1837 3787 sanctius

237 3812 559 3885 praedicare,
588 3827 749 3884 quam
778 3815 1038 3872 sanctitas
1070 3825 1159 3871 tua
1190 3818 1241 3872 in
1262 3832 1386 3873 eam
1415 3817 1615 3889 profari
1643 3829 1699 3877 et
1722 3821 1835 3878 dis-

239 3912 436 3976 putare
475 3903 692 3976 dignata
740 3913 856 3974 est;
888 3913 948 3963 ut
971 3906 1097 3978 quia
1135 3922 1237 3979 ego
1283 3917 1537 3980 peccator
1560 3911 1837 3969 immunda

240 3996 387 4053 labia
406 3997 629 4065 habens,
647 3998 786 4054 nihil
813 3998 1032 4070 dignum
1064 4000 1213 4071 loqui
1242 4009 1549 4073 potueram,
1603 4013 1663 4059 ut
1713 4005 1837 4064 lon-

240 4089 480 4160 ginquus
504 4104 535 4146 a
555 4090 762 4147 meritis
782 4089 905 4148 ﬁdei
926 4091 1066 4162 ejus,
1097 4093 1399 4164 animmque
1440 4096 1756 4165 virtutibus;
1778 4106 1839 4156 tu

243 4180 337 4237 ille
354 4180 441 4236 vir
465 4179 686 4250 Christi,
712 4183 904 4240 doctor
925 4184 994 4257 (Ι)
1018 4182 1192 4240 lsrael
1220 4185 1274 4241 in
1298 4184 1542 4243 Ecclesia
1567 4189 1835 4262 veritatis,

244 4281 573 4344 procurante
626 4273 680 4331 iu
732 4274 926 4332 melius
979 4275 1075 4333 Dei
1102 4278 1296 4345 gratia,
1324 4280 1602 4351 parareris
1626 4281 1842 4353 dignior

245 4370 358 4419 tam
378 4362 547 4422 virilis
571 4365 627 4422 in
653 4364 868 4424 Christo
896 4368 1089 4424 anima:
1117 4369 1464 4442 praedicator,
1486 4373 1577 4445 qui
1606 4382 1662 4430 et
1688 4391 1840 4433 men-

249 4464 359 4512 tem
389 4455 505 4527 ejus
519 4456 700 4514 divina
724 4460 919 4516 virtute
950 4460 1234 4530 ﬁrmatam,
1257 4472 1316 4521 ut
1333 4463 1468 4531 dixi,
1493 4466 1686 4539 spiritu
1711 4484 1842 4540 pro-

247 4548 784 4622 pioreconspiceres,
837 4560 895 4609 et
936 4553 1161 4611 mixtam
1187 4572 1314 4613 cum
1339 4558 1539 4616 virtute
1579 4558 1839 4633 pietatem

250 4642 470 4711 eloquio
494 4643 742 4716 digniore
769 4645 1038 4704 laudares.

1929 3354 2179 3411 sensibus
2222 3352 2402 3409 carnis
2439 3352 2710 3408 imitemur
2731 3362 2800 3420 II;
2849 3361 2910 3407 ut
2930 3350 3048 3423 jam
3077 3366 3184 3407 non
3213 3361 3398 3407 nostra
3427 3367 3526 3406 vo~

1932 3445 2140 3503 luntate
2162 3445 2425 3513 vivamus,
2450 3445 2545 3501 sed
2568 3444 2710 3499 illius
2728 3444 2882 3515 cujus
2901 3443 3152 3501 voluntas
3171 3442 3528 3513 sanctiﬁcatio

1934 3548 2121 3597 nostra
2169 3549 2276 3606 est,
2331 3547 2389 3594 et
2427 3538 2519 3611 qni
2541 3538 2665 3595 ideo
2682 3553 2783 3610 pro
2807 3538 2962 3594 nobis
2982 3544 3229 3594 mortuus
3254 3545 3338 3594 cst
3357 3545 3413 3593 et
3439 3551 3531 3593 re-
3572 3554 3579 3559 ·

1934 3634 2189 3701 surrexit,
2221 3642 2280 3688 ut
2300 3631 2415 3703 jam
2446 3647 2555 3688 non
2577 3631 2755 3698 nobis,
2785 3630 2879 3686 sed
2910 3631 2986 3686 illi
3017 3629 3279 3695 vivamus,
3309 3629 3401 3700 qui
3428 3644 3529 3700 pro

1937 3725 2097 3783 nobis
2114 3734 2357 3781 mortuus
2375 3730 2462 3780 est
2480 3733 2536 3780 et
2563 3723 2880 3791 resurrexit,
2901 3731 2958 3777 et
2982 3721 3131 3779 dedit
3146 3721 3313 3778 nobis
3338 3721 3530 3793 pignus

1935 3818 2371 3892 repromissionis
2395 3831 2508 3875 suae
2527 3816 2732 3891 Spiritu
2759 3832 2879 3884 suo,
2904 3816 3043 3872 sicut
3071 3817 3264 3889 pignus
3281 3816 3405 3871 vitae
3424 3829 3528 3870 no-

1935 3923 2063 3970 strre
2090 3913 2268 3985 posuit
2294 3911 2527 3970 invcmlis
2553 3912 2606 3967 in
2627 3926 2860 3983 corpore
2887 3926 3007 3978 suo,
3037 3909 3183 3982 quod
3209 3917 3293 3966 est
3317 3919 3480 3981 caput
3505 3910 3530 3942 ⁸

1935 4004 2182 4077 corporis
2201 4004 2394 4061 nostri.
2425 4003 2577 4060 Unde
2606 4002 2748 4059 nunc
2768 4004 3105 4073 exspectatio
3130 4013 3314 4060 ncrstra
3342 4003 3529 4060 Domi-

1939 4112 2041 4153 nus
2059 4105 2144 4154 est
2166 4104 2217 4162 ³,
2240 4104 2297 4152 et
2323 4096 2623 4151 substantia
2649 4109 2768 4165 qua:
2788 4095 2856 4151 ab
2886 4095 3001 4165 ipso
3030 4093 3170 4151 facta
3192 4102 3270 4149 est
3294 4094 3438 4166 apud
3458 4096 3531 4168 ip-

1938 4202 2081 4256 sum,
2100 4196 2159 4243 et
2177 4186 2231 4242 in
2260 4186 2400 4257 ipso,
2423 4194 2480 4242 et
2504 4200 2599 4257 per
2628 4185 2820 4255 ipsum,
2867 4184 2922 4257 ἑ)
2951 4184 3045 4255 qui
3063 4185 3431 4242 conformatus
3451 4195 3537 4243 est

1937 4278 2156 4349 corpori
2182 4276 2503 4336 humilitatis
2544 4285 2767 4343 nostrae,
2800 4285 2858 4331 ut
2886 4292 2987 4333 nos
3011 4274 3378 4334 conformaret
3404 4293 3531 4335 cor-

1940 4369 2063 4442 pori
2088 4369 2274 4440 gloria
2298 4384 2429 4433 suae,
2459 4376 2515 4425 et
2535 4383 2719 4425 secum
2744 4370 2797 4424 in
2824 4369 3133 4426 cmlestibus
3160 4370 3455 4428 collocaret
3482 4380 3532 4428 °.

1943 4461 2238 4535 Propterea
2256 4471 2314 4519 et
2338 4462 2431 4533 qui
2460 4461 2607 4534 digni
2638 4461 2963 4519 fueriutvita
2986 4471 3214 4532 actema,
3265 4471 3427 4520 erunt
3476 4465 3531 4521 in

1942 4558 2113 4630 gloria
2157 4557 2308 4627 regni
2335 4556 2475 4627 ejus,
2526 4565 2585 4611 ut
2622 4544 2746 4612 eum
2790 4555 2911 4628 ipso
2931 4555 3061 4624 sint,
3083 4556 3221 4612 sicut
3243 4556 3534 4627 Apostolus

1870 4651 1918 4711 D
1941 4655 2038 4723 ait,
2067 4664 2268 4712 etcum
2296 4651 2415 4725 ipso
2433 4656 2708 4716 maneant,
2735 4650 2877 4706 sicut
2916 4659 2971 4706 et
2998 4650 3114 4720 ipse
3165 4649 3427 4708 Dominus
3462 4653 3532 4709 ad

325 4765 353 4810 ε
383 4756 571 4844 glatth.
606 4758 830 4844 “~29.”
855 4759 903 4844 ,ξ’
931 4760 1073 4844 Psal.
1107 4780 1308 4844 xx_xvt,_
1341 4766 1465 4844 §7._
1512 4778 1536 4808 ε
1561 4768 1750 4844 Matth.
1804 4789 1827 4826 ι

1926 4813 1939 4844 .
2014 4770 2044 4811 ει
2074 4770 2215 4844 Psal.
2244 4770 2463 4844 cxtv,_9.
2494 4843 2501 4844 γ
2542 4778 2569 4810 ο
2599 4768 2912 4844 llom.__xu._
2958 4766 3046 4844 l_6.
3128 4766 3147 4806 ί
3174 4766 3531 4844 Ρδειιηχιιιί,

248 4825 513 4910 ﬁgam}
537 4844 644 4910 gn,
671 4829 724 4886 5.
784 4829 996 4910 _8_Psal.
1017 4849 1129 4910 5:19,
1159 4836 1213 4890 2.
1284 4825 1324 4876 ἰι
1346 4837 1486 4895 Psal.
1511 4825 1654 4906 xm.
1680 4825 1766 4898 ιο.
1822 4825 1866 4883 ἶ
1895 4825 2016 4900 Col.
2046 4825 2265 4910 nulli;
2300 4825 2333 4893 7i
2374 4825 2529 4898 'Psal.
2577 4825 2718 4907 xcv,
2770 4839 2823 4896 5.
2897 4825 2928 4880 ῖ
2958 4840 3115 4898 Cant.
3156 4856 3265 4908 vni,
3304 4825 3371 4910 V6,
3404 4825 3531 4903 sec:

251 4896 417 4954 ιιι.
493 4896 665 4959 lCol.
697 4901 873 4971 11,20.
948 4896 1442 4975 ωιτιιεεε.ιν,δ.
1518 4896 1821 4971 ψέλιά

1926 4896 2122 4997 ε’;”ε;“’
2160 4923 2186 4950 ο
2214 4912 2234 4970 ι
2264 4896 2555 4979 Theseis,
2586 4896 2673 4968 l6.

324 5010 405 5083 (α)
425 5008 504 5067 lta
532 5028 630 5069 ms.
654 5013 1121 5074 Phimarconensis
1147 5019 1319 5077 codex
1358 5030 1412 5078 et
1450 5022 1582 5080 edit.
1635 5022 1837 5082 Bened.

253 5081 421 5150 Alias,
452 5085 602 5138 retuli
623 5103 688 5140 ea:
715 5096 830 5143 voto
850 5091 1145 5146 sanctitatis
1176 5100 1295 5147 tute.

325 5154 404 5237 tbi
430 5152 520 5237 Sic
539 5157 668 5212 edit.
691 5156 893 5214 Bened.
917 5156 1016 5216 Ed.
1041 5159 1227 5230 Rosv.,
1260 5163 1537 5236 religiosis.
1564 5163 1839 5234 Sacchitn,

255 5225 540 5297 religionis.

257 5296 624 5423 coltgl:ddita
649 5314 757 5355 vox
783 5299 858 5356 dii
879 5316 947 5358 ex
972 5301 1103 5359 edit.
1154 5304 1360 5362 Bened.
1392 5321 1514 5363 cum
1543 5322 1674 5364 mss.
1714 5308 1839 5365 cod.

329 5438 411 5508 (τι)
439 5434 515 5493 Ita
537 5439 667 5495 edit.
698 5439 900 5499 Beued.
925 5444 1064 5500 Ante
1085 5457 1202 5502 erat
1225 5447 1427 5503 domus.

327 5516 398 5579 (ε)
424 5507 589 5579 Juxta
618 5527 722 5567 ms.
751 5513 995 5571 codicem
1052 5515 1562 5576 Phimarconensem
1610 5527 1665 5576 et
1710 5520 1840 5576 edit.

259 5578 879 5664 Bened.gmemlavimm
896 5588 1033 5655 pari.
1054 5586 1191 5664 Vera
1214 5589 1394 5664 lectio,
1416 5605 1537 5664 cum
1558 5598 1684 5646 ante
1706 5600 1847 5647 esset

260 5658 425 5729 putre.
470 5650 590 5729 Sic“
606 5650 864 5729 Paulinus
889 5650 1076 5729 noster
1102 5661 1259 5729 epist.
1292 5660 1361 5715 52
1381 5650 1453 5716 ad
1481 5658 1764 5727 Severum,
1790 5679 1843 5716 ιι.

263 5720 350 5788 Π,
380 5738 505 5802 patre
547 5720 824 5802 Gergasio;
852 5735 909 5783 et
930 5728 1088 5802 epist.
1126 5720 1188 5784 f8
1217 5730 1284 5786 ad
1312 5730 1647 5802 Victricium,
1679 5720 1761 5787 n.'
1787 5731 1841 5794 5.

261 5791 388 5869 pare
414 5791 721 5869 formatio,
751 5791 870 5853 et'te
896 5791 1166 5856 amborum
1192 5802 1460 5869 magistro.
1632 5791 1643 5802 ’
1820 5804 1829 5811 ’

334 5865 400 5929 {ft
426 5861 553 5920 limo
574 5882 679 5922 vox
699 5866 899 5924 inserta
918 5885 984 5925 ex
1004 5871 1240 5930 editione
1260 5861 1459 5931 Eleued.
1483 5872 1575 5930 Sic.
1593 5872 1846 5933 Paulinus

263 5948 347 6006 ep.
383 5934 452 5990 50
479 5935 545 5990 ad
570 5936 811 6003 August..
838 5955 893 5995 η.
924 5939 977 5995 9..

542 6031 815 6093 Parant.
866 6034 1025 6097 LXI.

2018 5029 2096 5098 (ς)
2118 5026 2485 5098 Expunximus
2512 5041 2723 5093 vocem,
2753 5034 2954 5091 nostra,
2984 5040 3105 5096 qua:
3133 5027 3321 5085 aberat
3369 5045 3399 5085 a
3428 5046 3532 5086 ms.

1945 5098 2612 5174 codicegl’bimarconensi
2629 5106 2686 5154 et
2712 5099 2841 5174 edit.
2872 5098 3095 5165 Beued.,
3114 5107 3169 5154 ct
3188 5114 3308 5170 quin
3336 5116 3533 5174 perpe-

1944 5187 2062 5228 ram
2089 5171 2384 5227 addcbatur
2413 5171 2465 5225 in
2487 5170 2722 5224 editione
2750 5168 2912 5224 Rnsv.

2020 5242 2096 5314 (h)
2138 5242 2228 5314 Sic
2267 5256 2373 5314 ius.
2428 5242 2599 5298 codex
2645 5239 2909 5314 Phimarc.
2933 5252 2987 5295 et
3010 5240 3139 5314 edit.
3164 5239 3364 5298 Bcned.
3396 5242 3536 5301 Vide

1947 5312 2101 5382 seqq.
2137 5312 2454 5384 Ed._llosv.,
2484 5321 2699 5367 mortem
2729 5313 2882 5365 istam
2911 5313 3277 5384 evangelicum.

2022 5384 2085 5455 (ir)
2117 5383 2212 5455 Ms.
2243 5382 2538 5455 Phi_marc.,
2567 5398 2780 5455 usuque.

2024 5452 2302 5525 tj:_Editio
2324 5453 2514 5525 Rosv.,
2543 5452 2881 5517 devehuntur,
2928 5453 3086 5508 male.
3122 5452 3538 5513 Emendavimus

1949 5540 2014 5580 ex
2042 5523 2176 5580 edit.
2208 5524 2406 5580 Bened.
2436 5525 2777 5589 decernimus,
2796 5534 2850 5578 et
2870 5525 2947 5578 sic
2970 5524 3251 5594 legendum
3270 5543 3285 5590 ;
3303 5529 3529 5594 respici-

1951 5605 2039 5669 tur
2074 5598 2218 5651 enim
2248 5595 2398 5669 locus
2425 5594 2725 5669 adColoss.
2759 5612 2814 5669 ιι,
2848 5610 2898 5669 v.
2920 5668 2923 5669 ν
2946 5593 3016 5649 ‘20
3048 5613 3061 5650 :
3107 5596 3319 5669 Sigergo
3340 5593 3538 5669 manui

1947 5668 2070 5722 estis
2099 5682 2214 5720 cum
2237 5667 2437 5722 Christo
2458 5666 2523 5740 ab
2548 5664 2811 5740 elementis
2837 5666 2899 5718 Im
2898 5668 2986 5740 jus
3009 5667 3207 5732 mundi,
3224 5664 3348 5740 quid
3369 5670 3539 5723 adhuc

1949 5746 2213 5809 tamquam
2237 5739 2456 5809 viueutes
2482 5739 2535 5791 in
2553 5738 2750 5809 munito
2772 5738 3065 5809 decernitis.

2025 5805 2206 5879 (ιέῌιιι
2236 5810 2364 5864 edit.
2390 5807 2589 5864 Bened.
2615 5816 2670 5862 et
2693 5805 2946 5862 l’aulimts
2972 5808 3131 5879 epist.
3163 5808 3251 5875 ll,
3275 5825 3329 5864 n.
3362 5808 3416 5864 2.
3469 5809 3538 5862 At

1951 5879 2082 5934 edit.
2110 5878 2295 5944 Rosv.,
2320 5882 2404 5952 qui
2426 5881 2777 5951 conformatus
2806 5889 2883 5933 rs!
2908 5878 3111 5947 conteri
3133 5880 3314 5939 alariae
3332 5898 3458 5935 sum.
3481 5888 3536 5933 ut

1847 6000 1852 6005 .
1954 5966 2145 6018 ιρι-ωτι,
2174 5958 2277 6008 etc.

3141 6043 3218 6109 13
