4134 6420
494 308 601 388 eos

1616 325 1672 381 S.
1716 321 1989 379 PAULlNl
2028 320 2279 379 NOLANI
2318 319 2621 377 EPISCOPl

3664 303 3772 367 393

492 443 707 522 Patrem
742 443 916 499 dixit:
991 441 1118 498 Volo
1166 447 1222 493 ut
1269 437 1354 493 ubi
1410 454 1501 509 ego
1551 454 1685 509 sum,
1744 444 1794 495 et
1835 435 1916 492 illi
1962 434 2066 491 sint
2092 442 2142 497 Α
2172 449 2305 491 voce
2325 439 2586 505 perpetua
2606 424 2953 490 concinentes
2971 426 3155 484 dicant
3181 428 3492 522 :‘Sanctus,
3532 435 3771 492 sanctus,

488 530 687 593 mecum
718 544 767 592 κ.

558 649 610 705 6.
638 649 768 708 Sine
785 649 949 707 dubio
976 650 1081 706 hoc
1096 648 1225 705 illud
1244 655 1346 716 est,
1370 646 1514 718 quod
1536 647 1590 702 in
1618 645 1847 701 Psalmis
1868 643 2066 699 habes:

491 739 638 795 Beati
663 740 751 811 qui
776 736 1086 795 habitantia
1115 739 1268 794 domo
1311 745 1418 804 tua,
1475 737 1531 792 in
1568 736 1745 791 secula
1784 733 2071 813 seculorum

487 831 775 888 laudabunt
803 841 851 888 te
877 831 927 888 ιδ.
953 826 1090 887 Puto
1118 838 1298 885 autem
1327 829 1467 885 hanc
1508 826 1871 883 laudationem
1921 824 2070 881 voci-

488 926 589 981 bus
615 925 1012 995 conciuentiutn
1031 938 1152 980 esse
1172 921 1557 995 promendum;
1580 920 1683 977 etsi
1710 920 2071 974 immutabun-

490 1024 580 1083 tur
604 1020 913 1072 sanctorum
940 1014 1332 1084 resurgentium
1354 1027 1604 1083 corpora,
1636 1019 1695 1066 ut
1720 1011 1827 1065 sint
1853 1010 1992 1066 sicut
2018 1014 2075 1063 et

489 1097 703 1166 Domini
723 1124 920 1181 corpus
940 1117 1065 1180 post
1091 1106 1543 1165 resurrectionem
1565 1104 1833 1176 apparuit,
1858 1103 1913 1158 in
1964 1117 2073 1172 quo

488 1202 676 1273 utique
702 1201 1115 1259 resurrectionis
1141 1201 1389 1275 humanae
1415 1200 1534 1253 viva
1558 1197 1735 1266 imago
1783 1195 2071 1268 praefulsit;

490 1299 551 1347 ut
569 1289 828 1348 Dominus
851 1291 989 1362 ipse,
1004 1291 1098 1361 qui
1120 1276 1173 1346 in
1193 1304 1424 1360 corpore
1451 1291 1589 1369 ipso,
1613 1303 1721 1359 quo
1750 1302 1940 1359 passus
1963 1285 2073 1341 fuc-

492 1384 583 1439 rat
614 1390 669 1439 et
696 1391 1092 1452 resurrexerat,
1121 1382 1273 1452 quasi
1302 1380 1577 1451 speculum
1604 1376 2074 1448 contemplationis

489 1473 942 1536 omnibusl‘uerit.
966 1475 1068 1543 Qui
1096 1476 1282 1545 utique
1304 1489 1423 1530 cum
1454 1474 1510 1531 in
1537 1472 1727 1529 eadem
1757 1486 1940 1535 carne,
1968 1482 2071 1541 qua

487 1578 734 1642 mortuus
779 1574 835 1626 et
876 1569 1125 1639 sepultus
1181 1567 1373 1632 fuerat,
1402 1566 1800 1631 resurrexisset,
1834 1562 2072 1620 omnium

489 1662 669 1720 omnia
697 1660 876 1718 oﬂicia
895 1663 915 1695 ⁷
937 1662 1303 1718 membrorum
1330 1674 1583 1730 expressa
1634 1658 1803 1715 oculis
1830 1668 1885 1712 et
1929 1656 2074 1712 auri-

487 1758 590 1815 bus
627 1739 906 1813 luiminum
960 1769 1103 1826 sape
1155 1754 1233 1826 (a)
1285 1753 1483 1809 collata
1537 1752 1797 1808 exhibuit.
1845 1748 2000 1817 Quod
2027 1749 2073 1805 si

2172 536 2383 581 sanctus
2434 524 2689 579 Dominus
2737 519 2876 578 Deus
2932 519 3170 577 Sabaoth
3202 516 3245 588 τ,
3288 527 3344 575 et
3387 518 3599 589 reliqua
3649 529 3776 589 quia

2174 616 2335 673 nosti.

2242 732 2295 786 7.
2328 730 2444 786 Hoc
2462 740 2545 785 est
2565 742 2694 798 ergo
2720 728 2867 800 quod
2910 742 3113 798 egenus
3141 734 3200 782 et
3218 740 3427 798 pauper
3444 739 3548 796 ego
3576 724 3669 781 ille
3690 729 3778 779 in-

2172 823 2373 894 sipiens
2394 829 2449 878 et
2479 821 2732 892 parvulus
2763 829 2905 886 tuus,
2931 834 3094 891 quem
3115 827 3177 873 ut
3202 832 3366 874 verus
3390 818 3610 889 sapiens
3631 816 3777 874 ferro

2173 914 2470 982 consuesti,
2491 927 2623 983 rogo
2653 921 2712 967 ut
2737 927 2825 967 me
2843 911 3126 968 scientiam
3154 911 3236 966 vel
3267 909 3581 981 opinionem
3607 923 3776 980 super

2174 1008 2276 1064 hac
2303 1015 2448 1062 tuam
2477 1006 2694 1072 doceas,
2738 1004 2861 1074 quia
2906 1004 3022 1060 scio
3072 1011 3126 1058 te
3170 1002 3533 1058 illuminatum
3577 1001 3776 1073 spiritu

2173 1098 2515 1155 revelationis
2544 1099 2612 1152 ah
2640 1096 2915 1167 ipsojduce
2940 1106 2997 1151 et
3024 1094 3172 1151 fonte
3191 1096 3548 1166 sapientium,
3581 1101 3642 1149 ut
3664 1091 3791 1171 sico'r

2175 1202 2236 1247 ut
2259 1192 2532 1263 praeterita
2554 1191 2878 1261 cognovisti,
2911 1198 2964 1245 et
3005 1189 3288 1260 praesentia
3316 1186 3489 1257 vides,
3511 1196 3587 1243 tta
3607 1189 3774 1243 etiam

2175 1283 2244 1338 de
2270 1281 2460 1338 futuris
2480 1281 2714 1338 :estimes
2746 1280 2787 1312 ⁸³
2827 1280 2957 1349 quid
2985 1295 3211 1335 censeas
3237 1280 3306 1336 de
3332 1279 3417 1335 his
3465 1279 3775 1335 ccelestium

2173 1384 2565 1440 creaturarum,
2589 1374 2675 1429 vel
2703 1375 2866 1429 etiam
2896 1389 3059 1443 super
3084 1374 3253 1429 ctelos
3282 1374 3339 1428 in
3362 1382 3662 1444 conspectu
3681 1373 3778 1430 Al—

2175 1470 2366 1525 tissimi
2389 1469 2683 1536 agentium,
2705 1467 2929 1523 vocibus
2947 1467 3309 1536 sempiternis,
3336 1466 3533 1536 quibus
3555 1464 3777 1521 tandem

2175 1559 2393 1628 organis
2444 1559 2836 1629 exprimantur.
2879 1555 3135 1624 Quamvis
3181 1557 3323 1611 enim
3374 1556 3671 1626 Apostolus
3694 1555 3781 1611 die

2175 1653 2369 1718 cendo,
2389 1652 2449 1707 Si
2480 1653 2670 1724 linguis
2689 1651 2993 1723 angelorum
3021 1650 3204 1721 loquar
3225 1659 3271 1713 κ,
3288 1650 3569 1720 proprium
3584 1663 3780 1718 quem-

2174 1744 2295 1800 dam
2326 1744 2448 1799 illos
2475 1759 2585 1799 sua:
2617 1751 2841 1804 naturte,
2873 1744 2978 1811 vel,
3012 1750 3069 1797 ut
3092 1743 3164 1797 ita
3186 1743 3436 1807 dixerim,
3465 1743 3645 1812 gentis
3674 1742 3776 1795 ha-
3866 1759 3873 1765 ·

488 1850 652 1906 etiam
679 1848 882 1919 angeli,
904 1862 1133 1918 quorum
1163 1846 1478 1916 simpliciter
1519 1845 1771 1915 spiritalis
1800 1852 1882 1900 est
1918 1857 2071 1904 c.ea-
2107 1826 2146 1883 Β
2176 1836 2305 1892 bere
2359 1849 2664 1891 sermonem
2710 1832 3031 1899 ostenderit,
3063 1840 3214 1889 tanto
3243 1834 3493 1887 humanis
3524 1832 3781 1890 s’ensibus

487 1951 629 2010 tura,
651 1942 860 2014 linguas
883 1942 1088 1998 habere
1110 1940 1378 2008 dicuntur,
1424 1940 1619 2010 quibus
1654 1940 1837 2007 utique
1887 1937 2072 1993 laedes

494 2031 726 2090 Domino
744 2032 984 2089 creatori
1008 2039 1247 2100 cantant,
1279 2041 1336 2086 ct
1363 2032 1565 2100 gratias
1591 2030 1795 2087 referre
1842 2044 1949 2084 non
1977 2029 2074 2083 de-

472 2124 708 2191 ,sinunt;
765 2131 969 2194 quanto
1019 2123 1191 2195 magis
1232 2122 1532 2190 hominum,
1556 2115 1659 2178 etei
1680 2121 1939 2192 spiritalia
1964 2119 2075 2188 jam

490 2222 614 2287 post
631 2210 1081 2272 resurrectionem
1109 2201 1357 2287 carpora,
1390 2215 1727 2271 manentibus
1756 2223 1933 2269 tamen
1962 2214 2074 2283 glo-

487 2309 706 2367 riﬁcattn
727 2296 905 2366 earnis
926 2309 1176 2366 omnibus
1199 2308 1478 2378 membris,
1508 2316 1563 2365 et
1581 2323 1679 2379 per
1705 2308 1888 2365 omnia
1915 2322 2079 2361 mem-

488 2400 585 2457 bra
612 2394 800 2456 formis
844 2406 901 2456 et
945 2400 1183 2478 numeris
1237 2401 1367 2466 suis,
1397 2407 1453 2454 et
1482 2400 1691 2469 linguas
1718 2398 1994 2472 habebunt
2023 2398 2076 2452 in

488 2491 675 2550 oribus
696 2491 827 2557 suis,
858 2497 916 2548 et
954 2490 1150 2561 linguis
1178 2491 1460 2549 ell‘antibus
1486 2491 1692 2547 dabunt
1718 2506 1899 2560 voces,
1955 2490 2073 2563 quia

487 2583 588 2638 bus
614 2581 824 2639 divinas
850 2581 1070 2650 laudes,—
1085 2582 1171 2640 vel
1197 2598 1456 2639 sensuum
1479 2596 1702 2639 suorum
1729 2582 2076 2652 gaudiorum—

488 2688 596 2745 que
610 2672 835 2730 allectus
853 2660 1018 2746 268
1040 2689 1137 2744 per
1156 2676 1319 2730 verba
1341 2673 1697 2744 depromant?
1724 2672 1886 2729 Forte
1913 2672 2079 2726 etiam

486 2754 594 2822 hoc
620 2764 806 2835 gratize
829 2764 1126 2836 gloriaeque
1154 2767 1175 2799 ⁸
1212 2766 1530 2837 apposituro
1577 2765 1778 2821 sanctis
1815 2766 1927 2821 suis
1969 2764 2080 2819 Do-

487 2853 659 2925 mino,
681 2854 737 2911 in
761 2854 957 2913 seculis
983 2855 1137 2927 regni
1158 2856 1261 2921 sui,
1294 2864 1356 2911 ut
1382 2862 1535 2911 tanto
1556 2855 1859 2927 potioribus
1882 2855 2081 2925 linguis

487 2958 544 3005 et
561 2940 786 3014 vocibus
809 2956 1025 3017 canant,
1046 2957 1247 3019 quanto
1272 2949 1341 3004 ad
1363 2949 1664 3006 beatiorem
1691 2957 1939 3005 naturam
1959 2965 2080 3005 cor-

488 3044 680 3111 pOrum
698 3039 857 3097 beata
876 3039 1253 3097 immutatione
1289 3045 1310 3076 '
1337 3040 1698 3113 profecerim,
1731 3042 1863 3097 utin
1886 3058 2081 3113 corpo-

489 3130 639 3187 ribus
659 3130 774 3203 jam
800 3131 1132 3204 spiritalibus
1185 3133 1485 3198 constituti,
1529 3132 1643 3203 jam
1691 3131 1915 3188 forsitan
1969 3149 2081 3189 non

2173 1934 2232 1981 et
2256 1924 2481 1995 eloquiis
2507 1924 2774 1989 altiorem,
2802 1931 3005 1994 quanto
3034 1924 3148 1995 ipsa
3176 1924 3491 1994 angelorum
3522 1933 3776 1978 creatura

2175 2026 2233 2073 et
2251 2019 2410 2073 statio
2428 2018 2745 2072 mortalibus
2763 2018 2843 2088 (ά)
2864 2016 3055 2072 incolis
3075 2025 3129 2071 et
3149 2017 3376 2071 terrenis
3401 2015 3620 2072 sedibus
3640 2030 3781 2086 prte-

2176 2117 2283 2164 stat
2314 2127 2329 2162 :
2359 2116 2597 2164 attamen
2628 2107 2850 2165 forsitan
2873 2108 3080 2177 linguas
3107 2108 3424 2179 angelorum
3447 2123 3548 2179 pro
3565 2107 3781 2176 generis

2178 2205 2277 2259 bus
2299 2218 2490 2258 vocum
2515 2209 2679 2273 atque
2705 2217 3020 2257 sermonum
3045 2201 3265 2270 dixerit,
3293 2203 3433 2257 sicut
3452 2210 3508 2256 et
3527 2200 3597 2256 de
3646 2201 3780 2256 cba-

2178 2296 2457 2350 rismatum
2486 2296 2755 2349 varietate
2782 2294 3070 2358 disserens,
3099 2295 3239 2349 inter
3269 2292 3411 2348 dona
3470 2292 3781 2363 gratiarum

2178 2394 2427 2441 numerat
2452 2399 2648 2453 genera
2672 2385 3002 2456 linguarum,
3036 2387 3221 2455 utique
3251 2385 3354 2441 hoc
3377 2385 3430 2438 in
3453 2384 3611 2453 signo
3659 2399 3783 2439 esse

2179 2475 2508 2546 signiﬁcans,
2534 2478 2676 2548 quod
2706 2477 2994 2532 multarum
3045 2478 3283 2546 gentium
3332 2489 3587 2531 sermone
3632 2474 3783 2545 loqui

2178 2569 2402 2636 singulis
2420 2568 2732 2625 donaretur.
2757 2567 2865 2625 Sed
2884 2576 2943 2624 et
2962 2585 3069 2625 vox
3112 2568 3207 2625 Dei
3253 2584 3396 2640 διξερε
3440 2567 3511 2622 ad
3556 2575 3787 2624 sanctos

2180 2661 2373 2716 emissa
2392 2660 2461 2715 de
2485 2661 2646 2725 nube,
2695 2662 2933 2729 ostendit
2968 2676 3128 2732 posse
3166 2660 3438 2731 loquelam
3485 2675 3610 2716 esse
3660 2660 3786 2716 sine

2180 2753 2383 2821 lingua.
2412 2751 2691 2823 Siquidem
2720 2753 2897 2822 lingua
2923 2753 3175 2824 corporis
3212 2752 3517 2807 membrum
3566 2751 3640 2808 sit
3680 2767 3784 2824 pu-

2180 2848 2358 2905 sillum
2385 2850 2545 2921 269
2571 2855 2627 2904 et
2654 2862 2925 2918 magnum.
2951 2847 3075 2905 Sed.
3110 2848 3250 2904 lort'c
3277 2864 3344 2904 ex
3374 2850 3478 2905 hoc
3533 2848 3675 2921 ipso,
3706 2847 3782 2921 (ε)

2173 2944 2306 3013 quia
2331 2944 2385 2997 in
2408 2946 2512 3000 hoc
2534 2944 2782 2999 membro
2797 2944 2941 2999 vocis
2960 2939 3201 2999 officium
3221 2942 3367 2998 Deus
3387 2943 3593 3015 posuit,
3612 2944 3784 2998 etiam

2172 3037 2517 3107 incorporea:
2547 3036 2862 3106 angelorum
2881 3044 3157 3091 creatura:
3183 3051 3465 3091 sermones
3519 3044 3576 3090 et
3597 3108 3600 3111 _
3618 3049 3786 3090 voces

2170 3128 2416 3197 dinguam
2442 3128 2740 3192 vocaverit,
2763 3125 3200 3199 sicut—Scriptura
3234 3127 3435 3183 assolet
3483 3127 3606 3181 Deo
3645 3139 3787 3194 quo-

490 3220 759 3290 hutnanis,
782 3222 877 3280 sed
904 3223 1013 3279 illis
1038 3224 1293 3293 angelicis
1312 3231 1475 3294 atque
1503 3225 1829 3290 cmicstibus,
1886 3226 2076 3297 quales
2102 3206 2146 3265 Ο
2178 3236 2302 3292 que,
2334 3219 2627 3277 secundum
2656 3221 2862 3290 species
2910 3222 3310 3291 operationem,
3361 3220 3583 3275 nomina
3639 3218 3785 3274 assi-

488 3314 781 3387 Apostolus
800 3315 1004 3372 audivit
1028 3316 1083 3371 in
1108 3315 1387 3387 paradiso,
1428 3312 1769 3388 Sermonibus
1818 3317 2077 3387 eloquen—

488 3420 578 3466 tur
603 3420 648 3466 ο.
677 3407 746 3465 Et
777 3408 851 3482 (ὁ)
880 3409 1004 3467 ideo
1036 3411 1080 3443 “
1115 3406 1342 3466 forsitan
1389 3410 1594 3465 homini
1633 3410 1929 3467 ineffabiles
1983 3426 2077 3467 eos

489 3516 770 3558 sermones
795 3501 958 3558 fuisse
986 3509 1213 3558 testatus
1237 3509 1337 3567 est,
1361 3502 1488 3572 quia
1527 3502 1743 3570 sanctis,
1778 3504 1918 3561 inter
1945 3504 2078 3558 alias

488 3594 833 3664 praemiorum
860 3594 1088 3666 species,
1112 3593 1401 3664 jam‘norzc
1424 3594 1618 3663 lingua:
1644 3603 1921 3666 parantur.
1948 3593 2080 3662 Qui-

491 3685 589 3742 bus
616 3686 821 3744 idcirco
849 3686 1156 3743 hominibus
1178 3687 1336 3755 hujus
1361 3687 1529 3743 seculi
1555 3687 1731 3743 adhuc
1775 3688 1851 3742 uti
1883 3686 1922 3719 ιι
1956 3702 2065 3742 non

491 3778 636 3847 licet,
665 3786 724 3835 ut
738 3776 850 3849 jam
871 3778 955 3835 his
972 3779 1156 3848 gloria:
1176 3794 1282 3834 sum
1302 3778 1721 3848 congruentibus
1748 3779 2081 3834 immortales

492 3871 801 3942 loquantur,
832 3868 905 3925 de
931 3870 1126 3941 quibus
1153 3870 1353 3927 dictum
1383 3878 1466 3926 est
1492 3886 1509 3925 :
1539 3869 1751 3925 Etenim
1779 3870 2080 3924 clamabunt

494 3973 544 4018 et
570 3962 815 4035 hymnum
840 3961 1013 4017 dicent
1040 3958 1067 4000 δ
1098 3978 1112 4017 :
1144 3961 1498 4033 proculdubio
1544 3962 1598 4018 in
1628 3962 1954 4025 cmlestibus,
1988 3962 2080 4018 ubi

495 4070 621 4110 cum
663 4052 893 4109 Domino
933 4061 1111 4116 erunt.
1160 4061 1217 4108 et
1240 4052 1630 4108 delectabuntur
1654 4054 1709 4107 in
1755 4053 2103 4108 abundantia.

495 4134 707 4218 pacis“
738 4154 786 4215 ε,
834 4145 1128 4215 gaudentes
1163 4146 1218 4201 in
1247 4152 1540 4217 conspectu
1563 4144 1771 4215 throni,
1800 4147 2079 4201 mittentes

497 4245 625 4292 ante
666 4237 832 4308 pedes
876 4236 1015 4307 Agni
1044 4244 1260 4308 pateras
1281 4245 1337 4293 et
1382 4252 1635 4303 coronas,
1661 4249 1717 4292 et
1744 4246 2000 4293 canentes
2028 4239 2077 4293 ei

497 4333 766 4392 canticum
793 4348 1011 4401 novum,
1041 4331 1313 4403 aggregati
1334 4333 1514 4389 choris
1534 4333 1868 4402 angelorum,
1907 4333 2078 4387 virtu-

499 4435 634 4491 tum,
665 4425 1113 4492 dominationum,
1146 4424 1494 4492 thronorum,
1520 4433 1581 4480 ut
1609 4433 1663 4480 et
1688 4424 1788 4495 ipsi
1817 4440 1937 4481 cum
1960 4425 2083 4480 clte-

500 4518 675 4574 rtiiim
703 4526 864 4587 atque
885 4516 1177 4588 serapbim,
1202 4525 1263 4572 et
1287 4525 1521 4587 quatuor
1546 4516 1650 4572 illis
1669 4517 1987 4575 animalibus
2003 4520 2078 4589 (c)

578 4695 601 4722 η
632 4684 826 4740 Joban.
856 4701 984 4751 xvn,
1020 4685 1113 4743 34.

502 4773 585 4827 vr,
619 4756 674 4811 5.
752 4767 777 4806 ις
807 4755 827 4811 ι
854 4755 980 4814 Cor.
1012 4774 1142 4826 xm,
1174 4757 1224 4811 l.

604 4891 658 4962 a)
680 4891 780 4949 Ms.
803 4890 1067 4962 Pbimarc.
1093 4898 1147 4962 et
1169 4888 1294 4962 edit.
1322 4888 1544 4962 Bened.,
1565 4890 1802 4962 collatus.

604 4893 658 4962 a)
680 4893 780 4949 Ms.
803 4893 1067 4947 Pbimarc.
1093 4898 1146 4944 et
1169 4893 1294 4942 edit.
1322 4893 1544 4951 Bencd.,
1565 4893 1802 4943 collatus.

575 4893 652 5034 Ib)
680 4962 757 5017 Ita
808 4961 937 5018 edit.
969 4958 1170 5034 Bened.
1216 4958 1621 5015 Deerat/nomini
1649 4960 1704 5014 in
1733 4960 1861 5016 edit.
1893 4959 2084 5028 Rosv.,

505 5038 559 5094 in
585 5031 842 5105 quaginde
856 5048 966 5105 pro
991 5031 1129 5085 ideo.

573 5098 643 5175 (ὃ)
674 5098 987 5160 Addidiiuus
1005 5116 1071 5157 ex
1091 5098 1219 5156 edit.
1246 5098 1445 5155 Beued.
1495 5116 1613 5155 uoce
1636 5108 1881 5170 perpetua
1908 5102 2084 5156 conci-

500 5184 702 5234 nentes.
1237 5225 1244 5231 .

577 5244 769 5319 (dlSic
787 5241 1131 5319 emendamus
1159 5255 1349 5319 erms.
1376 5238 1815 5297 Phnnarconensi
1846 5250 1901 5297 et
1946 5241 2077 5298 edit.

505 5312 707 5380 Bened.
737 5314 875 5368 Ante
901 5320 1019 5368 erat
1042 5313 1099 5365 in
1126 5312 1286 5365 caelis.

579 5393 656 5454 te)
697 5382 775 5439 Ex
803 5382 1243 5454 Phitnarconensi
1272 5380 1462 5454 codice
1499 5381 1648 5439 locus
1673 5392 1967 5440 correctus.
1991 5380 2082 5439 Sic

506 5452 858 5526 cdit.Benetl.
884 5453 1023 5526 Ante
1051 5459 1166 5507 erat
1193 5454 1314 5523 quia
1342 5453 1397 5526 in
1420 5452 1517 5526 hoc
1537 5453 1764 5509 membro
1800 5455 1854 5509 in
1880 5472 1981 5526 quo
2009 5463 2084 5507 est

504 5530 641 5583 vocis
670 5525 910 5597 ofﬁcium,
940 5520 1079 5577 Deus
1108 5520 1450 5597 possitetiam
1471 5524 1526 5577 in
1547 5541 1761 5595 corpore
1787 5520 2085 5597 angelorum

507 5594 991 5658 creare‘sérmmzes,
1023 5603 1237 5650 atroces
1266 5594 1497 5666 linguam
1518 5594 1804 5666 vocaverit,
1828 5594 2086 5651 mendose

508 5668 749 5724 omnino.
784 5665 916 5721 Vide
943 5679 1061 5735 qua:
1087 5665 1477 5735 praecesserunt
1513 5682 1566 5719 η.
1599 5665 1651 5720 6.

584 5740 652 5810 (θ’)
684 5737 748 5810 Id»
765 5743 865 5810 est,
891 5739 1010 5810 fecit
1031 5737 1292 5810 festinatio
1318 5738 1573 5810 (tractoria
1595 5747 1655 5810 u_t
1681 5736 1876 5810 scheda
1904 5736 2086 5810 potius

512 5806 683 5865 lituris
703 5807 872 5863 obsita
892 5806 970 5863 'sit
998 5806 1157 5877 qQam
1184 5806 1429 5877 cpistola.
1461 5806 1598 5861 Edit.
1619 5807 1839 5870 Bened.,
1867 5807 2083 5877 nimiam

516 5880 893 5946 festinationem
920 5868 1109 5935 scotia
1134 5868 1251 5949 fecit
1274 5896 1293 5933 :
1332 5877 1474 5933 nullo
1503 5893 1680 5933 sensu.
1725 5868 1924 5934 Auctor
1952 5874 2079 5931 Gal-

1186 4684 1213 4724 1³
1244 4685 1384 4743 Psal.
1416 4702 1652 4755 Lxxxtn,
1684 4684 1734 4743 5.
1816 4698 1838 4726 ε
1866 4687 1908 4742 ll
1936 4686 2066 4745 Cor.
2100 4704 2200 4756 xu,
2232 4688 2284 4743 4‘
2362 4689 2385 4725 ἀ
2418 4687 2558 4744 Psal.
2594 4705 2750 4754 thv,
2792 4686 2877 4742 M.
2957 4697 2980 4726 ε
3012 4685 3154 4743 Psal.
3188 4702 3371 4754 mm,
3404 4684 3491 4741 il.

2164 3325 2346 3383 .gnare
2367 3312 2755 3368 membrorum.
2786 3311 2888 3367 Ora
2913 3329 3010 3385 pro
3040 3313 3217 3377 nobis,
3251 3322 3306 3367 et
3328 3312 3465 3368 doce
3495 3326 3619 3367 nos.
3700 3332 3709 3339 ο

2232 3403 2302 3460 -8.
2328 3404 2514 3460 Frater
2534 3414 2720 3460 noster
2748 3405 3057 3461 carissimus
3086 3413 3143 3460 et
3166 3406 3510 3461 dulcissimus
3538 3402 3781 3472 Quintus

2178 3514 2339 3570 quam
2366 3498 2517 3553 tarde
2546 3498 2613 3553 ad
2640 3514 2741 3553 nos
2763 3507 2969 3555 remeat
2995 3513 3027 3554 a
3054 3500 3231 3565 vobis,
3266 3487 3375 3554 tam
3398 3499 3514 3554 cito
3559 3513 3592 3553 a
3622 3497 3789 3552 nobis

2180 3589 2249 3644 ad
2267 3606 2365 3646 vos
2386 3590 2568 3645 redire
2600 3588 2817 3645 fes’tinat
2847 3608 2859 3643 :
2894 3590 3208 3647 instantiam
3238 3607 3370 3646 vero
3401 3589 3517 3661 ejus
3545 3592 3601 3645 in
3626 3590 3786 3645 litte-

2170 3684 2254 3740 ris
2274 3682 2552 3754 exigendis
2581 3691 2638 3739 ct
2666 3684 2779 3739 lure
2813 3683 2858 3715 “
2884 3685 3112 3755 epistola
3136 3685 3314 3739 llllll‘iS
3344 3699 3508 3754 quam
3529 3684 3790 3739 versibus

2177 3779 2420 3833 crebrior
2440 3777 2677 3848 loquitur
2700 3795 2720 3831 ς
2762 3779 3170 3833 commemorati
3200 3778 3474 3834 exartoris
3510 3777 3581 3851 (θ’)
3613 3779 3791 3833 nimia

2178 3868 2453 3925 festinatio
2480 3870 2734 3925 scbcdam
2764 3869 2908 3925 fecit.
2938 3869 3068 3924 Nam
3100 3871 3272 3941 pridie
3296 3868 3412 3925 idus
3434 3868 3606 3924 Maias
3634 3869 3791 3926 venit

2179 3961 2247 4016 ad
2276 3978 2374 4016 nos
2405 3970 2460 4016 ut
2496 3963 2754 4033 rescripta
2795 3970 3024 4032 peteret,
3057 3973 3111 4017 et
3167 3963 3343 4017 idibus
3385 3969 3512 4016 ante
3565 3968 3789 4017 sextam

2180 4052 2376 4107 dimitti
2421 4053 2670 4108 obtinuit.
2702 4053 2891 4109 Videte
2914 4069 3043 4122 ergo
3069 4063 3246 4109 utrum
3276 4069 3398 4108 eum
3422 4052 3792 4110 commenda-

2179 4146 2352 4200 verim
2398 4148 2479 4201 vel
2511 4147 2875 4202 accusaverim
2909 4147 3212 4216 hujusmodi
3246 4146 3579 4203 testimonio.
3616 4145 3791 4203 Forte

2182 4239 2348 4304 enim,
2376 4239 2483 4295 imo
2512 4241 2627 4294 sine
2656 4239 2818 4296 dubio
2847 4240 3130 4295 laudabilis
3158 4240 3328 4309 magis
3352 4254 3514 4310 quam
3542 4239 3794 4310 culpahi~

2178 4331 2247 4386 lis
2271 4330 2619 4400 indicabitur,
2648 4331 2739 4400 qui
2770 4348 2802 4385 a
2829 4331 3082 4398 tenebris,
3115 4333 3258 4402 quod
3289 4334 3339 4387 in
3371 4331 3793 4403 comparatione

2179 4424 2347 4478 vestri
2373 4425 2585 4479 luminis
2612 4439 2813 4488 sumus,
2826 4424 3125 4492 justissime
3146 4425 3483 4482 rel'estinavit
3506 4424 3576 4480 ad
3597 4424 3793 4480 lucem

2183 4535 2355 4576 suam.

3576 4685 3596 4724 τ
3633 4685 3790 4744 Psal.

2188 4891 2309 4947 lica:
2329 4892 2591 4966 vérsionis
2618 4892 2966 4966 epistolarum
2998 4891 3053 4966 ὃ.
3081 4892 3360 4966 Augustini
3406 4910 3507 4966 pro
3526 4895 3796 4966 Asc/tedam

2193 4964 2560 5033 reponendum
2589 4963 2912 5017 existimavit
2935 4963 3199 5033 schedium
3246 4963 3438 5020 contra
3469 4964 3630 5021 ﬁdem
3663 4983 3795 5023 om-

2190 5035 2339 5107 nium,
2388 5034 2668 5107 codicum;
2696 5033 2789 5088 sed
2829 5046 3133 5107 perperam.
3178 5032 3277 5089 llic
3323 5036 3467 5089 enim
3515 5038 3797 5107 accipitur

2188 5104 2375 5158 scheda
2406 5122 2501 5175 pro
2541 5106 2728 5160 charta
2756 5120 2849 5158 seu
2874 5104 3053 5159 libello
3085 5114 3527 5174 extelnporaneo,
3559 5104 3670 5162 non
3692 5125 3791 5164 sa-

2188 5176 2255 5229 tis
2277 5177 2534 5246 expolito,
2580 5174 2876 5245 cuiusmodi
2905 5183 3031 5229 sunt
3068 5190 3202 5245 quas
3226 5183 3498 5246 tamquam
3521 5177 3789 5235 relecturi

2186 5245 2514 5315 reponimus.
2561 5246 2689 5301 \‘idc
2719 5246 2938 5312 Quintil.
2964 5247 2999 5299 l.
3030 5262 3065 5309 t,
3113 5262 3233 5315 cap.
3264 5245 3435 5313 lS,’ct
3476 5245 3714 5303 Martial.
3748 5252 3787 5306 l.

2185 5331 2254 5369 tv.
2286 5317 2394 5371 Nec
2416 5317 2768 5372 admittendus
2797 5325 3043 5387 putamus
3062 5315 3320 5387 quasdam
3349 5318 3489 5387 illius
3521 5319 3798 5384 interpre-

2189 5386 2256 5439 tis
2270 5393 2636 5459 porrectiones
2667 5388 2729 5441 ad
2755 5385 3053 5459 SsPaulini
3082 5385 3241 5459 epist.
3285 5405 3360 5451 lli,
3391 5386 3441 5451 ‘2,
3470 5387 3515 5459 1,
3547 5406 3621 5455 'v,
3646 5389 3702 5453 2,
3729 5392 3793 5459 5,

2189 5467 2242 5512 et
2260 5457 2314 5529 S.
2352 5459 2625 5526 Augustini
2658 5474 2742 5527 ep.
2776 5457 2861 5523 9i,
2890 5474 2942 5510 n.
2965 5457 3013 5519 5,
3034 5474 3154 5513 cum
3180 5458 3259 5510 his
3292 5460 3344 5513 in
3377 5458 3510 5514 locis
3537 5457 3791 5529 optimua

2189 5528 2437 5583 editionis
2467 5539 2663 5584 nostrae
2689 5530 2758 5581 sit
2779 5544 2985 5591 sensus,
3017 5529 3106 5599 qui
3155 5529 3402 5584 codicum
3452 5528 3794 5589 auctoritate

2191 5599 2424 5655 fulcitur.
2457 5600 2717 5654 Praeterea
2789 5600 2892 5653 uod
2915 5600 2979 5652 ad
3024 5608 3379 5668 prtenotatnm
3421 5601 3670 5669 epistolae
3725 5619 3787 5659 ut

2191 5667 2366 5723 locum
2416 5679 2644 5724 spectat.
2698 5614 2800 5724 vis.
2853 5670 3009 5724 enist.
3052 5670 3136 5724 '2‘).
3189 5686 3245 5724 ιι.
3301 5670 3351 5724 7.
3388 5671 3475 5724 ubi
3503 5672 3787 5724 consimili

2179 5667 2366 5743 ‘lncum
2416 5679 2652 5743 spectat,
2698 5667 3136 5743 vid._epist.“:l9,
3189 5686 3245 5724 ιι,
3301 5670 3351 5735 7,
3388 5667 3475 5725 ubi
3503 5672 3788 5743 consimili

2189 5740 2460 5834 locutione
2506 5744 2570 5796 de
2619 5740 2870 5795 Zacharia
2899 5740 3178 5796 sacerdote
3228 5755 3393 5810 agens
3438 5742 3607 5797 utitur
3635 5741 3791 5799 Pal»

2188 5826 2344 5864 imus.
