4134 6420
1631 335 1684 392 S.
1725 333 1998 391 PAULINI
2036 335 2285 393 NOLANI
2322 336 2627 396 EPISCOPI

3685 338 3791 398 400

501 444 824 512 Dynamium
839 445 1178 517 Eugolismaz.
1201 447 1284 503 vel
1306 446 1682 503 Vcnerandum
1707 447 1978 515 Arvernis,
2003 448 2089 504 vel
2115 456 2166 515 Α
2190 451 2382 507 mortis
2407 467 2570 521 quam
2609 452 2733 508 vitae
2771 448 3102 524 cupidiorem
3118 491 3135 518 ,
3194 449 3468 525 ﬁnemque
3493 467 3788 529 pmnarum

500 537 768 594 Alethium
791 539 886 610 (at.
912 535 1193 609 Alilbium)
1217 536 1496 605 Cadurcis,
1522 538 1607 594 vel
1637 554 1778 596 nunc
1794 537 2087 610 Pegasium

497 627 844 699 Petragoriis;
865 636 1154 702 utcumque
1183 646 1241 688 se
1271 632 1470 688 habent
1494 631 1661 687 seculi
1689 631 1852 698 mala,
1881 632 2088 697 videbis

493 723 741 795 profecto
785 725 1126 796 dignissimos
1171 725 1339 783 totius
1381 723 1502 781 lldei
1560 724 1943 796 religionisque
1989 741 2086 783 cu-

493 817 701 876 studes.

993 907 1323 966 EPISTOLA
1353 911 1368 930 ‘
1399 907 1582 964 XLIX.

491 1003 651 1124 277
708 1000 962 1057 Describit
1011 1002 1244 1074 ingentia
1293 1000 1566 1068 miracula,
1597 1016 1690 1070 per
1742 1015 1860 1071 qum
1912 1014 2078 1053 senex

616 1073 808 1124 alaiua.
859 1083 1034 1124 norica
1100 1072 1273 1124 Victor
1319 1071 1634 1124 nominatus.
1682 1086 1746 1124 ex
1798 1070 2076 1124 naufraaio

616 1070 808 1143 uigilia,
859 1070 1634 1153 ρςηιειιᾲνίιςηῃ·,ηοηιὶημιιιιξν
1682 1070 2076 1153 εκςβαιιῙναθὲίξ

562 1140 792 1199 senatus
818 1140 930 1197 est:
961 1151 1009 1197 ει
1032 1140 1324 1196 Macci-ium
1354 1149 1530 1212 rogat,
1551 1148 1607 1212 ut
1633 1141 1865 1195 eumdem
1887 1140 2001 1211 jam
2028 1149 2079 1194 et

559 1222 835 1284 patronum
855 1213 966 1284 ejus
991 1209 1433 1269 Secundinianum
1455 1209 1520 1264 ab
1547 1210 1809 1266 hominum
1830 1209 2076 1281 intportu-

559 1284 726 1338 nitate
748 1294 971 1338 tueatur.

558 1371 806 1429 ΜΑαΑιιιο
835 1371 930 1443 (γ.
962 1379 1076 1428 not.
1108 1372 1235 1440 197)
1267 1374 1346 1441 (a)
1372 1372 1653 1426 PAUMNUS.

564 1463 617 1519 1.
658 1463 835 1536 Opera
866 1462 1080 1520 Domini
1099 1463 1387 1535 prwdicure
1415 1465 1756 1533 honoriﬁcum
1783 1470 1858 1517 est
1885 1471 1934 1531 ι;
1957 1474 2080 1532 qua:

487 1557 810 1613 mihicausa
848 1555 1007 1626 hujus
1049 1556 1292 1628 epistola:
1332 1555 1432 1610 fuit
1461 1573 1473 1608 :
1505 1556 1633 1625 quia
1681 1551 2080 1625 patrisfamilias

476 1650 664 1723 .bujus,
687 1665 850 1722 quem
877 1649 946 1706 ad
977 1648 1385 1705 unanimitatem
1431 1657 1579 1703 tuam
1627 1660 1946 1719 prosequor,
1974 1645 2078 1702 Sc-

487 1742 797 1800 cnndiniani
837 1741 1147 1812 negotium,
1175 1749 1234 1797 ut
1262 1741 1548 1813 probabis,
1575 1755 1684 1797 non
1733 1748 1913 1812 potest
1958 1739 2078 1796 siue

2187 542 2378 598 animae
2405 543 2556 600 exitu
2582 543 2997 612 desiderantem,
3043 545 3355 602 misericors
3395 553 3455 602 et
3491 544 3789 602 miseratur

2187 633 2444 691 Dominus
2471 635 2620 691 adire
2645 635 2910 702 cominus,
2931 643 2988 691 et
3006 635 3158 691 verbi
3179 635 3300 692 cibo
3320 636 3565 693 animare
3592 635 3788 709 digna-

2183 729 2272 780 tus
2297 732 2398 780 est.
2419 724 2622 781 .Rel'ert
2661 726 2776 796 ipse
2803 724 2978 782 adhuc
3005 726 3310 798 lacrymans
3335 725 3789 800 felicitateth

2182 816 2336 873 ricnli
2365 817 2472 887 sui,
2500 831 2601 874 nec
2624 818 2742 872 sine
2762 817 3013 889 lacrymis
3038 817 3220 875 cordis
3244 826 3301 875 et
3327 815 3786 889 gaudio-spiritus

2181 909 2353 965 audiri
2377 917 2574 981 potest,
2595 919 2654 964 ut
2667 908 3023 981 compellatus
3047 910 3280 966 adeunte
3307 909 3547 978 Christo,
3561 919 3626 966 ut
3646 925 3786 967 eon-

2180 997 2410 1056 fortatus
2437 999 2690 1056 hortante
2719 1001 2808 1064 sit,
2840 1009 2900 1056 ut
2923 999 3171 1057 arborem
3210 1000 3396 1072 jussus
3446 1001 3707 1058 inciderit
3735 1002 3780 1064 ⁸.

2180 1104 2341 1161 quam
2362 1091 2536 1146 excidi
2564 1091 2616 1146 in
2641 1098 2979 1163 eo-tempore
2999 1092 3298 1149 remedium
3318 1092 3472 1149 navis
3495 1101 3650 1158 erat;
3682 1093 3784 1149 sed

2171 1181 2321 1251 quod
2341 1181 2494 1236 multi
2518 1192 2680 1252 atque
2693 1183 3001 1240 validissimi
3020 1184 3137 1242 sine
3159 1199 3260 1241 suo
3281 1192 3340 1241 et
3358 1184 3512 1241 navis
3530 1184 3782 1258 periculo

2171 1271 2357 1328 facere
2379 1273 2466 1328 vix
2491 1284 2738 1345 possunt
2766 1276 2816 1342 Ψ,
2854 1276 3003 1333 solus
3029 1287 3084 1332 et
3123 1276 3318 1333 debilis
3362 1279 3611 1350 arripere
3662 1294 3778 1336 non

2176 1365 2401 1432 audens,
2436 1365 2527 1422 Dei
2550 1366 2723 1422 verbo
2736 1381 2914 1424 ausus
2931 1376 3055 1424 σαι.
3084 1367 3176 1424 Bis
3204 1377 3433 1438 tantum,
3460 1377 3520 1426 et
3556 1370 3780 1438 leviter,

2177 1465 2286 1511 uta
2313 1457 2467 1513 senili
2492 1471 2653 1513 manu
2680 1464 2853 1514 tactus
2873 1460 3043 1529 magis
3068 1474 3231 1530 quam
3259 1459 3399 1517 ictus
3420 1461 3623 1529 securi,
3653 1476 3779 1517 ma-

2177 1549 2262 1607 lus
2290 1551 2363 1606 ita
2391 1551 2658 1622 prosilivit
2683 1566 2714 1606 a
2739 1551 2988 1619 vulnere,
3034 1559 3092 1607 ut
3121 1551 3280 1622 longe
3309 1561 3465 1610 extra
3494 1567 3692 1611 navem
3715 1556 3776 1611 in

2170 1643 2348 1699 undas
2367 1645 2638 1714 expulsus,
2669 1652 2785 1699 tuto
2808 1643 3084 1700 ceciderit.
3113 1643 3316 1703 Deinde
3336 1646 3502 1702 variis
3523 1646 3626 1721 (γ.
3653 1657 3775 1704 not.

2177 1734 2326 1808 i99),
2355 1746 2416 1792 ut
2443 1737 2647 1793 marina
2670 1737 2899 1808 jactatio
2927 1747 2985 1795 et
3011 1739 3218 1796 navalis
3257 1741 3544 1798 instructio
3571 1741 3775 1814 poscit,

487 1834 698 1893 Domini
723 1834 894 1905 gloria
921 1845 977 1891 et
1007 1832 1164 1890 laude
1207 1833 1434 1890 narrari.
1465 1832 1616 1890 Sicut
1660 1833 1806 1890 enim
1852 1833 1989 1890 dixit
2015 1833 2071 1889 in
2101 1825 2148 1889 Β
2175 1828 2388 1898 ciliciis,
2409 1846 2533 1888 curn
2563 1839 2658 1887 aut
2676 1840 2957 1888 artemonc
2976 1833 3174 1888 armari
3195 1834 3505 1905 oportebat,
3528 1842 3627 1890 aut
3649 1849 3779 1891 sen-

487 1924 809 1998 Evangelio:
833 1923 996 1981 Pater
1011 1941 1152 1982 meus
1175 1925 1345 1979 adhuc
1366 1933 1626 1996 operatur,
1641 1925 1796 1997 etjcgo
1821 1941 2007 1997 operor
2021 1923 2076 1995 δ,

487 2019 563 2092 ita
617 2031 675 2078 et
727 2037 871 2078 nunc
920 2019 1048 2076 facit
1097 2037 1112 2075 :
1157 2032 1333 2090 neque
1369 2017 1567 2074 desiuit
1606 2017 1780 2074 bonus
1813 2017 2076 2075 Dominus

486 2113 646 2170 iidem
679 2121 918 2170 nostram
945 2111 1284 2170 evidentibus
1311 2107 1556 2172 veritatis
1599 2123 1710 2165 suae
1737 2108 1979 2166 excitare
2003 2123 2069 2166 ac

486 2219 614 2266 vere
657 2218 959 2277 provocare
1006 2202 1364 2260 documentis.
1398 2201 1585 2273 itaque
1637 2199 1692 2257 in
1727 2199 1974 2268 diversis,
2014 2207 2077 2256 ut

486 2300 749 2374 scriptum
776 2307 866 2356 est
908 2309 957 2364 ε,
981 2297 1312 2368 argumentis
1349 2311 1615 2368 apparens
1653 2294 1810 2352 nobis
1836 2294 2074 2351 salvator

487 2395 646 2460 Deus.
670 2401 816 2451 terra
841 2392 1086 2464 marique
1111 2406 1213 2464 pro
1244 2391 1401 2447 nobis
1424 2398 1702 2462 operatur,
1750 2398 1807 2446 et
1832 2387 1978 2458 quod
2017 2387 2074 2446 in

485 2488 704 2557 tingnlis
731 2488 860 2559 agit,
885 2487 1178 2544 multorum
1207 2484 1331 2542 ﬁdei
1350 2485 1615 2557 salutique
1633 2493 1906 2556 procurat.
1936 2483 2074 2541 Vide

439 2616 447 2623 -
484 2583 629 2640 enim
655 2595 819 2652 quam
861 2579 1174 2636 admirabile
1198 2587 1256 2634 et
1280 2578 1620 2650 prmdiCabile
1643 2593 1781 2650 opus
1806 2577 1896 2645 sit,
1927 2577 2074 2648 quod

485 2671 640 2730 Iesus
683 2671 943 2728 Dominus
971 2669 1027 2726 in
1057 2685 1166 2726 uno
1193 2683 1324 2724 sene
1350 2684 1473 2726 cum
1501 2667 1707 2737 angelis
1734 2667 1846 2724 suis
1871 2667 2074 2725 sanctis

485 2763 1014 2839 eperatusestJlaec
1039 2764 1186 2820 enim
1212 2777 1373 2819 causa
1399 2760 1799 2833 estsupradicti
1827 2760 1992 2817 amici
2014 2769 2076 2816 et

483 2859 665 2916 fratris
687 2859 862 2916 nostri
892 2862 931 2926 .‘,
960 2858 1055 2929 qui
1081 2865 1166 2914 est
1185 2857 1270 2913 vir
1309 2857 1364 2912 in
1381 2856 1608 2912 Christo
1655 2854 1848 2912 ﬁdelis.
1879 2854 2072 2912 Hieme

483 2950 763 3022 superiore
793 2949 1106 3019 compulsus
1129 2947 1182 3004 in
1209 2945 1480 3015 Sardinia,
1503 2963 1623 3003 cum
1646 2947 1844 3004 ceteris
1872 2947 2074 3020 quippe

484 3039 850 3111 naviculariis,
882 3037 1209 3096 invebendas
1240 3037 1506 3094 liscalibus
1531 3038 1739 3094 horreis
1764 3036 1944 3108 fruges
1965 3038 2070 3095 mi-

485 3133 708 3189 nisterio
731 3131 960 3204 pmpriae
986 3130 1139 3187 navis
1164 3129 1426 3200 accipere,
1453 3144 1560 3185 non
1587 3136 1899 3201 exspectato
1929 3137 2070 3186 tem-

2180 1922 2347 1978 tinam
2400 1923 2606 1994 depleri
2655 1923 2752 1997 (id
2777 1933 2875 1989 eat,
2908 1925 3155 1994 vacuari,
3197 1925 3514 1998 exhauriri)
3545 1942 3780 1983 necesse

2176 2023 2317 2084 erat,
2348 2017 2567 2072 nomine
2595 2016 2828 2074 Victoris
2871 2025 3092 2074 vocatus
3118 2033 3150 2073 a
3193 2017 3444 2084 Domino,
3487 2019 3779 2090 porrigere

2175 2117 2384 2166 tantum
2407 2111 2607 2182 'specie
2649 2111 2844 2182 agendi
2866 2127 3084 2168 manum
3125 2112 3190 2168 ad
3217 2113 3520 2184 quamlibet
3545 2129 3778 2186 operam

2166 2199 2460 2273 jubebatur
2491 2202 2596 2274 (V.
2625 2219 2712 2275 cp.
2746 2201 2798 2272 5,
2832 2220 2887 2259 n.
2926 2202 3048 2274 l6).
3097 2203 3216 2260 Non
3251 2205 3402 2262 enim
3424 2205 3482 2261 in
3507 2207 3680 2262 multa
3718 2215 3779 2264 et

2173 2294 2322 2348 varia
2352 2295 2495 2350 circa
2525 2295 2668 2350 hunc
2695 2309 2879 2352 senem
2912 2295 3238 2351 mirabilium
3266 2295 3575 2352 divinorum
3595 2299 3776 2368 gratia

2173 2384 2278 2441 hoc
2304 2400 2521 2455 quoque
2544 2385 2638 2442 Dei
2661 2401 2855 2442 munus
2891 2387 3325 2457 praetereundum
3354 2388 3592 2456 videtur,
3624 2389 3778 2460 quod

2173 2479 2337 2534 etiam
2365 2495 2562 2535 nomen
2588 2479 2814 2549 accepit,
2837 2493 2946 2550 quo
2965 2495 3109 2536 nunc
3131 2487 3189 2537 et
3211 2483 3627 2550 regeneratione
3643 2497 3779 2538 cen-

2173 2585 2342 2641 setur,
2367 2581 2422 2630 et
2448 2576 2517 2630 ab
2544 2574 2855 2631 hominibus
2872 2574 3019 2633 etab
3038 2574 3245 2646 angelis
3272 2575 3564 2632 scribitur:
3593 2577 3776 2649 genti-

2173 2667 2290 2724 litio
2312 2669 2454 2723 enim
2478 2669 2633 2738 signo
2654 2667 2874 2738 Valgius
2901 2669 3217 2738 vocabatur,
3257 2671 3350 2740 qui
3390 2685 3538 2728 nunc
3579 2670 3777 2728 Victor

2173 2772 2204 2815 a
2233 2759 2463 2816 Domino
2509 2760 2722 2827 dicitur,
2772 2769 2830 2818 et
2855 2769 2939 2818 est
2978 2761 3152 2818 victor
3181 2763 3236 2817 in
3266 2761 3536 2829 Domino,
3569 2762 3666 2832 qui
3695 2762 3777 2820 illi

2171 2862 2357 2925 aptum
2390 2855 2457 2910 ad
2499 2869 2662 2926 opera
2699 2869 2796 2912 sua
2831 2854 3064 2927 idipsurn
3093 2869 3293 2911 nomen
3327 2855 3621 2928 imposuit;
3642 2855 3776 2928 quia

2171 2945 2422 3002 videlicet
2449 2957 2504 3002 et
2533 2947 2586 3002 in
2606 2946 2742 3002 mari
2768 2946 2837 3003 de
2864 2946 3458 3020 tempestatibus'alque
3483 2947 3777 3020 naufragio

2171 3053 2270 3112 per
2285 3038 2607 3108 adjutorium
2626 3038 2844 3108 Christi,
2874 3047 2930 3096 et
2956 3040 3208 3113 nuperin
3231 3049 3373 3098 terra
3396 3057 3499 3112 per
3524 3040 3776 3112 ejusdem

2172 3132 2400 3200 gratiam
2453 3131 2523 3187 de
2571 3131 2808 3202 peccatis
2853 3141 2910 3188 et
2953 3131 3175 3188 diabolo
3197 3132 3587 3204 triumphavit;
3621 3132 3776 3188 vide-

487 3242 618 3301 pore
645 3225 789 3282 soliti
809 3232 1144 3282 commeatus
1168 3223 1265 3294 (V.
1289 3232 1402 3277 not.
1431 3221 1499 3275 6i
1527 3229 1582 3278 et
1613 3221 1760 3291 l98),
1788 3229 1915 3278 ante
1938 3222 2077 3278 arsti-
2098 3216 2150 3282 α
2176 3223 2304 3280 licet
2326 3231 2386 3278 ut
2406 3231 2552 3279 totus
2581 3224 2631 3278 in
2659 3221 2876 3279 Christo
2904 3223 3202 3291 novandus,
3226 3238 3403 3294 neque
3431 3224 3486 3280 in
3519 3225 3774 3288 nomine,

476 3335 610 3375 vam
637 3317 953 3389 temperiem
967 3325 1218 3372 onustum
1247 3314 1516 3382 navigium
1532 3312 1584 3369 vi
1611 3312 1824 3384 publica
1852 3323 2078 3384 urgente

489 3410 714 3467 dimisit.
729 3409 907 3477 illico,
928 3416 988 3465 ut
1007 3407 1141 3464 mihi
1166 3406 1370 3473 retulit,
1396 3406 1450 3461 in
1466 3405 1715 3478 proximo
1727 3403 2080 3465 fretoexorta

492 3503 807 3565 tempestas,
831 3501 1032 3548 temere
1051 3493 1119 3548 de
1139 3500 1296 3564 portu
1308 3492 1539 3547 solutam
1558 3491 1844 3548 multarum
1861 3491 2080 3547 navium

491 3586 738 3653 classem,
782 3600 813 3640 a
867 3584 1109 3641 cursibus
1162 3583 1443 3638 destinatis
1491 3581 1727 3646 retorsit,
1760 3589 1815 3636 et
1840 3579 1993 3650 fregit
2023 3580 2079 3636 in

492 3679 696 3736 littore.
743 3676 913 3748 iiujus
943 3691 1134 3733 navem
1162 3678 1216 3732 in
1269 3674 1503 3746 quodam
1543 3675 1662 3744 ejus
1705 3673 1892 3729 insula:
1935 3673 2077 3742 loco,

489 3785 653 3841 quem
693 3769 760 3824 ad
805 3767 1060 3823 Pulvinos
1087 3774 1312 3832 vocant,
1347 3780 1414 3820 ne
1462 3764 1712 3819 similiter
1761 3762 2076 3830 illideretur,

489 3859 740 3916 anchoris
758 3857 982 3914 fundare
995 3857 1176 3913 conati
1196 3864 1320 3912 sunt
1347 3872 1363 3908 :
1385 3854 1480 3911 sed
1503 3853 1694 3910 hiemis
1713 3851 1952 3922 ejusdem
1971 3855 2078 3909 vio.

488 3951 653 4009 lentia
709 3940 1148 4024 praevalescente,
1203 3946 1576 4018 rumpentibus
1609 3945 1858 4013 vinculis,
1901 3953 2078 4000 nautre

489 4043 732 4100 exterriti
764 4041 1076 4115 scaphulam
1103 4043 1124 4072 ‘
1148 4038 1505 4103 demiserunt;
1541 4036 1623 4090 vel
1649 4044 1706 4091 ut
1733 4035 1854 4091 navi
1884 4034 2076 4109 fortius

488 4135 826 4194 continenda
857 4132 1128 4191 renovatis
1149 4140 1204 4189 et
1223 4132 1384 4186 altius
1409 4129 1660 4186 stabilitis
1687 4128 1940 4185 anchoris
1958 4128 2076 4182 sub-

488 4227 754 4292 venirent,
785 4226 951 4282 velut
977 4225 1206 4294 seipsos,
1236 4223 1280 4278 si
1310 4229 1555 4294 possent,
1587 4235 1619 4275 a
1648 4219 1960 4276 discrimine
1981 4234 2076 4274 na-

487 4316 570 4376 'vis
591 4317 881 4389 eriperent.
913 4315 1020 4373 Sed
1066 4316 1187 4372 illos
1231 4315 1412 4370 statim
1453 4328 1578 4370 cum
1627 4311 1801 4381 lragili
1827 4309 2074 4381 perfugio

487 4410 704 4468 lembuli
729 4411 748 4442 ⁸
777 4410 860 4466 sui
887 4409 1176 4479 arripuisse
1206 4407 1258 4464 in
1286 4397 1540 4478 scopulos
1575 4404 1812 4476 procella
1854 4403 2072 4468 dicitur,

488 4511 545 4558 et
569 4501 862 4574 superinsis
891 4500 1140 4555 ﬂuctibus
1166 4497 1428 4555 obruisse.
1458 4495 1633 4552 Unum
1673 4509 1741 4551 ex
1787 4494 1934 4551 omni
1973 4509 2074 4549 nu-

2179 3325 2356 3389 neqde
2401 3317 2455 3374 in
2498 3317 2729 3374 ‘homine
2755 3317 2926 3374 veteri
2967 3325 3325 3389 permaneret.

2250 3411 2304 3466 '5.
2344 3409 2475 3466 Mira
2496 3408 2625 3465 lides
2644 3417 2700 3466 et
2721 3409 3005 3466 inell'abilis
3021 3409 3198 3481 pietas
3211 3407 3772 3474 DominiSalvatoris,

2178 3491 2272 3564 qui
2299 3505 2504 3556 senem,
2534 3489 2580 3546 si
2609 3489 2748 3544 forte
2779 3504 2972 3546 somno
3013 3491 3164 3560 piger
3189 3491 3386 3548 lentius
3431 3495 3500 3548 ad
3530 3505 3773 3564 gerenta

2178 3590 2547 3652 consurgeret,
2579 3589 2634 3638 et
2659 3581 2810 3638 molli
2833 3597 2992 3638 manu
3018 3593 3144 3640 ante
3170 3586 3530 3657 pmpa'lpans,
3552 3603 3623 3645 ne
3652 3597 3772 3646 tre.

2178 3674 2334 3748 pidus
2361 3672 2770 3746 expergeﬁeret,
2795 3673 3046 3730 vellicata
3093 3675 3292 3732 blande
3329 3679 3566 3736 auricula
3593 3685 3774 3740 susci-

2180 3768 2330 3832 tavit,
2357 3781 2477 3822 cum
2507 3765 2581 3838 (ὁ)
2622 3766 2814 3822 leviter
2849 3766 3098 3823 adnitens
3124 3782 3295 3824 senex
3321 3784 3351 3824 a
3380 3771 3556 3842 primo
3581 3776 3771 3832 statim

2179 3870 2378 3915 conatu
2397 3874 2497 3915 suo
2523 3858 2768 3913 manibus
2789 3859 3044 3926 angelicis
3069 3875 3158 3915 res
3175 3859 3394 3918 ellectas
3413 3863 3645 3919 videret.
3665 3865 3771 3924 Vix

2177 3950 2459 4006 rudentem
2479 3949 2632 4020 quasi
2651 3949 2906 4005 ducturus
2927 3951 3197 4020 attigerat,
3215 3967 3336 4007 cum
3360 3955 3537 4012 velum
3560 3956 3775 4017 videret

2174 4042 2284 4110 jam
2313 4043 2650 4098 exsinuatum
2680 4041 2734 4098 in
2762 4049 2954 4099 contos
2977 4060 3106 4099 suos
3137 4063 3150 4098 :
3180 4057 3473 4117 supparum
3513 4048 3614 4120 (ν.
3645 4062 3770 4108 not.

2176 4134 2301 4206 200)
2332 4135 2528 4200 stabat,
2550 4135 2668 4190 vela
2695 4135 2846 4192 navis
2873 4133 3120 4190 faciebat.
3147 4135 3298 4208 Aqua
3326 4138 3477 4194 rimis
3503 4141 3661 4196 navis
3676 4158 3774 4198 ac-

2175 4233 2331 4297 cepta
2360 4239 2602 4294 mergere
2629 4232 2967 4280 tentaverat:
2993 4234 3048 4281 et
3075 4230 3197 4297 pbst
3221 4243 3385 4284 unum
3414 4228 3502 4284 vel
3532 4231 3775 4288 alterum

2173 4317 2355 4372 brevis
2381 4315 2698 4374 sentinaculi
2720 4317 2968 4372 haustum
2991 4317 3216 4374 humore
3239 4318 3335 4390 (ον.
3364 4328 3480 4376 not.
3513 4319 3644 4393 201)
3671 4324 3772 4380 de.

2174 4393 2395 4473 stricto,
2427 4406 2731 4477 siccataque
2776 4407 2900 4462 navi
2929 4408 3072 4478 quod
3119 4418 3306 4478 ageret
3348 4425 3456 4466 non
3505 4411 3772 4483 habebat,

2173 4509 2396 4572 stupens
2415 4499 2649 4555 laborem
2669 4499 2772 4555 sibi
2799 4499 2916 4556 sine
2941 4499 3126 4556 labore
3146 4503 3408 4573 przecerpi
3429 4503 3474 4570 ',
3496 4512 3553 4558 et
3581 4513 3774 4563 actum

489 4611 640 4652 mero
687 4603 972 4650 nautarum
1017 4606 1200 4649 senem
1246 4575 1580 4650 seminando.
1617 4588 1968 4660 deputatum.-
1990 4587 2074 4643 νει
2101 4589 2154 4651 D
2177 4593 2340 4666 279
2364 4606 2518 4647 suum
2549 4589 2757 4646 occulta
2779 4605 2950 4645 .manu
2971 4591 3252 4660 prazveuiri
3277 4609 3292 4646 :
3319 4593 3364 4647 si
3391 4592 3529 4649 bene
3551 4595 3772 4654 occulta

488 4697 638 4746 metu
665 4688 1028 4754 immemores,
1055 4686 1135 4740 vel
1165 4693 1224 4740 ut
1267 4684 1428 4740 vilem
1459 4683 1693 4739 animam
1721 4688 2072 4736 contemnen-

489 4790 592 4844 tes.
616 4780 944 4849 relinquunt.
996 4776 1202 4831 interea
1232 4776 1486 4831 destituta
1512 4773 1693 4830 nautis
1720 4777 1778 4828 et
1819 4768 2073 4827 anchoris

489 4871 641 4931 navis
666 4868 905 4924 aufertur
943 4869 996 4922 in
1027 4866 1268 4937 pelagus.

557 4965 613 5019 2.
653 4963 828 5019 Senex
861 4961 970 5029 ille,
993 4959 1083 5030 qui
1111 4960 1377 5014 nescierat
1413 4971 1473 5012 sc
1501 4957 1768 5022 relictum,
1797 4963 1858 5008 ut
1875 4951 2071 5022 jactari

490 5056 737 5126 volvique
763 5053 948 5118 sensit,
981 5051 1048 5106 ab
1071 5051 1260 5105 intimo
1280 5049 1433 5104 navis
1445 5049 1608 5119 278
1631 5046 1873 5113 emergit,
1896 5057 2065 5098 vacua

489 5151 687 5218 omnia,
715 5164 863 5204 mare
893 5147 1148 5217 undique,
1178 5152 1234 5200 et
1253 5145 1484 5214 undique
1510 5145 1704 5199 cmlum
1736 5142 1875 5197 videt
1905 5155 2066 5196 :cum

489 5253 546 5298 et
593 5251 793 5297 metum
820 5249 876 5295 et
900 5237 1198 5309 periculum
1225 5236 1423 5293 misero
1467 5233 1704 5290 solitudo
1748 5233 2064 5298 cumularet,

487 5350 585 5390 sex
631 5333 745 5390 dies
794 5341 848 5387 et
876 5337 1062 5387 noctes
1085 5328 1300 5398 jejunus
1328 5319 1627 5398 corriliditg".
1657 5325 1890 5383 Fuerunt
1918 5329 2064 5386 enim

489 5427 564 5484 illi
612 5427 857 5497 lacrymw
892 5439 1050 5496 panes
1090 5422 1174 5476 die
1219 5437 1280 5474 ac
1307 5429 1454 5475 nocte
1496 5419 1565 5474 ἀς
1601 5431 1712 5476 tum
1752 5418 1924 5490 ipsum
1949 5419 2066 5491 jam

561 5549 588 5578 ⁸
626 5538 764 5594 Tob.
822 5553 914 5593 xu.
963 5535 1015 5590 7.
1093 5531 1120 5572 δ
1156 5531 1351 5587 Johan.
1385 5548 1434 5599 v,
1474 5531 1558 5587 l7.

1638 5543 1662 5570 ε
1695 5531 1878 5588 Actor.
1928 5549 1981 5596 r,
2016 5533 2072 5588 5.
2147 5529 2172 5570 δ
2214 5527 2356 5584 Psal.
2396 5523 2581 5588 qu.

2175 4683 2390 4745 dicitur,
2441 4695 2561 4753 qua:
2590 4689 2699 4736 tam
2741 4682 3086 4752 perspicuum
3129 4683 3422 4752 prtestabat
3474 4685 3769 4744 auxilium.

2173 4771 2280 4829 Sed
2309 4787 2410 4829 nec
2447 4771 2547 4843 ipsi
2593 4780 2910 4842 operatores
2952 4770 3286 4841 simplicibus
3333 4774 3772 4834 innocentissimi

2171 4866 2317 4920 senis
2341 4864 2510 4920 oculis
2533 4861 3016 4920 subtrahebantur:
3039 4877 3164 4917 nam
3185 4877 3328 4934 stupe
3344 4864 3473 4919 vidit
3500 4875 3772 4936 armatos,

2174 4955 2423 5012 videlicet
2448 4962 2516 5010 de
2536 4953 2776 5008 exercitu
2803 4952 2950 5020 cmli,
2998 4953 3196 5008 milites
3221 4955 3490 5011 excubare
3517 4959 3770 5028 navigio,

2170 5057 2228 5104 et
2253 5055 2444 5103 cuncta
2471 5043 2671 5099 nautici
2698 5047 2934 5098 muneris
2951 5042 3346 5100 administrare.
3377 5045 3486 5100 Nec
3511 5063 3647 5101 sane
3668 5065 3774 5103 na-

2171 5154 2295 5194 vem
2324 5137 2467 5192 illam
2491 5136 2589 5192 nisi
2612 5135 2785 5204 angeli
2807 5143 2980 5190 nauta:
3001 5134 3286 5201 decebant,
3307 5137 3394 5191 cui
3422 5137 3775 5206 gubernacu-

2173 5231 2281 5287 lum
2303 5241 2420 5286 erat
2441 5228 2624 5284 mundi
2651 5227 2996 5298 gubernator.
3017 5225 3138 5298 Ipse
3156 5229 3300 5283 enim
3329 5228 3588 5285 Dominus
3620 5245 3774 5290 nunc

2175 5337 2275 5380 suo
2301 5321 2452 5389 vultu
2477 5331 2752 5380 coruscus,
2777 5316 2911 5372 utin
2933 5315 3255 5388 Apocalypsi
3287 5326 3310 5355 ο
3332 5318 3681 5384 describitur,
3709 5331 3776 5378 et

2175 5431 2329 5473 coma
2350 5413 2613 5483 l‘ulgidus;
2645 5425 2785 5466 nunc
2803 5410 3126 5468 confessoris
3145 5417 3200 5466 et
3227 5411 3387 5466 amici
3409 5411 3489 5469 sui
3511 5450 3527 5478 ,
3555 5412 3770 5471 domini

2659 5533 2683 5562 ε
2723 5523 2892 5594 Apoc.
2922 5538 2960 5587 r,
2991 5519 3074 5576 ii.

560 5637 577 5653 ‘
615 5631 762 5688 Alias
787 5629 877 5691 36,
907 5642 1024 5698 quae
1053 5636 1230 5682 autem
1258 5623 1324 5680 i9
1353 5631 1486 5690 erat,
1537 5638 1676 5678 nunc
1721 5621 1966 5693 Append.
2001 5621 2051 5677 Ι.
2091 5618 2300 5692 Scripta
2322 5633 2463 5674 anno
2499 5615 2620 5680 409,
2645 5623 2735 5670 aut
2763 5623 2903 5684 post.

558 5726 638 5794 (α)
675 5723 767 5778 Sic
791 5722 954 5778 editio
981 5719 1133 5794 Griru.
1164 5720 1232 5794 A_t
1260 5733 1359 5794 ms.
1381 5715 1550 5794 "Reg.
1583 5711 2067 5794 PanuliniEpiafoln

491 5783 899 5856 nd‘ﬂacarimn,
932 5799 987 5846 et
1019 5791 1148 5848 edit.
1191 5786 1347 5850 Bad..
1374 5785 1536 5841 Grav.
1567 5794 1621 5840 et
1648 5785 1836 5856 Sciret.
1863 5783 2070 5856 addunt

487 5871 548 5924 in
566 5882 666 5928 arta
687 5864 750 5917 de
775 5851 913 5918 senis
943 5861 1219 5934 naufragio
1243 5857 1491 5931 stupenda
1518 5864 1698 5911 narrat
1724 5851 1995 5912 miracula.

2344 5708 2420 5794 ita
2442 5707 2727 5794 rus.codex
2755 5704 2952 5776 Regius
2979 5717 3101 5760 cum
3131 5701 3287 5760 editis
3307 5701 3458 5760 Grin.
3483 5711 3540 5761 et
3565 5701 3766 5764 Schot.

2172 5778 2317 5839 Editi
2347 5789 2475 5853 tres,
2503 5780 2704 5834 leuiter.
