4134 6416
350 360 453 422 ιιι

1724 353 2059 416 ΕΗδῖπᾶ
2097 351 2281 414 XLIX.

3539 353 3649 411 l0!

345 472 477 542 mel,
503 473 806 532 communis
825 472 1039 546 patroni
1059 471 1159 544 (γ.
1180 478 1296 528 not.
1322 469 1411 542 l6)
1433 469 1624 527 Felicis
1652 484 1749 526 ore
1775 484 1941 526 vene-
1966 473 2019 533 Δ
2039 476 2093 525 et
2118 484 2315 541 pauper
2356 483 2473 523 sunt
2496 464 2593 541 ego
2614 478 2671 536 tt,
2701 477 2759 525 et
2802 469 2973 542 factus
3024 483 3138 523 sum
3175 468 3365 525 similis
3411 468 3651 537 pelicm

346 566 533 625 rabilis
559 566 622 623 iu‘
638 566 803 639 puppi
826 565 1069 631 sedebat,
1098 565 1236 623 sicut
1265 562 1484 620 nautico
1505 579 1607 620 usu
1634 562 1852 629 dicitur,
1880 561 1949 619 ad

349 667 617 727 mnes,
642 658 733 717 vel
759 658 947 732 potius
964 674 1065 730 pro
1113 657 1422 714 temonibus
1449 656 1493 724 ⁸,
1521 669 1662 726 quos
1697 668 1822 711 cum
1853 669 1952 709 nn-

347 749 531 808 choris
556 750 760 824 pariter
791 759 848 808 et
880 750 1062 808 nautis
1087 749 1265 806 in.illo
1292 746 1558 819 naufrago
1576 748 1761 803 littore
1802 746 1954 803 navis

348 842 606 900 amiserat
633 860 650 898 :
681 842 873 901 infelix
900 842 1153 908 feliciter,
1178 892 1181 897 .
1203 849 1265 899 ut
1296 856 1397 914 pro
1449 840 1663 898 antissis
1700 838 1958 897 omnibus

348 935 480 994 viris
502 944 559 995 ct
581 937 749 995 armis
775 936 909 1004 suis,
924 947 1033 992 .aut
1059 934 1277 992 Domini
1299 943 1616 1007 martyrem,
1646 941 1740 990 aut
1769 932 1953 989 Domi-

351 1040 482 1083 num
527 1026 784 1099 martyris
829 1026 1128 1083 obtineret.
1155 1024 1352 1082 Narrat
1402 1024 1602 1095 gaudio
1650 1023 1959 1098 lacrymans

350 1131 521 1174 senas
544 1132 608 1174 se
627 1115 700 1173 ad
728 1116 901 1189 ipsius
920 1115 1087 1189 pedes
1113 1132 1259 1175 nunc
1285 1116 1521 1184 Domini,
1543 1131 1687 1173 nunc
1704 1115 1961 1187 martyris

352 1208 727 1277 gubernantis,
748 1208 852 1266 slbi
877 1210 1099 1268 solitum
1128 1208 1433 1283 procubare
1459 1212 1505 1278 ⁹,
1527 1208 1694 1266 etiam
1721 1208 1957 1265 familia-

351 1299 468 1357 rius
513 1301 634 1380 ipso
676 1299 1002 1372 allectante,
1048 1300 1104 1358 in
1150 1301 1377 1372 genibus
1404 1316 1622 1373 quoque
1662 1316 1727 1358 ac
1754 1300 1960 1357 sinibus

353 1392 527 1449 sacris
543 1390 789 1463 beatum,
805 1401 859 1450 et
887 1392 1160 1452 amatihns
1177 1392 1376 1450 divinis
1394 1391 1624 1452 odonuu
1650 1393 1693 1427 “
1712 1393 1961 1451 rcclinati

355 1482 557 1555 capitis
582 1481 835 1556 pulvinar
859 1485 1161 1543 habuisse..

429 1572 488 1628 ι.
524 1570 840 1632 Dubitemus
868 1591 1012 1633 nunc
1059 1574 1490 1648 patriarcharum
1518 1576 1669 1635 sinus
1712 1576 1963 1637 fidelibus

357 1666 415 1723 in
440 1663 657 1724 Christo
678 1667 851 1725 servis
877 1676 1087 1741 patere,
1112 1683 1240 1725 cum
1284 1667 1554 1727 immensa
1600 1668 1721 1741 ejus
1744 1670 1962 1728 bonitas

355 1759 524 1816 etiam
553 1760 1008 1819 eatechumenum
1038 1771 1168 1819 tunc
1198 1762 1362 1820 istum
1389 1764 1477 1820 vel
1503 1778 1627 1832 suo,
1667 1765 1756 1822 vel
1769 1765 1967 1823 aucti

2053 560 2368 630 solitudinis,
2390 563 2523 618 sicut
2543 560 2848 635 πνείει-θηται
2876 560 2973 637 (γ.
2989 569 3107 619 ιιοῑ.
3131 561 3258 632 203)
3287 562 3342 617 in
3363 560 3651 624 domicilio,

2054 662 2112 711 et
2132 654 2208 711 ita
2233 654 2289 710 in
2311 655 2438 711 navi
2464 669 2587 712 mea
2608 654 2741 710 sicut
2778 670 2965 728 passer
2989 654 3173 711 unicus
3199 670 3357 727 super
3387 662 3573 709 tet-tutu
3599 665 3650 711 α.

2055 745 2265 803 Audiuit
2288 746 2558 815 Dominus,
2584 755 2635 802 et
2659 747 2903 803 misertus
2923 756 3003 803 est
3028 747 3164 820 ejus,
3193 754 3251 803 et
3263 744 3412 803 misit
3430 745 3655 816 angelos

2057 841 2111 896 in
2137 841 2367 898 circuitu
2413 839 2551 912 ejus,
2580 850 2633 897 et
2659 842 2832 914 {actus
2860 849 2941 897 est
2972 841 3029 897 in
3055 841 3278 896 «luteis
3319 840 3362 871 "
3392 849 3439 896 τ.
3472 837 3651 910 ιιιιρεο

2058 932 2188 989 rarit
2217 933 2480 1004 procellis,
2502 941 2553 990 et
2576 934 2721 990 stetit
2747 933 2802 989 in
2832 949 3018 988 aurata
3040 939 3088 987 ⁸.
3120 930 3389 1004 facrepuit
3415 944 3578 996 utare,
3602 938 3655 984 et

2059 1026 2311 1082 siluerunt
2330 1027 2518 1096 [luctus
2536 1026 2671 1099 ejus,
2692 1032 2751 1082 et
2767 1025 2985 1081 deduxit
3007 1039 3126 1080 euut
3146 1026 3204 1080 in
3226 1024 3375 1095 aquis
3399 1022 3574 1080 multis
3604 1023 3621 1058 ⁸
3636 1062 3654 1087 ,

2058 1121 2313 1177 uidentem
2337 1137 2498 1193 opera
2522 1117 2739 1176 Domini
2749 1122 2798 1175 et
3096 1119 3210 1191 ejus
3238 1119 3295 1173 in
3322 1114 3647 1189 profundo'.

2082 1211 2283 1268 Cibari‘t
2300 1229 2419 1268 eunt
2447 1211 2602 1285 adipe
2644 1212 2917 1285 frumenti,
2965 1219 3025 1268 et
3047 1211 3393 1281 colloquentc
3411 1207 3649 1273 Christo.

2060 1306 2214 1376 quasi
2243 1305 2308 1361 de
2332 1315 2498 1373 petra,
2527 1304 2968 1361 ntellesaturatus
2994 1312 3073 1365 est
3111 1314 3158 1360 ".
3185 1303 3447 1374 Respexit
3475 1301 3651 1359 humi-

2062 1398 2191 1468 lem,
2228 1398 2322 1469 qui
2348 1396 2532 1454 beavit
2574 1412 2841 1471 pauperes
2873 1395 3066 1469 spiritu
3095 1405 3143 1451 ι.
3188 1395 3431 1452 Flentem
3460 1391 3651 1449 aifatu.

2062 1497 2167 1557 est,
2195 1489 2291 1561 qui
2311 1490 2562 1561 promisit
2598 1488 2907 1560 lugentibus
2953 1488 3408 1546 consolationem.
3449 1484 3519 1542 Et
3559 1485 3656 1556 qui

2061 1582 2426 1640 esurientibus
2463 1588 2521 1637 ct
2537 1580 2848 1638 sitientibus
2869 1580 3135 1652 justitiam
3177 1579 3518 1637 saturitatem
3537 1576 3653 1644 dat,

2062 1674 2181 1745 ipse
2206 1672 2352 1729 hunc
2374 1668 2738 1753 deﬁcientem,
2769 1672 2863 1743 qui
2888 1672 3064 1744 panis,
3094 1679 3151 1728 et
3173 1671 3405 1743 iustitia,
3453 1678 3511 1725 et
3534 1671 3656 1727 fons

2061 1763 2188 1821 vita:
2213 1772 2315 1831 est,
2345 1764 2415 1820 de
2438 1764 2637 1835 seipse
2660 1764 2892 1835 irrigans
2910 1762 3087 1835 pavit;
3113 1778 3216 1819 nec
3237 1762 3342 1817 alia
3359 1762 3520 1817 istum
3542 1762 3657 1832 pie-

356 1851 463 1918 sui,
490 1850 689 1911 foverit
726 1854 957 1925 gremio.
982 1852 1119 1911 Nam
1145 1863 1221 1913 et.
1247 1856 1301 1912 in
1342 1864 1535 1914 sancto
1561 1874 1674 1915 suo-
1688 1859 1805 1931 ipse
1826 1858 1963 1917 ade-
1992 1863 2038 1926 1t
2067 1863 2390 1927 tate,.quan
2415 1871 2633 1912 omnem
2669 1855 2947 1913 hominem
2978 1858 3030 1912 in
3061 1857 3221 1924 hujus
3250 1855 3434 1911 mundi
3457 1856 3657 1926 pelago

356 1954 467 2019 rat,
489 1948 603 2020 qui.
623 1948 795 2018 dixit,
829 1959 904 2008 ut-
926 1950 1100 2020 nosti,
1132 1951 1202 2007 ad
1230 1949 1447 2009 Patrem
1481 1970 1505 2008 ι
1529 1952 1647 2027 Ege
1670 1954 1963 2011 claritatem

357 2057 518 2115 «aut
546 2041 737 2099 dedisti
754 2042 905 2113 mihi,
934 2042 1056 2101 dedi
1074 2044 1172 2112 eis,
1199 2054 1259 2101 ut
1281 2061 1441 2100 unum
1465 2048 1591 2116 sint,
1620 2048 1773 2102 sicuti
1798 2056 1848 2103 et
1868 2063 1963 2103 nos

358 2146 522 2192 unum
540 2152 724 2193 suntut
768 2136 831 2195 “.
859 2135 977 2211 Ego
1002 2138 1058 2194 in
1087 2140 1184 2205 eis,
1234 2148 1287 2195 et
1317 2149 1369 2195 tu
1397 2142 1452 2196 in
1481 2157 1562 2195 me
1593 2148 1638 2194 ³.
1673 2139 1740 2196 Et
1769 2141 1961 2197 iterum

358 2226 433 2284 ad
474 2225 774 2299 apostolos,
804 2228 859 2286 in
888 2230 1084 2302 quibus
1113 2231 1367 2289 universo
1393 2232 1609 2305 corpori
1650 2248 1750 2290 suo
1778 2233 1914 2288 dixit
1946 2252 1959 2288 :

359 2316 502 2376 Ecce
523 2337 618 2394 ego
643 2320 902 2378 vobiscum
924 2339 1037 2379 sum
1081 2324 1319 2381 omnibus
1351 2325 1528 2382 diebus
1557 2344 1716 2401 usque
1741 2326 1821 2396 ad.
1838 2343 1964 2383 con-

358 2415 757 2470 summationem
783 2416 944 2473 seculi
986 2415 1035 2472 δ.
1064 2416 1219 2485 Quod
1245 2419 1491 2491 quotidie
1529 2421 1687 2477 nobis
1720 2421 1774 2478 in
1800 2436 1962 2478 manu

358 2503 459 2579 (γ.
484 2515 602 2564 not.
630 2506 758 2583 202)
788 2516 845 2567 et
872 2512 1246 2584 apostolorum
1292 2529 1518 2572 suorum
1558 2524 1613 2571 et
1639 2524 1962 2589 martyrum,

356 2612 625 2673 operante
664 2605 974 2677 conspicuis
1015 2606 1310 2667 virtutibus
1349 2609 1616 2681 potentia,
1642 2611 1858 2683 probat,
1903 2620 1966 2668 ut

357 2695 646 2754 credatmu
669 2695 767 2753 Dei
788 2696 980 2756 Filium
1007 2707 1065 2757 et
1092 2699 1383 2757 Dominum
1409 2710 1654 2760 nostrum
1681 2700 1866 2759 Jesum
1892 2718 1961 2759 ex

356 2788 763 2846 nesarrectione
817 2797 1160 2848 mortuorum
1211 2800 1534 2863 regnantem
1582 2793 1640 2850 in
1697 2793 1850 2853 caelis
1895 2794 1964 2852 ad

355 2873 641 2934 dexteram
669 2876 848 2937 Patris
878 2889 926 2949 ο,
947 2881 1177 2939 eiscum
1203 2896 1327 2942 esse
1349 2881 1661 2956 Demittunt,
1684 2902 1791 2942 non
1819 2903 1964 2942 ator-

358 2978 569 3027 tuorum
593 2966 646 3027 ⁸.
673 2968 819 3045 Ergo
856 2987 981 3031 cum
1010 2982 1069 3031 et
1091 2975 1267 3032 sancti
1311 2975 1396 3033 sui
1421 2975 1752 3036 confessoris
1787 2978 1965 3050 enigie

355 3077 546 3119 senem
572 3070 795 3120 nautam
837 3062 1075 3136 fovebat,
1102 3065 1221 3139 ipse
1242 3066 1435 3124 aderat
1461 3069 1515 3126 in
1544 3080 1734 3126 sancto
1762 3085 1884 3139 suo,
1907 3078 1967 3127 et

357 3150 562 3211 fessum
589 3163 756 3227 atque
795 3155 1103 3228 depositum
1128 3157 1346 3215 blandis
1371 3159 1647 3218 mulcebat
1672 3161 1959 3235 alloquiis;

2068 1948 2433 2017 volutantem,
2464 1948 2645 2005 dedita
2694 1946 2840 2005 Patri
2872 1964 3041 2020 usque
3087 1948 3155 2005 ad
3195 1951 3373 2006 crucis
3424 1955 3655 2004 mortem

2067 2041 2271 2112 pietate
2292 2039 2578 2098 miseratus
2605 2048 2722 2107 cst;
2747 2040 2873 2110 quia
2892 2040 3142 2098 videlicet
3165 2057 3303 2098 unus
3340 2042 3505 2101 homo
3531 2041 3655 2096 nni-

2067 2133 2339 2191 versitatis
2377 2132 2579 2205 portio,
2608 2142 2664 2191 et
2684 2132 3007 2191 universitas
3033 2133 3195 2191 unius
3222 2131 3395 2190 forma
3421 2133 3656 2191 hominis

2065 2235 2120 2283 et
2144 2241 2306 2284 causa
2327 2234 2433 2285 est.

2135 2321 2191 2375 6.
2230 2318 2474 2393 Denique
2515 2338 2623 2381 non
2650 2323 2824 2381 solum
2854 2340 3046 2383 navem
3070 2326 3136 2391 ’³,
3169 2325 3268 2383 sed
3314 2325 3490 2397 ipsum
3513 2339 3655 2397 quo-

2065 2429 2193 2486 que,
2215 2415 2370 2486 cujus
2387 2430 2550 2473 causa
2570 2432 2761 2474 navem
2781 2417 3053 2485 tuebatur,
3074 2431 3286 2489 regens,
3315 2426 3373 2476 et
3390 2417 3445 2474 in
3469 2432 3538 2474 eo
3554 2417 3656 2474 diss

2064 2516 2214 2565 creta
2238 2507 2407 2580 (idest
2430 2507 2672 2583 diversaf;
2704 2508 2914 2582 oid.ep.
2947 2508 3035 2577 50,
3062 2526 3116 2565 ιι.
3145 2510 3235 2582 13)
3264 2511 3442 2567 castris
3461 2517 3519 2566 et
3540 2510 3653 2582 spi-

2066 2602 2205 2659 ritus
2230 2600 2404 2659 ofllcia
2434 2601 2775 2676 dispensans,
2816 2611 2984 2662 noctu
3009 2618 3263 2663 securum
3289 2603 3656 2676 requiescere,

2065 2695 2157 2754 die
2182 2696 2407 2769 vigilare
2424 2697 2718 2755 sollicitum
2741 2697 2988 2771 iubebat,
3017 2714 3080 2756 se
3106 2715 3206 2772 pro
3248 2698 3556 2758 dormiente
3576 2702 3657 2756 vi.

2065 2789 2376 2861 gilaturum,
2389 2799 2446 2847 et
2467 2791 2711 2863 vigilanti
2731 2801 3149 2865 cooperatnrum
3165 2808 3290 2851 esse
3314 2790 3655 2865 promittens.

2065 2881 2275 2956 Nempe
2304 2883 2453 2941 illum
2481 2884 2539 2941 in
2565 2885 2633 2942 iis
2649 2885 2832 2943 verbis
2867 2883 3085 2943 Domini
3114 2900 3476 2959 recognosces
3497 2883 3661 2943 allec-

2068 2983 2205 3043 ιοων
2232 2991 2345 3049 ιιυο
2372 2992 2594 3051 θεωρεῖ
2619 2978 2695 3037 ita
2719 2993 2870 3051 spem
2897 2988 3141 3038 nostram
3181 2978 3350 3049 fovet,
3376 2986 3437 3037 ut
3452 2977 3660 3036 sollici-

2066 3066 2308 3124 tudinem
2351 3083 2463 3126 non
2507 3067 2753 3127 relaxet:
2783 3070 2857 3127 ita
2884 3067 3110 3127 inlisum
3143 3070 3295 3128 carni
3317 3070 3572 3138 consulit,
3600 3077 3662 3127 ut

2066 3164 2291 3239 spiritus
2317 3174 2600 3238 promptus
2621 3181 2743 3225 esse
2777 3181 2892 3225 non
2917 3164 3149 3225 desinat.
3179 3163 3254 3222 Et
3279 3165 3403 3225 ideo
3419 3166 3501 3225 sic
3525 3164 3661 3224 dor-

355 3260 461 3303 nec
508 3247 681 3317 magis
707 3246 833 3305 cibo
859 3262 1023 3320 quam
1069 3251 1239 3308 verbo
1257 3250 1557 3320 reﬁciebat,
1585 3252 1709 3327 quia
1739 3255 1857 3328 ipse
1880 3262 1962 3313 est
1989 3268 2037 3333 ρ
2065 3259 2203 3316 mire
2226 3260 2474 3332 permisit
2491 3261 2607 3317 seni
2629 3261 2792 3328 fesso,
2817 3269 2877 3319 ut
2900 3275 2970 3321 ne
2987 3261 3105 3318 seni
3123 3260 3344 3333 quidem
3362 3269 3421 3319 et
3437 3258 3662 3332 fatigato

353 3355 518 3397 verus
543 3342 717 3411 panis,
739 3343 828 3415 qui
870 3341 935 3398 de
960 3343 1088 3399 caelo
1112 3343 1379 3400 descendit
1413 3354 1436 3383 ε
1459 3346 1585 3402 dare
1614 3364 1785 3403 escam
1813 3349 1960 3404 omni

350 3433 508 3488 carni
541 3430 586 3491 τ.
617 3432 676 3489 In
704 3433 852 3492 omni
880 3436 1028 3491 enim
1067 3434 1291 3493 homine
1327 3452 1466 3509 opus
1492 3453 1649 3494 suum
1679 3438 1871 3509 diligit,
1902 3449 1961 3496 et

348 3538 592 3591 omnem,
617 3533 881 3595 quantum
924 3524 979 3581 in
1008 3526 1128 3598 ipso
1150 3533 1253 3592 est,
1303 3527 1569 3583 hominem
1615 3528 1817 3585 solrum
1839 3530 1960 3601 ﬁeri

349 3619 460 3672 rult
481 3627 505 3665 ιι
526 3636 541 3672 :
565 3620 689 3690 quia
712 3629 932 3675 mortem
957 3635 1061 3676 non
1084 3620 1208 3692 fecit
1231 3620 1358 3677 vita:
1385 3619 1545 3679 dator
1564 3631 1620 3677 et
1647 3622 1757 3679 vita
1776 3630 1955 3691 totus;

349 3728 444 3768 nec
482 3712 688 3770 la'tatur
714 3714 766 3769 in
789 3714 1077 3787 perditione
1103 3716 1331 3771 rivorum
1353 3712 1411 3783 1³;
1434 3716 1526 3787 qui
1560 3717 1766 3773 mavult
1793 3717 1959 3774 mise-

348 3806 637 3863 ricordiam
657 3822 819 3879 quam
838 3806 1164 3866 sacriﬁcium
1193 3805 1237 3879 ⁸,
1261 3823 1365 3866 nec
1383 3824 1646 3882 personas
1672 3812 1874 3884 accipit
1905 3814 1954 3880 ις

348 3897 445 3967 qui
471 3897 602 3955 fecit
627 3914 840 3971 omnes,
890 3899 991 3958 sed
1015 3916 1117 3974 pro
1144 3902 1353 3958 meritis
1381 3901 1619 3974 iudicat;
1650 3907 1774 3979 quia
1812 3904 1953 3962 Deus

350 3991 513 4067 iudex
535 4002 634 4050 est.

420 4084 475 4141 5.
517 4084 762 4160 Denique
800 4104 911 4146 non
962 4089 1042 4147 illi
1068 4090 1159 4150 hic
1185 4094 1255 4149 de
1303 4093 1615 4152 calamitate
1660 4095 1950 4168 nattlragii,

349 4181 617 4254 nequede
642 4183 798 4241 senio
816 4193 874 4243 et
917 4197 1161 4258 egestate
1201 4198 1365 4244 nauta
1398 4188 1558 4245 vilior
1604 4191 1769 4263 230
1811 4190 1950 4259 fuit;

347 4274 446 4332 sed
495 4275 561 4332 iis
601 4276 854 4334 omnibus
894 4279 962 4347 “,
988 4278 1187 4351 quibus
1213 4297 1338 4338 eum
1367 4289 1423 4339 et
1452 4282 1585 4339 socii
1615 4292 1949 4355 spreverant,

344 4364 621 4424 Christum
647 4369 840 4437 movit,
871 4379 930 4427 et
968 4371 1176 4429 viscera
1221 4371 1403 4430 divina
1452 4375 1743 4430 concussit.
1799 4374 1952 4431 Oculi

2061 3353 2184 3410 sine
2234 3353 2489 3423 vigilandi
2535 3356 2759 3425 negotio
2802 3356 3150 3413 securitatem
3200 3354 3533 3423 remitteret;
3589 3369 3659 3411 na

2059 3444 2267 3502 scilicet
2316 3446 2684 3503 resolveretur
2712 3448 2765 3503 in
2791 3462 3012 3505 somnos
3054 3448 3277 3516 itmrtes,
3310 3456 3368 3505 et
3394 3447 3659 3520 inciperet

2057 3555 2168 3598 non
2197 3539 2374 3598 solum
2396 3555 2647 3612 corpore,
2670 3540 2767 3598 sed
2794 3548 2851 3598 et
2877 3548 3059 3599 mente
3075 3541 3335 3599 dormire.
3360 3539 3517 3609 Quod
3543 3554 3659 3596 meo

2060 3643 2220 3691 tuens
2269 3633 2493 3703 quidam
2532 3640 2754 3691 sanctus
2805 3630 2878 3689 ait
2912 3652 2930 3688 :
2960 3632 3217 3690 litamina
3267 3632 3445 3692 oculos
3490 3646 3658 3698 meos,

2057 3724 2300 3791 Domine,
2323 3741 2391 3781 ne
2409 3740 2657 3798 umquam
2690 3723 3015 3782 abdomina
3043 3724 3123 3798 (α)
3146 3727 3206 3781 in
3233 3733 3452 3782 mortem
3480 3732 3533 3780 γ.
3556 3722 3657 3778 γι-

2055 3815 2179 3872 cina
2205 3815 2353 3873 enim
2394 3816 2558 3872 morti
2582 3815 2734 3874 labes
2766 3823 2852 3873 est
2872 3823 3060 3889 torpor
3084 3816 3410 3873 animorum.
3432 3812 3503 3872 Et
3526 3822 3660 3872 tunc

2056 3911 2191 3965 dicet
2210 3909 2453 3965 inimicus
2479 3923 2499 3966 :
2529 3907 3061 3965 Prmluiadrersus
3080 3925 3199 3964 eum
3233 3907 3344 3976 ἢεί
3370 3914 3427 3964 et
3453 3909 3657 3965 mentis

2055 4002 2247 4058 oculos
2266 4015 2490 4057 somnus
2500 3999 2849 4072 oppresserit.
2865 3998 3319 4072 Recognoscimus
3332 4013 3463 4069 ergo
3477 3998 3655 4071 ipsum

2055 4092 2171 4150 seni
2202 4091 2459 4158 adluisse,
2507 4092 2602 4163 qui
2646 4091 2785 4147 dixit
2833 4091 3250 4148 dormitantibus
3299 4090 3444 4147 suis:
3487 4091 3651 4165 28],

2063 4183 2310 4257 Vigilate,
2339 4192 2392 4238 ct
2435 4190 2603 4252 orate,
2627 4191 2685 4238 ut
2729 4198 2836 4238 non
2856 4183 3075 4238 satiatis
3103 4183 3158 4237 in
3197 4182 3539 4237 tentationent
3568 4191 3649 4246 ul;

2054 4279 2312 4334 etiterum
2338 4272 2681 4345 vigilantibus
2701 4276 2806 4343 ait,
2818 4273 2930 4345 iam
2954 4275 3160 4332 scilicet
3187 4274 3545 4333 excitaturum
3568 4276 3653 4331 vi-

2052 4383 2184 4439 gore
2212 4384 2435 4427 securus
2462 4386 2477 4423 :
2509 4366 2747 4424 Dormite
2783 4369 2917 4439 jam,
2949 4379 2999 4426 et
3035 4370 3338 4444 requiescite
3380 4368 3463 4426 δι’.
3493 4370 3653 4438 Quod

343 4459 488 4517 enim
513 4461 627 4533 ejus
649 4477 866 4537 semper
892 4465 947 4521 in
970 4483 1252 4539 pauperem
1280 4467 1579 4537 respiciunt.
1614 4466 1864 4523 Profecto
1893 4476 1950 4524 et
2050 4462 2269 4533 quidem
2294 4478 2402 4519 non
2426 4462 2596 4533 magis
2621 4461 2690 4518 de
2713 4477 2981 4535 corporeo
3007 4478 3203 4520 somno
3244 4479 3407 4535 quam
3440 4464 3509 4520 de
3529 4464 3651 4523 fidei

343 4556 444 4611 iste
468 4573 664 4630 pauper
681 4558 945 4625 clamauit,
974 4572 1024 4615 et
1044 4558 1302 4616 Dominus
1324 4562 1589 4617 exaudivit
1627 4578 1740 4616 eum
1772 4560 1820 4617 ίι.
1847 4560 1945 4617 Cui
2054 4556 2517 4614 lirtnitatedictum
2536 4556 2664 4613 alibi
2677 4556 2859 4625 docet,
2878 4558 3095 4617 dicens:
3127 4557 3440 4616 Constantes
3467 4571 3648 4626 estote,

343 4649 569 4707 forsitan
601 4651 670 4709 ad
697 4652 1032 4725 precandum
1059 4655 1224 4711 etiam
1256 4670 1420 4711 voces
1458 4655 1801 4726 propheticus
1838 4652 1946 4709 Do—
1974 4658 2026 4721 Β
2049 4651 2171 4723 quia
2193 4668 2287 4722 ego
2313 4650 2409 4705 vici
2431 4649 2677 4731 mundum
2710 4658 2789 4707 οε.
2816 4650 2957 4707 Vera
2985 4650 3133 4708 enim
3160 4651 3396 4709 hominis
3420 4652 3537 4711 licet:
3562 4668 3651 4710 re-

342 4742 523 4799 minus
543 4743 969 4817 etipsapericuli
983 4761 1145 4804 causa
1169 4747 1475 4813 dictaverit,
1502 4756 1559 4803 ut
1580 4746 1842 4803 clamaret
1858 4745 1938 4799 '3:
2051 4747 2205 4817 quies
2230 4755 2330 4811 cst,
2349 4747 2392 4803 si
2416 4746 2520 4803 ﬁde
2543 4755 2821 4818 constans,
2842 4755 2897 4804 et
2921 4748 3148 4805 victoria
3177 4746 3376 4805 (Ἆπις.ιί
3406 4747 3475 4805 ab
3500 4747 3647 4805 omni

342 4834 560 4890 Salsum
597 4839 843 4910 ntefac,
885 4836 1027 4894 Deus
1059 4880 1077 4906 ,
1124 4840 1372 4913 quoniam
1414 4841 1739 4894 intraverunt
1794 4855 1942 4913 aqua:
2050 4837 2208 4897 hoste
2235 4853 2479 4903 securus,
2510 4854 2648 4910 pace
2674 4840 2933 4896 unanimo
2956 4838 3294 4913 perfruatur:
3342 4838 3467 4914 Ipse
3510 4841 3649 4896 enim

340 4943 503 5002 usque
524 4932 596 4987 ad
620 4935 854 4989 animam
880 4952 1070 4992 meant.
1104 4935 1228 4992 Veni
1257 4936 1312 4992 in
1338 4937 1681 5003 altitudinem
1703 4939 1864 4993 maris
1897 4935 1940 5004 ⁸,
2048 4933 2196 5004 quies
2230 4942 2411 4987 nostra
2434 4928 2518 4999 δι’,
2542 4931 2637 5003 qui
2682 4946 2787 5003 pax
2814 4931 2973 4990 trabis
2993 4941 3096 5001 est,
3126 4934 3328 5006 quippe
3364 4949 3466 5005 pro
3491 4932 3659 4990 nobis

342 5039 448 5078 non
468 5041 548 5081 tne
567 5025 830 5099 demergo:
852 5035 1131 5100 tempestas
1154 5046 1332 5102 σφωε,
1354 5048 1515 5102 neque
1542 5029 1822 5085 absorbent
1864 5048 1944 5086 me
2048 5024 2237 5096 vigilat
2260 5033 2317 5080 ut
2333 5023 2641 5096 requiescat
2665 5025 2719 5082 in
2740 5024 2918 5091 nobis,
2947 5035 3007 5086 et-
3028 5026 3122 5098 qui
3135 5042 3278 5084 nunc
3306 5026 3528 5097 vigilare
3546 5041 3648 5083 nos

341 5116 659 5189 profundunt
686 5128 748 5174 ³³.
788 5118 906 5176 Cito
942 5124 1192 5194 anticipet
1242 5140 1322 5177 nte
1368 5124 1730 5179 miserirordia
1774 5133 1865 5178 tua
1891 5132 1940 5188 υ,
2046 5131 2149 5188 pro
2171 5115 2354 5187 quiete
2381 5127 2645 5189 perpetua
2665 5115 2843 5189 jubet.

342 5209 654 5280 priusquam
696 5211 896 5286 inﬁgar
937 5215 993 5268 in
1022 5214 1147 5270 limo
1192 5215 1462 5287 profundi,
1493 5224 1549 5271 et
1576 5228 1762 5291 urgeat
1788 5232 1945 5289 super

342 5316 425 5357 me
443 5313 624 5374 puteus
651 5321 709 5361 os
741 5322 891 5361 suum

2118 5208 2171 5262 7.
2200 5208 2316 5279 Ipse
2350 5207 2612 5267 Dominus
2640 5210 2756 5268 lucc
2782 5210 2971 5267 eadem
2999 5210 3219 5284 pietatis
3258 5228 3369 5269 suae
3395 5227 3644 5277 munera,

936 5315 997 5363 ο.
1033 5304 1252 5380 Respice
1276 5308 1329 5362 in
1359 5325 1460 5374 me,
1489 5311 1737 5381 quoniam
1759 5308 1957 5364 unicus.
2043 5318 2165 5376 qua:
2189 5310 2309 5360 toto
2347 5304 2462 5359 vult
2489 5306 2575 5375 agi
2602 5303 2825 5372 mundo,
2850 5306 2903 5360 in
2936 5305 3039 5361 hoc
3065 5321 3195 5361 sane
3224 5322 3332 5363 uno
3372 5319 3532 5377 agere
3560 5304 3645 5361 tli—

416 5447 443 5477 ο
463 5437 658 5513 Julian.
689 5456 818 5510 xvn,
848 5441 939 5498 22.
1016 5444 1043 5484 δ
1068 5444 1259 5503 Matth.
1293 5462 1480 5513 uvm,
1512 5445 1603 5501 ‘20.
1684 5444 1894 5502 citare.
1927 5459 1959 5500 ι

2066 5440 2155 5513 l9.
2206 5436 2258 5513 _¢_|
2284 5438 2473 5496 Matth.
2502 5456 2632 5507 un,
2667 5442 2735 5499 52
2756 5461 2772 5508 ;
2797 5441 2963 5500 Marc.
2998 5459 3089 5505 xu,
3120 5440 3209 5496 ‘27.
3244 5512 3247 5513 ν
3289 5452 3312 5480 '-
3338 5440 3534 5498 lohan.
3562 5457 3640 5511 vl,

344 5508 434 5587 ll.
464 5581 479 5587 _
512 5510 533 5551 ί
575 5509 718 5568 Psal.
752 5508 1074 5587 carnuﬁb.
1150 5528 1177 5563 κ
1215 5516 1404 5575 l'l'im.
1438 5508 1496 5583 ιι,
1546 5518 1598 5573 4.
1674 5516 1703 5555 ιι
1741 5518 1959 5587 ειμι,

2125 5511 2159 5587 ξ
2203 5509 2395 5587 Matth.
2445 5527 2519 5587 tr.
2544 5514 2640 5587 Δ15.
2687 5517 2737 5587 με
2788 5514 2976 5568 Matth.
3013 5531 3143 5587 χχιι,
3190 5512 3488 5587 minare.
3541 5508 3638 5579 xu,

346 5581 438 5658 1‘;
461 5581 591 5658 I103-
621 5585 831 5658 n.}|g
906 5586 1086 5644 kPsal.
1113 5605 1303 5658 antu,
1327 5591 1374 5645 7.
1462 5579 1628 5646 il’sal.
1655 5579 1840 5652 ιιινιιιξ
1860 5579 1959 5658 2,νὲ

2060 5594 2097 5622 ιι
2121 5582 2264 5658 Psal.
2278 5599 2467 5658 _t.xv_r_u,
2487 5584 2580 5658 ili.
2635 5596 2663 5622 ιι
2687 5579 2827 5658 Psal.
2852 5600 3073 5658 Lxxym,
3101 5586 3155 5639 8.
3233 5585 3422 5658 "lfsal.
3453 5601 3638 5658 Lat-ut,

345 5649 383 5707 ³
410 5653 570 5727 θῌδ·
647 5649 854 5727 ΡξΡΜΙο
885 5659 1143 5727 ηιγξιϐ.
1217 5673 1245 5713 ει
1285 5649 1520 5727 Psal.t;t,
1555 5662 1661 5717 “let
1685 5660 1739 5715 8.
1818 5649 1841 5699 έ
1884 5649 1959 5714 Ps:

2062 5672 2206 5727 xxiv,
2236 5654 2292 5707 ll
2320 5670 2349 5727 Ξ
2382 5652 2522 5727 Psal.
2558 5671 2747 5723 χχχιιι,
2770 5657 2825 5711 8.
2905 5666 2928 5695 ι
2960 5649 3100 5711 ΡειιἸ.
3133 5654 3345 5721 σνι,29.
3430 5661 3442 5689 ⁸
3493 5649 3633 5711 Ρδιιιῤ

346 5739 431 5798 ⁴ἐνο
471 5724 522 5780 9ο
596 5735 627 5798 Ϊ
667 5726 810 5784 Psal.
840 5745 947 5798 ενι,
984 5722 1071 5786 2⁷6.
1152 5742 1175 5770 '
1217 5733 1355 5790 Psal.
1380 5722 1544 5798 uss,
1571 5734 1657 5787 l7.
1735 5741 1757 5769 ι
1799 5728 1959 5785 Matth

2060 5744 2094 5794 ’,
2123 5726 2180 5783 3.
2253 5735 2277 5774 θ’
2320 5722 2458 5782 Psal.
2494 5742 2598 5796 tu,
2642 5722 2739 5784 l4.
2807 5738 2829 5764 ι
2860 5729 3017 5792 lbitl.,
3195 5727 3458 5782 "Matth.
3485 5744 3633 5793 xxvx,

349 5791 435 5851 tt.
512 5798 569 5835 ιιι
593 5794 753 5861 tum,
781 5798 867 5854 ιδ.
934 5791 1003 5842 ἐς
1031 5800 1226 5859 Joltan.
1254 5823 1364 5871 .m,
1396 5805 1485 5860 55.
1533 5791 1620 5842 ’σω
1657 5802 1795 5874 εριι.
1830 5818 1885 5865 ιι,
1924 5799 2008 5855 tt.

415 5934 495 6011 (a)
521 5933 610 5991 Sic
657 5948 759 5993 ms.
784 5934 925 6010 Reg.
973 5948 1091 5999 cum
1122 5942 1242 6001 edd.
1271 5943 1431 6011 Bad.,
1458 5943 1627 6001 (ἔην.
1667 5951 1734 6019 et
1769 5940 1925 5998 Griu.

1818 5669 1841 5699 τ
1884 5657 2027 5714 Psal.
2062 5672 2206 5720 xxiv,
2236 5654 2292 5707 ll
2322 5670 2343 5723 7;
2382 5652 2522 5711 Psal.
2558 5671 2747 5723 χχχιιι,
2770 5657 2825 5711 8.

2036 5935 2245 6007 CW,
2284 5936 2357 6000 si;
2381 5938 2612 5995 θάνατον.
2649 5936 2789 5994 εειά.
2842 5919 3007 5995 ROSV.
3041 5946 3096 6006 et
3117 5936 3330 6008 SchoL,
3361 5936 3414 5992 in
3440 5947 3623 5994 morte.
