4134 6424
276 417 383 486 805

1659 416 1991 476 EPISTOLA
2029 413 2209 471 XLIX.

3457 415 3565 475 406

272 556 437 602 nauta
483 543 599 615 ipse
628 542 877 615 Apostoli
910 540 1062 597 Deus
1091 538 1259 595 adfuit
1299 539 1645 609 gubernator,
1678 543 1733 591 et
1759 550 1867 605 quo
1898 539 1944 595 Α
1970 542 2056 590 ret
2083 532 2136 589 in
2163 532 2283 598 sinu
2302 530 2502 587 Christi
2527 548 2630 604 qua
2659 531 2933 590 Iohannes
2958 534 3011 590 in
3034 543 3255 606 pectore
3281 536 3564 597 recumho.

275 634 460 706 (Such.
501 634 637 706 forte
667 650 699 688 a
723 633 853 703 quo)
884 646 983 703 pro
1019 631 1176 685 unius
1204 626 1508 685 innocentis
1542 627 1716 702 salute
1756 639 1869 679 me-

275 728 383 783 ruit
403 725 656 793 liberari;
689 723 835 796 quod
864 724 979 792 illa,
1003 736 1125 794 quae
1154 721 1263 777 Vas
1290 719 1568 777 electionis
1597 719 1649 773 in
1680 717 1869 772 vincu-

277 821 339 875 lis
369 820 540 889 prima
568 823 907 888 susceperat,
936 815 1006 872 ob
1028 813 1286 885 Apostoli
1313 822 1667 876 contemtum,
1694 818 1750 865 et
1777 824 1869 865 ca-

274 910 599 982 ptivitatem,
629 909 863 964 carceris
891 908 1118 963 crimine
1141 906 1395 962 damnata
1421 918 1529 961 non
1558 902 1775 960 meruit.
1802 899 1873 956 ll-

274 1003 324 1057 la
348 1015 478 1057 vero
506 1000 660 1055 navis
680 999 877 1055 cohors
899 997 1031 1053 mihi
1056 997 1265 1053 videtur
1292 1004 1517 1066 propter
1544 993 1728 1065 gratim
1749 993 1870 1064 my-

271 1093 497 1149 sterium
546 1092 796 1160 liberata,
824 1099 887 1146 ut
914 1089 986 1147 de
1031 1089 1311 1160 naufragio
1341 1089 1492 1145 navis
1522 1088 1600 1159 (ιι)
1632 1086 1793 1142 adita:
1823 1086 1873 1120 ⁸⁸

271 1185 402 1241 nudi
448 1184 771 1254 evaderent;
801 1184 1036 1252 scilicet,
1059 1191 1118 1243 ut
1162 1198 1258 1241 eos
1285 1199 1318 1239 a
1364 1182 1559 1257 prioris
1605 1182 1786 1246 navis,
1817 1179 1875 1237 id

270 1290 355 1335 est
383 1278 453 1336 ab
482 1278 612 1336 Adae
662 1278 841 1336 carnis
867 1285 1093 1350 peccato
1138 1277 1396 1334 liberatos
1426 1286 1474 1342 ³,
1507 1283 1563 1333 et
1600 1274 1730 1347 ipsis
1775 1287 1875 1345 per

270 1388 411 1443 quos
434 1372 511 1447 (b)
541 1363 829 1430 evaserant
854 1371 1105 1430 ﬂuetibus
1131 1372 1398 1446 expiatos,
1423 1379 1584 1442 atque
1609 1370 1875 1440 omnium,

270 1478 408 1535 quas
432 1464 490 1521 in
518 1480 669 1521 mare
714 1465 1049 1536 abjecerant,
1077 1454 1133 1524 id
1159 1474 1243 1523 est
1269 1465 1593 1523 secularium
1636 1464 1874 1519 sarcina-

271 1573 393 1613 rum
440 1557 591 1615 leves
626 1565 690 1614 et
710 1558 867 1615 nudis
903 1559 1065 1631 quasi
1104 1560 1343 1634 peccatis
1370 1559 1518 1630 gravi
1562 1566 1620 1615 et
1663 1546 1874 1615 madida

272 1649 475 1707 veteris
500 1650 736 1707 hominis
760 1661 913 1710 veste
939 1652 1204 1721 nudatos,
1217 1653 1427 1722 integra
1448 1659 1506 1709 et
1531 1651 1711 1708 solida
1724 1652 1874 1709 navis

270 1745 560 1815 acciperet,
592 1761 716 1817 qua:
744 1747 960 1819 plenam
1010 1747 1140 1809 lidei
1165 1747 1425 1805 Ecclesia:
1450 1742 1711 1805 exhibens
1757 1746 1874 1805 for-

270 1852 439 1904 mam,
455 1844 607 1895 tutos
623 1839 679 1895 in
705 1847 920 1911 portum
948 1839 1289 1915 Romamque
1314 1842 1576 1914 pervexit.
1601 1841 1658 1898 In
1681 1843 1875 1914 quibus

1970 624 2066 680 bat
2089 635 2113 674 υ
2131 624 2154 679 ?
2175 624 2413 695 Denique
2433 632 2496 681 ut
2519 640 2716 682 novum
2743 642 2939 683 nomen
2964 628 3253 699 acciperet,
3277 630 3419 687 sicut
3436 631 3562 702 and,

1974 716 2022 773 ci
2043 716 2158 784 Dei,
2184 722 2321 787 quos
2342 718 2396 773 in
2419 718 2739 790 patriarchis
2758 728 2813 776 et
2835 720 2888 776 in
2910 722 3171 794 apostolis
3192 722 3332 779 bene
3351 726 3497 783 nosti
3511 722 3562 783 δ.

1975 809 2051 866 Te
2102 824 2203 880 ego
2251 810 2414 881 paulo
2468 818 2595 867 ante
2624 812 3056 883 interrogabam,
3089 829 3157 870 an
3205 814 3366 884 hujus
3392 819 3566 888 gratia

1974 902 2182 971 donari,
2215 904 2361 960 omni
2408 904 2567 974 hujus
2592 906 2757 963 seculi
2807 908 2990 978 gloria:
3017 919 3345 980 praeoptares
3372 909 3418 942 "
3442 929 3457 966 :

1974 1010 2065 1051 sos
2094 995 2345 1066 equidem
2374 1005 2597 1051 rectores
2637 997 2821 1054 harum
2869 998 3195 1056 tenebrarum
3235 1000 3276 1069 ί,
3307 1002 3353 1070 si
3380 997 3567 1062 videi!

1975 1094 2307 1156 mereantur,
2335 1088 2654 1158 praelaturos
2681 1088 2917 1147 arbitror
2942 1080 3311 1148 beatissimam
3338 1093 3484 1153 senis
3510 1101 3569 1152 et

1975 1178 2153 1251 inopis
2180 1180 2348 1235 nostri
2369 1180 2731 1238 calamitatem
2752 1183 2864 1240 suis
2886 1184 3098 1241 miseris
3119 1184 3484 1255 lelicitatibus,
3514 1190 3572 1245 et

1975 1274 2183 1346 gaudiis
2208 1290 2448 1345 perenne
2468 1275 2728 1347 lugendis.

2048 1368 2117 1423 i3
2168 1367 2388 1435 Quaeras
2426 1368 2674 1435 forsitan,
2705 1370 2902 1441 quibus
2942 1370 3034 1430 hic
3060 1372 3269 1429 meritis
3296 1381 3452 1429 vetus
3476 1388 3571 1451 na-

1974 1459 2087 1516 vita
2132 1476 2345 1530 semper
2391 1461 2443 1515 in
2494 1461 2733 1518 tenebris
2783 1462 3103 1533 ignorantia:
3131 1462 3470 1532 demoratus,
3518 1470 3574 1519 et

1977 1560 2087 1607 tam
2118 1552 2187 1607 ab
2238 1552 2493 1622 operibus
2536 1552 2755 1623 justitizc
2797 1569 2961 1626 quam
2990 1570 3023 1611 a
3073 1555 3302 1613 scientia
3329 1554 3573 1613 veritatis

1976 1643 2185 1700 alienus
2230 1645 2527 1701 obtinuisse
2556 1642 2821 1714 videatur,
2853 1648 2999 1720 quod
3041 1649 3381 1721 paucissimis
3419 1660 3568 1711 certe

1976 1736 2601 1808 operariis,quamquam
2630 1757 2662 1793 a
2684 1739 2918 1809 custodia
2940 1743 3197 1813 matutina
3216 1760 3376 1817 usque
3401 1746 3457 1801 in
3476 1762 3577 1805 nos

1977 1839 2107 1884 stem
2139 1831 2155 1881 Ι
2194 1831 2359 1886 totius
2386 1829 2493 1887 diei
2522 1830 2734 1902 pondus
2758 1840 2812 1887 et
2832 1840 3024 1889 aestum
3052 1836 3406 1896 sustinuerint
3432 1840 3481 1907 ⁸,
3501 1840 3573 1899 ΐι·

270 1931 525 1989 similiter
550 1932 779 2005 mystica
806 1944 1123 2005 argumenta
1150 1936 1470 1993 formantur.
1501 1934 1637 1990 Nam
1663 1943 1869 1992 mutata

1976 1921 2078 1978 cile
2105 1921 2440 1979 conceditur.
2467 1922 2833 1995 Respondebit
2859 1924 2956 1982 tibi
2984 1924 3277 2000 Apostolus
3305 1930 3574 2006 profecto,

270 2024 447 2093 navis,
478 2036 678 2081 novata
727 2026 782 2081 in
826 2026 1044 2083 Christo
1071 2027 1182 2084 vita
1212 2035 1326 2095 est;
1357 2037 1414 2083 et
1450 2034 1639 2099 portus
1686 2026 1877 2086 salutis

272 2116 566 2185 Ecclesiae,
604 2125 741 2175 teste
786 2117 1024 2188 Gracia,
1066 2136 1267 2176 nomen
1302 2128 1388 2176 est
1421 2119 1594 2177 Roma
1642 2120 1874 2177 virtutis.

271 2210 662 2269 Renedicamus
691 2225 822 2282 ergo
848 2210 1021 2269 Deum
1047 2212 1115 2281 ",
1133 2221 1189 2268 et
1218 2214 1533 2268 exsultantis
1561 2214 1617 2269 in
1648 2211 1759 2268 Deo
1780 2229 1875 2269 no-

271 2315 403 2373 stro,
431 2306 518 2379 qui
536 2306 592 2362 in
611 2306 733 2362 altis
770 2304 991 2375 habitat,
1015 2315 1064 2362 et
1085 2307 1300 2363 humilia
1329 2307 1542 2376 respicit
1562 2306 1625 2371 δς
1657 2307 1745 2363 cui
1769 2324 1873 2362 non

271 2400 328 2454 in
345 2398 539 2467 viribus
559 2400 705 2473 equi,
723 2414 885 2472 neque
906 2400 960 2453 in
986 2399 1332 2455 tabernaculis
1354 2397 1427 2468 (ο)
1449 2398 1568 2469 ciri,
1582 2398 1676 2453 sed
1698 2397 1750 2453 in
1775 2396 1877 2453 bno

272 2493 489 2550 milibus
516 2499 572 2549 et
598 2490 895 2547 timentibus
927 2509 1045 2547 eum
1081 2492 1455 2563 beneptacitum
1481 2502 1558 2547 est
1603 2504 1623 2532 ι·
1643 2512 1661 2559 ;
1686 2500 1740 2547 et
1766 2494 1871 2566 qui,

274 2595 333 2641 ut
359 2587 415 2641 in
441 2585 548 2643 isto
573 2586 618 2620 ³⁷
641 2585 805 2646 etiam
834 2600 966 2642 sene
992 2586 1253 2652 ostendit,
1278 2595 1434 2643 sanat
1476 2604 1655 2643 omnes
1681 2589 1886 2642 centri--

274 2687 355 2735 tas
387 2677 543 2735 corde
568 2686 619 2733 et
647 2677 832 2749 alligat
853 2678 1196 2734 contritiones
1226 2695 1405 2733 eorum
1435 2674 1485 2733 δ.

344 2771 436 2830 12.
459 2770 632 2827 Nimis
672 2771 853 2842 garrio
868 2814 893 2841 ,ι
908 2769 1093 2838 frater,
1125 2770 1333 2839 sentio,
1361 2769 1457 2825 sed
1485 2784 1669 2841 quaeso
1703 2772 1878 2828 adhuc

274 2862 462 2936 paucis
487 2859 630 2918 feras
657 2876 766 2917 me.
789 2859 1129 2934 Interrogare
1155 2863 1302 2918 enim
1330 2860 1495 2936 285.
1522 2861 1683 2931 hbet,
1699 2861 1877 2918 ullane

276 2964 332 3011 te
375 2954 535 3026 hujus
563 2954 734 3012 seculi
768 2954 1256 3026 diguitate,quam
1298 2954 1405 3011 hac
1447 2952 1542 3011 Dei
1568 2954 1879 3026 dignatione

1975 2012 2102 2084 quia
2132 2014 2242 2069 sine
2270 2016 2568 2087 pauitantia
2599 2024 2720 2070 sunt
2745 2019 2934 2090 gratia:
2958 2026 3009 2074 et
3037 2019 3343 2080 donationes
3382 2024 3483 2083 Dei

1974 2112 2051 2174 et,
2080 2107 2201 2178 quia
2238 2123 2341 2161 non
2369 2123 2434 2161 ea:
2467 2107 2706 2177 operibus
2739 2110 3119 2184 justiﬁcabitur
3155 2118 3327 2173 omnis
3352 2136 3478 2178 caro
3507 2130 3569 2179 ιι.

1976 2195 2211 2279 Tempus
2238 2205 2322 2254 est
2364 2200 2567 2269 gratiae,
2600 2209 2655 2257 et
2699 2200 2832 2259 ﬁdes
2859 2204 2926 2261 ad
2949 2202 3216 2275 justitiam
3260 2207 3570 2283 deputatur,

1974 2290 2098 2360 quia
2118 2289 2186 2347 de
2208 2289 2476 2364 lapidibus
2497 2290 2590 2348 lilii
2612 2294 2884 2351 Abraham
2909 2297 3155 2367 quotidie
3173 2302 3504 2361 suscitantur
3514 2316 3569 2361 1'.

1976 2381 2133 2438 Nunc
2161 2383 2305 2440 enim
2332 2373 2529 2457 tempus
2550 2391 2834 2458 acceptum,
2870 2404 3006 2444 nunc
3038 2390 3147 2447 dies
3173 2392 3359 2450 salutis
3381 2403 3430 2469 °,
3460 2414 3569 2470 quo

1976 2479 2125 2551 pacis
2174 2487 2230 2536 et
2275 2478 2449 2536 laudis
2497 2480 2702 2537 hostias
2747 2481 3120 2555 immolamus;
3158 2494 3216 2542 et
3254 2490 3569 2561 sacriﬁcium

1976 2569 2088 2626 Deo
2134 2572 2345 2643 spiritus
2392 2572 2767 2628 contributatus
2791 2585 2935 2631 estP.
2968 2577 3127 2651 285
3156 2576 3226 2635 Et
3246 2580 3303 2637 in
3350 2582 3571 2642 homine

1977 2668 2233 2740 templum
2264 2667 2359 2725 Del
2388 2678 2439 2736 tt,
2468 2677 2524 2724 et
2565 2670 2617 2725 in
2648 2670 2813 2727 corde
2841 2670 3086 2730 credenti
3118 2673 3159 2707 ³⁸
3189 2676 3443 2734 salutaria
3468 2722 3485 2749 ,
3513 2690 3574 2738 et

1978 2763 2031 2820 in
2059 2762 2331 2833 defaecatis
2358 2764 2671 2837 pectoribus
2697 2773 2881 2821 sancta
2909 2775 3243 2827 sanctorum.
3280 2769 3459 2840 Quare
3482 2778 3571 2848 qui

1976 2878 2066 2916 cor
2096 2860 2175 2934 (ά)
2205 2860 2604 2917 contribulatum
2628 2871 2678 2917 et
2705 2861 3032 2918 humiliatum
3051 2881 3156 2921 non
3181 2868 3380 2939 spernit
3410 2878 3456 2936 ι’,
3486 2870 3572 2942 ip-

1974 2968 2037 3009 se
2088 2963 2334 3011 nostrum
2375 2969 2562 3010 senem
2591 2953 2848 3026 placitam
2893 2954 2998 3012 sibi
3036 2958 3369 3017 naturalibus
3414 2960 3573 3020 bonis

280 3046 419 3106 unici
458 3049 667 3116 malles,
698 3062 806 3120 qua
834 3063 1002 3105 senex
1029 3048 1131 3105 iste
1157 3047 1474 3123 perfunctus
1517 3052 1633 3106 est?
1660 3048 1891 3104 Beatio-
1978 3046 2213 3102 hostiam
2241 3045 2297 3102 iu
2326 3046 2548 3104 odorem
2575 3047 2857 3104 suavitatis
2881 3050 3090 3122 accepit
3108 3059 3154 3105 ι.
3171 3050 3306 3109 Nam
3333 3046 3573 3126 ingenia

278 3155 439 3197 resne
482 3141 579 3196 tibi
604 3140 884 3206 videntur,
910 3138 1001 3210 qui
1030 3134 1269 3214 purpura
1294 3140 1523 3211 fulgent,
1551 3140 1641 3212 qui
1663 3154 1875 3211 gemma
1977 3139 2323 3212 simplicitate
2349 3147 2459 3195 tam
2487 3149 2655 3211 purus
2687 3140 2855 3197 animi
2882 3157 3097 3215 semper
3131 3143 3295 3202 fuisse
3314 3146 3572 3217 perhbe-

277 3234 490 3302 bibunt,
540 3242 666 3306 toga
715 3233 1030 3305 iniciuntur,
1070 3235 1417 3306 palmataque
1457 3235 1776 3306 pinguntur;
1821 3242 1878 3290 et
1978 3220 2086 3295 tur,
2114 3237 2175 3299 ut
2198 3245 2428 3302 peccare
2451 3224 2733 3288 nescierit.
2750 3230 2870 3288 1am
2901 3232 2954 3290 in
2994 3241 3250 3292 extremm
3279 3238 3454 3296 aetatis
3481 3254 3582 3298 se-‘

280 3326 591 3383 hominibus
638 3326 1087 3383 commortalibus
1131 3340 1197 3383 ac
1249 3327 1522 3398 plerisque
1568 3326 1879 3384 melioribus
1904 3330 1949 3389 C
1982 3332 2143 3381 necta
2169 3340 2307 3396 puer
2345 3333 2402 3380 et
2427 3325 2632 3383 malitia
2661 3327 2915 3397 parvulus
2947 3328 2994 3395 ί,
3024 3345 3133 3386 non
3160 3329 3333 3387 solum
3362 3330 3573 3403 gratim,

280 3418 623 3476 dominantes
642 3418 997 3490 cupiditatum
1021 3433 1086 3476 ac
1108 3434 1287 3475 rerum
1308 3434 1526 3474 suarum
1554 3420 1695 3474 servi
1724 3426 1883 3481 sunt;

280 3510 351 3567 de
385 3509 484 3566 Dei
512 3510 825 3566 muneribus
860 3509 1156 3568 insolentes
1198 3510 1341 3577 Deo;
1374 3510 1589 3568 Christo
1622 3521 1873 3580 egentes;

280 3610 507 3673 peccato
553 3602 775 3670 divites;
804 3602 914 3658 vita
961 3601 1204 3670 steriles;
1236 3611 1412 3660 morte
1460 3602 1878 3671 fecundi?Quid

281 3700 427 3766 huic,
458 3714 663 3771 quaeso,
691 3698 867 3755 obfuit
885 3698 1000 3755 seni
1030 3713 1260 3770 persona
1305 3698 1673 3764 sentinatoris,
1721 3706 1777 3753 et
1825 3698 1877 3753 in

280 3792 463 3848 nautis
487 3791 763 3858 vilissima,
790 3789 945 3864 inops
972 3791 1212 3855 habitus,
1236 3799 1292 3847 et
1313 3799 1580 3847 mastruca
1607 3792 1651 3823 ’⁸
1673 3789 1875 3847 Sardo-

280 3882 439 3940 rum?
460 3881 595 3939 Nam
624 3882 851 3955 pellibus
879 3884 1015 3940 sutis
1054 3883 1405 3947 vestiebatur,
1434 3898 1556 3939 cum
1595 3881 1740 3938 illum
1772 3883 1882 3939 Do-

282 3977 461 4031 minus
486 3976 777 4047 virtutum,
804 3975 922 4031 Rex
943 3976 1148 4048 gloriae,
1180 3965 1234 4033 et
1264 3976 1502 4048 alloquio
1529 3992 1629 4033 suo
1658 3977 1877 4045 beabat,

262 4075 335 4124 .et
362 4067 697 4125 illuminabat
723 4079 965 4143 aspectu,
1000 4079 1055 4126 et
1080 4071 1287 4142 gremio
1315 4070 1561 4142 sapiebat
1588 4088 1601 4125 :
1635 4070 1878 4143 profecto

280 4168 339 4216 et
377 4159 433 4215 id
459 4159 633 4232 ipsum
654 4162 711 4218 in
757 4178 824 4219 eo
852 4160 1114 4231 diligens,
1134 4144 1281 4233 quod
1307 4160 1439 4217 Elia:
1488 4164 1724 4219 meloten
1778 4164 1873 4237 (γ.

281 4259 401 4308 not.
419 4250 570 4325 206),
600 4261 657 4309 et
679 4253 862 4325 prmvii
885 4252 1150 4311 Johannis
1190 4253 1434 4311 habitum
1464 4264 1614 4312 veste
1642 4255 1874 4325 setigera

280 4342 598 4400 imitabatur
628 4354 675 4400 ε.
706 4343 911 4417 Regem
955 4345 1124 4403 seculi
1153 4345 1339 4402 videre
1377 4346 1616 4418 propius,
1664 4357 1722 4404 et
1754 4348 1879 4418 ejus

280 4435 368 4491 vel
412 4434 693 4496 fastidiose
721 4453 973 4496 sermone
1014 4440 1284 4511 respergi,
1317 4455 1511 4512 magna
1540 4436 1665 4513 pars
1692 4440 1877 4497 mundi

282 4537 393 4583 tam
422 4528 637 4586 beatum
685 4540 872 4603 putat,
893 4539 953 4588 ut
999 4532 1043 4589 si
1075 4532 1233 4588 aliter
1279 4550 1386 4589 non
1417 4534 1677 4602 obtineat,
1712 4535 1876 4590 etiam

280 4619 493 4676 damnis
522 4629 686 4692 emat,
716 4623 875 4695 idque
904 4626 948 4660 ²⁹
973 4624 1217 4695 adeptus,
1246 4643 1351 4681 non
1385 4627 1545 4683 modo
1573 4628 1869 4697 hominum,

1979 3415 2085 3474 sed
2105 3426 2162 3473 et
2184 3416 2382 3473 mentis
2406 3416 2686 3474 infantiam
2713 3421 2870 3489 gerit.
2910 3420 3092 3493 Nuper
3114 3422 3279 3491 enim,
3310 3431 3368 3481 ut
3405 3440 3572 3497 supra
3610 3491 3613 3495 ,

1981 3510 2059 3582 (n.
2087 3508 2145 3582 2)
2186 3509 2319 3576 dixi,
2353 3520 2572 3567 renatus
2599 3513 2654 3567 in
2683 3511 2898 3570 Christo
2941 3522 2997 3571 et
3036 3512 3265 3573 Domino
3293 3516 3576 3577 dedicatus

1978 3610 2080 3669 est,
2112 3619 2212 3675 per
2234 3617 2402 3675 quem
2449 3603 2589 3659 mala
2636 3603 2778 3674 vitae,
2820 3620 2917 3677 per
2944 3622 3104 3677 quem
3147 3622 3316 3679 aquas
3380 3612 3572 3668 mortis

1978 3695 2175 3753 evasit.

2052 3788 2141 3841 η.
2180 3787 2376 3859 Accipe
2397 3788 2558 3857 igitur
2576 3804 2698 3845 eum
2726 3788 2883 3844 laetus
2911 3790 2966 3845 in
2994 3788 3248 3858 Domino,
3275 3801 3337 3848 ut
3360 3791 3566 3851 bonum

1979 3880 2179 3938 Christi
2228 3882 2451 3938 odorem
2479 3891 2526 3948 α,
2559 3889 2617 3937 ut
2646 3897 2842 3954 agnum
2865 3880 3065 3939 mensis
3094 3898 3377 3953 novorum,
3408 3901 3571 3956 quem

1980 3973 2053 4030 ad
2077 3975 2486 4030 unanimitatem
2519 3983 2682 4042 tuam,
2715 3974 2783 4031 de
2806 3974 2926 4030 rudi
2954 3976 3141 4030 matris
3161 3976 3415 4034 Ecclesiae
3436 3977 3571 4046 fetu,

1982 4066 2377 4122 immaculatum
2403 4066 2695 4123 candente
2739 4067 2927 4125 lanitio
2950 4075 3137 4139 pastor
3164 4068 3342 4140 exigui
3369 4072 3571 4142 gregis,

1978 4159 2072 4216 sed
2103 4160 2280 4228 magni
2300 4159 2541 4231 pignoi-is
2557 4160 2887 4224 munerator,
2910 4167 2971 4216 ut
2992 4159 3063 4231 (e)
3085 4160 3304 4217 senium
3334 4160 3572 4233 (V.-uot.

1978 4253 2105 4323 207)
2136 4253 2375 4326 spiritale
2408 4254 2699 4310 transmisi.
2729 4253 2846 4311 Non
2875 4254 3019 4329 enim
3038 4254 3201 4311 alium
3226 4255 3321 4312 tali
3347 4271 3578 4320 munere

1978 4347 2280 4417 digniorem
2309 4346 2509 4418 putavi,
2535 4360 2697 4416 quam
2722 4340 2795 4413 te,
2825 4347 2916 4421 qui
2940 4345 3096 4417 juxta
3135 4347 3232 4403 Dei
3258 4349 3488 4423 gratiam
3515 4359 3575 4409 et

1980 4440 2353 4511 operationem
2391 4441 2539 4496 illum
2567 4447 2622 4495 et
2643 4441 2881 4511 aspicere
2925 4448 2983 4498 et
3008 4440 3285 4512 suscipere
3307 4442 3586 4510 novisses.

1980 4533 2174 4591 V’idere
2202 4534 2347 4588 enim
2375 4532 2501 4587 mihi
2534 4531 2718 4588 videor
2736 4531 3236 4603 quagratulatione,
3264 4546 3370 4604 qua
3398 4532 3575 4593 admi-

1982 4628 2223 4694 ratione,
2240 4641 2346 4696 qua
2373 4624 2476 4682 ﬁde
2499 4635 2555 4682 et
2582 4624 2861 4682 auditurus
2885 4624 2955 4681 de
2993 4624 3106 4692 illo,
3137 4633 3194 4683 et
3219 4626 3433 4685 visurus
3484 4628 3574 4703 ip-

280 4712 379 4770 sed
424 4721 480 4770 et
524 4715 605 4771 sui
651 4714 934 4771 immemor
964 4716 1075 4772 ﬁat.
1109 4716 1442 4783 Quantorum
1486 4720 1572 4777 hic
1596 4721 1877 4793 dignitate
1910 4714 1953 4774 D
1980 4736 2098 4776 sum
2144 4721 2239 4789 sis,
2268 4736 2390 4777 cum
2418 4735 2525 4791 quo
2553 4719 2834 4790 navigasse
2879 4720 3118 4790 angelos,
3167 4721 3254 4778 cui
3280 4729 3576 4797 martyrem

280 4802 506 4873 felicior,
535 4820 695 4877 quem
718 4806 838 4865 Rex
865 4823 1049 4880 regum
1080 4809 1401 4866 honoravit?
1423 4821 1744 4883 quantorum
1775 4830 1874 4869 no-

280 4894 492 4954 bilitate
520 4900 773 4969 nobilior,
802 4917 962 4973 quem
991 4901 1236 4959 Christus
1266 4906 1518 4976 agnovit?
1547 4914 1872 4976 quantorum

236 5062 239 5065 Α
280 4988 484 5049 divitiis
510 4993 835 5064 Opulentior,
867 4996 953 5053 cui
983 5003 1130 5051 tanta
1162 5003 1243 5052 tot
1270 5006 1583 5054 sanctorum
1610 4999 1750 5055 bona
1779 5017 1872 5073 pa-

281 5083 415 5141 riter
441 5085 635 5143 eollata
673 5097 826 5152 sunt,
859 5096 920 5145 ut
946 5089 1219 5149 Christum
1262 5091 1469 5148 videret
1498 5095 1636 5151 sicut
1679 5094 1868 5164 Israel,

281 5193 405 5252 cum
428 5180 550 5236 coeli
579 5179 725 5251 Rege
744 5181 1055 5252 loqueretur
1081 5182 1217 5239 {acie
1245 5183 1312 5241 ad
1338 5181 1527 5243 faciem
1558 5187 1695 5244 sicut
1718 5188 1868 5261 Moy-

282 5283 372 5327 ses
398 5267 418 5309 '
439 5288 454 5339 ;
485 5272 750 5330 eteadem
777 5275 1169 5347 propemodum
1194 5275 1556 5334 familiaritate
1573 5279 1873 5348 requiesce-

1980 4814 2328 4883 gubernasse,
2350 4828 2510 4883 quem
2536 4812 2591 4867 in
2613 4812 2735 4869 sinu
2764 4812 2963 4870 Christi
2991 4814 3277 4886 dormisse,
3310 4816 3395 4873 cui
3421 4815 3577 4876 Chri-

1968 4916 2120 4989 _stum
2151 4921 2337 4961 aurem
2367 4905 2663 4973 vellicasse,
2695 4920 2894 4963 nomen
2937 4906 3259 4980 imposuisse
3287 4918 3578 4983 reputave-

1979 4998 2072 5053 ris.
2095 4997 2294 5054 Fateor
2323 4998 2415 5054 tibi
2441 4996 2783 5056 all‘ectionem
2811 5015 3009 5071 meam,
3038 5000 3165 5057 dum
3193 5003 3419 5068 nimium
3460 5014 3574 5063 tam

1978 5092 2206 5162 insignia
2234 5092 2288 5149 in
2313 5095 2484 5149 nostri
2505 5094 2764 5165 temporis
2783 5093 3001 5150 homine
3022 5094 3115 5151 Dei
3138 5105 3288 5165 gesta
3315 5096 3575 5165 adtniror,

1978 5196 2039 5243 et
2052 5186 2409 5259 diligo,_pene
2437 5186 2489 5243 in
2517 5186 2692 5258 ipsum
2720 5202 2903 5243 senem
2934 5186 3096 5243 fuisse
3120 5189 3412 5247 crudelem.
3442 5190 3578 5261 Nam
3606 5220 3609 5223 -

1980 5287 2091 5334 tam
2113 5280 2326 5335 assidue
2354 5294 2539 5335 aurem
2563 5279 2729 5351 ipsius
2765 5281 3073 5347 retractavi,
3096 5276 3164 5336 'ut
3212 5298 3350 5353 pene
3403 5282 3573 5342 detri-

357 5394 386 5467 εξ
400 5383 588 5467 i_-Petr.
618 5385 817 5467 _m,__2.l.
897 5386 923 5426 ι’
952 5386 1254 5467 Rsal._c§n,
1290 5384 1340 5441 5.
1428 5399 1449 5428 θ
1475 5387 1620 5467 Psal.
1643 5405 1821 5467 crevi,
1867 5388 2091 5467 loksec.
2136 5388 2302 5467 Psalt.
2326 5388 2529 5467 Rom;
2564 5388 2590 5428 δ
2618 5390 2760 5467 Psal.
2791 5408 2967 5459 cum,
2998 5391 3077 5467 5.“
3132 5403 3155 5433 ο
3187 5393 3254 5449 lV
3276 5394 3409 5467 Reg.
3439 5413 3476 5465 r,
3505 5399 3542 5455 8
3570 5418 3579 5429 ’

281 5455 473 5541 ἔξω.
503 5472 582 5521 tu,
607 5457 935 5541 ﬁliai:an
964 5458 1016 5514 6.
1101 5459 1117 5497 τ
1144 5457 1280 5541 lien.
1302 5475 1475 5541 agn,
1510 5460 1611 5527 50;
1643 5460 1874 5541 Num._x1

1976 5465 2021 5541 ί.-
2068 5458 2261 5541 Ακὲιοιι.
2313 5478 2434 5541 ιψ1
2461 5461 2552 5541 23.
2588 5461 2655 5541 _1|
2687 5464 2824 5520 Gen.
2874 5455 3006 5541 xvii,
3046 5461 3105 5532 5,
3152 5478 3209 5541 et
3253 5455 3422 5536 xxxii,
3464 5455 3574 5541 28,

282 5526 570 5603 mare)",
620 5530 705 5603 lii.
788 5529 976 5602 lEph.
1046 5547 1118 5595 vi,
1162 5529 1217 5603 2:
1297 5526 1494 5603 lPsal.
1546 5526 1724 5603 crxtx,
1779 5532 1829 5587 6.

1976 5530 2161 5588 Matth.
2218 5530 2335 5603 sx,
2372 5533 2456 5587 12.
2508 5531 2560 5573 '1
2588 5534 2746 5589 Rom.
2796 5550 2869 5601 XI,
2921 5526 3008 5588 29.
3087 5526 3125 5574 ίη
3159 5534 3315 5594 Rom.
3358 5526 3433 5603 ni.
3469 5526 3575 5600 30:

283 5608 307 5633 υ
334 5598 524 5675 gauli.
557 5618 636 5675 in,
668 5599 719 5654 9.
776 5597 899 5675 _°All'
923 5604 1048 5659 Cor.
1085 5597 1237 5675 vr,_:2.
1316 5612 1343 5653 Ρ
1375 5601 1514 5675 ξδξί.
1536 5618 1587 5668 ι,
1623 5602 1746 5675 19η
1786 5615 1813 5656 ει
1847 5604 1874 5660 ll

1976 5620 2032 5660 η’.
2065 5620 2137 5672 vr,
2170 5601 2269 5675 16..
2297 5597 2301 5599 ν
2336 5614 2358 5644 ι’
2394 5603 2537 5661 Psal.
2571 5622 2621 5672 ι,
2656 5605 2743 5673 l9,
2775 5597 2885 5662 sec.
2922 5604 3089 5663 Psalt.
3125 5608 3282 5667 Rom.
3311 5619 3367 5667 et
3391 5597 3574 5671 vetus.

285 5680 307 5708 ·
333 5668 468 5743 Eph.
495 5688 550 5740 v,
590 5672 649 5731 2.
726 5674 741 5708 ι
775 5672 946 5732 lCor.
1008 5689 1115 5742 11v,
1148 5671 1238 5728 20.
1318 5682 1343 5710 ιι
1374 5673 1418 5731 ιι
1444 5674 1569 5730 Cor.
1596 5691 1651 5744 ιι,
1688 5674 1770 5731 lii.

349 5788 561 5931 (agilis.
596 5789 751 5861 Reg,
777 5792 1021 5849 addicta.

356 5859 408 5931 (ὁ
461 5860 540 5916 Ita
571 5880 672 5919 ms.
719 5862 917 5931 Regius
962 5879 1021 5922 eo

356 5859 432 5934 (ὁ)
461 5860 540 5916 Ita
571 5859 693 5919 ms.
719 5862 917 5935 Regius
962 5864 1155 5941 codex.
1192 5864 1328 5923 Vide
1366 5880 1520 5939 seqq.
1552 5866 1689 5925 Ante
1729 5877 1878 5936 erat,

283 5944 574 5990 oraui-unt.

362 6005 431 6077 ξε)
467 6003 634 6074 Aiias,
666 6006 827 6067 tibiis.
850 6006 991 6072 γωδ
1018 6021 1110 6065 ne!
1164 6007 1267 6065 105
1331 6034 1353 6078 ι

2085 5796 2141 5864 d)
2185 5795 2275 5849 Sic
2325 5809 2429 5849 ms.
2477 5793 2648 5850 codex
2680 5793 2909 5864 Regius:
2960 5804 3020 5851 et
3043 5795 3124 5851 sic
3142 5797 3268 5854 alibi
3296 5774 3570 5856 Paulinus.

1994 5865 2125 5923 Vide
2154 5869 2311 5932 epist.
2338 5866 2425 5930 40,
2455 5881 2509 5920 n.
2536 5865 2587 5919 4.
2616 5865 2755 5923 Edit.
2802 5865 2985 5931 Rosv.,
3012 5869 3309 5923 contritum.

2065 5938 2135 6010 (θ’)
2170 5938 2264 5994 Ms.
2311 5938 2463 6009 Reg,
2498 5942 2752 5994 neniam.
2785 5937 2917 5993 Vide
2941 5946 3055 5994 not.
3087 5936 3209 5994 207.
