4134 6426
1637 345 1971 412 EPISTOLA
2009 349 2072 410 L.

3391 356 3500 423 410

208 461 351 518 ιιι.
381 457 623 528 Quorum
651 455 828 518 forma
874 457 929 516 in
972 457 1066 518 illo
1094 454 1368 520 Pharisteo
1396 458 1426 501 ι’
1447 465 1795 540 proponitur,
1823 475 1875 535 Α
1899 470 1994 527 sed
2036 479 2093 527 et
2137 469 2540 543 hiasphematus
2579 480 2663 536 est
2701 465 2770 530 ab
2819 472 2900 532 eis
2924 489 3047 532 cum
3071 472 3316 533 dicerent
3343 493 3364 532 :
3396 476 3499 536 llic

201 555 293 628 qui
302 553 537 626 justitias
555 568 686 613 suas
711 561 986 628 tamquam
1008 555 1272 614 nescienti
1293 556 1523 616 Domino
1548 561 1800 619 recolens

204 647 532 720 pradicahat
558 649 612 705 in
633 649 864 720 templo,
895 663 1004 706 non
1031 663 1196 707 orans
1221 659 1282 707 ut
1304 651 1671 722 exaudiretur,
1697 653 1798 711 sed

201 739 427 811 exigens
440 740 596 810 quasi
623 738 863 797 debitum
883 741 1062 798 meriti
1075 758 1175 816 pro
1189 743 1646 815 operibusrbonis
1672 747 1796 817 qui-

198 833 351 902 dc,
377 833 474 890 sed
502 834 728 906 ingratis
745 834 893 902 Deo;
920 835 1048 906 quia
1077 837 1222 907 quod
1243 832 1454 907 justitia
1499 834 1801 897 aedificave-

199 937 322 996 rat,
351 929 602 1002 superbia
656 929 969 986 destruebat
1000 947 1015 983 :
1047 945 1149 987 nec
1174 929 1408 1002 idipsum
1429 927 1670 999 silentio,
1700 933 1798 990 sed

200 1037 342 1079 voce
385 1021 698 1090 clamabat,
721 1031 780 1078 ut
830 1029 1121 1094 apparent
1147 1037 1272 1079 eum
1316 1039 1425 1080 non
1452 1021 1658 1083 divinis
1696 1041 1797 1082 au-

202 1112 357 1170 ribus
413 1112 605 1184 loqui,
651 1113 746 1185 qui
774 1112 797 1146 ³
825 1121 882 1170 et
933 1113 1004 1170 ab
1042 1113 1354 1171 hominibus
1397 1114 1565 1172 vellet
1603 1111 1802 1172 audiri.

200 1207 381 1277 Atque
407 1205 532 1262 ideo
553 1221 662 1262 non
689 1206 892 1278 placuit
916 1205 1050 1274 Deo,
1080 1206 1205 1278 quia
1225 1206 1475 1279 placebat
1502 1207 1624 1263 sibi.
1653 1208 1801 1277 Quo-

200 1299 350 1353 niam
375 1297 658 1370 dissipavit
682 1295 945 1354 Dominus
972 1312 1096 1353 ossa
1125 1298 1401 1354 hominum
1446 1297 1549 1354 sibi
1576 1299 1800 1370 placen-

201 1387 360 1444 tium.
384 1387 606 1462 Confusi
633 1397 774 1458 sunt,
797 1387 992 1460 inquit,
1023 1389 1144 1461 quia
1162 1392 1354 1461 sprevit
1377 1390 1497 1445 illos
1523 1401 1572 1456 ο,
1593 1391 1685 1464 qui
1704 1407 1804 1447 cor

201 1479 406 1538 humile
433 1489 490 1537 et
515 1481 934 1538 contribulatum
965 1498 1076 1539 non
1103 1482 1312 1553 spernit
1333 1480 1402 1538 ⁴.’

270 1576 441 1648 388
465 1576 519 1632 '5.
559 1574 802 1646 Denique
852 1585 910 1633 et
945 1575 1001 1632 in
1024 1576 1140 1648 ipsa
1160 1573 1434 1648 Evangelii
1462 1578 1718 1650 parabola
1748 1588 1799 1652 ⁸,

198 1681 309 1739 qua
320 1668 580 1740 ψει-ἰαί
608 1677 666 1726 et
685 1659 963 1741 publicani
980 1684 1212 1742 persona
1249 1669 1551 1738 confertur,
1579 1671 1802 1729 eviden-

199 1767 288 1817 ter
308 1758 548 1817 ostendit
575 1759 692 1833 ipse
717 1759 978 1818 Dominus
1005 1759 1136 1834 quid
1164 1760 1220 1816 iu
1247 1761 1468 1819 homine
1512 1765 1795 1836 suscipiat,

1902 562 2068 618 homo
2095 562 2192 619 sia
2217 564 2328 619 Deo
2347 573 2513 634 esset,
2538 581 2644 621 non
2660 563 2734 640 (lt)
2752 575 2965 622 curaret
2977 567 3278 625 sabbatiss:
3301 576 3359 625 et
3384 583 3497 625 nou

1901 651 2051 722 ejicit
2073 655 2336 711 daemonia
2365 655 2467 713 nisi
2488 655 2542 711 in
2591 656 2890 714 Beelzebub
2928 660 3173 730 principe
3195 659 3497 718 daemonio-

1900 759 2020 799 rum
2041 741 2484 817 '.-Propter'hauc
2502 756 2737 804 mentem
2749 748 3012 805 obdurata
3035 750 3314 820 impietate
3334 766 3499 806 caeca-

1901 843 2030 900 tam,
2045 838 2408 908 multiplicatae
2423 847 2543 894 sunt
2563 841 2894 911 inﬁrmitates
2919 849 2976 897 et
3000 842 3238 899 tenebrae
3255 859 3435 898 eorum
3447 853 3498 898 ⁸.

1972 922 2026 984 5.
2066 929 2175 986 Sed
2221 931 2351 1001 quid
2381 943 2485 996 est,
2505 933 2652 1004 quod
2677 934 2752 988 ait
2775 951 2792 987 :
2821 933 3016 989 Postea
3043 935 3502 992 acceleraverunt?

1903 1015 2094 1076 Utrum
2132 1022 2186 1077 in
2233 1023 2639 1094 pmnitentiam,
2673 1027 2814 1080 sicut
2840 1026 3006 1098 289
3052 1027 3130 1081 illi
3179 1027 3232 1082 iu
3276 1025 3500 1082 Actibus

1901 1112 2270 1183 apostolorum
2301 1115 2348 1182 ⁸,
2396 1113 2492 1186 qui
2536 1115 2685 1172 beati
2730 1112 2877 1172 Petri
2923 1118 3305 1189 praedicatione
3345 1134 3499 1176 com-

1902 1207 2110 1278 puncti,
2134 1205 2480 1264 crediderunt
2506 1208 2561 1264 iu
2590 1224 2712 1264 eum
2737 1224 2899 1280 quem
2931 1212 3000 1279 (c)
3025 1208 3423 1277 cruciliaerant,
3443 1219 3498 1269 et

1901 1297 2220 1354 festinantes
2238 1306 2392 1354 tanto
2409 1297 2616 1370 expiari
2639 1309 2886 1370 peccato,
2909 1301 2977 1357 ad
2998 1301 3200 1357 donum
3213 1302 3402 1372 gratiae
3416 1302 3498 1376 (tl)

1899 1388 2293 1443 cucurrerunt?
2331 1387 2416 1444 An
2450 1401 2623 1458 vero,
2655 1391 2782 1460 quia
2811 1394 3038 1448 virtutes
3065 1391 3259 1447 animae
3295 1407 3362 1448 ex
3393 1391 3500 1448 ﬁde

1901 1485 1960 1534 et
1983 1477 2211 1534 caritate
2231 1478 2327 1536 D‘ei
2355 1477 2702 1545 roborantur,
2733 1481 2839 1536 illis
2868 1481 3048 1552 impiis
3069 1491 3299 1555 utroque
3314 1483 3501 1540 vacuis

1900 1570 2264 1643 multiplicata
2305 1576 2435 1626 sint!
2473 1572 2806 1643 inﬁrmitates
2858 1574 3052 1629 animm
3109 1587 3180 1631 ex
3219 1573 3499 1646 impietate

1901 1663 2168 1720 scelerum
2197 1663 2489 1721 mortiferis
2530 1666 2880 1736 languoribus
2908 1675 3203 1738 occupate,
3250 1666 3498 1724 Christus

1903 1756 2104 1812 etenim
2151 1756 2332 1812 lumen
2362 1763 2416 1813 et
2446 1756 2562 1812 vita
2599 1757 2932 1814 credentium
2980 1767 3066 1814 est
3092 1765 3141 1826 υ,
3191 1769 3252 1816 et
3293 1759 3499 1816 sanitas

197 1849 330 1922 quid
358 1851 608 1922 repellat.
631 1851 773 1908 sicut
789 1852 1051 1925 scriptum
1078 1859 1167 1909 est
1195 1869 1212 1908 :
1243 1851 1382 1918 Quia
1403 1853 1543 1911 Deus
1561 1857 1796 1930 superbis
1825 1857 1879 1924 Β
1901 1850 2002 1907 sub
2026 1847 2221 1922 pennis
2246 1848 2363 1921 ejus
2389 1858 2438 1904 '.
2473 1848 2636 1906 Unde
2655 1865 2763 1906 non
2803 1850 2994 1908 mirum
3024 1853 3069 1909 si
3099 1857 3160 1908 et'.
3184 1851 3421 1910 tenebras
3439 1860 3496 1910 et

196 1943 418 2012 resistit,
445 1945 727 2001 humilibus
752 1957 923 2001 autem
941 1945 1035 2001 dat
1061 1948 1286 2020 gratiam
1312 1946 1356 2005 τ.
1374 1947 1503 2005 ideo
1521 1957 1799 2021 pretesta-

198 2046 287 2094 tur
312 2037 485 2107 magis
503 2035 854 2109 justiﬂcatnm
894 2039 1094 2097 abiisse
1137 2057 1172 2098 c
1200 2044 1406 2116 templo
1455 2041 1800 2115 publicanum

197 2130 266 2186 de
283 2128 630 2187 confessione
647 2141 996 2203 peccatorum
1016 2150 1262 2205 suorum,
1281 2150 1445 2206 quam
1467 2134 1798 2192 Pharisatum

198 2222 265 2278 de
285 2222 644 2293 imputatione
661 2223 994 2294 justitiarum
1022 2241 1262 2282 suarum.
1288 2227 1482 2284 Merito
1499 2235 1682 2282 autem
1705 2227 1801 2284 ille

197 2313 452 2371 laudator
477 2313 561 2370 sui
588 2315 898 2384 repudiatus
918 2317 1179 2376 abscessit
1204 2333 1235 2373 a
1258 2317 1396 2376 facie
1425 2318 1542 2387 Dei,
1562 2317 1799 2390 quicum

198 2405 322 2477 ipso
349 2406 571 2463 nomine
595 2406 844 2478 peritiam
872 2406 1008 2478 legis
1035 2409 1332 2479 prcherret,
1378 2408 1580 2466 oblitus
1625 2407 1800 2464 fuerat

198 2517 254 2556 tn
274 2501 542 2572 propheta
561 2500 828 2556 dicentem
848 2501 1132 2558 Dominum
1154 2518 1170 2558 :
1200 2501 1369 2576 Super
1390 2519 1534 2576 quem
1558 2501 1802 2558 habitabo

200 2593 305 2649 nisi
331 2611 487 2664 super
507 2593 753 2649 humilem
775 2603 826 2649 et
847 2594 1094 2668 quietum,
1119 2605 1169 2651 et
1211 2603 1508 2651 trementem
1536 2611 1801 2652 sermones

197 2703 343 2743 meos
372 2689 438 2743 8?
485 2686 581 2743 ille
634 2699 814 2744 autem
869 2688 922 2743 in
951 2689 1117 2746 corde
1141 2690 1378 2746 contrito
1406 2690 1488 2746 sui
1517 2697 1802 2748 accusator

199 2779 486 2852 accipitur,
533 2788 591 2838 et
639 2781 851 2838 obtinet
894 2783 1106 2839 veniam
1158 2784 1226 2840 de
1275 2785 1540 2840 confessis
1563 2783 1800 2855 peccatis

200 2880 429 2944 prepter
478 2873 706 2942 gratiam
760 2872 1102 2945 humilitatis,
1159 2885 1349 2933 sancto
1379 2877 1472 2933 illo
1500 2875 1792 2944 Pharisteo,

200 2965 392 3036 quales
412 2963 581 3022 Judaei
600 2966 776 3023 sancti
802 2976 946 3038 sunt,
977 2967 1290 3041 reportante
1311 2971 1578 3028 sarcinam
1602 2985 1789 3044 pecca-

199 3067 384 3115 torum
412 3058 480 3116 de
500 3059 761 3129 jactantia
787 3062 1105 3119 sanctitatis.
1159 3063 1333 3136 ipsius
1370 3065 1620 3123 nimirum
1671 3077 1796 3123 sunt

202 3150 375 3207 forma
428 3149 596 3208 ³υὰπί
644 3151 741 3218 illi,
791 3153 861 3210 de
910 3155 1105 3226 quibus
1143 3155 1433 3230 Apostolus
1459 3158 1536 3214 ait
1565 3155 1616 3230 δ,
1649 3157 1792 3229 quod

1898 1941 2230 2014 inﬁrmitates
2253 1957 2432 1998 eorum
2461 1938 2820 2014 multiplicate
2843 1952 2966 1998 sunt
2994 1945 3048 2000 in
3079 1945 3374 2011 interitum,
3403 1943 3496 2017 qui

1902 2036 2067 2092 vitam
2094 2044 2152 2094 et
2191 2036 2366 2093 lucem
2407 2053 2516 2092 non
2553 2045 2908 2107 receperunt,
2957 2053 3133 2110 neque
3171 2039 3272 2095 sub
3306 2039 3498 2110 pennis

1896 2127 2017 2200 ejus
2042 2144 2262 2186 manere
2291 2129 2598 2184 voluerunt.
2630 2127 2803 2199 Quos,
2839 2136 2899 2185 ut
2923 2129 3038 2200 ipse
3064 2127 3203 2186 ilens
3236 2129 3291 2186 in
3313 2129 3498 2186 Evan~

1899 2220 2043 2291 gelio
2060 2237 2162 2276 suo
2184 2229 2536 2293 protestatur,
2558 2235 2703 2291 stupe
2727 2220 2901 2275 voluit
2918 2228 3248 2293 congregare
3266 2221 3366 2279 sub
3384 2219 3507 2280 alas

1897 2321 2046 2381 suas,
2075 2312 2216 2370 sicut
2240 2313 2436 2383 gallina
2466 2321 2758 2383 congregat
2790 2313 2964 2385 pullos
2990 2330 3120 2371 suos
3144 2323 3202 2384 ι,
3221 2322 3286 2371 cf
3303 2315 3496 2372 uolua»

1899 2415 2046 2464 runt.
2074 2407 2441 2478 Multiplicatis
2467 2420 2598 2477 ergo
2627 2406 3030 2464 inﬁrmitatibus
3047 2422 3158 2478 quo
3176 2404 3496 2464 accelerareh

1899 2500 2056 2554 runt?
2083 2497 2222 2555 forte
2250 2499 2302 2555 in
2329 2514 2548 2556 crucem
2578 2497 2791 2554 Domini
2834 2499 3306 2567 conclamanilam,
3329 2507 3385 2556 et
3412 2496 3497 2556 in-

1899 2593 2012 2648 vito
2040 2591 2214 2649 Pilato
2238 2591 2457 2648 nefariis
2497 2591 2724 2648 vocibus
2749 2592 3204 2662 extorquendam,
3231 2599 3292 2648 ut
3317 2592 3494 2649 adim-

1899 2685 2114 2758 plerent
2134 2701 2439 2742 mensuram
2463 2694 2677 2757 patrum
2697 2700 2920 2742 suorum
2931 2694 2981 2750 ῖς
3015 2694 3075 2749 ut
3101 2685 3187 2743 isti
3203 2685 3493 2743 Dominum

1899 2783 2286 2852 prophetarum
2315 2777 2649 2844 occiderent,
2697 2792 2926 2848 quorum
2966 2785 3149 2848 patres
3195 2778 3340 2849 ipsos
3364 2794 3493 2850 pro-

1899 2871 2090 2945 pbetas
2117 2870 2528 2938 interfecerunt,
2576 2883 2607 2924 a
2652 2870 2849 2940 quibus
2895 2869 2985 2926 hic
3031 2869 3220 2926 mundi
3245 2869 3495 2928 Salvator

1898 2979 2020 3022 esse
2062 2973 2325 3021 venturus
2363 2964 2733 3020 nuntiabatur.
2774 2961 2967 3018 Postea
3007 2964 3421 3019 accelerat-erunt
3445 2974 3492 3020 ι.

1898 3056 2127 3115 Veloces
2149 3056 2294 3112 enim
2323 3057 2490 3130 pedes
2518 3071 2707 3113 eorum
2747 3055 2811 3110 ad
2840 3055 3222 3113 effundendum
3266 3057 3492 3124 sangui-

1897 3167 2044 3207 nem.
2087 3149 2357 3206 Contritiu
2405 3156 2460 3205 et
2505 3147 2792 3205 infelicitas
2831 3150 2893 3211 in
2930 3149 3027 3206 viis
3051 3164 3240 3206 eorum
3268 3157 3328 3208 et
3351 3151 3495 3208 viam

202 3260 357 3300 suam
382 3245 646 3316 justitiam
671 3254 912 3305 statuere
940 3249 1219 3320 cupientes
1243 3267 1363 3321 qua:
1390 3267 1456 3308 ex
1511 3253 1632 3323 lege
1686 3262 1793 3322 est,

1899 3245 2049 3317 pacis
2077 3259 2186 3300 non
2216 3249 2614 3313 cognoverunt,
2656 3240 2710 3298 id
2732 3249 2839 3308 est,
2872 3239 3148 3298 Christum
3190 3241 3283 3312 qui
3322 3242 3492 3300 dicit:

201 3337 420 3408 iustitia:
445 3338 541 3397 Dei
569 3355 676 3396 non
699 3347 826 3396 sunt
845 3341 1070 3412 subjecti
1091 3359 1211 3415 qua:
1230 3352 1400 3402 estex
1427 3344 1547 3409 fide,
1569 3360 1689 3416 qure
1710 3361 1797 3401 rc-

202 3439 390 3501 putata
417 3440 502 3488 est
529 3432 669 3504 patri
711 3441 898 3490 nostro
928 3434 1197 3492 Abraham
1218 3437 1286 3492 ad
1313 3438 1577 3509 justitiam
1611 3439 1655 3505 ¹,
1683 3453 1796 3494 non

202 3535 273 3577 ex
297 3523 572 3604 operibus,
592 3523 720 3594 quia
749 3524 1044 3581 secundum
1070 3528 1519 3598 omnipotentiam
1548 3529 1646 3585 Dei
1667 3545 1794 3585 cre-

203 3610 340 3669 didit
363 3613 497 3681 Deo,
515 3614 654 3686 apud
676 3632 838 3688 quem
867 3618 958 3674 ille
984 3635 1113 3676 vere
1136 3619 1313 3690 justus
1339 3631 1443 3685 est,
1471 3621 1562 3692 qui
1592 3638 1661 3679 es
1691 3619 1794 3678 ﬁde

204 3704 338 3760 vivit
369 3704 384 3756 i
426 3724 441 3762 :
492 3722 594 3764 nec
637 3717 857 3766 sanctis
907 3707 961 3766 in
992 3716 1135 3767 terra
1156 3720 1260 3780 est,
1282 3713 1375 3770 sed
1398 3713 1450 3769 in
1472 3713 1639 3781 ccelo;
1669 3715 1796 3785 quia

203 3812 314 3854 non
338 3796 413 3872 (e)
441 3797 498 3854 in
523 3814 708 3866 carne,
738 3801 836 3858 sed
879 3801 937 3859 in
962 3802 1160 3874 spiritu
1187 3804 1446 3871 ambulat,
1477 3804 1631 3876 cujus
1660 3823 1796 3864 con-

204 3891 441 3948 versatio
492 3891 548 3948 iu
599 3893 752 3950 cmlis
802 3903 886 3951 est
916 3893 963 3963 ι,
987 3912 1097 3953 non
1123 3897 1402 3966 gloriantis
1430 3897 1486 3955 in
1513 3898 1795 3957 circumci—

203 3981 361 4039 sione
398 3984 597 4050 carnis,
647 3985 744 4042 sed
783 3985 837 4042 in
875 3988 1285 4046 circumcisione
1312 3990 1509 4056 cordis,
1539 4006 1660 4063 quae
1683 4007 1796 4049 non

205 4072 411 4141 littera,
427 4074 526 4136 sed
549 4074 740 4147 spiritu
763 4078 939 4148 agitur
959 4078 1299 4138 invisibiliter
1325 4099 1340 4136 :
1371 4080 1516 4139 unde
1537 4082 1653 4140 laus
1675 4083 1792 4149 eius

204 4181 315 4224 non
337 4182 403 4223 ex
433 4167 739 4226 hominibus
763 4180 847 4228 est
868 4171 914 4237 ⁸,
942 4171 1040 4229 sed
1058 4187 1128 4232 ex
1151 4174 1267 4232 Deo
1295 4175 1342 4231 ι.

273 4259 332 4316 4.
370 4259 573 4318 Deinde
599 4262 744 4333 quod
764 4262 945 4336 jungit
968 4264 1022 4322 in
1049 4265 1244 4324 eodem
1268 4268 1537 4326 versiculo
1565 4287 1582 4326 :
1625 4268 1795 4326 Mirus

205 4353 330 4424 fecit
359 4353 646 4410 uoluntates
666 4372 788 4414 astas
807 4358 945 4414 inter
967 4359 1087 4415 illos
1114 4367 1178 4427 ως
1205 4359 1370 4418 credo
1408 4375 1476 4418 ex
1522 4378 1591 4418 eo
1638 4363 1792 4432 dicit,

205 4446 350 4520 quod
373 4447 503 4519 ipsis
529 4447 760 4520 primum
792 4449 1066 4508 lucernam
1110 4451 1246 4522 legis
1271 4453 1542 4523 accendit,
1569 4464 1626 4512 et
1652 4472 1795 4528 prte-

204 4548 361 4611 cepta
383 4540 601 4596 vivendi
621 4539 789 4600 dedit.
814 4542 981 4600 Notas
1028 4547 1193 4613 enim,
1250 4546 1444 4617 inquit,
1502 4547 1628 4604 fecit
1679 4547 1794 4604 vias

1896 3334 2012 3408 Ego
2035 3351 2155 3391 sum
2173 3334 2262 3392 via
2287 3345 2311 3372 “
2328 3345 2371 3392 θ,

1968 3429 2020 3483 6.
2053 3427 2111 3484 in
2141 3426 2494 3500 consequenti
2523 3425 2734 3501 psalmo
2754 3425 2882 3483 illud
2911 3426 3039 3482 mihi
3062 3430 3262 3500 exponi
3283 3427 3492 3486 desides

1895 3535 1980 3586 ro,
2003 3520 2133 3593 quid
2145 3519 2317 3578 dicat:
2342 3519 2423 3577 De
2447 3519 2763 3575 absconditis
2781 3521 2883 3575 tuis
2904 3521 3217 3592 adimpletus
3233 3530 3309 3576 est
3324 3532 3494 3578 uenter

1897 3633 2096 3673 eorum.
2121 3617 2365 3674 Soturati
2389 3624 2511 3672 sunt
2537 3617 2774 3689 porcina,
2802 3615 2888 3671 vel
2911 3615 3072 3684 (sicut
3101 3615 3152 3670 in
3172 3615 3493 3686 quibusdam

1897 3708 2442 3780 Psalteriisscriptum
2454 3707 2639 3781 audio)
2652 3708 2888 3764 Saturati
2905 3716 3022 3761 sunt
3044 3709 3190 3777 ﬁliis,
3207 3719 3254 3762 ct
3279 3709 3492 3780 relique-

1895 3810 2036 3868 ηιηι,
2053 3818 2170 3876 quat
2188 3803 2568 3873 superfuerunt,
2590 3801 2816 3870 paruulis
2838 3800 2944 3856 suis
2968 3799 3068 3871 (V.
3104 3810 3214 3856 not.
3249 3801 3400 3874 212).

1969 3897 2021 3953 7.
2055 3896 2262 3954 Rursus
2305 3897 2358 3953 in
2395 3895 2502 3951 alio
2531 3894 2742 3967 psalmo
2771 3895 3026 3951 admirari
3069 3895 3252 3959 soleo,
3300 3894 3495 3950 Filium

1897 3991 1964 4047 ad
1983 3989 2199 4046 Patrem
2224 3989 2372 4059 loqui
2399 3989 2728 4058 intelligens,
2749 3988 2800 4044 in
2826 3987 3034 4059 psalmo
3049 3985 3494 4058 quinquagesimo

1897 4093 2116 4148 octavo,
2149 4082 2240 4138 ubi
2259 4081 2328 4138 de
2346 4079 2546 4138 Judmis
2573 4077 2823 4147 inimicis,
2843 4079 2916 4137 de
2943 4081 3137 4151 quibus
3157 4095 3318 4149 supra
3337 4079 3493 4135 dixe-

1895 4186 1984 4233 rat
2007 4196 2021 4231 :
2046 4173 2184 4230 Ecce
2206 4175 2310 4246 ipsi
2334 4174 2608 4248 loquentur
2625 4174 2680 4229 in
2709 4190 2800 4230 ore
2816 4190 2928 4241 suo,
2951 4183 3000 4229 et
3030 4173 3234 4246 gladius
3265 4174 3316 4227 in
3340 4172 3492 4228 labiis

1894 4284 2107 4334 eorum;
2130 4268 2295 4342 paulo
2317 4265 2456 4324 infra
2482 4266 2653 4326 dicit:
2676 4264 2764 4323 Ne
2787 4265 3040 4322 occideris
3059 4281 3166 4331 eos,
3199 4281 3263 4319 ne
3283 4266 3494 4337 quando

1896 4361 2270 4418 obliviscantur
2314 4359 2388 4434 (e)
2437 4359 2566 4433 legis
2607 4368 2726 4415 tute.
2769 4357 3023 4431 Disperge
3055 4358 3174 4414 illos
3215 4360 3269 4414 iu
3307 4360 3492 4414 virtute

1899 4464 2012 4521 tua,
2041 4463 2093 4509 et
2114 4455 2321 4511 destrue
2344 4468 2453 4521 eos,
2479 4451 2722 4508 Domine.
2739 4450 2894 4519 Quod
2917 4451 2972 4509 in
3005 4451 3091 4508 his
3116 4466 3287 4522 usque
3316 4451 3370 4508 in
3393 4451 3493 4508 ho-

1897 4549 2144 4605 diernum
2168 4547 2310 4604 diem
2333 4545 2578 4604 videmus
2605 4546 2837 4617 impleri.
2881 4544 3154 4603 Destructi
3193 4554 3318 4601 sunt
3345 4545 3494 4602 enim

205 4647 333 4689 suas
361 4631 552 4705 Moysi,
580 4642 639 4689 et
663 4632 788 4690 ﬁliis
813 4633 979 4692 lsrael
1004 4637 1307 4694 voluntates
1334 4654 1462 4695 suas
1491 4649 1538 4694 ο.
1593 4639 1793 4697 Deinde
1827 4627 1874 4688 ο
1899 4659 1930 4698 a
1957 4642 2130 4697 veteri
2157 4657 2254 4696 sua
2281 4639 2476 4711 gloria,
2524 4640 2642 4696 sine
2672 4639 2894 4712 templo,
2943 4647 3000 4696 et
3037 4640 3155 4696 sine
3191 4639 3492 4708 sacrificiis,

207 4726 379 4798 ipsum
399 4725 614 4798 pietatis
631 4741 743 4784 sita:
761 4738 1154 4786 sacramentum
1171 4731 1222 4786 in
1245 4731 1374 4803 ipsis
1383 4740 1636 4803 operatus
1646 4741 1730 4789 est
1742 4742 1791 4800 η,

207 4825 364 4874 natus
389 4818 444 4873 in
471 4833 635 4874 carne
661 4834 730 4876 ex
757 4819 976 4891 Virgine
1004 4821 1147 4880 Deus
1188 4825 1240 4880 in
1270 4836 1430 4894 gente
1453 4826 1712 4896 ipsorum,
1738 4835 1794 4884 et

205 4909 272 4965 de
321 4925 483 4966 carne
538 4910 776 4983 ipsorum
823 4912 996 4970 factus
1023 4931 1089 4972 ex
1119 4919 1323 4974 semine
1351 4917 1515 4974 David
1547 4919 1710 4976 homo
1740 4931 1788 4976 ι’.

209 5001 412 5059 Deinde
433 5001 662 5059 virtutes
685 5005 1006 5075 sanitatum,
1029 5023 1164 5078 quas
1195 5011 1246 5065 in
1270 5011 1398 5078 ipsis
1426 5017 1481 5067 et
1507 5027 1690 5067 coram
1720 5016 1802 5084 ip-

204 5095 278 5151 sis
296 5095 544 5166 perfecit.
571 5095 673 5164 Qui
695 5114 791 5170 per
819 5099 936 5156 inec
963 5117 1071 5158 non
1100 5104 1264 5158 modo
1284 5105 1520 5162 creditus
1549 5123 1655 5162 non
1686 5118 1788 5175 est,

276 5219 303 5248 ι
325 5209 518 5283 βίλιιῌι.
549 5227 628 5283 ιιι,
659 5210 713 5278 9;
742 5212 873 5269 Luc.
898 5231 972 5279 ιιι,
1018 5215 1079 5272 8.
1148 5215 1174 5257 δ
1207 5217 1340 5274 Luc.
1368 5220 1608 5283 xval.

1899 4751 1963 4791 ac
1997 4735 2116 4792 sine
2161 4733 2442 4806 prophetis
2487 4731 2540 4788 in
2584 4732 2826 4787 omnium
2865 4734 3107 4802 gentium
3154 4731 3492 4802 dispersione

1898 4827 2163 4882 viventes.
2194 4823 2301 4880 Sed
2329 4823 2458 4893 quid
2487 4823 2768 4887 miramur,
2809 4823 2953 4895 quod
2977 4824 3087 4895 jam
3118 4839 3216 4894 per
3249 4823 3492 4895 Prophe-

1902 4929 2010 4976 tatn
2039 4937 2138 4992 pro
2167 4918 2246 4974 eis
2289 4934 2397 4973 non
2433 4917 2746 4974 occidendis
2788 4919 3032 4988 rogabat,
3076 4936 3176 4990 pro
3212 4919 3410 4990 quibus
3435 4925 3492 4973 et

1902 5014 2003 5071 sub
2033 5015 2152 5086 ipso
2180 5021 2424 5084 tempore
2451 5011 2720 5083 passionis
2753 5009 2864 5082 jam
2896 5010 2964 5065 ad
2992 5025 3208 5066 crucem
3238 5023 3362 5064 eum
3386 5009 3492 5065 du-

1900 5108 2147 5165 centibus
2173 5105 2516 5178 precabatur,
2541 5104 2726 5161 dicens
2751 5123 2764 5157 :
2790 5102 2970 5166 Pater.
3004 5101 3216 5160 dimitte
3257 5103 3356 5167 eis,
3381 5117 3491 5160 non

1691 5233 1714 5262 ε
1749 5221 1886 5277 Psal.
1919 5237 2014 5289 ιιι,
2041 5219 2092 5273 6.
2168 5216 2195 5257 ἀ
2228 5215 2371 5289 Psal.
2419 5234 2508 5285 ιιι,
2549 5217 2634 5274 l9.
2673 5288 2676 5289 ν
2713 5225 2738 5256 ο
2771 5217 2904 5289 Luc.
2949 5213 3236 5289 smnio.
3318 5211 3486 5289 "Jac.

207 5298 277 5348 tv,
304 5280 360 5359 6_.
401 5292 426 5331 κ
454 5281 578 5359 issi.
609 5299 752 5359 tm,
781 5283 834 5359 ᾖ
878 5283 903 5323 ιι
935 5286 1095 5359 Rom.
1125 5305 1183 5357 x,
1207 5289 1262 5346 3.
1308 5291 1321 5329 ί
1361 5280 1517 5346 Rom.
1549 5291 1689 5356 tv,2.
1766 5292 1784 5344 i

1898 5309 1976 5347 um.
1998 5280 2047 5356 ἰ,
2083 5291 2166 5345 l7.
2246 5289 2268 5328 κ
2302 5280 2503 5359 Philip.
2521 5306 2596 5355 ιιι,
2620 5288 2712 5344 ιιι).

2793 5287 2808 5326 ι
2837 5289 2995 5343 llum.
3027 5305 3081 5356 ιι,
3110 5285 3200 5340 28.
3275 5294 3314 5322 ιη
3343 5283 3486 5342 Psal.

209 5369 294 5430 sv,
510 5351 769 5435 Psal;_cu,
796 5354 871 5435 7._
910 5367 951 5435 _°
981 5351 1180 5414 ῙΤίιιιί
1213 5378 1290 5435 ιιι,
1320 5362 1405 5435 lli.
1480 5373 1506 5413 ι)
1556 5351 1746 5420 Matth.
1779 5379 1796 5420 ι

1898 5407 1922 5435 η
1978 5374 2005 5413 ιι
2034 5351 2226 5419 ioban.
2260 5377 2337 5435 ts,
2382 5351 2520 5435 16'.“
2547 5351 2792 5435 tMatth.
2839 5351 3078 5435 autS-ig
3144 5367 3164 5394 ³
3200 5356 3336 5412 Psal.
3393 5375 3486 5435 lxv,

208 5426 257 5478 s'.
340 5426 355 5460 ⁸
386 5423 504 5480 Act.
533 5440 590 5489 ιι,
622 5424 712 5479 37.

208 5426 257 5478 .'.
340 5426 355 5460 ⁸
386 5426 504 5480 Act.
533 5440 590 5489 ιι,
622 5426 712 5479 57.
789 5436 815 5464 υ
841 5426 1038 5484 Johan.
1064 5447 1178 5498 vut,
1206 5426 1290 5486 i2.
1332 5432 1528 5488 Julian.
1562 5451 1669 5502 xw,
1694 5437 1749 5490 6.

207 5504 230 5542 ι
260 5492 450 5551 Matth.
493 5511 641 5552 χχιιι.
686 5497 776 5552 5'2.
853 5509 874 5537 ι
905 5498 1044 5552 Psal.
1089 5516 1203 5552 xm.
1252 5503 1305 5552 3.
1382 5512 1438 5543 ιι
1469 5503 1662 5552 intum-
1706 5523 1749 5552 ιι

435 5532 450 5550 s
493 5532 641 5563 ιδυιι,
687 5532 776 5552 νο.

853 5509 874 5537 ³
905 5498 1044 5556 Psal.
1089 5516 1203 5567 xm,
1252 5503 1305 5561 3.

277 5627 356 5712 (gi
381 5625 460 5683 ita
492 5647 619 5688 mss.
651 5631 760 5712 duo
789 5632 902 5704 Dig.
929 5635 1020 5692 Sic
1044 5651 1261 5712 quoque
1275 5636 1529 5712 Paulinus
1545 5639 1704 5712 epist.
1728 5641 1782 5708 5.

208 5701 269 5758 ad
300 5698 578 5779 $evemm.
611 5722 668 5779 n_.
695 5705 782 5779 ιτ,
810 5698 939 5779 εὖιιι
962 5698 1345 5779 praepositione
1370 5711 1447 5768 iu.

277 5769 356 5848 (lt)
378 5770 732 5848 glanuscripti
751 5776 860 5848 duo
887 5769 1028 5848 333.,
1050 5769 1300 5836 curasset.

213 5841 466 5982 Μελ
489 5861 620 5903 mss.
646 5841 756 5904 duo
779 5847 894 5920 Big.
926 5841 984 5907 ei
1007 5841 1136 5908 ωλι
1165 5850 1364 5909 “enea.
1411 5851 1575 5922 “ias,
1605 5853 1788 5909 ηπί-

1829 5447 1850 5474 '
1878 5434 2110 5491 Maiacb.
2159 5450 2235 5498 tv,
2289 5434 2345 5488 2.

1382 5512 1438 5543 ⁸⁸
1469 5503 1662 5562 Joban.
1706 5521 1814 5573 xlv,
1844 5505 1900 5561 6.

2425 5432 2666 5489 *Matth.
2725 5448 2873 5495 λιιιι,
2933 5432 3010 5496 3;
3042 5429 3168 5486 Luc.
3223 5443 3338 5498 aut,
3393 5429 3485 5485 3i.

1967 5639 2046 5712 (ιι)
2079 5637 2154 5695 ita
2175 5639 2304 5697 edit.
2335 5638 2540 5698 Beued.
2569 5656 2710 5696 cum.
2744 5656 2873 5697 mss.
2905 5642 2940 5697 2
2967 5642 3082 5712 Dig.
3105 5641 3232 5707 Alii,
3266 5660 3485 5700 (τοικαίτ-

1895 5720 2304 5859 ἷῗῧῗξὲἰομειιιιι
2331 5781 2602 5859 P_saiterii5
2618 5785 2800 5859 veteri,
2817 5793 2874 5840 et
2902 5785 3057 5842 Rom.
3082 5787 3414 5859 Augustinus
3431 5800 3488 5848 ct

1899 5851 2134 5910 Hilarius
2153 5852 2310 5922 juxta
2343 5854 2611 5922 Gnccum,
2636 5864 2721 5913 τοῦ
2755 5857 2904 5929 νόμιον
2931 5881 3048 5915 σου.
