4134 6426
581 357 681 415 ut
1695 352 1751 409 S.
1794 348 2071 407 PAULINI
2106 343 2213 403 NOI

2246 343 2354 402 AN!
2390 339 2694 400 EPISCOPI
3648 373 3655 379 .
3751 326 3878 386 διε

585 472 729 530 enim
775 470 952 527 sciunt
997 456 1126 540 quid
1166 468 1364 524 faciunt
1406 476 1454 523 ⁸.
1496 466 1693 523 Verum
1730 466 1877 537 quod
1921 462 2155 533 adjecit:
2188 466 2238 525 Α
2264 456 2453 512 ordine
2479 469 2779 525 temporum
2808 462 2929 508 ante
2966 451 3242 522 apostolos
3268 450 3488 508 fuerunt
3523 466 3538 502 :
3570 447 3669 504 sed
3713 448 3877 521 illos,

588 560 673 616 Ne
694 577 917 634 unquam
931 536 1293 615 obliviscantur
1313 559 1437 631 legis
1463 571 1559 613 tua;
1583 558 1629 624 ιι,
1654 536 1924 626 tamquam
1946 564 2166 625 propter
2267 549 2458 617 quibus
2481 546 2592 618 jam
2619 548 2718 601 sub
2748 544 3004 617 apostolis
3029 559 3127 616 per
3166 543 3395 613 gratiam
3427 536 3743 598 donabatur
3770 548 3885 595 aut

589 652 694 705 hoc
719 632 1021 705 necessaria
1050 658 1193 704 esset
1234 648 1396 704 etiam
1440 651 1557 703 sine
1599 646 1702 701 lide
1739 644 2012 713 Evangelii
2056 644 2166 697 vita
2268 640 2643 705 interpretatio
2689 636 3122 707 Scripturarum,
3156 646 3210 690 et
3249 635 3518 707 inspectio
3568 632 3879 693 mentium,

590 743 751 812 290
775 756 983 802 eorum,
1010 742 1294 795 obscurum
1327 740 1452 794 mihi
1499 739 1689 793 lateor.
1739 736 1873 804 Quid
1905 735 2048 789 enim
2084 734 2167 788 his
2271 741 2364 787 aut
2388 730 2661 803 praedictio
2682 730 2938 802 temporis
2961 729 3228 795 secuturi;
3260 738 3318 783 ut
3339 727 3557 798 Agabus
3578 727 3882 788 cernebat,

591 833 659 888 ad
689 832 929 895 salutem,
964 847 1082 902 qum
1109 830 1217 884 sola
1249 830 1349 885 lide
1386 830 1660 898 qua-mitur,
1708 828 1929 895 prodest
1955 827 2007 880 in
2037 823 2170 891 legis
2271 824 2362 892 qui
2392 833 2445 877 et
2470 824 2665 877 famem
2708 822 2994 877 instantem
3036 822 3312 892 praedixit,
3361 827 3419 874 et
3445 834 3570 890 qttze
3608 822 3630 854 ³
3668 820 3890 874 beatus

593 926 853 994 memoria
881 935 927 978 et
986 924 1334 978 meditatione
1397 923 1616 985 versari,
1648 921 1751 975 nisi
1788 918 1925 973 forte
1952 924 2170 989 propter
2273 914 2470 969 Paulus
2497 916 2547 968 in
2580 913 2964 985 HieroSolyuu‘s
2991 928 3245 982 passurus
3271 919 3435 971 esset.
3482 918 3540 967 et
3565 910 3744 966 verbo
3771 909 3889 967 de-

592 1018 856 1073 honoretu
905 1016 1036 1086 legis
1080 1016 1267 1086 ipsius,
1319 1014 1396 1069 vel
1446 1015 1655 1084 generis
1694 1012 1966 1081 Abraham
2009 1021 2063 1077 ες
2111 1014 2172 1062 ut
2273 1007 2556 1068 nuntiavit,
2585 1015 2639 1060 et
2666 1008 2818 1076 signo
2840 1022 2990 1060 zonae
3019 1006 3135 1075 ejus
3158 1005 3392 1061 ostendit
3424 1005 3466 1060 '.
3496 1004 3649 1060 Inter
3674 1012 3890 1077 pasto-

595 1109 838 1166 etiamin
868 1114 1020 1181 parte
1066 1116 1276 1163 terrena
1323 1108 1551 1164 carnalis
1601 1105 1820 1161 seminis
1869 1103 2005 1173 ejus,
2054 1116 2173 1173 qua:
2275 1115 2362 1156 res
2393 1100 2696 1171 specialiter
2721 1109 2775 1153 et
2801 1098 3054 1179 doctores
3091 1096 3220 1169 quid
3265 1098 3499 1163 intersit,
3545 1098 3920 1167 dignoscere-

595 1201 807 1257 videtur
851 1199 1145 1256 secundum
1187 1215 1406 1255 arenam
1449 1199 1615 1254 maris
1658 1195 1996 1266 computari,
2043 1194 2177 1261 legis
2274 1198 2417 1259 volo,
2457 1194 2582 1262 quia
2610 1193 2909 1263 praepositis
2934 1176 3191 1246 Ecclesia:
3220 1198 3510 1260 utrumque
3532 1187 3735 1245 nomen
3772 1187 3889 1241 ad-

598 1294 830 1362 antiqnte
856 1291 1032 1347 littera
1062 1292 1085 1324 ⁸
1127 1298 1470 1361 perseveret;
1501 1291 1578 1362 (a)
1603 1303 1681 1345 ne
1719 1286 1859 1343 forte
1902 1286 2068 1355 aliqui
2098 1285 2175 1340 le-
2273 1280 2435 1350 scribi
2465 1286 2623 1339 solet.

596 1386 771 1454 gendo
793 1385 965 1454 legem
994 1384 1362 1441 illuminentur
1387 1385 1454 1440 ad
1493 1384 1650 1440 ﬁdem
1676 1383 1895 1449 Christi,
1945 1381 2036 1452 qui
2072 1380 2094 1412 ‘
2122 1389 2177 1435 et
2349 1379 2433 1433 l0.
2476 1378 2608 1433 item
2634 1376 2775 1446 quod
2814 1376 2889 1431 ait
2918 1374 2985 1431 ad
3026 1374 3403 1441 Timotheum,
3445 1370 3674 1429 Obsecro
3708 1370 3917 1447 igitur

594 1477 729 1547 legis
756 1484 812 1533 et
838 1470 1221 1547 prophetartun
1252 1475 1371 1532 ﬁnis
1397 1488 1479 1533 est
1494 1475 1543 1545 ἀ,
1561 1486 1617 1532 et
1645 1477 1697 1531 in
1725 1476 1974 1531 omnibus
1989 1488 2176 1530 eorum
2274 1472 2499 1541 primum
2522 1471 2746 1524 omnium
2767 1469 2881 1539 ﬁeri
2903 1468 3298 1535 obsecrationes,
3324 1470 3612 1533 orationes,
3636 1468 3913 1537 postular-

595 1567 744 1623 libris
772 1570 1137 1639 prmliguratus
1174 1583 1237 1623 ac
1275 1569 1627 1638 prophetatus
1670 1567 1864 1622 elucet.
1895 1566 2004 1619 Aut
2050 1563 2178 1633 quia
2278 1567 2459 1630 tiones,
2504 1564 2794 1634 gratiarum
2836 1561 3067 1614 actiones
3112 1576 3207 1631 pro
3255 1559 3493 1614 omnibus
3541 1559 3895 1622 hominibus;

597 1676 664 1716 ex
692 1660 820 1732 ipsis
867 1661 1044 1731 impiis
1072 1676 1256 1715 eorum
1295 1661 1572 1729 generatio
1608 1666 1834 1716 ventura
1864 1667 1948 1714 est
1972 1657 2177 1713 electo-
2278 1667 2460 1723 quaeso
2489 1665 2727 1721 exponas
2754 1648 2918 1719 mihi,
2954 1649 3099 1720 quod
3128 1649 3415 1704 discrimen
3461 1649 3533 1703 sit
3575 1647 3629 1702 in
3656 1648 3768 1704 hac
3795 1648 3900 1703 di-

596 1767 735 1817 rum,
766 1753 859 1823 qui
886 1750 955 1806 de
982 1752 1202 1821 singulis
1224 1752 1463 1807 tribubus
1492 1751 1666 1818 electi,
1695 1750 1747 1804 in
1778 1747 2038 1805 duodenis
2060 1747 2180 1801 mil-
2281 1742 2535 1799 versitate
2562 1742 2873 1808 verborum,
2918 1756 3040 1797 eum
3070 1741 3248 1795 omnia
3289 1740 3441 1807 mihi,
3486 1755 3610 1809 quae
3632 1739 3901 1810 gerenda

597 1843 735 1899 libus
761 1842 1105 1913 designantur
1134 1846 1152 1861 ’
1173 1882 1186 1908 ,
1235 1844 1427 1915 quibus
1460 1845 1574 1913 ipsa
1612 1841 1869 1897 revelatio
1906 1840 2047 1895 beati
2085 1838 2176 1894 ,ιο-
2206 1828 2255 1898 Β
2278 1835 2430 1901 dixit,
2458 1834 2719 1889 orationis
2749 1830 2934 1887 oliicio
2961 1832 3253 1887 convenire
3281 1832 3588 1886 videantur.

594 1932 790 1989 hannis
818 1941 842 1969 ε
866 1949 932 1988 ex
961 1950 1093 1989 voce
1137 1936 1310 2003 angeli
1352 1933 1761 2004 prtenuntiantis
1798 1934 1902 1988 hoc
1930 1933 2175 1987 testimo-
2352 1926 2438 1982 il.
2469 1926 2601 1982 item
2628 1924 2775 1995 quod
2801 1924 2866 1979 ad
2896 1924 3169 1979 Romanos
3196 1924 3291 1992 ait,
3343 1925 3621 1992 interrogo
3652 1931 3710 1977 et
3738 1937 3924 1995 rogos

597 2025 744 2083 nium
764 2026 1030 2098 perhibet,
1050 2030 1174 2097 quia
1191 2028 1466 2083 comitatui
1486 2026 1647 2095 Regis
1660 2026 1847 2081 aeterni
1864 2025 2178 2080 familiarius
2277 2026 2337 2074 ut
2363 2018 2628 2075 edisseras
2655 2018 2804 2073 mihi.
2852 2015 3076 2071 Multum
3104 2017 3246 2071 enim
3275 2018 3533 2072 ementire
3573 2030 3659 2070 me
3692 2017 3892 2072 fateor

597 2118 946 2174 adhaerebunt
970 2118 1183 2190 penitus
1212 2119 1557 2181 immaculati,
1590 2126 1643 2173 et
1676 2117 1925 2171 humanae
1954 2116 2179 2185 conjun-
2279 2111 2332 2165 in
2360 2111 2463 2165 hac
2487 2109 2728 2179 Apostoli
2752 2108 3019 2164 sententia
3058 2109 3126 2163 de
3168 2108 3394 2173 Judmis,
3432 2106 3580 2177 quod
3619 2108 3697 2161 ait
3732 2126 3745 2159 :
3782 2106 3900 2162 Se-

595 2210 792 2267 ctionis
815 2210 1097 2281 expertes?
1141 2211 1216 2265 De
1244 2210 1435 2280 quibus
1463 2208 1769 2281 specialiter
1796 2209 1872 2263 ait
1896 2226 1908 2260 :
1934 2208 2182 2276 Sequun-
2278 2203 2502 2256 cundum
2522 2200 2859 2273 Evangelium
2890 2200 3111 2270 quidem,
3142 2199 3339 2253 inimici
3384 2206 3599 2270 propter
3625 2216 3717 2252 vos
3734 2215 3758 2264 ;
3798 2214 3911 2253 see

598 2310 684 2358 tur
705 2304 725 2334 ⁸
764 2303 974 2373 Agnum
1001 2314 1341 2372 quocumque
1371 2302 1512 2371 ierit,
1563 2301 1688 2371 quia
1716 2315 1837 2355 cum
1868 2300 2179 2355 mulieribus
2279 2295 2503 2350 cundum
2520 2295 2813 2349 electionem
2840 2303 3032 2356 autem,
3073 2292 3335 2346 carissimi
3364 2300 3576 2363 propter
3601 2299 3783 2363 patres
3805 2300 3850 2328 ω
3875 2309 3915 2346 z.

596 2409 791 2451 senon
817 2394 1324 2464 coinquinaverunt,
1354 2395 1585 2461 virgines
1612 2392 1754 2448 enim
1784 2399 1908 2445 sunt
1945 2389 1988 2445 τ.
2278 2389 2553 2459 quomodo
2579 2398 2635 2444 et
2661 2388 2822 2442 iidem
2853 2388 2894 2420 ί⁰
2917 2387 3120 2443 inimici
3162 2392 3388 2459 propter
3425 2400 3545 2453 nos,
3578 2386 3675 2457 qui
3703 2386 3902 2458 credi-

668 2487 723 2543 8.
757 2486 812 2542 lu
851 2487 1187 2557 sexagesimo
1227 2486 1457 2555 septimo
1501 2495 1696 2554 praeter
1745 2482 1847 2537 alia
1890 2480 2019 2535 illud
2047 2481 2175 2534 mihi
2279 2481 2454 2535 dimus
2484 2496 2549 2535 ex
2578 2480 2851 2549 gentibus,
2900 2485 3172 2548 tamquam
3212 2494 3319 2534 non
3363 2480 3644 2551 potuerint
3686 2487 3901 2548 gentes

597 2579 1032 2636 obscurissimum
1062 2586 1165 2640 est,
1211 2576 1356 2647 quod
1384 2576 1459 2631 ait
1496 2594 1509 2628 ε
1555 2576 1913 2628 Verumtamen
1941 2572 2080 2627 Deus
2104 2572 2176 2643 (ὑ)
2279 2572 2522 2641 credere,
2554 2572 2654 2626 nisi
2680 2570 2852 2627 Iudaei
2882 2587 2992 2626 non
3020 2570 3409 2626 credidissent?
3447 2571 3557 2626 Aut
3597 2570 3719 2643 ipse
3741 2581 3903 2630 unus

596 2670 959 2745 conquassabit
993 2671 1163 2740 capita
1192 2669 1515 2723 inimicorum
1556 2684 1787 2735 suorum,
1826 2666 2060 2720 terticem
2089 2682 2179 2717 ca-
2280 2663 2517 2717 omnium
2569 2670 2783 2717 creator
2810 2662 2970 2730 Deus,
3018 2661 3111 2731 qui
3158 2677 3353 2718 omnes
3395 2663 3647 2719 homines
3695 2663 3902 2721 salvos

597 2763 711 2836 pilli
733 2761 1196 2836 perambulantium
1225 2762 1278 2815 in
1308 2759 1506 2815 delictis
1537 2759 1643 2814 suis
1670 2777 1689 2815 :
1720 2758 1850 2829 quid
1875 2760 1964 2820 sit,
2006 2757 2179 2812 Verti-
2281 2753 2395 2809 ﬁeri
2420 2755 2551 2819 vult,
2580 2764 2636 2809 et
2661 2752 2726 2809 ad
2755 2753 3081 2823 agnitionem
3112 2754 3355 2809 veritatis
3387 2756 3578 2811 venire
3602 2764 3653 2822 ιι,
3700 2771 3898 2828 capax

596 2872 703 2910 cem
727 2855 903 2925 capilli
925 2854 997 2926 (ε)
1016 2854 1372 2926 perambulare
1390 2854 1446 2906 in
1472 2852 1691 2906 delictis.
1718 2850 2002 2908 Nonenint
2022 2851 2177 2919 dixit,
2279 2861 2386 2901 non
2417 2846 2576 2902 luerit
2627 2848 2665 2878 “
2716 2846 3085 2915 acquisitionis
3131 2846 3443 2917 utriusque,
3489 2847 3915 2905 nisi'alternm.

598 2946 868 3004 Vertit-em
889 2946 1112 3017 capitis;
1144 2945 1258 3014 sed,
1280 2944 1533 3000 Verticem
1561 2929 1755 3015 capilli,
1777 2945 2000 3014 quisine
2021 2961 2181 3000 sensu
2278 2954 2379 3008 pro
2406 2938 2577 3007 altero
2606 2936 2944 3007 possideret?
3003 2936 3204 2993 Deinde
3233 2936 3314 3011 (ά)
3356 2939 3619 2994 carissimi
3649 2941 3694 2972 "
3741 2957 3901 3010 pro—-~

598 3048 700 3094 est.
732 3038 813 3093 An
848 3038 1115 3108 repletum
1153 3038 1387 3109 peccatis
1413 3038 1688 3094 hominem
1715 3038 1830 3092 vnlt
1859 3037 2180 3093 ostendere?
2281 3044 2393 3103 pter
2434 3041 2644 3101 patres:
2686 3031 2978 3100 quomodo.
3028 3037 3123 3086 aut
3160 3027 3305 3086 unde
3330 3028 3360 3099 ,'
3395 3032 3439 3086 si
3469 3030 3742 3087 carissimi
3769 3048 3913 3090 non.

597 3130 865 3201 Scriptum
905 3139 1025 3186 est:
1062 3130 1234 3183 Umne
1273 3144 1369 3184 cor
1412 3130 1465 3183 in
1487 3129 1676 3185 dolore
1698 3145 1729 3182 a
1760 3128 1984 3200 pedibus
2012 3142 2177 3198 usque
2281 3122 2943 3189 credant,etinimiciDco
2960 3123 3917 3197 essepcrsistant?Nonne,inqoit,

597 3224 666 3280 ad
682 3235 861 3295 caput.
884 3222 951 3279 Et
969 3224 1131 3294 paulo
1157 3221 1290 3277 inl‘ra
1319 3221 1467 3292 quod
1496 3222 1607 3276 ait:
1634 3220 1840 3293 Lingua
1860 3236 2052 3277 conum
2072 3232 2178 3277 tuo-
2203 3218 2248 3279 C
2279 3218 2373 3288 qui
2403 3219 2629 3272 oderant
2659 3224 2712 3270 te
2742 3215 2906 3284 Deus,
2931 3214 3150 3271 oderam
3179 3213 3320 3281 illos,
3350 3224 3409 3272 et
3436 3232 3604 3288 super
3628 3216 3911 3277 inimicos

598 3332 708 3370 rum
739 3332 801 3369 ac
834 3315 1059 3369 inimicis
1097 3316 1161 3369 ab
1187 3314 1294 3384 ipso
1328 3318 1373 3367 8.
1412 3314 1456 3367 Λ
1482 3330 1589 3384 quo
1616 3316 1765 3385 ipso?
1808 3313 1877 3370 Et
1920 3315 2175 3385 numquid
2283 3320 2403 3369 tuos
2425 3309 2800 3365 tabescebam?
2830 3306 3075 3364 Perfecto
3104 3308 3229 3364 odio
3246 3307 3471 3365 oderam
3496 3304 3620 3366 illos
3642 3319 3693 3367 ο.
3716 3310 3898 3369 Certe

597 3422 758 3460 canes
783 3404 878 3462 Dei
906 3406 1010 3460 diei
1040 3412 1264 3476 possunt
1284 3405 1529 3474 gentiles,
1572 3418 1709 3475 quos
1755 3405 1870 3476 ipse
1915 3405 1965 3459 in
2003 3405 2178 3459 Evan-
2282 3403 2384 3457 hoc
2399 3410 2529 3473 puto
2546 3410 2888 3471 paternavox
2903 3400 3140 3470 loquitur
3156 3400 3274 3454 adF
3279 3401 3424 3456 ilium
3438 3401 3541 3472 per
3555 3401 3918 3473 prophetam

598 3497 739 3567 gelio
766 3494 794 3534 λ
824 3511 986 3552 canes
1011 3496 1293 3551 nominat?
1317 3496 1424 3550 Aut
1453 3511 1520 3550 ne
1544 3494 1682 3549 forte
1724 3496 1869 3566 ipsos
1893 3512 2054 3551 canes
2082 3496 2180 3551 Dei
2283 3495 2338 3550 in
2366 3494 2555 3550 eodem
2583 3496 2805 3563 psaltno,
2839 3492 2937 3547 ubi
2958 3508 3118 3563 supra
3146 3491 3216 3548 de
3243 3503 3398 3563 parte
3426 3494 3771 3551 credentium
3794 3494 3895 3552 di-

597 3589 758 3653 dieat,
791 3586 981 3658 quales
1009 3587 1303 3648 existimari
1334 3595 1586 3656 possunt,
1637 3587 1683 3641 si
1729 3588 1820 3656 qui
1866 3586 1921 3641 in
1962 3588 2180 3642 nomine
2280 3583 2440 3641 'xerat
2473 3584 2637 3639 :Mihi
2675 3593 2856 3640 autem
2885 3584 3041 3639 nimis
3070 3584 3417 3643 bonorilicati
3441 3594 3571 3644 sunt
3609 3589 3775 3646 amici
3803 3592 3898 3649 tui

599 3677 903 3734 Christiano
932 3671 1203 3745 gentiliter
1251 3678 1451 3741 vivant,
1500 3689 1727 3748 quorum
1755 3694 1881 3749 pars
1911 3694 2030 3733 cum
2063 3679 2180 3733 inﬁ-
2281 3676 2441 3744 Deus,
2469 3676 2629 3731 nimis
2647 3675 2982 3732 confortatus
3002 3666 3085 3730 esi
3101 3676 3435 3748 principatus
3452 3692 3645 3734 eorum
3666 3689 3715 3735 ι’.
3738 3678 3917 3747 Quid.

598 3771 807 3829 delibus
831 3768 1131 3843 poniturl,
1174 3771 1298 3840 quia
1340 3770 1528 3836 Deum,
1579 3786 1739 3841 quem
1769 3770 1947 3829 verbis
1976 3772 2175 3836 colunt,
2281 3778 2461 3825 autem
2488 3768 2592 3824 illis
2620 3768 2839 3840 prodest
2885 3767 2951 3823 ad
2998 3767 3248 3834 salutem,
3297 3784 3419 3841 qua:
3463 3785 3575 3825 non
3625 3770 3736 3829 nisi
3783 3787 3901 3845 per

599 3863 755 3920 factis
776 3862 1062 3933 neganti?
2283 3860 2443 3917 tidem
2473 3869 2527 3915 et
2573 3860 2800 3929 gratiam
2842 3858 3040 3914 Christi
3082 3860 3409 3931 capitur,_si
3458 3869 3688 3933 propter
3717 3860 3917 3921 ﬁdem

666 3953 850 4011 Csro'r
878 3952 945 4010 Π.
966 3951 1284 4019 Quintiane:
1305 3971 1370 4011 ex
1392 3952 1788 4027 Apostolo.—-9.
1814 3955 1938 4012 llaec
1966 3957 2180 4012 interim
2282 3960 2493 4023 patrum
2520 3951 2782 4007 carissimi
2813 3951 2892 4024 (d)
2922 3950 3033 4006 Deo
3061 3952 3212 4006 sint?
3260 3951 3347 4008 cui
3384 3933 3533 4008 bono
3560 3953 3896 4026 diliguntur,

599 4049 667 4103 de
690 4047 944 4113 Psalmis;
974 4063 1119 4104 nunc
1141 4058 1197 4104 et
1223 4046 1291 4104 de
1315 4049 1573 4119 Apostolo
1594 4050 1967 4121 quodcumque
1992 4066 2183 4122 prepo-
2282 4064 2419 4121 quos
2447 4062 2666 4103 necesse
2695 4054 2777 4101 est
2805 4054 3019 4117 propter
3058 4047 3160 4103 hoc
3187 4045 3455 4117 (lacunari,
3479 4046 3627 4120 quod
3654 4056 3901 4120 propter

601 4156 745 4196 nam.
769 4139 918 4205 Dicit
936 4140 1003 4196 ad
1024 4139 1304 4211 Ephesios,
1338 4142 1481 4211 quod
1506 4142 1560 4195 in
1582 4140 1684 4196 alia
1708 4140 1943 4212 Epistula
1972 4141 2183 4198 dixerat
2283 4157 2435 4198 suam
2479 4139 2849 4195 inﬁdelitatem
2890 4154 2920 4192 a
2951 4139 3335 4209 prophetarum
3370 4141 3898 4210 otpatriareharum

599 4234 669 4289 de
696 4233 948 4301 gradibus
992 4234 1078 4288 vel
1120 4232 1401 4290 ordinibus
1430 4233 1840 4305 dispositionum
1885 4234 2001 4301 Dei,
2050 4250 2182 4306 0pc-
2282 4240 2567 4305 parentum
2608 4229 2710 4286 ﬁde
2747 4231 3138 4300 discrepantes,
3182 4230 3387 4287 inimici
3432 4237 3561 4287 sunt
3584 4229 3896 4302 Evangelia

600 4335 754 4385 rante
783 4327 986 4398 Spiritu
1030 4335 1222 4382 saneto
1264 4326 1553 4382 divisiones
1579 4327 1870 4398 gratiarum
1898 4344 1910 4379 :
1934 4327 2180 4399 thuos-
2282 4327 2519 4384 Christi?
2564 4323 2619 4380 Si
2646 4338 2775 4393 ergo
2804 4321 3065 4379 carissimi
3098 4321 3228 4389 Deo,
3274 4322 3550 4392 quomodo
3577 4325 3893 4393 peribunt?

599 4420 721 4473 dam
745 4421 946 4491 quidem
984 4418 1123 4473 dedit
1156 4419 1448 4489 apostolos,
1488 4420 1737 4492 quosdam
1758 4430 1929 4475 autem
1956 4424 2180 4493 praphe-
2283 4428 2338 4477 et
2365 4422 2410 4475 si
2441 4435 2546 4475 non
2577 4417 2823 4482 credunt,
2850 4401 3120 4486 quomodo
3146 4430 3257 4470 non
3305 4415 3598 4485 peribunt?
3641 4417 3700 4473 Si
3748 4428 3894 4490 pro-

601 4521 701 4576 tos,
730 4513 861 4567 alios
901 4528 1015 4567 vero
1045 4512 1387 4583 evangelistas
1409 4554 1425 4578 ,
1460 4513 1606 4568 alios
1644 4525 1817 4567 autem
1854 4522 2089 4585 pastores
2130 4523 2179 4568 et
2210 4586 2211 4589 η
2284 4524 2403 4585 pter
2431 4520 2610 4582 patres
2649 4510 2765 4564 sine
2790 4524 2887 4564 suo
2917 4507 3111 4562 merito
3158 4507 3468 4576 diliguntur,
3520 4510 3805 4578 quomodo
3829 4519 3906 4569 et

602 4604 832 4680 doctores
861 4602 931 4655 ad
954 4603 1446 4657 consummationem
1477 4612 1770 4659 sanctorum
1796 4604 1845 4674 ιι,
1875 4613 1930 4659 et
1955 4603 2177 4673 reliqua.
2210 4605 2260 4669 Ι)
2288 4616 2507 4678 promer
2530 4615 2713 4675 patres
2742 4602 2898 4674 292
2931 4616 3037 4656 non
3068 4600 3447 4655 salvabnntut‘?
3485 4601 3596 4668 sed,
3631 4604 3734 4659 etsi
3761 4604 3893 4661 fue-

601 4693 715 4750 Hoc
733 4702 861 4763 Opto
881 4693 1174 4762 distinguas
1202 4693 1330 4747 mibi
1352 4696 1403 4749 in
1432 4695 1531 4751 hac
1552 4694 1861 4753 diversitate
1881 4697 2176 4765 nominum,
2287 4699 2395 4765 rint
2424 4697 2558 4763 Noe,
2585 4694 2793 4763 Daniel,
2825 4704 2877 4749 et
2904 4692 3024 4759 Job,
3057 4694 3110 4748 in
3138 4693 3318 4749 medio
3339 4709 3547 4761 eorum,
3603 4694 3746 4753 lilios
3776 4697 3890 4753 itu--

601 4796 721 4857 (tua:
749 4788 821 4841 sit
843 4786 1035 4866 cuique
1064 4786 1268 4867 nomini
1297 4785 1595 4847 ofﬁciorum
1627 4789 1708 4843 vel
1738 4787 2029 4857 gratiarum
2055 4804 2182 4859 pro-
2286 4793 2405 4862 pios
2433 4806 2539 4845 non
2570 4789 2872 4857 salvabunt,
2904 4788 3001 4842 soli
3028 4787 3163 4842 salvi
3192 4797 3354 4842 erunt
3374 4798 3435 4843 (ιι

601 4880 824 4951 prietas.
856 4877 990 4943 Quid
1020 4878 1296 4948 proprium
1336 4878 1405 4932 sit
1453 4879 1841 4949 apostolorum,
1891 4879 2020 4949 quid
2057 4896 2181 4951 pro—
2358 4882 2444 4937 12.
2487 4880 2678 4936 Adhuc
2705 4880 2849 4935 aliud
2879 4880 3157 4934 obscurius
3182 4879 3311 4933 mihi
3333 4894 3464 4935 erue
3492 4880 3560 4935 de
3584 4880 3893 4952 profundo;

602 4978 913 5050 pbetarum,
971 4976 1098 5047 quid
1154 4976 1600 5043 evangelistarum
1625 5017 1640 5042 ,
1700 4977 1829 5045 quid
1882 4986 2177 5047 pastorum,
2286 4984 2341 5031 et
2362 4975 2415 5029 in
2438 4974 2629 5029 vadum
2661 4972 2863 5043 profer.
2896 4972 2950 5026 lu
2977 4971 3206 5041 epistola
3229 4970 3629 5026 Colossensium
3656 4978 3893 5033 omnino

604 5073 799 5145 quidve
826 5071 1108 5128 doctorum
1134 5087 1147 5122 :
1180 5072 1231 5126 in
1258 5071 1507 5125 omnibus
1533 5072 1673 5125 enim
1714 5070 1797 5125 bis
1827 5070 2048 5127 diversis
2076 5090 2177 5128 no-
2288 5070 2584 5137 intelligere
2616 5068 2655 5098 ’³
2688 5083 2793 5121 non
2824 5082 3041 5136 possum
3070 5065 3215 5134 quod
3245 5066 3319 5119 ait
3354 5082 3366 5118 :
3410 5063 3583 5120 Nemo
3612 5085 3700 5121 ros
3724 5067 3893 5124 sedu-

605 5166 835 5237 minibus
865 5164 1021 5236 291
1072 5163 1244 5218 simile
1285 5170 1339 5216 et
1368 5178 1536 5233 prope
1579 5180 1741 5219 unum
1781 5165 2037 5219 doctrinm
2062 5169 2180 5221 olli-
2288 5175 2373 5219 rat
2402 5164 2571 5217 uolens
2599 5163 2653 5215 in
2680 5163 2962 5214 humilitate
3002 5171 3051 5213 et
3090 5158 3337 5227 religione
3363 5152 3671 5228 angelorum
3696 5203 3711 5227 ,
3767 5180 3892 5236 qua:

604 5260 747 5314 cium
784 5258 941 5312 video
968 5256 1130 5310 fuisse
1159 5262 1464 5310 tractatum.
1507 5253 1618 5310 Hos
1648 5264 1824 5310 autem
1868 5259 2178 5329 prophetas,
2290 5274 2387 5309 non
2421 5254 2564 5320 sidit,
2590 5251 2879 5317 ambulans,
2916 5252 3108 5318 {rustra
3130 5250 3343 5319 inﬂatus
3363 5265 3514 5305 sensu
3546 5254 3731 5307 carnis
3747 5270 3886 5317 suat,

604 5364 739 5419 quos
764 5356 889 5418 post
908 5345 1199 5416 Apostolus
1224 5346 1421 5417 posuit,
1455 5362 1561 5400 non
1603 5355 1732 5416 puto
1762 5347 1882 5404 illos
1910 5362 2047 5416 esse,
2092 5351 2183 5422 qui
2289 5358 2337 5403 et
2366 5363 2466 5400 non
2490 5353 2666 5399 tenens
2697 5351 2873 5412 caput.
2920 5339 2999 5407 De,
3038 5339 3228 5409 quibus
3271 5340 3476 5409 angelis
3501 5340 3696 5398 dicit?
3744 5345 3790 5400 si
3817 5346 3890 5401 de

677 5473 704 5499 δ
736 5462 864 5517 Luc.
897 5455 1046 5522 unt,
1076 5460 1162 5513 54.
1267 5459 1292 5497 δ
1322 5459 1460 5514 Psal.
1496 5476 1637 5524 tvm,
1672 5460 1754 5516 Η..
1835 5475 1855 5501 π
1880 5462 2014 5518 Gen.
2048 5479 2180 5525 xxu,
2212 5463 2299 5517 Π.

2252 5463 2299 5517 7,
2375 5460 2400 5498 δ
2434 5461 2590 5515 Rom.
2621 5474 2672 5521 χ,
2706 5457 2758 5513 ὁ.
2817 5525 2825 5528 _
2855 5468 2879 5495 ε
2907 5457 3073 5528 Apoc.
3106 5472 3200 5525 vn,
3230 5456 3314 5528 ὅ,
3370 5456 3389 5495 ί
3419 5458 3611 5528 ~Apoc.
3666 5475 3780 5527 xiv,
3828 5464 3884 5518 4.

607 5542 631 5577 ε
661 5532 799 5587 Psal.
834 5549 993 5597 van,
1023 5530 1111 5585 Ἃ.
1190 5529 1213 5569 ε)
1241 5530 1429 5586 Matth.
1463 5548 1549 5595 xv,
1594 5531 1680 5585 26.
1764 5532 1779 5570 ί
1813 5532 2003 5587 Matth.
2052 5551 2196 5601 xxiv,
2230 5534 2312 5587 5i.
2396 5532 2410 5581 ἱ
2451 5532 2551 5585 Tit.
2583 5548 2620 5596 ι,
2656 5528 2736 5584 l6.
2760 5599 2787 5601 _
2812 5525 2879 5601 kl7
2928 5525 3051 5582 Cor.
3105 5527 3360 5601 χιιι-ἒὸς
3411 5525 3614 5601 Eplies.
3665 5545 3739 5595 iv,
3767 5525 3884 5587 Vil.

614 5602 768 5658 'ACI.
792 5621 899 5669 κει,
920 5604 1003 5667 il.
1066 5613 1101 5639 α·
1124 5602 1276 5657 Rom.
1312 5620 1384 5671 xi,
1407 5605 1494 5657 ’28.
1573 5603 1634 5656 nl
1658 5603 1793 5657 Tim.
1827 5621 1879 5667 ιι,
1917 5603 1997 5659 ιφ
2046 5614 2069 5640 ο
2102 5598 2241 5661 Psal.
2270 5620 2526 5668 cxxxvm,
2550 5604 2638 5656 9|.
2715 5599 2900 5653 l'Psal.
2930 5615 3181 5660 cxxxvtn,
3211 5598 3296 5651 l7.
3373 5608 3401 5649 τι
3431 5598 3627 5654 Ezech.
3655 5618 3766 5669 xiv,
3788 5602 3880 5657 14.

678 5694 780 5775 (ain
802 5694 908 5775 ita“
933 5709 1052 5749 cum
1075 5693 1232 5775 editis
1259 5691 1419 5775 Grav.
1448 5702 1504 5750 et
1531 5694 1729 5749 Bened.
1754 5711 1879 5749 mss.
1913 5694 2018 5751 duo
2047 5695 2161 5765 Big.
2346 5696 2415 5763 (ε)
2445 5693 2675 5775 Sic‘eutn
2706 5690 2832 5746 edit.
2857 5690 3066 5745 'Bencd.
3091 5703 3219 5744 mss.
3254 5688 3369 5759 Big.
3396 5690 3526 5748 duo.
3551 5690 3654 5748 Ed.
3681 5693 3885 5764 Βοῦν..

612 5765 828 5820 Atedii.
872 5767 1060 5837 Best,
1090 5782 1151 5818 ac
1173 5773 1320 5837 (orto.
1820 5836 1827 5837 ί
2044 5836 2051 5837 7
2118 5764 2125 5765 ί
2282 5764 2790 5837 ρεναηιρηιαηείωητ,
2862 5831 2897 5837 _
2960 5818 2963 5821 ἤ

678 5836 754 5903 (lt)
777 5836 921 5892 Edit.
949 5835 1144 5891 Bened.
1174 5829 1253 5891 ’ςι
1279 5836 1465 5907 (irata,
1497 5836 1871 5909 ronquossatit,
1902 5836 2175 5896 mendose.
2282 5829 2292 5837 ’
2355 5836 2434 5909 ((1)
2463 5834 2543 5909 ita
2564 5849 2686 5889 cum
2708 5833 2834 5889 edit.
2862 5829 3058 5889 Beuod.
3084 5830 3208 5889 mss.
3226 5831 3337 5905 Dig.
3356 5830 3482 5889 duo.
3507 5830 3653 5891 Edjl.
3680 5834 3881 5905 Βοῦν..

606 5904 808 5972 Cncee,
837 5911 1113 5966 συνθλάσει.
1453 5904 1460 5907 ⁷
1605 5904 1614 5909 ’
1856 5904 1862 5906 ⁷

1069 5929 1113 5964 τι.
1453 5904 1460 5907 ⁷
1605 5904 1614 5909 ’
1856 5904 1862 5906 ⁷
2286 5904 2543 5959 carissimi
2567 5913 2701 5959 sunt.
