4134 6418
238 331 346 388 ‘13

1678 324 2004 384 EPISTOLA
2044 328 2105 383 Ι..

3423 322 3530 389 Mi

236 449 479 517 inimicis
502 454 560 503 et
579 444 757 517 malis,
785 460 907 519 qum
934 444 1154 501 illorum
1182 444 1395 513 religio,
1419 453 1519 499 aut
1562 458 1688 515 quae
1730 444 1830 499 bu-
1860 449 1906 508 Α
1936 452 2121 500 rantes
2142 459 2200 499 se
2230 444 2285 498 in
2315 444 2592 501 ministros
2634 444 2854 516 justitiae
2882 441 2933 501 ι.
2981 443 3091 501 Sed
3134 443 3279 518 quod
3308 445 3535 517 adjecit,

236 540 472 605 milites;
521 546 579 594 et
618 538 741 607 quis
788 539 1046 606 magister
1087 537 1127 569 ιδ
1154 535 1485 593 seductionis
1511 535 1693 606 hujus,
1740 536 1836 607 qui

236 649 337 707 per
364 612 663 688 obtentum.
682 631 866 687 nescio
895 631 1049 701 cujus
1070 631 1326 702 angelicae
1355 629 1649 700 religionis,
1680 630 1836 703 quasi

234 727 351 779 visa
378 730 435 779 et
464 731 749 794 comperta
777 723 971 780 doceat
1002 738 1122 793 qua:
1150 739 1255 778 non
1284 721 1456 779 vidit?
1498 722 1628 778 Sine
1671 722 1836 779 dubio

233 817 500 886 hreretici,
532 818 627 887 qui
656 815 933 873 doctrinas
955 816 1348 877 daemoniorum
1382 827 1438 871 et
1465 823 1765 887 sequuntur
1786 826 1838 883 ',

231 919 288 966 et
318 918 580 981 promunt
607 911 887 981 conceptis
912 909 980 966 ab
1009 924 1200 966 eorum
1228 909 1420 980 spiritu
1447 908 1840 965 adinventioni—

233 1005 357 1068 bus,
370 1018 495 1074 quae
518 1019 627 1059 non
654 1002 1295 1072 videruntphantasmata
1316 1002 1470 1073 quasi
1497 1001 1611 1057 visa
1639 999 1838 1072 ﬁngen-

231 1104 337 1162 tes,
373 1104 429 1153 et
456 1095 730 1167 pestiferis
756 1096 1211 1167 disputationibus
1238 1098 1294 1153 in
1324 1098 1488 1153 corda
1526 1096 1669 1153 male
1710 1112 1836 1152 cre-

233 1186 361 1242 dula
389 1189 763 1257 scminantes;
820 1187 876 1243 bi
919 1181 1043 1244 sunt
1082 1188 1177 1260 qui
1216 1203 1326 1244 non
1356 1195 1542 1247 tenent
1564 1197 1746 1259 caput,
1779 1186 1833 1243 id

233 1286 320 1332 est
348 1276 626 1333 Christum
655 1274 863 1334 fontem
883 1277 1150 1347 veritatis,
1182 1279 1336 1348 cujus
1374 1277 1635 1335 doctrina:
1675 1277 1834 1345 quid-

231 1370 364 1442 quid
388 1371 724 1436 adversatur,
753 1373 1000 1428 insanum
1027 1379 1130 1429 est.
1172 1370 1242 1426 Et
1280 1373 1337 1428 hi
1373 1373 1499 1428 οωςί
1531 1371 1699 1428 duces
1726 1387 1834 1427 cre-

232 1478 423 1518 corum
448 1463 496 1531 δ,
530 1463 602 1521 de
629 1464 825 1534 quibus
850 1462 956 1519 dici
983 1470 1116 1535 puto
1146 1482 1161 1518 :
1187 1463 1272 1520 Me
1298 1465 1700 1534 dereliquerunt
1722 1464 1840 1521 fon-

231 1563 345 1611 tem
373 1571 530 1626 aqua:
557 1556 711 1611 vivae.
756 1563 813 1612 et
840 1554 1093 1613 foderunt
1120 1556 1223 1613 sibi
1251 1556 1401 1613 lacus
1428 1556 1719 1626 contritas,
1740 1556 1835 1628 qui

236 1663 351 1705 non
381 1656 573 1704 tenent
599 1664 796 1717 aquam
822 1660 872 1706 ο.

304 1742 393 1797 15.
425 1742 629 1799 Deinde
657 1742 713 1797 in
741 1742 821 1815 (ιι)
845 1742 1197 1814 subsequenti
1225 1742 1464 1816 capitulo
1493 1742 1690 1810 adjecit
1710 1761 1727 1797 ;
1748 1742 1836 1799 Ne

1937 531 2021 586 Ad
2046 533 2369 587 saturitatem
2412 532 2609 601 carnis,
2652 533 2983 590 contrarium
3026 534 3161 590 mibi
3196 534 3411 591 videtur
3452 536 3533 592 illi

1937 624 2083 697 quod
2111 624 2261 680 dicit:
2288 626 2372 679 Ad
2398 643 2501 681 non
2528 626 2843 697 parcendum
2868 628 3094 700 corpori.
3137 627 3361 686 Videtur
3383 630 3530 694 enim

1936 716 2071 772 mihi
2097 717 2186 773 ille
2232 733 2341 774 non
2372 734 2595 789 parcere
2642 718 2880 790 corpori,
2929 721 3021 791 qui
3048 735 3269 778 carnem
3309 722 3533 794 jejuniis

1936 809 2147 883 domat,
2171 810 2310 864 sicut
2336 809 2626 880 Apostolus
2654 811 2782 867 dicit
2813 808 2832 850 1
2864 829 2878 865 :
2905 810 3143 868 Liuidum
3164 816 3304 887 facio
3342 832 3530 887 corpus

1937 920 2135 972 meum,
2164 916 2214 960 et
2239 907 2293 960 in
2320 908 2613 961 sanitatem
2652 908 2830 979 redigo
2872 906 2987 980 (Gr.
3015 909 3328 977 ὑπωπιάζως
3369 908 3527 982 Vulg.

1937 983 2185 1069 castigo).
2218 996 2265 1051 Α
2290 1012 2399 1069 quo
2420 1013 2585 1068 opere
2610 1000 2866 1056 saturitas
2891 1000 3069 1068 carnis
3089 999 3265 1057 aliena
3292 1008 3395 1058 est.
3417 1000 3533 1059 Nisi

1938 1086 2077 1145 forte
2106 1099 2163 1145 et
2188 1090 2359 1161 ipsam
2385 1090 2689 1147 samrandac
2711 1092 2889 1148 carnis
2916 1107 3120 1158 curam,
3147 1107 3268 1163 qua:
3293 1093 3532 1151 maxime

1937 1181 2335 1239 observantiam
2361 1183 2643 1252 religionis
2661 1185 3119 1256 praetendentibus
3140 1186 3401 1258 probrosa
3423 1195 3526 1254 est,

1936 1287 2043 1328 non
2071 1286 2295 1345 parcere
2324 1274 2545 1345 corpori
2561 1275 2729 1343 dixit,
2744 1276 3041 1332 secundum
3068 1278 3199 1334 illud
3228 1278 3531 1337 honestatis

1934 1371 2282 1436 praeceptum,
2332 1365 2478 1434 quod
2508 1365 2634 1421 alibi
2662 1366 2811 1432 dicit,
2859 1374 2916 1422 ut
2961 1369 3326 1440 unusquisque
3372 1386 3525 1430 suum

1935 1472 2031 1513 vas
2050 1457 2347 1515 honoriﬁce
2389 1458 2664 1529 possidere
2686 1462 2898 1516 noverit
2916 1470 2976 1530 ως
3009 1462 3323 1519 uthostiam
3351 1464 3532 1520 vivam

1935 1555 1990 1605 et
2018 1549 2317 1621 placentem
2344 1548 2458 1621 Deo
2505 1565 2661 1606 suum
2711 1566 2912 1624 corpus
2956 1554 3258 1611 exhibeas"
3287 1572 3310 1609 :
3334 1571 3444 1612 non
3473 1555 3531 1611 in

1935 1640 2012 1713 (θ)
2036 1642 2374 1717 saturitatem
2399 1642 2609 1711 carnis;
2642 1644 2766 1713 quia
2793 1645 3052 1701 distensio
3073 1646 3318 1717 corporis
3338 1649 3531 1705 anitum

1933 1731 2287 1788 sobrietatem
2318 1739 2493 1799 necat,
2523 1740 2580 1790 et
2606 1734 2824 1801 inimica
2852 1744 2936 1791 est
2954 1736 3215 1793 castitati.

230 1834 527 1903 tetigeritis,
577 1850 742 1907 neque
769 1836 1118 1908 gustaveritis,
1166 1851 1328 1908 neque
1367 1835 1826 1901 contrectaueritis,

2008 1823 2098 1879 11.
2140 1824 2329 1880 Restat
2349 1833 2410 1879 ut
2434 1825 2635 1896 aliquid
2660 1835 2718 1881 et
2738 1825 2806 1883 de
2833 1827 3159 1897 evangelicis
3180 1827 3313 1886 locis
3334 1842 3536 1901 sugge-

227 1940 348 1992 qua:
374 1932 498 1992 sunt
526 1927 705 1979 omnia
732 1926 787 1981 in
806 1926 1072 1982 interitum
1098 1926 1212 1998 ipso
1239 1943 1353 1993 usu,
1391 1926 1671 1982 secundum
1691 1943 1830 1999 prte—

227 2022 379 2087 repta
398 2022 449 2069 et
476 2016 743 2073 doctrinas
761 2016 1047 2085 hominum,
1075 2019 1329 2075 rationem
1347 2019 1554 2092 quidem
1583 2018 1830 2077 habentia

225 2108 502 2178 sapientiae
528 2109 581 2163 in
606 2109 971 2180 superstitione
992 2118 1042 2165 et
1068 2111 1359 2166 humilitate
1388 2110 1459 2165 ad
1478 2126 1583 2166 non
1609 2128 1829 2183 parcen-

227 2201 350 2254 dum
375 2201 603 2272 corpori,
636 2201 817 2257 nonin
841 2201 1039 2258 honore
1066 2201 1239 2274 aliquo
1264 2202 1333 2256 ad
1353 2203 1679 2258 saturitatem
1707 2218 1825 2256 car-

226 2292 309 2347 ais
342 2290 391 2347 δ.
442 2291 574 2360 Qum
612 2301 740 2351 sunt
786 2295 910 2363 ista,
941 2294 1138 2365 quibus
1165 2305 1221 2351 et
1260 2296 1526 2352 rationem
1547 2297 1826 2367 sapientia:

224 2384 409 2443 inesse
439 2386 1048 2463 testaturMagister(S.
1101 2386 1300 2443 Paulus
1326 2404 1342 2448 ς
1373 2390 1475 2444 vid.
1517 2390 1683 2459 epist.
1731 2389 1821 2456 50,

221 2492 282 2534 at.
308 2475 367 2550 5)
391 2479 653 2546 veritatis,
689 2488 761 2541 ,et
789 2488 975 2536 tamen
1015 2480 1189 2552 ipsam
1216 2482 1505 2537 veritatem
1552 2481 1827 2551 religionis

223 2568 410 2627 inesse
437 2571 703 2641 abnegat?
730 2573 885 2627 Anne
913 2569 1053 2627 forte
1082 2572 1127 2604 "
1146 2571 1214 2629 de
1242 2571 1436 2628 talibus
1465 2573 1727 2644 loquitur,
1758 2574 1827 2630 de

221 2662 423 2736 quibus
452 2665 518 2720 ad
550 2662 893 2721 Timotheum
930 2664 1059 2721 dicit
1099 2683 1116 2717 :
1153 2662 1426 2721 Habentes
1454 2665 1672 2735 quidem
1702 2682 1826 2737 spe~

222 2755 365 2812 ciem
408 2756 649 2826 pietatis,
697 2757 957 2813 virtutem
983 2767 1166 2814 autem
1196 2758 1240 2790 “
1269 2755 1390 2828 ejus
1419 2758 1748 2828 abnegantes
1774 2759 1825 2816 εἶ’

224 2847 384 2920 Rogo
413 2862 549 2921 ergo
574 2850 882 2923 specialiter
908 2851 1024 2910 haec
1051 2850 1288 2924 capitula
1306 2850 1414 2909 duo
1441 2850 1510 2909 de
1536 2851 1825 2910 Colosseu-

394 2938 439 2973 ιτ
482 2928 722 3015 Epistula
761 2952 862 3014 per
887 2923 1276 3014 singulamihi
1325 2942 1490 3001 verba
1536 2942 1820 3010 dissolvas,

222 3035 356 3107 quia
400 3033 760 3093 laudabilibus
807 3036 1136 3094 exsecranda
1184 3035 1520 3109 permiscuit.
1567 3034 1708 3105 Quid
1741 3046 1824 3094 est

226 3126 375 3183 enim
397 3128 441 3161 “
472 3138 581 3183 tam
608 3127 902 3202 laudabile,
930 3145 1093 3200 quam
1118 3130 1258 3185 ratio
1278 3127 1596 3201 sapientiae?
1621 3137 1674 3186 et
1695 3129 1820 3199 quid

228 3226 339 3274 tarn
360 3220 716 3291 exsecrabile,
744 3236 907 3293 quam
929 3220 1244 3293 superstitio
1272 3219 1508 3278 erroris?
1538 3220 1820 3279 llumilitas
1847 3234 1893 3299 ς

224 3324 446 3383 quoque
470 3321 531 3367 et
559 3312 673 3370 Deo
704 3313 925 3386 placita,
971 3321 1026 3370 et
1053 3312 1291 3369 maxime
1326 3313 1381 3369 in
1410 3329 1537 3369 vera
1564 3313 1822 3384 relégione

229 3403 543 3471 laudabilis,
561 3420 687 3461 cum
716 3406 930 3463 ratione
961 3404 1240 3478 sapientiae
1269 3403 1403 3477 ipsis
1448 3406 1609 3461 datur
1633 3407 1704 3473 υς
1753 3404 1824 3462 de

225 3509 457 3565 quorum
483 3496 745 3553 doctrinis
765 3506 822 3553 et
846 3495 1056 3567 actibus
1081 3496 1278 3553 dicitur
1302 3497 1461 3554 nobis
1485 3515 1498 3551 :
1524 3496 1610 3553 Ne
1642 3500 1821 3571 tetige-

224 3589 365 3653 ritia,
389 3606 551 3663 neque
572 3592 918 3670 gustaveritis,
942 3608 1058 3665 quae
1078 3600 1199 3648 sunt
1225 3592 1281 3647 in
1305 3593 1569 3648 interitum
1599 3591 1643 3659 ί,
1694 3594 1820 3665 quia

224 3692 338 3739 non
363 3694 488 3737 sunt
514 3699 582 3739 ex
608 3683 761 3741 Deo:
793 3692 849 3742 et
876 3701 1041 3742 omne
1067 3685 1210 3757 quod
1234 3702 1346 3743 non
1376 3694 1460 3742 est
1479 3700 1547 3743 ex
1572 3686 1675 3743 tide
1695 3703 1821 3757 pec-

225 3782 407 3832 catum
433 3785 519 3832 est
543 3786 590 3832 ε.
621 3775 767 3834 Deus
791 3786 973 3837 autem
1016 3778 1297 3854 dissipavit
1333 3780 1559 3837 consilia
1597 3782 1819 3853 sapien-

227 3869 381 3943 tium,
429 3871 522 3942 qui
570 3869 682 3928 Deo
729 3872 882 3928 stulti
925 3881 1054 3935 sunt
1078 3888 1178 3944 per
1229 3873 1570 3945 prudentiam
1607 3876 1818 3944 carnis;

225 3975 347 4039 quae
390 3978 501 4017 non
527 3971 707 4035 potest
754 3964 858 4035 legi
889 3964 985 4023 Dei
1008 3980 1129 4022 esse
1173 3962 1417 4039 Suhjecta
1443 3965 1490 4021 ιι.
1534 3967 1646 4024 Scit
1674 3968 1823 4025 enim

225 4050 585 4123 cogitationes
621 4052 927 4127 hominum,
968 4057 1226 4129 quoniam
1265 4074 1417 4115 vante
1439 4064 1568 4117 sunt
1602 4058 1643 4114 ι.
1674 4059 1819 4127 Qua-

222 4142 333 4201 ian
375 4144 735 4203 humilitatem
755 4186 773 4214 ,
842 4148 1167 4221 qualemque
1222 4151 1494 4206 rationem
1543 4151 1821 4222 sapientia

223 4238 593 4317 superstitioni
639 4256 715 4297 ex
737 4243 897 4315 393
942 4241 1226 4300 hominum
1271 4242 1535 4302 doctrinis
1582 4247 1820 4306 venienti

223 4327 402 4386 inesse
425 4328 588 4399 dicat,
620 4331 939 4405 requiro.Et
963 4334 1111 4405 quod
1137 4334 1250 4390 ait:
1275 4334 1356 4390 Ad
1380 4353 1484 4391 non
1503 4337 1818 4408 parcendum

224 4423 448 4491 corpori,
471 4439 575 4478 non
602 4423 655 4477 in
685 4423 881 4481 honore
909 4428 1080 4500 aliqua
1110 4427 1181 4482 ad
1214 4429 1538 4484 saturitatem
1566 4430 1742 4484 carnis
1768 4414 1815 4483 l.

224 4513 454 4579 Prorsus
480 4517 593 4572 haec
619 4534 808 4589 parum
831 4520 1072 4591 intelligo
1100 4536 1115 4576 :
1140 4522 1265 4593 quia
1294 4524 1350 4577 in
1378 4524 1567 4579 eadem
1599 4532 1818 4581 sentcn-

1930 1929 2047 1974 ram
2073 1915 2393 1971 beatitudini
2426 1925 2528 1971 tua:
2554 1936 2569 1984 ;
2597 1933 2706 1973 non
2735 1920 2953 1988 quidem
2980 1927 3184 1993 quanta
3212 1922 3411 1993 legenti
3431 1939 3534 1996 per

1930 2006 2100 2063 otium
2131 2022 2420 2064 occurrere
2459 2013 2664 2075 solent;
2706 2010 2840 2082 (nec
2875 2013 3022 2068 enim
3057 2029 3203 2072 nunc
3241 2016 3457 2073 vacabit
3483 2018 3535 2051 “

1928 2097 2170 2170 dispersa
2217 2115 2318 2172 per
2362 2100 2529 2157 libros
2577 2116 2842 2172 quaerere,
2892 2114 2986 2160 aut
3026 2106 3080 2161 in
3116 2108 3530 2167 reminiscendis

1928 2191 2245 2247 memoriam
2286 2192 2553 2249 ventilare
2580 2192 2633 2264 ε)
2672 2193 2769 2250 sed
2796 2195 2882 2252 vel
2903 2211 3075 2267 pauca
3101 2239 3118 2267 ,
3168 2214 3289 2270 quae
3333 2201 3402 2257 ad
3429 2202 3533 2259 bo-

1928 2297 2045 2337 ram
2085 2282 2393 2349 dictationis
2429 2284 2588 2355 hujus
2630 2285 2684 2342 in
2712 2296 2949 2345 mentem
2981 2291 3241 2361 veniunt,
3282 2296 3529 2353 sciscita-

1927 2375 2051 2433 bor.
2117 2375 2192 2434 De
2245 2378 2661 2438 resurrectionis
2707 2380 2881 2439 forma
2923 2399 3035 2441 non
3080 2384 3343 2459 grandem
3365 2430 3382 2454 ,
3433 2391 3531 2448 sed

1928 2469 2145 2540 plenam
2180 2469 2306 2527 fidei
2339 2472 2695 2530 instructione
2738 2475 3024 2547 epistolam
3052 2484 3079 2543 ,'
3116 2493 3225 2550 qua
3274 2480 3529 2538 secunda

1927 2562 2292 2618 consulationi
2334 2578 2468 2622 mete
2502 2605 2517 2632 ,
2598 2565 2727 2624 dum
2773 2565 3088 2639 Carthagini
3138 2571 3211 2643 (c)
3258 2572 3531 2632 hiemares

1928 2653 2027 2726 (V.
2059 2666 2174 2712 not.
2202 2656 2356 2731 213),
2406 2660 2795 2732 rescripseras,
2836 2664 2882 2719 si
2916 2663 3083 2720 babes
3110 2666 3189 2737 (tt)
3219 2666 3442 2724 relatam
3472 2668 3528 2724 in

1926 2747 2164 2817 schedia,
2196 2764 2329 2823 rogo
2359 2757 2419 2807 ut
2446 2753 2647 2820 mittas,
2678 2762 2773 2809 aut
2800 2766 2950 2812 certe
2977 2765 3199 2816 retexas
3215 2773 3339 2816 eam
3365 2761 3523 2827 mihi,

1926 2839 2072 2910 quod
2121 2841 2216 2897 tibi
2267 2841 2425 2903 facile
2473 2854 2576 2901 est.
2630 2845 2762 2902 Nam
2810 2849 2910 2904 etsi
2955 2850 3159 2922 scripta
3187 2867 3296 2908 non
3325 2861 3526 2923 exstat,

1925 2933 2053 3003 quia
2096 2932 2239 2990 forte
2286 2934 2468 2993 brevis
2506 2938 2770 3008 epistola,
2800 2948 2859 2996 ut
2886 2943 3235 2999 tumultuaria
3264 2945 3362 3001 tibi
3386 2946 3531 3003 inter

1926 3022 2098 3081 libros
2128 3032 2251 3081 tuos
2276 3026 2466 3082 haberi
2486 3036 2668 3099 spreta
2691 3031 2785 3097 sit,
2813 3047 3013 3089 renova
3037 3050 3164 3090 eam
3180 3034 3310 3091 mihi
3332 3038 3527 3095 eodem

1925 3129 2086 3171 sensu
2132 3126 2402 3189 promtum
2444 3121 2513 3177 de
2555 3122 2813 3181 thesauro
2842 3126 3024 3183 cordis
3052 3128 3163 3197 tui,
3193 3137 3246 3185 et
3272 3130 3425 3186 mitte
3454 3132 3527 3188 ad

1923 3224 2014 3264 me
2042 3210 2184 3267 inter
2226 3214 2328 3268 alia
2363 3231 2619 3285 responsa
2649 3232 2767 3287 qua
2795 3221 2995 3278 reddes
3020 3223 3150 3279 mihi
3171 3266 3184 3293 ,
3242 3230 3304 3280 ut
3330 3241 3523 3297 spero;

1926 3312 2216 3374 praestante
2242 3306 2373 3364 mihi
2405 3325 2470 3366 ac
2495 3310 2592 3367 tibi
2623 3305 2986 3377 commeatum
3014 3315 3111 3385 (ιν.
3141 3326 3261 3373 not.
3300 3319 3396 3390 64)
3418 3319 3527 3378 die-

1923 3410 2042 3451 rum
2070 3394 2308 3466 Christo,
2340 3409 2398 3457 ut
2428 3417 2490 3458 ea
2510 3443 2525 3467 ,
2560 3419 2670 3473 quo
2696 3404 2849 3463 labor
2878 3415 3002 3465 tuus
3024 3410 3079 3465 in
3108 3427 3193 3467 me
3220 3413 3523 3483 fructiﬁcet,

1926 3490 2207 3561 accipiam,
2239 3494 2536 3551 secundum
2567 3496 2682 3553 huic
2709 3501 2945 3569 capitula
2976 3502 3410 3575 Scripturarum;
3452 3510 3523 3566 de

1922 3582 2118 3653 quibus
2134 3590 2207 3651 te,
2233 3585 2327 3655 qui
2353 3588 2423 3656 (ε)
2457 3588 2607 3646 vides
2635 3593 2789 3660 quasi
2822 3607 2919 3662 per
2946 3596 3136 3665 Deum,
3168 3600 3521 3672 interrogavi,

1924 3679 1986 3729 ut
2008 3673 2224 3730 audiam
2254 3677 2385 3745 quid
2415 3679 2470 3735 in
2501 3686 2554 3735 te
2582 3682 2668 3737 vel
2697 3698 2765 3739 ex
2794 3692 2849 3739 te
2877 3687 3009 3742 mihi
3032 3688 3286 3759 loquatur
3307 3692 3447 3750 Deus
3472 3703 3519 3751 °.

1997 3766 2085 3823 l5.
2127 3767 2247 3827 Hoc
2267 3782 2448 3834 autem
2479 3788 2612 3846 rogo
2634 3776 2813 3834 lucere
2838 3781 2965 3835 mihi
2988 3781 3171 3850 facias,
3206 3786 3368 3859 295.
3385 3802 3525 3858 quo-

1921 3860 2088 3919 modo
2117 3863 2199 3919 vel
2230 3880 2338 3935 qua
2365 3868 2578 3926 ratione
2606 3868 2866 3929 Dominus
2905 3885 3032 3946 post
3070 3880 3520 3938 resurrectionem

1920 3957 2008 4012 vel
2046 3958 2395 4027 mulieribus,
2439 3976 2559 4032 qua:
2584 3967 2775 4035 prima
2802 3968 2870 4022 ad
2898 3972 3205 4041 sepulcrum
3233 3985 3517 4046 venerunt,

1922 4052 2008 4108 vel
2035 4061 2223 4124 postea
2245 4054 2358 4112 illis
2387 4056 2599 4115 duobus
2626 4060 2680 4115 in
2708 4062 2823 4128 via,
2855 4061 3051 4121 deinde
3086 4066 3362 4139 discipulis
3380 4072 3515 4140 suis,

1921 4152 1978 4202 et
2008 4161 2116 4202 non
2145 4148 2362 4219 agnitus
2388 4150 2504 4221 sit,
2544 4160 2603 4207 et
2628 4156 2859 4226 agnitus.
2903 4156 2961 4233 ln
2992 4159 3185 4216 eodem
3216 4162 3519 4220 enim'aor-

1920 4254 2057 4309 pore
2105 4243 2405 4298 resurrexit
2446 4243 2503 4299 in
2542 4260 2651 4316 quo
2690 4254 2746 4304 et
2774 4252 2965 4320 passus
2993 4262 3095 4308 est.
3144 4254 3211 4310 Et
3240 4258 3517 4327 quomodo

1920 4346 2031 4387 non
2060 4331 2251 4388 eadem
2280 4344 2401 4390 erat
2425 4335 2668 4407 ejusdem
2690 4343 2939 4412 corporis
2965 4342 3134 4399 forma
3162 4360 3283 4417 quae
3305 4346 3520 4406 fuerat?

1920 4432 2013 4479 aut
2057 4425 2104 4480 si
2151 4426 2343 4482 eadem
2383 4437 2529 4497 erat,
2586 4433 2862 4500 quomodo
2891 4450 2996 4491 non
3027 4440 3421 4507 agnoscebatur
3447 4442 3517 4498 ab

1918 4516 2003 4576 his
2050 4520 2144 4589 qui
2189 4535 2309 4578 eam
2361 4526 2667 4579 noverant?
2714 4525 2843 4582 Illud
2883 4543 3014 4585 vero
3043 4535 3367 4589 sacramenti
3395 4551 3518 4592 esse

225 4610 301 4663 tia
348 4622 533 4681 magna
581 4610 713 4667 mihi
752 4612 964 4668 videtur
1013 4629 1136 4670 esse
1181 4615 1436 4673 discretio
1476 4614 1574 4688 (γ.
1605 4630 1691 4686 ep.
1724 4614 1815 4685 49,
1847 4636 1897 4699 D
1921 4611 2085 4667 credo
2112 4614 2257 4681 quod
2287 4615 2379 4683 qui
2409 4616 2463 4669 in
2492 4619 2575 4671 via
2604 4618 3003 4676 ambulantibus
3026 4638 3134 4677 non
3160 4624 3331 4680 fuerat
3361 4629 3515 4696 agni-

226 4698 393 4771 n..6).
439 4700 689 4757 Arbitror
738 4703 883 4758 enim
929 4719 1054 4760 eum
1097 4704 1165 4761 de
1205 4706 1530 4763 abstinentia
1575 4707 1819 4779 qualibet

224 4791 346 4847 ficta
368 4791 453 4849 vel
497 4793 693 4864 inutili,
735 4794 909 4866 qualis
954 4795 1094 4852 solet
1140 4799 1210 4853 ab
1254 4797 1524 4854 haereticis
1551 4796 1812 4868 mactari,

224 4885 327 4939 hoc
355 4883 533 4942 dicere
557 4903 572 4940 :
603 4886 686 4941 Ad
724 4904 829 4944 non
853 4888 1171 4960 parcendum
1198 4891 1422 4961 corpori.
1447 4889 1605 4959 Quod
1630 4900 1815 4948 autem

224 4974 419 5045 adjecit
460 4994 487 5049 εἰ
520 4975 645 5032 Non
692 4979 747 5034 in
776 4977 969 5036 honore
1014 4980 1219 5054 aliqua;
1270 4982 1393 5052 quia
1423 4983 1595 5040 sancti
1634 4984 1816 5055 operis

223 5066 477 5139 speciem,
532 5086 641 5128 non
686 5070 741 5128 in
788 5070 894 5129 (ide
939 5075 1183 5132 veritatis
1229 5085 1567 5144 exercentes,
1616 5078 1815 5135 nullius

224 5161 407 5233 gloriae
433 5161 645 5236 honore
686 5165 773 5221 vel
814 5165 994 5223 fructu
1020 5175 1187 5247 agunt
1213 5170 1281 5236 ”,
1330 5169 1476 5241 quod
1522 5171 1579 5227 in
1620 5186 1816 5243 magna

225 5254 423 5310 erroris
453 5256 697 5327 perversi»
716 5258 1140 5329 reprehensione
1166 5259 1482 5332 coniiciunt,
1527 5262 1815 5334 transﬁgu-

1920 4713 2027 4768 tus,
2050 4706 2105 4760 in
2130 4703 2394 4763 fractione
2416 4709 2571 4778 panis
2593 4711 2863 4767 revelatus
2888 4722 2971 4769 est
2991 4724 3039 4769 P.
3069 4714 3303 4788 ldipsum
3333 4725 3517 4777 tamen

1919 4807 2015 4855 tuo
2042 4814 2204 4856 sensu
2236 4800 2360 4858 volo
2389 4808 2595 4869 tenere,
2629 4820 2735 4859 non
2764 4822 2908 4861 meo.

1996 4892 2085 4948 16.
2126 4892 2193 4948 Ει
2221 4894 2367 4963 (μὶοὰ
2395 4896 2460 4951 ad
2489 4896 2711 4953 Mariam
2742 4901 2817 4955 ait
2844 4919 2855 4954 :
2892 4900 3020 4957 Noli
3043 4905 3373 4979 m’e‘tangere,
3395 4924 3522 4963 non-

1919 4986 2042 5041 dum
2067 4988 2204 5043 enim
2224 4990 2435 5045 escendi
2462 4990 2534 5044 ad
2553 4990 2785 5047 Patrem.
2842 4994 2896 5051 Si
2928 4999 3172 5053 cominus
3198 5008 3375 5056 stante
3410 5018 3520 5058 non

1921 5082 2202 5137 sinebatur
2243 5084 2550 5153 attingere,
2611 5087 2887 5155 quomodo
2936 5106 3058 5144 eum
3105 5098 3348 5161 tangeret
3396 5109 3520 5149 cum

1920 5175 2258 5231 ascendisset
2304 5176 2369 5231 ad
2421 5174 2661 5240 Patrem,
2708 5180 2809 5235 nisi
2848 5178 2986 5238 forte
3014 5181 3135 5238 ﬁdei
3169 5184 3432 5254 profectu,
3468 5193 3523 5241 et

1918 5266 2117 5321 mentis
2145 5282 2395 5334 ascensu,
2427 5286 2534 5339 qua
2565 5270 2705 5327 Deus
2733 5272 2938 5329 homini
2966 5272 3028 5329 lit
3052 5275 3397 5347 longinquus,
3428 5287 3523 5334 aut

296 5384 321 5411 ³
346 5373 537 5453 l"_l‘im._
562 5389 637 5453 ιχ,
662 5372 716 5430 1.
795 5372 825 5414 Β
850 5372 1162 5453 Matthxi],
1194 5376 1283 5453 μ.
1362 5388 1384 5418 ε
1414 5373 1705 5453 Jerem.n_,
1739 5378 1826 5453 15.

1927 5379 2168 5453 [(101.2],
2194 5380 2283 5437 2L
2349 5394 2373 5423 ο
2406 5383 2450 5439 11
2481 5383 2622 5440 Tim.
2648 5402 2725 5449 nt,
2757 5384 2808 5441 5'.
2876 5384 2895 5426 ί
2927 5387 3045 5445 Col.
3074 5406 3130 5453 ιι,
3158 5386 3245 5446 2i.
3308 5401 3330 5437 ε
3363 5391 3521 5448 Rern.

226 5443 452 5516 κινηῒὸ.
528 5446 555 5484 ιι
580 5444 737 5501 Rom.
767 5462 882 5511 van,
915 5446 966 5501 7.
1050 5446 1064 5486 ἱ
1099 5445 1239 5503 Psal.
1273 5466 1418 5516 xcnt,
1453 5450 1537 5506 Η.

1619 5452 1633 5502 i
1671 5451 1788 5506 Coi.
1822 5467 1826 5506 1

1927 5450 2001 5527 E5.
2080 5450 2107 5491 ¹ι
2136 5453 2181 5509 11
2228 5454 2356 5510 Cor.
2390 5473 2462 5523 χι,
2499 5456 2585 5511 15,
2670 5457 2681 5496 ¹
2719 5457 2738 5512 1
2769 5458 2894 5515 Cor.
2946 5475 3021 5527 tx,
3069 5449 3157 5515 27.
3235 5472 3273 5499 ιη
3303 5461 3323 5517 1
3355 5463 3520 5519 Thes.

225 5532 296 5584 tv,
329 5513 380 5573 ι.
455 5525 485 5555 ι
514 5516 673 5574 Rom.
708 5534 801 5584 xu,
837 5518 887 5573 i.
964 5527 995 5555 ο
1024 5518 1167 5577 Psal.
1197 5513 1414 5588 Lxxxtv,
1443 5523 1498 5579 9.
1529 5534 1552 5572 ιι
1571 5521 1703 5580 Luc.
1737 5513 1884 5591 ιιινξ
1921 5524 2010 5580 50.

296 5635 669 5724 βλωθμυο
692 5634 806 5707 Big.
829 5646 885 5693 et
911 5634 1033 5692 edd.
1065 5636 1265 5693 Bened.
1310 5644 1366 5692 et
1393 5637 1581 5705 Grav.,
1632 5639 1685 5693 in
1713 5653 1802 5693 se-

228 5716 655 5864 qu??fict:mntfss.
678 5778 895 5834 codices
920 5793 1042 5834 cum
1065 5777 1196 5835 edit.
1215 5777 1415 5845 Bened.
1432 5779 1599 5838 Ated.
1625 5779 1816 5848 Rosv.,

233 5858 517 5906 saturitate.
616 5858 619 5859 ⁷
905 5906 909 5910 ,

303 5922 375 5986 (ε)
412 5921 539 5979 Mss.
572 5919 669 6001 15.,
692 5921 1060 5981 eahiemarem.
1096 5919 1230 5981 Vide
1252 5929 1368 5979 not.
1396 5918 1523 5980 213.

1997 5637 2212 5713 (ἀλείς
2239 5658 2369 5697 mss.
2398 5641 2444 5695 ιι-
2466 5642 2705 5699 Vaticani
2730 5686 2745 5711 ,
2777 5644 3091 5713 Bigotianus
3116 5660 3275 5708 unus,
3307 5657 3363 5703 et
3388 5648 3519 5703 edit.

1926 5706 2130 5768 Bched.
2182 5710 2333 5768 Alter
2377 5729 2479 5769 ms.
2511 5713 2630 5784 Big.
2650 5752 2667 5779 ,
2700 5706 3028 5775 reseruatam.
3054 5715 3155 5772 Ed.
3179 5706 3369 5787 Rosv.,
3397 5720 3519 5775 retis

1925 5788 2082 5926 una).
2112 5854 2203 5915 Sic
2229 5854 2635 5929 emendavimus
2669 5872 2735 5929 ex
2766 5870 2898 5929 mss.
2930 5854 3210 5915 codicibus
3240 5858 3515 5919 Vaticanis

1926 5930 2159 5994 quatuor
2186 5934 2242 5985 et
2265 5926 2396 5984 edit.
2428 5925 2630 5984 Bened.
2664 5925 2805 5985 Ante
2832 5935 2968 5997 erat,
2997 5929 3308 5988 credendum
3336 5935 3434 5988 est.
