4134 6470
631 400 738 457 M5
941 418 947 423 ·
1747 396 1809 457 Β.
1851 385 2124 452 ιιΔυυκι
2161 385 2263 448 Νσι

2279 390 2411 447 .ANI
2450 380 2758 446 EPISCOPI
3793 378 3911 436 ιιι

631 512 944 582 proximus:
973 518 1030 568 et
1055 511 1146 568 illa
1173 511 1251 586 (tt)
1278 509 1599 569 dubitaverit
1622 509 1691 566 de
1713 507 1950 575 Christo,
1975 522 2140 580 quem
2157 502 2205 539 "
2231 514 2282 571 Α
2306 514 2404 575 per
2425 500 2605 558 annis
2630 509 2860 555 mortem
2880 494 3192 586 demimus
3215 495 3270 553 in
3294 498 3638 586 atteruitaten
3684 494 3818 561 Dei,
3850 500 3921 550 ut

634 601 976 657 hortulanum
1001 607 1309 673 putaverat.
1337 600 1465 658 Ideo
1490 597 1731 657 fortassis
1757 597 1943 654 audire
1965 585 2159 653 meruit
2184 609 2203 652 :
2304 601 2449 650 esset
2475 591 2531 647 in
2547 589 2726 664 gloria
2751 587 2847 645 Dei
2874 585 3081 654 Patris,
3104 586 3320 657 delegat
3340 587 3549 645 homini
3571 585 3697 659 jura
3728 585 3924 658 pieta-

635 689 764 745 Noli
792 706 872 745 me
894 698 1108 763 tangere
1136 699 1186 748 ιι.
1214 688 1436 762 Indigna
1461 690 1604 745 enim
1639 687 1980 759 indicabatur
2002 694 2062 741 ut
2088 693 2209 740 tan-
2304 686 2376 743 tis
2394 685 2673 752 humanas;
2702 690 2759 739 et
2785 680 2859 754 (e)
2878 696 2947 738 es
2969 680 3247 752 discipulis
3269 679 3384 738 suis
3411 680 3925 739 adolescentium

633 788 788 849 geret
807 792 972 836 manu
998 779 1303 845 Christum,
1337 792 1497 850 quem
1520 777 1748 835 necdum
1777 776 1882 833 fide
1904 774 2210 848 apprehen-
2307 776 2485 844 eligit,
2514 782 2580 835 ut
2602 773 2987 832 convenienter
3013 771 3249 842 assignet
3285 771 3481 841 virgini
3507 765 3767 843 apostolo
3797 763 3927 825 vir-

635 872 820 939 derat,
850 886 951 928 nec
978 871 1321 928 intellexerat
1346 870 1543 936 Deum,
1579 883 1703 925 cum
1738 866 2082 923 hortulanum
2107 879 2213 935 pu-
2310 866 2490 939 ginem
2530 873 2761 921 matrem
2786 881 2802 918 :
2833 863 2941 920 duo
2965 862 3171 935 pariter
3199 862 3258 919 in
3283 860 3477 920 eadem
3502 856 3781 919 sententia
3810 854 3931 917 do-

638 969 836 1028 tasset,
865 963 935 1020 de
960 980 1069 1035 quo
1094 963 1255 1034 paulo
1282 972 1408 1019 ante
1440 962 1507 1016 ab
1531 960 1735 1031 angelis
1761 957 2003 1014 audierat
2033 972 2049 1009 :
2074 953 2216 1022 Quid
2314 970 2480 1032 cens,
2512 947 2740 1011 lbrmam
2767 952 2985 1024 pietatis
3011 951 3322 1023 relinquens
3354 953 3515 1009 nobis
3535 990 3553 1018 ,
3596 968 3729 1008 cum
3750 958 3849 1008 est
3875 951 3935 986 "

638 1055 878 1127 queritis
903 1056 1172 1110 viventem
1213 1070 1333 1111 cum
1375 1052 1638 1109 mortuis?
1664 1049 1793 1106 Noli
1820 1064 1950 1120 ergo
1988 1064 2071 1104 me
2094 1056 2215 1103 ω»-
2315 1044 2387 1102 de
2429 1052 2605 1102 matre
2643 1043 2948 1109 sollicitus,
2985 1051 3048 1098 ut
3080 1057 3245 1112 quam
3281 1041 3630 1113 relinquebat
3654 1054 3934 1113 corpore,

645 1161 784 1217 gere,
812 1146 932 1218 quia
959 1144 1055 1200 tibi
1083 1144 1311 1199 nondum
1331 1142 1541 1198 escendi
1567 1139 1899 1206 adPstrem,
1929 1139 2018 1196 cui
2043 1137 2221 1194 adhuc
2318 1151 2428 1192 non
2469 1134 2804 1204 relinqueret
2847 1148 3016 1189 cura:
3044 1131 3141 1188 sed
3183 1147 3289 1191 nec
3327 1147 3561 1204 corpore
3599 1132 3935 1197 relicturus,

648 1241 855 1289 tantum
899 1234 1063 1289 homo
1106 1233 1333 1289 videor:
1382 1240 1571 1304 postea
1610 1245 1700 1289 me
1725 1237 1943 1298 tanges,
1985 1243 2109 1285 cum
2151 1224 2222 1283 ad
2317 1225 2445 1296 quia
2463 1239 2626 1297 quem
2670 1222 2889 1279 videbat
2931 1224 3277 1292 morientem,
3307 1238 3435 1279 mos
3463 1231 3585 1279 erat
3610 1224 3803 1279 visura
3831 1235 3938 1277 re-

648 1321 1046 1393 agnoscendum
1073 1338 1161 1378 me
1187 1321 1455 1379 credendo
1481 1319 1881 1378 conscenderis.
2320 1316 2579 1374 divivum.
2636 1314 2707 1370 Et
2732 1312 2864 1371 illud
2884 1352 2902 1380 ,
2948 1313 3095 1384 quod
3122 1313 3191 1370 ad
3220 1313 3381 1370 fidem
3408 1313 3651 1371 omnium
3682 1313 3942 1387 pertine-

723 1411 817 1469 l‘l.
857 1412 937 1469 De
966 1413 1070 1469 illis
1095 1414 1260 1469 etiam
1280 1411 1576 1469 beatissimi
1598 1409 1880 1484 Symeonis
1904 1409 2082 1467 verbis
2098 1407 2228 1481 quid
2321 1412 2427 1473 ret,
2454 1403 2788 1462 salutiferum
2814 1403 3034 1475 pietatis
3049 1416 3162 1460 sua
3187 1404 3235 1439 ³⁸
3262 1412 3686 1470 sacramentum,
3712 1417 3944 1461 arcana

586 1564 595 1570 ,
651 1505 872 1573 sentias,
904 1503 1147 1561 edissere
1168 1504 1320 1571 mild,
1351 1512 1411 1561 ut
1436 1518 1635 1575 sequar
1655 1517 1875 1559 sensum
1899 1508 2089 1558 tuum:
2115 1500 2235 1572 qui-
2326 1497 2496 1555 divini
2540 1497 2752 1553 ratione
2793 1495 3008 1553 consilii
3041 1495 3143 1552 sub
3170 1493 3274 1553 hac
3300 1511 3432 1552 voce
3461 1496 3541 1567 (ο
3566 1496 3943 1569 consignatas,

652 1597 794 1663 bus,
844 1609 969 1651 cum
1018 1593 1086 1650 ad
1138 1594 1423 1651 videndum
1462 1608 1533 1650 ex
1567 1593 1787 1649 oraculo
1813 1592 1912 1649 Dei
1934 1591 2226 1657 Christum,
2330 1598 2387 1647 ut
2414 1589 2507 1645 alii
2552 1596 2777 1644 matrem
2823 1585 3100 1656 delegaret
3144 1601 3247 1658 pro
3281 1594 3458 1643 matre
3483 1585 3841 1653 habendam,
3871 1593 3940 1643 et

653 1693 846 1755 agente
891 1683 1093 1754 Spiritu
1116 1722 1132 1751 ,
1182 1684 1417 1740 venisset
1453 1684 1507 1738 in
1554 1682 1842 1753 templum,
1869 1690 1927 1737 et
1952 1689 2230 1752 acceptum
2328 1680 2448 1736 vice
2485 1693 2583 1736 sua
2626 1676 3043 1744 consolandam;
3105 1684 3272 1748 atque
3315 1675 3393 1734 illi
3436 1676 3675 1735 vicissim
3719 1691 3949 1734 novu-

653 1776 774 1833 sinu
793 1774 1154 1834 benedisisset
1181 1774 1437 1830 infantem
1459 1773 1762 1841 Dominum,
1792 1773 1869 1828 ait
1886 1772 1952 1827 ad
1972 1771 2228 1827 Mariam:
2332 1767 2499 1825 filium
2536 1767 2654 1824 vice
2680 1767 2926 1838 corporis
2948 1765 3032 1823 sui
3055 1766 3324 1835 traderet,
3354 1766 3563 1832 immo,-
3579 1767 3749 1824 ut‘ita
3774 1766 3963 1825 δίκα

657 1863 793 1921 Ecce
829 1865 919 1920 ‘hic
962 1866 1156 1938 positus
1181 1873 1258 1919 est
1281 1865 1337 1919 in
1375 1863 1584 1919 ruinam
1620 1871 1671 1917 et
1718 1864 2139 1918 resurrectionem
2180 1860 2228 1893 "
2266 1880 2304 1934 υ
2333 1860 2435 1916 ritu
2461 1901 2479 1928 ,
2524 1859 2809 1929 gigneret:
2856 1872 2968 1928 quo
2992 1857 3307 1914 ostenderet
3332 1873 3453 1914 eam
3480 1865 3683 1930 praeter
3708 1871 3807 1926 se,
3840 1858 3974 1928 qui‘

657 1957 933 2011 multorum
965 1957 1021 2009 in
1061 1954 1267 2023 Israel,
1297 1963 1347 2011 et
1392 1958 1447 2010 in
1483 1956 1688 2027 signum
1715 1956 1798 2009 cui
1816 1954 2235 2010 contradieetur:
2334 1966 2402 2008 ex
2443 1965 2508 2006 eu
2552 1950 2777 2019 virgine
2799 1956 2960 2004 natus
2986 1956 3160 2016 esset,
3189 1962 3291 2004 nec
3318 1947 3577 2005 habuisse
3601 1945 3797 2017 lilium,
3835 1963 3953 2004 net:

657 2056 710 2103 et
730 2056 867 2103 utam
894 2047 1055 2118 ipsius
1082 2046 1312 2101 animam
1331 2046 1664 2115 pertransibit
1689 2045 1913 2118 gladius,
1934 2055 1990 2100 ut
2009 2045 2237 2100 reuelen-
2334 2038 2722 2109 haberesquia
2747 2052 2848 2094 nec
2873 2036 3438 2108 Salvator'tantopere
3465 2051 3653 2093 curam
3674 2037 3758 2111 (9)
3780 2035 3951 2093 deso-

661 2145 746 2191 tur
789 2136 1066 2191 multorum
1113 2136 1344 2191 sordium
1397 2136 1732 2208 cogitationes
1764 2134 1816 2190 δ.
1866 2134 2133 2206 Numquid
2170 2134 2243 2192 de
2342 2131 2560 2188 lationis
2584 2130 2861 2187 habuisset
2885 2130 3023 2200 eius,
3049 2129 3096 2186 si
3119 2129 3195 2185 illi
3227 2130 3417 2186 unicus
3444 2145 3554 2186 non
3582 2129 3796 2187 fuisset.

661 2227 914 2299 passione
938 2227 1119 2284 Maria
1138 2270 1155 2298 ,
1185 2244 1303 2298 qua:
1336 2243 1601 2299 nusquam
1628 2228 1826 2299 scripta
1852 2234 1953 2295 est,
1982 2227 2093 2284 hoc
2114 2242 2239 2299 pro-
2413 2220 2499 2276 18.
2539 2219 2647 2276 Sed
2672 2221 2955 2277 redeamus
2980 2220 3051 2277 ad
3076 2220 3241 2278 verba
3269 2219 3585 2292 Symeonis,
3613 2221 3673 2277 in
3699 2236 3955 2293 quorm

663 2321 913 2392 phetasse
938 2320 1014 2393 (ὸ)
1043 2320 1345 2377 credendus
1380 2330 1465 2377 est
1506 2320 1589 2376 “'l
1627 2321 1712 2376 An
1733 2335 1867 2377 vero
1903 2318 1973 2375 de
1997 2327 2243 2375 materno
2339 2313 2580 2370 clausula
2608 2312 2941 2369 intellectum
2966 2328 3150 2369 meum
3180 2313 3412 2383 caligare
3439 2310 3636 2369 fateor.
3669 2310 3741 2367 Et
3770 2322 3955 2383 tuens,

663 2411 782 2481 ejus
806 2410 1001 2483 aﬁectu
1024 2452 1041 2479 ,
1071 2427 1179 2483 quo
1219 2419 1406 2481 postea
1450 2410 1506 2465 in
1533 2410 1778 2481 tctnpore
1796 2407 2080 2480 passionis
2105 2408 2241 2465 assi$
2341 2404 2548 2475 inquit,
2591 2404 2822 2460 «uinum
2867 2406 3199 2477 pertransibil
3224 2406 3425 2483 {remeo
3442 2444 3461 2473 ,
3488 2405 3576 2462 vel
3602 2405 3819 2479 gladius
3840 2445 3861 2473 ,
3891 2414 3956 2461 ut

665 2479 818 2556 stens
843 2479 1012 2566 cruci,
1037 2479 1143 2570 qua
1168 2479 1272 2556 hoc
1298 2509 1416 2556 erat
1444 2498 1607 2556 fixum
1635 2479 1780 2571 quod
1796 2479 1925 2570 ipsa
1939 2505 2244 2569 pepererat,
2341 2496 2627 2549 nectentur
2645 2493 2921 2550 multmnt
2940 2495 3173 2552 sordium
3191 2479 3593 2568 cogitatione“.
3625 2494 3959 2554 Secundum

664 2601 1031 2649 maternorum
1056 2589 1907 2649 viseerum-dolore'conﬁxaest:
1935 2599 1994 2646 et
2013 2589 2245 2645 animam
2344 2587 2578 2643 litteram
2625 2584 2733 2643 hoc
2778 2586 2912 2643 mihi
2958 2588 3176 2659 penitus
3219 2588 3508 2644 obscurum
3536 2596 3659 2655 est,
3680 2588 3813 2660 quia
3841 2604 3965 2647 nec

666 2684 809 2740 illius
852 2684 942 2740 illa
967 2724 984 2751 ,
1030 2698 1150 2754 qua:
1187 2682 1320 2753 ejus-
1341 2682 1633 2739 secundum
1657 2694 1877 2737 carnem
1905 2680 2100 2747 hlium,
2132 2680 2249 2750 ipsa
2344 2675 2568 2731 Mariam
2590 2675 2960 2732 beatissimam
2980 2691 3206 2747 nsquam
3235 2676 3855 2747 legimusmcisam,,ut
3881 2678 3984 2738 de-

666 2781 945 2844 spectante
967 2809 981 2836 .
1038 2772 1354 2829 confuderat
1376 2811 1394 2839 ,
1438 2771 1614 2828 crucis
1651 2769 1960 2843 rhomphaa
1998 2777 2249 2842 penetra-
2351 2769 2621 2841 corporali
2646 2768 3070 2839 gladiossanctus
3089 2770 3371 2843 idem
3393 2771 3446 2827 ei
3468 2769 3707 2828 futuram
3732 2771 3961 2845 passio-

667 2864 764 2921 hat
779 2865 850 2918 “.
897 2862 1067 2920 Video
1112 2863 1257 2920 enim
1301 2870 1359 2919 et
1406 2861 1462 2918 in
1491 2860 1719 2918 Psalmis
1745 2860 1816 2918 de
1838 2858 2141 2932 Joseph'ita
2168 2860 2251 2916 di-
2348 2877 2488 2919 nem-
2514 2859 2865 2934 prophetasse
2908 2860 3175 2919 videatur.
3221 2860 3331 2919 Sed
3377 2871 3434 2918 et
3476 2862 3628 2934 quod
3663 2862 3912 2933 subjecit
3938 2878 3959 2919 :

667 2962 818 3012 ctum
858 2969 980 3012 esse
1013 2956 1101 3010 "z
1146 2953 1571 3012 Humiliaverunt
1618 2954 1672 3010 in
1712 2952 2060 3025 compedibus
2084 2952 2253 3025 pedes
2352 2952 2423 3011 Ut
2458 2954 2746 3010 revelantur
2766 2952 3044 3009 stultorum
3069 2954 3305 3010 sordium
3329 2954 3677 3026 cogitationes
3706 2954 3753 3011 ⁸.
3783 2952 3962 3011 Scru-

671 3045 816 3117 ejus,
845 3044 1045 3102 ferrum
1066 3045 1377 3118 pertransiit
1396 3044 1628 3101 animam
1648 3045 1766 3117 ejus
1794 3057 1817 3081 τ
1847 3043 1988 3100 sicut
2009 3044 2062 3099 in
2084 3042 2257 3100 Evan-
2351 3054 2472 3103 tans
2495 3044 2660 3113 enim,
2691 3044 2885 3118 inquit,
2905 3039 3069 3102 corda
3087 3052 3146 3103 et
3168 3060 3328 3103 renes
3354 3044 3519 3101 Deus.
3563 3045 3632 3101 Et
3658 3043 3732 3102 de
3760 3042 3960 3103 futuro

671 3134 815 3204 gelio
839 3135 979 3191 dixit
1001 3137 1044 3167 "
1073 3134 1348 3208 Symeon:
1378 3133 1452 3189 Et
1490 3142 1633 3191 tuam
1662 3135 1828 3207 ipsius
1865 3136 2094 3189 animum
2131 3151 2252 3206 ρων-
2348 3135 2552 3208 judicio
2597 3135 2889 3208 Apostolus
2928 3135 3043 3191 ait:
3084 3134 3220 3204 Quia
3249 3142 3380 3192 tunc
3407 3135 3783 3193 manifestahit
3809 3136 3961 3193 Deus

674 3224 913 3280 transibit
933 3224 1139 3296 gladius
1157 3220 1208 3280 δ.
1232 3223 1350 3280 Non
1380 3223 1475 3292 ait,
1503 3239 1759 3291 carnem,
1787 3223 1883 3281 sed
1911 3225 2168 3293 animum,
2198 3221 2250 3278 in
2278 3243 2326 3310 α
2353 3236 2543 3299 operta
2587 3226 2831 3284 cordium
2854 3268 2871 3295 ,
2917 3231 2977 3281 et
3020 3224 3233 3283 occulta
3260 3226 3629 3282 tenebrarum.
3676 3222 3878 3282 Itidem
3908 3225 3975 3259 ’δ

673 3327 780 3383 qua
807 3312 1025 3385 pietatis
1043 3311 1256 3369 alfcctio
1284 3313 1442 3384 295
1469 3313 1792 3381 continetur,
1822 3320 1878 3369 et
1896 3311 2101 3368 doloris
2132 3326 2255 3368 aeu-
2354 3317 2645 3390 Apostolus
2677 3321 2693 3369 t
2722 3356 2739 3383 ,
2775 3316 3089 3387 spiritaliter
3134 3315 3447 3387 exprimens
3486 3330 3641 3372 arma
3681 3317 3975 3387 cariestia,

676 3404 793 3461 lens
820 3404 973 3476 quasi
1017 3404 1225 3476 gladius
1274 3413 1570 3476 operatur:
1598 3419 1723 3462 cum
1762 3412 1856 3460 aut
1881 3404 2057 3475 aliqua
2080 3401 2257 3460 carnis
2355 3407 2549 3480 quibus
2576 3406 2630 3463 in
2656 3406 2899 3463 interiori
2924 3414 3114 3463 nostro
3141 3405 3433 3463 debeamus
3462 3406 3697 3474 armari,
3715 3406 3964 3477 gladium

674 3511 790 3553 suae
816 3496 1010 3567 injuria
1052 3495 1304 3565 afﬁcitur,
1334 3504 1395 3552 ut
1422 3496 1496 3569 (c)
1524 3495 1723 3568 Ioseph
1740 3534 1760 3564 ,
1787 3495 1881 3569 qui
1906 3510 2016 3551 non
2044 3495 2256 3565 mortis,
2356 3501 2574 3574 spiritus
2609 3498 2741 3556 dicit
2782 3500 3006 3557 verbum
3051 3498 3184 3567 Dei,
3223 3500 3297 3557 de
3314 3515 3425 3571 quo
3449 3501 3516 3556 ad
3546 3499 3812 3557 Hebraeos
3836 3503 3920 3558 ait
3945 3519 3973 3558 :

676 3589 775 3646 sed
809 3587 1125 3659 injuriamm
1150 3587 1371 3660 pertulit
1400 3588 1680 3658 passiones
1702 3629 1720 3658 ,
1748 3588 1803 3644 in
1831 3602 2046 3645 servum
2064 3586 2256 3644 vendi-
2357 3589 2523 3647 Vivus
2545 3596 2627 3647 est
2649 3604 2827 3646 sermo
2851 3589 2969 3661 Dei,
2988 3598 3047 3647 et
3063 3588 3276 3657 efficax,
3305 3598 3363 3647 et
3388 3593 3789 3662 penetrabilior
3807 3595 3970 3652 omni

679 3687 785 3750 tus,
815 3688 874 3738 et
895 3681 950 3737 in
975 3696 1129 3738 reum
1154 3672 1455 3739 vinculatus
1491 3678 1588 3754 (V.
1626 3695 1795 3737 carm.
1826 3680 1916 3745 2t,
1942 3696 1997 3735 v.
2028 3678 2174 3750 752),
2205 3687 2262 3736 et
2356 3679 2538 3753 gladio
2565 3680 2788 3755 ancipiti
2813 3699 2830 3737 :
2859 3682 3204 3754 pertingens,
3229 3683 3407 3752 inquit
3429 3682 3451 3716 ³
3485 3726 3500 3752 ,
3524 3698 3699 3753 usque
3725 3685 3799 3740 ad
3824 3685 3969 3742 αἰτί-

679 3771 887 3829 carceri
912 3770 1072 3829 datus
1097 3781 1164 3828 σε
1205 3781 1298 3828 aut
1325 3786 1446 3829 cum
1472 3770 1771 3828 aﬂ‘ectionis
1798 3771 2019 3827 interna:
2046 3771 2260 3827 tristitia
2361 3773 2573 3832 sionem
2597 3774 2787 3830 animm
2811 3782 2868 3830 et
2891 3774 3139 3846 spiritus,
3168 3783 3227 3832 et
3246 3774 3453 3847 reliqua
3479 3791 3604 3848 qum
3632 3776 3800 3835 nosti.
3822 3777 3982 3846 Quid

685 3865 778 3923 vel
802 3864 993 3923 dolore
1019 3866 1309 3934 cruciatur,
1338 3874 1401 3921 ut
1425 3866 1481 3922 in
1509 3864 1674 3921 Maria
1706 3862 1729 3905 τ
1745 3882 1766 3933 ;
1803 3880 1963 3936 quam
1986 3863 2169 3937 utique
2195 3864 2261 3921 ad
2360 3877 2493 3935 ergo
2519 3862 2712 3921 mirum
2735 3906 2754 3933 ,
2802 3866 2849 3921 si
2896 3864 3051 3922 istius
3094 3862 3251 3923 verbi
3290 3865 3457 3937 ignita
3483 3864 3585 3934 vis,
3617 3871 3678 3922 et
3705 3868 3973 3939 ancipitis

684 3971 905 4014 crucem
947 3946 1204 4024 Domini,
1244 3956 1299 4013 in
1346 3972 1457 4027 quo
1496 3966 1625 4013 tunc
1659 3957 1744 4013 sui
1778 3965 1987 4012 tantum
2022 3957 2266 4029 corporis
2369 3958 2532 4028 gladii
2559 3958 2945 4032 penetrabilior
2963 3959 3108 4016 acies
3133 3957 3181 4026 ι,
3209 3967 3265 4016 et
3288 3958 3460 4016 sancti
3486 3955 3691 4027 Joseph
3712 3958 3885 4026 olim,
3912 3970 3973 4017 et

686 4048 855 4105 Mum
871 4049 1171 4118 cogitabat,
1189 4056 1431 4106 materna
1452 4064 1607 4105 mens
1622 4048 1885 4115 duxerat;
1913 4055 1971 4104 nt
1998 4062 2120 4105 cum
2139 4064 2264 4106 eum
2366 4059 2557 4124 postea
2600 4051 2772 4108 beata:
2820 4049 3004 4108 Maria
3038 4050 3271 4107 animam
3300 4049 3687 4122 permittit?
3713 4065 3844 4105 nam
3868 4066 3974 4108 ne-
4031 4107 4044 4118 ,

685 4139 912 4196 vidisset
935 4147 1231 4205 mortuum,
1261 4140 1493 4196 humana
1521 4137 1833 4196 inﬁrmitate
1853 4139 2079 4207 lugeret,
2112 4152 2269 4210 sepe-
2367 4157 2473 4214 que
2494 4141 2549 4197 in
2571 4141 2733 4210 illius,
2759 4156 2936 4212 neque
2948 4141 3001 4197 in
3026 4141 3185 4213 hujus
3210 4156 3444 4213 corpore
3468 4142 3674 4197 teri-um
3701 4140 3974 4197 transisse

689 4232 1037 4302 lieudumque
1081 4231 1398 4303 colligeret,
1446 4231 1587 4287 nihil
1600 4230 1702 4288 sibi
1729 4230 1799 4286 de
1825 4230 1993 4301 ipsius
2022 4244 2269 4286 resurre-
2368 4234 2735 4305 cognovimus.
2770 4232 2946 4304 Atque
2991 4240 3054 4288 ut
3097 4233 3270 4301 magis
3312 4239 3499 4305 pateat
3524 4232 3601 4289 ibi
3636 4233 3974 4305 prophetam

688 4322 872 4380 ctione
893 4322 1346 4395 pmsumens,(d)
1373 4321 1501 4393 quia
1519 4320 1888 4378 subsecuuu-as
1905 4318 2278 4375 admirationis
2371 4323 2571 4382 ferrum
2597 4339 2699 4396 pro
2728 4324 2878 4381 verbi
2924 4322 3103 4393 gladio
3132 4324 3178 4357 ³²
3207 4324 3454 4395 posuisse
3474 4364 3490 4389 ,
3539 4324 3728 4379 statim
3777 4322 3977 4381 subse-

691 4412 849 4472 tidem
896 4414 954 4471 in
999 4414 1170 4472 oculis
1215 4413 1391 4485 posita
1418 4413 1684 4486 passionis
1717 4427 1877 4483 pinna
1908 4411 2145 4469 czecahat
2174 4409 2271 4483 (V.
2371 4424 2572 4487 queute
2597 4413 2862 4471 versiculo
2889 4415 3003 4471 ait:
3048 4414 3241 4472 Sermo
3266 4415 3481 4471 Domini
3520 4415 3714 4484 ignivit
3738 4415 3895 4473 illum
3926 4414 3976 4476 ι.

691 4515 811 4566 not.
848 4506 1000 4579 ευ).
1060 4506 1321 4574 Quamvis
1351 4493 1611 4564 eamdem
1655 4515 1920 4563 astantem
1968 4505 2113 4562 eruci
2160 4519 2274 4560 suae
2373 4510 2567 4567 Sermo
2593 4508 2738 4566 enim
2766 4508 2861 4564 Dei
2889 4514 2946 4564 et
2971 4508 3153 4580 ignis,
3181 4516 3240 4565 et
3257 4508 3466 4579 gladius
3484 4514 3571 4565 est
3592 4548 3609 4575 ,
3639 4507 3829 4565 Verbo
3853 4509 3979 4581 ipso

693 4598 953 4657 Dominus
990 4616 1098 4656 non
1132 4600 1413 4656 morientis
1441 4598 1751 4657 infirmitate
1774 4598 2051 4671 trepidans
2071 4613 2270 4655 conso-
2300 4628 2351 4689 η
2376 4600 2487 4657 Deo
2507 4608 2797 4670 utrimque
2820 4598 3036 4655 dicente
3060 4599 3131 4655 de
3157 4614 3217 4655 se
3241 4615 3259 4654 :
3304 4597 3488 4668 Ignem
3525 4599 3673 4655 enim
3690 4642 3715 4667 ,
3759 4599 3976 4673 inquit,

694 4691 836 4747 latus
862 4692 955 4758 sit,
982 4691 1076 4747 sed
1104 4692 1297 4763 ipsam,
1328 4707 1434 4763 qua
1463 4691 1648 4749 obibat
1674 4691 1889 4757 volens,
1920 4690 1975 4746 in
2003 4698 2278 4763 potestate
2375 4692 2497 4749 veni
2522 4690 2737 4748 mittere
2774 4689 2831 4746 in
2858 4698 3056 4747 terram
3074 4733 3092 4760 ,
3120 4698 3178 4747 et
3205 4689 3335 4762 quid
3361 4691 3489 4748 volo
3522 4690 3628 4748 nisi
3650 4699 3716 4747 ut
3735 4692 3857 4762 jam
3883 4708 3980 4751 ac-

694 4781 900 4838 habens
945 4789 1173 4837 mortem
1193 4822 1209 4849 ,
1241 4782 1400 4852 plena
1427 4783 1627 4839 virtute
1655 4781 1910 4847 viventis,
1947 4788 2004 4838 et
2025 4790 2277 4837 constan-
2376 4783 2634 4841 cendatur
2644 4787 2709 4839 υιῖ
2734 4783 2865 4840 [tem
2888 4782 3015 4840 alibi
3033 4783 3192 4840 dicit:
3224 4782 3343 4840 Non
3361 4784 3489 4839 veni
3512 4798 3705 4855 pacem
3727 4786 3976 4853 mittere,

696 4872 771 4928 tia
798 4875 1154 4931 resurrecturi
1202 4874 1272 4932 dc
1313 4890 1473 4932 cruce
1499 4874 1779 4939 admonet,
1814 4873 1999 4930 dicens
2024 4873 2093 4929 de
2118 4874 2279 4930 beato
2376 4874 2472 4931 sed
2506 4873 2742 4945 gladium
2765 4883 2815 4931 ι’.
2841 4873 3006 4931 Vides
3050 4889 3173 4931 eum
3209 4890 3374 4931 unam
3410 4875 3518 4930 vim
3553 4875 3826 4933 doctrinas
3865 4893 3981 4935 sua:

696 4964 945 5033 apostolo
969 4963 1254 5021 Johanne:
1298 4964 1510 5036 Mulier,
1547 4981 1674 5022 ecce
1698 4965 1837 5021 filius
1862 4974 2014 5031 tuus;
2046 4966 2281 5035 itemque
2379 4968 2593 5023 diverso
2632 4967 2767 5038 ignis
2793 4975 2848 5022 et
2878 4966 3042 5037 gladii
3066 4967 3286 5023 nomine
3322 4966 3654 5036 designasse.
3697 4969 3983 5041 Autqum

698 5054 772 5110 illi
804 5055 1000 5110 ibidem
1027 5056 1344 5113 consisteuti
1369 5073 1386 5110 :
1416 5055 1559 5113 Ecce
1586 5064 1759 5112 mater
1778 5063 1868 5111 tua
1898 5065 1947 5110 8.
1993 5054 2110 5110 Jam
2140 5056 2286 5110 scilia
2382 5058 2547 5115 modo
2577 5057 2758 5114 Maria:
2789 5059 2933 5114 illata
2957 5073 3057 5129 per
3084 5058 3319 5128 gladium
3360 5059 3546 5129 passio
3576 5060 3981 5121 veltribulatio

694 5154 787 5201 cet.
809 5145 875 5200 ab
904 5138 1136 5202 humana
1173 5146 1479 5217 fragilitate,
1508 5163 1613 5217 qua
1637 5154 1755 5202 erat
1778 5155 1936 5201 natus
1970 5160 2039 5200 ex
2064 5136 2279 5209 femina,
2379 5157 2648 5219 perstaret
2670 5151 2761 5205 "ﬁt
2789 5150 2975 5220 itaque
2998 5151 3101 5205 hoc
3126 5149 3266 5206 scire
3293 5150 3455 5223 cupio
3479 5150 3612 5222 quid
3649 5153 3724 5209 ad
3750 5145 3981 5211 Μαι-ἰξυῖ

779 5268 802 5295 ι
833 5253 1029 5337 Joh-an.
1084 5274 1175 5325 sx,
1231 5257 1423 5337 ΓΙ..)³
1453 5257 1585 5337 Luc:
1622 5275 1692 5337 Διι,
1743 5257 1832 5323 54,
1882 5256 2026 5337 δὸτι-
2052 5268 2075 5297 ε
2283 5275 2387 5326 Civ,

2342 5278 2387 5326 ι’,
2414 5262 2500 5337 lg.
2573 5260 2850 5337 d_L_uc._u,
2882 5263 3005 5337 35._
3050 5277 3076 5303 υ
3105 5260 3252 5337 Gen1
3284 5281 3489 5331 xxxvii,
3526 5266 3618 5330 28,
3669 5276 3731 5325 et
3786 5287 3974 5337 xsxu,

700 5325 789 5412 Ῥρ.
841 5327 892 5412 _
922 5326 1120 5412 doban.
1148 5345 1283 5412 λιι,
1468 5340 1526 5412 ‘s
1554 5328 1761 5412 Johan.‘
1795 5344 1907 5412 ius,
1932 5328 2046 5412 '26.
2123 5332 2148 5366 ’³
2181 5329 2309 5412 Luc.
2346 5347 2401 5395 ιι,
2562 5402 2575 5412 ι
2605 5332 2620 5372 ί
2825 5325 2918 5402 vn,
2952 5334 3037 5390 10.
3113 5335 3128 5385 i
3165 5332 3344 5392 l'Cor.
3376 5352 3448 5402 Iv,
3476 5325 3532 5392 Β.
3604 5325 3640 5377 ἰε
3670 5325 3879 5412 Ephes.
3903 5325 3976 5409 vi,

702 5397 805 5465 i7;
840 5398 976 5454 lich.
1024 5414 1097 5465 tv,
1142 5398 1228 5452 l2.
1309 5396 1327 5438 1
1364 5397 1507 5455 Psal.
1558 5416 1663 5466 etv,
1697 5400 1785 5456 l8.
1860 5410 1897 5437 π’
1932 5398 2059 5455 Luc.
2086 5415 2177 5464 xu,
2212 5399 2301 5456 49.
2374 5412 2401 5438 ι’
2431 5402 2616 5459 Matth.
2650 5421 2700 5468 x,
2740 5404 2842 5459 ⁸54-

775 5494 854 5574 (σε)
892 5490 1019 5548 Mss.
1050 5492 1179 5574 duo,
1225 5492 1323 5574 qui
1349 5492 1489 5548 vides
1510 5493 1659 5565 quasi
1680 5491 1865 5547 Deum.
1896 5491 1952 5546 lu
1982 5491 2138 5546 editis
2165 5491 2286 5562 qni-
2463 5493 2563 5574 (ἀλ
2578 5493 2923 5574 μεθηυεετὶρὶί
2969 5510 3087 5565 sex,
3134 5511 3308 5568 quarm
3357 5497 3462 5554 Alii
3507 5509 3658 5566 octo,
3687 5520 3817 5574 qua.
3849 5504 3978 5560 Vide

704 5564 948 5631 lunulam,
974 5563 1247 5617 secundant
1283 5563 1465 5618 Deum.
1526 5563 1531 5565 ⁷
2274 5630 2279 5631 ί
2391 5574 2505 5618 not.
2534 5565 2657 5620 2H.

779 5634 855 5705 (ὁ)
880 5630 971 5689 “ita
1001 5649 1129 5709 mss.
1160 5633 1656 5709 codiccs_quinque,
1687 5635 1996 5709 interquos
2017 5630 2284 5709 Bigotiani
2456 5636 2531 5709 με)
2562 5634 2685 5709 Mss.
2710 5635 2921 5709 codices
2943 5635 3199 5709 quinque,
3227 5653 3292 5692 ea:
3311 5638 3576 5709 discipulis
3598 5642 3977 5700 adolescentior

705 5701 811 5779 duo
839 5701 959 5759 cum
981 5703 1137 5760 editis
1165 5703 1334 5757 tribus
1364 5701 1758 5772 Augustinianis
1776 5747 1795 5775 ,
1822 5701 2039 5759 Ainerb.
2071 5702 2198 5756 liud.
2230 5709 2287 5756 et
2387 5701 3172 5779 suisadnantes-(igrenifuéu.

709 5776 963 5851 Ernst";-
1120 5845 1133 5851 Δ
1413 5844 1426 5851 _
1500 5843 1515 5851 _
1636 5846 1648 5851 _
1918 5845 1934 5851 _
2057 5849 2065 5851 Α
2461 5777 2530 5851 (Ῑ)
2569 5776 2643 5851 Ita
2684 5791 2814 5851 mss.
2845 5777 2952 5829 duo
2982 5774 3104 5844 Big.“
3124 5777 3267 5851 Ante
3284 5786 3408 5851 erat
3435 5780 3745 5851 designans.

779 5846 851 5928 (ς)
876 5843 1605 5928 .lispuusi'mus“particulam
1631 5846 1706 5928 in,
1738 5859 1857 5928 qua
1885 5845 2071 5900 aberat
2095 5857 2126 5898 a
2153 5858 2278 5900 mss.
2461 5843 2538 5914 (ξι)
2576 5846 2895 5928 Sic_al_i_quot
2923 5843 3068 5928 ‘itlb‘tli.
3105 5856 3173 5928 ,ει
3211 5849 3342 5905 editi
3367 5843 3605 5907 codices.
3640 5851 3744 5909 Ed.
3777 5854 3951 5912 Bened

719 5913 989 5974 codicibus
1014 5924 1070 5971 et
1096 5916 1166 5971 ab
1193 5913 1347 5972 editis
1368 5914 1527 5971 Grav.
1559 5925 1613 5970 et
1642 5913 1840 5970 Bened.
2391 5913 2511 5971 cum
2542 5929 2640 5971 ms.
2671 5915 2695 5969 l
2731 5916 2869 5983 liig.,
2901 5917 3167 5971 άεδοίαιὲο.
