4134 6418
624 268 731 327 189
1504 273 1560 330 S.
1605 272 1877 331 PAULINI
1912 273 2157 330 ΝΟΙΔΜ
2198 272 2500 355 EPISCUPI
2540 278 2885 339 POEMATA.
3780 297 3899 355 410

751 385 898 444 Ordo
926 385 1060 444 nitet
1084 389 1283 446 sensim
1311 398 1561 448 tenuatus
1585 392 1652 460 ad
1676 394 1780 448 ima
1812 393 2037 458 lahellm,

756 476 826 534 Ut
848 480 1026 537 minus
1046 480 1281 538 offendat
1304 484 1537 553 macies;
1568 487 1783 556 pnelata
1813 485 2010 554 sagina:

748 567 934 627 Gratia
962 583 1263 645 pncventos
1291 576 1642 647 piuguijuvat
1668 576 1796 632 alite
1816 579 1978 632 visus.

1175 664 1409 719 POEMA
1450 666 1492 720 ll
1524 669 1566 721 ⁶.

605 748 698 824 [In
733 752 902 808 seculo
925 753 1095 809 adhuc
1119 772 1278 827 agent
1317 756 1483 811 eidem
1511 753 1745 811 Gestidio
1776 757 1934 810 mittit
1960 756 2180 826 extremi

743 842 999 917 Pauperis
1026 856 1086 902 ut
1109 849 1320 918 placeat
1346 864 1530 906 carum
1560 850 1656 904 tibi
1682 866 1873 906 munus
1893 851 2070 917 amici,

739 936 961 995 Munera
991 955 1061 996 ne
1086 950 1328 1011 reputes,
1354 956 1474 1011 qua:
1503 942 1669 996 mittis
1695 941 1824 997 ditia
1852 943 2027 998 nobis.

739 1025 874 1082 Nam
900 1028 996 1084 tibi
1024 1029 1151 1098 quid
1177 1029 1393 1099 dignum
1422 1030 1650 1085 referam
1675 1046 1773 1101 pro
1797 1032 2030 1101 piscibus
2054 1032 2173 1099 illis,

737 1117 885 1186 Quos
914 1120 1009 1174 tibi
1036 1120 1269 1175 vicinum
1300 1121 1556 1191 locupleti
1577 1122 1787 1191 gurgite
1816 1122 1965 1178 littus

666 1208 705 1265 5
738 1211 1092 1284 329-330
1117 1210 1456 1283 Suppeditat,
1487 1211 1622 1265 mira
1651 1213 1670 1243 ’
1699 1213 1881 1283 specie
1903 1213 2177 1283 formaque

1838 1303 2172 1375 [diremptos.

732 1395 804 1450 At
828 1394 957 1450 mihi
988 1396 1076 1451 vix
1105 1395 1215 1451 alto
1247 1395 1267 1426 ³
1297 1395 1431 1450 vada
1461 1410 1557 1465 per
1586 1408 1778 1450 saxosa
1804 1393 2069 1465 profundo

739 1484 917 1541 Rarus
944 1486 997 1541 in
1028 1487 1257 1541 obscura
1296 1496 1584 1555 generatur
1617 1495 1642 1522 ⁸
1671 1485 2002 1557 sphondylus
2028 1486 2169 1555 alga.

732 1576 870 1634 Hinc
892 1586 942 1632 te
962 1577 1311 1647 participans,
1337 1576 1420 1631 bis
1441 1576 1678 1645 quinque
1701 1580 1755 1629 et
1775 1575 1856 1630 bis
1877 1575 1971 1629 tibi
1992 1585 2174 1631 ternas

728 1667 1025 1724 Transmisi
1052 1682 1306 1737 aequoreo
1332 1666 1639 1721 redolentes
1666 1673 1883 1721 nectare
1910 1674 2101 1730 testas,

620 1756 694 1817 I0
730 1756 876 1826 Quas
902 1758 1082 1813 viscus
1109 1756 1376 1827 praedulce
1402 1756 1577 1826 replet
1604 1755 1843 1811 bicolore
1867 1755 2121 1813 medulla.
2198 1764 2247 1824 Β

721 1846 833 1905 Oro
860 1848 1035 1904 libens
1060 1862 1278 1913 sumas;
1309 1861 1411 1901 nec
1434 1847 1561 1900 vilia
1588 1845 1913 1915 dedigneris,

724 1938 856 2006 Qua
878 1948 1005 1994 sunt
1032 1952 1195 2008 parva
1222 1936 1404 2000 modo,
1434 1950 1630 2003 magno
1657 1934 1875 1991 metitus
1900 1949 2105 1992 amore.

843 2050 1185 2106 POEMATIS
1218 2050 1286 2106 Ill
1323 2046 1823 2105 FRAGMENTUM.
1848 2051 1916 2115 ἶ·

891 2132 973 2189 De
1000 2133 1203 2205 regibus
1228 2146 1293 2185 ea;
1323 2129 1572 2185 Suetonio
1601 2130 1851 2185 collectis.

704 2225 846 2292 (Huc
866 2224 1102 2274 adscitum
1119 2235 1184 2271 ex
1209 2224 1356 2283 epist.
1383 2221 1439 2268 19
1463 2221 1662 2269 AuSnn‘i
1688 2221 1747 2269 ad
1772 2219 2068 2282 Paulinum).

717 2303 1112 2378 Europamque,
1139 2301 1430 2371 Asiamque
1461 2300 1580 2357 duo-
1595 2301 1682 2357 vel
1708 2298 1940 2357 maxima
1970 2311 2126 2359 terra:

717 2395 978 2463 Membra,
1005 2391 1202 2465 quibus
1228 2392 1450 2465 Libyam
1472 2384 1502 2431 τι
1530 2391 1691 2448 dubie
1711 2392 1993 2449 Sallustius
2014 2393 2161 2448 addit

718 2486 951 2559 Europa!
971 2486 1302 2557 adiunctam,
1323 2483 1489 2554 poss?t
1517 2498 1640 2539 cum
1670 2484 1824 2539 tertia
1849 2484 1989 2552 dici,-

721 2576 995 2649 Regnatas
1020 2574 1222 2638 multis,
1253 2590 1391 2652 quos
1419 2572 1557 2627 fama
1586 2573 1964 2641 oblitterat,vet
1984 2588 2123 2645 quos

647 2667 687 2723 δ
716 2666 951 2725 Barbam
979 2664 1237 2722 Romana}
1264 2679 1371 2719 non
1400 2662 1618 2718 tradunt
1644 2665 1859 2719 nomina
1889 2666 2100 2735 linguaz,

715 2757 1022 2825 lllibanum,
1068 2753 1461 2824 Numidamque
1506 2751 1744 2820 Avelim,
1792 2752 2155 2826 Parthumque

1825 2845 2150 2920 |‘Vononem,

711 2942 778 2998 Et
805 2941 1096 3006 Caranum,
1126 2936 1320 2994 Pellaea
1343 2935 1494 2994 dedit
1515 2936 1608 3006 qui
1629 2935 1847 2992 nomina
1872 2935 2097 3007 Regum,

712 3034 925 3104 Quique
952 3046 1137 3101 magos
1161 3029 1347 3086 docuit
1372 3028 1626 3099 mysteria
1650 3041 1788 3082 vana
1807 3026 2147 3098 Necbepsus;

713 3122 783 3181 Et
806 3124 900 3196 qui
926 3120 1176 3191 regnavit
1197 3120 1315 3175 sine
1328 3118 1553 3174 nomine
1573 3112 1699 3173 mox
1726 3113 2051 3173 Sesoostris.‘

605 3214 676 3273 ω
710 3304 903 3363 Audax
927 3302 1102 3360 Icario
1122 3302 1215 3374 qui
1244 3300 1369 3358 fecit
1395 3300 1613 3357 nomina
1642 3296 1839 3372 ponto,

708 3396 780 3454 Et
802 3394 898 3468 qui
917 3393 1252 3453 Chalcidicas
1273 3392 1550 3449 moderate
1575 3391 1756 3448 enavit
1784 3390 2049 3448 ad-arces.

1148 3501 1379 3559 POEMA
1399 3503 1466 3559 IV
1493 3505 1577 3559 ⁶’⁶.

572 3598 742 3657 Paulo
765 3605 1057 3673 pestatem
1095 3615 1129 3651 α
1166 3596 1360 3673 πρίαιο*
1380 3595 1763 3673 conversionem
1804 3593 1908 3673 Irae
1932 3594 1990 3647 in
2026 3609 2146 3673 ore:

634 3662 779 3728 tione
799 3670 1040 3725 honestos
1064 3683 1231 3722 mores
1260 3684 1292 3720 α
1318 3665 1427 3720 Deo
1453 3665 1703 3735 postulat,
1729 3680 1789 3718 ac
1818 3664 2021 3736 felicem
2045 3662 2143 3718 sibi

631 3751 687 3796 et
706 3742 815 3796 suis
832 3741 1136 3812 deprecatur
1158 3737 1541 3809 posteritatem.-

913 3847 984 3887 ΑΒ
1019 3839 1162 3884 DEUI
1200 3842 1470 3883 ΙΔτυΊΊΝᾹ
1509 3840 1786 3881 ΡΒΕΕΑΤΙΟ.

705 3917 1061 3994 Omnipotens
1088 3916 1313 3974 Genitor
1341 3916 1418 3990 (α)
1447 3930 1625 3972 rerum
1643 3956 1659 3982 ,
1700 3914 1786 3970 cui
1813 3929 2018 3969 summa
2047 3928 2146 3984 po-

1932 3994 2140 4079 [testas,

703 4105 908 4163 Exaudi
936 4104 982 4162 si
1003 4103 1147 4176 justa
1175 4117 1388 4173 precor,
1418 4117 1487 4158 ne
1512 4101 1583 4158 sit
1601 4099 1737 4161 mihi
1764 4099 1932 4155 tristis

704 4197 827 4255 Ulla
853 4197 990 4261 dies,
1013 4194 1275 4267 placidam
1304 4209 1409 4250 nox
1432 4200 1647 4264 rumpat
1674 4191 1819 4248 nulla
1846 4192 2103 4263 quietem.

699 4288 811 4346 Nec
832 4289 1083 4361 placeant
1108 4286 1284 4342 aliena
1310 4286 1459 4351 mihi,
1482 4287 1610 4354 quin
1631 4291 1688 4340 et
1711 4299 1833 4339 mea
1863 4283 2073 4353 prosint

629 4381 667 4437 5
701 4378 1063 4451 Supplicibus,
1082 4377 1365 4445 nullusque
1384 4375 1582 4430 habeat
1599 4374 1731 4428 mibi
1745 4379 1871 4429 veta
1891 4371 2140 4429 nocendi.

705 4474 813 4526 Aut
839 4470 1036 4526 habeat
1064 4468 1308 4524 nocitura
1334 4465 1485 4523 mihi.
1520 4476 1543 4505 ο
1572 4464 1710 4520 Male
1750 4463 1889 4519 velle
1917 4461 2140 4518 facultas

699 4561 855 4617 Nulla
879 4561 970 4625 sit,
987 4575 1053 4616 ac
1072 4561 1210 4616 bene
1238 4574 1400 4629 posse
1410 4557 1551 4613 adsit
1574 4556 1857 4627 tranquilla
1876 4563 2137 4626 potestas.

703 4650 853 4706 Mens
883 4658 1138 4707 contenta
1164 4664 1295 4715 suo,
1315 4664 1414 4704 nec
1442 4647 1583 4718 turpi
1603 4645 1782 4702 dedita
1808 4646 1980 4714 luero,

705 4742 900 4801 Vincat
925 4746 1218 4814 corporeus
1247 4749 1397 4797 casm
1425 4743 1563 4797 bene
1591 4737 1807 4795 conscia
1832 4738 1973 4793 lecto

597 4835 663 4891 l0
698 4834 1016 4900 lllecebras;
1040 4842 1330 4904 turpesque
1349 4832 1523 4899 iocos.
1555 4830 1894 4896 obscenaque
1921 4826 2063 4882 dicta

698 4925 884 4982 Oderit
908 4927 995 4981 illa
1022 4940 1247 4993 nocens,
1278 4932 1334 4979 et
1354 4924 1581 4978 multum
1608 4929 1760 4991 grata
1789 4918 2045 4988 malignis

700 5018 934 5076 Auribus
957 5013 1130 5075 elluso
1156 5031 1370 5087 semper
1394 5029 1486 5070 rea
1518 5015 1698 5082 lingua
1723 5025 1954 5064 veneno.

628 5137 947 5220 :Script‘um
972 5142 1102 5220 ante
1128 5148 1326 5220 annum
1354 5129 1480 5218 590..

629 5212 670 5229 ·’
698 5197 977 5278 scriptum
994 5214 1082 5262 est
1106 5212 1231 5278 ante
1256 5217 1453 5258 annum
1473 5197 1597 5278 δέξο,

725 5264 873 5333 Alias
907 5274 1152 5400 59431οά
1180 5282 1358 5329 autem
1386 5269 1573 5335 eratl,
1603 5283 1743 5324 nunc
1780 5264 1830 5320 5.
1870 5265 2141 5337 Scriptum

628 5363 697 5400 'Ca
723 5363 925 5400 2111111111
1064 5387 1079 5399 .

553 5352 697 5405 circa
723 5363 925 5403 annum
954 5346 987 5401 5

2208 397 2261 452 Α

2407 396 2522 450 Non
2535 398 2682 455 obitu
2699 399 2904 471 allligar
2913 404 3226 475 cujusquam
3244 418 3337 467 aut
3350 410 3893 474 funerecrescamus.

2406 485 2674 543 lnvideam
2717 505 2991 561 nunquam
3028 496 3278 569 cuiquam
3302 539 3322 567 ,
3350 516 3454 558 nec
3478 505 3716 560 mentiar
3761 480 3895 561 um-

3694 594 3894 668 [quam

2322 667 2389 721 15
2424 669 2576 725 Adsit
2603 671 2722 727 lazta
2749 674 2967 741 domus,
2995 679 3168 750 epulis
3192 681 3397 738 alludat
3422 682 3445 716 ⁸
3473 684 3734 756 inemptis

2425 763 2603 821 Verna
2644 774 2811 834 satur,
2844 766 3089 840 ﬁdusque
3116 786 3329 841 comes,
3360 775 3681 849 nitidusque
3710 779 3888 834 mini-

3716 870 3889 943 [ster,

2423 947 2686 1017 Morigera
2712 959 2769 1007 et
2793 954 3013 1022 conjux,
3044 969 3278 1027 caraque
3307 971 3375 1012 ex
3403 957 3637 1029 conjuge
3657 961 3802 1016 uati.

2418 1036 2654 1096 Moribus
2683 1042 2797 1097 btec
2824 1046 2985 1099 castis
3016 1046 3217 1101 tribuat
3240 1048 3261 1080 ⁸
3284 1047 3451 1117 Deus,
3475 1050 3531 1105 bi
3564 1051 3659 1106 tibi
3690 1067 3889 1107 mores

2419 1130 2737 1202 Perpetuam
2765 1136 3030 1206 spondent
3057 1147 3281 1193 ventura
3310 1138 3363 1193 in
3390 1141 3575 1196 secula
3601 1142 3794 1196 vitam.

2921 1266 3154 1324 POEMA
3189 1271 3329 1326 V‘".

2275 1356 2626 1481 33$332
2663 1357 2825 1415 Varia
2849 1359 2951 1415 Dei
2972 1364 3219 1416 attributa
3247 1374 3536 1433 enumerat,
3558 1368 3879 1481 “domum

2345 1444 2380 1481 ll
2450 1445 2508 1481 eo
2534 1440 2775 1481 precatur
2796 1448 2898 1481 ΠΜ
2925 1442 3136 1481 nectam
3171 1436 3311 1481 uitet-
3335 1444 3392 1481 ut
3424 1434 3522 1481 Dei
3553 1438 3603 1481 in
3644 1439 3749 1481 inin
3776 1455 3877 1481 υ..

2345 1444 2380 1481 a
2400 1434 2508 1482 Deo
2534 1440 2775 1496 precatur
2796 1448 2898 1503 qua
2925 1442 3136 1502 peccata
3171 1436 3312 1501 vitet,
3335 1444 3392 1487 ut
3421 1434 3522 1490 Dei
3542 1434 3749 1508 judicio
3776 1455 3877 1493 ee-

2344 1515 2498 1554 curus
2524 1508 2781 1555 occurrat.
3797 1510 3805 1515 ’

2686 1609 2755 1647 ΑΙ)
2764 1606 2944 1648 ’ὭΕῑῖκί
2972 1610 3093 1649 ΑιιΑ
3133 1611 3418 1655 PIECA‘I'IO.

2414 1679 2766 1755 Omnipotens
2803 1682 2829 1720 ει
2869 1700 3033 1754 quem
3069 1693 3254 1742 mente
3291 1688 3444 1755 colo,
3491 1680 3658 1745 Pater
3696 1685 3884 1747 unica

3450 1772 3456 1778 ’
3615 1780 3873 1854 [fama

2405 1867 2654 1938 lgnorate
2680 1871 2855 1935 malis,
2881 1879 2939 1927 et
2964 1871 3094 1926 nulli
3114 1871 3297 1941 ignote
3316 1872 3563 1943 piorum;

2406 1960 2675 2031 Principio
2703 1969 3054 2033 extremoque
3076 1976 3284 2028 carens,
3313 1964 3589 2035 antiquior
3602 1978 3761 2032 aevo,

2402 2051 2559 2119 Quod
2584 2052 2685 2107 fuit
2702 2043 2797 2107 aut
2817 2054 2999 2109 veniet
3020 2071 3036 2107 :
3058 2055 3212 2125 cujus
3235 2054 3572 2125 formamque
3596 2054 3866 2133 modum-

3720 2144 3876 2218 [quo

2333 2236 2366 2287 5
2401 2234 2510 2292 Nec
2532 2236 2992 2307 mensacomplecti
3015 2238 3235 2309 poterit,
3263 2253 3365 2293 nec
3388 2236 3569 2308 lingua
3598 2236 3806 2309 profari
3836 2255 3856 2292 :

2400 2327 2635 2384 Cernere
2659 2343 2822 2400 quem
2848 2329 3018 2397 solus,
3042 2344 3334 2400 coramque
3356 2328 3545 2383 audire
3560 2328 3861 2399 iubentem

2398 2418 2502 2476 Fas
2522 2420 2701 2485 habet,
2719 2430 2775 2474 et
2794 2421 3018 2490 patriam
3033 2428 3253 2492 propter
3273 2420 3557 2475 considere
3575 2418 3856 2487 dextram,

2398 2512 2518 2581 Ipse
2540 2512 2615 2583 (b)
2638 2511 2818 2581 opifex
2837 2512 3222 2579 rerum,-rebus
3240 2526 3401 2565 causa
3426 2508 3541 2580 ipse
3562 2509 3850 2578 creandis;

2398 2603 2518 2675 ipse
2544 2603 2640 2659 Dei
2665 2603 2920 2669 Verbum,
2953 2600 3189 2657 Verbum
3218 2600 3361 2657 Deus
3388 2601 3717 2671 anticipator

2294 2696 2361 2751 ω
2396 2695 2597 2763 Mundi,
2626 2710 2785 2765 quem
2812 2696 3051 2750 facturus
3077 2702 3194 2748 erat
3218 2710 3231 2747 :
3259 2700 3547 2762 generatus
3571 2692 3625 2747 in
3656 2692 3752 2747 illo

2398 2788 2663 2860 Tempore
2685 2803 2792 2856 quo
2821 2796 3030 2857 tempus
3058 2786 3293 2841 nondum
3322 2785 3423 2839 fuit
3449 2803 3463 2839 :
3491 2785 3669 2841 editus
3712 2793 3848 2842 ante

2393 2881 2565 2947 Quam
2606 2879 2767 2949 juhar
2818 2886 2872 2933 et
2920 2877 3112 2932 rutilus
3165 2877 3362 2933 coelum
3420 2875 3493 2948 (c)
3546 2876 3845 2931 illustravit

3610 2967 3795 3040 [Eous
3821 2988 3837 3024 :

2393 3065 2512 3133 Quo
2539 3067 2655 3121 sine
2674 3066 2745 3120 nil
2770 3073 2966 3129 actum,
2988 3080 3086 3135 per
3105 3066 3265 3134 quem
3287 3062 3427 3118 facta
3448 3063 3637 3120 omnia.
3653 3108 3665 3129 .,
3678 3064 3841 3133 cujus

2391 3158 2451 3213 ln
2478 3158 2615 3214 caelo
2637 3158 2850 3221 solium,
2878 3159 2966 3212 cui
2992 3158 3205 3212 subdita
3229 3164 3373 3211 terra
3401 3141 3646 3220 sedenti,

2285 3250 2354 3305 l5
2388 3252 2457 3306 Et
2483 3267 2652 3316 mare,
2689 3259 2745 3306 et
2773 3250 3014 3306 obscura:
3042 3249 3604 3323 chaosinsuperabile
3630 3250 3838 3317 noctis,

2386 3342 2653 3414 lrrequies
2669 3354 2860 3398 cuncta
2885 3344 2998 3413 ipse
3018 3356 3259 3406 movens,
3274 3335 3555 3412 vegetator
3570 3342 3833 3405 inertem;

2387 3434 2502 3490 Non
2530 3436 2713 3505 genito
2756 3444 2779 3472 ο
2810 3448 2878 3490 ex
2905 3433 3161 3489 Genitore
3190 3429 3484 3503 Deus,-qui
3524 3426 3711 3489 fraude
3738 3450 3844 3489 su-

3654 3526 3836 3601 [perbi

2384 3622 2629 3680 Offensus
2656 3620 2838 3695 populi
2867 3632 3055 3692 gentes
3082 3623 3135 3678 in
3159 3628 3325 3692 regna
3357 3622 3573 3677 vocavit
3604 3637 3618 3674 :

2384 3718 2577 3788 Stirpis
2599 3718 2863 3789 adoptiva:
2891 3717 3115 3774 meliore
3137 3733 3375 3788 propage
3401 3702 3682 3774 colendus.

2280 3809 2363 3863 20‘
2384 3807 2620 3864 Cernere
2646 3824 2808 3880 quem
2836 3808 2988 3863 lieuit
3013 3808 3228 3878 proavis
3262 3826 3275 3862 :
3306 3821 3415 3878 quo
3437 3806 3667 3861 Numine
3689 3807 3841 3872 \iso,~

2385 3901 2454 3958 Et
2480 3900 2693 3972 Patrem
2722 3901 2918 3957 vidisse
2942 3901 3144 3966 datum,
3167 3901 3416 3969 contagia
3448 3907 3633 3954 nostra

2385 3994 2491 4062 Qui
2516 3995 2655 4059 tulit,
2685 4003 2743 4051 et
2769 3992 2869 4049 diri
2896 4007 3085 4063 passus
3118 3990 3344 4047 ludibria
3373 3989 3526 4054 letbi,

2382 4087 2513 4142 Esse
2539 4088 2640 4141 iter
2665 4095 2880 4140 mternae
2906 4081 3088 4138 docuit
3112 4080 3404 4137 remeabile
3431 4079 3574 4134 vitzc.

2383 4175 2494 4232 Nec
2513 4175 2683 4231 solam
2709 4185 2952 4229 remeare
2977 4173 3235 4236 animam,
3258 4170 3354 4224 sed
3381 4184 3613 4238 corpore
3639 4176 3775 4225 toto‘

2277 4268 2349 4324 35
2382 4267 2643 4324 Ccelestes
2668 4265 2868 4319 intrare
2894 4263 3096 4333 plagas,
3127 4269 3183 4315 et
3211 4263 3371 4315 inane
3397 4259 3637 4328 sepulcri

2385 4359 2653 4415 Arcanum
2674 4355 2860 4411 Vacuis
2885 4353 3204 4423 adapertum
3226 4344 3470 4419 linquere
3492 4350 3673 4403 terris.

2454 4450 2590 4506 Nate
2610 4441 2785 4503 Patris
2802 4444 3015 4507 summi,
3040 4447 3333 4510 nostroque
3358 4438 3386 4479 τ
3401 4439 3647 4495 salutifer
3664 4455 3787 4495 mvo
3817 4458 3833 4491 :

2383 4541 2621 4597 Virtutes
2637 4536 2842 4609 patrias
2867 4534 3091 4590 Genitor
3112 4532 3200 4588 eui
3231 4530 3451 4586 tradidit
3473 4545 3695 4598 omnes,-

2382 4632 2467 4688 Nil
2492 4647 2561 4687 ex
2590 4627 2785 4685 invidia
2813 4626 3081 4687 retinens,
3114 4622 3415 4694 plenusque
3441 4620 3717 4686 datorum,

2277 4727 2347 4782 30
2384 4723 2565 4779 Pande
2590 4721 2733 4776 viam
2775 4716 3053 4790 precibus,
3073 4714 3384 4786 patriasque
3406 4713 3526 4769 haec
3552 4711 3738 4782 perfer
3764 4712 3835 4766 ad

3622 4802 3844 4874 fames.-

2433 4910 2506 4963 Da
2524 4904 2942 4961 Paterinvictam
2956 4906 3143 4953 contra
3157 4895 3337 4951 omnia
3349 4893 3574 4951 crimina
3592 4903 3835 4949 mentem

2385 5002 2779 5071 Vipereumque
2809 4992 2957 5047 nefas
2980 4988 3207 5045 nocituri
3232 4995 3417 5041 averte
3446 4984 3640 5040 veneni

2314 5124 2339 5161 ἰ
2368 5121 2504 5176 Vide
2529 5123 2646 5171 not.
2676 5111 2801 5164 9J8.

2316 5205 2341 5229 ο
2370 5192 2502 5246 Vide
2523 5200 2689 5242 carm.
2720 5182 2770 5244 6,
2802 5197 2854 5235 v.
2888 5176 3007 5232 168.

2320 5264 2339 5301 τ
2376 5262 2503 5315 Vide
2526 5271 2692 5311 carm.
2728 5252 2816 5319 10,
2847 5267 2896 5302 v.
2923 5248 2979 5302 5.

2267 5392 2272 5397 ,
2315 5332 2393 5401 (α)
2420 5312 2521 5384 liis.
2548 5312 2812 5401 Allieron.’
2841 5316 3398 5401 Alexandri-et-tres
3445 5312 3588 5401 edit.‘
3630 5312 3823 5401 Gravz.

629 5385 1167 5486 ’:-'Xii§§"t"?3ima
1194 5421 1372 5469 autem
1395 5408 1429 5464 5
1454 5417 1590 5479 erat,
1615 5424 1756 5464 nunc
1789 5406 1841 5460 6.
1863 5404 2133 5476 Scriptum
2240 5385 2447 5486 Poelin.
2471 5393 2818 5486 elﬁcboléjfl
3077 5386 3277 5441 habent
3302 5402 3315 5437 ε
3342 5385 3684 5455 οθηηίροεεηδ
3714 5389 3828 5440 δοίο

556 5492 697 5546 circa
724 5503 923 5545 annum
947 5487 1071 5541 950.

628 5573 653 5597 Α
684 5558 818 5614 Vide
840 5567 954 5614 not.
980 5556 1102 5611 216.
1672 5571 1675 5573 ’

558 5629 660 5755 οὗ
683 5630 741 5685 ld
784 5637 870 5685 est
906 5630 1161 5702 Africam.
1203 5624 1337 5681 Vide
1369 5639 1535 5681 carm.
1567 5620 1656 5681 27.
1697 5635 1750 5673 v.
1793 5618 1893 5684 73,
1923 5624 1980 5672 et
2019 5624 2140 5672 not.-

561 5738 803 5827 "l'vid.
833 5766 1156 5835 carm.-5,-v.
1192 5761 1285 5821 64.1

2242 5474 2423 5528 mentis
2451 5468 2577 5523 mihi
2601 5463 2801 5535 cognite
2825 5459 2985 5513 cultu.

2308 5524 2382 5605 lilii)
2413 5539 2475 5593 Hi
2507 5537 2539 5590 9
2565 5524 2851 5602 sequentes
2874 5541 3060 5584 versus
3078 5526 3272 5581 desunt
3290 5525 3344 5580 in
3366 5524 3524 5581 editis
3543 5524 3830 5582 codicibus

2235 5606 2367 5669 Bad.
2397 5619 2451 5665 et
2481 5606 2765 5662 Mediolan.

2307 5666 2375 5755 (ξ)
2401 5678 2534 5735 Edd.
2570 5674 2717 5730 Giin.
2750 5682 2804 5728 et
2832 5667 3061 5735 Poelm.,
3092 5666 3396 5721 illustraret.
