4134 6412
237 309 328 369 αι

367 424 450 480 Sit
467 424 618 489 satis,
633 425 906 496 antiquam
922 439 1146 496 serpens
1163 424 1310 495 quod
1329 423 1558 498 perdidit
1576 427 1597 458 ¹
1619 423 1812 488 Evam,
1848 431 1896 486 Α

368 517 772 590 Deceptumque
801 529 826 556 ι
849 517 1094 587 adiunxit
1120 517 1313 575 Adam.
1344 518 1453 574 Nos
1491 533 1614 576 sera
1643 533 1816 587 nepo—

1686 607 1822 680 [tum

265 705 338 760 55
371 703 608 772 Semina,
640 704 889 762 veridicis
913 715 1046 760 tetas
1071 703 1093 736 ⁸
1116 701 1373 774 prmdicta
1407 699 1700 772 prophetis

375 793 618 850 Vitemus
642 793 884 864 laqueos,
913 809 1051 866 quos
1076 792 1253 849 letifer
1275 792 1514 862 implicat
1543 790 1752 859 anguis.

379 885 562 943 Pande
591 889 752 953 viam,
777 905 882 959 qua
909 901 998 944 me
1025 896 1151 958 post
1178 887 1388 942 vincula
1425 884 1670 956 corporis
1697 881 1826 954 :egri

377 980 438 1036 lu
465 980 696 1037 sublime
723 978 891 1036 feram
918 990 945 1034 :'
963 979 1085 1052 puri
1115 991 1222 1052 qua
1249 979 1425 1034 lactea
1454 976 1575 1034 coeli

379 1071 584 1128 Semita
614 1081 852 1129 ventosae
879 1080 1102 1142 superat
1132 1082 1265 1140 vaga
1300 1070 1503 1126 lumina
1533 1070 1672 1124 luna:
1702 1085 1718 1120 :

271 1164 342 1220 ω
378 1163 495 1232 Qua
524 1179 778 1234 proceres
800 1163 984 1220 abiere
1012 1163 1106 1234 pii,
1136 1177 1352 1234 quaque
1377 1161 1586 1239 integer
1611 1159 1741 1215 olim

383 1253 590 1326 Raptus
633 1254 663 1294 δ
703 1254 1022 1328 quadrijugo
1060 1263 1310 1327 penetrat
1351 1265 1515 1325 super
1561 1252 1767 1308 aethera
1804 1249 1826 1280 ⁸

1649 1341 1831 1417 [curru

382 1439 546 1509 Elius,
574 1452 632 1499 et
656 1443 831 1500 solido
857 1456 980 1498 cum
1004 1456 1233 1512 corpore
1262 1438 1492 1511 przcvius
1515 1435 1718 1492 Enoch.

459 1534 554 1604 Da,
582 1533 759 1602 Pater,
789 1533 978 1589 :ctcrni
1003 1543 1274 1604 speratam
1301 1528 1520 1589 luminis
1543 1543 1752 1590 auram,

383 1623 444 1683 Si
472 1626 675 1699 lapides
701 1639 810 1685 non
833 1627 959 1697 jnro
985 1625 1140 1692 deos,
1171 1631 1445 1694 unumque
1471 1620 1689 1677 verendi

275 1709 354 1774 85
386 1720 696 1792 Suspiciens
716 1721 885 1775 altare
912 1719 1074 1786 sacri,
1103 1712 1357 1772 libamina
1389 1717 1514 1771 vitat-
1629 1701 1634 1705 ’

383 1808 707 1868 Intemcrata
730 1810 848 1866 fero
877 1821 901 1865 :‘
921 1811 967 1865 si
994 1819 1044 1866 te
1067 1808 1385 1878 Dominique
1415 1807 1620 1878 Deique
1860 1811 1906 1872 Β

383 1901 613 1972 Unigeni
641 1912 668 1942 ο
697 1915 969 1972 cognosco
994 1900 1232 1968 Patrem,
1264 1901 1596 1970 mutumque
1623 1899 1832 1955 duobus

380 1991 483 2060 Qui
511 2008 674 2064 super
698 2005 976 2062 aequoreas
1001 1991 1262 2048 volitabat
1285 1987 1514 2062 Spiritus
1545 1990 1732 2046 undas.

427 2084 526 2148 Da.
541 2084 1025 2151 Genitor,veuiam,
1041 2085 1385 2156 cruciataque
1405 2091 1624 2155 pectora
1638 2100 1726 2154 pun
1741 2099 1828 2152 ευ,

269 2176 348 2234 .50
380 2175 439 2234 Si
469 2185 522 2233 te
552 2192 662 2233 non
691 2177 957 2248 pecudum
984 2175 1154 2242 libris,
1178 2191 1284 2232 non
1315 2175 1575 2245 sanguine
1605 2173 1724 2228 fuso

381 2268 576 2336 Qumro
600 2285 615 2323 :
639 2283 744 2324 nec
769 2267 981 2324 arcanis
1013 2282 1208 2324 numen
1233 2265 1481 2336 conjecto
1509 2265 1608 2322 sub
1635 2268 1795 2321 extis.

380 2357 740 2432 333-335
776 2357 834 2414 Si
863 2357 890 2397 ά
920 2359 1129 2414 scelere
1164 2357 1434 2425 abstineo,
1464 2356 1635 2413 errori
1667 2357 1782 2428 ipse
1811 2357 1832 2387 '

1334 2450 1626 2524 [obnoxius
1663 2467 1676 2504 :
1707 2460 1761 2503 et
1788 2452 1831 2505 si

380 2547 743 2620 Opto’magis,
763 2561 926 2618 quam
953 2544 1079 2606 ﬁdo,
1105 2544 1280 2602 bonus
1301 2560 1572 2616 purusque
1591 2546 1780 2616 probat
1794 2547 1829 2612 i,

379 2639 696 2698 Confessam
739 2639 964 2714 dignare
1002 2638 1239 2693 animam
1283 2649 1306 2691 τ’
1343 2637 1389 2692 si
1438 2640 1682 2694 membra
1740 2653 1832 2692 c.1-

1662 2727 1684 2805 [
1697 2728 1831 2784 duca

275 2813 348 2878 35
379 2820 666 2892 Exsecror,
695 2832 751 2878 et
779 2825 1001 2878 tacitum
1047 2824 1091 2878 si
1123 2824 1369 2894 poenitet,
1397 2822 1616 2893 altaque
1642 2837 1835 2878 sensus

381 2913 636 2970 Fumida
664 2917 958 2982 excruciat,
982 2922 1361 2985 tormentaque
1385 2928 1507 2970 sera
1537 2913 1798 2984 gcbennm

379 3006 675 3078 Anticipat,
707 3007 1017 3078 patiturque
1037 3021 1166 3063 suos
1193 3021 1347 3070 mens
1373 3005 1557 3064 saucia
1587 3021 1803 3061 manes.-

398 3167 406 3176 .
456 3099 554 3168 Da,
569 3098 749 3164 Pater,
773 3101 886 3156 haec
910 3108 1097 3156 nostro
1111 3101 1228 3156 ﬁeri
1246 3110 1270 3139 ο
1292 3109 1408 3154 rata
1429 3109 1554 3156 vota
1569 3108 1791 3170 precatu
1815 3116 1828 3153 :

381 3191 468 3248 Nil
503 3200 774 3260 metuam,
817 3193 1137 3264 copiamque
1179 3191 1356 3247 nihil:
1387 3191 1520 3250 satis
1560 3191 1666 3248 hoc
1712 3205 1836 3246 rear
1864 3187 1910 3249 C

277 3374 348 3434 60
381 3375 537 3446 Quod
558 3375 691 3434 satis
717 3382 800 3432 est
830 3392 854 3431 :-
885 3375 960 3432 nil
991 3383 1148 3446 turpe
1182 3372 1372 3441 velim,
1399 3388 1503 3432 nec
1538 3281 1835 3445 caninis:

382 3559 498 3617 Sim
521 3559 695 3616 mihi:
721 3570 824 3616 nec
866 3557 1062 3616 faciam
1107 3561 1358 3630 cuiquam
1377 3598 1392 3625 ,
1423 3573 1554 3630 quae
1589 3467 1838 3630 tetigi):

1619 3650 1833 3722 [eodem

291 3764 295 3767 ·
338 3781 344 3786 -
380 3736 559 3799 Nolim
588 3741 725 3800 facta
754 3743 885 3799 mihi
915 3760 931 3797 :
958 3757 1059 3800 nec
1085 3757 1218 3800 vero
1245 3741 1472 3800 crimine
1501 3741 1689 3807 lmdar,

343 3878 349 3882 -
377 3838 489 3894 Nec
515 3837 753 3894 maculet
773 3837 936 3892 dubio
965 3854 978 3890 :
1011 3836 1228 3908 paulum
1255 3836 1455 3892 distare
1479 3835 1692 3892 videtur

382 3928 695 4000 Suspectus,
720 3943 954 3998 vereque
978 3943 1126 3987 rcus.
1167 3926 1188 3966 '
1213 3927 1352 3984 Male
1380 3943 1542 3999 posse
1571 3927 1796 3983 facultas

273 4016 347 4075 65
381 4019 536 4077 Nulla
561 4021 664 4089 sit,
700 4027 758 4076 et
781 4019 922 4076 bene
948 4019 970 4051 ⁶
999 4035 1161 4092 posse
1189 4017 1331 4076 adsit
1362 4020 1652 4091 tranquilla
1677 4028 1834 4092 pote-
1936 4013 2006 4068 20

1676 4113 1828 4188 [διας.

379 4203 495 4262 Sim
521 4205 671 4261 tenui
689 4205 838 4261 victu
861 4214 1025 4276 atque
1051 4205 1261 4272 habitu,
1291 4205 1392 4262 sim
1420 4221 1580 4262 carus
1600 4207 1826 4264 amicis:

378 4295 449 4352 Et
474 4312 690 4368 semper
711 4298 926 4367 genitor
949 4298 1069 4352 sine
1094 4297 1318 4354 vulnere
1339 4298 1571 4354 nominis
1594 4298 1774 4368 huius.

377 4387 496 4446 Non
515 4389 698 4444 animo
725 4387 962 4454 doleam,
995 4404 1104 4445 non
1123 4403 1376 4461 corpore,
1403 4397 1600 4446 cuncta
1630 4386 1831 4459 quietis

377 4477 691 4549 Fungentur
716 4478 958 4533 membra
985 4475 1181 4534 ciliciis
1211 4496 1228 4532 :
1257 4492 1361 4535 nec
1381 4480 1595 4536 saucius
1621 4479 1746 4534 ullis

270 4570 341 4626 70
374 4568 632 4625 Partibus
658 4569 918 4625 amissum
947 4568 1242 4640 quidquam
1271 4568 1544 4626 desideret
1570 4585 1720 4626 usus.

376 4659 518 4720 Pace
541 4661 712 4728 fruar,
741 4675 964 4719 securus
988 4673 1172 4731 agam,
1195 4661 1454 4718 miracula
1481 4670 1638 4718 terrm

1858 4570 2007 4638 ι)Ξῦ

373 4755 526 4812 Nulla
555 4761 742 4828 putem
772 4768 1062 4825 “suprema
1089 4753 1222 4809 mihi
1250 4769 1374 4810 cum
1394 4754 1608 4811 venerit
1633 4755 1785 4818 hera,

370 4848 484 4905 Nec
505 4849 692 4903 timeat
718 4855 950 4902 mortem
977 4847 1115 4902 bene
1136 4848 1352 4902 conscia
1377 4846 1507 4914 vita,
1529 4862 1631 4903 nec
1651 4857 1823 4918 optet.

372 4941 546 4998 Purus
574 4941 643 4995 ab
669 4941 898 4996 occultis
918 4955 1042 4995 cum
1072 4948 1126 4994 te
1157 4939 1467 5004 indulgente
1496 4940 1742 5002 videbor,

267 5033 340 5089 ’55
373 5032 564 5089 Omnia
589 5032 901 5104 despiciam,
933 5031 1098 5086 fuerit
1125 5047 1250 5087 cum
1278 5031 1394 5086 sola
1429 5032 1678 5103 voiuptas
1706 5036 1722 5061 ’ί

372 5123 644 5183 Iudicium
670 5121 890 5198 sperare
913 5131 1060 5179 tuum
1089 5141 1103 5176 :
1129 5123 1274 5192 quod
1304 5123 1432 5177 dum
1459 5139 1554 5178 sua
1584 5124 1760 5180 differt

1935 5035 2005 5090 30

354 5331 500 5388 Alias
534 5331 772 5404 5:quod
811 5328 1052 5386 antem'ﬁ
1077 5338 1223 5395 erat,
1268 5345 1413 5386 nunc
1454 5329 1503 5385 7.
1549 5331 1823 5404 Scriptum

233 5405 376 5462 circa
401 5419 602 5460 annum
627 5405 758 5462 590..

307 5487 335 5513 ⁸
364 5473 497 5530 Vide
525 5484 638 5531 not.
668 5474 795 5528 2H).

306 5547 334 5586 ιδ
363 5545 495 5600 Vide
509 5557 632 5601 not.
657 5545 780 5599 220.
936 5583 941 5592 .

309 5622 332 5655 θ
361 5613 493 5671 Vide
520 5631 690 5671 carm.
719 5616 808 5681 ει,
845 5633 893 5670 v.
927 5613 1014 5668 95.

306 5687 332 5726 θ
363 5685 495 5742 \‘ide
524 5688 578 5742 in
601 5689 834 5757 append.
865 5687 1025 5757 epist.
1056 5689 1092 5744 '2
1116 5692 1184 5747 ad
1213 5689 1458 5756 Célanc.,
1483 5705 1535 5745 η.
1563 5687 1614 5742 6.

309 5771 333 5796 ι’
366 5757 493 5813 Vide
519 5754 690 5812 Lartis;
729 5757 810 5818 ii,
843 5754 1013 5810 νξιιῧ.

310 5831 330 5868 ¹
362 5827 492 5884 Vide
511 5843 682 5892 carm.
709 5827 767 5895 4,
800 5845 848 5883 v.
876 5827 929 5879 ti.

1700 302 1932 367 POEMA
1971 311 2042 368 γι

3412 313 3524 370 N9

2077 423 2372 494 Tempora,
2400 432 2801 498 cunctaturque
2835 422 2984 493 dies,
3014 427 3216 501 procul:
3234 427 3391 518 exige
3413 443 3518 486 str-

3372 521 3520 596 [vum

2065 607 2440 669 lnsidiatorem
2466 609 2683 669 blandis
2713 613 2993 670 erroribus
3020 627 3272 686 anguem.

2138 699 2267 758 Haec
2291 702 2404 775 pia,
2431 703 2528 761 sed
2554 711 2744 760 maesto
2765 705 3083 777 trepidantia
3109 713 3238 762 vota
3265 712 3445 771 reatu,

1962 789 2033 846 80
2069 788 2281 849 Christe
2307 793 2385 866 (α)
2412 788 2562 867 apud
2583 803 2845 886 aeternum
2881 791 3162 868 placabilis
3187 811 3374 853 assere
3413 793 3518 850 Pa-

3358 900 3495 947 trem

2072 979 2344 1050 Salvator,
2375 981 2519 1040 Deus
2541 999 2606 1040 ac
2636 984 2898 1042 Dominus
2911 1027 2928 1054 ,
2952 999 3127 1052 meus,
3168 892 3531 1056 gloriaElil:::

2073 1161 2241 1252 bilius
2270 1155 2368 1237 (ὅ),
2397 1173 2456 1220 et
2475 1179 2606 1220 vero
2633 1180 2822 1221 verum
2848 1165 2916 1222 de
2947 1165 3146 1222 lumine
3173 1073 3522 1232 lunias-mm,

2072 1252 2303 1311 Eterno
2331 1271 2454 1312 cum
2484 1255 2643 1312 Patre
2671 1273 2928 1324 manens,
2958 1258 3011 1312 in
3049 1259 3229 1313 secula
3257 1271 3524 1326 regnans;

2073 1343 2329 1402 Consona
2372 1361 2535 1418 quem
2565 1347 2636 1422 (ε)
2678 1347 2922 1404 celebrat
2964 1348 3242 1404 modulato
3286 1347 3534 1406 carmine

3290 1438 3522 1513 [plebem

1970 1525 2042 1582 85
2076 1523 2144 1582 Et
2163 1528 2502 1599 responsuris
2530 1528 2651 1584 ferit
2679 1545 2804 1586 aera
2827 1529 3049 1586 vocibus
3074 1550 3086 1584 ;
3114 1532 3306 1586 Amen.

2517 1618 2748 1674 ΡΟΕΜΑ
2797 1620 2888 1675 \‘l.

2044 1707 2147 1783 (De
2174 1709 2236 1764 S.
2264 1687 2510 1765 tio/tunae
2543 1709 2781 1783 Baptista
2809 1710 3002 1765 Christi
3032 1709 3412 1783 Prwcursore.)

2076 1803 2296 1859 Summe
2325 1802 2491 1859 Pater
2518 1819 2720 1870 rerum,
2751 1805 2982 1874 coelique
2999 1813 3201 1860 aeterna
3229 1814 3504 1874 potestas.~

2075 1894 2210 1950 Cum
2240 1910 2348 1965 quo
2377 1904 2562 1950 nostra
2579 1894 2743 1961 salus,
2763 1903 3076 1950 sanctorum
3103 1895 3274 1964 gloria
3293 1894 3527 1961 Christe,

2074 1986 2310 2059 Spiritus
2339 1997 2395 2042 et
2422 1980 2568 2042 Patri
2597 1987 2800 2058 pariter
2825 1986 3071 2057 Natoque
3099 1988 3399 2054 cohaerens,

2077 2080 2179 2147 Qui
2203 2089 2411 2135 mentes
2434 2079 2750 2149 linguasque
2773 2079 2934 2147 regis,
2961 2079 3210 2149 viresque
3227 2078 3524 2144 ministras,

2077 2170 2384 2226 Promeruit
2409 2184 2546 2241 quas
2570 2169 2685 2225 sola
2718 2166 2887 2225 ﬁdes:
2919 2169 3005 2224 cui
3035 2169 3195 2239 plena
3225 2178 3492 2240 potestas,

2074 2261 2254 2317 Brutis
2283 2262 2581 2330 ingenium,
2600 2273 2902 2330 vocemque
2926 2259 3209 2315 infundere
3235 2261 3420 2326 mutis,

2076 2353 2280 2410 Prmsta
2311 2353 2635 2423 Evangelico
2663 2352 2884 2408 ductum
2912 2350 2980 2408 de
3001 2351 3151 2408 fonte
3169 2349 3503 2418 Iohannem,

2075 2445 2133 2505 In
2163 2457 2349 2504 nostra
2377 2448 2552 2504 arenti
2575 2447 2864 2503 decurrere
2891 2447 3130 2504 carmina
3161 2446 3301 2503 rivo.

2149 2541 2244 2598 Ille
2294 2541 2512 2613 quidem
2567 2549 2790 2607 tantus,
2841 2549 3104 2613 quantum
3170 2541 3366 2616 potuit
3399 2539 3529 2597 dare

3271 2631 3528 2707 [mundo,

1973 2725 2040 2784 l0
2075 2726 2178 2796 Qui
2206 2727 2354 2783 nasci
2377 2726 2538 2782 talem
2569 2740 2708 2780 nova
2737 2740 2836 2797 per
2860 2723 3116 2780 miracula
3137 2723 3300 2796 jussit
3326 2741 3341 2778 :

2077 2818 2187 2876 Sed
2209 2818 2414 2874 licitum
2441 2817 2649 2886 magnis
2673 2825 2864 2872 tenues
2890 2815 3203 2887 impendere
3229 2830 3420 2884 curas,

2075 2910 2186 2968 Nec
2214 2911 2570 2980 dedignantur
2596 2910 2755 2966 vilem
2784 2910 3025 2966 caelestia
3056 2908 3272 2965 laudem
3301 2927 3318 2964 :

2076 3001 2206 3058 Pars
2226 3003 2390 3058 etiam
2411 3001 2610 3067 meriti,
2639 3001 2890 3056 meritum
2919 3000 3194 3056 celebrare
3218 3003 3432 3072 piorum
3457 3017 3472 3054 :

2076 3094 2188 3151 Nec
2213 3109 2356 3151 nova
2384 3108 2558 3171 nunc,
2589 3101 2684 3148 aut
2709 3103 2895 3150 nostra
2925 3109 3117 3149 canam
3143 3086 3376 3149 :‘dixete
3404 3107 3534 3163 pro-

3332 3183 3534 3259 [pbetm

1982 3273 2048 3334 l5
2080 3275 2286 3335 Cuncta
2305 3277 2479 3350 prius,
2505 3276 2784 3347 sanctique
2807 3275 2906 3332 viri
2929 3290 3177 3332 sermone
3198 3275 3378 3332 soluto

2085 3367 2417 3426 Promissum
2445 3374 2728 3434 exortum,
2761 3367 2928 3422 vitam
2967 3377 3309 3438 mortemque
3349 3382 3538 3428 sacra-—

3341 3457 3491 3533 [runt
3517 3475 3532 3512 :

2082 3550 2140 3608 Si
2169 3567 2316 3608 mora
2336 3551 2427 3606 illa
2454 3549 2576 3618 fuit,
2604 3550 2802 3605 meruit
2831 3565 2950 3620 qua:
2970 3549 3230 3621 sanguine
3260 3552 3480 3607 coelum.

2083 3642 2438 3718 335-336
2451 3641 2560 3698 Nos
2600 3648 2810 3696 tantum
2845 3640 3081 3698 modulis
3120 3631 3371 3699 evolvere
3393 3641 3536 3698 dicta

3297 3731 3539 3806 [canoris

2085 3825 2364 3895 Vovimus,
2389 3833 2446 3881 et
2471 3841 2631 3881 versu
2661 3831 2873 3880 mentes
2897 3823 3082 3879 laxare
3108 3822 3383 3892 legentum
3417 3841 3429 3878 :

2081 3917 2177 3976 Sic
2207 3922 2356 3991 (nam
2383 3932 2578 3988 magna
2606 3919 2732 3974 licet
2758 3914 2962 3988 parvis,
2985 3916 3208 3986 antiqua
3236 3915 3482 3983 novellis,

2079 4011 2325 4070 Pet-lecta
2354 4012 2590 4070 indoctis
2616 4010 2888 4074 conferre,
2923 4019 2948 4058 κ
2977 4019 3181 4066 teterna
3201 4008 3446 4082 caducis)

2079 4107 2382 4182 lnspirante
2401 4107 2515 4164 Deo
2541 4104 2802 4176 quidquid
2829 4103 3019 4162 dixere
3044 4106 3278 4183 priores,

2077 4197 2300 4272 Aptavit
2317 4199 2541 4278 citharis
2561 4211 2760 4254 nomen
2788 4196 3100 4268 venerabile
3125 4195 3318 4261 David.

2079 4291 2331 4349 Consona
2375 4291 2583 4348 emlesti
2613 4305 2858 4361 pangens
2887 4280 3252 4346 modulamina
3285 4290 3494 4361 plectro
3521 4309 3532 4344 :

2079 4383 2190 4440 l'ios
2203 4398 2422 4456 quoque
2444 4381 2524 4438 fas
2543 4381 2855 4437 meminisse
2878 4381 2992 4446 Dei,
3011 4396 3338 4453 quamquam
3362 4383 3537 4437 οδρίιει

2991 4469 2995 4473 ’
3323 4474 3541 4548 [multis

2084 4569 2312 4628 Pectora
2343 4569 2658 4626 criminibus
2675 4568 2954 4625 cmlcstem
2986 4564 3538 4625 admittere’sensnm.

2156 4662 2448 4718 Zacharias
2471 4660 2628 4734 Syria
2657 4659 2930 4730 quondam
2961 4659 3030 4715 de
3057 4669 3218 4730 gente
3248 4659 3536 4727 sacerdos,

2076 4753 2296 4810 Credita
2322 4753 2551 4808 solemni
2566 4752 2788 4809 curabat
2812 4751 3012 4822 templa
3035 4761 3251 4828 paratu.

2079 4847 2202 4901 Vita
2231 4845 2352 4910 viri,
2385 4846 2610 4916 pietate,
2643 4842 2766 4906 title,
2797 4843 3085 4911 gravitate,
3119 4843 3349 4915 pudore,

2079 4937 2351 5007 Obsequio
2382 4933 2650 5002 condigna
2680 4933 2775 4989 Dei
2805 4933 3001 5003 conqu
3026 4934 3152 4989 huic
3180 4933 3322 4990 alma

2079 5030 2351 5089 Elisabeth
2379 5028 2554 5100 prisca
2578 5037 2890 5083 sanctorum
2920 5026 3087 5098 stirpe
3114 5027 3356 5082 virorum

2079 5124 2391 5194 Progeuita,
2425 5129 2483 5176 et
2505 5129 2656 5176 tanto
2684 5120 2974 5176 virtutibus
3003 5135 3156 5190 :equa
3187 5120 3406 5176 marito.

2008 5331 2300 5414 εῖῖέὲςερ-
2333 5328 2421 5414 ’ἔνο
2444 5343 2604 5414 ,ρυξηο
2632 5326 2718 5414 '2-

2007 5405 2084 5473 t'a)
2113 5397 2262 5457 Editi
2287 5400 2424 5473 cod:
2441 5399 2620 5473 Crin.,
2652 5397 2862 5454 Poelm.
2895 5406 2951 5452 et
2988 5397 3179 5456 Sebot.
3219 5397 3273 5452 in
3301 5411 3536 5468 margg.,

1933 5469 2098 5537 Nm,
2127 5483 2186 5528 ut
2212 5488 2372 5527 versu
2395 5469 2486 5524 96.

2006 5545 2079 5617 (ὁ)
2112 5544 2278 5599 iidem
2323 5538 2857 5608 codd.,eum-.Grav.
2900 5539 2954 5594 in
2993 5553 3220 5611 margg.,
3264 5538 3438 5593 Filius
3466 5553 3532 5592 ex

1929 5635 1984 5670 "t’
1990 5636 2012 5671 Γ
2015 5636 2044 5671 0
2072 5632 2184 5669 veru
2191 5631 2214 5666 8
2223 5655 2234 5668 ι
2445 5637 2450 5640 “

1999 5697 2068 5752 (ε)
2097 5685 2223 5740 Sola
2255 5681 2528 5752 Rosveyd.
2561 5680 2750 5744 editio,
2775 5679 3058 5745 celebrant,
3084 5679 3370 5752 mendose.
3403 5693 3523 5732 cum

1929 5751 2082 5812 versu
2112 5751 2642 5826 Seqttentiglia’beatur
2671 5751 2810 5825 ferit,
2844 5753 2930 5808 hic
2955 5754 3098 5809 enim
3120 5751 3290 5824 plebes
3333 5751 3517 5818 singu-

1926 5831 2022 5884 lari
2054 5824 2278 5882 numero
2300 5824 2546 5880 eﬂ'ertur.
