4134 6416
304 340 410 396 ΗΟ

301 456 411 512 525
443 455 587 512 inter
611 457 869 514 mortales
889 454 1099 512 dederit
1118 470 1256 527 quos
1281 453 1480 510 femina
1508 464 1717 525 partus,

443 549 702 621 Quosque
729 548 879 605 dabit
894 548 1147 605 sollemni
1173 548 1454 605 hominum
1474 548 1543 604 de
1565 562 1717 603 more
1745 563 1897 603 crea-

1685 639 1827 714 [ιοε.

444 734 632 791 Nullus
651 734 756 792 erit
774 734 947 808 possit
964 734 1058 808 qui
1083 750 1145 791 se
1170 735 1427 805 praeferre
1450 731 1706 789 Iohanni.

448 829 575 886 Haec
595 829 666 886 de
691 837 749 885 te
772 829 865 886 ille
884 828 1068 896 refert,
1094 830 1188 900 qui
1216 828 1471 900 qualibet
1497 828 1682 884 intima
1721 828 1903 884 cordis

449 922 679 980 Humani
696 965 713 993 ,
730 934 799 978 et
818 930 1045 980 cunctos
1072 922 1344 979 seclorum
1367 938 1435 977 ex
1475 919 1670 976 ordine
1698 929 1904 977 tractus

301 1014 413 1072 330
448 1013 720 1083 Pervidet,
749 1020 811 1071 ut
836 1028 957 1086 quas
984 1021 1111 1070 sunt
1129 1014 1302 1070 oculis
1320 1011 1565 1082 subjecta
1596 1011 1858 1069 videmus.

888 1123 1124 1198 POEMA
1163 1125 1248 1183 vu
1272 1128 1311 1182 ·.

780 1256 1138 1297 ΡΔΙΔΡΒΙΑΜΒ
1167 1255 1356 1296 ΡεΑιιιι
1379 1255 1419 1296 Ι.

306 1351 588 1425 Panthus,
607 1352 1169 1425 tuncTheologicmm
1182 1365 1494 1425 arcanorum
1507 1347 1675 1425 rudis,
1688 1351 1905 1425 putabat

377 1418 703 1481 Christianos
717 1440 918 1489 omnes,
937 1418 1179 1489 ἦκαπιυὶε
1211 1421 1400 1485 melos,
1417 1419 1572 1473 modo
1595 1418 1905 1472 incolumem

361 1505 664 1552 seruassent
688 1496 865 1567 ﬁdem,
892 1493 1114 1549 salutem
1148 1493 1429 1561 quamdam
1455 1497 1837 1546 consecuturos.

448 1589 649 1646 Beatus
668 1588 777 1655 ille,
809 1587 903 1661 qui
925 1586 1110 1659 procul
1133 1586 1301 1642 vitam
1328 1600 1485 1641 suam

447 1680 531 1738 Ab
556 1678 846 1754 impiorum
865 1678 1166 1749 segregarit
1185 1678 1437 1744 cmtibus,

448 1774 517 1831 Et
542 1776 597 1831 in
622 1774 704 1830 via
725 1773 1066 1846 peccantium
1090 1786 1199 1829 non
1230 1772 1514 1837 manserit,

451 1868 563 1925 Nec
585 1868 642 1925 in
669 1865 925 1923 cathedra
956 1865 1230 1937 pestilenti
1253 1864 1456 1921 sederit
1481 1881 1495 1918 :

377 1958 417 2017 5
450 1958 556 2016 Sed
576 1958 742 2016 corde
763 1964 881 2012 toto
906 1956 1045 2012 lixus
1073 1956 1128 2013 in
1138 1956 1324 2026 'legem
1346 1954 1445 2011 Dei

453 2053 728 2125 Praecpta
755 2051 880 2107 vitae
901 2058 1064 2106 nocte
1081 2046 1255 2106 volvit
1272 2056 1329 2105 et
1347 2047 1460 2117 die,

450 2146 794 2217 ﬂentemque
819 2142 984 2200 castis
1009 2141 1269 2199 institutis
1291 2140 1513 2197 excolit.

458 2237 577 2293 Erit
608 2234 701 2291 ille
722 2242 780 2290 ut
799 2234 964 2289 arbor
982 2248 1105 2303 quae
1131 2228 1437 2305 propinqua
1459 2230 1689 2296 ﬂumini,

450 2329 689 2386 “umore
716 2328 847 2399 ripae
875 2328 1148 2383 nutriente
1172 2327 1434 2398 pascitur,

346 2421 415 2477 ιο
451 2419 670 2489 Suoque
689 2415 922 2474 fructum
942 2416 1102 2488 plena
1124 2415 1313 2472 reddet
1335 2427 1603 2486 tempore,

452 2510 540 2577 Et,
569 2506 761 2565 fronde
782 2522 1075 2576 numquam
1102 2506 1395 2574 deﬂuente,
1421 2506 1702 2577 pervirens

452 2603 631 2660 Stabit
652 2600 880 2675 perenni
909 2598 1145 2655 vividum
1174 2599 1376 2669 lignum
1399 2612 1578 2655 coma.

451 2697 571 2753 Non
597 2697 715 2752 haec
739 2695 954 2765 iniquos
972 2700 1335 2765 prosequetur
1355 2691 1548 2762 gloria.

442 2787 567 2845 Sed
592 2787 906 2843 ut'favillam
925 2784 1164 2856 pulveris
1186 2793 1380 2838 ventus
1399 2782 1561 2854 rapit,

343 2882 420 2940 ιδ
453 2882 545 2939 Sic
566 2883 644 2940 ira
673 2867 884 2951 iniquos
901 2887 1084 2934 verret
1104 2892 1135 2933 a
1166 2877 1315 2933 vultu
1340 2875 1457 2933 Dei.

454 2976 662 3032 Idcirco
686 2971 780 3028 tali
800 2969 1107 3026 dividentur
1130 2970 1321 3026 ordine

454 3067 745 3124 Hominum
764 3077 864 3136 per
882 3061 1070 3119 orbem
1091 3060 1474 3134 dissipatornm
1494 3077 1707 3137 greges,

444 3158 531 3217 lit
546 3157 822 3231 iudicandi
841 3173 951 3214 non
971 3165 1258 3226 resurgant
1276 3156 1447 3229 impii,

456 3250 559 3319 Qui
587 3249 923 3319 denegarunt
943 3249 1184 3309 debitum
1203 3249 1405 3306 cultum
1435 3247 1580 3315 Deo,

347 3344 437 3401 ω
455 3343 567 3402 Sed
590 3344 885 3417 puniendi:
915 3360 1041 3401 nam
1060 3360 1218 3400 suum
1245 3343 1451 3400 crimen
1474 3341 1685 3408 videns,

455 3435 577 3493 Non
596 3436 855 3508 indigebit
878 3438 1179 3509 quastione
1205 3435 1410 3505 detegi,

456 3530 727 3599 Quoniam
759 3530 1144 3587 imminentem
1185 3533 1203 3563 ⁸
1248 3528 1536 3601 ρηίοτοιιι
1572 3527 1763 3585 mortis
1808 3544 1908 3583 no-

1668 3620 1833 3694 (iam.

452 3714 680 3783 Signum
702 3714 894 3770 salutis
920 3730 1027 3771 non
1056 3722 1308 3785 gerentes
1330 3710 1613 3768 frontibus.

458 3804 723 3863 Peccator
750 3815 951 3874 autem,
983 3822 1093 3862 non
1119 3814 1176 3861 et
1197 3805 1394 3881 impius
1423 3813 1625 3867 tamen,

346 3896 419 3953 25
453 3896 585 3966 Qua
611 3910 806 3967 magna
830 3897 985 3953 turba
1012 3905 1117 3962 est,
1146 3912 1254 3952 non
1283 3903 1530 3964 resurget
1554 3894 1763 3964 gloriae,

456 3990 656 4046 Verum
686 3998 933 4059 resurget
958 3988 1270 4060 deputanda
1292 3987 1548 4043 exantini.

448 4082 564 4139 Nec
586 4083 729 4139 enim
759 4080 948 4139 sedere
968 4099 1092 4138 cum
1115 4082 1219 4152 piis
1234 4080 1400 4150 judes
1424 4088 1620 4152 potest,

455 4173 660 4230 Causas
680 4190 902 4229 suorum
927 4174 1235 4230 redditurus
1262 4182 1502 4235 actuum,

451 4265 721 4340 Varieque
749 4268 914 4337 gestis
939 4274 1033 4323 aut
1053 4265 1382 4338 probandus,
1414 4274 1507 4321 aut
1528 4280 1668 4321 reus.

342 4355 416 4413 50
451 4357 581 4415 Sine
599 4358 727 4428 iege
751 4360 947 4430 passim
975 4359 1108 4427 legis
1138 4359 1310 4428 ignari
1330 4356 1547 4419 cadent,

452 4450 514 4508 In
541 4450 660 4521 lege
689 4453 892 4523 lapsus,
914 4451 1031 4522 lege
1050 4450 1399 4522 iudicabitur.

451 4542 601 4615 Opus
622 4557 729 4614 per
745 4558 908 4600 omne
932 4552 1116 4599 curret
1143 4552 1169 4581 ι
1193 4542 1330 4614 ignis
1349 4542 1571 4608 arbiter,

450 4636 609 4705 Quod
638 4653 746 4693 non
775 4638 1029 4693 cremarit
1057 4636 1293 4702 ﬂamma,
1320 4634 1416 4692 sed
1446 4634 1774 4708 probaverit,

450 4728 584 4785 Illud
605 4731 858 4800 perrenni
878 4730 1098 4802 praemio
1127 4729 1461 4801 pensabitur.

339 4816 556 4890 δεῖουί
576 4820 968 4879 concremanda
986 4821 1235 4892 gesserit,
1263 4819 1521 4876 damnum
1545 4818 1710 4889 feret.

450 4911 557 4972 Sed
586 4916 702 4986 ipse
730 4915 912 4971 salvus
929 4914 1167 4971 evolabit
1194 4912 1421 4985 ignibus.

454 5008 659 5066 Tamen
684 5010 893 5066 subusti
921 5008 1166 5079 corporis
1194 5008 1361 5076 signis
1382 5010 1547 5064 miser

446 5101 803 5175 357-358
832 5100 1007 5156 Vitam
1059 5101 1265 5156 tenebit
1317 5103 1357 5165 ',
1387 5115 1498 5156 non
1541 5100 1748 5156 tenebit
1786 5100 1908 5171 glo-

1697 5195 1855 5268 [riam
1887 5214 1900 5248 :

342 5411 353 5422 .
384 5338 401 5359 ‘
433 5334 579 5390 Alias
606 5333 674 5399 6;
699 5332 853 5457 ἒἱιςιιοὰ
900 5338 1082 5388 autem
1120 5331 1152 5385 7
1196 5340 1333 5398 erat,
1367 5346 1509 5388 nunc
1535 5329 1592 5387 8.
1622 5330 1896 5405 Scriptum

342 5424 449 5457 mea
481 5422 678 5457 nntium
740 5404 825 5457 J0.

302 5411 449 5466 circa
481 5422 678 5460 annum
699 5404 825 5458 δυο.

380 5478 574 5534 “alias
600 5476 631 5529 7
655 5494 669 5531 :
698 5474 843 5547 quod
873 5483 1054 5530 autem
1079 5475 1113 5529 8
1140 5484 1293 5540 erat,
1324 5490 1467 5530 nunc
1486 5471 1539 5530 9.
1569 5472 1734 5530 Forte
1753 5475 1895 5529 circa

302 5551 447 5607 idem
459 5550 701 5617 tempus.

383 5632 401 5635 _
433 5620 529 5635 ι...
705 5617 771 5635 ,ιη
898 5616 931 5635 ε.
988 5624 1032 5635 _.
1066 5632 1111 5635 η
1176 5614 1236 5635 ,λ
1262 5614 1558 5635 num..-“
1589 5616 1602 5635 ρ

379 5632 406 5659 ι
433 5620 566 5675 Vide
588 5614 672 5689 ep.
705 5617 795 5686 '28,
822 5634 874 5672 n.
898 5616 951 5685 ‘2,
980 5624 1037 5671 et
1057 5632 1144 5686 ep.
1172 5614 1239 5672 ad
1261 5614 1565 5673 Marcellam
1589 5616 1640 5671 in
1664 5617 1891 5689 append.

311 5690 591 5842 i'héldfest
616 5759 935 5842 enuntiatur.
957 5758 1092 5842 Vide
1115 5773 1283 5842 carm.
1307 5756 1362 5826 6,
1396 5773 1444 5812 v.
1482 5756 1661 5842 230.“
1738 5796 1759 5842 _-

384 5838 460 5903 (ω)
492 5831 885 5903 Manuscriptus
925 5831 1104 5887 codex
1152 5829 1352 5901 Regius
1380 5845 1503 5885 cum
1534 5831 1694 5887 e.litis
1736 5829 1896 5900 Bad.,

1753 340 1996 397 ῬΟΕΜΔ
2037 340 2171 397 νηί.

1932 3238 1983 3301 C

1932 4633 1987 4696 D

3490 346 3599 405 450

2147 452 2285 519 Quia
2305 468 2470 509 carne
2497 453 2691 521 victus,
2714 462 2897 512 mente
2917 471 3027 511 non
3050 471 3236 513 versus
3249 465 3454 523 tamen,

2038 546 2109 600 40
2148 545 2261 601 Etsi
2282 547 2494 614 negarit
2511 546 2748 602 debitam
2769 548 2875 617 legi
2893 548 3074 612 tidem.

2144 638 2249 694 Per
2269 638 2435 693 multa
2456 654 2598 710 saepe
2616 639 2903 697 devolutus
2921 642 3145 697 crimina
3164 659 3179 695 :

2147 730 2353 786 Tamen
2376 731 2499 787 lidei
2521 748 2719 789 nomen
2740 742 3001 790 aeternum
3032 749 3247 803 gerens,

2143 823 2443 893 Numquam
2472 812 2951 882 salutiseasulabit
2979 826 3193 883 ﬁnibus.

2144 913 2347 971 Idcirco
2368 917 2549 972 cuncti
2576 931 2720 972 nunc
2742 917 2794 971 in
2816 919 2924 973 isto
2953 917 3139 974 seculo
3153 959 3170 981 ,

2038 1006 2111 1060 ιε
2146 1007 2284 1062 Dum
2304 1008 2477 1063 currit
2493 1016 2645 1072 tetas,
2669 1019 2726 1063 et
2744 1009 2859 1068 dies
2878 1009 2979 1064 atavi
3001 1018 3169 1079 patet,

2148 1100 2345 1158 Rectas
2364 1116 2588 1169 agamus
2616 1103 2839 1158 semitas
2868 1101 3025 1157 ﬁrmo
3054 1104 3212 1174 pede,

2144 1192 2257 1249 Nec
2276 1193 2584 1248 deferamur
2604 1193 2813 1250 lubrico
2835 1195 2958 1251 latte
2980 1195 3111 1262 vite,

2140 1283 2373 1338 Praestat
2399 1298 2496 1354 per
2522 1292 2733 1339 arctum
2754 1286 2775 1316 ³
2798 1285 3119 1343 dimicantes
3153 1289 3428 1345 tramitem

2149 1374 2459 1431 Laboriosis
2482 1376 2707 1432 introire
2732 1376 2960 1432 nisibus.

2044 1466 2113 1521 50
2148 1466 2275 1520 Vias
2303 1465 2573 1521 bonorum
2602 1465 2755 1521 laetus
2774 1468 3019 1535 agnoscit
3049 1467 3214 1535 Deus,

2150 1558 2221 1612 At
2236 1559 2519 1629 impiorum
2539 1571 2773 1627 pronum
2790 1557 2898 1613 iter
2921 1558 3209 1614 delebitur.

2578 1690 2810 1746 POEMA
2836 1690 2950 1747 νιιι

2473 1820 2831 1862 νΑιιΑΡιικΑειδ
2868 1820 3058 1862 Ρειιιι
3086 1822 3143 1862 ll.

2157 1916 2266 1973 Cur
2280 1924 2472 1987 gentes
2490 1913 2783 1983 tremuere,
2803 1924 2861 1971 et
2887 1915 3066 1971 inania
3089 1933 3186 1972 cur
3212 1917 3455 1974 meditati

2156 2010 2297 2065 Sunt
2322 2009 2542 2082 populi?
2570 2008 2897 2065 adstiteruut
2924 2024 3182 2082 proceres
3222 2027 3346 2069 cum
3391 2014 3609 2084 regibus

3479 2107 3609 2182 [acti

2156 2196 2454 2253 Adversum
2478 2196 2766 2253 Dominum
2784 2208 2841 2255 et
2868 2197 3144 2257 Christum
3161 2243 3180 2269 ,
3204 2217 3405 2258 vesana
3432 2202 3512 2275 (α)
3530 2201 3610 2258 τε.

3383 2292 3606 2367 [rentes.

2157 2380 2380 2437 Vincula
2404 2397 2735 2452 rumpamus,
2755 2383 2883 2454 juga
2911 2383 3259 2440 discutiamus
3285 2399 3476 2447 eorum
3502 2400 3518 2438 :

2078 2472 2121 2525 τ)
2156 2473 2258 2541 Qui
2289 2484 2472 2531 manet
2500 2484 2705 2531 aeterno
2728 2477 2856 2531 totis
2876 2476 3248 2533 moderamine
3270 2477 3443 2542 colis.

2157 2566 2535 2634 lrridebiteos,
2554 2568 2807 2639 justaque
2824 2572 3080 2638 loquetur
3102 2570 3158 2624 in
3188 2569 3289 2634 ira,

2156 2656 2515 2729 Terribilique
2543 2661 2717 2735 minas
2737 2662 2905 2717 verbo
2932 2660 3170 2717 turbabit
3198 2660 3436 2732 iniquos.

2158 2749 2258 2805 Ast
2284 2764 2387 2819 ego
2416 2749 2532 2806 Rex
2560 2752 2629 2807 ab
2647 2767 2717 2807 eo
2748 2752 2904 2824 parili
2931 2752 3138 2808 ditione
3165 2762 3399 2820 creatus,

2160 2840 2497 2914 Prmceptum
2520 2843 2732 2899 Domini
2760 2860 2923 2916 super
2943 2845 3142 2901 almum
3163 2846 3397 2917 praadieo
3415 2846 3547 2904 Sion
3568 2848 3612 2907 ‘.

2045 2933 2119 2989 10
2153 2934 2274 3006 Ipse
2301 2934 2372 2990 ad
2391 2951 2479 2991 me
2508 2934 2789 3001 Dominus,
2823 2936 2993 3004 Meus,
3024 2939 3220 3009 inquit,
3261 2939 3403 2995 illius
3446 2954 3507 2995 es
3529 2948 3610 3005 tu,

2155 3025 2343 3099 Teque
2362 3026 2525 3084 hodie
2552 3028 2712 3097 genui
2746 3028 2844 3101 (ι).
2868 3028 3000 3085 Pete
3031 3048 3046 3085 :
3083 3030 3160 3086 sis
3203 3030 3336 3086 mihi
3362 3031 3611 3101 gentibus

3405 3123 3606 3199 [beres,

2156 3211 2222 3268 Et
2250 3221 2337 3268 tua
2360 3211 2388 3253 ι
2416 3212 2672 3270 fundatur
2697 3213 2827 3269 totis
2853 3214 3126 3286 possessio
3166 3215 3345 3271 terris.

2162 3303 2357 3361 Ferrea
2378 3306 2528 3376 virga
2555 3305 2652 3362 tibi
2681 3314 2786 3373 est,
2818 3306 2995 3362 valido
3039 3307 3164 3377 quia
3186 3305 3313 3376 jure
3339 3315 3611 3364 tumentes

2159 3396 2303 3455 Orbe
2330 3399 2473 3469 regis
2505 3407 2621 3456 toto
2667 3400 2936 3472 populos:
2968 3415 3067 3456 ceu
3094 3417 3223 3456 vasa
3270 3400 3344 3473 (ε)
3392 3411 3611 3458 recocto

2050 3489 2121 3544 {5
2156 3489 2307 3547 Ficta
2328 3491 2445 3548 luto
2473 3492 2729 3563 lrangens
2755 3491 2941 3558 corda,
2966 3501 3024 3547 ut
3057 3493 3283 3548 meliora
3329 3491 3609 3549 reformes.

2224 3581 2295 3639 Et
2323 3599 2467 3639 nunc
2488 3599 2616 3640 ecce
2661 3599 2853 3640 omnes
2896 3583 3082 3641 stratis
3128 3583 3416 3652 advertite,
3455 3596 3609 3653 reges

2156 3674 2449 3746 Mentibus,
2480 3678 2910 3749 et'quieumque
2960 3665 3239 3732 hominum
3296 3674 3609 3731 famulantia

3420 3767 3607 3844 [corda

2153 3860 2366 3918 Iudicio
2392 3863 2596 3931 regitis,
2619 3877 2910 3933 rerumque
2931 3863 3124 3920 tenetis
3150 3863 3390 3918 habenas
3415 3881 3430 3915 :

2154 3954 2432 4011 Deservite
2454 3955 2563 4011 Deo
2593 3954 2817 4026 trepidi,
2842 3957 3119 4024 mixtoque
3149 3954 3331 4010 ﬁdeles

2045 4053 2117 4109 ω
2154 4054 2434 4110 Essultate
2463 4066 2609 4112 metu
2641 4055 2775 4111 :tiat
2801 4056 3074 4111 discordia
3112 4069 3357 4115 concors.

2154 4156 2449 4212 Dissimiles
2472 4157 2686 4213 socians
2704 4156 2929 4214 aﬂectus
2948 4166 3171 4227 pectore
3197 4157 3253 4211 in
3284 4172 3425 4221 uno;

2151 4248 2230 4303 Ne
2262 4249 2426 4304 timor
2452 4246 2653 4318 afﬂigat
2681 4258 2912 4317 mentes,
2933 4248 3022 4304 vel
3045 4247 3241 4317 gaudia
3268 4247 3502 4317 solvant,

2153 4349 2211 4405 Si
2226 4358 2447 4407 careant
2472 4348 2616 4418 laeto,
2641 4350 2819 4422 pavidi
2845 4348 3131 4407 formidine
3150 4351 3301 4407 lethi.

2153 4444 2351 4500 Discite
2372 4443 2656 4513 justitiam.
2687 4451 2977 4512 rectosque
2993 4444 3264 4514 capessite
3298 4458 3497 4506 mores,

2041 4533 2113 4589 25
2153 4535 2219 4590 Et
2233 4536 2381 4605 justo
2409 4534 2676 4606 trepidate
2704 4534 2839 4603 Deo,
2866 4534 3096 4603 gaudete
3118 4534 3373 4602 benigno,

2151 4638 2448 4708 Nequando
2471 4637 2720 4692 meritum
2750 4636 2893 4691 Deus
2923 4637 3191 4692 irascatur
3215 4636 3268 4690 in
3304 4637 3513 4701 orbem,

2156 4730 2372 4800 Vosque
2398 4730 2482 4785 via
2507 4728 2650 4798 iusta
2667 4730 2812 4799 justo
2847 4730 3083 4799 pereatis
3110 4728 3308 4783 abacti.

2159 4824 2365 4880 Amodo
2388 4826 2513 4894 jam‘
2532 4824 2739 4879 resilire
2767 4824 2852 4877 via
2874 4823 3180 4893 properetis
3208 4821 3409 4890 iniqua,
3447 4839 3451 4843 ·

2155 4915 2292 4970 Ecce
2319 4916 2489 4981 brevi,
2520 4930 2645 4971 cum
2674 4930 2867 4984 magna
2897 4916 3138 4984 potentis
3159 4913 3411 4967 inarserit
3430 4913 3529 4979 ira,

2043 5008 2113 5065 '50
2222 5009 2461 5065 Ventilet
2487 5018 2546 5063 ut
2566 5019 2739 5064 totum
2760 5008 2944 5081 divino
2974 5008 3224 5063 examine
3252 5008 3530 5074 mundum,

2152 5101 2410 5171 Segreget
2435 5112 2493 5156 et
2513 5102 2696 5173 paleas
2726 5102 2856 5170 igni,
2886 5096 3153 5156 frumenta
3181 5100 3378 5157 saluti:

2152 5192 2303 5249 Tunc
2331 5209 2538 5257 omnes,
2567 5195 2760 5264 quibus
2786 5201 2871 5249 est
2900 5193 3045 5249 ineo
3072 5208 3197 5263 spes
3218 5192 3341 5259 tida,
3364 5194 3530 5249 beati.

2002 5333 2156 5388 tirin.
2183 5341 2241 5388 et
2268 5331 2498 5399 Poelm.,
2529 5334 2805 5404 frententea
2836 5348 2855 5385 :
2884 5330 3029 5402 quod
3057 5331 3309 5403 placeret,
3338 5332 3441 5390 nisi
3480 5333 3594 5404 jam

2002 5404 2376 5475 dictitare/sset
2415 5415 2591 5475 gentes
2622 5406 2896 5475 (remum.

2077 5474 2155 5547 (ti)
2183 5473 2262 5530 Ex
2290 5471 2806 5547 ms.gcodice'll_egio
2836 5481 2892 5547 et
2920 5471 3081 5529 editis
3122 5472 3307 5547 Bad,
3327 5472 3490 5531 Grav.
3540 5485 3597 5531 et

2002 5544 2191 5671 ἓῇὶιοιιζ.
2215 5544 2621 5601 emendavimus
2673 5544 2796 5601 Pete
2813 5588 2830 5613 ,
2856 5545 3012 5613 juxta
3037 5553 3245 5600 textum
3279 5544 3596 5618 Scriptum.

2029 5652 2046 5671 .
2088 5658 2101 5671 .
2187 5631 2327 5671 osv..
2360 5628 2497 5671 veto.

2029 5628 2101 5671 tu.
2139 5628 2327 5683 ttosv.,
2360 5628 2497 5683 pcto.

2076 5634 2101 5671 ι.
2139 5634 2327 5683 ttosv.,
2360 5634 2497 5688 pcto.

2076 5688 2147 5757 (τ’)
2195 5687 2284 5758 Sic
2336 5704 2436 5758 ms.
2485 5686 2661 5745 codex
2713 5686 2915 5758 Regius
2968 5702 3092 5743 cum
3137 5684 3298 5745 editis
3338 5684 3595 5743 (irim-et

2002 5757 2207 5815 Puelm.
2237 5757 2377 5813 Edit.
2412 5757 2577 5815 Βοῦν.
2599 5800 2614 5827 ,
2647 5757 2872 5815 recocta.
