4134 6434
190 376 295 437 d5?

1488 593 1713 667 {reatur,

326 685 555 742 Secreta
585 688 784 758 ignitus
811 696 1104 760 penetrans
1129 688 1374 746 ealestia
1391 703 1610 744 sensus.

332 778 579 851 Namque
605 780 806 837 caduca
831 789 1022 852 patent
1049 781 1270 848 nostris,
1294 789 1497 836 asterna
1527 788 1795 850 negantur

193 870 296 928 ns
336 872 580 939 Visihus,
627 881 684 930 et
706 890 853 931 nime
879 889 976 946 spe
1003 875 1281 946 sequimur
1318 875 1465 945 quod
1494 882 1677 931 mente
1705 873 1787 945 vi-

686 1042 689 1045 ,
1485 961 1721 1040 [demus.

333 1059 670 1131 Spernentes
699 1060 876 1116 varias
902 1075 1085 1117 rerum
1112 1058 1421 1131 spectacula
1454 1056 1693 1127 formas,

334 1151 406 1208 Et
431 1154 575 1208 male
597 1169 894 1224 corporeus
920 1154 1064 1211 bona
1092 1153 1441 1209 sollicitantia
1476 1146 1641 1209 visus.

335 1250 589 1303 Attamen
620 1250 734 1303 haec
761 1257 789 1289 ι
816 1247 1021 1304 sedisse
1047 1248 1096 1282 "
1125 1247 1230 1306 illis
1257 1247 1525 1302 sententia
1549 1246 1663 1301 visa
1692 1252 1794 1312 est,

339 1343 475 1399 Tota
498 1343 692 1413 quibus
710 1341 827 1412 jam
856 1342 949 1398 lux
976 1341 1151 1413 patuit
1175 1342 1398 1410 verique
1422 1339 1680 1410 bonique,

192 1440 300 1496 {80
338 1439 565 1498 Venturi
591 1447 856 1495 :ctcrnum
882 1438 1033 1505 seeli,
1064 1445 1121 1494 et
1151 1435 1436 1508 praesentis
1462 1436 1649 1491 inane.

409 1533 480 1588 At
514 1531 647 1587 mihi
674 1546 784 1597 non
812 1528 1005 1587 eadc'm
1030 1528 1118 1585 cui
1147 1529 1351 1599 gloria,
1380 1542 1480 1583 cur
1507 1524 1699 1583 eadem
1727 1525 1801 1581 sit

336 1624 503 1681 Fama
525 1626 549 1681 2
571 1624 704 1680 ﬁdes
728 1622 841 1679 voti
859 1623 905 1656 ’⁷
938 1636 1041 1693 par
1068 1628 1173 1688 est,
1198 1619 1293 1676 sed
1328 1633 1545 1676 amoena
1574 1618 1796 1684 colenti,

340 1716 496 1773 Nunc
510 1717 675 1771 etiam
696 1724 754 1771 et
775 1714 971 1800 blanda
990 1714 1172 1786 posito
1198 1712 1485 1785 locupletis
1508 1712 1564 1767 in
1586 1711 1799 1767 hacta”

342 1809 586 1873 Littoris,
615 1808 759 1864 unde
787 1808 905 1863 haec
925 1807 1039 1878 jam
1066 1814 1180 1861 tam
1207 1804 1460 1861 festinata
1490 1804 1759 1870 locorum,

197 1903 305 1962 185
338 1900 543 1959 Invidia
572 1899 701 1958 est?
730 1899 934 1955 utinam
955 1898 1134 1968 justus
1160 1912 1250 1953 me
1276 1911 1504 1969 carpere
1532 1895 1673 1952 livor

336 1994 579 2065 Incipiat,
613 1990 810 2048 Christi
837 1990 938 2047 sub
967 1991 1186 2058 nomine
1215 1989 1413 2060 probra
1444 1989 1754 2060 placebunt.

336 2087 459 2145 Non
496 2086 705 2160 patitur
751 2092 997 2140 tenerum
1043 2097 1199 2139 mens
1227 2080 1458 2137 Numine
1501 2082 1653 2136 lirma
1690 2096 1787 2153 pu-

1492 2173 1724 2247 (dorem,

336 2271 408 2329 Et
433 2272 550 2329 laus
575 2271 665 2328 hic
686 2278 963 2327 contemta
985 2269 1131 2324 redit
1155 2268 1285 2324 mihi
1311 2266 1493 2339 judice
1520 2267 1755 2321 Christo.

404 2364 486 2422 Ne
512 2380 601 2420 me
625 2363 827 2434 igitur,
852 2360 1162 2418 venerande
1190 2375 1422 2432 parens,
1453 2359 1537 2415 his
1566 2370 1624 2415 ut
1654 2359 1797 2414 male

1480 2451 1723 2526 [versum

193 2545 297 2606 ne
332 2547 631 2621 Increpites
656 2547 869 2615 studiis,
900 2561 1077 2618 neque
1099 2560 1188 2601 me
1213 2544 1304 2600 vel
1329 2541 1557 2616 conjuge
1579 2560 1792 2617 carpas,

337 2641 439 2698 Vel
462 2642 662 2697 mentis
689 2640 823 2695 vitio
848 2659 863 2694 :
895 2653 1004 2697 non
1031 2639 1193 2694 anxia
1223 2637 1660 2708 BellerOphontis

335 2733 490 2790 Mens
535 2742 618 2789 est
643 2775 661 2801 ,
709 2747 813 2789 nec
857 2730 1125 2801 Tanaquil
1171 2729 1303 2784 mihi
1329 2767 1345 2795 ,
1405 2730 1500 2785 sed
1544 2728 1795 2785 Lucretia

1475 2822 1720 2898 [mnjux.

342 2923 481 2980 .Nec
507 2923 638 2979 mihi
668 2939 810 2979 nunc
830 2922 992 2995 patrii
1014 2928 1098 2977 est
1125 2922 1209 2994 (ut
1230 2919 1336 2992 vis)
1366 2920 1568 2977 oblivio
1597 2921 1721 2978 coeli
1740 2962 1756 2988 ,

369 3017 474 3087 Qui
501 3033 772 3075 summum
801 3023 1065 3089 suspecto
1087 3014 1329 3083 Patrem,
1358 3029 1521 3085 quem
1544 3015 1636 3087 qui
1664 3015 1797 3072 colit

1441 3134 1444 3136 ~
1497 3108 1719 3184 [unum,

196 3203 301 3260 195
338 3202 440 3262 llic
455 3219 585 3261 vere
604 3219 814 3262 memor
834 3211 921 3261 est
936 3202 1083 3261 cmli.
1117 3200 1293 3259 Crede
1312 3216 1466 3271 ergo,
1490 3210 1667 3273 pater,
1693 3217 1795 3259 nos

1762 381 2001 442 POEMA
2039 382 2109 441 Χ.

331 496 574 571 Quaeque
619 497 765 557 vide;
807 510 1064 572 spernat,
1115 513 1237 571 qua:
1265 514 1375 556 non
1417 492 1560 555 videt
1589 506 1648 553 ut
1675 513 1792 554 ηια-
1820 510 1866 567 Α

1828 1901 1876 1961 Β

3396 375 3505 440 458

2042 496 2159 554 Non
2194 496 2309 553 lare
2335 495 2808 567 barbaricovrigui,
2837 503 3077 552 mutatus
3108 497 3175 559 in.
3194 496 3363 568 ipsos,

1899 590 2004 645 2l0
2042 590 2187 646 Inter
2214 605 2351 661 quos
2383 588 2459 662 (ὁ)
2489 590 2649 645 habui
2673 590 2823 645 socia
2851 587 3086 657 feritate,
3111 590 3357 645 colonos.

2040 684 2159 741 Non
2200 686 2395 755 recipit
2419 699 2574 740 mens
2605 698 2741 755 pura
2771 682 2976 739 malum
3000 725 3016 752 ,
3067 698 3245 755 neque
3287 684 3499 739 levibus

3193 779 3424 852 [haerent

2043 874 2305 945 lnspersze
2326 871 2476 929 libris
2502 871 2763 928 maculae:
2794 871 2875 929 sic
2901 871 3152 929 Vascone
3176 872 3319 929 saltu

2038 964 2294 1037 Quisquis
2340 965 2452 1035 agit
2498 980 2667 1037 purus
2713 964 2937 1022 sceleris
2986 965 3156 1021 vitam
3204 966 3349 1022 inter
3396 966 3503 1023 ini-

3175 1060 3337 1135 [quos
3362 1063 3430 1127 ’9,

2040 1152 2196 1210 Nulla
2222 1155 2292 1211 ab
2320 1153 2614 1210 inhumano
2642 1169 2854 1211 morum
2895 1155 3147 1223 contagia
3178 1154 3326 1212 ducit

1891 1243 2007 1303 -2l5
2043 1246 2291 1319 Hospite.
2321 1246 2430 1305 S’ed
2458 1249 2589 1305 mihi
2611 1265 2711 1306 cur
2737 1250 2808 1306 sit
2827 1252 2896 1307 ab
2918 1252 3009 1305 i£lo
3030 1250 3251 1306 nomine
3271 1249 3500 1317 crimen,

2039 1338 2146 1407 Qui
2177 1339 2392 1396 diversa
2422 1340 2566 1406 colo,
2598 1350 2656 1396 ut
2684 1341 2860 1407 colui,
2894 1341 3011 1397 loca
3035 1341 3222 1412 juncta
3252 1342 3505 1413 superbis

2046 1428 2302 1496 Urbibus,
2333 1440 2391 1487 et
2417 1431 2556 1487 lzetis
2581 1431 2861 1488 hominum
2891 1433 3247 1489 celeberrima
3270 1434 3476 1490 cultis?

2044 1523 2123 1581 Ac
2148 1524 2195 1579 si
2224 1522 2542 1580 Vasconicis
2569 1524 2707 1579 mihi
2728 1524 2837 1579 vita
2868 1523 3059 1580 fuisset
3087 1525 3140 1581 in
3169 1526 3283 1581 oris
3310 1543 3323 1556 ·

2042 1617 2154 1675 Cur
2182 1634 2290 1673 non
2321 1631 2475 1673 more
2497 1632 2620 1675 meo
2641 1618 2823 1689 potius
2848 1616 3099 1687 formata,
3130 1618 3334 1676 ferinos

1895 1710 2004 1767 220
2042 1710 2279 1768 Poneret
2300 1710 2325 1749 ἀ
2351 1712 2404 1768 in
2428 1720 2644 1769 nostros
2664 1713 2901 1783 migrans
2924 1728 3056 1784 gens
3079 1714 3308 1771 barbara
3330 1715 3506 1773 ritus?

2044 1804 2178 1861 Nam
2204 1804 2352 1877 quod
2380 1806 2435 1861 in
2462 1806 2534 1880 (c)
2562 1807 2769 1863 aversis
2790 1806 3096 1863 habitacula
3118 1808 3274 1879 ponis
3293 1806 3508 1865 Hiberis

2048 1897 2304 1965 Urbibus,
2341 1907 2398 1955 et
2420 1899 2635 1955 deserta
2668 1908 2762 1955 tuo
2790 1900 2923 1970 legis
2949 1901 3149 1976 oppida
3177 1916 3359 1966 versu.

2045 1990 2468 2061 Montanamqne
2492 1991 2622 2046 mihi
2645 1989 2983 2063 Calagurrim
3006 2000 3061 2049 et
3078 1991 3312 2050 Bilbilim
3336 1993 3508 2052 acutis

2045 2080 2382 2139 Pendentem
2410 2082 2673 2153 scopulis,
2704 2084 3011 2155 collemque
3030 2085 3266 2153 jacentis
3297 2086 3485 2143 Ilerda:

1897 2173 2005 2230 225
2042 2174 2375 2246 Esprobras,
2397 2176 2550 2231 velut
2574 2176 2660 2231 his
2681 2175 2921 2233 habitem
2951 2177 3083 2235 laris
3102 2179 3256 2234 exsul
3280 2188 3336 2236 et
3357 2180 3506 2238 urbis

1902 2268 2257 2341 371-372
2294 2266 2455 2323 Extra
2502 2268 2782 2324 hominum
2824 2276 2968 2326 tecta
3006 2279 3170 2342 atque
3210 2272 3325 2329 vias
3376 2291 3389 2327 :
3435 2288 3505 2329 an

3060 2365 3261 2437 [creuis
3290 2364 3505 2423 Hibera:

2047 2455 2155 2511 llas
2184 2455 2391 2512 telluris
2416 2471 2567 2528 opes,
2594 2456 2818 2529 Hispani
2840 2457 3055 2515 nescius
3083 2460 3231 2516 orbis
3248 2501 3264 2527 ,

2045 2548 2166 2617 Quo
2194 2549 2376 2619 gravis
2405 2549 2497 2605 ille
2527 2550 2639 2622 poli
2669 2552 2770 2606 sub
2796 2551 3038 2622 pondere
3058 2553 3304 2609 constitit
3329 2552 3505 2622 Atlas,

2049 2639 2244 2696 Ultima
2275 2657 2421 2698 nunc
2447 2641 2565 2712 ejus
2587 2658 2745 2699 mons
2773 2644 2953 2716 portio
2989 2653 3244 2717 metaque
3276 2638 3434 2704 terna

1898 2732 2008 2788 250
2041 2732 2303 2791 Discludit
2327 2735 2591 2792 bimarem
2631 2736 2777 2793 celso
2801 2738 2895 2808 qui
2926 2740 3131 2796 vertice
3157 2739 3399 2813 Calpen?

2046 2823 2252 2882 Bilbilis
2265 2826 2393 2883 huic
2412 2834 2647 2896 tantum,
2663 2828 2991 2899 Calagurris,
3010 2831 3182 2887 llerda
3199 2840 3420 2890 notatur
3435 2834 3502 2903 ",

2040 2916 2292 2975 Cmsarea
2311 2926 2401 2975 est
2421 2919 2660 2989 Augusta
2682 2921 2790 2985 cui,
2808 2922 2885 2993 (ά)
2903 2922 2991 2978 cui
3020 2923 3251 2981 Barcino
3270 2942 3506 2999 ammna,

2043 3006 2110 3065 Et
2135 3010 2315 3082 capite
2342 3009 2541 3081 insigni
2569 3010 2894 3082 despectans
2920 3013 3157 3073 Tarraco
3185 3027 3434 3090 pontum.

2115 3100 2258 3170 Quid
2287 3117 2570 3160 numerem
2596 3105 2845 3176 egregias
2875 3106 3036 3164 terris
3064 3116 3123 3166 et
3164 3112 3436 3170 mmnibus
3464 3114 3506 3151 “

3298 3204 3507 3280 [urbem

334 3296 447 3353 Nec
477 3296 600 3352 coeli
624 3296 989 3362 immemores,
1015 3310 1116 3353 nec
1132 3296 1320 3353 vivere
1337 3295 1537 3351 mentis
1556 3304 1799 3366 egentes,
1828 3301 1875 3367 ο
1904 3287 2013 3345 255
2048 3288 2163 3358 Qua
2193 3283 2469 3361 geminum
2499 3288 2629 3348 felix
2656 3290 2914 3365 Hispania
2945 3296 3117 3353 tendit
3146 3296 3199 3353 in
3227 3313 3434 3375 aequor,

338 3390 711 3461 Romanisque
737 3389 945 3459 agitare
975 3388 1107 3444 locis
1134 3406 1149 3456 ;
1192 3387 1371 3445 studia
1401 3389 1519 3460 ipsa
1543 3387 1763 3460 piorum

334 3475 629 3541 Testantur
656 3492 859 3540 mores
902 3483 1224 3539 hominum:
1281 3497 1385 3541 nec
1431 3483 1579 3540 enim
1629 3483 1800 3556 impia

1432 3574 1727 3652 [summum

333 3669 482 3730 Gens
498 3670 703 3744 poterit
723 3670 940 3728 novisse
960 3669 1131 3725 Deum
1160 3687 1176 3737 ;
1206 3669 1315 3726 sint
1335 3669 1504 3725 multa
1525 3664 1796 3736 locorum,

189 3766 300 3830 κο
338 3764 505 3823 Multa
532 3765 815 3822 hominum
840 3762 1033 3820 studiis
1058 3763 1283 3832 inculta,
1313 3762 1562 3835 expertia
1592 3763 1797 3834 legum,

335 3857 468 3927 Quae
493 3858 645 3928 regio
681 3856 880 3929 agresti
915 3855 1024 3913 ritu
1054 3855 1247 3913 caret?
1297 3862 1393 3911 aut
1418 3855 1550 3926 quid
1589 3860 1667 3927 (a)
1695 3855 1797 3912 ho-

1530 3947 1725 4022 [uestis

332 4043 659 4116 lmprob’tas
682 4043 862 4099 aliena
888 4052 1054 4101 nocet
1071 4043 1098 4098 ?
1125 4041 1264 4112 Quid
1293 4049 1351 4099 tu
1379 4042 1514 4099 mihi
1546 4048 1727 4100 vastos

332 4135 617 4194 Vasconim
637 4136 838 4205 saltus,
868 4143 925 4192 et
954 4147 977 4175 ο
1008 4135 1265 4205 ninguida
1296 4133 1545 4204 Pyrenaei

334 4228 538 4301 Objicis
561 4228 816 4300 hospitia,
847 4229 903 4284 in
931 4228 1110 4300 primo
1133 4228 1288 4298 quasi
1313 4227 1500 4285 limine
1524 4226 1663 4284 ﬁxus

189 4322 296 4383 205
331 4322 584 4396 Hispanae
612 4322 851 4393 regionis
877 4335 1053 4392 agam,
1084 4336 1188 4379 nec
1214 4322 1281 4377 sit
1311 4321 1465 4379 locus
1491 4336 1721 4393 usquam

332 4416 481 4474 Bure
507 4417 614 4473 'vel
662 4416 797 4473 urbe
842 4416 1015 4483 mihi,
1072 4431 1343 4473 summum
1387 4430 1497 4488 qua
1541 4415 1696 4473 dives
1733 4414 1792 4472 in

1503 4510 1718 4586 [orbem

332 4605 515 4678 Usque
544 4613 693 4678 patet
721 4621 929 4662 mersos
957 4615 1209 4679 spectans
1237 4598 1497 4679 Hispania
1524 4607 1717 4662 soles?

398 4696 509 4754 Sed
531 4697 692 4754 fuerit
717 4695 932 4754 fortuna
950 4738 965 4763 ,
989 4698 1135 4769 jugis
1162 4698 1437 4755 habitasse
1465 4698 1736 4755 latronum
1765 4716 1780 4753 :
1813 4690 1863 4750 D

254 4854 281 4882 ⁸
308 4842 365 4899 1d
396 4850 479 4899 est
506 4843 780 4915 placuisse.
813 4841 949 4897 Vide
972 4857 1114 4898 vers.
1148 4840 1235 4896 12.

250 4923 281 4964 ι»
309 4923 498 4994 Virgil.
521 4924 670 4983 am.

256 5017 280 5045 ι·
309 5004 444 5060 Vide
474 5013 588 5058 not.
620 5002 747 5057 2‘26.

249 5084 278 5125 δ
313 5085 367 5140 ιιι
390 5093 474 5141 est
503 5084 798 5155 deponeret,
822 5083 957 5139 Vide
978 5098 1150 5140 carm.
1184 5082 1271 5153 Η,
1302 5101 1354 5139 v.
1386 5083 1478 5140 8i.

258 5177 282 5205 '
314 5166 451 5223 Vide
472 5174 589 5222 not.
626 5164 750 5239 227.

257 5244 281 5287 ί
314 5245 452 5302 Vide
475 5254 592 5302 not.
625 5242 751 5300 228.

254 5337 283 5378 s
310 5325 446 5383 Vide
466 5335 584 5381 not.
611 5324 736 5380 229.

255 5420 336 5493 (a)
367 5418 444 5493 Ita
470 5435 570 5475 ms.
600 5418 739 5475 Voss
768 5429 823 5476 et
847 5420 977 5478 edit.
1008 5419 1189 5477 Vinet.
1221 5419 1348 5491 Alii,
1368 5420 1422 5476 in
1445 5421 1583 5477 istis.
1616 5420 1781 5480 Utra-

184 5490 288 5565 que
317 5490 478 5546 lectio
505 5498 747 5566 recepta.

253 5572 332 5638 (lt)
362 5568 541 5625 Habui
557 5611 571 5631 .
590 5570 661 5645 _id
689 5578 774 5645 est
804 5570 1047 5629 habitari.
1079 5571 1170 5630 Sic
1197 5573 1387 5645 habere
1414 5588 1516 5645 pro
1542 5573 1778 5633 habitare

183 5648 561 5718 usurpatuma
584 5640 883 5718 Prudentio
908 5687 924 5712 ,
966 5645 1060 5700 lib.
1088 5661 1127 5701 ιι
1153 5652 1343 5701 contra
1366 5640 1773 5718 Simmachum,

184 5729 237 5770 v.
264 5711 393 5768 299.
427 5710 558 5767 Vidn
583 5711 859 5769 Heinsium
890 5710 946 5771 in
972 5718 1134 5775 notis.

253 5793 327 5873 (ο)
357 5791 499 5849 Ante
524 5800 644 5873 erat
670 5793 878 5873 eversis.
906 5794 1198 5873 chigfacta
1219 5798 1598 5856 immutatione
1618 5816 1776 5873 repo-

185 5866 407 5929 suimus,
438 5865 655 5930 aversis,
687 5865 737 5919 id
763 5875 846 5921 est
873 5871 1101 5924 remotis.

250 5943 332 6017 (ά)
360 5942 438 6003 ita
466 5942 733 6007 editiones
749 5943 1112 6021 Constantini,
1134 5949 1340 6007 Poelm.
1375 5961 1431 6009 et
1450 5952 1628 6011 Vinct.
1649 5972 1771 6017 eum

466 6034 739 6101 Pa'rnoa.
791 6038 973 6127 in.‘

2046 3379 2162 3451 Qua
2204 3381 2279 3457 (ε)
2328 3382 2478 3444 Betis
2514 3381 2812 3455 Oceanum,
2855 3386 3305 3466 T’nyrrenumque
3349 3403 3507 3465 auget

3228 3486 3506 3565 (Hiberus,

2046 3571 2288 3647 Lataque
2316 3573 2568 3632 distantis
2588 3575 2763 3649 pelagi
2784 3576 3013 3635 divortia
3036 3580 3293 3657 complet,

2038 3664 2190 3724 Orbe
2217 3683 2317 3724 suo
2347 3665 2509 3725 ﬁnem
2538 3684 2749 3740 ponens
2778 3670 2831 3725 in
2859 3670 2952 3726 lim
2979 3680 3032 3729 te
3056 3670 3287 3732 mundi?

2114 3762 2199 3817 An
2247 3761 2365 3830 tibi,
2410 3763 2486 3818 mi
2533 3762 2753 3820 domine
2783 3764 3028 3835 illustris,
3079 3768 3125 3823 si
3154 3768 3393 3827 scribere
3437 3771 3506 3831 sit

3304 3863 3505 3938 [ῐηθηε.

1844 4032 1847 4035 Δ
1897 3944 2004 4001 240
2039 3945 2157 4016 Qua
2180 3948 2406 4018 regione
2433 3948 2667 4017 habites,
2699 3950 2913 4023 placeat
2941 3952 3172 4010 reticere
3207 3954 3472 4013 nitentem

2043 4040 2409 4111 Burdigalam,
2442 4050 2499 4099 et
2532 4044 2717 4114 piceos
2745 4044 2909 4100 malis
2931 4045 3238 4103 describere
3268 4047 3469 4105 Boios?

2041 4135 2288 4205 Cumque
2317 4134 2642 4207 Marojalicis
2671 4145 2761 4194 tua
2794 4140 3032 4210 prodigis
3061 4150 3084 4178 ο
3118 4141 3230 4197 otia
3251 4142 3502 4212 thermis,

2039 4226 2187 4285 [nter
2214 4237 2271 4284 et
2309 4228 2592 4285 umbrosus
2616 4229 2788 4287 donas
2814 4231 2909 4288 tibi
2931 4232 3113 4289 vivere
3137 4234 3319 4307 lucos,

2040 4316 2186 4376 Laeta
2212 4321 2369 4388 locis,
2392 4327 2450 4376 et
2476 4321 2616 4377 mira
2643 4322 2829 4385 colens
2850 4323 3158 4381 habitacula
3189 4328 3347 4385 tectis
3377 4348 3391 4384 :

1892 4417 2002 4473 245
2037 4413 2392 4486 Nigrantesne
2419 4429 2578 4471 casas
2621 4423 2677 4470 et
2707 4415 2777 4487 (ι’)
2806 4423 2951 4472 texta
2998 4418 3232 4489 mapalia
3276 4422 3459 4480 culmo
3482 4466 3501 4493 ,

2033 4503 2352 4579 Dignaquef
2380 4504 2583 4578 pellitis
2606 4506 2817 4562 habitas
2841 4506 3056 4565 deserta
3086 4509 3356 4585 Bigerris?

2032 4599 2249 4673 Quique
2270 4598 2504 4671 superba
2533 4606 2637 4655 tua:
2664 4599 2708 4632 “
2736 4603 3043 4660 contemnis
3083 4607 3280 4663 moenia
3314 4607 3500 4668 Roma:

2028 4694 2254 4762 Consul,
2282 4692 2543 4750 arenOsos
2572 4700 2598 4740 α
2630 4708 2758 4748 num
2779 4690 3076 4766 dedignare
3103 4696 3372 4757 Vasatas?
3403 4690 3407 4695 ’

1889 4854 1992 4896 ms.
2026 4837 2214 4894 codice
2251 4837 2423 4906 Regio
2471 4845 2526 4894 et
2559 4838 2684 4894 cdd.
2732 4838 2921 4895 Schot.
2958 4837 3058 4895 Ed.
3094 4839 3356 4901 Rosv.....
3387 4844 3499 4902 Au-

1889 4922 2041 4984 gusta
2070 4911 2151 4964 cui
2184 4909 2482 4964 Barcinmts
2510 4926 2736 4965 amoma.

1964 4998 2225 5079 (e)_Prior
2246 4999 2452 5079 syllaba
2482 5000 2535 5055 in
2558 5000 2728 5079 ﬂectis
2756 5019 3040 5079 perperam
3069 5006 3361 5079 corripitur
3375 5027 3498 5069 cum

1891 5071 2259 5153 diphthongus
2280 5071 2463 5153 sitiet
2490 5074 2670 5143 priore
2702 5071 2869 5147 longa
2910 5078 3105 5145 legitur
3128 5071 3293 5153 apud
3323 5080 3497 5139 Luca-

1892 5142 2049 5221 num,
2071 5142 2327 5205 Statium.
2355 5142 2567 5221 Silium,
2592 5154 2649 5200 ct
2676 5142 2866 5203 omnes
2889 5142 3101 5219 poetas.
3132 5142 3203 5207 Ut
3229 5151 3391 5221 igitur
3407 5155 3499 5213 lex

1891 5214 2051 5270 metri
2076 5221 2389 5271 servaretur
2418 5215 2652 5284 legerem
2687 5234 2701 5271 :

1982 5316 2088 5376 Qua
2111 5316 2236 5368 Beli
2262 5316 2530 5377 Oceanum,
2554 5318 2967 5384 Thyrrenumuue
2991 5330 3143 5387 auget
3170 5325 3381 5381 Hibero.

1891 5414 2037 5495 puos
2060 5429 2249 5495 amiles
2272 5414 2521 5495 denotat,
2555 5414 2786 5488 quorum
2811 5418 2973 5477 Baetis
3002 5421 3053 5482 in
3080 5419 3376 5495 Oceanum,
3401 5428 3496 5486 lii-

1887 5485 2053 5542 berus
2079 5486 2132 5541 in
2159 5485 2500 5566 Tyrrhenum
2528 5485 2680 5566 mare
2708 5506 2829 5545 sese
2855 5504 3178 5566 exonerant.
3207 5485 3493 5566 Vulgatant

1886 5566 2073 5632 tamen
2099 5558 2422 5616 retinuimus
2445 5560 2759 5632 lectionem,
2786 5576 2949 5632 quam
2993 5562 3201 5620 Paulini
3233 5558 3354 5627 esse
3397 5588 3488 5625 ar-

1889 5628 2175 5712 bitramur,
2204 5644 2330 5689 cum
2366 5645 2488 5687 eam
2511 5628 2761 5688 codicum
2784 5628 3027 5690 omnium
3059 5644 3278 5694 tueatur
3301 5652 3489 5701 aucto-

1884 5709 2040 5758 ritas.
2058 5733 2067 5739 ι

1957 5793 2029 5869 (θ
2059 5791 2151 5850 Sic
2177 5809 2308 5869 mss.
2340 5794 2557 5869 codices
2586 5795 2722 5867 Reg.
2759 5806 2816 5852 et
2844 5798 3001 5857 Voss.
3036 5806 3093 5858 et
3133 5798 3264 5856 editi
3293 5800 3482 5869 ϐων..

1886 5862 2093 5922 Poélm.
2136 5874 2192 5921 et
2215 5865 2405 5923 Schot.
2440 5867 2493 5923 in
2523 5862 2727 5937 margg.
2765 5869 2896 5925 Vide
2943 5869 3057 5925 Nic.
3110 5869 3387 5932 lleinsiutn
3430 5862 3485 5932 in

1886 5939 2029 5996 notis
2050 5939 2119 5994 ad
2149 5938 2441 5997 Nasonem.
2467 5938 2588 6010 Alii,
2625 5948 2774 6009 tecta,
2808 5956 2929 5998 eum
2954 5940 3116 5998 Rosv.

3207 6052 3282 6121 15
