4134 6440
537 366 642 423 465

1774 614 1777 619 .
1786 564 2023 619 [Christe

1774 614 1777 619 .
1890 564 1934 619 ri
1965 572 2023 619 te

674 659 879 731 Sponte
907 669 995 715 tua
1016 656 1198 728 jussus
1220 658 1419 713 laxatis
1441 655 1668 713 reddere
1702 563 1983 725 ωθξῖτῑξ,
2026 602 2043 631 ν

674 749 894 819 Liquisti
922 764 1122 805 vacuos
1150 748 1348 803 rabidis
1368 747 1647 804 lictoribus
1666 756 1838 816 artus,

674 840 872 897 Vectus
897 840 951 895 in
969 840 1262 896 :etbereum
1286 839 1403 897 sine
1425 839 1683 910 sanguine
1709 847 1914 914 martyr
1941 839 2118 897 hono-

572 1028 640 1086 10
709 1024 754 1083 0
779 1033 952 1098 pater,
984 1040 1018 1083 o
1038 1024 1272 1088 domine,
1307 1022 1535 1095 indignis
1570 1023 1717 1093 licet,
1743 949 2115 1081 musmser-

1947 1132 2021 1172 νιει

1947 1132 2021 1172 vrs

680 1211 748 1268 Ut
775 1211 1009 1279 tandem,
1041 1212 1181 1268 hanc
1226 1210 1395 1281 fragili
1427 1210 1686 1267 trahimus
1719 1207 1848 1266 dum
1886 1117 2118 1279 ciu-de

1856 1301 2021 1354 vitam

1856 1301 2021 1354 vitam

673 1396 1026 1470 379-380
1037 1397 1263 1456 Sedibus
1281 1401 1497 1472 optatis,
1513 1407 1569 1455 et
1581 1413 1684 1470 qua
1699 1298 1993 1468 requiescis
2013 1337 2067 1451 i’n
2089 1401 2115 1432 ι

1899 1491 2041 1557 aula,

676 1576 828 1639 llunc
872 1583 1031 1640 liceat
1058 1584 1342 1647 celebrare
1384 1580 1565 1656 diem,
1596 1585 1684 1658 pia
1712 1493 2116 1641 Mdeﬂultaco—

1131 1684 1134 1689 '
1864 1676 2000 1707 rum
2023 1676 2046 1707 ⁸

1131 1684 1134 1689 ’
1886 1689 2004 1731 ram

681 1764 837 1835 Vota,
864 1775 918 1824 et
939 1768 1234 1839 gaudentes
1263 1769 1402 1824 inter
1434 1768 1667 1838 gaudere
1694 1674 1973 1826 tumulEus.

569 1855 641 1911 15
741 1855 822 1914 Sit
841 1858 975 1928 jam,
1003 1873 1207 1929 quaeso,
1235 1860 1366 1916 satis
1392 1860 1583 1915 merita
1622 1860 1899 1930 impietate
1929 1858 2116 1914 tulisse
2147 1842 2194 1904 Β

669 1949 817 2008 lianc
868 1966 1086 2022 prunam
1138 1959 1219 2008 tot
1252 1951 1370 2023 jam
1417 1960 1552 2024 quot
1599 1960 1655 2009 te
1699 1952 1813 2009 sine
1863 1952 2114 2020 viximus,

1830 2042 2034 2119 μηνίει,

670 2130 811 2190 Sede
838 2141 929 2190 tua
967 2134 1175 2207 procul,
1212 2134 1351 2193 heu!
1379 2136 1625 2207 quamvis
1664 2151 1775 2193 non
1818 2144 2003 2194 mente
2031 2151 2118 2192 re-

1867 2227 2045 2302 (moti.

734 2316 860 2374 Jam
886 2316 1170 2375 desideriis
1195 2318 1459 2376 immenso
1497 2328 1741 2391 tempore
1754 2318 1908 2376 fessis

671 2409 905 2468 Consule
938 2430 951 2466 :
990 2412 1105 2483 jam
1153 2412 1239 2469 vel
1257 2427 1383 2470 sero
1412 2413 1434 2447 ³
1460 2428 1673 2471 memor
1710 2414 1969 2470 miserere
1993 2421 2117 2471 tuo-

1850 2506 1990 2581 [rum
2026 2523 2039 2560 ε

565 2592 636 2651 α)
672 2591 882 2666 Perque
903 2595 1111 2661 orbem,
1129 2595 1306 2666 magni
1333 2596 1426 2667 qui
1455 2610 1556 2652 nos
1576 2592 1653 2668 (b)
1683 2597 1872 2668 procul
1898 2611 2117 2666 aequore

1874 2687 2047 2760 [ponti

674 2777 940 2848 Disparat,
971 2776 1184 2834 obtritis
1206 2791 1328 2848 qua:
1344 2791 1448 2833 nos
1475 2776 1687 2835 inimica
1713 2777 2008 2843 retardant,

682 2867 863 2924 Pande
882 2868 998 2926 vias
1025 2866 1209 2924 faciles
1238 2885 1255 2922 :
1286 2875 1362 2937 et,
1392 2869 1438 2923 si
1465 2868 1877 2939 properantibus
1902 2869 1970 2923 ad
1996 2877 2050 2924 te

674 2954 888 3014 Invidus
907 2957 1079 3015 hostis
1105 2957 1287 3024 obest,
1322 2956 1532 3026 objecta
1560 2958 1814 3027 repagula
1840 2959 1977 3030 pelle

677 3050 895 3107 Fortior
919 3050 1178 3117 adversis,
1200 3057 1257 3106 et
1279 3051 1483 3107 amicos
1509 3052 1747 3122 proveho
1767 3067 1973 3109 cursus.

564 3143 639 3200 9.5
674 3143 780 3201 Seu
801 3144 1015 3216 placeat
1041 3143 1255 3200 telluris
1281 3143 1407 3213 iter,
1432 3159 1616 3200 comes
1643 3157 1838 3215 aggere
1851 3152 1976 3201 tuto

674 3235 807 3293 Esto
828 3236 971 3303 tuis;
999 3250 1096 3292 seu
1118 3248 1310 3304 magna
1331 3235 1410 3291 tui
1438 3233 1630 3290 ﬁducia
1652 3235 1813 3304 longo

678 3327 918 3384 Suadeat
943 3327 1023 3383 ire
1047 3324 1203 3393 mari,
1227 3325 1295 3382 da
1324 3340 1542 3382 currere
1568 3326 1818 3383 mollibus
1836 3327 2013 3396 undis,

674 3419 755 3478 Et
773 3418 985 3476 famulis
1009 3417 1241 3476 famulos
1278 3417 1349 3491 (c)
1380 3434 1412 3475 a
1446 3419 1613 3490 puppi
1658 3432 1882 3490 suggere
1904 3429 2118 3486 ventos,

681 3513 753 3577 lit
777 3512 1051 3585 Campana
1079 3512 1241 3569 simul
1266 3511 1485 3570 Christo
1513 3514 1650 3572 duce
1679 3514 1860 3571 littora
1883 3517 2047 3584 vecti,

674 3606 755 3663 Ad
785 3616 874 3662 tua
901 3621 1029 3663 mox
1052 3606 1217 3663 alacri
1245 3607 1521 3677 rapiamur
1544 3607 1774 3664 culmina
1802 3625 1985 3679 cursu,

569 3698 641 3756 30
676 3697 843 3769 Inque
865 3705 961 3753 tuo
989 3696 1231 3769 placidus
1250 3697 1406 3753 nobis
1426 3697 1495 3754 sit
1521 3697 1709 3754 limine
1732 3701 1940 3773 pertus.

744 3790 860 3848 Illic
896 3789 1053 3848 dulce
1065 3788 1273 3861 jugum,
1313 3790 1431 3847 leve
1467 3805 1627 3861 onus,
1657 3790 2016 3864 blandumque
2036 3793 2118 3850 fe-

1848 3887 2049 3961 [remus

677 3977 965 4035 Servitium
986 3975 1085 4032 sub
1115 3982 1168 4031 te
1207 3974 1284 4047 (Δ)
1312 3975 1565 4043 domino;
1597 3976 1698 4034 etsi
1719 3975 1896 4048 justus
1922 3976 2122 4048 iniquis

673 4068 793 4127 Non
832 4083 995 4139 egeas
1039 4066 1207 4124 servis
1228 4109 1245 4135 ,
1274 4076 1452 4123 tamen
1480 4076 1536 4123 et
1558 4067 1786 4137 patiere,
1831 4076 1887 4124 et
1914 4069 2121 4125 amabis

678 4160 1104 4228 Qualescumque
1132 4157 1229 4213 tibi
1257 4156 1471 4213 Christo
1501 4157 1737 4213 donante
1765 4157 1990 4224 dicatos,

571 4238 644 4310 35
678 4250 748 4307 Et
764 4250 968 4307 foribus
994 4248 1198 4305 servire
1220 4248 1344 4315 tuis,
1375 4254 1468 4302 tua
1485 4247 1860 4305 liminamane

674 4343 933 4401 Munditie
954 4341 1024 4415 (ι)
1055 4355 1248 4397 curare
1274 4339 1440 4405 sines;
1469 4346 1527 4394 et
1550 4346 1711 4395 nocte
1735 4339 1976 4397 .vicissim

675 4439 930 4498 Excubiis
952 4452 1173 4496 servare
1192 4437 1325 4510 piis;
1356 4443 1412 4492 et
1436 4427 1661 4493 munere
1681 4436 1736 4491 in
1766 4438 1872 4493 isto

668 4530 940 4588 Gaudere
960 4530 1311 4603 promeritam
1339 4525 1552 4584 defesso
1578 4542 1808 4602 corpore
1833 4530 2019 4589 vitam.

1102 4618 1333 4676 POEMA
1371 4617 1491 4674 XIII
1519 4619 1559 4674 ⁶.

785 4728 864 4773 νε
891 4729 939 4772 s.
967 4729 1154 4770 ηιιεε
1184 4702 1511 4771 rit-rastris!
1541 4727 1751 4768 usuusu
1775 4730 1830 4770 η.

535 4807 596 4866 S.
621 4805 788 4863 Felici
812 4806 1009 4889 gratias
1037 4806 1147 4889 egit
1171 4806 1308 4889 quod
1343 4806 1461 4889 ejus
1492 4806 1692 4860 milia
1720 4805 1898 4889 salvus
1922 4807 2115 4889 non...

599 4875 918 4951 pervenerit;
947 4885 997 4930 et
1023 4875 1266 4951 describit
1281 4875 1800 4951 populiponcursunt
1828 4879 1898 4933 ad
1919 4879 1978 4937 S.
2014 4881 2117 4939 Fc.

603 4947 715 5004 licia
745 4947 994 5002 tumulum
1022 4947 1077 5000 in
1117 4950 1249 5017 festo
1276 4947 1415 5003 illius
1441 4947 1547 5003 die.

654 5085 798 5140 Alias
819 5083 918 5139 l7:
943 5083 1088 5208 quod
1111 5090 1258 5139 autem

533 5171 675 5212 anno
695 5154 820 5221 595,
845 5155 933 5211 die
988 5154 1021 5208 4
1039 5152 1258 5210 Ianuar.

606 5228 646 5250 ι·
673 5226 822 5305 ΑΒ.εέ
842 5225 939 5305 ig;
959 5224 1104 5305 quod
1124 5233 1306 5281 autem
1328 5223 1395 5280 14
1409 5230 1546 5293 erat,
1571 5240 1711 5281 nunc
1728 5225 1817 5282 22.
1840 5227 2114 5305 Scriptum

534 5311 678 5354 anno
704 5293 831 5362 396,
861 5294 950 5351 die
975 5293 1049 5348 14
1076 5293 1295 5351 Ianuar.

606 5376 633 5405 ι
662 5366 796 5421 Vide
822 5380 991 5421 carm.
1022 5364 1111 5430 3‘2,
1141 5380 1193 5419 v.
1219 5364 1345 5424 544.

600 5436 632 5477 1³
657 5436 794 5492 Vide
811 5450 978 5495 carm.
1006 5434 1092 5498 15,
1126 5452 1179 5492 v.
1207 5436 1260 5491 9.

606 5518 631 5549 α
662 5505 799 5563 Vide
825 5521 990 5563 carm.
1022 5505 1112 5573 32,
1135 5522 1188 5560 v.
1213 5505 1337 5565 544.

604 5579 635 5618 ί
664 5575 798 5632 Vide
824 5592 994 5633 carm.
1016 5576 1104 5644 12,
1132 5592 1185 5630 v.
1219 5579 1307 5635 l5.

607 5660 633 5692 ο
663 5646 799 5723 _V_ide
818 5645 1029 5703 Beleth.
1057 5647 1166 5703 div.
1196 5648 1347 5707 Ofbc.
1378 5664 1496 5723 cap.
1530 5652 1582 5708 4.

607 5719 682 5795 (a)
847 5727 1347 5795 sequentesversus,
1366 5717 1490 5795 cuin
1504 5724 1588 5790 15,
1613 5726 1698 5790 tu,
1723 5725 1808 5789 t7.
1830 5726 1917 5795 l9,
1933 5726 2120 5795 20,22,

538 5789 626 5860 23,
643 5789 877 5867 24,_25,_
890 5790 980 5858 26,
1002 5790 1091 5856 27,
1109 5790 1244 5848 29et
1269 5790 1357 5856 50,
1382 5789 1581 5851 absunt
1598 5797 1667 5852 ab
1686 5789 1841 5853 editis
1864 5789 2121 5867 quinque.

594 5864 685 5947 μ’)
711 5863 810 5922 bis.
838 5861 1045 5933 Germ.,
1062 5872 1244 5923 tanta.

1458 361 1525 416 S.
1559 358 1830 416 PAULINI
1867 358 2115 415 NOLANI
2152 357 2455 416 EPISCOPI
2494 356 2842 416 ΡΟΕΜᾹΤᾹ.

670 477 1033 545 Devotamque
1072 473 1151 547 (α)
1194 471 1425 529 animam
1473 481 1743 531 tormenta
1789 490 1888 545 per
1939 474 2117 531 omnia
2146 459 2196 536 Α

2137 3214 2194 3277 .C

980 5083 1088 5163 uo_d
1111 5090 1292 5139 autem
1314 5082 1383 5141 15
1407 5090 1547 5153 erat,
1566 5098 1710 5140 nunc
1725 5085 1816 5142 21.
1847 5084 2135 5163 Scriptum

3712 358 3828 412 484

2351 467 2537 542 Felix,
2585 476 2693 531 hoc
2745 472 2963 538 merito,
3014 470 3159 543 quod
3210 471 3466 540 nomine;
3515 470 3743 529 nomine
3765 479 3821 524 et

3556 563 3748 637 ﬁdem,

2359 655 2463 724 Qui
2483 656 2504 687 ⁵
2531 655 2760 724 merito;
2790 653 2934 711 redit
2975 654 3117 710 alma
3144 653 3262 711 dies
3311 669 3421 726 qua
3450 659 3505 710 te
3532 653 3636 709 sibi
3664 668 3816 709 sumo

3601 745 3752 818 [mus

2355 836 2599 897 Adscivit
2623 838 2853 911 patriam
2878 837 3184 896 confessum
3207 835 3457 895 Christus
3475 838 3531 894 in
3566 849 3588 876 ι’
3611 837 3825 904 aulam,

2357 927 2592 1002 Tempus
2618 930 2772 987 adest
2820 930 2998 1001 plenis
3022 938 3205 1000 grates
3256 930 3349 985 tibi
3400 929 3627 985 fundere
3648 927 3824 984 votis-

2291 1021 2327 1079 Β
2362 1022 2409 1079 0
2431 1031 2610 1095 pater,
2641 1039 2675 1081 ο
2695 1023 2937 1088 domine,
2967 1023 3199 1094 indignis
3226 1023 3354 1080 licet
3380 1024 3588 1094 optime
3615 1022 3817 1085 servis,

2360 1112 2600 1173 Tandem
2622 1124 2907 1173 exoratum
2935 1123 3038 1183 est,
3069 1114 3139 1188 (ί)
3172 1116 3315 1171 inter
3332 1123 3424 1170 tua
3449 1115 3637 1170 limina
3660 1114 3825 1172 nobis

2354 1205 2602 1263 Natalem
2629 1206 2905 1262 celebrare
2926 1213 3095 1261 tuum.
3128 1204 3255 1262 Tria
3276 1213 3523 1277 tempore
3544 1207 3713 1274 longo

2355 1297 2550 1355 Lustra
2579 1307 2937 1355 cucurrerunt
2963 1314 3033 1355 ex
3059 1314 3169 1368 quo
3188 1298 3539 1355 sollemnibus
3566 1300 3689 1356 istis

2358 1389 2554 1446 Coram
2577 1397 2701 1446 vota
2724 1388 2820 1445 tibi
2846 1387 2872 1426 ά
2901 1404 3089 1446 coram
3115 1404 3237 1444 mea
3259 1389 3428 1446 corda
3451 1387 3654 1456 dicavi,

2253 1482 2321 1538 10
2354 1478 2436 1537 Ex
2483 1480 2575 1538 illo
2596 1482 2691 1551 qui
2718 1495 2807 1537 me
2833 1479 2858 1513 ³
2878 1489 3130 1551 temque
3145 1481 3394 1550 marique
3424 1481 3642 1538 labores

2357 1573 2675 1633 Distulerint
2697 1588 2729 1627 a
2752 1572 2881 1628 sede
2909 1582 2997 1627 tua
3026 1572 3215 1644 procul
3243 1572 3376 1628 orbe
3403 1582 3641 1644 remoto,

2364 1661 2597 1735 Novisti;
2622 1683 2745 1724 nam
2767 1673 2823 1723 te
2834 1663 2969 1722 mihi
2983 1679 3199 1735 semper
3211 1665 3410 1735 ubique
3428 1667 3827 1739 propinquum,

2358 1760 2504 1818 inter
2528 1761 2663 1816 dura
2684 1761 2801 1826 viae,
2835 1759 3068 1829 viaeque
3097 1755 3324 1825 incerta,
3353 1760 3542 1817 vocavi
3572 1760 3615 1814 ⁸.

2438 1853 2510 1908 Et
2533 1853 2705 1908 maria
2736 1851 2932 1908 intravi
2958 1850 3096 1908 duce
3124 1857 3209 1919 te,
3239 1850 3366 1922 quia
3395 1866 3528 1909 cura
3557 1852 3751 1925 pericli

2254 1947 2324 2002 15
2357 1945 2533 2003 Cessit
2559 1960 2745 2001 amore
2775 1945 2870 2009 tui,
2902 1953 3081 2000 necte
3105 1944 3225 2001 sine
3255 1961 3271 1999 :
3303 1959 3430 2001 nam
3460 1952 3556 2001 tua
3583 1945 3736 2002 sensi

2363 2036 2642 2105 Pncsidia,
2693 2037 2747 2093 in
2799 2036 3024 2092 Domino
3081 2050 3347 2108 superans
3400 2036 3568 2094 maris
3621 2052 3823 2110 σενα-2

3459 2129 3703 2205 [Christo
3726 2149 3744 2187 :

2363 2226 2719 2298 381-382
2763 2222 2992 2295 Semper
3020 2221 3095 2297 (g)
3125 2238 3194 2281 eo
3218 2231 3275 2280 et
3320 2224 3485 2280 terris
3511 2233 3566 2281 te
3593 2232 3822 2297 propter

2820 2392 2821 2395 η
3284 2316 3455 2390 [tutus
3478 2324 3537 2372 et
3559 2316 3740 2372 nudis.

2363 2409 2557 2486 (Hunc.
2584 2424 2799 2480 precor,
2832 2416 3035 2464 atterna
3065 2409 3267 2481 pietate
3293 2419 3351 2464 et
3375 2424 3509 2479 pace
3551 2424 3817 2465 serenum

2361 2503 2535 2559 Posce
2565 2504 2693 2571 tuis,
2719 2501 2872 2572 cujus
2900 2515 3097 2572 magno
3131 2509 3244 2558 stas
3283 2502 3503 2559 nomine
3530 2502 3708 2559 Felix.

2251 2594 2322 2651 20
2359 2595 2511 2651 Nunc
2531 2593 2684 2665 juvat
2705 2593 2901 2651 eﬂ‘usas
2928 2595 2983 2651 in
3001 2595 3193 2663 gaudia
3224 2594 3441 2651 solvere
3458 2604 3671 2652 mentes
3703 2612 3719 2649 :

2357 2686 2497 2743 Cara
2524 2686 2642 2742 dies
2662 2686 2881 2743 tandem
2910 2688 3165 2757 quoniam
3195 2689 3282 2744 hic
3300 2690 3665 2759 praesentibus
3696 2698 3823 2749 orta

3617 2788 3744 2861 (est.

2356 2876 2586 2949 Semper
2612 2884 2668 2933 et
2685 2884 2948 2934 :etemum
2978 2879 3134 2935 nobis
3171 2879 3448 2937 celebrata
3478 2896 3579 2951 per
3603 2884 3823 2945 orbem,

2365 2966 2496 3035 Quae
2522 2974 2579 3024 te
2604 2968 2838 3024 sacravit
2867 2970 3023 3026 terris
3052 2979 3109 3025 et
3132 2971 3362 3027 contulit
3388 2972 3597 3045 astris.)

2433 3058 2573 3116 Ecce
2613 3060 2726 3115 vias
2746 3061 2898 3117 vario
2920 3061 3073 3132 plebs
3100 3061 3335 3118 discolor
3360 3064 3578 3133 agmine
3597 3064 3770 3136 pingit
3808 3085 3825 3121 :

2257 3151 2328 3208 9.5
2365 3151 2535 3208 Urbes
2562 3153 2868 3209 innumeras
2892 3169 2995 3209 una
3023 3155 3285 3211 miramur
3304 3156 3357 3211 in
3379 3158 3533 3213 urbe.

2364 3243 2408 3299 Ο
2437 3244 2563 3300 felix
2589 3243 2770 3300 Felice
2796 3252 2890 3301 tuo
2909 3244 3006 3301 tibi
3035 3246 3263 3315 przesule
3282 3246 3438 3313 Nola,

2367 3336 2552 3391 lnclita
2581 3334 2699 3391 cive
2738 3350 2915 3403 sacro,
2946 3335 3156 3393 caelesti
3197 3337 3349 3393 ﬁrma
3376 3345 3635 3409 patrono,

2366 3425 2603 3496 Postque
2631 3425 2803 3495 ipsam
2842 3425 3029 3482 titulos
3054 3424 3282 3483 Romam
3306 3429 3498 3498 sortita
3527 3431 3824 3489 secundos.

2366 3522 2496 3586 Quae
2519 3519 2666 3589 prius
2688 3520 2917 3590 imp‘erio
2946 3526 3175 3586 tantum,
3207 3527 3266 3576 et
3291 3520 3604 3578 victricibus
3632 3523 3824 3591 armis,

2259 3613 2328 3667 50
2365 3610 2517 3666 Nunc
2542 3618 2597 3665 et
2615 3610 2926 3682 apostolicis
2942 3617 3207 3667 terrarum
3229 3619 3313 3668 est
3330 3612 3504 3682 prima
3526 3615 3817 3685 sepulcris.

2440 3702 2526 3759 Sis
2554 3703 2728 3760 bonus
2767 3719 2803 3761 ο
2842 3702 3075 3777 felixque
3103 3705 3236 3773 tuis,
3276 3705 3678 3778 Dominumque
3717 3724 3825 3779 po-

3510 3799 3744 3871 [tentem

2365 3894 2592 3960 Exores,
2623 3892 2786 3949 liceat
2812 3890 3007 3962 placati
3034 3905 3262 3947 munere
3288 3889 3509 3956 Christi,

2363 3983 2492 4040 Post
2512 3983 2687 4053 pelagi
2709 3980 2923 4049 ﬂuctus,
2947 3981 3130 4036 mundi
3149 3995 3367 4050 quoque
3388 3979 3642 4036 ﬂuctibus
3662 3981 3822 4050 actis,

2367 4074 2427 4130 In
2449 4075 2685 4130 statione
2704 4081 2794 4127 tua
2824 4070 3038 4142 placido
3065 4072 3366 4127 consistere
3390 4079 3575 4141 portu.

2259 4168 2329 4225 35
2364 4167 2480 4224 Hoc
2504 4167 2642 4223 bene
2670 4166 2985 4222 subductam
3027 4164 3246 4233 religavi
3272 4165 3454 4222 littore
3474 4167 3747 4232 classem;

2346 4261 2422 4317 in
2446 4268 2502 4317 te
2530 4259 2841 4330 composita:
2869 4258 2997 4313 mihi
3029 4258 3134 4313 lixa
3161 4257 3231 4314 sit
3258 4257 3498 4314 anchora
3525 4260 3673 4315 vitaz.

2759 4370 2989 4426 ΡΟΕΜΛ
3026 4371 3141 4428 XIV
3176 4375 3242 4426 “.

2480 4508 2548 4547 DE
2577 4506 2623 4545 S.
2656 4504 2844 4545 PEIJCE
2873 4504 3198 4544 NATALITIUII
3226 4504 3439 4545 CARHEN
3468 4507 3545 4546 Ill.

2143 4585 2195 4646 ί)
2225 4604 2285 4658 ς.
2310 4600 2812 4678 Felicispotenligm
2845 4600 3087 4678 adversus
3109 4601 3369 4678 dgemones
3391 4588 3640 4678 ostendit,
3665 4608 3815 4678 ejus-

2411 4671 2682 4745 ηιαεάρηά
2708 4671 2872 4726 Deum
2900 4672 3313 4727 intercessionem
3344 4675 3607 4745 implorat.

2368 4767 2525 4821 Venit
2550 4764 2826 4820 festadies
2854 4763 3014 4831 ccclo,
3046 4764 3396 4820 celeberrima
3426 4768 3607 4831 terris,

2367 4859 2609 4914 Natalem
2636 4867 2658 4895 ο
2680 4856 2875 4911 Felicis
2902 4871 3085 4924 agens,
3122 4871 3229 4925 qua
3255 4872 3489 4933 corpore
3514 4862 3675 4915 terris

2366 4950 2591 5015 Occidit,
2625 4959 2679 5005 et
2707 4948 2921 5004 Christo
2949 4949 3158 5019 superis
3179 4957 3263 5005 est
3287 4959 3443 5006 natus
3470 4951 3526 5006 in
3560 4954 3743 5019 astris,

2295 5086 2366 5157 (ε)
2392 5086 2535 5141 Editi
2565 5084 2722 5157 codd.
2749 5095 3068 5157 quinqueka
3096 5082 3351 5157 puppibus
3380 5101 3591 5157 aggere.

2315 5152 2368 5224 ά)
2402 5150 2788 5224 Manuscriptus
2803 5150 2983 5224 codex
2996 5150 3382 5209 ‘Germauensis
3399 5150 3673 5219 (domine.

2315 5160 2349 5210 ά
2402 5160 2788 5224 Mauuscriptus
2814 5160 3057 5208 codex‘w

2292 5160 2368 5301 ξεέ
2395 5228 2492 5301 διε.
2523 5224 2727 5301 GcrnL,
2763 5222 3057 5301 liundiliis.

2294 5294 2924 5374 [leposuimusjnter
2969 5310 3035 5374 ex
3084 5309 3183 5349 ms.
3229 5294 3417 5351 codice
3438 5294 3821 5374 Δ(ῗιθι-ιῐιξιιηιςηεί

2220 5379 2276 5445 et
2295 5364 2453 5445 Editis
2476 5364 2733 5436 quinque.
2754 5364 3073 5445 rﬂosvexdus
3092 5376 3407 5445 correxerint
3432 5369 3594 5445 intra.
3622 5367 3735 5445 Sed
3762 5377 3821 5424 et

2220 5443 2354 5498 inter
2374 5434 2570 5494 uiscera
2592 5450 2660 5491 ex
2679 5434 3060 5489 vetustioribus
3086 5450 3214 5490 mss.
3237 5436 3303 5489 ad
3328 5434 3587 5492 Prudent.
3613 5438 3821 5493 Cathe-

2221 5510 2573 5593 merabymn.
2609 5506 2736 5574 4,v.
2763 5504 2852 5570 20,
2890 5504 3003 5572 legi
3045 5506 3241 5560 asserit
3268 5505 3521 5586 Heinsius
3570 5509 3625 5561 in
3669 5510 3819 5564 notis

2224 5591 2537 5723 Μῗσῖῗῖίῖἱί
2578 5646 2815 5717 quidam,
2843 5644 3057 5714 Semper
3091 5661 3207 5717 ego.
3238 5644 3380 5723 Post
3420 5647 3817 5723 huneversum

2222 5713 2525 5778 addidimus
2551 5713 2645 5774 sex
2693 5713 2980 5787 sequentes
3007 5731 3074 5770 ex
3114 5713 3587 5773 nis.Germanensi
3623 5721 3816 5776 codice

2225 5787 2811 5863 pervetustoaScptem
2862 5787 2949 5840 alii
2986 5787 3410 5863 subsequentes,
3454 5790 3571 5863 .qu‘i
3612 5789 3810 5846 desum

2227 5857 2284 5925 in
2306 5862 2463 5921 editis
2489 5857 2747 5933 quinque,
2780 5867 2996 5914 exstant
3016 5857 3068 5911 in
3098 5857 3289 5913 eodem
3320 5873 3420 5913 ms.
3453 5859 3666 5916 codice.
