4134 6412
175 377 280 439 465

1463 579 1475 652 Ι
1486 590 1696 641 norem.

245 680 283 735 5
317 680 451 735 Nam
474 676 768 734 Confessor
791 676 927 739 obit,
952 689 1138 745 poenas
1162 690 1268 729 non
1298 679 1493 743 sponte
1513 670 1772 735 lucratus,

324 774 653 843 Acceptante
685 770 795 825 Deo
817 769 975 846 lidam
1001 784 1098 838 pro
1123 765 1383 836 sanguine
1404 772 1674 829 mentem;

319 865 421 937 Qui
450 865 629 921 cordis
651 863 799 917 taciti
827 868 1120 925 scrutatur,
1153 858 1295 914 ferre
1319 865 1539 928 paratos

322 957 648 1027 Equiparat
670 957 690 987 ³
712 955 903 1024 passis,
925 961 1010 1007 sat
1031 952 1237 1006 habens
1256 950 1465 1005 interna
1490 946 1775 1018 probasse,

320 1049 653 1120 Supplicium
682 1046 860 1101 carnis
876 1043 1018 1114 justa
1047 1044 1248 1113 pietate
1272 1041 1497 1096 remittit
1523 1040 1565 1103 ⁸,

227 1140 296 1196 ιο
331 1140 642 1212 Hartyrium
665 1139 784 1194 sine
829 1136 973 1193 caule
1000 1136 1196 1206 placet,
1229 1133 1330 1206 [(a)
1361 1132 1407 1187 si
1455 1139 1666 1203 promta
1696 1130 1777 1186 fe-

1533 1223 1709 1299 [rendi

323 1323 580 1392 ﬂensque
629 1321 868 1391 ﬁdesque
898 1319 1009 1376 Deo
1037 1317 1255 1389 caleat],
1281 1334 1502 1390 passura
1532 1317 1781 1373 voluntas

324 1414 553 1481 Suﬂicit,
577 1425 636 1471 et
652 1429 862 1470 summa
891 1422 976 1468 est
1004 1412 1205 1481 meriti,
1239 1412 1458 1467 testatio
1480 1409 1613 1465 voti.
1736 1403 1741 1407 ’

397 1507 539 1576 Ergo
566 1507 702 1569 dies,
732 1514 886 1562 tanto
915 1520 1035 1576 qum
1073 1520 1298 1561 munere
1330 1505 1401 1575 (ὁ)
1433 1504 1640 1558 rettulit
1669 1504 1781 1559 alto

325 1597 558 1654 Felicem
586 1597 744 1664 cmlo,
780 1597 953 1653 sacris
971 1597 1324 1653 sollemnibus
1353 1598 1456 1652 ista
1486 1604 1569 1651 est
1602 1614 1616 1649 :

220 1688 291 1746 {3
329 1688 461 1746 Nam
508 1699 634 1762 post
680 1689 700 1722 ⁵
730 1689 1044 1757 solstitium,
1090 1705 1200 1760 quo
1247 1688 1502 1746 Christus
1549 1704 1782 1760 corpore

1528 1780 1711 1853 [natus

323 1875 454 1932 Sole
474 1892 616 1933 novo
641 1875 830 1946 gelidae
859 1876 1085 1932 mutavit
1108 1883 1352 1946 tempora
1378 1875 1603 1938 brumze,

330 1968 509 2038 Atque
552 1967 889 2023 salutiferum
926 1975 1193 2039 praestans
1233 1967 1553 2023 mortalibus
1578 1974 1780 2023 ortum.

328 2058 671 2116 Procedente
694 2059 782 2116 die
809 2074 999 2116 secum
1026 2059 1348 2117 decrescere
1370 2067 1567 2115 noctes

330 2150 519 2216 Iussit,
540 2152 610 2207 ab
639 2151 744 2208 hoc
760 2166 881 2223 quze
909 2150 1000 2208 lux
1029 2151 1206 2208 oritur
1231 2152 1483 2208 vicesima
1512 2152 1535 2184 ⁸
1561 2151 1715 2209 nobis

226 2237 300 2295 20
335 2240 614 2297 Sidereum
643 2242 822 2299 meriti
842 2242 1021 2312 signat
1041 2230 1236 2299 Felicis
1255 2242 1542 2299 honorem.

335 2332 575 2404 Denique
605 2333 679 2388 nil
707 2332 885 2405 impar
912 2333 1018 2400 his,
1048 2333 1143 2403 qui
1171 2332 1359 2391 fudere
1386 2349 1659 2401 cruorem,

334 2426 605 2496 Tcstibus,
619 2434 676 2483 et
703 2427 860 2484 titulo
879 2426 1038 2483 simul
1061 2435 1116 2484 et
1140 2430 1343 2484 virtute
1373 2428 1443 2502 (ε)
1472 2438 1711 2499 recepta,

336 2520 587 2594 Martyris
614 2522 850 2579 ostendit
874 2522 1147 2590 meritum,
1178 2537 1301 2578 cum
1323 2519 1447 2591 jure
1472 2522 1682 2593 potenti

333 2614 617 2672 Daemon»
659 2624 902 2683 exercet,
944 2614 1305 2687 devinctaque
1332 2629 1563 2687 corpora
1602 2615 1782 2672 solvit.

224 2704 298 2762 25
334 2707 467 2763 Nam
489 2709 590 2764 sibi
618 2707 850 2764 Felicem
879 2707 1037 2765 czecis
1064 2708 1375 2765 incumbere
1412 2708 1607 2781 pomis,

339 2799 586 2856 Pestiferi
612 2816 865 2873 proceres
892 2801 1033 2856 tristi
1056 2800 1294 2857 clamore
1314 2799 1574 2871 fatentur,

333 2894 695 2968 383-385.
712 2894 1070 2966 Occultasque
1089 2907 1279 2951 cruces
1297 2894 1499 2966 gemitu
1523 2902 1792 2953 testantur

1483 2987 1715 3061 [aperto,

335 3082 690 3154 Velatumque
718 3084 888 3141 oculis
915 3083 1256 3152 mortalibus,
1289 3092 1345 3140 at
1373 3084 1719 3140 manifestum

332 3174 566 3233 Auribus
592 3187 649 3233 et
675 3177 847 3232 multo
875 3183 1194 3247 przesentem
1215 3176 1438 3232 numine
1459 3176 1716 3247 produnt,

226 3267 468 3337 50.,Cum
496 3272 707 3343 captiva
738 3272 877 3327 intra
907 3271 1156 3342 deprensi
1187 3285 1437 3342 corpora,
1462 3269 1737 3327 Christum

338 3366 399 3423 In
430 3374 623 3423 sancto
652 3354 856 3434 fulgere
893 3382 995 3424 suo
1039 3366 1381 3436 clamantque
1425 3367 1788 3439 probantque,

337 3453 701 3510 Membrorum
723 3455 940 3510 incussu
961 3452 1199 3522 tremuli,
1220 3454 1568 3525 capitumque
1588 3464 1789 3521 rotatu,

336 3545 747 3614 Tormentisque
784 3547 915 3611 suis,
962 3544 1058 3601 sed
1102 3560 1211 3599 non
1255 3561 1353 3602 sua
1398 3560 1629 3617 corpora
1677 3554 1794 3601 tor-

1506 3640 1715 3714 [quent,

337 3731 645 3790 Clamantcs
671 3734 921 3806 proprios
943 3734 1116 3789 aliena
1146 3748 1245 3805 per
1272 3748 1369 3788 ora
1396 3731 1613 3788 dolores

227 3821 302 3880 35
334 3816 594 3881 Orantum
622 3827 834 3882 veniam
860 3844 872 3879 :
907 3827 1040 3881 nitet
1068 3825 1234 3894 ultor,
1259 3840 1418 3896 pmna
1448 3824 1679 3880 videtur.

344 3916 479 3973 Tum
509 3920 551 3975 si
580 3934 718 3989 quos
744 3919 991 3987 graviore
1019 3917 1163 3972 malo
1192 3916 1482 3972 violentior
1511 3917 1683 3972 hostis

337 4011 600 4077 Vinxerit,
633 4011 733 4067 ista
762 4009 880 4067 dies
904 4009 1090 4067 divino
1115 4024 1344 4065 munere
1366 4008 1387 4041 ⁸
1416 4008 1596 4064 solvit.

277 4107 280 4109 λ
353 4134 357 4138 μ
408 4102 645 4161 Cernere
674 4099 800 4159 tunc
819 4102 1022 4174 passim
1051 4110 1137 4158 est
1154 4117 1307 4157 sacra
1327 4110 1554 4173 purgata
1578 4104 1790 4160 medela

338 4194 565 4253 Pectora
596 4195 623 4235 ι’
653 4195 929 4251 liminibus
956 4194 1147 4262 sterni,
1175 4194 1288 4265 jam
1328 4203 1510 4249 mente
1540 4196 1789 4264 refectos,

228 4290 300 4346 40
335 4288 620 4346 Gratantes
643 4288 756 4359 jam
778 4301 912 4345 voce
938 4302 1035 4343 sua
1069 4304 1082 4341 :
1115 4287 1390 4343 concurrit
1419 4288 1660 4345 hiantum

339 4380 519 4438 Turba
550 4391 784 4436 tremens
829 4380 1138 4447 hominum;
1180 4380 1362 4436 mixue
1415 4381 1554 4437 inter
1599 4383 1793 4451 gaudia

1494 4473 1723 4545 {cunctis

338 4567 631 4625 Prosiliunt
694 4567 947 4641 lacrymae
990 4584 1004 4621 :
1066 4581 1303 4639 prmsens
1346 4566 1488 4625 Deus
1543 4569 1794 4625 omnibus

1590 4663 1720 4735 [illic
1821 4646 1872 4705 Ι)

334 4756 585 4813 Creditur
617 4776 630 4811 :
662 4757 910 4813 immensi
936 4755 1090 4812 Felix
1111 4763 1195 4810 cst
1221 4754 1391 4824 gloria
1421 4720 1641 4812 Christi

413 4847 566 4903 Alma
623 4848 740 4905 dies
804 4846 1013 4918 magnis
1085 4846 1391 4902 celebratur
1465 4848 1732 4913 emtibus,

1396 4938 1512 4998 Hd)
1534 4958 1725 4998 omnes

1396 4939 1415 5012 ί
1434 4939 1512 5011 (ό)
1534 4958 1725 4998 omnes

224 5036 298 5092 45
336 5035 474 5093 Vota
503 5035 685 5090 dicant
712 5033 882 5090 sacris
912 5044 934 5074 ε
965 5040 1082 5089 rata
1122 5031 1400 5105 postibus;
1437 5033 1616 5087 omnia
1659 5048 1795 5104 μυ..

1570 5125 1722 5184 [dent

263 5297 291 5326 ⁸
321 5286 414 5343 Sic
444 5301 572 5341 mss.

263 5355 292 5398 δ
320 5356 455 5412 Vide
478 5363 595 5413 not.
622 5355 750 5410 2'53.

265 5439 291 5470 α
316 5427 450 5483 Vide
477 5442 645 5483 carm.
676 5425 729 5493 5,
762 5443 813 5480 ν.
841 5424 934 5492 58,
957 5433 1012 5479 et
1040 5440 1208 5481 carm.
1240 5422 1323 5485 l6.
1349 5440 1398 5477 γ.
1440 5423 1524 5478 l0.

262 5498 288 5539 δ
316 5499 376 5553 ιιι
404 5508 487 5553 est
507 5515 670 5553 utare.

265 5581 291 5609 ε
321 5568 482 5642 idest
510 5572 785 5642 deponere.
815 5567 953 5642 Vide
978 5567 1344 5642 carm..17,;v.
1374 5565 1496 5619 258.

263 5641 341 5714 (α)
370 5640 526 5726 Ημυο
572 5637 789 5697 versum
836 5639 1155 5695 addidimus.
1187 5655 1270 5697 ex.
1304 5653 1406 5693 ms.
1434 5637 1619 5694 codice
1649 5637 1786 5693 Ger-

190 5728 455 5769 munensn.

262 5783 337 5857 (ὁ)
365 5780 512 5857 Idem
532 5783 705 5857 codex
732 5800 859 5853 ms.,
875 5784 1138 5857 condidit.

281 5852 353 5929 (ὸ)
401 5853 796 5928 Manuscriptus
864 5854 1047 5912 Germ.
1113 5852 1278 5910 coles
1308 5892 1324 5916 ,
1386 5854 1619 5921 recepti,
1678 5870 1788 5909 non

192 5929 354 5988 male.

1633 362 1865 424 POEMA
1904 359 2046 420 XlV.

311 496 601 553 Calestem
629 501 653 530 ι
685 498 916 549 nanetus
948 492 962 524 ‘
989 491 1109 545 sine
1134 485 1398 557 sanguine
1426 494 1632 565 martyr
1669 483 1770 537 ho-
1801 487 1846 541 A

3367 358 3476 417 ιω

2021 503 2309 559 Terrarum
2332 510 2388 558 et
2409 499 2578 573 coam]
2610 500 2785 559 ridere
2815 501 3029 559 videtur
3054 497 3259 573 apertis

2026 596 2216 652 z’EIhra
2248 597 2387 668 polis
2418 615 2432 651 :
2463 612 2688 653 vernum
2716 598 2924 667 spirare
2954 597 3239 653 silentibus
3268 608 3411 649 num

2024 689 2281 756 Flatibus,
2314 701 2370 744 et
2397 688 2577 743 lzetum
2608 688 2763 759 plaga
2790 690 3009 759 cingere
3057 688 3229 745 lactea
3260 688 3478 742 caelum.

2023 781 2132 838 Nec
2158 781 2351 838 modus
2374 787 2460 839 est
2480 782 2694 853 populis
2714 782 3035 837 coeuntibus
3049 780 3265 851 agmine
3289 779 3479 842 denso,

1916 873 1987 929 50
2024 872 2135 930 Nec
2157 873 2401 944 requies,
2431 884 2728 945 properant
2759 872 2810 928 in
2841 873 3013 929 lucem
3034 886 3065 926 a
3097 879 3279 938 nocte,
3309 868 3479 924 diein—

3276 963 3411 1037 ique

2024 1057 2356 1132 Exspectare
2385 1060 2562 1129 piget,
2596 1059 2738 1115 votis
2766 1059 2936 1115 avidis
2970 1073 3122 1114 mora
3152 1058 3326 1114 noctis

2026 1153 2336 1225 Rumpitur,
2363 1166 2417 1210 et
2449 1165 2663 1210 noctem
2694 1154 2921 1209 ﬂammis
2949 1155 3145 1209 funalia
3165 1154 3409 1219 vincunt,

2025 1245 2291 1317 Stipatam
2320 1246 2502 1303 multis
2533 1262 2691 1301 unam
2716 1245 2869 1316 juvat
2896 1245 3116 1301 urbibus
3146 1245 3333 1301 urbem

2029 1338 2291 1405 Cernere,
2322 1346 2512 1395 totoue
2542 1354 2649 1394 uno
2676 1339 2954 1409 compulsa
2984 1338 3234 1393 examina
3262 1345 3412 1392 Voto.

1921 1431 1992 1490 55
2031 1431 2232 1489 Lucani
2258 1440 2459 1489 coeunt
2481 1433 2686 1504 populi,
2718 1433 2828 1488 coit
2852 1432 3059 1504 Appula
3092 1432 3283 1502 pubes,

2030 1524 2099 1580 Et
2124 1524 2366 1591 Calabri,
2397 1532 2453 1582 et
2480 1526 2658 1581 cuncti
2706 1539 2845 1595 quos
2883 1523 3053 1579 adluit
3076 1520 3102 1561 ιι
3146 1531 3309 1579 aestus
3338 1532 3482 1580 uter-

3266 1620 3415 1693 lane.

2028 1711 2133 1782 Qui
2160 1712 2298 1770 hera
2321 1721 2378 1769 et
2404 1711 2593 1769 dextra
2620 1710 2833 1768 Latium
2861 1710 3227 1768 circumsonat
3248 1711 3396 1767 unda
3421 1730 3438 1778 _:

2031 1804 2097 1861 Et
2118 1822 2224 1879 qua
2252 1807 2336 1863 bis
2367 1816 2547 1864 ternas
2573 1809 2593 1841 τ
2623 1805 2917 1877 Campania
2943 1806 3063 1860 lieta
3093 1820 3192 1876 per
3219 1804 3382 1862 urbes

2030 1897 2141 1955 Ceu
2172 1900 2404 1971 propriis
2431 1897 2629 1969 gaudet
2655 1897 2823 1963 festis,
2849 1911 2987 1967 quos
3006 1897 3272 1953 montibus
3297 1913 3402 1968 am,
3424 1896 3485 1955 lis

1920 1994 1991 2049 60
2028 1994 2187 2051 Dives
2208 1994 2371 2050 habet
2400 1992 2605 2066 Capua,
2637 2000 2693 2049 et
2715 2006 2853 2063 quos
2880 1991 3065 2064 pulcra
3095 1990 3368 2064 Neapolis,
3396 1999 3486 2050 aut

2580 2148 2583 2151 ,
3254 2086 3417 2159 [quos

2027 2180 2240 2237 Gaurus
2262 2178 2377 2247 alit,
2408 2179 2531 2234 laeta
2550 2185 2810 2234 exercent
2829 2176 2921 2248 qui
2949 2175 3194 2243 Massica,
3225 2177 3428 2246 quique

2034 2275 2279 2331 Ufentem
2326 2275 2666 2347 Samumque
2695 2274 2913 2340 bibunt,
2940 2276 3032 2344 qui
3061 2275 3201 2329 sicca
3232 2271 3486 2342 Tanagri,

2031 2367 2242 2438 Quique
2268 2368 2453 2423 colunt
2482 2367 2619 2436 rigui
2648 2367 2825 2422 felicia
2854 2367 2998 2422 culta
3023 2365 3225 2431 Galesi,

2034 2460 2183 2530 Quos
2210 2461 2370 2516 Atina
2399 2469 2611 2532 potens,
2640 2475 2778 2530 quos
2805 2466 2981 2514 mater
3006 2457 3184 2513 Aricia
3215 2457 3399 2513 mittit.

1930 2553 2002 2610 65
2037 2555 2267 2627 Ipsaque
2313 2554 2597 2611 cmlestum
2641 2553 2811 2609 sacris
2856 2566 3146 2624 procerum
3191 2552 3261 2623 (e)
3310 2550 3488 2606 moni-

3200 2644 3421 2719 [mentis

2037 2742 2208 2800 Roma
2239 2742 2402 2801 Petro
2432 2741 2707 2813 Pauloque
2747 2749 2961 2814 potens,
2991 2752 3268 2796 rarescere
3296 2734 3490 2808 gaudet

2036 2837 2207 2909 Hujus
2238 2838 2451 2894 honore
2478 2835 2548 2908 (f)
2577 2835 2703 2902 diei,
2736 2843 3018 2907 porueque
3046 2848 3113 2888 ex
3142 2847 3240 2888 ore
3260 2829 3491 2901 Capenas

2036 2932 2203 2988 Millia
2230 2929 2567 3003 profundcns
2594 2928 2661 2984 ad
2691 2928 2879 2984 arnica:
2904 2926 3103 2982 muenia
3134 2925 3300 2989 Nola),

2037 3026 2271 3083 Dimittit
2299 3023 2549 3081 duodena
2575 3021 2765 3079 decem
2786 3037 2887 3093 per
2914 3021 3081 3076 millia
3109 3018 3280 3076 denso

1932 3122 2001 3177 70
2038 3120 2304 3191 Agmine:
2336 3118 2594 3175 confertis
2620 3116 2780 3186 longe
2808 3116 2941 3171 latet
2961 3113 3133 3186 Appia
3155 3114 3347 3169 turbis.

2109 3213 2222 3271 Nec
2265 3212 2463 3280 minus,
2493 3226 2563 3268 ex
2591 3210 2696 3265 alia
2724 3209 2939 3282 populis
2967 3209 3188 3278 regione
3218 3204 3492 3279 profectis,

2038 3308 2243 3381 Aspera
2270 3314 2533 3363 montosa:
2559 3311 2858 3376 carpuntur
2880 3310 3047 3359 strata
3075 3301 3301 3369 Latinae,

2036 3401 2186 3470 Quos
2216 3398 2487 3456 Praeneste
2510 3397 2702 3463 altum,
2732 3409 2869 3466 quos
2896 3391 3074 3451 fertile
3119 3394 3291 3467 pascit
3328 3392 3495 3464 Aquic

3228 3486 3380 3562 [num
3408 3504 3421 3539 ε

2039 3589 2297 3659 Quosque
2320 3583 2644 3643 suburbanis
2670 3589 2826 3638 vetus
2852 3579 3030 3637 Ardea
3072 3580 3235 3636 mittit
3266 3580 3333 3635 ab
3362 3576 3492 3644 oris,

1928 3683 1998 3738 75
2034 3682 2246 3752 Quique
2276 3679 2462 3737 urbem
2507 3677 2716 3748 liquere
2741 3672 2924 3743 Cales,
2952 3672 3333 3743 geminumque
3355 3669 3508 3763 Tea-.

3247 3766 3421 3841 [unum

2040 3873 2213 3945 Quam
2242 3870 2421 3943 gravis
2447 3866 2755 3936 Auruncus,
2788 3866 2872 3922 vel
2899 3879 3061 3937 quam
3096 3862 3229 3919 colit
3256 3858 3498 3932 Appulus

3198 3953 3381 4027 [asper
3409 3968 3423 4004 :

2040 4059 2158 4125 Huc
2185 4066 2243 4115 et
2268 4057 2515 4113 olivifero
2543 4051 2817 4111 concurrit
2847 4049 3005 4104 turba
3033 4044 3291 4109 Venafro,

2039 4151 2245 4223 Oppida
2276 4148 2549 4205 Samnites
2576 4145 2696 4201 duri
2722 4149 2980 4198 montana
3010 4138 3339 4207 relinquunt.

2040 4254 2181 4309 Vicit
2209 4252 2312 4307 iter
2340 4252 2534 4304 durum
2562 4248 2766 4319 pietas,
2795 4259 2950 4299 amor
2978 4240 3161 4297 omnia
3188 4237 3391 4294 Christi

1930 4351 2001 4407 80
2042 4348 2238 4413 Vincit,
2269 4354 2325 4402 et
2348 4344 2491 4400 alma
2516 4342 2649 4398 ﬁdes
2680 4358 2693 4394 :
2725 4338 3025 4406 animisque
3056 4334 3295 4405 locisque
3320 4331 3499 4500 figen-

3346 4434 3428 4482 tes

3346 4434 3428 4482 tes

2040 4545 2245 4604 Suadet
2292 4540 2491 4599 acerba
2547 4537 2660 4611 pati
2684 4577 2699 4601 ,
2750 4534 2913 4590 simul
2978 4545 3171 4604 aspera
3220 4538 3244 4568 ⁸
3295 4543 3500 4601 ponere

2371 4630 2374 4643 ‘
3214 4620 3426 4695 [corda.

2048 4729 2163 4787 Una
2196 4728 2313 4784 dies
2332 4730 2561 4783 cunctos
2586 4726 2770 4789 vocat,
2798 4733 2906 4774 una
2928 4724 2985 4772 et
3009 4714 3144 4773 Nola
3164 4720 3428 4785 receptat,

2048 4835 2293 4903 Totaque
2314 4830 2473 4901 plena
2503 4826 2633 4893 suis,
2665 4822 3015 4896 spatiosaque
3044 4819 3229 4876 limina
3257 4816 3501 4883 cunctis;

2049 4921 2619 5003 385-336Credas
2641 4915 2940 4974 innumeris
2961 4920 3020 4969 ut
3040 4914 3240 4969 moenia
3260 4909 3501 4978 dilatari,

1944 5036 2015 5092 83
2052 5030 2386 5104 Hospitibus,
2416 5025 2496 5080 sic
2532 5022 2668 5077 Nola
2708 5020 2791 5092 (ρ)
2830 5016 3066 5086 assurgit
3109 5013 3344 5177 imaginIe
3390 5010 3504 5067 Ro-

3322 5120 3443 5160 mm.

3322 5120 3443 5160 mm.

1969 5282 2047 5353 (ά)
2079 5278 2181 5334 llic
2207 5290 2395 5353 versus
2442 5271 2653 5353 additus
2699 5275 2786 5353 est
2825 5280 3037 5353 seems.

1897 5330 2045 5411 Alite
2212 5330 2452 5409 coetibus,
2483 5360 2574 5397 ore
2612 5340 2855 5394 Gaudent
2905 5348 3180 5400 terrarum,
3230 5341 3280 5387 et
3310 5330 3499 5395 ridere,

1896 5438 2042 5565 “0(a)
2075 5494 2154 5548 Ita
2184 5507 2285 5547 ms.
2317 5487 2503 5543 Germ.
2534 5500 2654 5539 cum
2686 5481 2846 5538 editis
2870 5477 3021 5533 Grin.
3054 5485 3109 5532 et
3133 5473 3340 5531 Poelm.
3372 5472 3502 5539 Alii,

1984 5565 2262 5620 monentis.

1895 5588 2279 5711 ’Μῗὸυὲῒὲ
2310 5631 2495 5686 Germ.
2541 5626 2711 5683 co.ch
2755 5638 2875 5678 cum
2899 5618 2984 5675 ed.
3014 5616 3296 5711 ‘St‘POL‘if:
3324 5626 3499 5711 marg:

1896 5689 2404 5784 pernsyitalcphami;
2437 5708 2493 5755 et
2523 5700 2637 5752 lucc.
2674 5712 2783 5784 πρε)
2825 5699 2907 5784 est
2944 5692 3173 5784 usitata.I

1896 5760 1995 5837 7)ἷί
2021 5760 2265 5834 illuditis
2294 5760 2551 5843 «pilaque,
2582 5768 2725 5837 quod
2756 5766 2898 5820 lavet
2937 5770 3137 5819 nostrae
3160 5760 3411 5821 lectioni;
3442 5760 3500 5811 in

1896 5856 1985 5908 (Hi.
2011 5852 2201 5906 ﬂown.
2234 5848 2337 5905 die,
2370 5843 2517 5896 nullo
2546 5855 2729 5894 sensu.

1972 5927 2047 5994 (ξι)
2083 5920 2174 5975 Ms.
2209 5917 2417 5980 Gerun,
2448 5911 2708 5983 adsurgis.
