  <div class='ocr_page' id='page_1' title='image "/cluster/home/n/w/nwhite01/storage/ocr_20150623/61/umn.31951002477354t/244.png"; bbox 0 0 4134 6422; ppageno 0'>
   <div class='ocr_carea' id='block_1_1' title="bbox 226 347 1871 430">
    <p class='ocr_par' dir='ltr' id='par_1_1' title="bbox 226 355 1871 430">
     <span class='ocr_line' id='line_1_1' title="bbox 226 355 1871 430; baseline -0.011 1"><span class='ocrx_word' id='word_1_1' title='bbox 226 369 336 430; x_wconf 70' lang='grc' dir='ltr'><strong>κο</strong></span> <span class='ocrx_word' id='word_1_2' title='bbox 1655 355 1871 415; x_wconf 77' lang='grc' dir='ltr'><strong>ΡΟΕΜΔ</strong></span> 
     </span>
    </p>
   </div>
   <div class='ocr_carea' id='block_1_2' title="bbox 1984 347 3544 430">
    <p class='ocr_par' dir='ltr' id='par_1_2' title="bbox 1984 347 3544 417">
     <span class='ocr_line' id='line_1_2' title="bbox 1984 347 3544 417; baseline -0.003 -4"><span class='ocrx_word' id='word_1_3' title='bbox 1984 355 2040 417; x_wconf 70' lang='grc' dir='ltr'><strong>γ.</strong></span> <span class='ocrx_word' id='word_1_4' title='bbox 3435 347 3544 408; x_wconf 66' lang='grc' dir='ltr'><strong>υο</strong></span> 
     </span>
    </p>
   </div>
   <div class='ocr_carea' id='block_1_3' title="bbox 369 480 1693 541">
    <p class='ocr_par' dir='ltr' id='par_1_3' title="bbox 369 480 1693 541">
     <span class='ocr_line' id='line_1_3' title="bbox 369 480 1693 541; baseline -0.006 -1"><span class='ocrx_word' id='word_1_5' title='bbox 369 482 561 540; x_wconf 74' lang='lat' dir='ltr'><strong>Excila</strong></span> <span class='ocrx_word' id='word_1_6' title='bbox 588 482 672 540; x_wconf 88' lang='lat' dir='ltr'><strong>vis</strong></span> <span class='ocrx_word' id='word_1_7' title='bbox 698 482 894 541; x_wconf 71' lang='lat' dir='ltr'><strong>animo:</strong></span> <span class='ocrx_word' id='word_1_8' title='bbox 923 482 1090 540; x_wconf 88' lang='lat' dir='ltr'><strong>tacito</strong></span> <span class='ocrx_word' id='word_1_9' title='bbox 1106 495 1240 539; x_wconf 82' lang='lat' dir='ltr'><strong>mea</strong></span> <span class='ocrx_word' id='word_1_10' title='bbox 1268 480 1478 538; x_wconf 89' lang='lat' dir='ltr'><strong>viscera</strong></span> <span class='ocrx_word' id='word_1_11' title='bbox 1506 486 1693 541; x_wconf 87' lang='lat' dir='ltr'><strong>cantu.</strong></span> 
     </span>
    </p>
   </div>
   <div class='ocr_carea' id='block_1_4' title="bbox 369 568 1649 641">
    <p class='ocr_par' dir='ltr' id='par_1_4' title="bbox 369 568 1649 641">
     <span class='ocr_line' id='line_1_4' title="bbox 369 568 1649 641; baseline -0.006 -9"><span class='ocrx_word' id='word_1_12' title='bbox 369 574 490 632; x_wconf 83' lang='lat' dir='ltr'><strong>Non</strong></span> <span class='ocrx_word' id='word_1_13' title='bbox 518 574 685 631; x_wconf 85' lang='lat' dir='ltr'><strong>tacita</strong></span> <span class='ocrx_word' id='word_1_14' title='bbox 710 573 892 631; x_wconf 86' lang='lat' dir='ltr'><strong>cordis</strong></span> <span class='ocrx_word' id='word_1_15' title='bbox 920 572 1212 641; x_wconf 91' lang='lat' dir='ltr'><strong>testudine,</strong></span> <span class='ocrx_word' id='word_1_16' title='bbox 1233 571 1486 629; x_wconf 74' lang='lat' dir='ltr'><strong>dentibus</strong></span> <span class='ocrx_word' id='word_1_17' title='bbox 1506 568 1649 638; x_wconf 89' lang='lat' dir='ltr'><strong>ictis,</strong></span> 
     </span>
    </p>
   </div>
   <div class='ocr_carea' id='block_1_5' title="bbox 371 661 1833 765">
    <p class='ocr_par' dir='ltr' id='par_1_5' title="bbox 371 661 1833 765">
     <span class='ocr_line' id='line_1_5' title="bbox 371 661 1833 765; baseline -0.009 -40"><span class='ocrx_word' id='word_1_18' title='bbox 371 666 558 725; x_wconf 82' lang='lat' dir='ltr'><strong>Pulset</strong></span> <span class='ocrx_word' id='word_1_19' title='bbox 601 681 759 723; x_wconf 85' lang='lat' dir='ltr'><strong>amor</strong></span> <span class='ocrx_word' id='word_1_20' title='bbox 783 666 981 737; x_wconf 64' lang='lat' dir='ltr'><strong>lingua</strong></span> <span class='ocrx_word' id='word_1_21' title='bbox 1001 705 1019 733; x_wconf 91' lang='lat'><strong>,</strong></span> <span class='ocrx_word' id='word_1_22' title='bbox 1060 666 1270 739; x_wconf 88' lang='lat' dir='ltr'><strong>plectro</strong></span> <span class='ocrx_word' id='word_1_23' title='bbox 1311 661 1395 735; x_wconf 73' lang='grc' dir='ltr'><strong>(ιι)</strong></span> <span class='ocrx_word' id='word_1_24' title='bbox 1431 662 1547 735; x_wconf 79' lang='lat' dir='ltr'><strong>lyra</strong></span> <span class='ocrx_word' id='word_1_25' title='bbox 1575 667 1833 765; x_wconf 75' lang='lat' dir='ltr'><strong>personet</strong></span> 
     </span>
    </p>
   </div>
   <div class='ocr_carea' id='block_1_6' title="bbox 1340 768 1757 807">
    <p class='ocr_par' dir='ltr' id='par_1_6' title="bbox 1340 768 1757 807">
     <span class='ocr_line' id='line_1_6' title="bbox 1340 768 1757 807; baseline 0 0"><span class='ocrx_word' id='word_1_26' title='bbox 1340 786 1343 789; x_wconf 59' lang='grc' dir='ltr'><strong><em>λ</em></strong></span> <span class='ocrx_word' id='word_1_27' title='bbox 1602 768 1612 807; x_wconf 96' lang='grc' dir='ltr'><strong>Ι</strong></span> <span class='ocrx_word' id='word_1_28' title='bbox 1625 768 1757 807; x_wconf 76' lang='grc'><strong>01⁵18.</strong></span> 
     </span>
    </p>
   </div>
   <div class='ocr_carea' id='block_1_7' title="bbox 261 753 1835 925">
    <p class='ocr_par' dir='ltr' id='par_1_7' title="bbox 261 753 1835 925">
     <span class='ocr_line' id='line_1_7' title="bbox 261 753 1835 925; baseline -0.007 -14"><span class='ocrx_word' id='word_1_29' title='bbox 261 853 335 911; x_wconf 78' lang='lat'><strong>30</strong></span> <span class='ocrx_word' id='word_1_30' title='bbox 439 851 560 911; x_wconf 78' lang='lat' dir='ltr'><strong>Non</strong></span> <span class='ocrx_word' id='word_1_31' title='bbox 600 866 706 925; x_wconf 91' lang='lat' dir='ltr'><strong>ego</strong></span> <span class='ocrx_word' id='word_1_32' title='bbox 746 850 1054 910; x_wconf 83' lang='lat' dir='ltr'><strong>Castalidas</strong></span> <span class='ocrx_word' id='word_1_33' title='bbox 1091 856 1281 906; x_wconf 86' lang='lat' dir='ltr'><strong>vatum</strong></span> <span class='ocrx_word' id='word_1_34' title='bbox 1308 753 1835 921; x_wconf 43' lang='lat' dir='ltr'><strong>phantasmgcthllu-</strong></span> 
     </span>
    </p>
   </div>
   <div class='ocr_carea' id='block_1_8' title="bbox 1642 952 1701 992">
    <p class='ocr_par' dir='ltr' id='par_1_8' title="bbox 1642 952 1701 992">
     <span class='ocr_line' id='line_1_8' title="bbox 1642 952 1701 992; baseline 0 0"><span class='ocrx_word' id='word_1_35' title='bbox 1642 952 1701 992; x_wconf 73' lang='lat' dir='ltr'><strong>Si!</strong></span> 
     </span>
    </p>
   </div>
   <div class='ocr_carea' id='block_1_9' title="bbox 370 938 1756 1128">
    <p class='ocr_par' dir='ltr' id='par_1_9' title="bbox 370 938 1756 1128">
     <span class='ocr_line' id='line_1_9' title="bbox 370 938 1756 1128; baseline -0.008 -30"><span class='ocrx_word' id='word_1_36' title='bbox 370 1040 483 1097; x_wconf 76' lang='lat' dir='ltr'><strong>Nec</strong></span> <span class='ocrx_word' id='word_1_37' title='bbox 499 1038 726 1097; x_wconf 84' lang='lat' dir='ltr'><strong>surdum</strong></span> <span class='ocrx_word' id='word_1_38' title='bbox 756 1035 930 1128; x_wconf 75' lang='lat' dir='ltr'><strong>Aonia</strong></span> <span class='ocrx_word' id='word_1_39' title='bbox 954 1033 1220 1091; x_wconf 78' lang='lat' dir='ltr'><strong>thbum</strong></span> <span class='ocrx_word' id='word_1_40' title='bbox 1245 1031 1316 1090; x_wconf 91' lang='lat' dir='ltr'><strong>de</strong></span> <span class='ocrx_word' id='word_1_41' title='bbox 1341 1045 1479 1104; x_wconf 86' lang='lat' dir='ltr'><strong>rupe</strong></span> <span class='ocrx_word' id='word_1_42' title='bbox 1498 938 1756 1095; x_wconf 34' lang='lat' dir='ltr'><strong>ciebis?”</strong></span> 
     </span>
    </p>
   </div>
   <div class='ocr_carea' id='block_1_10' title="bbox 369 1123 1835 1188">
    <p class='ocr_par' dir='ltr' id='par_1_10' title="bbox 369 1123 1835 1188">
     <span class='ocr_line' id='line_1_10' title="bbox 369 1123 1835 1188; baseline -0.01 1"><span class='ocrx_word' id='word_1_43' title='bbox 369 1130 644 1188; x_wconf 76' lang='lat' dir='ltr'><strong>Carminis</strong></span> <span class='ocrx_word' id='word_1_44' title='bbox 702 1123 954 1187; x_wconf 80' lang='lat' dir='ltr'><strong>incentor</strong></span> <span class='ocrx_word' id='word_1_45' title='bbox 1015 1124 1266 1183; x_wconf 72' lang='lat' dir='ltr'><strong>Christus</strong></span> <span class='ocrx_word' id='word_1_46' title='bbox 1329 1123 1467 1180; x_wconf 86' lang='lat' dir='ltr'><strong>mihi</strong></span> <span class='ocrx_word' id='word_1_47' title='bbox 1526 1140 1542 1177; x_wconf 89' lang='lat'><strong>:</strong></span> <span class='ocrx_word' id='word_1_48' title='bbox 1609 1134 1835 1177; x_wconf 89' lang='lat' dir='ltr'><strong>munere</strong></span> 
     </span>
    </p>
   </div>
   <div class='ocr_carea' id='block_1_11' title="bbox 1538 1213 1762 1290">
    <p class='ocr_par' dir='ltr' id='par_1_11' title="bbox 1538 1213 1762 1290">
     <span class='ocr_line' id='line_1_11' title="bbox 1538 1213 1762 1290; baseline -0.004 -20"><span class='ocrx_word' id='word_1_49' title='bbox 1538 1213 1762 1290; x_wconf 84' lang='lat' dir='ltr'><strong>[Christi</strong></span> 
     </span>
    </p>
   </div>
   <div class='ocr_carea' id='block_1_12' title="bbox 374 1304 1740 1389">
    <p class='ocr_par' dir='ltr' id='par_1_12' title="bbox 374 1304 1740 1389">
     <span class='ocr_line' id='line_1_12' title="bbox 374 1304 1740 1389; baseline -0.009 -14"><span class='ocrx_word' id='word_1_50' title='bbox 374 1316 564 1375; x_wconf 79' lang='lat' dir='ltr'><strong>Audeo</strong></span> <span class='ocrx_word' id='word_1_51' title='bbox 589 1323 849 1389; x_wconf 86' lang='lat' dir='ltr'><strong>peccator</strong></span> <span class='ocrx_word' id='word_1_52' title='bbox 875 1312 957 1387; x_wconf 67' lang='grc' dir='ltr'><strong>(ὁ)</strong></span> <span class='ocrx_word' id='word_1_53' title='bbox 985 1319 1236 1370; x_wconf 84' lang='lat' dir='ltr'><strong>sanctum</strong></span> <span class='ocrx_word' id='word_1_54' title='bbox 1262 1318 1320 1367; x_wconf 89' lang='lat' dir='ltr'><strong>et</strong></span> <span class='ocrx_word' id='word_1_55' title='bbox 1342 1304 1589 1367; x_wconf 76' lang='lat' dir='ltr'><strong>cmlestia</strong></span> <span class='ocrx_word' id='word_1_56' title='bbox 1618 1306 1740 1363; x_wconf 87' lang='lat' dir='ltr'><strong>fari.</strong></span> 
     </span>
    </p>
   </div>
   <div class='ocr_carea' id='block_1_13' title="bbox 371 1397 1837 1477">
    <p class='ocr_par' dir='ltr' id='par_1_13' title="bbox 371 1397 1837 1477">
     <span class='ocr_line' id='line_1_13' title="bbox 371 1397 1837 1477; baseline -0.008 -12"><span class='ocrx_word' id='word_1_57' title='bbox 371 1409 484 1465; x_wconf 73' lang='lat' dir='ltr'><strong>Nec</strong></span> <span class='ocrx_word' id='word_1_58' title='bbox 501 1408 599 1465; x_wconf 85' lang='lat' dir='ltr'><strong>tibi</strong></span> <span class='ocrx_word' id='word_1_59' title='bbox 619 1405 855 1473; x_wconf 83' lang='lat' dir='ltr'><strong>difllcile,</strong></span> <span class='ocrx_word' id='word_1_60' title='bbox 879 1403 1259 1477; x_wconf 83' lang='lat' dir='ltr'><strong>Omnipotens,</strong></span> <span class='ocrx_word' id='word_1_61' title='bbox 1285 1417 1407 1459; x_wconf 89' lang='lat' dir='ltr'><strong>mea</strong></span> <span class='ocrx_word' id='word_1_62' title='bbox 1424 1400 1641 1459; x_wconf 86' lang='lat' dir='ltr'><strong>solvere</strong></span> <span class='ocrx_word' id='word_1_63' title='bbox 1659 1397 1837 1457; x_wconf 87' lang='lat' dir='ltr'><strong>doctis</strong></span> 
     </span>
    </p>
   </div>
   <div class='ocr_carea' id='block_1_14' title="bbox 259 1491 1754 1577">
    <p class='ocr_par' dir='ltr' id='par_1_14' title="bbox 259 1491 1754 1577">
     <span class='ocr_line' id='line_1_14' title="bbox 259 1491 1754 1577; baseline -0.01 -15"><span class='ocrx_word' id='word_1_64' title='bbox 259 1501 338 1561; x_wconf 71' lang='lat'><strong>35</strong></span> <span class='ocrx_word' id='word_1_65' title='bbox 371 1498 478 1562; x_wconf 81' lang='lat' dir='ltr'><strong>Ora</strong></span> <span class='ocrx_word' id='word_1_66' title='bbox 505 1501 700 1567; x_wconf 84' lang='lat' dir='ltr'><strong>modis,</strong></span> <span class='ocrx_word' id='word_1_67' title='bbox 731 1500 826 1571; x_wconf 86' lang='lat' dir='ltr'><strong>qui</strong></span> <span class='ocrx_word' id='word_1_68' title='bbox 852 1505 1002 1554; x_wconf 91' lang='lat' dir='ltr'><strong>muta</strong></span> <span class='ocrx_word' id='word_1_69' title='bbox 1024 1497 1195 1577; x_wconf 89' lang='lat' dir='ltr'><strong>loqui,</strong></span> <span class='ocrx_word' id='word_1_70' title='bbox 1217 1494 1388 1553; x_wconf 80' lang='lat' dir='ltr'><strong>ﬂuere</strong></span> <span class='ocrx_word' id='word_1_71' title='bbox 1415 1494 1588 1560; x_wconf 87' lang='lat' dir='ltr'><strong>arida,</strong></span> <span class='ocrx_word' id='word_1_72' title='bbox 1614 1491 1754 1549; x_wconf 86' lang='lat' dir='ltr'><strong>solvi</strong></span> 
     </span>
    </p>
   </div>
   <div class='ocr_carea' id='block_1_15' title="bbox 373 1585 1835 1666">
    <p class='ocr_par' dir='ltr' id='par_1_15' title="bbox 373 1585 1835 1666">
     <span class='ocr_line' id='line_1_15' title="bbox 373 1585 1835 1666; baseline -0.011 -11"><span class='ocrx_word' id='word_1_73' title='bbox 373 1596 517 1654; x_wconf 82' lang='lat' dir='ltr'><strong>Dura</strong></span> <span class='ocrx_word' id='word_1_74' title='bbox 539 1594 719 1666; x_wconf 75' lang='lat' dir='ltr'><strong>iubes.</strong></span> <span class='ocrx_word' id='word_1_75' title='bbox 752 1590 834 1649; x_wconf 85' lang='lat' dir='ltr'><strong>Tu</strong></span> <span class='ocrx_word' id='word_1_76' title='bbox 856 1604 1098 1663; x_wconf 90' lang='lat' dir='ltr'><strong>namque</strong></span> <span class='ocrx_word' id='word_1_77' title='bbox 1125 1589 1333 1645; x_wconf 84' lang='lat' dir='ltr'><strong>asinam</strong></span> <span class='ocrx_word' id='word_1_78' title='bbox 1362 1588 1593 1643; x_wconf 82' lang='lat' dir='ltr'><strong>reboare</strong></span> <span class='ocrx_word' id='word_1_79' title='bbox 1612 1585 1835 1657; x_wconf 86' lang='lat' dir='ltr'><strong>loquen-</strong></span> 
     </span>
    </p>
   </div>
   <div class='ocr_carea' id='block_1_16' title="bbox 1615 1678 1758 1742">
    <p class='ocr_par' dir='ltr' id='par_1_16' title="bbox 1615 1678 1758 1742">
     <span class='ocr_line' id='line_1_16' title="bbox 1615 1678 1758 1742; baseline 0.007 -10"><span class='ocrx_word' id='word_1_80' title='bbox 1615 1678 1688 1733; x_wconf 89' lang='lat' dir='ltr'><strong>do</strong></span> <span class='ocrx_word' id='word_1_81' title='bbox 1710 1683 1758 1742; x_wconf 80' lang='grc'><strong>⁸.</strong></span> 
     </span>
    </p>
   </div>
   <div class='ocr_carea' id='block_1_17' title="bbox 374 1676 1796 1854">
    <p class='ocr_par' dir='ltr' id='par_1_17' title="bbox 374 1676 1796 1854">
     <span class='ocr_line' id='line_1_17' title="bbox 1615 1678 1758 1742; baseline 0 -10"><span class='ocrx_word' id='word_1_82' title='bbox 1615 1678 1688 1733; x_wconf 89' lang='lat' dir='ltr'><strong>do</strong></span> <span class='ocrx_word' id='word_1_83' title='bbox 1710 1683 1758 1742; x_wconf 79' lang='grc'><strong>⁸.</strong></span> 
     </span>
     <span class='ocr_line' id='line_1_18' title="bbox 374 1676 1796 1854; baseline -0.011 -14"><span class='ocrx_word' id='word_1_84' title='bbox 374 1783 784 1854; x_wconf 81' lang='lat' dir='ltr'><strong>Pcrfcctamque</strong></span> <span class='ocrx_word' id='word_1_85' title='bbox 803 1778 903 1836; x_wconf 89' lang='lat' dir='ltr'><strong>tibi</strong></span> <span class='ocrx_word' id='word_1_86' title='bbox 925 1778 1196 1835; x_wconf 90' lang='lat' dir='ltr'><strong>lactentes</strong></span> <span class='ocrx_word' id='word_1_87' title='bbox 1213 1773 1245 1817; x_wconf 65' lang='grc'>⁸</span> <span class='ocrx_word' id='word_1_88' title='bbox 1272 1776 1295 1809; x_wconf 81' lang='grc'>¹</span> <span class='ocrx_word' id='word_1_89' title='bbox 1323 1772 1563 1831; x_wconf 82' lang='lat' dir='ltr'><strong>condere</strong></span> <span class='ocrx_word' id='word_1_90' title='bbox 1580 1676 1796 1826; x_wconf 47' lang='lat' dir='ltr'><strong>laudem</strong></span> 
     </span>
    </p>
   </div>
   <div class='ocr_carea' id='block_1_18' title="bbox 375 1858 1912 1943">
    <p class='ocr_par' dir='ltr' id='par_1_18' title="bbox 375 1858 1912 1943">
     <span class='ocr_line' id='line_1_19' title="bbox 375 1858 1912 1943; baseline -0.013 -9"><span class='ocrx_word' id='word_1_91' title='bbox 375 1874 683 1943; x_wconf 83' lang='lat' dir='ltr'><strong>Fecisti,‘et</strong></span> <span class='ocrx_word' id='word_1_92' title='bbox 710 1869 943 1929; x_wconf 75' lang='lat' dir='ltr'><strong>solidam</strong></span> <span class='ocrx_word' id='word_1_93' title='bbox 969 1868 990 1901; x_wconf 86' lang='grc'>³</span> <span class='ocrx_word' id='word_1_94' title='bbox 1008 1867 1216 1926; x_wconf 77' lang='lat' dir='ltr'><strong>solvisti</strong></span> <span class='ocrx_word' id='word_1_95' title='bbox 1247 1865 1302 1923; x_wconf 88' lang='lat' dir='ltr'><strong>iu</strong></span> <span class='ocrx_word' id='word_1_96' title='bbox 1332 1864 1553 1921; x_wconf 82' lang='lat' dir='ltr'><strong>ﬂumina</strong></span> <span class='ocrx_word' id='word_1_97' title='bbox 1584 1875 1799 1934; x_wconf 80' lang='lat' dir='ltr'><strong>rupem,</strong></span> <span class='ocrx_word' id='word_1_98' title='bbox 1867 1858 1912 1920; x_wconf 80' lang='grc' dir='ltr'><strong><em>Β</em></strong></span> 
     </span>
    </p>
   </div>
   <div class='ocr_carea' id='block_1_19' title="bbox 378 1953 1697 2032">
    <p class='ocr_par' dir='ltr' id='par_1_19' title="bbox 378 1953 1697 2032">
     <span class='ocr_line' id='line_1_20' title="bbox 378 1953 1697 2032; baseline -0.012 -7"><span class='ocrx_word' id='word_1_99' title='bbox 378 1968 447 2025; x_wconf 81' lang='lat' dir='ltr'><strong>Et</strong></span> <span class='ocrx_word' id='word_1_100' title='bbox 470 1976 672 2025; x_wconf 88' lang='lat' dir='ltr'><strong>terram</strong></span> <span class='ocrx_word' id='word_1_101' title='bbox 695 1965 815 2021; x_wconf 84' lang='lat' dir='ltr'><strong>sine</strong></span> <span class='ocrx_word' id='word_1_102' title='bbox 839 1975 980 2032; x_wconf 90' lang='lat' dir='ltr'><strong>aqua</strong></span> <span class='ocrx_word' id='word_1_103' title='bbox 1002 1958 1198 2019; x_wconf 81' lang='lat' dir='ltr'><strong>subitis</strong></span> <span class='ocrx_word' id='word_1_104' title='bbox 1225 1971 1451 2015; x_wconf 88' lang='lat' dir='ltr'><strong>manere</strong></span> <span class='ocrx_word' id='word_1_105' title='bbox 1476 1953 1697 2013; x_wconf 85' lang='lat' dir='ltr'><strong>fluentis</strong></span> 
     </span>
    </p>
   </div>
   <div class='ocr_carea' id='block_1_20' title="bbox 265 2047 1695 2126">
    <p class='ocr_par' dir='ltr' id='par_1_20' title="bbox 265 2047 1695 2126">
     <span class='ocr_line' id='line_1_21' title="bbox 265 2047 1695 2126; baseline -0.013 -5"><span class='ocrx_word' id='word_1_106' title='bbox 265 2064 339 2122; x_wconf 75' lang='grc'><strong>40</strong></span> <span class='ocrx_word' id='word_1_107' title='bbox 371 2059 608 2126; x_wconf 65' lang='lat' dir='ltr'><strong>iussisti,</strong></span> <span class='ocrx_word' id='word_1_108' title='bbox 632 2057 848 2114; x_wconf 88' lang='lat' dir='ltr'><strong>deserta</strong></span> <span class='ocrx_word' id='word_1_109' title='bbox 872 2054 1057 2126; x_wconf 88' lang='lat' dir='ltr'><strong>rigans</strong></span> <span class='ocrx_word' id='word_1_110' title='bbox 1083 2053 1140 2110; x_wconf 92' lang='lat' dir='ltr'><strong>in</strong></span> <span class='ocrx_word' id='word_1_111' title='bbox 1166 2066 1322 2124; x_wconf 84' lang='lat' dir='ltr'><strong>spem</strong></span> <span class='ocrx_word' id='word_1_112' title='bbox 1347 2047 1695 2123; x_wconf 88' lang='lat' dir='ltr'><strong>populorum,</strong></span> 
     </span>
    </p>
   </div>
   <div class='ocr_carea' id='block_1_21' title="bbox 371 2139 1695 2227">
    <p class='ocr_par' dir='ltr' id='par_1_21' title="bbox 371 2139 1695 2227">
     <span class='ocr_line' id='line_1_22' title="bbox 371 2139 1695 2227; baseline -0.014 -13"><span class='ocrx_word' id='word_1_113' title='bbox 371 2157 434 2215; x_wconf 92' lang='lat' dir='ltr'><strong>In</strong></span> <span class='ocrx_word' id='word_1_114' title='bbox 454 2171 687 2227; x_wconf 88' lang='lat' dir='ltr'><strong>quorum</strong></span> <span class='ocrx_word' id='word_1_115' title='bbox 716 2161 935 2212; x_wconf 85' lang='lat' dir='ltr'><strong>arentes</strong></span> <span class='ocrx_word' id='word_1_116' title='bbox 964 2147 1175 2206; x_wconf 84' lang='lat' dir='ltr'><strong>animas</strong></span> <span class='ocrx_word' id='word_1_117' title='bbox 1199 2146 1291 2219; x_wconf 90' lang='lat' dir='ltr'><strong>pia</strong></span> <span class='ocrx_word' id='word_1_118' title='bbox 1317 2143 1492 2217; x_wconf 83' lang='lat' dir='ltr'><strong>gratia</strong></span> <span class='ocrx_word' id='word_1_119' title='bbox 1520 2139 1695 2207; x_wconf 81' lang='lat' dir='ltr'><strong>tinxit,</strong></span> 
     </span>
    </p>
   </div>
   <div class='ocr_carea' id='block_1_22' title="bbox 368 2230 1781 2317">
    <p class='ocr_par' dir='ltr' id='par_1_22' title="bbox 368 2230 1781 2317">
     <span class='ocr_line' id='line_1_23' title="bbox 368 2230 1781 2317; baseline -0.012 -12"><span class='ocrx_word' id='word_1_120' title='bbox 368 2248 518 2317; x_wconf 85' lang='lat' dir='ltr'><strong>Quos</strong></span> <span class='ocrx_word' id='word_1_121' title='bbox 544 2245 793 2302; x_wconf 84' lang='lat' dir='ltr'><strong>Christus</strong></span> <span class='ocrx_word' id='word_1_122' title='bbox 811 2242 939 2300; x_wconf 86' lang='lat' dir='ltr'><strong>vivo</strong></span> <span class='ocrx_word' id='word_1_123' title='bbox 962 2253 1190 2296; x_wconf 88' lang='lat' dir='ltr'><strong>manans</strong></span> <span class='ocrx_word' id='word_1_124' title='bbox 1214 2245 1371 2309; x_wconf 89' lang='lat' dir='ltr'><strong>petra</strong></span> <span class='ocrx_word' id='word_1_125' title='bbox 1393 2234 1546 2292; x_wconf 87' lang='lat' dir='ltr'><strong>fonte</strong></span> <span class='ocrx_word' id='word_1_126' title='bbox 1569 2230 1781 2290; x_wconf 86' lang='lat' dir='ltr'><strong>refecit.</strong></span> 
     </span>
    </p>
   </div>
   <div class='ocr_carea' id='block_1_23' title="bbox 453 2326 1841 2408">
    <p class='ocr_par' dir='ltr' id='par_1_23' title="bbox 453 2326 1841 2408">
     <span class='ocr_line' id='line_1_24' title="bbox 453 2326 1841 2408; baseline -0.012 -12"><span class='ocrx_word' id='word_1_127' title='bbox 453 2336 609 2396; x_wconf 85' lang='lat' dir='ltr'><strong>Unde</strong></span> <span class='ocrx_word' id='word_1_128' title='bbox 636 2350 739 2408; x_wconf 89' lang='lat' dir='ltr'><strong>ego</strong></span> <span class='ocrx_word' id='word_1_129' title='bbox 759 2350 890 2408; x_wconf 84' lang='lat' dir='ltr'><strong>pars</strong></span> <span class='ocrx_word' id='word_1_130' title='bbox 910 2330 1195 2390; x_wconf 90' lang='lat' dir='ltr'><strong>hominum</strong></span> <span class='ocrx_word' id='word_1_131' title='bbox 1214 2326 1464 2394; x_wconf 89' lang='lat' dir='ltr'><strong>minima,</strong></span> <span class='ocrx_word' id='word_1_132' title='bbox 1486 2326 1591 2383; x_wconf 86' lang='lat' dir='ltr'><strong>isto</strong></span> <span class='ocrx_word' id='word_1_133' title='bbox 1615 2339 1841 2382; x_wconf 84' lang='lat' dir='ltr'><strong>munere</strong></span> 
     </span>
    </p>
   </div>
   <div class='ocr_carea' id='block_1_24' title="bbox 1513 2417 1770 2494">
    <p class='ocr_par' dir='ltr' id='par_1_24' title="bbox 1513 2417 1770 2494">
     <span class='ocr_line' id='line_1_25' title="bbox 1513 2417 1770 2494; baseline 0.016 -23"><span class='ocrx_word' id='word_1_134' title='bbox 1513 2458 1529 2470; x_wconf 90' lang='lat'><strong>.</strong></span> <span class='ocrx_word' id='word_1_135' title='bbox 1544 2417 1737 2494; x_wconf 82' lang='lat' dir='ltr'><strong>[fretus</strong></span> <span class='ocrx_word' id='word_1_136' title='bbox 1754 2460 1770 2489; x_wconf 94' lang='lat'><strong>,</strong></span> 
     </span>
    </p>
   </div>
   <div class='ocr_carea' id='block_1_25' title="bbox 376 2511 1806 2591">
    <p class='ocr_par' dir='ltr' id='par_1_25' title="bbox 376 2511 1806 2591">
     <span class='ocr_line' id='line_1_26' title="bbox 376 2511 1806 2591; baseline -0.014 -5"><span class='ocrx_word' id='word_1_137' title='bbox 376 2514 560 2591; x_wconf 73' lang='lat' dir='ltr'><strong>Ruris,</strong></span> <span class='ocrx_word' id='word_1_138' title='bbox 587 2520 825 2588; x_wconf 88' lang='lat' dir='ltr'><strong>Christe,</strong></span> <span class='ocrx_word' id='word_1_139' title='bbox 852 2519 931 2576; x_wconf 92' lang='lat' dir='ltr'><strong>tui</strong></span> <span class='ocrx_word' id='word_1_140' title='bbox 954 2516 1110 2574; x_wconf 86' lang='lat' dir='ltr'><strong>vivos</strong></span> <span class='ocrx_word' id='word_1_141' title='bbox 1132 2529 1330 2588; x_wconf 85' lang='lat' dir='ltr'><strong>precor</strong></span> <span class='ocrx_word' id='word_1_142' title='bbox 1348 2511 1531 2570; x_wconf 85' lang='lat' dir='ltr'><strong>aridus</strong></span> <span class='ocrx_word' id='word_1_143' title='bbox 1556 2511 1806 2568; x_wconf 86' lang='lat' dir='ltr'><strong>haustus.</strong></span> 
     </span>
    </p>
   </div>
   <div class='ocr_carea' id='block_1_26' title="bbox 266 2603 1664 2679">
    <p class='ocr_par' dir='ltr' id='par_1_26' title="bbox 266 2603 1664 2679">
     <span class='ocr_line' id='line_1_27' title="bbox 266 2603 1664 2679; baseline -0.01 -3"><span class='ocrx_word' id='word_1_144' title='bbox 266 2621 340 2676; x_wconf 76' lang='grc'><strong>45</strong></span> <span class='ocrx_word' id='word_1_145' title='bbox 375 2618 457 2675; x_wconf 74' lang='grc' dir='ltr'>ω</span> <span class='ocrx_word' id='word_1_146' title='bbox 483 2617 705 2674; x_wconf 89' lang='lat' dir='ltr'><strong>verbum</strong></span> <span class='ocrx_word' id='word_1_147' title='bbox 727 2615 797 2671; x_wconf 93' lang='lat' dir='ltr'><strong>de</strong></span> <span class='ocrx_word' id='word_1_148' title='bbox 815 2614 968 2670; x_wconf 89' lang='lat' dir='ltr'><strong>fonte</strong></span> <span class='ocrx_word' id='word_1_149' title='bbox 985 2619 1116 2679; x_wconf 88' lang='lat' dir='ltr'><strong>tuo;</strong></span> <span class='ocrx_word' id='word_1_150' title='bbox 1148 2617 1242 2666; x_wconf 89' lang='lat' dir='ltr'><strong>tua</strong></span> <span class='ocrx_word' id='word_1_151' title='bbox 1263 2623 1373 2664; x_wconf 89' lang='lat' dir='ltr'><strong>non</strong></span> <span class='ocrx_word' id='word_1_152' title='bbox 1392 2620 1539 2678; x_wconf 88' lang='lat' dir='ltr'><strong>queo</strong></span> <span class='ocrx_word' id='word_1_153' title='bbox 1562 2603 1664 2663; x_wconf 89' lang='lat' dir='ltr'><strong>fari</strong></span> 
     </span>
    </p>
   </div>
   <div class='ocr_carea' id='block_1_27' title="bbox 375 2698 1846 2779">
    <p class='ocr_par' dir='ltr' id='par_1_27' title="bbox 375 2698 1846 2779">
     <span class='ocr_line' id='line_1_28' title="bbox 375 2698 1846 2779; baseline -0.01 -12"><span class='ocrx_word' id='word_1_154' title='bbox 375 2709 454 2766; x_wconf 89' lang='lat' dir='ltr'><strong>&#39;I&#39;e</strong></span> <span class='ocrx_word' id='word_1_155' title='bbox 479 2709 629 2777; x_wconf 86' lang='lat' dir='ltr'><strong>sine;</strong></span> <span class='ocrx_word' id='word_1_156' title='bbox 659 2719 895 2779; x_wconf 83' lang='lat' dir='ltr'><strong>namque</strong></span> <span class='ocrx_word' id='word_1_157' title='bbox 925 2703 1003 2759; x_wconf 90' lang='lat' dir='ltr'><strong>tui</strong></span> <span class='ocrx_word' id='word_1_158' title='bbox 1030 2703 1149 2759; x_wconf 88' lang='lat' dir='ltr'><strong>laus</strong></span> <span class='ocrx_word' id='word_1_159' title='bbox 1174 2699 1429 2773; x_wconf 88' lang='lat' dir='ltr'><strong>martyris</strong></span> <span class='ocrx_word' id='word_1_160' title='bbox 1446 2737 1462 2764; x_wconf 89' lang='lat'><strong>,</strong></span> <span class='ocrx_word' id='word_1_161' title='bbox 1508 2705 1567 2754; x_wconf 93' lang='lat' dir='ltr'><strong>et</strong></span> <span class='ocrx_word' id='word_1_162' title='bbox 1595 2704 1688 2755; x_wconf 90' lang='lat' dir='ltr'><strong>tua</strong></span> <span class='ocrx_word' id='word_1_163' title='bbox 1727 2698 1846 2754; x_wconf 86' lang='lat' dir='ltr'><strong>laus</strong></span> 
     </span>
    </p>
   </div>
   <div class='ocr_carea' id='block_1_28' title="bbox 1644 2789 1771 2861">
    <p class='ocr_par' dir='ltr' id='par_1_28' title="bbox 1644 2789 1771 2861">
     <span class='ocr_line' id='line_1_29' title="bbox 1644 2789 1771 2861; baseline 0.016 -18"><span class='ocrx_word' id='word_1_164' title='bbox 1644 2789 1771 2861; x_wconf 82' lang='lat' dir='ltr'><strong>[cst,</strong></span> 
     </span>
    </p>
   </div>
   <div class='ocr_carea' id='block_1_29' title="bbox 374 2883 1745 2964">
    <p class='ocr_par' dir='ltr' id='par_1_29' title="bbox 374 2883 1745 2964">
     <span class='ocr_line' id='line_1_30' title="bbox 374 2883 1745 2964; baseline -0.009 -12"><span class='ocrx_word' id='word_1_165' title='bbox 374 2894 481 2964; x_wconf 80' lang='lat' dir='ltr'><strong>Qui</strong></span> <span class='ocrx_word' id='word_1_166' title='bbox 510 2891 641 2951; x_wconf 86' lang='lat' dir='ltr'><strong>facis</strong></span> <span class='ocrx_word' id='word_1_167' title='bbox 662 2890 1018 2961; x_wconf 83' lang='lat' dir='ltr'><strong>Omnipotens</strong></span> <span class='ocrx_word' id='word_1_168' title='bbox 1045 2884 1296 2944; x_wconf 83' lang='lat' dir='ltr'><strong>homines</strong></span> <span class='ocrx_word' id='word_1_169' title='bbox 1321 2883 1502 2941; x_wconf 86' lang='lat' dir='ltr'><strong>divina</strong></span> <span class='ocrx_word' id='word_1_170' title='bbox 1536 2884 1745 2948; x_wconf 82' lang='lat' dir='ltr'><strong>valere,</strong></span> 
     </span>
    </p>
   </div>
   <div class='ocr_carea' id='block_1_30' title="bbox 379 2978 1846 3059">
    <p class='ocr_par' dir='ltr' id='par_1_30' title="bbox 379 2978 1846 3059">
     <span class='ocr_line' id='line_1_31' title="bbox 379 2978 1846 3059; baseline -0.009 -13"><span class='ocrx_word' id='word_1_171' title='bbox 379 2988 675 3059; x_wconf 88' lang='lat' dir='ltr'><strong>Fortiaque</strong></span> <span class='ocrx_word' id='word_1_172' title='bbox 720 2983 950 3041; x_wconf 70' lang='lat' dir='ltr'><strong>infirmis</strong></span> <span class='ocrx_word' id='word_1_173' title='bbox 994 2995 1258 3054; x_wconf 88' lang='lat' dir='ltr'><strong>superans</strong></span> <span class='ocrx_word' id='word_1_174' title='bbox 1277 3022 1294 3051; x_wconf 93' lang='lat'><strong>,</strong></span> <span class='ocrx_word' id='word_1_175' title='bbox 1342 2978 1414 3037; x_wconf 89' lang='lat' dir='ltr'><strong>de</strong></span> <span class='ocrx_word' id='word_1_176' title='bbox 1458 2994 1624 3037; x_wconf 88' lang='lat' dir='ltr'><strong>carne</strong></span> <span class='ocrx_word' id='word_1_177' title='bbox 1650 2978 1846 3034; x_wconf 90' lang='lat' dir='ltr'><strong>trium-</strong></span> 
     </span>
    </p>
   </div>
   <div class='ocr_carea' id='block_1_31' title="bbox 1586 3070 1768 3144">
    <p class='ocr_par' dir='ltr' id='par_1_31' title="bbox 1586 3070 1768 3144">
     <span class='ocr_line' id='line_1_32' title="bbox 1586 3070 1768 3144; baseline 0 -19"><span class='ocrx_word' id='word_1_178' title='bbox 1586 3070 1768 3144; x_wconf 76' lang='lat' dir='ltr'><strong>[phas,</strong></span> 
     </span>
    </p>
   </div>
   <div class='ocr_carea' id='block_1_32' title="bbox 382 3161 1848 3248">
    <p class='ocr_par' dir='ltr' id='par_1_32' title="bbox 382 3161 1848 3248">
     <span class='ocr_line' id='line_1_33' title="bbox 382 3161 1848 3248; baseline -0.008 -20"><span class='ocrx_word' id='word_1_179' title='bbox 382 3169 745 3248; x_wconf 54' lang='lat'><strong>“9-390</strong></span> <span class='ocrx_word' id='word_1_180' title='bbox 772 3165 965 3225; x_wconf 76' lang='lat' dir='ltr'><strong>Acrius</strong></span> <span class='ocrx_word' id='word_1_181' title='bbox 994 3165 1075 3240; x_wconf 87' lang='lat' dir='ltr'><strong>(c)</strong></span> <span class='ocrx_word' id='word_1_182' title='bbox 1105 3178 1362 3238; x_wconf 83' lang='lat' dir='ltr'><strong>proceres</strong></span> <span class='ocrx_word' id='word_1_183' title='bbox 1388 3161 1612 3220; x_wconf 87' lang='lat' dir='ltr'><strong>vincens</strong></span> <span class='ocrx_word' id='word_1_184' title='bbox 1642 3161 1696 3218; x_wconf 91' lang='lat' dir='ltr'><strong>in</strong></span> <span class='ocrx_word' id='word_1_185' title='bbox 1723 3176 1848 3218; x_wconf 89' lang='lat' dir='ltr'><strong>cor-</strong></span> 
     </span>
    </p>
   </div>
   <div class='ocr_carea' id='block_1_33' title="bbox 1373 3258 1769 3332">
    <p class='ocr_par' dir='ltr' id='par_1_33' title="bbox 1373 3258 1769 3332">
     <span class='ocr_line' id='line_1_34' title="bbox 1373 3258 1769 3332; baseline -0.008 -18"><span class='ocrx_word' id='word_1_186' title='bbox 1373 3258 1533 3332; x_wconf 82' lang='lat' dir='ltr'><strong>[pore</strong></span> <span class='ocrx_word' id='word_1_187' title='bbox 1561 3265 1769 3313; x_wconf 81' lang='lat' dir='ltr'><strong>nostro.</strong></span> 
     </span>
    </p>
   </div>
   <div class='ocr_carea' id='block_1_34' title="bbox 276 3350 1851 3430">
    <p class='ocr_par' dir='ltr' id='par_1_34' title="bbox 276 3350 1851 3430">
     <span class='ocr_line' id='line_1_35' title="bbox 276 3350 1851 3430; baseline -0.009 -10"><span class='ocrx_word' id='word_1_188' title='bbox 276 3362 348 3420; x_wconf 81' lang='lat'><strong>50</strong></span> <span class='ocrx_word' id='word_1_189' title='bbox 457 3361 639 3430; x_wconf 85' lang='lat' dir='ltr'><strong>Quare</strong></span> <span class='ocrx_word' id='word_1_190' title='bbox 684 3356 849 3426; x_wconf 83' lang='lat' dir='ltr'><strong>ades,</strong></span> <span class='ocrx_word' id='word_1_191' title='bbox 882 3361 943 3412; x_wconf 89' lang='lat' dir='ltr'><strong>ut</strong></span> <span class='ocrx_word' id='word_1_192' title='bbox 980 3352 1122 3411; x_wconf 88' lang='lat' dir='ltr'><strong>duce</strong></span> <span class='ocrx_word' id='word_1_193' title='bbox 1170 3359 1225 3409; x_wconf 90' lang='lat' dir='ltr'><strong>te</strong></span> <span class='ocrx_word' id='word_1_194' title='bbox 1251 3360 1508 3424; x_wconf 89' lang='lat' dir='ltr'><strong>repetens</strong></span> <span class='ocrx_word' id='word_1_195' title='bbox 1522 3351 1605 3407; x_wconf 84' lang='lat' dir='ltr'><strong>-ab</strong></span> <span class='ocrx_word' id='word_1_196' title='bbox 1642 3350 1851 3421; x_wconf 81' lang='lat' dir='ltr'><strong>origine</strong></span> 
     </span>
    </p>
   </div>
   <div class='ocr_carea' id='block_1_35' title="bbox 1534 3444 1777 3516">
    <p class='ocr_par' dir='ltr' id='par_1_35' title="bbox 1534 3444 1777 3516">
     <span class='ocr_line' id='line_1_36' title="bbox 1534 3444 1777 3516; baseline 0.004 -19"><span class='ocrx_word' id='word_1_197' title='bbox 1534 3444 1777 3516; x_wconf 78' lang='lat' dir='ltr'><strong>[pergam</strong></span> 
     </span>
    </p>
   </div>
   <div class='ocr_carea' id='block_1_36' title="bbox 388 3538 1652 3606">
    <p class='ocr_par' dir='ltr' id='par_1_36' title="bbox 388 3538 1652 3606">
     <span class='ocr_line' id='line_1_37' title="bbox 388 3538 1652 3606; baseline -0.009 -3"><span class='ocrx_word' id='word_1_198' title='bbox 388 3546 626 3603; x_wconf 81' lang='lat' dir='ltr'><strong>Felicem</strong></span> <span class='ocrx_word' id='word_1_199' title='bbox 656 3558 879 3601; x_wconf 87' lang='lat' dir='ltr'><strong>narrare</strong></span> <span class='ocrx_word' id='word_1_200' title='bbox 906 3549 1080 3606; x_wconf 86' lang='lat' dir='ltr'><strong>tuum,</strong></span> <span class='ocrx_word' id='word_1_201' title='bbox 1107 3540 1193 3596; x_wconf 91' lang='lat' dir='ltr'><strong>cui</strong></span> <span class='ocrx_word' id='word_1_202' title='bbox 1218 3539 1403 3597; x_wconf 90' lang='lat' dir='ltr'><strong>nobile</strong></span> <span class='ocrx_word' id='word_1_203' title='bbox 1430 3538 1652 3594; x_wconf 91' lang='lat' dir='ltr'><strong>ductum</strong></span> 
     </span>
    </p>
   </div>
   <div class='ocr_carea' id='block_1_37' title="bbox 389 3629 1856 3705">
    <p class='ocr_par' dir='ltr' id='par_1_37' title="bbox 389 3629 1856 3705">
     <span class='ocr_line' id='line_1_38' title="bbox 389 3629 1856 3705; baseline -0.007 -10"><span class='ocrx_word' id='word_1_204' title='bbox 389 3638 469 3694; x_wconf 76' lang='lat' dir='ltr'><strong>Ex</strong></span> <span class='ocrx_word' id='word_1_205' title='bbox 496 3636 721 3694; x_wconf 88' lang='lat' dir='ltr'><strong>Oriente</strong></span> <span class='ocrx_word' id='word_1_206' title='bbox 740 3649 911 3705; x_wconf 83' lang='lat' dir='ltr'><strong>genus</strong></span> <span class='ocrx_word' id='word_1_207' title='bbox 942 3652 957 3687; x_wconf 91' lang='lat'><strong>:</strong></span> <span class='ocrx_word' id='word_1_208' title='bbox 992 3647 1093 3688; x_wconf 89' lang='lat' dir='ltr'><strong>nec</strong></span> <span class='ocrx_word' id='word_1_209' title='bbox 1118 3631 1265 3688; x_wconf 90' lang='lat' dir='ltr'><strong>enim</strong></span> <span class='ocrx_word' id='word_1_210' title='bbox 1295 3630 1466 3701; x_wconf 82' lang='lat' dir='ltr'><strong>magis</strong></span> <span class='ocrx_word' id='word_1_211' title='bbox 1495 3629 1666 3685; x_wconf 88' lang='lat' dir='ltr'><strong>altera</strong></span> <span class='ocrx_word' id='word_1_212' title='bbox 1698 3630 1856 3685; x_wconf 89' lang='lat' dir='ltr'><strong>tellus</strong></span> 
     </span>
    </p>
   </div>
   <div class='ocr_carea' id='block_1_38' title="bbox 388 3722 1795 3800">
    <p class='ocr_par' dir='ltr' id='par_1_38' title="bbox 388 3722 1795 3800">
     <span class='ocr_line' id='line_1_39' title="bbox 388 3722 1795 3800; baseline -0.006 -13"><span class='ocrx_word' id='word_1_213' title='bbox 388 3730 586 3787; x_wconf 84' lang='lat' dir='ltr'><strong>Felicis</strong></span> <span class='ocrx_word' id='word_1_214' title='bbox 612 3728 845 3800; x_wconf 88' lang='lat' dir='ltr'><strong>patriam</strong></span> <span class='ocrx_word' id='word_1_215' title='bbox 869 3723 1073 3793; x_wconf 88' lang='lat' dir='ltr'><strong>decuit,</strong></span> <span class='ocrx_word' id='word_1_216' title='bbox 1101 3738 1265 3794; x_wconf 90' lang='lat' dir='ltr'><strong>quam</strong></span> <span class='ocrx_word' id='word_1_217' title='bbox 1294 3736 1413 3791; x_wconf 67' lang='lat' dir='ltr'><strong>qua:</strong></span> <span class='ocrx_word' id='word_1_218' title='bbox 1436 3722 1795 3793; x_wconf 80' lang='lat' dir='ltr'><strong>patriarchas,</strong></span> 
     </span>
    </p>
   </div>
   <div class='ocr_carea' id='block_1_39' title="bbox 392 3813 1858 3901">
    <p class='ocr_par' dir='ltr' id='par_1_39' title="bbox 392 3813 1858 3901">
     <span class='ocr_line' id='line_1_40' title="bbox 392 3813 1858 3901; baseline -0.008 -21"><span class='ocrx_word' id='word_1_219' title='bbox 392 3823 634 3894; x_wconf 75' lang='lat' dir='ltr'><strong>Qochue</strong></span> <span class='ocrx_word' id='word_1_220' title='bbox 663 3821 783 3893; x_wconf 89' lang='lat' dir='ltr'><strong>pios</strong></span> <span class='ocrx_word' id='word_1_221' title='bbox 832 3817 1065 3886; x_wconf 78' lang='lat' dir='ltr'><strong>tulerat,</strong></span> <span class='ocrx_word' id='word_1_222' title='bbox 1106 3813 1307 3871; x_wconf 90' lang='lat' dir='ltr'><strong>Christi</strong></span> <span class='ocrx_word' id='word_1_223' title='bbox 1350 3829 1506 3872; x_wconf 87' lang='lat' dir='ltr'><strong>sacra</strong></span> <span class='ocrx_word' id='word_1_224' title='bbox 1534 3829 1694 3883; x_wconf 88' lang='lat' dir='ltr'><strong>vasa,</strong></span> <span class='ocrx_word' id='word_1_225' title='bbox 1727 3829 1858 3901; x_wconf 79' lang='lat' dir='ltr'><strong>pro-</strong></span> 
     </span>
    </p>
   </div>
   <div class='ocr_carea' id='block_1_40' title="bbox 1545 3906 1783 3981">
    <p class='ocr_par' dir='ltr' id='par_1_40' title="bbox 1545 3906 1783 3981">
     <span class='ocr_line' id='line_1_41' title="bbox 1545 3906 1783 3981; baseline -0.004 -20"><span class='ocrx_word' id='word_1_226' title='bbox 1545 3906 1783 3981; x_wconf 87' lang='lat' dir='ltr'><strong>[phetas.</strong></span> 
     </span>
    </p>
   </div>
   <div class='ocr_carea' id='block_1_41' title="bbox 288 3998 1860 4077">
    <p class='ocr_par' dir='ltr' id='par_1_41' title="bbox 288 3998 1860 4077">
     <span class='ocr_line' id='line_1_42' title="bbox 288 3998 1860 4077; baseline -0.008 -12"><span class='ocrx_word' id='word_1_227' title='bbox 288 4007 363 4065; x_wconf 81' lang='lat'><strong>55</strong></span> <span class='ocrx_word' id='word_1_228' title='bbox 399 4006 554 4064; x_wconf 83' lang='lat' dir='ltr'><strong>Unde</strong></span> <span class='ocrx_word' id='word_1_229' title='bbox 577 4016 634 4063; x_wconf 91' lang='lat' dir='ltr'><strong>et</strong></span> <span class='ocrx_word' id='word_1_230' title='bbox 660 4002 975 4077; x_wconf 61' lang='lat' dir='ltr'><strong>apostolicis</strong></span> <span class='ocrx_word' id='word_1_231' title='bbox 1002 4001 1237 4059; x_wconf 77' lang='lat' dir='ltr'><strong>fundens</strong></span> <span class='ocrx_word' id='word_1_232' title='bbox 1263 4016 1360 4057; x_wconf 89' lang='lat' dir='ltr'><strong>sua</strong></span> <span class='ocrx_word' id='word_1_233' title='bbox 1390 3999 1473 4073; x_wconf 75' lang='grc' dir='ltr'><strong>(ά)</strong></span> <span class='ocrx_word' id='word_1_234' title='bbox 1502 3998 1721 4055; x_wconf 78' lang='lat' dir='ltr'><strong>numina</strong></span> <span class='ocrx_word' id='word_1_235' title='bbox 1756 3998 1860 4054; x_wconf 85' lang='lat' dir='ltr'><strong>lin-</strong></span> 
     </span>
    </p>
   </div>
   <div class='ocr_carea' id='block_1_42' title="bbox 1626 4089 1789 4165">
    <p class='ocr_par' dir='ltr' id='par_1_42' title="bbox 1626 4089 1789 4165">
     <span class='ocr_line' id='line_1_43' title="bbox 1626 4089 1789 4165; baseline -0.037 -4"><span class='ocrx_word' id='word_1_236' title='bbox 1626 4089 1789 4165; x_wconf 76' lang='lat' dir='ltr'><strong>(suis.</strong></span> 
     </span>
    </p>
   </div>
   <div class='ocr_carea' id='block_1_43' title="bbox 396 4186 1715 4261">
    <p class='ocr_par' dir='ltr' id='par_1_43' title="bbox 396 4186 1715 4261">
     <span class='ocr_line' id='line_1_44' title="bbox 396 4186 1715 4261; baseline -0.005 -12"><span class='ocrx_word' id='word_1_237' title='bbox 396 4192 593 4249; x_wconf 84' lang='lat' dir='ltr'><strong>Totum</strong></span> <span class='ocrx_word' id='word_1_238' title='bbox 619 4188 896 4261; x_wconf 74' lang='lat' dir='ltr'><strong>Evangelii</strong></span> <span class='ocrx_word' id='word_1_239' title='bbox 925 4204 1092 4246; x_wconf 88' lang='lat' dir='ltr'><strong>sonus</strong></span> <span class='ocrx_word' id='word_1_240' title='bbox 1121 4188 1396 4245; x_wconf 74' lang='lat' dir='ltr'><strong>emanavit</strong></span> <span class='ocrx_word' id='word_1_241' title='bbox 1421 4187 1474 4244; x_wconf 92' lang='lat' dir='ltr'><strong>in</strong></span> <span class='ocrx_word' id='word_1_242' title='bbox 1504 4186 1715 4244; x_wconf 88' lang='lat' dir='ltr'><strong>orbem.</strong></span> 
     </span>
    </p>
   </div>
   <div class='ocr_carea' id='block_1_44' title="bbox 399 4277 1660 4353">
    <p class='ocr_par' dir='ltr' id='par_1_44' title="bbox 399 4277 1660 4353">
     <span class='ocr_line' id='line_1_45' title="bbox 399 4277 1660 4353; baseline -0.003 -13"><span class='ocrx_word' id='word_1_243' title='bbox 399 4284 623 4341; x_wconf 88' lang='lat' dir='ltr'><strong>Debitos</strong></span> <span class='ocrx_word' id='word_1_244' title='bbox 647 4283 771 4339; x_wconf 84' lang='lat' dir='ltr'><strong>inde</strong></span> <span class='ocrx_word' id='word_1_245' title='bbox 797 4283 907 4339; x_wconf 89' lang='lat' dir='ltr'><strong>Deo</strong></span> <span class='ocrx_word' id='word_1_246' title='bbox 937 4280 1112 4347; x_wconf 79' lang='lat' dir='ltr'><strong>Felix,</strong></span> <span class='ocrx_word' id='word_1_247' title='bbox 1141 4283 1388 4351; x_wconf 74' lang='lat' dir='ltr'><strong>genitore</strong></span> <span class='ocrx_word' id='word_1_248' title='bbox 1412 4277 1660 4353; x_wconf 85' lang='lat' dir='ltr'><strong>profecto</strong></span> 
     </span>
    </p>
   </div>
   <div class='ocr_carea' id='block_1_45' title="bbox 400 4373 1827 4445">
    <p class='ocr_par' dir='ltr' id='par_1_45' title="bbox 400 4373 1827 4445">
     <span class='ocr_line' id='line_1_46' title="bbox 400 4373 1827 4445; baseline -0.001 -14"><span class='ocrx_word' id='word_1_249' title='bbox 400 4377 609 4432; x_wconf 90' lang='lat' dir='ltr'><strong>Italiam</strong></span> <span class='ocrx_word' id='word_1_250' title='bbox 638 4376 864 4431; x_wconf 83' lang='lat' dir='ltr'><strong>necdum</strong></span> <span class='ocrx_word' id='word_1_251' title='bbox 892 4374 1128 4445; x_wconf 84' lang='lat' dir='ltr'><strong>genitus,</strong></span> <span class='ocrx_word' id='word_1_252' title='bbox 1159 4380 1342 4430; x_wconf 86' lang='lat' dir='ltr'><strong>tamen</strong></span> <span class='ocrx_word' id='word_1_253' title='bbox 1374 4373 1427 4429; x_wconf 88' lang='lat' dir='ltr'><strong>in</strong></span> <span class='ocrx_word' id='word_1_254' title='bbox 1457 4382 1611 4445; x_wconf 83' lang='lat' dir='ltr'><strong>patre</strong></span> <span class='ocrx_word' id='word_1_255' title='bbox 1636 4375 1787 4432; x_wconf 87' lang='lat' dir='ltr'><strong>venit</strong></span> <span class='ocrx_word' id='word_1_256' title='bbox 1813 4391 1827 4430; x_wconf 89' lang='lat'><strong>:</strong></span> 
     </span>
    </p>
   </div>
   <div class='ocr_carea' id='block_1_46' title="bbox 402 4454 1595 4534">
    <p class='ocr_par' dir='ltr' id='par_1_46' title="bbox 402 4454 1595 4534">
     <span class='ocr_line' id='line_1_47' title="bbox 402 4454 1595 4534; baseline -0.003 -10"><span class='ocrx_word' id='word_1_257' title='bbox 402 4469 550 4524; x_wconf 82' lang='lat' dir='ltr'><strong>Civis</strong></span> <span class='ocrx_word' id='word_1_258' title='bbox 576 4477 635 4525; x_wconf 91' lang='lat' dir='ltr'><strong>ut</strong></span> <span class='ocrx_word' id='word_1_259' title='bbox 661 4454 856 4524; x_wconf 86' lang='lat' dir='ltr'><strong>all&#39;ectu</strong></span> <span class='ocrx_word' id='word_1_260' title='bbox 885 4465 1088 4522; x_wconf 85' lang='lat' dir='ltr'><strong>nostris</strong></span> <span class='ocrx_word' id='word_1_261' title='bbox 1112 4465 1350 4521; x_wconf 87' lang='lat' dir='ltr'><strong>oriretur</strong></span> <span class='ocrx_word' id='word_1_262' title='bbox 1368 4465 1426 4521; x_wconf 89' lang='lat' dir='ltr'><strong>in</strong></span> <span class='ocrx_word' id='word_1_263' title='bbox 1454 4466 1595 4534; x_wconf 88' lang='lat' dir='ltr'><strong>oris;</strong></span> 
     </span>
    </p>
   </div>
   <div class='ocr_carea' id='block_1_47' title="bbox 292 4558 1799 4635">
    <p class='ocr_par' dir='ltr' id='par_1_47' title="bbox 292 4558 1799 4635">
     <span class='ocr_line' id='line_1_48' title="bbox 292 4558 1799 4635; baseline -0.002 -17"><span class='ocrx_word' id='word_1_264' title='bbox 292 4563 367 4618; x_wconf 86' lang='lat'><strong>60</strong></span> <span class='ocrx_word' id='word_1_265' title='bbox 404 4562 515 4619; x_wconf 77' lang='lat' dir='ltr'><strong>Nec</strong></span> <span class='ocrx_word' id='word_1_266' title='bbox 541 4563 794 4635; x_wconf 83' lang='lat' dir='ltr'><strong>cuiquam</strong></span> <span class='ocrx_word' id='word_1_267' title='bbox 821 4570 1009 4619; x_wconf 89' lang='lat' dir='ltr'><strong>natum</strong></span> <span class='ocrx_word' id='word_1_268' title='bbox 1050 4559 1150 4614; x_wconf 87' lang='lat' dir='ltr'><strong>nisi</strong></span> <span class='ocrx_word' id='word_1_269' title='bbox 1179 4558 1335 4615; x_wconf 86' lang='lat' dir='ltr'><strong>nobis</strong></span> <span class='ocrx_word' id='word_1_270' title='bbox 1360 4575 1421 4617; x_wconf 91' lang='lat' dir='ltr'><strong>se</strong></span> <span class='ocrx_word' id='word_1_271' title='bbox 1446 4559 1799 4618; x_wconf 75' lang='lat' dir='ltr'><strong>meminisset.</strong></span> 
     </span>
    </p>
   </div>
   <div class='ocr_carea' id='block_1_48' title="bbox 404 4651 1775 4725">
    <p class='ocr_par' dir='ltr' id='par_1_48' title="bbox 404 4651 1775 4725">
     <span class='ocr_line' id='line_1_49' title="bbox 404 4651 1775 4725; baseline -0.003 -14"><span class='ocrx_word' id='word_1_272' title='bbox 404 4654 496 4712; x_wconf 87' lang='lat' dir='ltr'><strong>Sic</strong></span> <span class='ocrx_word' id='word_1_273' title='bbox 524 4663 680 4725; x_wconf 89' lang='lat' dir='ltr'><strong>pater</strong></span> <span class='ocrx_word' id='word_1_274' title='bbox 705 4654 979 4710; x_wconf 81' lang='lat' dir='ltr'><strong>Abraham</strong></span> <span class='ocrx_word' id='word_1_275' title='bbox 1008 4651 1222 4708; x_wconf 86' lang='lat' dir='ltr'><strong>Domini</strong></span> <span class='ocrx_word' id='word_1_276' title='bbox 1248 4661 1517 4724; x_wconf 56' lang='lat' dir='ltr'><strong>praecepta</strong></span> <span class='ocrx_word' id='word_1_277' title='bbox 1539 4662 1775 4721; x_wconf 83' lang='lat' dir='ltr'><strong>secutus,</strong></span> 
     </span>
    </p>
   </div>
   <div class='ocr_carea' id='block_1_49' title="bbox 407 4743 1575 4816">
    <p class='ocr_par' dir='ltr' id='par_1_49' title="bbox 407 4743 1575 4816">
     <span class='ocr_line' id='line_1_50' title="bbox 407 4743 1575 4816; baseline -0.003 -16"><span class='ocrx_word' id='word_1_278' title='bbox 407 4745 633 4801; x_wconf 76' lang='lat' dir='ltr'><strong>Mutavit</strong></span> <span class='ocrx_word' id='word_1_279' title='bbox 661 4747 865 4816; x_wconf 81' lang='lat' dir='ltr'><strong>patrias</strong></span> <span class='ocrx_word' id='word_1_280' title='bbox 887 4751 1118 4799; x_wconf 80' lang='lat' dir='ltr'><strong>externo</strong></span> <span class='ocrx_word' id='word_1_281' title='bbox 1144 4743 1353 4814; x_wconf 87' lang='lat' dir='ltr'><strong>cespite</strong></span> <span class='ocrx_word' id='word_1_282' title='bbox 1383 4751 1575 4808; x_wconf 90' lang='lat' dir='ltr'><strong>terras,</strong></span> 
     </span>
    </p>
   </div>
   <div class='ocr_carea' id='block_1_50' title="bbox 410 4825 1866 4912">
    <p class='ocr_par' dir='ltr' id='par_1_50' title="bbox 410 4825 1866 4912">
     <span class='ocr_line' id='line_1_51' title="bbox 410 4825 1866 4912; baseline 0.001 -21"><span class='ocrx_word' id='word_1_283' title='bbox 410 4837 523 4912; x_wconf 74' lang='lat' dir='ltr'><strong>[(c)</strong></span> <span class='ocrx_word' id='word_1_284' title='bbox 557 4837 917 4909; x_wconf 83' lang='lat' dir='ltr'><strong>Deposuitque</strong></span> <span class='ocrx_word' id='word_1_285' title='bbox 963 4851 1175 4892; x_wconf 86' lang='lat' dir='ltr'><strong>sacrum</strong></span> <span class='ocrx_word' id='word_1_286' title='bbox 1222 4825 1766 4892; x_wconf 45' lang='lat' dir='ltr'><strong>Cliauanasis&#39;semen</strong></span> <span class='ocrx_word' id='word_1_287' title='bbox 1811 4838 1866 4894; x_wconf 86' lang='lat' dir='ltr'><strong>in</strong></span> 
     </span>
    </p>
   </div>
   <div class='ocr_carea' id='block_1_51' title="bbox 1588 4928 1788 5003">
    <p class='ocr_par' dir='ltr' id='par_1_51' title="bbox 1588 4928 1788 5003">
     <span class='ocr_line' id='line_1_52' title="bbox 1588 4928 1788 5003; baseline -0.03 0"><span class='ocrx_word' id='word_1_288' title='bbox 1588 4928 1754 5003; x_wconf 68' lang='lat' dir='ltr'><strong>[mis</strong></span> <span class='ocrx_word' id='word_1_289' title='bbox 1772 4947 1788 4997; x_wconf 89' lang='lat'><strong>;</strong></span> 
     </span>
    </p>
   </div>
   <div class='ocr_carea' id='block_1_52' title="bbox 339 5041 827 5108">
    <p class='ocr_par' dir='ltr' id='par_1_52' title="bbox 339 5041 827 5108">
     <span class='ocr_line' id='line_1_53' title="bbox 339 5041 827 5108; baseline 0.002 -11"><span class='ocrx_word' id='word_1_290' title='bbox 339 5053 368 5079; x_wconf 76' lang='grc' dir='ltr'>ἰ</span> <span class='ocrx_word' id='word_1_291' title='bbox 398 5041 555 5097; x_wconf 80' lang='lat' dir='ltr'><strong>Num.</strong></span> <span class='ocrx_word' id='word_1_292' title='bbox 585 5060 714 5108; x_wconf 78' lang='lat' dir='ltr'><strong>xxn,</strong></span> <span class='ocrx_word' id='word_1_293' title='bbox 737 5042 827 5098; x_wconf 75' lang='lat'><strong>9.8.</strong></span> 
     </span>
    </p>
   </div>
   <div class='ocr_carea' id='block_1_53' title="bbox 345 5110 818 5178">
    <p class='ocr_par' dir='ltr' id='par_1_53' title="bbox 345 5110 818 5178">
     <span class='ocr_line' id='line_1_54' title="bbox 345 5110 818 5178; baseline 0.002 -12"><span class='ocrx_word' id='word_1_294' title='bbox 345 5118 372 5153; x_wconf 68' lang='grc' dir='ltr'>δ</span> <span class='ocrx_word' id='word_1_295' title='bbox 398 5110 599 5169; x_wconf 83' lang='lat' dir='ltr'><strong>Psalm.</strong></span> <span class='ocrx_word' id='word_1_296' title='bbox 633 5131 739 5178; x_wconf 80' lang='lat' dir='ltr'><strong>vin,</strong></span> <span class='ocrx_word' id='word_1_297' title='bbox 765 5113 818 5168; x_wconf 78' lang='lat'><strong>&#39;5.</strong></span> 
     </span>
    </p>
   </div>
   <div class='ocr_carea' id='block_1_54' title="bbox 347 5184 840 5241">
    <p class='ocr_par' dir='ltr' id='par_1_54' title="bbox 347 5184 840 5241">
     <span class='ocr_line' id='line_1_55' title="bbox 347 5184 840 5241; baseline 0.002 -1"><span class='ocrx_word' id='word_1_298' title='bbox 347 5196 369 5224; x_wconf 70' lang='grc' dir='ltr'><strong><em>ε</em></strong></span> <span class='ocrx_word' id='word_1_299' title='bbox 404 5185 538 5240; x_wconf 88' lang='lat' dir='ltr'><strong>Vide</strong></span> <span class='ocrx_word' id='word_1_300' title='bbox 566 5192 683 5241; x_wconf 88' lang='lat' dir='ltr'><strong>not.</strong></span> <span class='ocrx_word' id='word_1_301' title='bbox 715 5184 840 5241; x_wconf 67' lang='lat'><strong>554.</strong></span> 
     </span>
    </p>
   </div>
   <div class='ocr_carea' id='block_1_55' title="bbox 345 5255 774 5328">
    <p class='ocr_par' dir='ltr' id='par_1_55' title="bbox 345 5255 774 5328">
     <span class='ocr_line' id='line_1_56' title="bbox 345 5255 774 5328; baseline -0.005 -17"><span class='ocrx_word' id='word_1_302' title='bbox 345 5255 455 5328; x_wconf 62' lang='lat' dir='ltr'><strong>&quot;Id</strong></span> <span class='ocrx_word' id='word_1_303' title='bbox 475 5267 559 5311; x_wconf 79' lang='lat' dir='ltr'><strong>est</strong></span> <span class='ocrx_word' id='word_1_304' title='bbox 580 5258 774 5328; x_wconf 68' lang='lat' dir='ltr'><strong>rapuit.</strong></span> 
     </span>
    </p>
   </div>
   <div class='ocr_carea' id='block_1_56' title="bbox 345 5325 810 5384">
    <p class='ocr_par' dir='ltr' id='par_1_56' title="bbox 345 5325 810 5384">
     <span class='ocr_line' id='line_1_57' title="bbox 345 5325 810 5384; baseline 0.009 -4"><span class='ocrx_word' id='word_1_305' title='bbox 345 5326 509 5382; x_wconf 74' lang='lat' dir='ltr'><strong>°Vide</strong></span> <span class='ocrx_word' id='word_1_306' title='bbox 539 5325 653 5382; x_wconf 77' lang='lat' dir='ltr'><strong>not.</strong></span> <span class='ocrx_word' id='word_1_307' title='bbox 683 5325 810 5384; x_wconf 67' lang='lat'><strong>238.</strong></span> 
     </span>
    </p>
   </div>
   <div class='ocr_carea' id='block_1_57' title="bbox 347 5397 915 5465">
    <p class='ocr_par' dir='ltr' id='par_1_57' title="bbox 347 5397 915 5465">
     <span class='ocr_line' id='line_1_58' title="bbox 347 5397 915 5465; baseline 0.002 -12"><span class='ocrx_word' id='word_1_308' title='bbox 347 5400 428 5465; x_wconf 74' lang='lat' dir='ltr'><strong>(tt)</strong></span> <span class='ocrx_word' id='word_1_309' title='bbox 457 5397 553 5454; x_wconf 85' lang='lat' dir='ltr'><strong>Ed.</strong></span> <span class='ocrx_word' id='word_1_310' title='bbox 584 5398 773 5464; x_wconf 76' lang='lat' dir='ltr'><strong>Rosv.,</strong></span> <span class='ocrx_word' id='word_1_311' title='bbox 804 5416 915 5454; x_wconf 77' lang='lat' dir='ltr'><strong>rer.</strong></span> 
     </span>
    </p>
   </div>
   <div class='ocr_carea' id='block_1_58' title="bbox 348 5467 1090 5541">
    <p class='ocr_par' dir='ltr' id='par_1_58' title="bbox 348 5467 1090 5541">
     <span class='ocr_line' id='line_1_59' title="bbox 348 5467 1090 5541; baseline 0.004 -19"><span class='ocrx_word' id='word_1_312' title='bbox 348 5468 429 5541; x_wconf 67' lang='grc' dir='ltr'><strong>(ὁ)</strong></span> <span class='ocrx_word' id='word_1_313' title='bbox 458 5468 560 5541; x_wconf 58' lang='lat' dir='ltr'><strong>iis.</strong></span> <span class='ocrx_word' id='word_1_314' title='bbox 589 5468 612 5523; x_wconf 82' lang='grc' dir='ltr'><strong>ι</strong></span> <span class='ocrx_word' id='word_1_315' title='bbox 644 5467 852 5535; x_wconf 84' lang='lat' dir='ltr'><strong>Genn.,</strong></span> <span class='ocrx_word' id='word_1_316' title='bbox 885 5480 1090 5526; x_wconf 79' lang='lat' dir='ltr'><strong>sancta.</strong></span> 
     </span>
    </p>
   </div>
   <div class='ocr_carea' id='block_1_59' title="bbox 352 5538 1875 5613">
    <p class='ocr_par' dir='ltr' id='par_1_59' title="bbox 352 5538 1875 5613">
     <span class='ocr_line' id='line_1_60' title="bbox 352 5538 1875 5613; baseline 0.003 -19"><span class='ocrx_word' id='word_1_317' title='bbox 352 5538 426 5613; x_wconf 75' lang='grc' dir='ltr'><strong>(ις)</strong></span> <span class='ocrx_word' id='word_1_318' title='bbox 457 5538 555 5597; x_wconf 85' lang='lat' dir='ltr'><strong>llic</strong></span> <span class='ocrx_word' id='word_1_319' title='bbox 584 5557 767 5597; x_wconf 84' lang='lat' dir='ltr'><strong>versus</strong></span> <span class='ocrx_word' id='word_1_320' title='bbox 794 5542 1130 5598; x_wconf 83' lang='lat' dir='ltr'><strong>desideratur</strong></span> <span class='ocrx_word' id='word_1_321' title='bbox 1174 5548 1226 5599; x_wconf 87' lang='lat' dir='ltr'><strong>in</strong></span> <span class='ocrx_word' id='word_1_322' title='bbox 1268 5560 1377 5599; x_wconf 89' lang='lat' dir='ltr'><strong>uno</strong></span> <span class='ocrx_word' id='word_1_323' title='bbox 1398 5542 1754 5601; x_wconf 82' lang='lat' dir='ltr'><strong>Germanensi</strong></span> <span class='ocrx_word' id='word_1_324' title='bbox 1777 5562 1875 5599; x_wconf 83' lang='lat' dir='ltr'><strong>co-</strong></span> 
     </span>
    </p>
   </div>
   <div class='ocr_carea' id='block_1_60' title="bbox 276 5613 1875 5686">
    <p class='ocr_par' dir='ltr' id='par_1_60' title="bbox 276 5613 1875 5686">
     <span class='ocr_line' id='line_1_61' title="bbox 276 5613 1875 5686; baseline 0.001 -18"><span class='ocrx_word' id='word_1_325' title='bbox 276 5614 399 5686; x_wconf 75' lang='lat' dir='ltr'><strong>dice</strong></span> <span class='ocrx_word' id='word_1_326' title='bbox 422 5627 524 5667; x_wconf 86' lang='lat' dir='ltr'><strong>ms.</strong></span> <span class='ocrx_word' id='word_1_327' title='bbox 549 5613 719 5686; x_wconf 46' lang='lat' dir='ltr'><strong>Alter,</strong></span> <span class='ocrx_word' id='word_1_328' title='bbox 742 5614 925 5686; x_wconf 41' lang='lat' dir='ltr'><strong>serios</strong></span> <span class='ocrx_word' id='word_1_329' title='bbox 947 5629 1202 5686; x_wconf 69' lang='lat' dir='ltr'><strong>proceres,</strong></span> <span class='ocrx_word' id='word_1_330' title='bbox 1231 5624 1398 5683; x_wconf 82' lang='lat' dir='ltr'><strong>recte,</strong></span> <span class='ocrx_word' id='word_1_331' title='bbox 1420 5615 1469 5670; x_wconf 87' lang='lat' dir='ltr'><strong>id</strong></span> <span class='ocrx_word' id='word_1_332' title='bbox 1490 5626 1573 5671; x_wconf 90' lang='lat' dir='ltr'><strong>est</strong></span> <span class='ocrx_word' id='word_1_333' title='bbox 1592 5618 1875 5672; x_wconf 70' lang='lat' dir='ltr'><strong>(immanes.</strong></span> 
     </span>
    </p>
   </div>
   <div class='ocr_carea' id='block_1_61' title="bbox 276 5683 1878 5755">
    <p class='ocr_par' dir='ltr' id='par_1_61' title="bbox 276 5683 1878 5755">
     <span class='ocr_line' id='line_1_62' title="bbox 276 5683 1878 5755; baseline 0.001 -16"><span class='ocrx_word' id='word_1_334' title='bbox 276 5684 373 5739; x_wconf 85' lang='lat' dir='ltr'><strong>Sic</strong></span> <span class='ocrx_word' id='word_1_335' title='bbox 400 5694 549 5739; x_wconf 85' lang='lat' dir='ltr'><strong>amat</strong></span> <span class='ocrx_word' id='word_1_336' title='bbox 576 5684 719 5755; x_wconf 86' lang='lat' dir='ltr'><strong>loqui</strong></span> <span class='ocrx_word' id='word_1_337' title='bbox 751 5683 1037 5747; x_wconf 82' lang='lat' dir='ltr'><strong>Paulinus;</strong></span> <span class='ocrx_word' id='word_1_338' title='bbox 1076 5685 1129 5739; x_wconf 88' lang='lat' dir='ltr'><strong>in</strong></span> <span class='ocrx_word' id='word_1_339' title='bbox 1161 5687 1387 5755; x_wconf 83' lang='lat' dir='ltr'><strong>cpistola</strong></span> <span class='ocrx_word' id='word_1_340' title='bbox 1419 5690 1561 5741; x_wconf 87' lang='lat' dir='ltr'><strong>enim</strong></span> <span class='ocrx_word' id='word_1_341' title='bbox 1585 5687 1654 5740; x_wconf 55' lang='lat' dir='ltr'><strong>“li</strong></span> <span class='ocrx_word' id='word_1_342' title='bbox 1679 5689 1745 5743; x_wconf 84' lang='lat' dir='ltr'><strong>ad</strong></span> 
     </span>
    </p>
   </div>
   <div class='ocr_carea' id='block_1_62' title="bbox 282 5754 1919 5827">
    <p class='ocr_par' dir='ltr' id='par_1_62' title="bbox 282 5754 1919 5827">
     <span class='ocr_line' id='line_1_63' title="bbox 282 5754 1919 5827; baseline 0.001 -19"><span class='ocrx_word' id='word_1_343' title='bbox 282 5770 492 5822; x_wconf 81' lang='lat' dir='ltr'><strong>verum,</strong></span> <span class='ocrx_word' id='word_1_344' title='bbox 522 5770 669 5827; x_wconf 80' lang='lat' dir='ltr'><strong>num.</strong></span> <span class='ocrx_word' id='word_1_345' title='bbox 709 5754 792 5827; x_wconf 64' lang='lat' dir='ltr'><strong>l4,</strong></span> <span class='ocrx_word' id='word_1_346' title='bbox 818 5756 980 5811; x_wconf 74' lang='lat' dir='ltr'><strong>[tostis</strong></span> <span class='ocrx_word' id='word_1_347' title='bbox 1003 5758 1131 5809; x_wconf 80' lang='lat' dir='ltr'><strong>aeni</strong></span> <span class='ocrx_word' id='word_1_348' title='bbox 1147 5775 1162 5819; x_wconf 89' lang='lat'><strong><em>;</em></strong></span> <span class='ocrx_word' id='word_1_349' title='bbox 1194 5754 1321 5811; x_wconf 80' lang='lat' dir='ltr'><strong>etin</strong></span> <span class='ocrx_word' id='word_1_350' title='bbox 1351 5758 1508 5827; x_wconf 70' lang='lat' dir='ltr'><strong>epist.</strong></span> <span class='ocrx_word' id='word_1_351' title='bbox 1539 5757 1608 5812; x_wconf 68' lang='lat'><strong>9.5</strong></span> <span class='ocrx_word' id='word_1_352' title='bbox 1637 5759 1703 5812; x_wconf 83' lang='lat' dir='ltr'><strong>ad</strong></span> <span class='ocrx_word' id='word_1_353' title='bbox 1730 5774 1884 5812; x_wconf 84' lang='lat' dir='ltr'><strong>eum-</strong></span> <span class='ocrx_word' id='word_1_354' title='bbox 1914 5806 1919 5809; x_wconf 94' lang='lat'>_</span> 
     </span>
    </p>
   </div>
   <div class='ocr_carea' id='block_1_63' title="bbox 278 5825 1882 5910">
    <p class='ocr_par' dir='ltr' id='par_1_63' title="bbox 278 5825 1882 5910">
     <span class='ocr_line' id='line_1_64' title="bbox 278 5825 1882 5910; baseline 0.001 -29"><span class='ocrx_word' id='word_1_355' title='bbox 278 5827 428 5889; x_wconf 62' lang='lat' dir='ltr'><strong>(lieni,</strong></span> <span class='ocrx_word' id='word_1_356' title='bbox 447 5843 501 5880; x_wconf 75' lang='grc' dir='ltr'><strong>ιι.</strong></span> <span class='ocrx_word' id='word_1_357' title='bbox 528 5825 617 5890; x_wconf 62' lang='grc' dir='ltr'><strong>(ω,</strong></span> <span class='ocrx_word' id='word_1_358' title='bbox 639 5826 928 5898; x_wconf 75' lang='lat' dir='ltr'><strong>principum</strong></span> <span class='ocrx_word' id='word_1_359' title='bbox 950 5827 1087 5881; x_wconf 79' lang='lat' dir='ltr'><strong>acris</strong></span> <span class='ocrx_word' id='word_1_360' title='bbox 1109 5829 1281 5910; x_wconf 57' lang='lat' dir='ltr'><strong>hujus.</strong></span> <span class='ocrx_word' id='word_1_361' title='bbox 1309 5825 1472 5890; x_wconf 59' lang='lat' dir='ltr'><strong>Alias,</strong></span> <span class='ocrx_word' id='word_1_362' title='bbox 1500 5829 1740 5901; x_wconf 64' lang='lat' dir='ltr'><strong>Assyrios</strong></span> <span class='ocrx_word' id='word_1_363' title='bbox 1761 5845 1882 5899; x_wconf 76' lang='lat' dir='ltr'><strong>pro-</strong></span> 
     </span>
    </p>
   </div>
   <div class='ocr_carea' id='block_1_64' title="bbox 278 5914 439 5950">
    <p class='ocr_par' dir='ltr' id='par_1_64' title="bbox 278 5914 439 5950">
     <span class='ocr_line' id='line_1_65' title="bbox 278 5914 439 5950; baseline 0 -1"><span class='ocrx_word' id='word_1_364' title='bbox 278 5914 439 5950; x_wconf 66' lang='lat' dir='ltr'><strong>ceres.</strong></span> 
     </span>
    </p>
   </div>
   <div class='ocr_carea' id='block_1_65' title="bbox 361 5966 1881 6042">
    <p class='ocr_par' dir='ltr' id='par_1_65' title="bbox 361 5966 1881 6042">
     <span class='ocr_line' id='line_1_66' title="bbox 361 5966 1881 6042; baseline 0.003 -22"><span class='ocrx_word' id='word_1_365' title='bbox 361 5967 437 6039; x_wconf 70' lang='grc' dir='ltr'><strong>(ά)</strong></span> <span class='ocrx_word' id='word_1_366' title='bbox 470 5966 607 6024; x_wconf 86' lang='lat' dir='ltr'><strong>Edit.</strong></span> <span class='ocrx_word' id='word_1_367' title='bbox 659 5967 849 6038; x_wconf 77' lang='lat' dir='ltr'><strong>llosv.,</strong></span> <span class='ocrx_word' id='word_1_368' title='bbox 897 5969 1136 6041; x_wconf 73' lang='lat' dir='ltr'><strong>fulmina,</strong></span> <span class='ocrx_word' id='word_1_369' title='bbox 1184 5968 1574 6042; x_wconf 71' lang='lat' dir='ltr'><strong>refragantibus</strong></span> <span class='ocrx_word' id='word_1_370' title='bbox 1603 5971 1721 6028; x_wconf 89' lang='lat' dir='ltr'><strong>aliis</strong></span> <span class='ocrx_word' id='word_1_371' title='bbox 1750 5986 1881 6027; x_wconf 76' lang='lat' dir='ltr'><strong>mss.</strong></span> 
     </span>
    </p>
   </div>
   <div class='ocr_carea' id='block_1_66' title="bbox 1856 482 1906 537">
    <p class='ocr_par' dir='ltr' id='par_1_66' title="bbox 1856 482 1906 537">
     <span class='ocr_line' id='line_1_67' title="bbox 1856 482 1906 537; baseline 0 0"><span class='ocrx_word' id='word_1_372' title='bbox 1856 482 1906 537; x_wconf 78' lang='grc' dir='ltr'><strong>Α</strong></span> 
     </span>
    </p>
   </div>
   <div class='ocr_carea' id='block_1_67' title="bbox 1833 4644 1937 4704">
    <p class='ocr_par' dir='ltr' id='par_1_67' title="bbox 1833 4644 1937 4704">
     <span class='ocr_line' id='line_1_68' title="bbox 1833 4644 1937 4704; baseline 0 0"><span class='ocrx_word' id='word_1_373' title='bbox 1833 4694 1841 4700; x_wconf 88' lang='grc'><strong>.</strong></span> <span class='ocrx_word' id='word_1_374' title='bbox 1890 4644 1937 4704; x_wconf 85' lang='grc' dir='ltr'>υ</span> 
     </span>
    </p>
   </div>
   <div class='ocr_carea' id='block_1_68' title="bbox 2080 481 3507 566">
    <p class='ocr_par' dir='ltr' id='par_1_68' title="bbox 2080 481 3507 566">
     <span class='ocr_line' id='line_1_69' title="bbox 2080 481 3507 566; baseline -0.004 -16"><span class='ocrx_word' id='word_1_375' title='bbox 2080 493 2234 550; x_wconf 61' lang='grc' dir='ltr'><strong>ιέηιιε</strong></span> <span class='ocrx_word' id='word_1_376' title='bbox 2254 491 2571 566; x_wconf 86' lang='lat' dir='ltr'><strong>peregrinas</strong></span> <span class='ocrx_word' id='word_1_377' title='bbox 2593 490 2864 551; x_wconf 82' lang='lat' dir='ltr'><strong>subeunte</strong></span> <span class='ocrx_word' id='word_1_378' title='bbox 2889 491 2912 525; x_wconf 70' lang='grc' dir='ltr'>δ</span> <span class='ocrx_word' id='word_1_379' title='bbox 2940 489 3240 565; x_wconf 86' lang='lat' dir='ltr'><strong>propagine</strong></span> <span class='ocrx_word' id='word_1_380' title='bbox 3268 496 3461 554; x_wconf 84' lang='lat' dir='ltr'><strong>terras,</strong></span> <span class='ocrx_word' id='word_1_381' title='bbox 3484 481 3507 557; x_wconf 84' lang='lat'>]</span> 
     </span>
    </p>
   </div>
   <div class='ocr_carea' id='block_1_69' title="bbox 1967 583 3291 661">
    <p class='ocr_par' dir='ltr' id='par_1_69' title="bbox 1967 583 3291 661">
     <span class='ocr_line' id='line_1_70' title="bbox 1967 583 3291 661; baseline -0.003 -18"><span class='ocrx_word' id='word_1_382' title='bbox 1967 587 2040 643; x_wconf 66' lang='grc' dir='ltr'><strong>ϐε</strong></span> <span class='ocrx_word' id='word_1_383' title='bbox 2074 586 2303 661; x_wconf 69' lang='lat' dir='ltr'><strong>Mystica</strong></span> <span class='ocrx_word' id='word_1_384' title='bbox 2331 584 2569 644; x_wconf 57' lang='lat' dir='ltr'><strong>Felicem</strong></span> <span class='ocrx_word' id='word_1_385' title='bbox 2596 587 2754 644; x_wconf 88' lang='lat' dir='ltr'><strong>nobis</strong></span> <span class='ocrx_word' id='word_1_386' title='bbox 2781 584 3081 660; x_wconf 83' lang='lat' dir='ltr'><strong>transmisit</strong></span> <span class='ocrx_word' id='word_1_387' title='bbox 3103 583 3259 654; x_wconf 89' lang='lat' dir='ltr'><strong>origo</strong></span> <span class='ocrx_word' id='word_1_388' title='bbox 3274 621 3291 647; x_wconf 86' lang='lat'><strong>,</strong></span> 
     </span>
    </p>
   </div>
   <div class='ocr_carea' id='block_1_70' title="bbox 1960 673 3346 750">
    <p class='ocr_par' dir='ltr' id='par_1_70' title="bbox 1960 673 3346 750">
     <span class='ocr_line' id='line_1_71' title="bbox 1960 673 3346 750; baseline -0.005 -14"><span class='ocrx_word' id='word_1_389' title='bbox 1960 709 1968 717; x_wconf 89' lang='lat'><strong><em>-</em></strong></span> <span class='ocrx_word' id='word_1_390' title='bbox 2075 677 2251 746; x_wconf 83' lang='lat' dir='ltr'><strong>Quem</strong></span> <span class='ocrx_word' id='word_1_391' title='bbox 2278 678 2519 750; x_wconf 87' lang='lat' dir='ltr'><strong>perfecta</strong></span> <span class='ocrx_word' id='word_1_392' title='bbox 2548 676 2683 735; x_wconf 81' lang='lat' dir='ltr'><strong>ﬁdes</strong></span> <span class='ocrx_word' id='word_1_393' title='bbox 2712 678 2804 734; x_wconf 78' lang='lat' dir='ltr'><strong>illa</strong></span> <span class='ocrx_word' id='word_1_394' title='bbox 2830 676 3017 734; x_wconf 86' lang='lat' dir='ltr'><strong>radice</strong></span> <span class='ocrx_word' id='word_1_395' title='bbox 3039 673 3346 747; x_wconf 88' lang='lat' dir='ltr'><strong>profectum</strong></span> 
     </span>
    </p>
   </div>
   <div class='ocr_carea' id='block_1_71' title="bbox 2078 765 3307 841">
    <p class='ocr_par' dir='ltr' id='par_1_71' title="bbox 2078 765 3307 841">
     <span class='ocr_line' id='line_1_72' title="bbox 2078 765 3307 841; baseline -0.003 -16"><span class='ocrx_word' id='word_1_396' title='bbox 2078 768 2345 837; x_wconf 84' lang='lat' dir='ltr'><strong>Prodidit,</strong></span> <span class='ocrx_word' id='word_1_397' title='bbox 2371 781 2433 827; x_wconf 88' lang='lat' dir='ltr'><strong>ut</strong></span> <span class='ocrx_word' id='word_1_398' title='bbox 2460 770 2623 827; x_wconf 87' lang='lat' dir='ltr'><strong>nobis</strong></span> <span class='ocrx_word' id='word_1_399' title='bbox 2641 779 2792 828; x_wconf 81' lang='lat' dir='ltr'><strong>esset</strong></span> <span class='ocrx_word' id='word_1_400' title='bbox 2818 769 2907 841; x_wconf 92' lang='lat' dir='ltr'><strong>pia</strong></span> <span class='ocrx_word' id='word_1_401' title='bbox 2936 784 3075 826; x_wconf 86' lang='lat' dir='ltr'><strong>vena</strong></span> <span class='ocrx_word' id='word_1_402' title='bbox 3107 779 3129 808; x_wconf 75' lang='grc' dir='ltr'><strong>ε</strong></span> <span class='ocrx_word' id='word_1_403' title='bbox 3162 765 3307 823; x_wconf 79' lang='lat' dir='ltr'><strong>fidei.</strong></span> 
     </span>
    </p>
   </div>
   <div class='ocr_carea' id='block_1_72' title="bbox 2076 857 3411 935">
    <p class='ocr_par' dir='ltr' id='par_1_72' title="bbox 2076 857 3411 935">
     <span class='ocr_line' id='line_1_73' title="bbox 2076 857 3411 935; baseline -0.004 -18"><span class='ocrx_word' id='word_1_404' title='bbox 2076 860 2226 919; x_wconf 81' lang='lat' dir='ltr'><strong>Felix</strong></span> <span class='ocrx_word' id='word_1_405' title='bbox 2255 878 2400 920; x_wconf 91' lang='lat' dir='ltr'><strong>nunc</strong></span> <span class='ocrx_word' id='word_1_406' title='bbox 2421 862 2588 918; x_wconf 88' lang='lat' dir='ltr'><strong>etiam</strong></span> <span class='ocrx_word' id='word_1_407' title='bbox 2618 863 2794 935; x_wconf 90' lang='lat' dir='ltr'><strong>posita</strong></span> <span class='ocrx_word' id='word_1_408' title='bbox 2818 877 2944 919; x_wconf 89' lang='lat' dir='ltr'><strong>cum</strong></span> <span class='ocrx_word' id='word_1_409' title='bbox 2963 874 3131 917; x_wconf 89' lang='lat' dir='ltr'><strong>carne</strong></span> <span class='ocrx_word' id='word_1_410' title='bbox 3158 857 3411 930; x_wconf 80' lang='lat' dir='ltr'><strong>quiescit,</strong></span> 
     </span>
    </p>
   </div>
   <div class='ocr_carea' id='block_1_73' title="bbox 2081 948 3413 1026">
    <p class='ocr_par' dir='ltr' id='par_1_73' title="bbox 2081 948 3413 1026">
     <span class='ocr_line' id='line_1_74' title="bbox 2081 948 3413 1026; baseline -0.005 -17"><span class='ocrx_word' id='word_1_411' title='bbox 2081 953 2318 1026; x_wconf 88' lang='lat' dir='ltr'><strong>Spiritus</strong></span> <span class='ocrx_word' id='word_1_412' title='bbox 2345 953 2401 1009; x_wconf 91' lang='lat' dir='ltr'><strong>in</strong></span> <span class='ocrx_word' id='word_1_413' title='bbox 2428 953 2649 1011; x_wconf 87' lang='lat' dir='ltr'><strong>Christo</strong></span> <span class='ocrx_word' id='word_1_414' title='bbox 2672 952 2878 1020; x_wconf 87' lang='lat' dir='ltr'><strong>vivens,</strong></span> <span class='ocrx_word' id='word_1_415' title='bbox 2911 950 3264 1023; x_wconf 81' lang='lat' dir='ltr'><strong>operantibus</strong></span> <span class='ocrx_word' id='word_1_416' title='bbox 3287 948 3413 1003; x_wconf 81' lang='lat' dir='ltr'><strong>altu:</strong></span> 
     </span>
    </p>
   </div>
   <div class='ocr_carea' id='block_1_74' title="bbox 1973 1043 3236 1102">
    <p class='ocr_par' dir='ltr' id='par_1_74' title="bbox 1973 1043 3236 1102">
     <span class='ocr_line' id='line_1_75' title="bbox 1973 1043 3236 1102; baseline -0.004 -2"><span class='ocrx_word' id='word_1_417' title='bbox 1973 1044 2043 1100; x_wconf 84' lang='lat'><strong>70</strong></span> <span class='ocrx_word' id='word_1_418' title='bbox 2080 1044 2305 1102; x_wconf 85' lang='lat' dir='ltr'><strong>Virtutis</strong></span> <span class='ocrx_word' id='word_1_419' title='bbox 2332 1045 2544 1102; x_wconf 90' lang='lat' dir='ltr'><strong>meritis</strong></span> <span class='ocrx_word' id='word_1_420' title='bbox 2573 1044 2805 1101; x_wconf 60' lang='lat' dir='ltr'><strong>Abrahae</strong></span> <span class='ocrx_word' id='word_1_421' title='bbox 2832 1043 3042 1100; x_wconf 89' lang='lat' dir='ltr'><strong>semine</strong></span> <span class='ocrx_word' id='word_1_422' title='bbox 3062 1048 3236 1097; x_wconf 87' lang='lat' dir='ltr'><strong>mutat</strong></span> 
     </span>
    </p>
   </div>
   <div class='ocr_carea' id='block_1_75' title="bbox 2079 1129 3471 1209">
    <p class='ocr_par' dir='ltr' id='par_1_75' title="bbox 2079 1129 3471 1209">
     <span class='ocr_line' id='line_1_76' title="bbox 2079 1129 3471 1209; baseline -0.008 -16"><span class='ocrx_word' id='word_1_423' title='bbox 2079 1135 2345 1194; x_wconf 89' lang='lat' dir='ltr'><strong>Duritiam</strong></span> <span class='ocrx_word' id='word_1_424' title='bbox 2369 1137 2633 1209; x_wconf 84' lang='lat' dir='ltr'><strong>lapidum,</strong></span> <span class='ocrx_word' id='word_1_425' title='bbox 2662 1151 2800 1208; x_wconf 88' lang='lat' dir='ltr'><strong>quos</strong></span> <span class='ocrx_word' id='word_1_426' title='bbox 2820 1134 3046 1191; x_wconf 84' lang='lat' dir='ltr'><strong>suscitat</strong></span> <span class='ocrx_word' id='word_1_427' title='bbox 3074 1133 3128 1187; x_wconf 94' lang='lat' dir='ltr'><strong>in</strong></span> <span class='ocrx_word' id='word_1_428' title='bbox 3158 1131 3303 1188; x_wconf 86' lang='lat' dir='ltr'><strong>bona</strong></span> <span class='ocrx_word' id='word_1_429' title='bbox 3329 1129 3471 1185; x_wconf 72' lang='lat' dir='ltr'><strong>vitm.</strong></span> 
     </span>
    </p>
   </div>
   <div class='ocr_carea' id='block_1_76' title="bbox 2148 1224 3485 1302">
    <p class='ocr_par' dir='ltr' id='par_1_76' title="bbox 2148 1224 3485 1302">
     <span class='ocr_line' id='line_1_77' title="bbox 2148 1224 3485 1302; baseline -0.008 -15"><span class='ocrx_word' id='word_1_430' title='bbox 2148 1231 2265 1288; x_wconf 80' lang='lat' dir='ltr'><strong>Hac</strong></span> <span class='ocrx_word' id='word_1_431' title='bbox 2295 1231 2460 1301; x_wconf 87' lang='lat' dir='ltr'><strong>igitur</strong></span> <span class='ocrx_word' id='word_1_432' title='bbox 2486 1231 2734 1302; x_wconf 88' lang='lat' dir='ltr'><strong>genitore</strong></span> <span class='ocrx_word' id='word_1_433' title='bbox 2762 1228 2901 1302; x_wconf 84' lang='lat' dir='ltr'><strong>Syro</strong></span> <span class='ocrx_word' id='word_1_434' title='bbox 2927 1234 3219 1297; x_wconf 86' lang='lat' dir='ltr'><strong>generatus</strong></span> <span class='ocrx_word' id='word_1_435' title='bbox 3249 1225 3303 1279; x_wconf 90' lang='lat' dir='ltr'><strong>in</strong></span> <span class='ocrx_word' id='word_1_436' title='bbox 3333 1224 3485 1286; x_wconf 83' lang='lat' dir='ltr'><strong>urbe,</strong></span> 
     </span>
    </p>
   </div>
   <div class='ocr_carea' id='block_1_77' title="bbox 2082 1316 3402 1395">
    <p class='ocr_par' dir='ltr' id='par_1_77' title="bbox 2082 1316 3402 1395">
     <span class='ocr_line' id='line_1_78' title="bbox 2082 1316 3402 1395; baseline -0.007 -16"><span class='ocrx_word' id='word_1_437' title='bbox 2082 1324 2345 1381; x_wconf 88' lang='lat' dir='ltr'><strong>Dilectam</strong></span> <span class='ocrx_word' id='word_1_438' title='bbox 2376 1323 2546 1381; x_wconf 88' lang='lat' dir='ltr'><strong>coluit</strong></span> <span class='ocrx_word' id='word_1_439' title='bbox 2573 1323 2765 1395; x_wconf 69' lang='lat' dir='ltr'><strong>patriae</strong></span> <span class='ocrx_word' id='word_1_440' title='bbox 2791 1322 2892 1378; x_wconf 89' lang='lat' dir='ltr'><strong>sub</strong></span> <span class='ocrx_word' id='word_1_441' title='bbox 2918 1319 3153 1389; x_wconf 88' lang='lat' dir='ltr'><strong>imagine</strong></span> <span class='ocrx_word' id='word_1_442' title='bbox 3180 1316 3402 1381; x_wconf 86' lang='lat' dir='ltr'><strong>Nolam,</strong></span> 
     </span>
    </p>
   </div>
   <div class='ocr_carea' id='block_1_78' title="bbox 2080 1410 3514 1493">
    <p class='ocr_par' dir='ltr' id='par_1_78' title="bbox 2080 1410 3514 1493">
     <span class='ocr_line' id='line_1_79' title="bbox 2080 1410 3514 1493; baseline -0.007 -20"><span class='ocrx_word' id='word_1_443' title='bbox 2080 1414 2223 1493; x_wconf 80' lang='lat' dir='ltr'><strong>Sede</strong></span> <span class='ocrx_word' id='word_1_444' title='bbox 2250 1416 2423 1473; x_wconf 88' lang='lat' dir='ltr'><strong>beans</strong></span> <span class='ocrx_word' id='word_1_445' title='bbox 2448 1416 2647 1488; x_wconf 86' lang='lat' dir='ltr'><strong>placita</strong></span> <span class='ocrx_word' id='word_1_446' title='bbox 2673 1433 2688 1469; x_wconf 90' lang='lat'><strong>:</strong></span> <span class='ocrx_word' id='word_1_447' title='bbox 2721 1414 3006 1484; x_wconf 90' lang='lat' dir='ltr'><strong>multoque</strong></span> <span class='ocrx_word' id='word_1_448' title='bbox 3032 1411 3255 1467; x_wconf 88' lang='lat' dir='ltr'><strong>relictus</strong></span> <span class='ocrx_word' id='word_1_449' title='bbox 3276 1410 3331 1465; x_wconf 92' lang='lat' dir='ltr'><strong>in</strong></span> <span class='ocrx_word' id='word_1_450' title='bbox 3356 1423 3514 1478; x_wconf 88' lang='lat' dir='ltr'><strong>auro,</strong></span> 
     </span>
    </p>
   </div>
   <div class='ocr_carea' id='block_1_79' title="bbox 1975 1496 3546 1580">
    <p class='ocr_par' dir='ltr' id='par_1_79' title="bbox 1975 1496 3546 1580">
     <span class='ocr_line' id='line_1_80' title="bbox 1975 1496 3546 1580; baseline -0.006 -15"><span class='ocrx_word' id='word_1_451' title='bbox 1975 1508 2045 1566; x_wconf 80' lang='lat'><strong>75</strong></span> <span class='ocrx_word' id='word_1_452' title='bbox 2082 1496 2244 1565; x_wconf 80' lang='lat' dir='ltr'><strong>Dives</strong></span> <span class='ocrx_word' id='word_1_453' title='bbox 2266 1523 2431 1580; x_wconf 82' lang='lat' dir='ltr'><strong>opum</strong></span> <span class='ocrx_word' id='word_1_454' title='bbox 2456 1508 2649 1580; x_wconf 83' lang='lat' dir='ltr'><strong>viguit,</strong></span> <span class='ocrx_word' id='word_1_455' title='bbox 2680 1506 2928 1579; x_wconf 82' lang='lat' dir='ltr'><strong>quamvis</strong></span> <span class='ocrx_word' id='word_1_456' title='bbox 2956 1505 2980 1538; x_wconf 86' lang='lat'><strong>&#39;</strong></span> <span class='ocrx_word' id='word_1_457' title='bbox 3009 1520 3120 1561; x_wconf 92' lang='lat' dir='ltr'><strong>non</strong></span> <span class='ocrx_word' id='word_1_458' title='bbox 3149 1502 3343 1561; x_wconf 82' lang='lat' dir='ltr'><strong>unicus</strong></span> <span class='ocrx_word' id='word_1_459' title='bbox 3365 1502 3546 1558; x_wconf 87' lang='lat' dir='ltr'><strong>heres.</strong></span> 
     </span>
    </p>
   </div>
   <div class='ocr_carea' id='block_1_80' title="bbox 2085 1595 3304 1671">
    <p class='ocr_par' dir='ltr' id='par_1_80' title="bbox 2085 1595 3304 1671">
     <span class='ocr_line' id='line_1_81' title="bbox 2085 1595 3304 1671; baseline -0.002 -14"><span class='ocrx_word' id='word_1_460' title='bbox 2085 1600 2301 1657; x_wconf 83' lang='lat' dir='ltr'><strong>Hermia</strong></span> <span class='ocrx_word' id='word_1_461' title='bbox 2331 1616 2455 1657; x_wconf 88' lang='lat' dir='ltr'><strong>cum</strong></span> <span class='ocrx_word' id='word_1_462' title='bbox 2484 1598 2651 1656; x_wconf 80' lang='lat' dir='ltr'><strong>fratre</strong></span> <span class='ocrx_word' id='word_1_463' title='bbox 2670 1599 2755 1656; x_wconf 88' lang='lat' dir='ltr'><strong>sui</strong></span> <span class='ocrx_word' id='word_1_464' title='bbox 2782 1596 3106 1671; x_wconf 86' lang='lat' dir='ltr'><strong>cognomine</strong></span> <span class='ocrx_word' id='word_1_465' title='bbox 3133 1595 3304 1667; x_wconf 81' lang='lat' dir='ltr'><strong>patris</strong></span> 
     </span>
    </p>
   </div>
   <div class='ocr_carea' id='block_1_81' title="bbox 2084 1689 3196 1764">
    <p class='ocr_par' dir='ltr' id='par_1_81' title="bbox 2084 1689 3196 1764">
     <span class='ocr_line' id='line_1_82' title="bbox 2084 1689 3196 1764; baseline -0.006 -13"><span class='ocrx_word' id='word_1_466' title='bbox 2084 1695 2357 1751; x_wconf 79' lang='lat' dir='ltr'><strong>Ten-eoas</strong></span> <span class='ocrx_word' id='word_1_467' title='bbox 2383 1693 2565 1752; x_wconf 86' lang='lat' dir='ltr'><strong>divisit</strong></span> <span class='ocrx_word' id='word_1_468' title='bbox 2585 1709 2753 1764; x_wconf 88' lang='lat' dir='ltr'><strong>opes;</strong></span> <span class='ocrx_word' id='word_1_469' title='bbox 2777 1689 3022 1750; x_wconf 66' lang='lat' dir='ltr'><strong>celestia</strong></span> <span class='ocrx_word' id='word_1_470' title='bbox 3046 1689 3196 1746; x_wconf 87' lang='lat' dir='ltr'><strong>solus</strong></span> 
     </span>
    </p>
   </div>
   <div class='ocr_carea' id='block_1_82' title="bbox 2079 1782 3364 1857">
    <p class='ocr_par' dir='ltr' id='par_1_82' title="bbox 2079 1782 3364 1857">
     <span class='ocr_line' id='line_1_83' title="bbox 2079 1782 3364 1857; baseline -0.006 -11"><span class='ocrx_word' id='word_1_471' title='bbox 2079 1786 2324 1846; x_wconf 88' lang='lat' dir='ltr'><strong>Obtinuit</strong></span> <span class='ocrx_word' id='word_1_472' title='bbox 2351 1787 2537 1856; x_wconf 78' lang='lat' dir='ltr'><strong>Felix;</strong></span> <span class='ocrx_word' id='word_1_473' title='bbox 2567 1787 2812 1857; x_wconf 86' lang='lat' dir='ltr'><strong>geminos</strong></span> <span class='ocrx_word' id='word_1_474' title='bbox 2838 1783 3110 1842; x_wconf 88' lang='lat' dir='ltr'><strong>sententia</strong></span> <span class='ocrx_word' id='word_1_475' title='bbox 3150 1782 3364 1840; x_wconf 83' lang='lat' dir='ltr'><strong>discors</strong></span> 
     </span>
    </p>
   </div>
   <div class='ocr_carea' id='block_1_83' title="bbox 2085 1871 3388 1943">
    <p class='ocr_par' dir='ltr' id='par_1_83' title="bbox 2085 1871 3388 1943">
     <span class='ocr_line' id='line_1_84' title="bbox 2085 1871 3388 1943; baseline -0.005 -8"><span class='ocrx_word' id='word_1_476' title='bbox 2085 1880 2278 1935; x_wconf 84' lang='lat' dir='ltr'><strong>Divisit</strong></span> <span class='ocrx_word' id='word_1_477' title='bbox 2296 1879 2492 1937; x_wconf 80' lang='lat' dir='ltr'><strong>fratres</strong></span> <span class='ocrx_word' id='word_1_478' title='bbox 2517 1897 2532 1934; x_wconf 88' lang='lat'><strong>:</strong></span> <span class='ocrx_word' id='word_1_479' title='bbox 2562 1876 2839 1935; x_wconf 84' lang='lat' dir='ltr'><strong>Hermiam</strong></span> <span class='ocrx_word' id='word_1_480' title='bbox 2868 1873 3105 1932; x_wconf 88' lang='lat' dir='ltr'><strong>mundus</strong></span> <span class='ocrx_word' id='word_1_481' title='bbox 3134 1871 3161 1911; x_wconf 73' lang='grc' dir='ltr'><strong>ιι</strong></span> <span class='ocrx_word' id='word_1_482' title='bbox 3186 1874 3388 1943; x_wconf 85' lang='lat' dir='ltr'><strong>abegit,</strong></span> 
     </span>
    </p>
   </div>
   <div class='ocr_carea' id='block_1_84' title="bbox 1970 1967 3376 2031">
    <p class='ocr_par' dir='ltr' id='par_1_84' title="bbox 1970 1967 3376 2031">
     <span class='ocr_line' id='line_1_85' title="bbox 1970 1967 3376 2031; baseline -0.001 -4"><span class='ocrx_word' id='word_1_483' title='bbox 1970 1975 2042 2027; x_wconf 72' lang='lat' dir='ltr'><strong>R0</strong></span> <span class='ocrx_word' id='word_1_484' title='bbox 2082 1974 2323 2031; x_wconf 80' lang='lat' dir='ltr'><strong>Felicem</strong></span> <span class='ocrx_word' id='word_1_485' title='bbox 2350 1972 2602 2030; x_wconf 86' lang='lat' dir='ltr'><strong>Christus</strong></span> <span class='ocrx_word' id='word_1_486' title='bbox 2629 1972 2733 2028; x_wconf 88' lang='lat' dir='ltr'><strong>sibi</strong></span> <span class='ocrx_word' id='word_1_487' title='bbox 2759 1970 2982 2027; x_wconf 84' lang='lat' dir='ltr'><strong>sustulit</strong></span> <span class='ocrx_word' id='word_1_488' title='bbox 3009 1988 3022 2024; x_wconf 91' lang='lat'><strong>:</strong></span> <span class='ocrx_word' id='word_1_489' title='bbox 3055 1969 3147 2024; x_wconf 90' lang='lat' dir='ltr'><strong>ille</strong></span> <span class='ocrx_word' id='word_1_490' title='bbox 3173 1967 3376 2027; x_wconf 83' lang='lat' dir='ltr'><strong>caduca</strong></span> 
     </span>
    </p>
   </div>
   <div class='ocr_carea' id='block_1_85' title="bbox 2083 2054 3553 2139">
    <p class='ocr_par' dir='ltr' id='par_1_85' title="bbox 2083 2054 3553 2139">
     <span class='ocr_line' id='line_1_86' title="bbox 2083 2054 3553 2139; baseline -0.005 -16"><span class='ocrx_word' id='word_1_491' title='bbox 2083 2067 2292 2133; x_wconf 73' lang='lat' dir='ltr'><strong>Maluit,</strong></span> <span class='ocrx_word' id='word_1_492' title='bbox 2322 2067 2411 2124; x_wconf 88' lang='lat' dir='ltr'><strong>hic</strong></span> <span class='ocrx_word' id='word_1_493' title='bbox 2441 2065 2513 2139; x_wconf 79' lang='lat' dir='ltr'><strong>(f)</strong></span> <span class='ocrx_word' id='word_1_494' title='bbox 2562 2063 2740 2122; x_wconf 90' lang='lat' dir='ltr'><strong>solida</strong></span> <span class='ocrx_word' id='word_1_495' title='bbox 2772 2082 2786 2118; x_wconf 91' lang='lat'><strong>:</strong></span> <span class='ocrx_word' id='word_1_496' title='bbox 2816 2054 3173 2135; x_wconf 70' lang='lat' dir='ltr'><strong>praesentibus</strong></span> <span class='ocrx_word' id='word_1_497' title='bbox 3202 2063 3291 2118; x_wconf 87' lang='lat' dir='ltr'><strong>ille</strong></span> <span class='ocrx_word' id='word_1_498' title='bbox 3309 2059 3553 2129; x_wconf 62' lang='lat' dir='ltr'><strong>cohaesit,</strong></span> 
     </span>
    </p>
   </div>
   <div class='ocr_carea' id='block_1_86' title="bbox 2087 2155 3381 2228">
    <p class='ocr_par' dir='ltr' id='par_1_86' title="bbox 2087 2155 3381 2228">
     <span class='ocr_line' id='line_1_87' title="bbox 2087 2155 3381 2228; baseline -0.006 -12"><span class='ocrx_word' id='word_1_499' title='bbox 2087 2160 2197 2218; x_wconf 87' lang='lat' dir='ltr'><strong>Iste</strong></span> <span class='ocrx_word' id='word_1_500' title='bbox 2220 2160 2399 2217; x_wconf 85' lang='lat' dir='ltr'><strong>solum</strong></span> <span class='ocrx_word' id='word_1_501' title='bbox 2427 2158 2571 2217; x_wconf 79' lang='lat' dir='ltr'><strong>cmlo</strong></span> <span class='ocrx_word' id='word_1_502' title='bbox 2592 2158 2776 2223; x_wconf 85' lang='lat' dir='ltr'><strong>vertit,</strong></span> <span class='ocrx_word' id='word_1_503' title='bbox 2808 2155 3135 2228; x_wconf 85' lang='lat' dir='ltr'><strong>patrimonia</strong></span> <span class='ocrx_word' id='word_1_504' title='bbox 3158 2155 3342 2226; x_wconf 89' lang='lat' dir='ltr'><strong>regnis</strong></span> <span class='ocrx_word' id='word_1_505' title='bbox 3365 2168 3381 2208; x_wconf 89' lang='lat'><strong>:</strong></span> 
     </span>
    </p>
   </div>
   <div class='ocr_carea' id='block_1_87' title="bbox 2087 2246 3451 2321">
    <p class='ocr_par' dir='ltr' id='par_1_87' title="bbox 2087 2246 3451 2321">
     <span class='ocr_line' id='line_1_88' title="bbox 2087 2246 3451 2321; baseline -0.006 -12"><span class='ocrx_word' id='word_1_506' title='bbox 2087 2253 2181 2309; x_wconf 90' lang='lat' dir='ltr'><strong>Ille</strong></span> <span class='ocrx_word' id='word_1_507' title='bbox 2207 2253 2368 2309; x_wconf 88' lang='lat' dir='ltr'><strong>heres</strong></span> <span class='ocrx_word' id='word_1_508' title='bbox 2394 2257 2605 2307; x_wconf 88' lang='lat' dir='ltr'><strong>tantum</strong></span> <span class='ocrx_word' id='word_1_509' title='bbox 2634 2248 2841 2321; x_wconf 89' lang='lat' dir='ltr'><strong>proprii</strong></span> <span class='ocrx_word' id='word_1_510' title='bbox 2867 2247 3061 2319; x_wconf 86' lang='lat' dir='ltr'><strong>patris,</strong></span> <span class='ocrx_word' id='word_1_511' title='bbox 3090 2247 3193 2304; x_wconf 85' lang='lat' dir='ltr'><strong>iste</strong></span> <span class='ocrx_word' id='word_1_512' title='bbox 3220 2246 3451 2303; x_wconf 87' lang='lat' dir='ltr'><strong>coheres</strong></span> 
     </span>
    </p>
   </div>
   <div class='ocr_carea' id='block_1_88' title="bbox 2087 2338 3442 2415">
    <p class='ocr_par' dir='ltr' id='par_1_88' title="bbox 2087 2338 3442 2415">
     <span class='ocr_line' id='line_1_89' title="bbox 2087 2338 3442 2415; baseline -0.006 -13"><span class='ocrx_word' id='word_1_513' title='bbox 2087 2344 2312 2402; x_wconf 86' lang='lat' dir='ltr'><strong>Christi.</strong></span> <span class='ocrx_word' id='word_1_514' title='bbox 2335 2341 2442 2400; x_wconf 89' lang='lat' dir='ltr'><strong>Sed</strong></span> <span class='ocrx_word' id='word_1_515' title='bbox 2470 2341 2593 2415; x_wconf 88' lang='lat' dir='ltr'><strong>quis</strong></span> <span class='ocrx_word' id='word_1_516' title='bbox 2618 2347 2732 2398; x_wconf 87' lang='lat' dir='ltr'><strong>tam</strong></span> <span class='ocrx_word' id='word_1_517' title='bbox 2758 2339 2966 2397; x_wconf 82' lang='lat' dir='ltr'><strong>variam</strong></span> <span class='ocrx_word' id='word_1_518' title='bbox 2984 2338 3212 2395; x_wconf 88' lang='lat' dir='ltr'><strong>miretur</strong></span> <span class='ocrx_word' id='word_1_519' title='bbox 3238 2338 3309 2395; x_wconf 82' lang='lat' dir='ltr'><strong>ab</strong></span> <span class='ocrx_word' id='word_1_520' title='bbox 3331 2352 3442 2394; x_wconf 91' lang='lat' dir='ltr'><strong>uno</strong></span> 
     </span>
    </p>
   </div>
   <div class='ocr_carea' id='block_1_89' title="bbox 1982 2431 3556 2509">
    <p class='ocr_par' dir='ltr' id='par_1_89' title="bbox 1982 2431 3556 2509">
     <span class='ocr_line' id='line_1_90' title="bbox 1982 2431 3556 2509; baseline -0.007 -13"><span class='ocrx_word' id='word_1_521' title='bbox 1982 2437 2056 2496; x_wconf 81' lang='lat'><strong>85</strong></span> <span class='ocrx_word' id='word_1_522' title='bbox 2093 2436 2370 2509; x_wconf 84' lang='lat' dir='ltr'><strong>Sanguine</strong></span> <span class='ocrx_word' id='word_1_523' title='bbox 2399 2434 2716 2508; x_wconf 87' lang='lat' dir='ltr'><strong>progeniem</strong></span> <span class='ocrx_word' id='word_1_524' title='bbox 2734 2473 2752 2503; x_wconf 92' lang='lat'><strong>,</strong></span> <span class='ocrx_word' id='word_1_525' title='bbox 2787 2439 3037 2495; x_wconf 83' lang='lat' dir='ltr'><strong>veterum</strong></span> <span class='ocrx_word' id='word_1_526' title='bbox 3072 2431 3217 2497; x_wconf 86' lang='lat' dir='ltr'><strong>inter</strong></span> <span class='ocrx_word' id='word_1_527' title='bbox 3241 2437 3431 2489; x_wconf 79' lang='lat' dir='ltr'><strong>sancta</strong></span> <span class='ocrx_word' id='word_1_528' title='bbox 3459 2444 3556 2502; x_wconf 83' lang='lat' dir='ltr'><strong>pa-</strong></span> 
     </span>
    </p>
   </div>
   <div class='ocr_carea' id='block_1_90' title="bbox 3249 2522 3487 2598">
    <p class='ocr_par' dir='ltr' id='par_1_90' title="bbox 3249 2522 3487 2598">
     <span class='ocr_line' id='line_1_91' title="bbox 3249 2522 3487 2598; baseline -0.004 -18"><span class='ocrx_word' id='word_1_529' title='bbox 3249 2522 3487 2598; x_wconf 88' lang='lat' dir='ltr'><strong>[rentum</strong></span> 
     </span>
    </p>
   </div>
   <div class='ocr_carea' id='block_1_91' title="bbox 2095 2615 3476 2693">
    <p class='ocr_par' dir='ltr' id='par_1_91' title="bbox 2095 2615 3476 2693">
     <span class='ocr_line' id='line_1_92' title="bbox 2095 2615 3476 2693; baseline -0.006 -14"><span class='ocrx_word' id='word_1_530' title='bbox 2095 2620 2330 2693; x_wconf 79' lang='lat' dir='ltr'><strong>Pignora</strong></span> <span class='ocrx_word' id='word_1_531' title='bbox 2355 2618 2450 2691; x_wconf 90' lang='lat' dir='ltr'><strong>qui</strong></span> <span class='ocrx_word' id='word_1_532' title='bbox 2478 2618 2686 2689; x_wconf 89' lang='lat' dir='ltr'><strong>relegat</strong></span> <span class='ocrx_word' id='word_1_533' title='bbox 2709 2616 3036 2689; x_wconf 81' lang='lat' dir='ltr'><strong>populorum</strong></span> <span class='ocrx_word' id='word_1_534' title='bbox 3054 2616 3226 2689; x_wconf 86' lang='lat' dir='ltr'><strong>stirpe</strong></span> <span class='ocrx_word' id='word_1_535' title='bbox 3244 2615 3476 2673; x_wconf 84' lang='lat' dir='ltr'><strong>duorum</strong></span> 
     </span>
    </p>
   </div>
   <div class='ocr_carea' id='block_1_92' title="bbox 2092 2710 3457 2784">
    <p class='ocr_par' dir='ltr' id='par_1_92' title="bbox 2092 2710 3457 2784">
     <span class='ocr_line' id='line_1_93' title="bbox 2092 2710 3457 2784; baseline -0.006 -11"><span class='ocrx_word' id='word_1_536' title='bbox 2092 2714 2403 2784; x_wconf 85' lang='lat' dir='ltr'><strong>Fecundam</strong></span> <span class='ocrx_word' id='word_1_537' title='bbox 2426 2726 2633 2784; x_wconf 84' lang='lat' dir='ltr'><strong>pugnas</strong></span> <span class='ocrx_word' id='word_1_538' title='bbox 2663 2713 2804 2768; x_wconf 88' lang='lat' dir='ltr'><strong>uteri</strong></span> <span class='ocrx_word' id='word_1_539' title='bbox 2830 2711 3069 2768; x_wconf 89' lang='lat' dir='ltr'><strong>doluisse</strong></span> <span class='ocrx_word' id='word_1_540' title='bbox 3097 2710 3402 2767; x_wconf 84' lang='lat' dir='ltr'><strong>Rebeccatn</strong></span> <span class='ocrx_word' id='word_1_541' title='bbox 3418 2711 3457 2779; x_wconf 22' lang='grc' dir='ltr'><strong>τί</strong></span> 
     </span>
    </p>
   </div>
   <div class='ocr_carea' id='block_1_93' title="bbox 2091 2801 3524 2876">
    <p class='ocr_par' dir='ltr' id='par_1_93' title="bbox 2091 2801 3524 2876">
     <span class='ocr_line' id='line_1_94' title="bbox 2091 2801 3524 2876; baseline -0.003 -14"><span class='ocrx_word' id='word_1_542' title='bbox 2091 2805 2574 2876; x_wconf 84' lang='lat' dir='ltr'><strong>Conquestamque</strong></span> <span class='ocrx_word' id='word_1_543' title='bbox 2593 2803 2705 2859; x_wconf 90' lang='lat' dir='ltr'><strong>Deo</strong></span> <span class='ocrx_word' id='word_1_544' title='bbox 2731 2803 2940 2873; x_wconf 88' lang='lat' dir='ltr'><strong>gravidi</strong></span> <span class='ocrx_word' id='word_1_545' title='bbox 2962 2802 3255 2859; x_wconf 88' lang='lat' dir='ltr'><strong>luctamina</strong></span> <span class='ocrx_word' id='word_1_546' title='bbox 3282 2801 3524 2858; x_wconf 73' lang='lat' dir='ltr'><strong>ventris?</strong></span> 
     </span>
    </p>
   </div>
   <div class='ocr_carea' id='block_1_94' title="bbox 2090 2894 3558 2967">
    <p class='ocr_par' dir='ltr' id='par_1_94' title="bbox 2090 2894 3558 2967">
     <span class='ocr_line' id='line_1_95' title="bbox 2090 2894 3558 2967; baseline -0.003 -15"><span class='ocrx_word' id='word_1_547' title='bbox 2090 2895 2227 2952; x_wconf 89' lang='lat' dir='ltr'><strong>Cum</strong></span> <span class='ocrx_word' id='word_1_548' title='bbox 2247 2894 2362 2967; x_wconf 84' lang='lat' dir='ltr'><strong>jam</strong></span> <span class='ocrx_word' id='word_1_549' title='bbox 2384 2903 2513 2952; x_wconf 89' lang='lat' dir='ltr'><strong>tunc</strong></span> <span class='ocrx_word' id='word_1_550' title='bbox 2539 2894 2799 2951; x_wconf 85' lang='lat' dir='ltr'><strong>fremeret</strong></span> <span class='ocrx_word' id='word_1_551' title='bbox 2817 2903 3017 2952; x_wconf 74' lang='lat' dir='ltr'><strong>sancta:</strong></span> <span class='ocrx_word' id='word_1_552' title='bbox 3041 2895 3184 2950; x_wconf 89' lang='lat' dir='ltr'><strong>intra</strong></span> <span class='ocrx_word' id='word_1_553' title='bbox 3209 2895 3416 2950; x_wconf 86' lang='lat' dir='ltr'><strong>viscera</strong></span> <span class='ocrx_word' id='word_1_554' title='bbox 3443 2909 3558 2950; x_wconf 87' lang='lat' dir='ltr'><strong>ma-</strong></span> 
     </span>
    </p>
   </div>
   <div class='ocr_carea' id='block_1_95' title="bbox 3317 2988 3458 3062">
    <p class='ocr_par' dir='ltr' id='par_1_95' title="bbox 3317 2988 3458 3062">
     <span class='ocr_line' id='line_1_96' title="bbox 3317 2988 3458 3062; baseline -0.007 -18"><span class='ocrx_word' id='word_1_555' title='bbox 3317 2988 3458 3062; x_wconf 29' lang='lat' dir='ltr'><strong>[.tris,</strong></span> 
     </span>
    </p>
   </div>
   <div class='ocr_carea' id='block_1_96' title="bbox 1986 3080 3519 3151">
    <p class='ocr_par' dir='ltr' id='par_1_96' title="bbox 1986 3080 3519 3151">
     <span class='ocr_line' id='line_1_97' title="bbox 1986 3080 3519 3151; baseline -0.002 -13"><span class='ocrx_word' id='word_1_556' title='bbox 1986 3081 2057 3139; x_wconf 83' lang='lat'><strong>90</strong></span> <span class='ocrx_word' id='word_1_557' title='bbox 2093 3080 2400 3151; x_wconf 74' lang='lat' dir='ltr'><strong>Qum‘nuuc</strong></span> <span class='ocrx_word' id='word_1_558' title='bbox 2430 3082 2567 3136; x_wconf 88' lang='lat' dir='ltr'><strong>intra</strong></span> <span class='ocrx_word' id='word_1_559' title='bbox 2594 3088 2805 3136; x_wconf 77' lang='lat' dir='ltr'><strong>uterum</strong></span> <span class='ocrx_word' id='word_1_560' title='bbox 2836 3080 3021 3136; x_wconf 88' lang='lat' dir='ltr'><strong>mundi</strong></span> <span class='ocrx_word' id='word_1_561' title='bbox 3048 3080 3319 3138; x_wconf 84' lang='lat' dir='ltr'><strong>discordia</strong></span> <span class='ocrx_word' id='word_1_562' title='bbox 3347 3080 3519 3136; x_wconf 73' lang='lat' dir='ltr'><strong>saevit.</strong></span> 
     </span>
    </p>
   </div>
   <div class='ocr_carea' id='block_1_97' title="bbox 2100 3170 3461 3246">
    <p class='ocr_par' dir='ltr' id='par_1_97' title="bbox 2100 3170 3461 3246">
     <span class='ocr_line' id='line_1_98' title="bbox 2100 3170 3461 3246; baseline -0.001 -16"><span class='ocrx_word' id='word_1_563' title='bbox 2100 3173 2321 3246; x_wconf 86' lang='lat' dir='ltr'><strong>Hispida</strong></span> <span class='ocrx_word' id='word_1_564' title='bbox 2348 3171 2544 3229; x_wconf 60' lang='lat' dir='ltr'><strong>Juda‘is</strong></span> <span class='ocrx_word' id='word_1_565' title='bbox 2573 3172 2654 3245; x_wconf 78' lang='lat'><strong>(9)</strong></span> <span class='ocrx_word' id='word_1_566' title='bbox 2680 3171 2810 3228; x_wconf 88' lang='lat' dir='ltr'><strong>hirti</strong></span> <span class='ocrx_word' id='word_1_567' title='bbox 2827 3172 3169 3229; x_wconf 71' lang='lat' dir='ltr'><strong>sectantibus</strong></span> <span class='ocrx_word' id='word_1_568' title='bbox 3188 3170 3329 3228; x_wconf 84' lang='lat' dir='ltr'><strong>Esau</strong></span> <span class='ocrx_word' id='word_1_569' title='bbox 3458 3176 3461 3179; x_wconf 38' lang='grc' dir='ltr'><strong><em>ί</em></strong></span> 
     </span>
    </p>
   </div>
   <div class='ocr_carea' id='block_1_98' title="bbox 2096 3260 3311 3335">
    <p class='ocr_par' dir='ltr' id='par_1_98' title="bbox 2096 3260 3311 3335">
     <span class='ocr_line' id='line_1_99' title="bbox 2096 3260 3311 3335; baseline -0.003 -13"><span class='ocrx_word' id='word_1_570' title='bbox 2096 3263 2349 3329; x_wconf 85' lang='lat' dir='ltr'><strong>Perlidia,</strong></span> <span class='ocrx_word' id='word_1_571' title='bbox 2374 3260 2600 3319; x_wconf 84' lang='lat' dir='ltr'><strong>addictis</strong></span> <span class='ocrx_word' id='word_1_572' title='bbox 2630 3262 2833 3335; x_wconf 86' lang='lat' dir='ltr'><strong>populo</strong></span> <span class='ocrx_word' id='word_1_573' title='bbox 2860 3263 3066 3320; x_wconf 72' lang='lat' dir='ltr'><strong>servire</strong></span> <span class='ocrx_word' id='word_1_574' title='bbox 3095 3263 3311 3319; x_wconf 89' lang='lat' dir='ltr'><strong>minori.</strong></span> 
     </span>
    </p>
   </div>
   <div class='ocr_carea' id='block_1_99' title="bbox 2098 3354 3361 3427">
    <p class='ocr_par' dir='ltr' id='par_1_99' title="bbox 2098 3354 3361 3427">
     <span class='ocr_line' id='line_1_100' title="bbox 2098 3354 3361 3427; baseline -0.001 -15"><span class='ocrx_word' id='word_1_575' title='bbox 2098 3356 2169 3412; x_wconf 81' lang='lat' dir='ltr'><strong>At</strong></span> <span class='ocrx_word' id='word_1_576' title='bbox 2194 3356 2353 3412; x_wconf 89' lang='lat' dir='ltr'><strong>nobis</strong></span> <span class='ocrx_word' id='word_1_577' title='bbox 2378 3355 2566 3411; x_wconf 67' lang='lat' dir='ltr'><strong>laevem</strong></span> <span class='ocrx_word' id='word_1_578' title='bbox 2596 3369 2694 3425; x_wconf 90' lang='lat' dir='ltr'><strong>per</strong></span> <span class='ocrx_word' id='word_1_579' title='bbox 2722 3355 2801 3427; x_wconf 86' lang='lat' dir='ltr'><strong>(h)</strong></span> <span class='ocrx_word' id='word_1_580' title='bbox 2829 3354 2972 3411; x_wconf 90' lang='lat' dir='ltr'><strong>leuia</strong></span> <span class='ocrx_word' id='word_1_581' title='bbox 3000 3356 3152 3427; x_wconf 89' lang='lat' dir='ltr'><strong>pacis</strong></span> <span class='ocrx_word' id='word_1_582' title='bbox 3179 3354 3361 3423; x_wconf 87' lang='lat' dir='ltr'><strong>Iacob,</strong></span> 
     </span>
    </p>
   </div>
   <div class='ocr_carea' id='block_1_100' title="bbox 2098 3446 3471 3518">
    <p class='ocr_par' dir='ltr' id='par_1_100' title="bbox 2098 3446 3471 3518">
     <span class='ocr_line' id='line_1_101' title="bbox 2098 3446 3471 3518; baseline -0.001 -14"><span class='ocrx_word' id='word_1_583' title='bbox 2098 3446 2216 3518; x_wconf 83' lang='lat' dir='ltr'><strong>Qua</strong></span> <span class='ocrx_word' id='word_1_584' title='bbox 2243 3447 2334 3504; x_wconf 81' lang='lat' dir='ltr'><strong>via</strong></span> <span class='ocrx_word' id='word_1_585' title='bbox 2361 3446 2499 3503; x_wconf 90' lang='lat' dir='ltr'><strong>lucis</strong></span> <span class='ocrx_word' id='word_1_586' title='bbox 2526 3446 2657 3515; x_wconf 90' lang='lat' dir='ltr'><strong>agit,</strong></span> <span class='ocrx_word' id='word_1_587' title='bbox 2690 3446 2921 3503; x_wconf 90' lang='lat' dir='ltr'><strong>meliore</strong></span> <span class='ocrx_word' id='word_1_588' title='bbox 2947 3447 3300 3518; x_wconf 87' lang='lat' dir='ltr'><strong>sequentibus</strong></span> <span class='ocrx_word' id='word_1_589' title='bbox 3327 3455 3471 3505; x_wconf 89' lang='lat' dir='ltr'><strong>ortu.</strong></span> 
     </span>
    </p>
   </div>
   <div class='ocr_carea' id='block_1_101' title="bbox 1990 3537 3621 3612">
    <p class='ocr_par' dir='ltr' id='par_1_101' title="bbox 1990 3537 3621 3612">
     <span class='ocr_line' id='line_1_102' title="bbox 1990 3537 3621 3612; baseline -0.001 -16"><span class='ocrx_word' id='word_1_590' title='bbox 1990 3541 2062 3599; x_wconf 79' lang='lat'><strong>95</strong></span> <span class='ocrx_word' id='word_1_591' title='bbox 2096 3594 2099 3595; x_wconf 64' lang='lat'><strong><em>,</em></strong></span> <span class='ocrx_word' id='word_1_592' title='bbox 2170 3539 2314 3612; x_wconf 80' lang='lat' dir='ltr'><strong>Ergo</strong></span> <span class='ocrx_word' id='word_1_593' title='bbox 2340 3538 2458 3611; x_wconf 89' lang='lat' dir='ltr'><strong>pari</strong></span> <span class='ocrx_word' id='word_1_594' title='bbox 2485 3538 2670 3610; x_wconf 83' lang='lat' dir='ltr'><strong>dispar</strong></span> <span class='ocrx_word' id='word_1_595' title='bbox 2692 3538 2917 3594; x_wconf 91' lang='lat' dir='ltr'><strong>fratrum</strong></span> <span class='ocrx_word' id='word_1_596' title='bbox 2939 3537 3008 3595; x_wconf 92' lang='lat' dir='ltr'><strong>de</strong></span> <span class='ocrx_word' id='word_1_597' title='bbox 3028 3539 3290 3611; x_wconf 86' lang='lat' dir='ltr'><strong>sanguine</strong></span> <span class='ocrx_word' id='word_1_598' title='bbox 3309 3538 3561 3611; x_wconf 85' lang='lat' dir='ltr'><strong>sanguis:</strong></span> <span class='ocrx_word' id='word_1_599' title='bbox 3616 3558 3621 3561; x_wconf 59' lang='grc' dir='ltr'><em>τ</em></span> 
     </span>
    </p>
   </div>
   <div class='ocr_carea' id='block_1_102' title="bbox 2100 3630 3460 3703">
    <p class='ocr_par' dir='ltr' id='par_1_102' title="bbox 2100 3630 3460 3703">
     <span class='ocr_line' id='line_1_103' title="bbox 2100 3630 3460 3703; baseline -0.004 -11"><span class='ocrx_word' id='word_1_600' title='bbox 2100 3633 2368 3697; x_wconf 81' lang='lat' dir='ltr'><strong>Hermias,</strong></span> <span class='ocrx_word' id='word_1_601' title='bbox 2401 3632 2550 3688; x_wconf 79' lang='lat' dir='ltr'><strong>velut</strong></span> <span class='ocrx_word' id='word_1_602' title='bbox 2577 3647 2739 3703; x_wconf 86' lang='lat' dir='ltr'><strong>asper</strong></span> <span class='ocrx_word' id='word_1_603' title='bbox 2767 3630 2936 3688; x_wconf 75' lang='lat' dir='ltr'><strong>Edoni</strong></span> <span class='ocrx_word' id='word_1_604' title='bbox 2966 3639 3186 3688; x_wconf 89' lang='lat' dir='ltr'><strong>terrena</strong></span> <span class='ocrx_word' id='word_1_605' title='bbox 3215 3640 3460 3701; x_wconf 81' lang='lat' dir='ltr'><strong>secutus,</strong></span> 
     </span>
    </p>
   </div>
   <div class='ocr_carea' id='block_1_103' title="bbox 2100 3722 3401 3799">
    <p class='ocr_par' dir='ltr' id='par_1_103' title="bbox 2100 3722 3401 3799">
     <span class='ocr_line' id='line_1_104' title="bbox 2100 3722 3401 3799; baseline -0.001 -16"><span class='ocrx_word' id='word_1_606' title='bbox 2100 3726 2349 3799; x_wconf 87' lang='lat' dir='ltr'><strong>Squaluit</strong></span> <span class='ocrx_word' id='word_1_607' title='bbox 2379 3725 2433 3781; x_wconf 91' lang='lat' dir='ltr'><strong>in</strong></span> <span class='ocrx_word' id='word_1_608' title='bbox 2461 3739 2632 3779; x_wconf 84' lang='lat' dir='ltr'><strong>vacua</strong></span> <span class='ocrx_word' id='word_1_609' title='bbox 2652 3723 2902 3795; x_wconf 86' lang='lat' dir='ltr'><strong>captivus</strong></span> <span class='ocrx_word' id='word_1_610' title='bbox 2928 3722 3165 3795; x_wconf 85' lang='lat' dir='ltr'><strong>imagine</strong></span> <span class='ocrx_word' id='word_1_611' title='bbox 3193 3725 3401 3795; x_wconf 89' lang='lat' dir='ltr'><strong>mundi,</strong></span> 
     </span>
    </p>
   </div>
   <div class='ocr_carea' id='block_1_104' title="bbox 2101 3816 3413 3892">
    <p class='ocr_par' dir='ltr' id='par_1_104' title="bbox 2101 3816 3413 3892">
     <span class='ocr_line' id='line_1_105' title="bbox 2101 3816 3413 3892; baseline -0.002 -15"><span class='ocrx_word' id='word_1_612' title='bbox 2101 3820 2357 3892; x_wconf 89' lang='lat' dir='ltr'><strong>Duraque</strong></span> <span class='ocrx_word' id='word_1_613' title='bbox 2380 3816 2604 3874; x_wconf 76' lang='lat' dir='ltr'><strong>Idummi</strong></span> <span class='ocrx_word' id='word_1_614' title='bbox 2633 3816 2876 3888; x_wconf 70' lang='lat' dir='ltr'><strong>praelegit</strong></span> <span class='ocrx_word' id='word_1_615' title='bbox 2902 3816 2966 3889; x_wconf 75' lang='grc' dir='ltr'><strong>(ί)</strong></span> <span class='ocrx_word' id='word_1_616' title='bbox 2994 3832 3122 3874; x_wconf 90' lang='lat' dir='ltr'><strong>rura</strong></span> <span class='ocrx_word' id='word_1_617' title='bbox 3149 3819 3413 3891; x_wconf 84' lang='lat' dir='ltr'><strong>parentis,</strong></span> 
     </span>
    </p>
   </div>
   <div class='ocr_carea' id='block_1_105' title="bbox 2118 3911 3567 3990">
    <p class='ocr_par' dir='ltr' id='par_1_105' title="bbox 2118 3911 3567 3990">
     <span class='ocr_line' id='line_1_106' title="bbox 2118 3911 3567 3990; baseline -0.006 -14"><span class='ocrx_word' id='word_1_618' title='bbox 2118 3914 2480 3990; x_wconf 65' lang='grc' dir='ltr'><strong>εει-392</strong></span> <span class='ocrx_word' id='word_1_619' title='bbox 2508 3911 2566 3969; x_wconf 93' lang='lat' dir='ltr'><strong>In</strong></span> <span class='ocrx_word' id='word_1_620' title='bbox 2596 3912 2778 3983; x_wconf 88' lang='lat' dir='ltr'><strong>gladio</strong></span> <span class='ocrx_word' id='word_1_621' title='bbox 2811 3912 3003 3969; x_wconf 81' lang='lat' dir='ltr'><strong>vivens</strong></span> <span class='ocrx_word' id='word_1_622' title='bbox 3039 3913 3282 3985; x_wconf 89' lang='lat' dir='ltr'><strong>proprio,</strong></span> <span class='ocrx_word' id='word_1_623' title='bbox 3310 3926 3567 3983; x_wconf 60' lang='lat' dir='ltr'><strong>vanaque</strong></span> 
     </span>
    </p>
   </div>
   <div class='ocr_carea' id='block_1_106' title="bbox 3300 4003 3565 4076">
    <p class='ocr_par' dir='ltr' id='par_1_106' title="bbox 3300 4003 3565 4076">
     <span class='ocr_line' id='line_1_107' title="bbox 3300 4003 3565 4076; baseline -0.008 -18"><span class='ocrx_word' id='word_1_624' title='bbox 3300 4003 3565 4076; x_wconf 79' lang='lat' dir='ltr'><strong>[labore&#39;n</strong></span> 
     </span>
    </p>
   </div>
   <div class='ocr_carea' id='block_1_107' title="bbox 1966 4094 3496 4167">
    <p class='ocr_par' dir='ltr' id='par_1_107' title="bbox 1966 4094 3496 4167">
     <span class='ocr_line' id='line_1_108' title="bbox 1966 4094 3496 4167; baseline -0.001 -13"><span class='ocrx_word' id='word_1_625' title='bbox 1966 4097 2073 4155; x_wconf 89' lang='lat' dir='ltr'><strong>I00</strong></span> <span class='ocrx_word' id='word_1_626' title='bbox 2108 4096 2312 4154; x_wconf 72' lang='lat' dir='ltr'><strong>Militize</strong></span> <span class='ocrx_word' id='word_1_627' title='bbox 2339 4098 2579 4158; x_wconf 84' lang='lat' dir='ltr'><strong>sterilem</strong></span> <span class='ocrx_word' id='word_1_628' title='bbox 2609 4097 2869 4166; x_wconf 88' lang='lat' dir='ltr'><strong>tolerans,</strong></span> <span class='ocrx_word' id='word_1_629' title='bbox 2900 4096 2996 4167; x_wconf 89' lang='lat' dir='ltr'><strong>qui</strong></span> <span class='ocrx_word' id='word_1_630' title='bbox 3024 4097 3045 4129; x_wconf 85' lang='grc'><strong>⁸</strong></span> <span class='ocrx_word' id='word_1_631' title='bbox 3069 4094 3299 4152; x_wconf 62' lang='lat' dir='ltr'><strong>Caesaris</strong></span> <span class='ocrx_word' id='word_1_632' title='bbox 3328 4096 3496 4152; x_wconf 85' lang='lat' dir='ltr'><strong>armis</strong></span> 
     </span>
    </p>
   </div>
   <div class='ocr_carea' id='block_1_108' title="bbox 2116 4188 3443 4261">
    <p class='ocr_par' dir='ltr' id='par_1_108' title="bbox 2116 4188 3443 4261">
     <span class='ocr_line' id='line_1_109' title="bbox 2116 4188 3443 4261; baseline -0.002 -15"><span class='ocrx_word' id='word_1_633' title='bbox 2116 4188 2433 4258; x_wconf 87' lang='lat' dir='ltr'><strong>Succubuit,</strong></span> <span class='ocrx_word' id='word_1_634' title='bbox 2464 4188 2706 4261; x_wconf 89' lang='lat' dir='ltr'><strong>privatus</strong></span> <span class='ocrx_word' id='word_1_635' title='bbox 2731 4203 2899 4261; x_wconf 84' lang='lat' dir='ltr'><strong>agens</strong></span> <span class='ocrx_word' id='word_1_636' title='bbox 2917 4188 2986 4245; x_wconf 89' lang='lat' dir='ltr'><strong>ad</strong></span> <span class='ocrx_word' id='word_1_637' title='bbox 3012 4189 3195 4245; x_wconf 90' lang='lat' dir='ltr'><strong>munia</strong></span> <span class='ocrx_word' id='word_1_638' title='bbox 3220 4188 3443 4245; x_wconf 85' lang='lat' dir='ltr'><strong>Christi.</strong></span> 
     </span>
    </p>
   </div>
   <div class='ocr_carea' id='block_1_109' title="bbox 2189 4280 3569 4351">
    <p class='ocr_par' dir='ltr' id='par_1_109' title="bbox 2189 4280 3569 4351">
     <span class='ocr_line' id='line_1_110' title="bbox 2189 4280 3569 4351; baseline -0.003 -13"><span class='ocrx_word' id='word_1_639' title='bbox 2189 4283 2261 4338; x_wconf 86' lang='lat' dir='ltr'><strong>At</strong></span> <span class='ocrx_word' id='word_1_640' title='bbox 2288 4298 2442 4338; x_wconf 89' lang='lat' dir='ltr'><strong>meus</strong></span> <span class='ocrx_word' id='word_1_641' title='bbox 2474 4282 2662 4338; x_wconf 62' lang='grc' dir='ltr'><strong>πιθηπί</strong></span> <span class='ocrx_word' id='word_1_642' title='bbox 2688 4291 2842 4339; x_wconf 87' lang='lat' dir='ltr'><strong>satus</strong></span> <span class='ocrx_word' id='word_1_643' title='bbox 2894 4296 3044 4337; x_wconf 88' lang='lat' dir='ltr'><strong>arma</strong></span> <span class='ocrx_word' id='word_1_644' title='bbox 3072 4296 3358 4351; x_wconf 79' lang='lat' dir='ltr'><strong>capessere</strong></span> <span class='ocrx_word' id='word_1_645' title='bbox 3386 4280 3569 4350; x_wconf 77' lang='lat' dir='ltr'><strong>Regis,</strong></span> 
     </span>
    </p>
   </div>
   <div class='ocr_carea' id='block_1_110' title="bbox 2111 4372 3315 4447">
    <p class='ocr_par' dir='ltr' id='par_1_110' title="bbox 2111 4372 3315 4447">
     <span class='ocr_line' id='line_1_111' title="bbox 2111 4372 3315 4447; baseline -0.002 -17"><span class='ocrx_word' id='word_1_646' title='bbox 2111 4374 2170 4430; x_wconf 91' lang='lat' dir='ltr'><strong>In</strong></span> <span class='ocrx_word' id='word_1_647' title='bbox 2199 4374 2372 4447; x_wconf 89' lang='lat' dir='ltr'><strong>patris</strong></span> <span class='ocrx_word' id='word_1_648' title='bbox 2398 4373 2564 4430; x_wconf 88' lang='lat' dir='ltr'><strong>Israel</strong></span> <span class='ocrx_word' id='word_1_649' title='bbox 2594 4373 2850 4444; x_wconf 84' lang='lat' dir='ltr'><strong>migravit</strong></span> <span class='ocrx_word' id='word_1_650' title='bbox 2874 4374 3095 4429; x_wconf 88' lang='lat' dir='ltr'><strong>nomina</strong></span> <span class='ocrx_word' id='word_1_651' title='bbox 3123 4372 3276 4429; x_wconf 75' lang='lat' dir='ltr'><strong>Felix</strong></span> <span class='ocrx_word' id='word_1_652' title='bbox 3301 4391 3315 4427; x_wconf 89' lang='lat'><strong>:</strong></span> 
     </span>
    </p>
   </div>
   <div class='ocr_carea' id='block_1_111' title="bbox 2111 4464 3467 4539">
    <p class='ocr_par' dir='ltr' id='par_1_111' title="bbox 2111 4464 3467 4539">
     <span class='ocr_line' id='line_1_112' title="bbox 2111 4464 3467 4539; baseline -0.003 -16"><span class='ocrx_word' id='word_1_653' title='bbox 2111 4466 2353 4539; x_wconf 88' lang='lat' dir='ltr'><strong>Seseque</strong></span> <span class='ocrx_word' id='word_1_654' title='bbox 2378 4481 2412 4522; x_wconf 90' lang='lat' dir='ltr'><strong>a</strong></span> <span class='ocrx_word' id='word_1_655' title='bbox 2438 4482 2609 4538; x_wconf 87' lang='lat' dir='ltr'><strong>puero</strong></span> <span class='ocrx_word' id='word_1_656' title='bbox 2640 4466 2727 4538; x_wconf 93' lang='lat' dir='ltr'><strong>pia</strong></span> <span class='ocrx_word' id='word_1_657' title='bbox 2757 4481 2911 4523; x_wconf 88' lang='lat' dir='ltr'><strong>meus</strong></span> <span class='ocrx_word' id='word_1_658' title='bbox 2938 4465 3254 4523; x_wconf 79' lang='lat' dir='ltr'><strong>cmlestibus</strong></span> <span class='ocrx_word' id='word_1_659' title='bbox 3275 4464 3467 4532; x_wconf 87' lang='lat' dir='ltr'><strong>edens,</strong></span> 
     </span>
    </p>
   </div>
   <div class='ocr_carea' id='block_1_112' title="bbox 1974 4559 3324 4632">
    <p class='ocr_par' dir='ltr' id='par_1_112' title="bbox 1974 4559 3324 4632">
     <span class='ocr_line' id='line_1_113' title="bbox 1974 4559 3324 4632; baseline 0.001 -18"><span class='ocrx_word' id='word_1_660' title='bbox 1974 4559 2078 4616; x_wconf 75' lang='grc'><strong>105</strong></span> <span class='ocrx_word' id='word_1_661' title='bbox 2113 4561 2351 4617; x_wconf 87' lang='lat' dir='ltr'><strong>Instituit</strong></span> <span class='ocrx_word' id='word_1_662' title='bbox 2376 4562 2583 4617; x_wconf 87' lang='lat' dir='ltr'><strong>servire</strong></span> <span class='ocrx_word' id='word_1_663' title='bbox 2613 4560 2760 4627; x_wconf 82' lang='lat' dir='ltr'><strong>Deo;</strong></span> <span class='ocrx_word' id='word_1_664' title='bbox 2791 4575 2893 4616; x_wconf 87' lang='lat' dir='ltr'><strong>nec</strong></span> <span class='ocrx_word' id='word_1_665' title='bbox 2919 4560 3091 4632; x_wconf 85' lang='lat' dir='ltr'><strong>gratia</strong></span> <span class='ocrx_word' id='word_1_666' title='bbox 3118 4574 3324 4631; x_wconf 86' lang='lat' dir='ltr'><strong>pauper</strong></span> 
     </span>
    </p>
   </div>
   <div class='ocr_carea' id='block_1_113' title="bbox 2109 4648 3344 4723">
    <p class='ocr_par' dir='ltr' id='par_1_113' title="bbox 2109 4648 3344 4723">
     <span class='ocr_line' id='line_1_114' title="bbox 2109 4648 3344 4723; baseline -0.001 -16"><span class='ocrx_word' id='word_1_667' title='bbox 2109 4652 2312 4717; x_wconf 75' lang='lat' dir='ltr'><strong>A~lluit,</strong></span> <span class='ocrx_word' id='word_1_668' title='bbox 2343 4660 2399 4708; x_wconf 89' lang='lat' dir='ltr'><strong>et</strong></span> <span class='ocrx_word' id='word_1_669' title='bbox 2425 4661 2686 4723; x_wconf 87' lang='lat' dir='ltr'><strong>quantum</strong></span> <span class='ocrx_word' id='word_1_670' title='bbox 2717 4651 2936 4707; x_wconf 90' lang='lat' dir='ltr'><strong>sitiebat</strong></span> <span class='ocrx_word' id='word_1_671' title='bbox 2959 4648 3128 4705; x_wconf 85' lang='lat' dir='ltr'><strong>corde</strong></span> <span class='ocrx_word' id='word_1_672' title='bbox 3153 4651 3344 4721; x_wconf 84' lang='lat' dir='ltr'><strong>capaci</strong></span> 
     </span>
    </p>
   </div>
   <div class='ocr_carea' id='block_1_114' title="bbox 2118 4740 3511 4811">
    <p class='ocr_par' dir='ltr' id='par_1_114' title="bbox 2118 4740 3511 4811">
     <span class='ocr_line' id='line_1_115' title="bbox 2118 4740 3511 4811; baseline -0.001 -12"><span class='ocrx_word' id='word_1_673' title='bbox 2118 4744 2281 4799; x_wconf 83' lang='lat' dir='ltr'><strong>Lucis</strong></span> <span class='ocrx_word' id='word_1_674' title='bbox 2308 4744 2461 4798; x_wconf 88' lang='lat' dir='ltr'><strong>hians</strong></span> <span class='ocrx_word' id='word_1_675' title='bbox 2490 4743 2725 4806; x_wconf 86' lang='lat' dir='ltr'><strong>animus,</strong></span> <span class='ocrx_word' id='word_1_676' title='bbox 2758 4748 2868 4797; x_wconf 82' lang='lat' dir='ltr'><strong>tam</strong></span> <span class='ocrx_word' id='word_1_677' title='bbox 2905 4740 3127 4811; x_wconf 89' lang='lat' dir='ltr'><strong>largiter</strong></span> <span class='ocrx_word' id='word_1_678' title='bbox 3155 4740 3319 4796; x_wconf 79' lang='lat' dir='ltr'><strong>inﬂua</strong></span> <span class='ocrx_word' id='word_1_679' title='bbox 3347 4743 3511 4798; x_wconf 74' lang='lat' dir='ltr'><strong>traxit</strong></span> 
     </span>
    </p>
   </div>
   <div class='ocr_carea' id='block_1_115' title="bbox 2121 4833 3426 4893">
    <p class='ocr_par' dir='ltr' id='par_1_115' title="bbox 2121 4833 3426 4893">
     <span class='ocr_line' id='line_1_116' title="bbox 2121 4833 3426 4893; baseline -0.003 0"><span class='ocrx_word' id='word_1_680' title='bbox 2121 4839 2269 4893; x_wconf 80' lang='lat' dir='ltr'><strong>Dona</strong></span> <span class='ocrx_word' id='word_1_681' title='bbox 2298 4837 2413 4891; x_wconf 86' lang='lat' dir='ltr'><strong>Dei.</strong></span> <span class='ocrx_word' id='word_1_682' title='bbox 2444 4834 2635 4891; x_wconf 84' lang='lat' dir='ltr'><strong>Primis</strong></span> <span class='ocrx_word' id='word_1_683' title='bbox 2664 4845 2686 4871; x_wconf 64' lang='grc' dir='ltr'><strong>ιε</strong></span> <span class='ocrx_word' id='word_1_684' title='bbox 2722 4835 2893 4889; x_wconf 87' lang='lat' dir='ltr'><strong>lector</strong></span> <span class='ocrx_word' id='word_1_685' title='bbox 2912 4834 3141 4890; x_wconf 88' lang='lat' dir='ltr'><strong>servivit</strong></span> <span class='ocrx_word' id='word_1_686' title='bbox 3167 4833 3221 4890; x_wconf 90' lang='lat' dir='ltr'><strong>in</strong></span> <span class='ocrx_word' id='word_1_687' title='bbox 3244 4834 3426 4891; x_wconf 91' lang='lat' dir='ltr'><strong>annis.</strong></span> 
     </span>
    </p>
   </div>
   <div class='ocr_carea' id='block_1_116' title="bbox 2118 4925 3368 4998">
    <p class='ocr_par' dir='ltr' id='par_1_116' title="bbox 2118 4925 3368 4998">
     <span class='ocr_line' id='line_1_117' title="bbox 2118 4925 3368 4998; baseline -0.002 -15"><span class='ocrx_word' id='word_1_688' title='bbox 2118 4929 2245 4985; x_wconf 76' lang='lat' dir='ltr'><strong>lude</strong></span> <span class='ocrx_word' id='word_1_689' title='bbox 2274 4927 2499 4997; x_wconf 78' lang='lat' dir='ltr'><strong>gradum</strong></span> <span class='ocrx_word' id='word_1_690' title='bbox 2529 4927 2695 4998; x_wconf 72' lang='lat' dir='ltr'><strong>cepit,</strong></span> <span class='ocrx_word' id='word_1_691' title='bbox 2718 4927 2807 4983; x_wconf 85' lang='lat' dir='ltr'><strong>cui</strong></span> <span class='ocrx_word' id='word_1_692' title='bbox 2834 4941 3029 4982; x_wconf 88' lang='lat' dir='ltr'><strong>munus</strong></span> <span class='ocrx_word' id='word_1_693' title='bbox 3057 4940 3195 4986; x_wconf 88' lang='lat' dir='ltr'><strong>voce</strong></span> <span class='ocrx_word' id='word_1_694' title='bbox 3224 4925 3368 4981; x_wconf 80' lang='lat' dir='ltr'><strong>fideli</strong></span> 
     </span>
    </p>
   </div>
   <div class='ocr_carea' id='block_1_117' title="bbox 1978 5044 3201 5114">
    <p class='ocr_par' dir='ltr' id='par_1_117' title="bbox 1978 5044 3201 5114">
     <span class='ocr_line' id='line_1_118' title="bbox 1978 5044 3201 5114; baseline -0.005 -10"><span class='ocrx_word' id='word_1_695' title='bbox 1978 5057 2033 5105; x_wconf 90' lang='lat' dir='ltr'><strong>ct</strong></span> <span class='ocrx_word' id='word_1_696' title='bbox 2061 5048 2225 5103; x_wconf 80' lang='lat' dir='ltr'><strong>editis</strong></span> <span class='ocrx_word' id='word_1_697' title='bbox 2253 5047 2550 5103; x_wconf 78' lang='lat' dir='ltr'><strong>codicibus.</strong></span> <span class='ocrx_word' id='word_1_698' title='bbox 2584 5044 2824 5114; x_wconf 82' lang='lat' dir='ltr'><strong>Utraque</strong></span> <span class='ocrx_word' id='word_1_699' title='bbox 2847 5045 3010 5101; x_wconf 85' lang='lat' dir='ltr'><strong>lectio</strong></span> <span class='ocrx_word' id='word_1_700' title='bbox 3037 5044 3201 5100; x_wconf 85' lang='lat' dir='ltr'><strong>bona.</strong></span> 
     </span>
    </p>
   </div>
   <div class='ocr_carea' id='block_1_118' title="bbox 2055 5115 3589 5192">
    <p class='ocr_par' dir='ltr' id='par_1_118' title="bbox 2055 5115 3589 5192">
     <span class='ocr_line' id='line_1_119' title="bbox 2055 5115 3589 5192; baseline -0.003 -18"><span class='ocrx_word' id='word_1_701' title='bbox 2055 5119 2134 5192; x_wconf 76' lang='grc' dir='ltr'><strong>(ο)</strong></span> <span class='ocrx_word' id='word_1_702' title='bbox 2154 5119 2218 5175; x_wconf 86' lang='lat' dir='ltr'><strong>lli</strong></span> <span class='ocrx_word' id='word_1_703' title='bbox 2267 5118 2376 5174; x_wconf 89' lang='lat' dir='ltr'><strong>duo</strong></span> <span class='ocrx_word' id='word_1_704' title='bbox 2421 5135 2614 5175; x_wconf 79' lang='lat' dir='ltr'><strong>versus</strong></span> <span class='ocrx_word' id='word_1_705' title='bbox 2653 5116 2921 5173; x_wconf 87' lang='lat' dir='ltr'><strong>adduntur</strong></span> <span class='ocrx_word' id='word_1_706' title='bbox 2948 5131 3017 5173; x_wconf 75' lang='lat' dir='ltr'><strong>ex</strong></span> <span class='ocrx_word' id='word_1_707' title='bbox 3054 5130 3185 5170; x_wconf 87' lang='lat' dir='ltr'><strong>mss.</strong></span> <span class='ocrx_word' id='word_1_708' title='bbox 3236 5115 3513 5174; x_wconf 79' lang='lat' dir='ltr'><strong>codicibus</strong></span> <span class='ocrx_word' id='word_1_709' title='bbox 3557 5117 3589 5169; x_wconf 73' lang='lat' dir='ltr'><strong>El</strong></span> 
     </span>
    </p>
   </div>
   <div class='ocr_carea' id='block_1_119' title="bbox 1954 5192 2183 5249">
    <p class='ocr_par' dir='ltr' id='par_1_119' title="bbox 1954 5192 2183 5249">
     <span class='ocr_line' id='line_1_120' title="bbox 1954 5192 2183 5249; baseline -0.009 -2"><span class='ocrx_word' id='word_1_710' title='bbox 1954 5222 1960 5228; x_wconf 62' lang='grc' dir='ltr'>ε</span> <span class='ocrx_word' id='word_1_711' title='bbox 1992 5192 2183 5249; x_wconf 81' lang='lat' dir='ltr'><strong>Germ.</strong></span> 
     </span>
    </p>
   </div>
   <div class='ocr_carea' id='block_1_120' title="bbox 2058 5257 3588 5388">
    <p class='ocr_par' dir='ltr' id='par_1_120' title="bbox 2058 5257 3588 5388">
     <span class='ocr_line' id='line_1_121' title="bbox 2058 5257 3588 5388; baseline -0.004 -70"><span class='ocrx_word' id='word_1_712' title='bbox 2058 5265 2139 5388; x_wconf 68' lang='grc' dir='ltr'><strong>(ρ</strong></span> <span class='ocrx_word' id='word_1_713' title='bbox 2171 5261 2270 5317; x_wconf 85' lang='lat' dir='ltr'><strong>llic</strong></span> <span class='ocrx_word' id='word_1_714' title='bbox 2299 5258 2556 5317; x_wconf 80' lang='lat' dir='ltr'><strong>Paulinus</strong></span> <span class='ocrx_word' id='word_1_715' title='bbox 2579 5258 2842 5332; x_wconf 74' lang='lat' dir='ltr'><strong>syllabam</strong></span> <span class='ocrx_word' id='word_1_716' title='bbox 2873 5265 3063 5313; x_wconf 88' lang='lat' dir='ltr'><strong>natura</strong></span> <span class='ocrx_word' id='word_1_717' title='bbox 3093 5257 3333 5320; x_wconf 86' lang='lat' dir='ltr'><strong>brevem,</strong></span> <span class='ocrx_word' id='word_1_718' title='bbox 3360 5257 3588 5328; x_wconf 56' lang='lat' dir='ltr'><strong>positio.</strong></span> 
     </span>
     <span class='ocr_line' id='line_1_122' title="bbox 2105 5330 3585 5388; baseline -0.003 0"><span class='ocrx_word' id='word_1_719' title='bbox 2105 5346 2300 5388; x_wconf 69' lang='lat' dir='ltr'><strong>ongam</strong></span> <span class='ocrx_word' id='word_1_720' title='bbox 2342 5332 2470 5388; x_wconf 83' lang='lat' dir='ltr'><strong>fecit</strong></span> <span class='ocrx_word' id='word_1_721' title='bbox 2495 5332 2566 5387; x_wconf 91' lang='lat' dir='ltr'><strong>ob</strong></span> <span class='ocrx_word' id='word_1_722' title='bbox 2606 5330 2742 5386; x_wconf 84' lang='lat' dir='ltr'><strong>duas</strong></span> <span class='ocrx_word' id='word_1_723' title='bbox 2766 5330 3160 5388; x_wconf 74' lang='lat' dir='ltr'><strong>soliseuuentes</strong></span> <span class='ocrx_word' id='word_1_724' title='bbox 3199 5339 3585 5385; x_wconf 86' lang='lat' dir='ltr'><strong>consonantes.</strong></span> 
     </span>
    </p>
   </div>
   <div class='ocr_carea' id='block_1_121' title="bbox 1986 5330 3585 5402">
    <p class='ocr_par' dir='ltr' id='par_1_121' title="bbox 1986 5330 3585 5402">
     <span class='ocr_line' id='line_1_123' title="bbox 1986 5330 3585 5402; baseline -0.004 -12"><span class='ocrx_word' id='word_1_725' title='bbox 1986 5330 2300 5402; x_wconf 27' lang='lat' dir='ltr'><strong>ne‘longam</strong></span> <span class='ocrx_word' id='word_1_726' title='bbox 2342 5332 2470 5389; x_wconf 84' lang='lat' dir='ltr'><strong>fecit</strong></span> <span class='ocrx_word' id='word_1_727' title='bbox 2495 5332 2566 5387; x_wconf 91' lang='lat' dir='ltr'><strong>ob</strong></span> <span class='ocrx_word' id='word_1_728' title='bbox 2606 5330 2742 5386; x_wconf 84' lang='lat' dir='ltr'><strong>duas</strong></span> <span class='ocrx_word' id='word_1_729' title='bbox 2766 5330 3585 5402; x_wconf 68' lang='lat' dir='ltr'><strong>solisequentesconsonantes.</strong></span> 
     </span>
    </p>
   </div>
   <div class='ocr_carea' id='block_1_122' title="bbox 1985 5397 3249 5466">
    <p class='ocr_par' dir='ltr' id='par_1_122' title="bbox 1985 5397 3249 5466">
     <span class='ocr_line' id='line_1_124' title="bbox 1985 5397 3249 5466; baseline -0.006 -7"><span class='ocrx_word' id='word_1_730' title='bbox 1985 5404 2126 5459; x_wconf 87' lang='lat' dir='ltr'><strong>Vide</strong></span> <span class='ocrx_word' id='word_1_731' title='bbox 2153 5397 2404 5459; x_wconf 76' lang='lat' dir='ltr'><strong>eamdem</strong></span> <span class='ocrx_word' id='word_1_732' title='bbox 2437 5402 2709 5458; x_wconf 76' lang='lat' dir='ltr'><strong>licentiam</strong></span> <span class='ocrx_word' id='word_1_733' title='bbox 2737 5417 2904 5456; x_wconf 76' lang='lat' dir='ltr'><strong>carm.</strong></span> <span class='ocrx_word' id='word_1_734' title='bbox 2932 5398 3023 5466; x_wconf 68' lang='grc'><strong>24,</strong></span> <span class='ocrx_word' id='word_1_735' title='bbox 3047 5415 3098 5454; x_wconf 89' lang='lat' dir='ltr'><strong>v.</strong></span> <span class='ocrx_word' id='word_1_736' title='bbox 3126 5397 3249 5454; x_wconf 69' lang='lat'><strong>508.</strong></span> 
     </span>
    </p>
   </div>
   <div class='ocr_carea' id='block_1_123' title="bbox 2064 5470 3589 5556">
    <p class='ocr_par' dir='ltr' id='par_1_123' title="bbox 2064 5470 3589 5556">
     <span class='ocr_line' id='line_1_125' title="bbox 2064 5470 3589 5556; baseline -0.005 -26"><span class='ocrx_word' id='word_1_737' title='bbox 2064 5476 2142 5547; x_wconf 85' lang='lat' dir='ltr'><strong>(g)</strong></span> <span class='ocrx_word' id='word_1_738' title='bbox 2175 5475 2280 5556; x_wconf 80' lang='lat' dir='ltr'><strong>Sic_</strong></span> <span class='ocrx_word' id='word_1_739' title='bbox 2309 5489 2438 5556; x_wconf 77' lang='lat' dir='ltr'><strong>mss.</strong></span> <span class='ocrx_word' id='word_1_740' title='bbox 2471 5472 2705 5556; x_wconf 62' lang='lat' dir='ltr'><strong>codices.</strong></span> <span class='ocrx_word' id='word_1_741' title='bbox 2750 5474 2819 5526; x_wconf 79' lang='lat' dir='ltr'><strong>At</strong></span> <span class='ocrx_word' id='word_1_742' title='bbox 2837 5471 2975 5556; x_wconf 56' lang='lat' dir='ltr'><strong>editi</strong></span> <span class='ocrx_word' id='word_1_743' title='bbox 3002 5514 3017 5539; x_wconf 95' lang='lat'><strong>,</strong></span> <span class='ocrx_word' id='word_1_744' title='bbox 3042 5470 3589 5556; x_wconf 32' lang='lat' dir='ltr'><strong>.hirti‘sfectnntilgus)</strong></span> 
     </span>
    </p>
   </div>
   <div class='ocr_carea' id='block_1_124' title="bbox 1984 5540 3592 5695">
    <p class='ocr_par' dir='ltr' id='par_1_124' title="bbox 1984 5540 3592 5695">
     <span class='ocr_line' id='line_1_126' title="bbox 1984 5540 3592 5614; baseline -0.004 -14"><span class='ocrx_word' id='word_1_745' title='bbox 1984 5540 2152 5611; x_wconf 66' lang='lat' dir='ltr'><strong>Exuit,</strong></span> <span class='ocrx_word' id='word_1_746' title='bbox 2176 5546 2315 5600; x_wconf 85' lang='lat' dir='ltr'><strong>mala</strong></span> <span class='ocrx_word' id='word_1_747' title='bbox 2346 5545 2803 5614; x_wconf 86' lang='lat' dir='ltr'><strong>interpunctione.</strong></span> <span class='ocrx_word' id='word_1_748' title='bbox 2836 5540 2940 5596; x_wconf 85' lang='lat' dir='ltr'><strong>Sed</strong></span> <span class='ocrx_word' id='word_1_749' title='bbox 2966 5542 3093 5611; x_wconf 82' lang='lat' dir='ltr'><strong>quid</strong></span> <span class='ocrx_word' id='word_1_750' title='bbox 3121 5540 3224 5595; x_wconf 89' lang='lat' dir='ltr'><strong>sibi</strong></span> <span class='ocrx_word' id='word_1_751' title='bbox 3249 5540 3366 5593; x_wconf 86' lang='lat' dir='ltr'><strong>vult</strong></span> <span class='ocrx_word' id='word_1_752' title='bbox 3406 5540 3592 5611; x_wconf 67' lang='lat' dir='ltr'><strong>&quot;iapi-</strong></span> 
     </span>
     <span class='ocr_line' id='line_1_127' title="bbox 1984 5611 3581 5695; baseline -0.003 -25"><span class='ocrx_word' id='word_1_753' title='bbox 1984 5616 2365 5695; x_wconf 37' lang='grc' dir='ltr'><strong>ἄπιξινςῇάέαὲ</strong></span> <span class='ocrx_word' id='word_1_754' title='bbox 2394 5612 3001 5695; x_wconf 46' lang='grc' dir='ltr'><strong>ΝιιηιῙΟΓιεὶιεεριιάυηι</strong></span> <span class='ocrx_word' id='word_1_755' title='bbox 3030 5611 3310 5695; x_wconf 45' lang='lat' dir='ltr'><strong>per/ignei</strong></span> <span class='ocrx_word' id='word_1_756' title='bbox 3510 5682 3522 5695; x_wconf 41' lang='grc' dir='ltr'>ι</span> <span class='ocrx_word' id='word_1_757' title='bbox 3578 5628 3581 5631; x_wconf 92' lang='grc'><strong>·</strong></span> 
     </span>
    </p>
   </div>
   <div class='ocr_carea' id='block_1_125' title="bbox 2026 5680 3568 5771">
    <p class='ocr_par' dir='ltr' id='par_1_125' title="bbox 2026 5680 3568 5771">
     <span class='ocr_line' id='line_1_128' title="bbox 2026 5680 3568 5771; baseline -0.004 -30"><span class='ocrx_word' id='word_1_758' title='bbox 2026 5687 2138 5771; x_wconf 40' lang='grc' dir='ltr'><strong>,(Ιι)</strong></span> <span class='ocrx_word' id='word_1_759' title='bbox 2170 5680 2245 5741; x_wconf 72' lang='lat' dir='ltr'><strong>Ita</strong></span> <span class='ocrx_word' id='word_1_760' title='bbox 2277 5702 2408 5743; x_wconf 88' lang='lat' dir='ltr'><strong>mss.</strong></span> <span class='ocrx_word' id='word_1_761' title='bbox 2441 5684 2659 5742; x_wconf 81' lang='lat' dir='ltr'><strong>codices</strong></span> <span class='ocrx_word' id='word_1_762' title='bbox 2678 5680 2861 5740; x_wconf 70' lang='lat' dir='ltr'><strong>Germ.</strong></span> <span class='ocrx_word' id='word_1_763' title='bbox 2888 5699 3011 5740; x_wconf 85' lang='lat' dir='ltr'><strong>cum</strong></span> <span class='ocrx_word' id='word_1_764' title='bbox 3030 5680 3479 5768; x_wconf 77' lang='lat' dir='ltr'><strong>cd.Schot.Alii,</strong></span> <span class='ocrx_word' id='word_1_765' title='bbox 3503 5682 3568 5735; x_wconf 74' lang='lat' dir='ltr'><strong>In:</strong></span> 
     </span>
    </p>
   </div>
   <div class='ocr_carea' id='block_1_126' title="bbox 1988 5777 3595 5912">
    <p class='ocr_par' dir='ltr' id='par_1_126' title="bbox 1988 5777 3595 5912">
     <span class='ocr_line' id='line_1_129' title="bbox 1988 5777 3595 5912; baseline -0.006 -27"><span class='ocrx_word' id='word_1_766' title='bbox 1988 5777 2130 5912; x_wconf 40' lang='lat' dir='ltr'><strong>Tuti)</strong></span> <span class='ocrx_word' id='word_1_767' title='bbox 2158 5830 2248 5886; x_wconf 83' lang='lat' dir='ltr'><strong>Sic</strong></span> <span class='ocrx_word' id='word_1_768' title='bbox 2269 5829 2601 5886; x_wconf 85' lang='lat' dir='ltr'><strong>restitmmus</strong></span> <span class='ocrx_word' id='word_1_769' title='bbox 2621 5843 2688 5883; x_wconf 78' lang='lat' dir='ltr'><strong>ex</strong></span> <span class='ocrx_word' id='word_1_770' title='bbox 2711 5826 2882 5883; x_wconf 85' lang='lat' dir='ltr'><strong>veteri</strong></span> <span class='ocrx_word' id='word_1_771' title='bbox 2900 5824 3143 5881; x_wconf 77' lang='lat' dir='ltr'><strong>Badiana</strong></span> <span class='ocrx_word' id='word_1_772' title='bbox 3162 5824 3420 5880; x_wconf 80' lang='lat' dir='ltr'><strong>editione.</strong></span> <span class='ocrx_word' id='word_1_773' title='bbox 3447 5822 3595 5879; x_wconf 85' lang='lat' dir='ltr'><strong>Alias</strong></span> 
     </span>
    </p>
   </div>
   <div class='ocr_carea' id='block_1_127' title="bbox 1980 5917 2126 5972">
    <p class='ocr_par' dir='ltr' id='par_1_127' title="bbox 1980 5917 2126 5972">
     <span class='ocr_line' id='line_1_130' title="bbox 1980 5917 2126 5972; baseline 0.007 -18"><span class='ocrx_word' id='word_1_774' title='bbox 1980 5919 2037 5972; x_wconf 69' lang='grc' dir='ltr'><strong><em>με</em></strong></span> <span class='ocrx_word' id='word_1_775' title='bbox 2046 5917 2126 5955; x_wconf 88' lang='lat' dir='ltr'><strong>ra.</strong></span> 
     </span>
    </p>
   </div>
  </div>
