4134 6434
563 409 670 469 4ῖὸ
864 418 866 422 '
1446 397 1505 454 S.
1544 395 1814 454 PAULINI
1851 391 2100 452 NOLANI
2133 389 2437 451 EPISCOPI
2479 389 2823 450 l'GEllATA.
3727 389 3838 450 ιτς

704 515 956 572 Distraltit
976 527 1276 583 exsangues
1299 522 1466 575 artus,
1496 519 1554 568 et
1581 510 1751 566 lurida
1780 525 2010 566 cernens
2161 511 2214 571 Α
2243 507 2348 563 325
2385 506 2566 564 Adfuit
2587 507 2968 580 Omnipotens,
2989 516 3046 566 et
3072 517 3126 566 te
3147 509 3279 566 mihi
3298 509 3517 568 mittere
3537 508 3566 548 ἀ
3595 509 3764 581 legit,

700 607 804 664 Ora
829 609 984 672 fante,
1019 621 1116 661 nec
1139 605 1342 660 habens
1369 603 1656 674 quidquam
1683 618 1792 674 quo
1816 603 1978 658 rebus
2001 616 2132 671 ege-
2393 597 2496 656 Per
2522 615 2682 671 quem
2704 602 2848 658 dona
2872 602 3004 658 mihi
3023 618 3118 660 sua
3137 602 3432 660 redderet:
3461 611 3637 669 utere,
3663 602 3760 668 tili,

1945 693 1965 766 [
1988 693 2072 748 nis
2387 689 2678 763 Prmeeptis
2703 693 2920 763 pietatis
2939 709 3076 764 opus
3103 695 3505 762 mandantibus,
3528 702 3588 751 et
3601 709 3696 752 me

561 791 666 848 285
701 791 890 846 Ferret
916 805 1074 860 opem
1092 827 1108 854 ,
1143 803 1250 843 non
1279 785 1402 858 igne
1430 783 1617 856 procul
1641 826 1658 853 ,
1690 799 1865 856 neque
1904 783 2136 840 commi-
2383 784 2689 858 Suscipiens
2707 789 2969 859 humeris,
3000 806 3292 848 commune
3313 791 3381 847 ad
3419 792 3567 849 o'vile
3587 799 3832 864 reporta.

1685 873 1703 938 Ῐ
1727 889 1825 929 nus
1851 874 1896 905 "
1923 889 2066 928 esca-
2455 877 2684 950 lmpiger
2703 887 2902 950 optato
2924 880 3139 950 gavisus
3166 896 3393 938 munere
3412 880 3565 938 Felix
3581 921 3600 950 ,

707 974 775 1029 lit
799 973 939 1044 dape
967 972 1240 1028 iubentem
1260 975 1530 1025 recrearet
1551 975 1608 1024 et
1635 968 1758 1036 igne
1776 967 2066 1036 rigentem.
2243 963 2348 1022 3'50
2384 966 2580 1026 Carum
2608 985 2782 1036 onus,
2805 979 2866 1026 ut
2903 969 3100 1027 Christi
3131 971 3344 1042 pondus
3383 972 3524 1041 leve,
3557 972 3744 1040 sumit,
3771 980 3840 1028 et

698 1064 994 1132 Quaerenti,
1015 1073 1073 1118 et
1098 1062 1265 1118 multa
1293 1059 1563 1116 Christum
1600 1073 1758 1130 prece
1779 1055 2142 1122 convenienti,
2400 1117 2404 1122 _
3635 1063 3838 1138 [am

704 1158 946 1223 Quanam
971 1170 1094 1225 ope,
1117 1167 1292 1224 quave
1321 1153 1404 1208 via
1422 1151 1629 1220 jussum
1649 1150 1923 1220 complere
1940 1149 2144 1204 valeret
2388 1150 2521 1209 Tam
2553 1152 2627 1224 (ο)
2655 1153 2863 1210 volucri
2891 1170 3075 1222 cursu,
3105 1161 3380 1227 tamquam
3409 1155 3580 1226 magis
3608 1157 3725 1228 ipse
3751 1155 3838 1212 fe-

705 1247 1016 1314 Servitium,
1045 1246 1276 1302 subitam
1301 1243 1645 1314 omnipotens
1669 1241 1736 1296 de
1767 1239 1870 1314 (α)
1900 1240 2145 1296 sentibus

2653 1312 2660 1319 ,
3619 1249 3639 1322 [
3653 1258 3806 1304 ratur
3817 1289 3837 1318 ,

1759 1367 1762 1370 ~
1860 1331 1880 1407 ί
1915 1349 2072 1390 uvam
2388 1333 2498 1390 Nec
2523 1334 2688 1401 ferat;
2711 1345 2766 1392 et
2789 1351 2919 1392 vere
2941 1335 3188 1394 Christus
3205 1338 3310 1394 fert
3336 1340 3454 1408 ipse
3471 1336 3758 1406 ferentem,

564 1433 668 1490 9.90
703 1432 903 1499 Edidit,
934 1442 990 1490 et
1010 1432 1172 1503 capiti
1197 1429 1356 1501 jussit
1383 1428 1620 1500 pendere
1643 1427 2020 1500 propinquam,
2386 1422 2452 1478 Et
2481 1424 2560 1497 (ά)
2591 1427 2815 1496 pedibus
2841 1428 3044 1500 pietate
3076 1429 3196 1486 citis
3224 1429 3368 1486 Deus
3389 1429 3596 1486 addidit
3625 1431 3762 1487 alas.

714 1522 784 1579 Ut
809 1523 962 1580 facile
991 1533 1014 1561 ει
1055 1523 1260 1592 attiguo
1288 1528 1473 1592 posset
1495 1519 1789 1590 decerpere
1809 1532 1962 1573 ramo
2383 1517 2552 1574 Nocte
2576 1530 2599 1557 ε
2629 1519 2818 1577 eadem
2839 1521 3044 1592 pariter
3062 1530 3145 1578 tot
3169 1537 3394 1579 munera
3419 1523 3649 1595 percipit
3667 1539 3833 1590 unus,

707 1615 911 1670 Natum‘
929 1622 1122 1685 sponte
1149 1613 1346 1669 cibum.
1372 1611 1639 1666 Divinitus
1659 1624 1789 1677 ergo
1817 1608 2102 1676 refectus,°
2242 1605 2351 1664 335
2385 1607 2450 1664 Et
2477 1610 2636 1667 simul
2677 1613 2988 1682 exsequitur
3016 1613 3207 1679 Felix;
3237 1629 3334 1670 sua
3363 1630 3615 1686 rumpere
3651 1613 3841 1686 jussus

707 1703 886 1764 Mente
912 1706 998 1776 pia
1027 1704 1212 1760 oblato
1241 1705 1453 1758 laetatur
1479 1717 1702 1758 munere
1727 1699 1910 1765 Felix;
2388 1699 2596 1767 Vincla,
2617 1703 2956 1758 sacerdmem
2979 1703 3176 1769 reﬁcit,
3203 1705 3522 1776 revehitque
3549 1706 3836 1770 relectum,

709 1799 1132 1870 Decerptumque
1175 1798 1222 1830 "
1267 1811 1430 1852 manu
1467 1796 1746 1851 morientis
1772 1795 1842 1851 ad
1867 1809 1964 1850 ora
1991 1809 2144 1850 race—
2383 1791 2721 1864 Deponitque
2751 1794 2833 1849 sui
2860 1801 3036 1850 tutum
3062 1796 3163 1852 sub
3191 1796 3428 1852 culmine
3449 1798 3616 1866 tecti,

1885 1889 2073 1962 [mum
2174 1875 2222 1938 Β
2393 1881 2555 1938 Unica
2601 1883 2746 1955 quod
2789 1887 3041 1942 servabat
3067 1901 3236 1958 anus;
3260 1897 3372 1942 tam
3420 1889 3600 1944 celsus
3627 1895 3686 1945 et
3731 1889 3845 1946 isto

565 1981 671 2038 9.95
705 1981 972 2039 Admovet
1003 2000 1018 2036 :
1048 1989 1105 2038 et
1129 1981 1385 2052 quoniam
1413 1981 1617 2037 strictis
1641 1980 1750 2050 jam
1779 1981 2030 2037 dentibus
2058 1979 2148 2034 ille
2390 1973 2653 2030 Maximus
2678 1976 2930 2034 exstabat
2951 1978 3150 2035 merito
3177 1971 3490 2048 confessor,
3525 1987 3585 2035 ut
3612 1980 3693 2036 illi

711 2074 782 2131 Et
805 2077 1008 2132 sentire
1031 2083 1193 2147 negat
1211 2077 1399 2132 dulces
1417 2084 1473 2131 et
1499 2091 1715 2132 sumere
1738 2075 1911 2132 victus
1930 2077 1997 2142 ”,
2246 2063 2343 2120 340

2246 2063 2353 2120 340
2387 2063 2566 2122 Turba
2591 2065 2808 2137 domus,
2835 2082 3047 2123 summa
3074 2074 3130 2124 et
3152 2084 3368 2137 census,
3398 2085 3537 2126 anus
3573 2086 3679 2127 una
3721 2085 3842 2126 ma-

707 2164 969 2238 Exprimit
1006 2165 1293 2224 humentes
1345 2167 1549 2235 acinos,
1581 2182 1910 2238 succumque
1940 2166 2150 2236 liquen-
3003 2232 3008 2237 _
3075 2227 3079 2232 ,
3621 2163 3844 2238 [neret.

1928 2257 2080 2331 [tem
2467 2245 2701 2308 l‘iilsatis
2728 2249 2936 2309 toribus
2960 2249 3112 2308 Felix
3138 2253 3281 2309 hanc
3298 2253 3502 2310 excitat
3527 2254 3612 2322 ⁸¹;
3640 2254 3732 2310 illa

707 2346 952 2414 instillat,
983 2347 1151 2417 digito
1179 2349 1436 2406 diducens
1458 2350 1604 2406 arida
1630 2350 1812 2416 labra;
2389 2339 2471 2394 Αά
2498 2340 2703 2412 Primos
2745 2343 2818 2415 (ε)
2875 2342 3158 2414 pavefacta
3199 2333 3405 2414 sonos,
3437 2343 3526 2400 vix
3571 2355 3702 2402 nota
3749 2360 3844 2402 re-

707 2441 889 2496 Donec
907 2449 964 2496 et
991 2443 1300 2512 adspirante
1332 2442 1442 2498 Deo
1471 2443 1754 2499 conatibus
1781 2442 1959 2512 aegris,
3627 2436 3844 2512 [noscit

564 2529 668 2587 500
705 2529 772 2586 Et
799 2532 1038 2588 luctante
1070 2548 1248 2597 manu,
1281 2533 1483 2602 rigidos
1507 2534 1782 2604 paulisper
1809 2534 1983 2590 hiatus
2390 2524 2657 2606 Nimim.
2689 2534 2744 2581 ει
2767 2526 3046 2593 dominum
3074 2528 3231 2584 ωειὶε
3251 2528 3478 2585 δεδιωλῆ
3502 2529 3548 2562 ³³
3574 2531 3804 2602 apertis.

703 2623 961 2693 Laxavit,
989 2633 1312 2694 tenuemque
1342 2627 1548 2690 aditum
1568 2626 1715 2681 dedit
1741 2627 1852 2682 oris
1879 2627 2073 2697 aperti,

2389 2615 2537 2673 Voce
2575 2616 2850 2688 graduque
2899 2626 3164 2688 tremens,
3189 2618 3470 2692 quatiente
3517 2621 3715 2678 timore
3750 2618 3843 2678 se;

703 2713 822 2782 Quo
849 2731 1028 2770 rorem
1051 2706 1300 2784 exiguum
1331 2718 1564 2772 resoluta
1591 2715 1897 2772 infunderet
1922 2732 2044 2772 uva.
2135 2725 2138 2728 ‘
3569 2711 3842 2784 [nectann

778 2806 916 2864 Hinc
942 2808 1133 2886 animae
1160 2821 1366 2875 sursus,
1395 2809 1544 2864 calor
1571 2809 1802 2874 Ossibus,
1831 2822 1992 2880 atque
2013 2825 2146 2866 ocu-
2245 2797 2350 2855 διδ
2453 2799 2554 2856 Cui
2581 2799 2736 2857 Felix
2763 2819 2780 2857 :
2810 2800 2956 2874 Cape
2981 2801 3286 2874 depositum
3322 2804 3461 2874 hoc,
3511 2806 3662 2876 quod
3703 2821 3842 2862 con-

1834 2900 1934 2974 [Iis
1960 2901 2075 2967 lux,
3455 2896 3594 2968 [saga
3625 2911 3842 2956 mm

701 2989 930 3060 Vitaque
953 2999 1064 3045 tota
1086 2991 1222 3047 redit
1247 3010 1266 3046 ι
1289 3008 1513 3064 quaeque
1534 2993 1762 3048 haeserat
1792 2993 1965 3048 obsita
1986 2993 2145 3050 siccis

2387 2984 2576 3041 Sidera
2597 2987 2791 3052 noctis,
2823 2995 2879 3042 et
2897 2987 3155 3058 angelica:
3173 2989 3276 3044 sub
3304 2988 3553 3060 principe
3577 2987 3805 3044 Christo
3820 3028 3838 3054 ,

568 3081 670 3138 505
709 3080 991 3150 Faucibus,
1016 3094 1233 3138 exercet
1261 3084 1446 3139 solitas
1464 3083 1575 3152 jam
1605 3084 1782 3154 lingua
1806 3084 2071 3154 loquelas,
2387 3077 2471 3134 Me
2523 3078 2772 3136 tradente
2796 3122 2814 3149 ,
2843 3096 3034 3136 manus
3077 3080 3295 3136 tradunt
3325 3080 3419 3136 tibi
3446 3098 3461 3146 ;
3491 3095 3649 3136 sume
3697 3080 3847 3136 lideli

707 3172 994 3246 Postquam
1024 3175 1175 3230 vocis'
1195 3175 1294 3230 iter
1323 3175 1574 3245 patefecit
1599 3175 1838 3232 lubricus
1857 3176 2076 3232 humor.
2391 3169 2542 3227 lianc
2584 3170 2798 3228 Domini
2827 3186 3093 3241 gemmam
3118 3172 3350 3243 gremio,
3378 3187 3544 3242 quam
3593 3179 3848 3242 tempore

777 3263 918 3335 Ergo
938 3266 1284 3328 reviviscens.
1315 3268 1594 3322 notissima
1617 3268 1919 3324 comminus
1937 3283 2054 3335 ora,
2173 3251 2223 3315 (ἶ
3593 3261 3848 3336 [summo

705 3359 897 3416 Felicis
920 3359 1064 3415 videt
1088 3375 1183 3416 ora
1214 3361 1314 3425 sui,
1347 3361 1733 3431 amplexusque
1761 3360 2017 3430 vicissim,
2392 3352 2724 3410 Incolumem
2747 3353 2903 3410 nobis
2915 3353 3148 3410 Domino
3174 3353 3274 3409 sub
3295 3351 3480 3424 iudice
3507 3352 3736 3418 reddas,

703 3450 1065 3522 Conqueritur
1093 3453 1301 3508 tardum
1349 3471 1361 3506 :
1411 3451 1544 3508 Nam
1589 3461 1645 3508 te
1673 3454 2016 3525 promiserat,
2068 3455 2152 3510 in-
2250 3444 2355 3503 550
2389 3445 2508 3515 Quo
2531 3463 2680 3503 nunc
2719 3454 2855 3504 teste
2878 3447 3046 3519 capis.
3073 3446 3227 3503 Subit
3245 3447 3362 3502 istis
3383 3445 3651 3502 Maximus
3680 3444 3848 3510 orsis,

1899 3547 2078 3620 [quit,
2395 3538 2736 3610 Felicemque
2777 3554 2936 3595 suum
2975 3553 3238 3595 revocans
3265 3557 3282 3594 :
3312 3537 3461 3610 Cape
3504 3545 3564 3594 tu
3589 3549 3852 3610 quoque,

571 3633 672 3690 suo
709 3633 908 3690 Adfore
928 3635 1244 3705 jamdudum
1272 3634 1530 3693 Dominus
1558 3637 1709 3703 mihi,
1740 3651 1868 3708 pars
1894 3652 2018 3693 mea
2049 3637 2151 3695 Fe-
3129 3673 3132 3677 -
3652 3627 3847 3702 [ιιίιίῑν

1527 3738 1530 3741 ·
1921 3727 1942 3802 [
1970 3728 2077 3796 lix;
2393 3720 2650 3787 Muneris,
2671 3736 2705 3778 o
2731 3721 2806 3776 mi
2829 3729 2955 3778 nate
2971 3720 3040 3788 “,
3055 3720 3253 3790 vicem,
3274 3735 3439 3792 quam
3459 3735 3548 3776 me
3569 3719 3669 3775 tibi
3683 3719 3854 3790 jussit

711 3815 1069 3887 Praecipuum,
1088 3815 1262 3878 Felix.
1297 3817 1488 3888 pignus
1516 3817 1669 3886 mihi,
1689 3834 1809 3890 qua:
1836 3833 1970 3888 rogo
1990 3828 2152 3876 tante
2392 3814 2638 3870 Reddere
2665 3815 3050 3886 compositum,
3077 3814 3172 3884 qui
3201 3824 3254 3870 te
3298 3811 3428 3869 mihi
3467 3811 3630 3882 jussit
3654 3811 3853 3868 adesse

710 3907 819 3963 Aut
840 3909 928 3964 ubi
957 3917 1010 3963 te
1031 3915 1253 3963 tenuere
1281 3909 1471 3963 morae?
1497 3909 1542 3964 si
1565 3924 1794 3987 corpore
1814 3910 1954 3966 cessi
2181 3940 2186 3945 -
2392 3908 2674 3978 Deposito.
2708 3906 2844 3962 Tum
2869 3907 3064 3984 deinde
3108 3921 3320 3962 sacram
3346 3905 3544 3962 Felicis
3573 3905 3744 3961 amati

707 3999 1061 4072 399-ωο
1085 3997 1164 4054 Ad
1211 4007 1424 4071 tempus
1473 3998 1678 4071 fragili,
1747 3999 1920 4057 solido
1970 4011 2150 4056 tamen
2252 3999 2357 4056 555
2392 3999 2627 4071 lmponit
2651 3999 2818 4072 capiti
2844 3997 3303 4068 dextram,simul
3330 3997 3514 4052 omnia
3533 3994 3742 4052 Christi

1805 4093 1960 4167 [esse
1983 4092 2154 4150 ﬁdelis
2391 4092 2540 4149 Dona
2570 4102 2763 4166 petens
2794 4111 2808 4147 :
2843 4092 2991 4150 velut
3013 4091 3102 4148 ille
3131 4100 3346 4164 patrum
3375 4089 3710 4146 venerabilis
3729 4085 3854 4142 isac

711 4185 938 4243 Pectore
959 4185 1168 4243 duravi.
1199 4187 1367 4243 Docet
1385 4195 1440 4242 et
1460 4187 1610 4243 locus
1629 4194 1684 4243 et
1709 4196 1882 4244 status
1909 4189 2048 4259 ipse,
2395 4183 2542 4240 Rere
2567 4185 2678 4257 poli
2701 4193 2904 4250 natum,
2929 4193 2986 4240 et
3009 4191 3168 4239 terra:
3188 4181 3469 4238 benedixit
3496 4183 3688 4253 opimo
3713 4181 3735 4220 τ
3753 4197 3774 4250 ;

570 4276 677 4334 515
709 4277 768 4334 ln
795 4294 904 4350 quo
933 4295 1020 4336 me
1047 4282 1224 4336 cernis
1253 4281 1373 4335 vitm
1394 4282 1548 4336 istius
1579 4282 1685 4336 ima
1723 4283 2046 4354 trahentem,
2391 4275 2626 4334 Felicem
2654 4275 2872 4334 Christo
2897 4277 2976 4334 sie
3000 4275 3264 4331 Maximus
3284 4289 3380 4332 ore
3408 4281 3640 4347 paterno

709 4366 825 4426 Non
855 4371 1046 4427 mortis
1074 4371 1273 4441 fugisse
1301 4380 1446 4426 metu
1463 4412 1480 4437 ,
1509 4371 1833 4444 Christoque
1861 4389 2036 4430 meam
2065 4391 2154 4431 me
2393 4371 2498 4426 Ure
2520 4377 2577 4425 et
2598 4369 2899 4441 apostolico
2920 4367 3248 4424 benedicens
3267 4373 3324 4422 et
3351 4365 3722 4436 locupletans,

712 4461 1074 4534 Pneposuisse
1118 4463 1354 4518 animam
1387 4482 1400 4517 :
1433 4463 1566 4532 fugi,
1593 4481 1701 4520 non
1750 4464 1885 4522 lucis
1931 4481 2150 4533 amore,
2253 4462 2356 4517 560
2391 4461 2860 4516 lmmarcescibilis
2886 4459 3156 4516 redimivit
3182 4458 3392 4516 honore
3420 4471 3642 4514 coronae

709 4551 818 4609 Sed
873 4553 900 4593 δ
946 4551 1134 4624 fragile
1181 4555 1287 4612 hoc
1314 4564 1559 4613 metuens
1589 4555 1812 4622 infirmi
1862 4560 2150 4629 corporis;
2184 4623 2218 4629 _
2393 4551 2782 4626 Pcrpetuisque
2809 4552 3025 4624 opibus,
3055 4566 3194 4622 quas
3221 4560 3278 4606 et
3323 4549 3487 4604 modo
3538 4551 3854 4619 cernimus,

1913 4623 2084 4724 [atqui
2105 4623 2150 4683 ι)
2182 4623 2233 4685 υ
2500 4623 2515 4626 ⁷
2850 4623 2857 4624 ⁷
3109 4670 3112 4673 -

2217 4628 2233 4681 ν
2500 4623 2515 4626 ⁷
2850 4623 2857 4624 ⁷
3109 4670 3112 4673 -
3649 4643 3849 4719 lauit.

713 4733 876 4792 Tecta
891 4743 1112 4808 petens,
1136 4737 1239 4792 alia
1266 4739 1519 4794 vixissent
1543 4746 1688 4795 tutus
1707 4739 1760 4805 in
1783 4741 1935 4808 urbe,
2822 4733 3054 4790 POEMA
3082 4733 3203 4789 XVI
3233 4735 3270 4790 ⁸.

572 4824 674 4882 5Ξο
711 4825 767 4882 Si
785 4827 915 4882 mihi
943 4827 1048 4883 vile
1077 4829 1229 4894 lides,
1253 4839 1308 4884 ct
1337 4829 1413 4902 (ὁ)
1444 4846 1569 4886 cara
1598 4831 1644 4863 ³¹
1669 4830 1785 4888 inec
1806 4833 1913 4888 rita
1941 4835 2146 4892 fuisset.

1941 4835 2146 4892 fuisset.
2537 4845 2603 4884 nr;
2629 4845 2675 4884 s.
2701 4843 2889 4884 remes
2916 4837 3244 4882 NA'I'itLlthl
3275 4841 3487 4881 GABII-IN
3513 4843 3563 4880 ν.

713 4915 928 4987 ignotos
953 4927 1187 4983 montes,
1210 4919 1530 4990 desertaque
1568 4922 1709 4978 nuda
1735 4925 1933 4994 petivi,
2538 4924 2607 4980 S.’
2645 4921 2838 4977 Felicis
2895 4921 3167 4975 [datariam
3210 4921 3561 4993 prosequitur.

711 5007 770 5063 ln
798 5009 1004 5076 gremio
1033 5007 1243 5064 Domini
1263 5009 1432 5066 dulcis
1459 5027 1574 5066 mea
1595 5013 1733 5067 colla
1754 5029 2044 5085 reponens,
2395 5016 2553 5090 ἀοι
2577 5044 2600 5057 ο
2629 5013 2791 5086 402
2849 5001 3117 5083 Tempora
3179 5011 3516 5082 temporibus
3575 5010 3812 5066 subeunt
3839 5029 3856 5079 ;

711 5098 834 5170 ipso
863 5111 920 5155 ut
951 5111 972 5140 ε
1004 5099 1289 5156 deﬁcerem
1311 5111 1468 5168 teste,
1501 5113 1592 5158 aut
1620 5112 1676 5158 ut
1701 5121 1951 5175 pascerer
1975 5111 2114 5180 ipso.
3214 5103 3366 5177 [έὼῖι.
3399 5111 3456 5158 εει
3485 5103 3636 5158 venit
3653 5111 3854 5167 338185:

713 5188 824 5245 Nec
851 5189 1066 5258 frustra,
1095 5205 1224 5248 ecce
1255 5192 1422 5261 vides,
1453 5191 1550 5248 fuit
1578 5193 1692 5252 haec
1721 5195 1910 5255 ﬁducia
1939 5203 2093 5258 nobis
2125 5223 2138 5258 :
2389 5200 2593 5258 Cuncta
2617 5198 2734 5255 dies
2755 5195 3016 5254 trudendo
3039 5195 3183 5253 diem
3203 5195 3360 5266 fugit,
3388 5203 3444 5252 et
3464 5204 3612 5252 rotat
3635 5198 3856 5254 orbem:

691 5325 834 5381 Alias
1022 5328 1370 5409 quorlantcm
1403 5331 1467 5384 lii
1507 5339 1640 5394 erat,
1675 5349 1815 5388 nunc
1846 5333 1933 5389 l2.
1964 5336 2150 5409 scrip-
2336 5344 2354 5409 (
2381 5355 2414 5390 «ι
2437 5339 2456 5406 )
2477 5333 2952 5409 §icmss._codices
2977 5347 3101 5409 cum
3129 5331 3254 5386 cdd.
3289 5331 3449 5387 Grav.
3489 5340 3547 5387 et
3575 5334 3772 5389 Schot.
3803 5334 3861 5389 in

573 5405 685 5452 tum
703 5413 855 5476 anno
879 5399 1000 5465 598,
1030 5399 1117 5476 die
1141 5399 1204 5452 lli
1231 5400 1448 5476 lupanar.
2084 5399 2101 5409 ’
2259 5399 2462 5476 ωειὶςέ.
2489 5406 2627 5460 Editi
2653 5403 2908 5476 quinque,
2940 5401 3146 5457 ritib::s.
3194 5473 3204 5476 Α
3321 5437 3332 5442 -

645 5476 669 5548 ξ
849 5485 1014 5524 carm.
1169 5487 1217 5525 ν.
2334 5467 2524 5548 (bTSic
2553 5491 2651 5529 ms.
2671 5467 2832 5548 unus
2856 5471 3235 5548 Ccrrnaneusis
3265 5473 3458 5548 ανδρες.
3477 5474 3618 5548 _Alii,
3643 5492 3861 5548 carum,

645 5538 671 5576 δ
701 5537 830 5616 _V_ide
857 5555 1025 5594 carm.
1048 5538 1139 5609 2t,
1161 5558 1212 5596 γ.
1246 5543 1368 5597 60:3.
2261 5537 2558 5613 incongrue
2600 5537 2854 5610 omnino;
2888 5559 2986 5598 nec
3013 5544 3162 5614 enim.
3200 5544 3586 5599 attendendum
3605 5537 3680 5600 ad
3713 5537 3861 5616 prae;

647 5619 668 5644 ε
702 5609 752 5662 id
780 5617 866 5662 est
893 5626 1135 5666 morerer.
2263 5609 2532 5674 cedentia.

641 5677 668 5715 ά
699 5679 866 5786 lJRest
891 5681 1063 5752 elegit.
1099 5681 1228 5737 Vide
1274 5698 1441 5738 eam).
1471 5682 1558 5743 5‘2.
1587 5701 1638 5739 v.
1682 5685 1816 5754 522,
1847 5696 1904 5744 et
1931 5705 2020 5760 cp.
2051 5689 2154 5761 52,
2338 5687 2410 5786 (ξ)
2434 5687 2533 5786 με.
2568 5686 2589 5738 l
2624 5683 2806 5786 Germ.
2831 5684 3060 5786 t'o‘lmer.
3241 5751 3292 5786 Η
3360 5752 3400 5786 Γ
3650 5755 3688 5786 υ

641 5765 700 5786 ma
2328 5760 2343 5786 Α
2395 5769 2407 5786 ι
2461 5767 2509 5786 οι,
2567 5772 2673 5786 meo
2730 5773 2742 5786 Α
2767 5772 2836 5786 ..η
2909 5755 3042 5786 ἔην-..ι
3098 5761 3146 5786 nl
3194 5769 3236 5786 Λ.
3261 5774 3272 5786 .
3390 5754 3490 5786 -.ζ-ι
3548 5763 3598 5786 ιιι

574 5751 938 5898 ηυξῃξίῗέιιιίδ
969 5825 1196 5898 poetica.
1243 5823 1372 5882 Vide
1399 5841 1486 5898 cp.
1521 5826 1608 5894 32,
1631 5844 1683 5884 τι.
1714 5825 1769 5894 ii,
1799 5843 1852 5884 v.
1883 5833 1937 5884 δ.

2327 5752 2407 5826 (α’)
2436 5757 2510 5811 Ita
2567 5772 2696 5810 mss.
2729 5754 2837 5810 duo
2882 5755 3065 5807 Germ.
3097 5761 3151 5808 ct
3193 5751 3312 5808 edd.
3360 5752 3515 5811 Ctiu.
3546 5763 3605 5812 et
3647 5755 3861 5815 l’oelm.

2258 5845 2310 5886 m
2332 5825 2477 5898 'lius.
2505 5826 2624 5883 Alii.
2648 5825 2702 5898 fit
2731 5825 2960 5894 pedibus.
3017 5897 3024 5898 ί

652 5889 670 5928 ί
699 5890 836 5948 Gen.
862 5889 1026 5957 axvit,
1057 5892 1147 5948 ‘28.
1433 5889 1448 5898 ’
1592 5889 1604 5894 ⁷
1753 5889 1766 5894 ⁷

1592 5889 1604 5894 ⁷
1753 5889 1766 5894 ⁷
2336 5905 2407 5963 (e)
2435 5897 2530 5954 iis.
2567 5897 2582 5950 Ι
2619 5889 2823 5962 (ierim,
2851 5897 3157 5966 stupefacta.
