4134 6410
299 389 400 447 ιπ

434 499 628 559 Omnia
650 510 1000 575 pnetereunt,
1022 510 1341 559 sanctorum
1369 503 1542 574 gloria
1563 494 1725 560 durat

438 592 499 649 ln
523 592 765 663 Christo,
787 595 882 668 qui
911 603 1103 651 cuncta
1127 601 1293 651 novat
1309 588 1478 662 {dum
1503 609 1786 669 permanet
1817 596 1894 667 (α)

1688 689 1788 764 [in
1816 704 1896 745 se.

300 775 336 834 5
487 777 730 836 Tandem
747 779 911 851 igitur
938 777 1315 836 revolutadiea
1340 778 1475 835 mihi
1505 762 1750 846 nascere,
1781 762 1900 836 toto

444 868 713 943 Exoptata
741 871 859 927 dies
886 887 1054 940 anno,
1075 885 1196 941 qua:
1210 868 1395 927 dulcia
1414 868 1571 937 festa,

439 961 506 1017 Et
534 978 654 1019 mea
682 972 812 1020 vota
837 979 1037 1029 novas;
1068 976 1189 1034 quze
1217 977 1307 1018 me
1332 962 1617 1020 sollemnia
1648 964 1828 1033 poscis

442 1052 687 1119 Munera,
719 1053 956 1109 natalem
975 1052 1242 1123 referens,
1263 1068 1377 1125 quo
1404 1053 1570 1109 millia
1594 1054 1830 1123 gaudent

442 1145 714 1203 lnuumeri
740 1146 928 1219 populi
952 1164 968 1213 ;
998 1161 1110 1217 quo
1139 1162 1227 1203 me
1253 1146 1509 1217 specialia
1528 1154 1757 1218 tangunt

299 1238 370 1293 10
439 1232 672 1305 Gaudia,
691 1254 799 1310 quo
825 1236 1037 1294 famula:
1060 1247 1177 1293 rata
1202 1237 1376 1294 debeo
1401 1240 1415 1269 ⁸
1449 1255 1675 1294 munera
1707 1239 1899 1312 lingua:

441 1330 608 1387 Felici
639 1330 715 1404 (ιι)
749 1332 916 1386 libare
941 1346 1083 1395 meo,
1114 1329 1204 1385 cui
1227 1338 1409 1384 mente
1435 1330 1612 1385 dicata

442 1424 501 1479 in
525 1424 755 1481 Domino
774 1422 993 1480 Christo
1020 1440 1141 1480 sum
1170 1423 1384 1479 deditus
1416 1440 1429 1475 :
1463 1426 1605 1478 hunc
1624 1432 1680 1478 et
1699 1422 1906 1478 amoris

442 1515 715 1588 Obsequio
743 1516 1024 1574 celebrare
1054 1532 1151 1587 per
1177 1532 1356 1572 annua
1386 1516 1626 1571 carmina
1653 1526 1897 1573 sanctum

445 1608 549 1667 Fas
587 1610 743 1666 mihi.
770 1609 957 1667 Dicam
993 1609 1155 1680 igitur
1183 1610 1396 1677 merita,
1428 1616 1483 1663 et
1510 1624 1702 1663 causas
1729 1608 1898 1664 meri.

1662 1701 1862 1773 [torum
1878 1743 1897 1769 ,

303 1788 375 1848 l5
443 1789 489 1848 Ε
514 1791 712 1864 quibus
731 1790 969 1849 obtinuit
994 1790 1275 1849 caelestum
1306 1792 1526 1863 prmmia
1554 1791 1771 1846 laudum
1789 1832 1806 1857 ,

442 1884 807 1957 Eternosque
832 1885 967 1953 dies,
998 1894 1055 1942 et
1083 1886 1264 1956 magni
1295 1901 1493 1942 nomen
1523 1886 1770 1942 honoris.

509 1975 630 2036 Jam
660 1988 701 2036 ⁸.
718 1980 868 2052 prior
894 1979 1001 2037 hoc
1030 1979 1102 2053 (c)
1144 1980 1350 2052 primos
1370 1979 1525 2037 vobis
1555 1980 1694 2036 liber
1731 1979 1902 2036 edidit

1710 2072 1731 2147 [
1746 2080 1900 2130 actus

443 2164 712 2242 Martyris,
739 2166 881 2224 unde
906 2166 1091 2234 domo,
1116 2166 1201 2223 vel
1257 2166 1351 2239 qui
1380 2180 1570 2238 genus,
1622 2173 1680 2222 et
1703 2166 1900 2237 quibus

1722 2260 1741 2336 [
1758 2260 1900 2315 altus

441 2353 500 2411 ιη
528 2354 745 2426 studiis,
772 2370 882 2426 quo
906 2352 1101 2411 deinde
1127 2352 1298 2424 gradu
1332 2368 1434 2425 per
1461 2361 1645 2410 sancta
1674 2359 1900 2410 vocatus

298 2447 373 2506 $0
441 2449 623 2506 lunia
647 2449 897 2506 maluerit
922 2447 1141 2511 Christo
1168 2449 1374 2506 servire
1401 2450 1649 2520 perenni,

442 2543 615 2612 Quam
642 2545 846 2615 patrias
869 2558 1053 2599 errare
1080 2542 1197 2599 vias
1224 2546 1244 2575 ³
1264 2557 1363 2613 per
1387 2540 1543 2599 devia
1564 2542 1789 2599 mundi:

440 2633 576 2690 Nam
603 2644 759 2707 pater
781 2633 1023 2691 emeritis
1051 2633 1152 2690 sub
1166 2631 1381 2690 Cazsare
1404 2633 1618 2690 vixerat
1634 2634 1821 2701 armis,

446 2728 692 2783 Diximus
714 2737 769 2783 et
801 2736 944 2783 tetro
975 2726 1237 2783 toleratas
1258 2742 1481 2783 carcere
1507 2741 1722 2799 pinnas,

443 2819 590 2889 Quas
616 2816 900 2876 confessor
927 2818 1061 2885 obit,
1107 2826 1341 2876 mortem
1383 2834 1602 2891 quoque
1630 2819 1774 2876 ferre
1800 2836 1900 2890 pa-

1699 2912 1897 2987 [ratus,

296 3001 373 3058 25
443 3004 508 3061 Ni
529 3004 672 3061 Deus
690 3006 994 3076 anticipans
1021 3004 1253 3074 gladios,
1279 3003 1531 3062 solvisset
1554 3005 1754 3077 iniquis

444 3095 715 3152 Emissum
741 3095 953 3161 vinclis,
979 3096 1502 3173 aliosquc'voeasset
1543 3094 1612 3151 ad
1639 3105 1827 3163 actus;

448 3190 515 3247 Ut
533 3190 610 3263 (ά)
630 3191 780 3262 prius
803 3188 871 3246 ad
891 3204 1101 3246 sacram
1122 3180 1394 3246 remearet
1412 3187 1701 3260 episcopus
1720 3188 1900 3244 aulam

442 3281 728 3349 Maximus,
761 3282 813 3337 in
844 3281 871 3320 δ
896 3281 1029 3337 solis
1053 3282 1145 3352 qui
1174 3280 1403 3337 saltibus
1432 3280 1619 3335 ultima
1643 3280 1770 3336 vita:

442 3373 613 3445 .‘Eger
633 3374 947 3440 anhelabat,
977 3382 1260 3442 grassante
1290 3371 1504 3441 fugatus
1530 3371 1598 3427 ab
1628 3372 1784 3428 hoste
1809 3390 1826 3427 :

296 3467 368 3523 50
440 3466 611 3535 Quem
637 3466 821 3537 jussus
845 3465 1068 3538 proprio
1086 3464 1339 3521 subvexit
1364 3479 1596 3535 corpore
1621 3463 1795 3533 Felix,

444 3557 705 3630 Pauperis
733 3567 789 3614 et
818 3558 946 3614 tecti
968 3557 1205 3613 delatum
1232 3557 1288 3612 in
1313 3557 1444 3613 sede
1467 3556 1702 3622 locavit;

445 3649 802 3721 Pensatisque
830 3650 954 3706 sibi.
985 3659 1176 3705 sancto
1206 3650 1349 3705 senis
1371 3663 1469 3705 ore
1496 3648 1665 3716 beati,

442 3739 648 3798 Ofﬁciis
670 3741 986 3798 benedictus
1009 3741 1121 3797 abit
1140 3758 1155 3803 ;
1182 3741 1476 3815 paucisque
1499 3740 1693 3798 diebus

446 3834 670 3892 Delituit
696 3834 900 3906 proprii
929 3835 1123 3890 tacitus
1145 3834 1244 3889 sub
1268 3834 1505 3889 culmine
1533 3834 1682 3898 tecti,

304 3926 378 3984 '55
447 3925 564 3983 Non
591 3926 755 3982 tacita
784 3926 1074 3981 Dominum
1102 3926 1379 3982 cmlestem
1407 3933 1592 3982 mente
1616 3925 1864 3997 latigans,

447 4019 621 4087 Quem
650 4033 810 4090 prece
838 4019 1063 4085 directa,
1094 4025 1387 4089 penetrans
1409 4032 1572 4088 super
1591 4025 1761 4084 astra,
1785 4032 1906 4088 pro.

1663 4109 1902 4183 [ρίικιυο

450 4202 706 4260 Pulsabat
733 4203 947 4270 merito,
980 4218 1169 4275 pacem
1199 4202 1496 4275 procedere
1522 4217 1774 4276 poscens.

519 4295 734 4352 Interea
761 4293 969 4352 ﬂuxere
992 4295 1130 4363 dies,
1163 4311 1269 4366 pax
1296 4295 1411 4351 visa
1440 4294 1664 4352 reverti.

444 4388 692 4445 Deseruit
719 4387 985 4444 latebram
1013 4385 1189 4457 Felix,
1222 4386 1545 4459 tandemque
1567 4399 1767 4443 sereno

311 4482 381 4539 ιο
448 4480 700 4539 Conﬁsus
727 4481 887 4545 etelo,
914 4480 1051 4536 laetis
1077 4494 1138 4536 se
1158 4479 1387 4537 reddere
1415 4479 1598 4537 krtum

450 4574 756 4640 Fratribus,
779 4579 836 4628 et
857 4572 1081 4643 placida:
1104 4566 1449 4628 committere
1477 4579 1722 4643 coeperat
1761 4570 1901 4627 urbi.

448 4665 818 4725 Cratabantur
848 4680 980 4725 oves
1005 4664 1229 4731 Christi,
1260 4673 1482 4737 pastore
1510 4674 1757 4737 recepto.

448 4761 544 4817 llle
572 4773 790 4830 gregem
812 4758 1071 4830 pavidum
1098 4757 1167 4815 de
1190 4764 1521 4829 tempestate
1559 4759 1764 4815 recenti

449 4854 719 4910 Mulcebat
748 4852 968 4908 monitis
992 4852 1324 4918 coelestibus,
1356 4862 1413 4909 et
1431 4852 1568 4910 duce
1598 4853 1764 4910 verbo

304 4950 377 5007 55
451 4951 625 5007 Anxia
653 4948 816 5006 corda
846 4963 1060 5017 regens,
1092 4946 1343 5003 ﬁrmabat
1367 4963 1556 5005 amore
1587 4959 1609 4988 ι·
1640 4948 1798 5016 ﬁdei;

443 5043 856 5101 Contemnenda
885 5041 1089 5098 docens
1114 5051 1170 5097 et
1192 5057 1378 5097 amara
1401 5050 1454 5098 et
1476 5041 1655 5099 dulcia
1682 5042 1903 5111 mundi;

447 5136 559 5194 Nec
576 5134 984 5192 concedendum
1014 5119 1346 5200 terroribus;
1368 5135 1637 5207 obviaque
1666 5136 1797 5207 ipsis

377 5262 402 5291 ⁸
432 5252 492 5307 ld
518 5258 603 5307 est
630 5248 761 5305 Nat.
796 5247 849 5306 ι.

378 5323 405 5363 δ
437 5323 570 5378 Vide
589 5337 757 5378 carm.
790 5318 879 5389 l5,
908 5337 960 5375 v.
991 5317 1081 5374 98.

382 5407 402 5431 τ
443 5394 574 5449 Vide
592 5401 708 5449 not.
742 5391 866 5447 554.

378 5464 454 5537 (a)
482 5463 581 5520 Ms.
597 5463 771 5519 codex
793 5476 929 5517 unus
948 5460 1350 5530 Germanensis,
1366 5464 1498 5534 ipse.
1523 5461 1763 5538 Utraque
1788 5464 1902 5520 lec-

314 5546 390 5594 tto
414 5539 575 5593 bona.

595 5605 894 5693 repositum
908 5624 987 5693 _ex
1020 5605 1231 5663 duobus
1260 5622 1385 5662 mss.
1413 5605 1688 5663 codicibus
1711 5604 1895 5662 Germ.

307 5678 471 5746 Etliti,
499 5678 682 5743 libata,
710 5678 887 5734 minus
908 5679 1065 5732 bene.

378 5751 452 5816 (τ)
478 5749 643 5804 lidem
671 5749 884 5803 codices
914 5765 1042 5804 mss.
1077 5746 1472 5803 Germanenses
1495 5747 1631 5814 duo,
1656 5750 1856 5818 primus
1880 5767 1897 5809 :

303 5832 362 5877 et
390 5818 534 5877 recte
582 5819 797 5890 quidem
829 5820 931 5874 hoc
973 5835 1132 5874 sensu
1165 5838 1176 5870 τ
1211 5822 1409 5890 primus
1437 5819 1565 5873 liber
1601 5822 1749 5889 prior
1777 5821 1896 5885 hoc,

307 5894 358 5948 id
384 5901 488 5954 est,
507 5891 644 5963 liber
671 5892 907 5962 prasinae
934 5890 1066 5945 hunc
1094 5891 1391 5963 prendens
1411 5890 1527 5963 jam
1555 5890 1695 5947 vobis
1732 5892 1895 5947 edidit

304 5974 450 6019 acut:
469 5960 737 6035 Martyris.

1766 389 1994 447 POEMA
2026 390 2163 447 XVI.

1914 520 1964 576 Α

1932 1911 1980 1973 Β

1934 4703 1987 4764 D

3498 381 3606 439 678

2138 501 2357 572 Ignibus
2377 508 2474 562 aut
2491 500 2686 572 gladiis
2706 501 2728 535 ³
2754 509 3039 575 promptos
3064 498 3265 559 inferre
3293 497 3556 555 monebat

2142 595 2506 671 403-ωᾷ
2523 593 2782 665 Pectora;
2813 606 2871 654 et
2899 596 3015 670 ipse
3043 596 3159 653 suis
3201 594 3436 651 addebat
3476 609 3607 664 pono

3047 688 3215 762 [dera
3240 686 3424 743 verbis
3456 688 3495 751 ",

2039 782 2110 844 50
2146 782 2439 841 Confessor
2460 800 2650 856 passus
2667 823 2684 850 ,
2713 797 2834 854 qua:
2860 780 3214 855 perpetienda
3233 780 3497 842 docebat;

2145 873 2408 932 Omnibus
2435 875 2654 947 eloquio
2682 874 2842 930 simul
2870 873 3231 945 exemploque
3257 871 3532 941 magister.

2228 966 2344 1023 Non
2391 966 2515 1022 tulit
2556 967 2675 1023 haec
2713 966 2883 1022 Malus
2906 965 2998 1022 ille
3023 964 3117 1021 diu
3157 962 3299 1020 :sed
3343 961 3603 1019 inhorruit

3332 1056 3350 1128 ί
3368 1057 3502 1113 atris

2149 1148 2423 1218 Crinibus,
2448 1158 2503 1207 et
2526 1150 2597 1221 (e)
2620 1150 2825 1207 rabidis
2854 1148 3056 1205 inﬂavit
3075 1149 3213 1205 colla
3245 1148 3500 1214 venenis;

2149 1241 2484 1314 immisitque
2511 1259 2667 1299 suum
2698 1244 2962 1299 scelerata
2992 1243 3045 1297 in
3073 1249 3297 1312 pectora
3326 1243 3471 1295 virus
3493 1280 3509 1306 ,

2045 1331 2114 1388 53
2156 1331 2353 1389 Ureret
2373 1340 2433 1389 nt
2458 1332 2641 1403 nigras
2668 1333 2864 1389 Felicis
2890 1331 3061 1401 gratia
3090 1341 3318 1386 mentes.

2148 1425 2383 1482 Inseruit
2401 1428 2650 1483 stimulos
2666 1466 2683 1493 ,
2705 1434 2761 1482 et
2781 1425 3051 1501 mentibus
3078 1424 3209 1480 arsit
3234 1424 3433 1494 iniquis

2150 1517 2397 1590 Vipereae
2418 1518 2489 1592 (θ
2511 1517 2662 1575 furor
2683 1517 2926 1585 invidize;
2957 1516 3095 1589 petit
3132 1516 3379 1587 improba
3404 1516 3478 1589 (gl
3501 1515 3603 1587 pri-

3323 1607 3340 1681 ι
3359 1622 3501 1663 mam

2150 1699 2235 1757 lra
2275 1701 2531 1771 domum;
2561 1700 2772 1759 cunctis
2801 1716 2956 1756 amor
2984 1701 3177 1773 impius
3222 1701 3273 1755 in
3304 1699 3483 1755 scelus
3522 1714 3601 1753 ar-

3353 1793 3373 1868 [
3389 1792 3500 1848 det.

2152 1886 2389 1943 Felicem
2417 1886 2536 1943 sitit
2575 1886 2830 1958 impietas
2854 1904 2869 1941 :
2899 1888 2996 1943 sed
3018 1887 3088 1942 ab
3113 1886 3319 1942 aedibus
3348 1887 3542 1941 absens

2040 1979 2110 2036 60
2148 1979 2312 2037 Forte
2330 1979 2469 2038 suis
2480 1979 2658 2038 media
2681 1987 2910 2039 steterat
2929 1995 3149 2038 securus
3166 1980 3226 2035 in
3260 1979 3393 2035 urbe
3413 2021 3430 2050 ,

2148 2075 2424 2134 Fraternis
2450 2076 2520 2133 de
2548 2093 2701 2134 more
2730 2094 2830 2134 suo
2858 2079 3088 2134 vallatus
3116 2080 3325 2145 amicis,

2147 2167 2215 2223 Et
2243 2169 2331 2240 pia
2361 2169 2529 2225 verba
2574 2185 2764 2226 serens
2807 2169 2994 2241 populi
3043 2170 3315 2226 credentis
3342 2169 3397 2225 in
3427 2184 3581 2224 θυι-(ιε

2148 2258 2291 2317 Ecce
2312 2260 2380 2316 ad
2403 2276 2548 2324 eum.
2576 2260 2781 2318 strictis
2802 2273 3106 2331 quaerentes
3122 2262 3361 2324 ensibus,
3392 2260 3601 2314 adstas...

2145 2349 2282 2409 Cum
2321 2352 2500 2410 subito
2526 2394 2540 2420 ,
2572 2364 2666 2409 aut
2699 2353 2806 2409 illis
2844 2353 3008 2409 corda
3042 2355 3321 2419 hostibus,
3353 2364 3443 2407 aut
3485 2353 3603 2408 huic

2628 2426 2637 2435 ’
3372 2447 3387 2519 ξ
3408 2461 3505 2501 ora

2040 2537 2113 2595 65
2152 2539 2474 2610 Vertuntnr,
2501 2550 2689 2597 notum
2724 2558 2830 2597 non
2862 2556 3133 2609 agnovere
3156 2539 3423 2602 furentes.

2146 2632 2491 2702 Felicemque
2515 2642 2729 2701 rogant,
2763 2631 2916 2688 Felix
2942 2632 3033 2688 ubi
3060 2631 3321 2700 cernitur,
3351 2640 3539 2686 etnon

2149 2725 2439 2794 Cernitur;
2468 2726 2601 2798 ipse,
2635 2741 2737 2783 nec
2765 2725 2880 2797 ipse
2913 2726 2996 2781 vir
3021 2735 3137 2791 est;
3168 2739 3289 2780 cum
3318 2724 3390 2780 sit
3418 2737 3606 2795 prope,

3173 2818 3370 2893 [longe
3396 2826 3499 2875 est.

2146 2912 2366 2983 Ignotus
2387 2920 2661 2984 notusque
2682 2914 2796 2969 suis
2826 2912 2884 2968 lit
2912 2912 3119 2969 civibus
3149 2912 3311 2981 idem,

2153 3006 2508 3063 Discerncnte
2536 3004 2641 3062 ﬁde
2658 3006 2868 3062 vultum
2893 3005 3260 3072 credentibus,
3289 3006 3407 3078 ipse

2042 3098 2112 3152 70
2147 3096 2407 3153 llostibus
2438 3096 2578 3153 alter
2598 3105 2717 3153 erat
2749 3114 2763 3151 :
2795 3097 3070 3167 persensit
3090 3098 3112 3130 '
3137 3105 3194 3152 et
3229 3099 3345 3169 ipse
3375 3096 3606 3153 faventis

2148 3189 2446 3246 Consilium
2473 3188 2719 3258 Christi;
2767 3190 3058 3261 ridensque
3100 3189 3416 3259 rogantibus
3445 3189 3563 3245 infit
3594 3206 3608 3245 :

2152 3280 2346 3337 Nescio
2378 3280 2613 3337 Felicem
2641 3296 2802 3352 quem
2833 3282 3096 3352 quaeritis.
3129 3282 3301 3338 lllicet
3329 3282 3406 3338 illi

2156 3375 2487 3431 Praetereunt
2517 3376 2727 3447 ipsum;
2757 3375 2995 3444 discedit
3017 3383 3074 3430 at
3094 3375 3186 3431 ille
3210 3375 3391 3446 platea
3412 3417 3430 3443 ,

2151 3469 2411 3525 llludente
2440 3470 2460 3500 ⁸
2489 3484 2653 3525 canes
2684 3470 2914 3525 Domino
2947 3468 3238 3525 frustratus
3268 3469 3501 3524 hiantes.

2046 3564 2116 3618 73
2151 3563 2261 3619 Nec
2289 3564 2507 3632 longum
2535 3564 2770 3619 emensis
2791 3563 3047 3635 spatium,
3072 3572 3124 3619 et
3152 3562 3609 3637 scitantibusillis,

2156 3656 2271 3724 Qun
2302 3655 2451 3711 Felix
2474 3657 2697 3726 regione
2726 3656 2883 3724 foret,
2908 3657 3128 3728 quidam
3158 3657 3421 3729 increpat,
3442 3664 3500 3714 et
3519 3657 3610 3714 dat

2150 3747 2432 3815 Indicium,
2467 3748 2689 3819 ignarus
2716 3763 2925 3817 ωηεν,
2957 3749 3297 3821 credensque
3326 3750 3509 3805 furore

2160 3843 2447 3898 Dementes
2467 3886 2481 3907 ,
2514 3842 2615 3912 qui
2650 3859 2757 3898 non
2787 3843 3052 3898 vidissent
3070 3844 3375 3899 comminus
3406 3844 3609 3912 ipsum,

2153 3934 2233 3990 Ad
2255 3951 2415 4006 quem
2447 3935 2718 4005 contiguis
2740 3935 2995 3995 fecissent
3014 3937 3178 3993 verba
3208 3937 3440 4007 loquelis

2050 4028 2119 4082 St)
2162 4027 2400 4084 Perculsi
2427 4029 2665 4086 novitate
2694 4029 2826 4095 doli,
2852 4030 3182 4102 graviusque
3208 4030 3451 4087 furentes

2157 4119 2283 4176 Mox
2304 4121 2537 4179 redeunt
2557 4162 2573 4185 ,
2604 4136 2812 4192 perque
2841 4123 2955 4194 ipsa
2985 4122 3088 4178 viri
3117 4124 3342 4194 vestigia
3371 4132 3614 4182 currunt.

2155 4212 2383 4283 Jamque
2405 4212 2975 4285 propinquabant,sed
2999 4216 3615 4285 prmcurrentetumulttt

2155 4302 2316 4361 Urbis
2335 4347 2349 4372 ,
2372 4312 2430 4360 et
2459 4306 2675 4362 attoniti
2699 4306 3033 4364 clamoribus
3061 4307 3299 4379 undique
3327 4308 3470 4379 vulgi

2159 4398 2476 4454 Admonitus
2497 4397 2650 4454 Felix
2668 4440 2682 4465 ,
2712 4399 2969 4454 instantia
2997 4400 3223 4456 vulnera
3251 4400 3394 4456 llexu

2046 4489 2117 4542 83
2156 4490 2419 4557 Declinat,
2450 4489 2740 4561 medioque
2770 4492 3036 4562 proculse
3059 4493 3250 4550 devius
3271 4494 3466 4550 aufert.

2154 4584 2396 4655 Namque
2428 4583 2503 4656 (ἡ)
2526 4584 2703 4639 locum
2735 4592 2984 4651 nanctus,
3016 4586 3197 4658 spatio
3224 4587 3318 4656 qui
3347 4585 3488 4644 forte
3514 4604 3615 4660 pa-

3340 4678 3510 4754 [tenti

2159 4769 2426 4827 Panditur
2446 4769 2726 4841 effugium,
2753 4772 2953 4828 celebri
2976 4771 3230 4829 seductus
3255 4772 3323 4828 ab
3354 4773 3507 4837 urbe,

2160 4863 2250 4919 Sic
2280 4880 2500 4935 quoque
2520 4880 2626 4918 non
2650 4863 2974 4935 longinquus
3002 4874 3120 4920 erat
3140 4865 3443 4921 sectoribus
3464 4866 3615 4934 atris,

2159 4955 2259 5024 Qui
2299 4971 2471 5028 prope
2507 4956 2805 5028 conspicuo
2831 4955 3127 5014 subductus
3162 4957 3232 5012 ab
3260 4973 3356 5013 ore
3386 4973 3615 5027 sequen-

3333 5048 3506 5122 itum,

2054 5141 2123 5195 9|)
2162 5140 2395 5197 Infestos
2417 5149 2708 5212 utcumque
2739 5140 2936 5197 timens
2967 5142 3226 5197 vitaverat
3250 5156 3443 5208 enses;

2092 5254 2171 5324 (ιι)
2201 5254 2298 5311 Ms.
2329 5255 2349 5308 l
2378 5253 2590 5313 Gcrm..
2618 5259 2754 5316 niue.

2084 5326 2153 5395 (ρ)
2186 5325 2273 5380 Sic
2330 5328 2743 5383 emendavimus
2796 5341 2864 5382 ex
2906 5327 3116 5383 duobus
3144 5342 3277 5384 mss.
3333 5326 3617 5385 codicibus

2008 5393 2216 5464 Germ,
2242 5397 2639 5467 refragantibus
2660 5399 2840 5463 editis,
2876 5399 2934 5454 in
2972 5399 3169 5465 quibus
3215 5400 3473 5457 mendose
3502 5416 3616 5455 οιιι-

2009 5467 2138 5539 nino
2167 5467 2359 5537 legitur
2402 5469 2622 5539 rapidis.
2668 5469 2802 5526 Vide
2852 5485 2904 5525 ν.
2940 5468 3073 5538 199,
3108 5469 3295 5525 rabida
3335 5478 3609 5538 monstra,

2009 5549 2065 5592 et
2094 5538 2244 5603 alibi,
2275 5538 2474 5594 rabidis
2504 5540 2792 5594 lictoribus.

2082 5612 2151 5683 (fl
2192 5610 2293 5683 bis.
2327 5627 2466 5683 unus
2494 5612 2664 5664 codex
2685 5609 2899 5683 Germ,
2940 5613 3205 5683 Vipera”.

2084 5684 2159 5752 (g)
2217 5681 2292 5734 Ita
2341 5681 2465 5735 cdd.
2708 5682 2839 5737 Tres
2891 5682 2944 5738 in
2994 5681 3347 5753 tnargg.cnm
3397 5701 3525 5739 mss.
3577 5683 3614 5736 2

2009 5747 2220 5818 cena,
2276 5753 2519 5826 primum.
2577 5751 2684 5809 Sed
2730 5755 2946 5824 poetica
2998 5747 3173 5826 magis
3198 5756 3409 5825 vulgata
3442 5754 3606 5810 lectio

2008 5836 2173 5891 quam
2205 5823 2520 5877 retinemus.

2083 5893 2157 5962 (Ii)
2193 5891 2316 5948 Mss.
2350 5893 2459 5947 duo
2492 5894 2705 5948 COdlf‘l‘a
2725 5893 2941 5966 (ierim,
2978 5894 3019 5947 lC
3047 5897 3215 5966 ψίιιίο
3238 5938 3254 5961 ,
3285 5907 3605 5965 nanctusque

2007 5962 2178 6017 locitm
2203 5968 2289 6033 qui
2311 5972 2446 6036 [orte
2468 5967 2695 6035 parenti.
2722 5964 2994 6023 Trcsedzl.
3026 5962 3082 6023 in
3112 5983 3340 6037 tuargg.,
3373 5962 3596 6031 parenti.
