4134 6458
479 414 586 474 379
1421 417 1477 478 S.
1517 415 1792 476 PAULINI
1826 411 2078 472 ΝοιιΑΝι

2127 411 2418 472 EPISCOPI
2457 411 2803 472 POEllA‘I'A.
3653 414 3763 478 too

619 529 684 585 Et
708 530 994 602 capiendus
1021 537 1162 600 erat,
1189 532 1314 600 quia
1337 521 1709 589 nullius‘obice
1730 528 1984 596 claustri,

620 621 716 677 Ille
741 622 1060 692 repellendis
1085 623 1234 678 locus
1262 622 1558 683 obsistebat
1593 622 1810 693 iniquis.

623 714 754 768 Nam
777 715 800 744 "
829 714 1032 770 foribus
1055 714 1235 778 nullis,
1268 715 1322 768 in
1355 713 1565 785 publica
1595 723 1770 768 rostra
1797 717 1819 747 '
1844 715 2064 784 patebat

622 803 876 860 Semiruti
896 806 1076 877 paries
1093 805 1375 860 malelidus
1408 804 1666 874 fragmine
1689 804 1848 859 muri.

519 895 588 950 93
622 895 728 952 Sed
749 897 930 953 divina
959 913 1154 954 manus
1175 912 1298 954 sese
1319 909 1564 952 sanctum
1595 896 1736 952 inter
1763 903 1820 951 et
1845 896 2030 951 hostes

626 985 907 1058 Opposuit,
931 989 1176 1059 miroque
1205 987 1380 1043 locum
1409 987 1702 1065 munimine
1734 987 1922 1056 sepsit.

628 1077 744 1132 Non
775 1088 926 1133 strue
953 1093 1241 1140 saxorum,
1271 1092 1448 1147 neque
1475 1076 1689 1132 ferratis
1710 1077 1835 1132 data
1863 1075 2034 1131 valvis

627 1167 872 1225 Claustra
895 1209 912 1234 ,
939 1183 1038 1238 per
1065 1168 1327 1222 humanas
1372 1168 1568 1237 quibus
1595 1167 1730 1221 atria
1771 1165 2068 1221 claudimus

1740 1255 1918 1329 [artes
1945 1274 1957 1308 :

634 1351 844 1407 Radere
889 1351 981 1408 sed
1012 1351 1191 1406 subito
1219 1351 1493 1407 concrevit
1527 1349 1777 1404 sordidus
1809 1348 1849 1380 '°
1878 1360 2068 1416 agger,

491 1443 590 1498 100
625 1443 888 1512 .lussaque
915 1451 1164 1496 nutantes
1194 1440 1424 1495 intendit
1447 1454 1644 1494 aranea
1677 1439 1835 1507 telas,

629 1534 694 1587 Et
723 1533 928 1588 sinibus
951 1532 1192 1586 tremulis
1205 1531 1278 1604 (η)
1299 1531 1352 1584 in
1381 1537 1556 1585 totum
1582 1529 1780 1584 struxit
1806 1534 2070 1598 apertum,

626 1623 966 1692 Desert-angue
993 1621 1141 1677 dedit
1166 1618 1357 1675 faciem
1386 1621 1607 1676 sordere
1629 1619 1820 1675 ruinze.

696 1711 1094 1787 505*405
1139 1709 1270 1776 Qua?
1305 1710 1465 1766 simul
1505 1710 1744 1766 occurrit
1785 1709 2078 1765 minitanti-

1314 1801 1464 1876 lbos,
1489 1787 1884 1872 obstupuerunt
1905 1801 1968 1867 “,

631 1894 926 1966 Deflxoque
950 1848 1244 1970 κι-ειέιυεμ)
1265 1848 1997 1950 είῖιῖιῖιῖίεῇὶὲᾎῖζέὦξέίωζ
2106 1901 2156 1960 ιι

2081 533 2133 588 Δ

2374 527 2524 584 Vana
2553 529 2699 583 salus
2725 524 3002 583 hominum
3023 567 3040 594 ,
3065 515 3237 584 virtus
3282 539 3406 584 mea
3461 543 3573 585 non
3628 533 3766 590 mihi

3432 619 3653 692 [vit-tus,

2305 707 2363 764 Si
2386 725 2601 764 caream
2623 711 2828 765 virtute
2857 706 2976 765 Dei.
3005 705 3124 778 Quo
3151 719 3300 766 vasta
3331 712 3617 781 gigantum

2307 799 2561 856 Robora?
2589 817 2700 872 quo
2725 797 2910 856 Pharii
2952 803 3154 872 reges?
3191 803 3280 858 ubi
3313 817 3508 870 magna
3531 803 3614 876 (ἀ)
3639 803 3769 859 Hie-

3445 894 3662 966 [rit-ms?

2170 978 2270 1034 HO
2306 976 2562 1037 Omnibus
2589 981 2758 1038 exitio
2783 999 2879 1037 sua
2902 983 3098 1053 gloria,
3129 999 3236 1054 qua
3268 992 3624 1050 tumuerunt,

2308 1070 2471 1125 Cassa
2500 1071 2619 1126 fuit.
2659 1072 2842 1142 Neque
2863 1089 2992 1128 vero
3022 1075 3134 1130 suis
3157 1074 3453 1130 virtutibus
3481 1076 3585 1131 ista
3603 1115 3622 1145 ,

2309 1163 2415 1218 Sed
2437 1165 2606 1233 magis
2634 1164 2856 1220 infirmis
2883 1167 3062 1220 divina
3089 1167 3329 1237 potentia
3360 1167 3543 1238 fregit.

2311 1253 2403 1309 ille
2429 1255 2579 1324 gigas
2611 1257 2653 1287 "
2683 1258 2833 1324 pueri
2865 1256 3024 1311 funda
3057 1259 3296 1327 pastoris
3321 1259 3515 1322 obivit,

2319 1342 2388 1398 Ut
2414 1345 2600 1412 canis;
2628 1346 2770 1400 illam
2803 1349 2986 1400 urbem
3012 1349 3222 1403 sonitus
3250 1349 3463 1405 solvere
3487 1350 3771 1422 tubarum;

2179 1431 2292 1489 Hii
2327 1432 2565 1490 Littorea
2586 1434 2755 1504 jacuit
2789 1451 2885 1490 rex
2911 1437 3001 1490 ille
3028 1439 3294 1507 superbus
3317 1455 3481 1494 arena
3502 1483 3524 1508 ,

2315 1525 2541 1582 Divitias
2568 1527 2719 1595 regni
2741 1527 2982 1595 pendens
3016 1529 3077 1584 in
3100 1527 3288 1586 funere
3311 1531 3482 1587 nudo.

2318 1616 2408 1674 Sic
2429 1617 2519 1673 ubi
2554 1616 2799 1672 Christus
2825 1621 2978 1674 adest
3005 1620 3182 1688 nob‘s,
3215 1631 3272 1676 et
3310 1638 3508 1679 aranea
3542 1624 3614 1696 (ο)
3644 1641 3773 1680 mu-

3413 1715 3500 1789 [το
3529 1725 3613 1771 est
3649 1735 3666 1772 :

2321 1801 2388 1855 At
2411 1804 2498 1858 cui
2526 1802 2772 1860 Christus
2784 1805 2958 1870 abest,
2989 1815 3044 1861 et
3070 1822 3258 1862 murus
3284 1822 3484 1863 aranea
3509 1807 3623 1862 flet.

2395 1893 2659 1963 Digressis
2686 1895 2847 1964 igitur
2872 1913 2994 1952 cum
3017 1896 3154 1952 facta
3182 1897 3398 1952 silentia
3429 1897 3629 1965 turbis,

492 1987 597 2046 105
631 1987 822 2045 Nonne
851 1986 1001 2042 furor
1029 1979 1239 2041 tentare
1282 1981 1459 2040 aditus
1479 2022 1497 2049 ,
1527 1989 1622 2038 aut
1646 1980 1869 2038 credere
1892 1994 2079 2052 quem-
2183 1983 2285 2039 150
2307 1984 2805 2056 Secretoquelugac
2831 1986 2962 2044 fidas
2991 2004 3100 2044 nox
3129 1989 3240 2043 alta
3269 1988 3528 2044 tenebras

1727 2106 1731 2111 -
1773 2072 1972 2146 [quam

627 2167 742 2226 Hac
762 2168 990 2223 intrasse
1018 2127 1314 2233 hominem,
1346 2162 1554 2219 minimi
1581 2177 1684 2233 qua
1714 2127 1865 2232 signa
1899 2161 2083 2217 dedis-

1827 2261 1970 2310 .sent

1043 2274 1045 2277 ·
1827 2261 1970 2310 .sent

634 2349 965 2406 Vermiculi?
993 2349 1218 2404 modica:
1238 2356 1494 2418 rumpunt
1514 2347 1629 2402 haec
1655 2347 1791 2401 retia
1805 2255 2038 2408 Iinustas,

630 2441 740 2498 Nos
767 2449 1082 2513 penetrasse
1131 2440 1305 2496 virum
1353 2437 1426 2512 (c)
1460 2453 1562 2510 per
1609 2437 1792 2494 clausa
1829 2444 2080 2508 putamus

1751 2531 1772 2603 ι
1784 2528 1968 2600 inepti,

583 2645 587 2649 '
633 2626 701 2682 Et
729 2635 974 2682 tenerum
1006 2633 1156 2684 tanto
1191 2641 1300 2680 non
1327 2633 1546 2694 ruptum
1577 2637 1812 2692 corpore
1839 2618 2079 2676 textum!

497 2719 596 2774 no
633 2717 726 2775 llle
755 2719 925 2788 magis
955 2717 1154 2774 nostris
1181 2716 1431 2771 manibus
1457 2715 1619 2770 modo
1647 2714 1860 2768 debitus
1884 2711 2076 2776 index,

633 2811 734 2878 Qui
757 2825 856 2866 nos
885 2813 939 2864 in
959 2810 1170 2864 deserta
1203 2807 1394 2863 doloso
1420 2805 1647 2862 callidus
1675 2814 1796 2860 astu

632 2901 867 2968 induxit,
897 2914 1216 2968 versumque
1239 2897 1365 2962 alio,
1397 2896 1655 2952 mentitus
1684 2896 1736 2950 in
1765 2895 1868 2950 isto

636 2992 868 3048 Felicem
898 2991 1114 3046 latitare
1137 2991 1267 3056 situ,
1296 3003 1418 3058 quo.
1433 2995 1620 3044 nostra
1647 2987 1883 3056 maligno

636 3086 887 3142 Verteret
913 3099 1060 3139 arma
1085 3083 1212 3138 dolo
1233 3120 1251 3147 ,
1280 3081 1443 3152 capiti
1471 3079 1723 3149 fugientis
1749 3079 1972 3135 amicus.

501 3179 602 3234 115
637 3177 778 3246 Ergo
808 3176 1122 3233 recedamus
1152 3192 1166 3228 ι
1193 3189 1318 3228 nam
1345 3183 1492 3229 stare
1519 3171 1721 3228 diutius
1744 3169 1866 3226 istic
1885 3209 1903 3237 ,

640 3272 801 3328 Risus
822 3274 928 3328 erit
949 3271 1116 3340 vulgi,
1147 3269 1478 3339 demensque
1509 3267 1788 3322 notabitur
1809 3281 1985 3331 error,

637 3365 947 3420 Scrutatum
1003 3364 1044 3394 ⁸³
1072 3363 1174 3417 hac
1213 3360 1448 3416 hominis
1481 3359 1716 3414 latebras
1757 3357 2086 3431 contendere

1677 3448 1696 3521 [
1709 3461 1977 3518 gressum,

639 3546 754 3614 Qua
785 3545 868 3600 vel
897 3544 1040 3600 mole
1065 3542 1242 3614 putri,
1268 3541 1355 3598 vel
1377 3540 1648 3596 araneolis
1671 3539 1940 3604 obductis,

639 3639 903 3705 Monstrat
930 3637 1234 3692 inaccessos
1266 3635 1461 3690 humus
1487 3633 1753 3690 inculcata
1779 3645 2046 3688 recessus.

505 3730 604 3802 I20
638 3731 750 3786 Nec
802 3743 979 3794 mora,
1027 3725 1313 3783 discedunt
1362 3740 1592 3796 propere
1643 3725 1700 3780 in
1743 3723 1957 3779 diversa
1981 3721 2090 3778 fre-

1689 3818 1932 3890 [mentes
1963 3833 1977 3868 :

630 3916 747 3982 Sed
776 3915 939 3983 Deus,
967 3923 1027 3970 ut
1052 3913 1336 3985 Scriptura
1362 3913 1508 3968 cauit
1533 3920 1579 3977 ³,
1599 3925 1795 3967 vesana
1821 3909 2090 3964 minantes

641 4005 904 4076 lrridebat
929 4021 1026 4061 eos
1059 4005 1267 4062 caelesti
1293 4003 1540 4060 Christus
1569 4003 1636 4058 ab
1666 4018 1829 4070 arce;

637 4099 982 4170 Felicemque
1004 4113 1160 4154 suum
1187 4098 1356 4154 sacris
1389 4097 1655 4153 velaverat
1681 4097 1802 4152 alis.
1841 4145 1844 4148 .

641 4190 741 4257 Qui
771 4190 984 4246 Domini
1009 4197 1162 4245 tutus
1191 4189 1397 4258 gremio
1425 4184 1708 4243 candentia
1729 4187 1835 4242 tela

508 4285 609 4344 [25
647 4284 975 4340 Discutiebat
995 4299 1162 4339 ovans
1184 4283 1356 4352 galea,
1381 4291 1646 4352 scutoque
1675 4280 1700 4319 ¹θ
1733 4279 1877 4344 fidei,

641 4377 710 4432 Et
736 4375 971 4446 gladium
997 4375 1150 4430 verbi
1195 4374 1474 4429 confessor
1498 4373 1554 4427 in
1583 4387 1681 4428 ore
1708 4371 1950 4440 gerebat.

645 4469 896 4522 Armatus
917 4469 1120 4536 pietate
1147 4481 1359 4532 manus,
1391 4471 1447 4519 et
1475 4475 1698 4535 pectora
1725 4463 1918 4534 plenus

573 4577 577 4580 ‘
645 4558 803 4614 Casta
835 4558 946 4628 Deo
965 4599 982 4626 ,
1006 4557 1232 4624 insignis
1261 4555 1438 4610 meriti
1469 4555 1692 4610 thorace
1715 4554 1949 4622 tegebat.

719 4649 764 4704 0
786 4648 967 4703 multis
992 4647 1171 4702 divina
1201 4645 1378 4702 modis
1405 4645 1682 4715 Sapientia
1713 4644 1890 4710 dives,

512 4741 612 4797 150
649 4741 874 4810 Semper
901 4739 970 4794 ab
998 4738 1221 4793 infirmis
1247 4736 1580 4794 confundens
1615 4735 1774 4791 fortia
1801 4735 2016 4792 mundi!

647 4833 748 4890 Vix
773 4833 1002 4904 populos
1029 4831 1155 4887 altis
1171 4830 1463 4888 defendunt.
1489 4831 1688 4884 llltBllia
1706 4829 1898 4900 muris,

651 4929 716 4983 Et
735 4929 900 4983 fretos
925 4925 1103 4980 valido
1133 4923 1429 4980 munimine
1465 4925 1660 4994 saepius
1681 4925 1852 4980 hostis

646 5020 932 5092 Opprimit,
955 5017 1302 5087 adversisque
1325 5027 1598 5087 expugnat
1621 5017 1894 5074 montibus
1913 5017 2090 5074 urbes.

651 5115 804 5170 Nunc
831 5123 888 5168 et
908 5114 976 5167 ab
1005 5111 1228 5166 armatis
1255 5111 1492 5180 protexit
1519 5124 1715 5165 aranea
1744 5118 1989 5166 sanctum

509 5207 614 5264 155
653 5204 977 5260 Dcfensantc
999 5202 1146 5270 Deo;
1175 5203 1374 5256 teneris
1399 5201 1549 5256 stetit
1575 5201 1748 5258 hostis
1771 5205 1993 5258 abactos

650 5297 939 5362 Cassibus;
971 5295 1120 5350 aerio
1147 5295 1307 5350 cessit
1327 5294 1407 5350 vis
1427 5294 1600 5348 ferrea
1630 5291 1742 5348 filo.

582 5421 606 5450 ⁸
632 5409 771 5466 Psal.
805 5427 859 5474 ιι,
895 5410 917 5463 1
951 5416 1005 5464 et
1035 5413 1087 5463 ὁ.

582 5480 612 5522 ι’
655 5482 783 5537 Vide
815 5489 929 5536 not.
962 5479 1086 5534 554.

587 5564 608 5592 ε
641 5553 781 5609 Psal.
810 5568 938 5616 χχιι,
971 5550 1024 5605 4.

583 5623 611 5664 ί
640 5623 759 5678 Vid.
791 5634 904 5678 not.
937 5620 1061 5675 9.42.

589 5705 610 5732 τ
635 5693 690 5748 ld
719 5703 802 5749 est
830 5710 1008 5764 prope.
1030 5691 1163 5746 Vide
1175 5708 1342 5748 carm.
1363 5691 1424 5746 2i
1441 5737 1456 5758 ,
1482 5709 1534 5764 γ,
1556 5691 1682 5754 505;
1707 5702 1761 5747 et
1779 5693 1866 5759 Ἦ..
1891 5712 1942 5750 v.
1968 5695 2086 5752 ll8.

587 5764 664 5907 Sa)
690 5765 810 5818 Mss.
831 5762 950 5818 duo
973 5762 1178 5825 Germ,
1211 5766 1448 5818 intutum.
1480 5763 1624 5817 Bona
1651 5775 1875 5832 utraque
1911 5767 2088 5822 lentio.

611 5835 662 5903 ὁ)
695 5835 850 5907 Edd”
873 5835 1123 5907 simulet.
1152 5835 1227 5886 Ex
1253 5833 1460 5907 duobus
1484 5835 1914 5907 mss.rm!icibus
1943 5853 2088 5907 repn-

611 5835 662 5903 b)
695 5835 850 5908 Edd_.,
873 5835 1123 5908 simulet.
1152 5835 1227 5886 Ex
1253 5833 1460 5908 duobus
1484 5835 1914 5908 mss.__rm!icibus
1943 5853 2094 5908 repn-

519 5904 722 5964 sui'mus
747 5905 966 5966 sibimet,
1000 5904 1050 5958 id
1088 5913 1195 5971 est,
1225 5904 1321 5958 sibi
1345 5905 1554 5957 invicem
1585 5906 1782 5958 direre.

2109 3277 2157 3342 C

2320 2074 2574 2147 Praebuit,
2605 2079 2877 2146 egreditur
2900 2079 3074 2145 Felix,
3104 2088 3386 2149 mutatque
3409 2081 3706 2139 latebram:

2321 2163 2416 2224 Illa
2444 2169 2484 2202 “
2509 2184 2710 2225 canens
2729 2170 2986 2226 Domino:
3018 2171 3189 2226 Media
3209 2171 3255 2225 si
3286 2172 3478 2226 mortis
3504 2172 3558 2227 in
3585 2173 3778 2233 umbra

2321 2260 2626 2332 Ingrediar,
2656 2263 2796 2318 mala
2824 2279 2933 2319 non
2954 2273 3188 2319 metuam
3205 2304 3222 2332 ,
3248 2259 3506 2334 quoniam
3536 2274 3630 2320 tua
3655 2281 3779 2324 me-

3509 2355 3672 2430 [cum

2325 2445 2548 2513 Dextra,
2574 2463 2674 2518 per
2696 2446 2964 2505 infernum
2993 2464 3100 2505 non
3128 2464 3325 2520 expers
3353 2449 3574 2506 luminis
3600 2450 3696 2506 ibo
3729 2459 3782 2507 ε.
3843 2499 3848 2501 _

2186 2536 2288 2591 l55
2395 2536 2538 2608 Ergo
2559 2537 2626 2611 (ι’)
2658 2537 2754 2594 Dei
2783 2537 2946 2594 ductu
2970 2540 3116 2611 capit
3155 2539 3210 2594 in
3240 2540 3465 2608 regione
3491 2548 3708 2596 remota

2323 2625 2720 2700 Compluvium,
2754 2637 2984 2699 angusto
2996 2631 3180 2686 brevia
3201 2630 3344 2686 inter
3362 2638 3507 2686 tecta
3538 2628 3564 2666 ἀ
3588 2629 3783 2698 cubili,

2359 2721 2478 2790 Quo
2502 2730 2658 2778 vetus
2689 2721 2879 2778 arebat
2905 2729 3052 2778 tecto
3073 2723 3310 2776 cisterna
3336 2719 3634 2793 profundo.

2402 2811 2632 2884 Propter
2661 2820 2686 2852 ο
2727 2813 2781 2868 in
2809 2811 3028 2882 attiguis
3055 2811 3332 2868 habitabat
3353 2813 3554 2868 femina
3579 2814 3752 2883 tignis

2325 2906 2484 2981 ω’]
2506 2909 2576 2948 —'-
2596 2905 2762 2980 ω
2787 2902 2985 2962 Sancta
3009 2902 3124 2961 Deo
3158 2904 3370 2972 mulier,
3391 2887 3531 2978 'qote
3561 2906 3788 2963 confes-

3325 2997 3487 3072 [soris
3505 2999 3686 3068 aperti

2187 3092 2290 3150 160
2326 3090 2538 3157 Nescia,
2565 3088 2798 3146 Felicem
2822 3088 3043 3147 Christo
3068 3089 3225 3160 quasi
3251 3090 3471 3145 conseia
3498 3089 3673 3160 pavit.

2332 3182 2466 3240 Mira
2492 3196 2706 3250 canam,
2733 3181 3009 3252 ingenium
3045 3181 3257 3238 Domini
3295 3181 3570 3252 pascentis
3605 3181 3794 3238 alum-

3533 3275 3718 3350 lnam.

2326 3366 2516 3438 lgnara
2542 3375 2801 3441 pascente
2825 3382 2999 3424 suum.
3025 3366 3176 3424 Nunc
3202 3367 3389 3424 sedula
3417 3381 3611 3438 panes,

2329 3459 2484 3516 Nunc
2509 3461 2644 3516 alias
2665 3459 2734 3516 de
2759 3473 2931 3524 more,
2961 3459 3064 3515 sibi
3087 3473 3225 3529 quas
3248 3466 3472 3516 coxerat
3497 3471 3680 3521 escas,

2332 3549 2527 3608 Mentis
2554 3551 2609 3606 in
2638 3565 2862 3606 excessu
2887 3549 3072 3606 divino
3099 3547 3237 3605 facta
3265 3555 3460 3621 paratu

2189 3640 2296 3696 l65
2328 3641 2663 3714 lmportabat
2687 3656 2776 3706 eo,
2801 3639 2951 3696 Felix
2979 3640 3068 3696 ubi
3099 3646 3239 3695 teste
3264 3636 3469 3695 latebat

2330 3732 2552 3790 Velatus
2579 3731 2843 3799 Domino;
2866 3731 2958 3788 sed
2981 3746 3082 3788 nec
3099 3747 3224 3786 cum
3247 3730 3496 3788 tenderet
3517 3732 3614 3787 illo
3637 3735 3684 3767 "

2334 3827 2572 3883 Noverat
2595 3826 2927 3896 ingressum;
2950 3839 3050 3880 nec
3071 3839 3193 3880 cum
3211 3823 3288 3894 (g)
3305 3821 3616 3880 discederet
3638 3825 3793 3895 inde,

2332 3919 2594 3975 introitus
2617 3927 2734 3975 erat
2763 3917 2853 3972 illa
2881 3915 2963 3972 sui
2991 3931 3241 3972 memor:
3266 3925 3432 3984 utque
3461 3926 3686 3987 paratos
3829 3919 3833 3921 ’

2333 4009 2596 4066 Intulerat
2618 4009 2818 4073 victus,
2847 4007 3084 4077 propriis
3108 4005 3237 4062 licet
3264 4007 3353 4062 illa
3385 4008 3622 4066 cibando

2194 4106 2298 4161 170
2333 4103 2572 4161 Serviret
2600 4100 2846 4156 manibus
2873 4109 3084 4166 sancto,
3115 4109 3295 4156 tamen
3323 4101 3492 4157 inscia
3517 4105 3658 4158 tanti

2331 4192 2588 4258 Muneris,
2609 4191 2716 4246 hoc
2741 4191 2782 4222 "
2801 4188 2868 4243 de
2887 4189 3053 4246 corde
3076 4205 3179 4244 suo
3201 4190 3416 4246 novisse
3437 4193 3724 4262 nequibat,

2335 4283 2490 4352 Quod
2520 4297 2626 4338 non
2654 4289 2835 4337 mente
2854 4295 2971 4347 sua,
2996 4281 3091 4337 sed
3110 4281 3310 4337 Christi
3333 4283 3551 4338 numine
3572 4284 3801 4356 agebat,

2337 4377 2551 4447 Proque
2580 4377 2702 4433 loco
2731 4375 2971 4441 latebrae,
3001 4383 3059 4431 et
3092 4375 3292 4432 strictae
3316 4377 3358 4408 "
3379 4391 3544 4448 super
3572 4395 3670 4434 ora
3713 4380 3800 4435 la-

3518 4470 3723 4542 [cunm,

2339 4562 2631 4634 Appositos
2655 4562 2896 4632 ingressa
2925 4561 3078 4616 cibos
3097 4559 3398 4630 linquebat,
3428 4575 3636 4632 eosque

2127 4661 2177 4722 υ
2203 4657 2307 4712 Hii
2341 4655 2413 4712 Se
2444 4656 2690 4728 posuisSe
2716 4653 2862 4710 domi
2891 4653 3138 4723 credens,
3169 4654 3244 4709 ita
3271 4669 3492 4725 semper
3515 4655 3729 4724 abibat,

2343 4745 2612 4803 Ponendae
2634 4759 2858 4808 memor,
2882 4752 2938 4800 et
2958 4744 3147 4813 positae
3169 4759 3296 4800 mox
3325 4745 3612 4800 immemor
3633 4762 3800 4806 esea.

2411 4839 2456 4892 0
2483 4835 2675 4890 mulier
2699 4833 2983 4890 benaiicta
3000 4833 3142 4909 Deo,
3172 4833 3321 4888 velut
3352 4848 3458 4888 una
3485 4835 3802 4904 volucrum,

2342 4929 2472 4998 Quae
2496 4924 2768 4998 quondam
2795 4925 2998 4980 mundo
3027 4924 3314 4980 abductum
3336 4940 3536 4996 pavere
3561 4929 3808 4998 prephe.

3553 5019 3562 5069 Ι
3591 5029 3725 5074 tam.

2347 5113 2428 5168 Tu
2453 5124 2671 5180 quoque
2697 5119 2907 5165 secreto
2933 5106 3127 5179 pavisti
3157 5115 3393 5179 martyra
3423 5116 3591 5175 tecto,

2209 5207 2306 5263 180
2343 5205 2495 5262 Sicut
2522 5203 2638 5258 avis
2663 5200 2890 5255 Domino
2919 5213 3133 5269 parens,
3151 5204 3220 5263 ,et
3246 5199 3430 5254 nescia
3454 5199 3650 5264 sancti,

2343 5296 2574 5353 Conscia
2595 5291 2798 5348 servitii
2822 5308 2834 5342 :
2863 5290 2940 5362 (It)
2959 5290 3086 5359 quid
3106 5290 3359 5358 gesseris,
3385 5299 3441 5346 et
3465 5291 3555 5348 cui
3577 5293 3804 5351 tandem

2291 5411 2338 5485 c)
2367 5411 2447 5466 lta
2473 5425 2603 5464 mss.
2625 5407 2733 5464 duo
2753 5404 2933 5460 Germ.
2956 5399 3054 5459 Ed.
3077 5401 3265 5458 Sebot.
3295 5405 3542 5475 proxime
3565 5407 3800 5476 accedit,

2314 5485 2478 5536 clusa.
2507 5480 2632 5536 Alii.
2658 5476 2934 5536 prirclusa.
3702 5503 3708 5506 -

2234 5503 2290 5539 er
2314 5495 2478 5536 clusa.
2507 5495 2632 5546 mu,
2657 5495 2994 5546 precetusatL
3065 5545 3069 5546 ν
3702 5503 3708 5506 .

2199 5503 2290 5558 per
2314 5496 2478 5536 clusa.
2507 5496 2632 5546 mn,
2657 5496 2934 5548 primum.
2985 5545 2998 5556 .

2271 5554 2350 5623 (et)
2383 5552 2522 5623 Mss.
2537 5550 2644 5623 duo
2687 5537 2890 5611 Ccrm.,
2923 5542 3136 5599 Hierico

2293 5563 2350 5623 α)
2385 5563 2507 5606 Mss.
2537 5563 2644 5603 (tuo
2687 5563 2890 5611 υρτω..
2923 5563 2994 5598 ιιι

2271 5563 2340 5700 ξς)
2504 5620 2530 5686 l_
2560 5619 2996 5700 (fertusnmurus.

2269 5683 2340 5776 (ri
2371 5689 2469 5776 ts-
2501 5683 2672 5770 σοαιξι
2684 5688 2721 5776 ,1
2758 5683 3256 5776 mutassis.-

2293 5753 2347 5834 ῥ’)
2380 5758 2724 5834 Manuscripti
2745 5757 2852 5834 duo
2871 5753 3313 5834 codicesﬂerm?
3347 5753 3684 5812 discesserat.

2293 5777 2347 5829 ο)
2381 5777 2724 5826 uanuscrrpu
2745 5777 2852 5812 σιω
2871 5777 3083 5810 coerces
3105 5777 3313 5816 ωτι-ιιι,

2271 5777 2349 5908 ᾖ)
2373 5833 2458 5889 ita
2483 5846 2612 5889 mss.
2639 5830 2747 5886 duo
2771 5825 2953 5884 Germ.
2981 5824 3137 5892 Edd.,
3169 5823 3326 5893 quod.
