4134 6416
193 332 299 393 ιει
1626 334 1861 394 ΡΟΕΜΔ
1902 334 2035 393 XVI.
3402 334 3512 393 483

333 448 617 521 Servieris,
643 452 885 521 gaudens
913 453 1005 510 illo
1032 455 1132 510 sub
1161 461 1409 525 tempore
1433 468 1646 520 nosces,
1822 469 1871 526 Α
2126 449 2362 508 Functus
2383 463 2521 519 erat,
2550 456 2621 525 (Γ)
2644 454 2862 521 longum
2884 452 3197 522 perfunctus
3216 451 3509 525 episcopus

332 540 468 598 Cum
493 543 635 599 Deus
657 545 772 617 ipse
798 562 898 603 suo
928 562 1028 618 pro
1054 546 1371 603 coufcssore
1400 561 1663 603 coronam
2648 568 2653 573 λ
3242 546 3438 619 [tevqu

331 631 562 691 Justitize
586 635 833 693 Christus
859 638 1050 695 reddet
1074 638 1193 708 tibi,
1224 645 1354 693 tunc
1382 646 1477 694 tua
1503 636 1660 694 Felix
1903 632 2010 693 230
2047 633 2333 702 Maximus,
2364 644 2420 691 ct
2445 651 2701 693 numerus
2720 636 2747 676 δ
2768 637 2938 693 ductu
2964 637 3199 708 pastoris
3222 640 3437 707 egebat.

193 724 304 780 185
339 726 461 799 Ipse
486 728 581 783 tibi
611 728 812 785 referet
837 730 938 786 sub
961 730 1145 801 judice
1163 730 1391 801 prandia
1417 726 1656 796 Christo,
2044 725 2243 784 Felicis
2272 743 2472 784 nomen
2498 736 2677 785 totum
2702 728 2925 787 balabat
2952 728 3117 795 ovile,

336 820 466 887 Qum
487 821 630 878 Deus
653 821 724 877 ad
750 822 936 880 dulces
958 824 1161 881 sacrati
1187 822 1441 895 martyris
1467 837 1597 877 usus
2047 822 2222 891 Quem
2256 824 2593 881 confessoris
2612 823 2902 880 redimibat
2920 822 3121 879 adorea
3145 819 3401 890 Christo;

333 909 650 979 Transtulit,
678 920 738 968 ut
759 914 1035 983 quondam
1059 922 1248 971 wctas
1266 913 1599 969 messoribus
1620 925 1796 982 escas,
2044 914 2330 986 Quemque
2378 914 2715 972 salutiferam
2758 914 3064 987 spondebat
3115 914 3298 983 lingua
3341 915 3500 985 mag;

336 1002 592 1073 Angelica
619 1021 720 1076 per
744 1004 908 1062 inane
928 1021 1095 1061 manu
1122 1004 1394 1077 pendente
1420 1004 1690 1075 propheta
2918 1044 2923 1047 -
3220 1005 3423 1078 [suum

334 1094 476 1152 Misit
500 1096 690 1169 jejuno
715 1098 905 1155 rabida
932 1099 1074 1155 inter
1099 1107 1344 1157 monstra
1373 1099 1687 1171 prophetae;
2047 1099 2278 1173 Vitaque
2321 1098 2588 1157 doctrinae
2628 1113 2895 1165 concors;
2924 1097 3022 1154 sed
3056 1107 3118 1153 ut
3149 1096 3258 1153 hoc
3292 1111 3503 1168 quoque

191 1183 297 1241 190
332 1186 452 1243 Non
472 1187 586 1245 fera
606 1198 868 1256 monstra,
894 1191 1028 1247 lides
1048 1192 1176 1263 quia
1195 1190 1405 1246 vicerat
1424 1190 1567 1245 alma
1586 1191 1798 1259 leones,
3176 1190 3438 1265 [palmam

330 1275 639 1351 Sanctaque
666 1279 954 1338 frenabant
979 1281 1168 1339 avidos
1191 1281 1400 1353 jejunia
1427 1281 1617 1338 rictus.
1899 1284 2005 1341 $5
2043 1284 2273 1342 Justitize
2302 1284 2492 1349 ferret,
2523 1286 2777 1341 meritum
2806 1285 3038 1340 sublime
3066 1284 3254 1356 quieto
3288 1338 3291 1341 .

398 1369 511 1428 Sex
540 1372 690 1429 illum
718 1381 864 1431 totos
891 1375 1178 1445 perhibent
1201 1378 1243 1408 "‘
1264 1389 1332 1430 ex
1360 1374 1552 1430 ordine
1580 1388 1797 1430 menses
2040 1378 2220 1436 Corde
2240 1393 2512 1451 premens,
2531 1380 2682 1435 velut
2701 1379 2970 1448 indignus,
2990 1392 3100 1433 non
3115 1376 3283 1433 audet
3298 1377 3510 1433 honore

328 1461 624 1535 Ειρθηειιι
653 1473 829 1523 caelus
855 1466 1138 1523 hominum
1166 1466 1366 1523 vixisse
1393 1466 1494 1522 sub
1522 1466 1615 1522 illa
2042 1470 2325 1542 Crescere,
2356 1480 2697 1542 testaturque
2725 1472 2845 1527 seni
2873 1485 3030 1541 mage
3057 1470 3239 1528 debita
3268 1468 3506 1538 Quinto;

322 1552 589 1613 Culminis
615 1557 831 1614 obscuri
854 1558 1016 1614 simul
1037 1559 1359 1629 angustique
1380 1558 1610 1625 latebra,
2038 1566 2196 1635 Quod
2232 1566 2383 1638 prior
2424 1566 2469 1599 ιθ
2509 1565 2599 1621 ille
2638 1564 2864 1636 gradum
2903 1564 3037 1621 socii
3073 1564 3361 1623 meruisset
3401 1563 3506 1618 ho-

187 1646 293 1703 195
327 1647 413 1705 Nil
439 1648 561 1721 opis
586 1650 838 1707 humana:
861 1652 1161 1722 indignum.
1191 1651 1458 1707 solamine
1481 1650 1683 1706 Christi
3259 1655 3434 1729 [noris

328 1741 557 1814 semper
582 1742 952 1800 θδυῐιδεωῑοηι
976 1761 993 1799 ³
1014 1745 1109 1815 ιιιιί
1138 1752 1385 1815 tempore
1414 1742 1584 1799 rem"
1613 1741 1667 1797 ίη
1695 1741 1790 1797 ίηο
2042 1751 2334 1825 Presbyter
2358 1769 2373 1807 :
2404 1751 2520 1808 haec
2543 1758 2753 1821 septem
2782 1749 3020 1806 distabat
3052 1761 3262 1803 summa
3290 1745 3506 1802 diebus.

323 1833 487 1907 Saepe
510 1836 662 1894 illum
688 1852 943 1895 sermone
966 1854 1070 1898 suo
1096 1836 1352 1907 dignatus
1374 1836 1591 1910 adisse:
1826 1862 1871 1923 Β
1894 1844 2004 1903 250
2038 1844 2181 1915 Ergo
2209 1846 2312 1901 sub
2341 1845 2446 1900 hoc
2473 1843 2638 1900 etiam
2666 1841 2817 1898 Felix
2847 1841 3091 1899 antistite
3118 1838 3256 1893 vixit

321 1929 485 2001 δωβθ
509 1946 608 1988 θυι
635 1932 850 2003 Ρινὶεεθ
872 1948 1057 2000 manu.
1088 1933 1338 2004 caeloque
1361 1930 1579 1987 08115880
1604 1970 1616 1979 -
2040 1935 2352 2009 Presbyter,
2374 1944 2431 1992 et
2452 1935 2627 1991 crevit
2654 1932 2882 2001 meritis,
2910 1932 3005 2002 qui
3029 1934 3073 1965 ³⁸
3104 1945 3351 1987 crescere
3375 1929 3510 1985 erdc

322 2021 550 2096 Pocula,
581 2040 691 2083 non
715 2026 965 2098 pluvialis
979 2041 1169 2103 aquae;
1191 2039 1354 2097 quam
1382 2024 1565 2081 nubila
1588 2023 1791 2096 passim
2036 2029 2250 2085 Noluit:
2271 2030 2385 2101 ipse
2404 2028 2556 2092 illum
2578 2036 2852 2097 tamquam
2873 2025 3055 2081 minor
3073 2025 3257 2080 omnia
3276 2022 3509 2091 Quintus

182 2115 288 2173 suo
320 2117 583 2175 Omnibus
609 2117 922 2187 eﬂ’undunt;
952 2120 1048 2177 sed
1071 2121 1147 2190 (α)
1169 2135 1331 2192 quem
1359 2117 1669 2191 specialiter
1696 2117 1791 2173 uni
2037 2121 2398 2191 Observabat,
2426 2127 2482 2176 et
2511 2135 2576 2176 os
2603 2119 2842 2188 linguam
2873 2116 3068 2174 Felicis
3093 2116 3349 2172 habebat.

324 2208 512 2267 Gratia
543 2209 709 2269 Felici
739 2211 817 2285 (lt)
840 2213 1093 2269 mittebat
1118 2213 1188 2268 ab
1214 2213 1421 2269 aethere
1441 2227 1644 2278 rorem,
2035 2213 2132 2271 ille
2154 2227 2373 2284 gregem
2403 2209 2607 2279 oflicio,
2630 2209 2783 2265 Felix
2811 2223 3065 2265 sermone
3094 2208 3336 2277 regebat,

326 2301 464 2359 Nam
486 2303 691 2368 nimiis,
725 2314 785 2360 ut
815 2304 895 2373 ιιι,
921 2312 1051 2362 tunc
1079 2304 1284 2362 torrida
1312 2304 1517 2361 solibus
1533 2311 1719 2370 :estas,
1891 2306 1999 2366 245
2106 2306 2272 2363 Multa
2300 2305 2424 2362 aliis
2446 2311 2695 2361 sanctum
2724 2302 2925 2359 Christi
2953 2301 3245 2357 virtutibus
3273 2299 3426 2359 anxit

322 2391 393 2449 Et
422 2402 645 2465 puteum
672 2411 891 2467 quoque
915 2396 1167 2463 siccarat,
1191 2397 1284 2468 qui
1313 2404 1467 2468 parta
1493 2394 1682 2452 latenti

1656 2394 1682 2451 μί
2037 2399 2226 2457 Gratia
2255 2398 2515 2465 Felicem,
2540 2412 2643 2453 nec
2670 2411 2805 2468 pace
2831 2395 3042 2451 minora
3071 2396 3288 2466 subegit

328 2483 528 2543 Pocula
560 2488 885 2557 prmbuerat.
910 2486 1017 2543 Sed
1047 2504 1116 2543 ne
1136 2488 1254 2565 sitis
1282 2498 1466 2545 ureret
1493 2488 1645 2544 illum
2037 2493 2229 2549 Prmlia
2247 2534 2262 2555 .
2292 2506 2457 2563 quam
2487 2488 2682 2546 validis
2725 2485 3007 2544 confessor
3030 2495 3275 2558 gesserat
3312 2483 3498 2543 armis.

183 2574 292 2632 ἳθῦ
328 2575 559 2642 Carnea,
589 2578 683 2647 qui
710 2576 986 2635 Christum
1015 2580 1283 2648 sitiendo,
1312 2578 1523 2636 ferebat
1546 2589 1604 2637 et
1630 2580 1790 2637 istam
2037 2584 2376 2659 corpoream
2400 2583 2544 2638 tristi
2569 2580 2671 2638 sub
2701 2588 3024 2652 tempestate
3053 2581 3283 2637 salutem

328 2667 591 2740 Corporis
609 2666 794 2726 aﬂlicti
817 2670 1119 2742 "poenam.
1149 2670 1331 2726 delata
1355 2684 1555 2727 sereno
2036 2680 2353 2754 Sprcverat,
2397 2677 2545 2734 idem
2581 2683 2640 2732 et
2681 2686 2849 2745 opum
2890 2672 3050 2730 simul
3089 2681 3147 2730 et
3191 2682 3501 2729 contemtor

323 2757 491 2831 Inque
517 2760 750 2831 globum
774 2761 851 2834 (ο)
879 2761 1058 2819 tennis
1088 2762 1259 2819 nubes
1284 2761 1543 2830 collecta,
1574 2778 1675 2834 per
1699 2777 1792 2818 ar-
3137 2765 3428 2840 [honorum

1544 2857 1716 2932 [οιωιι
1889 2868 1998 2925 ssc
2034 2866 2239 2925 Secura
2267 2862 2371 2921 sub
2398 2878 2534 2936 pace
2560 2861 2678 2920 fuit.
2713 2864 2831 2920 Non
2863 2863 2952 2919 ille
2982 2860 3209 2918 tenendi

321 2948 573 3021 lmpluvii
596 2959 642 3018 ⁸,
672 2949 887 3007 dulcem
914 2950 1148 3007 sitientis
1174 2950 1229 3007 in
1258 2966 1355 3007 ora
1387 2950 1657 3020 liquorem
2036 2961 2277 3018 securus
2302 2957 2504 3027 meriti,
2536 2957 2633 3013 sed
2662 2958 2879 3013 cautior
2907 2965 2969 3012 ut
2995 2955 3138 3013 bona
3169 2956 3293 3011 vice

324 3040 543 3107 Ῐηίυάίιν
570 3044 726 3112 (Ιυθεί
754 3058 939 3115 DNS“
956 3058 1156 3111 manu:
1181 3044 1433 3114 εωίοιῐυε
1458 3041 1787 3113 νοαιιάυων
2032 3051 2491 3118 Partatneretnr,
2514 3058 2803 3121 postquam
2834 3048 3143 3105 discrimina
3172 3048 3365 3105 mortis

186 3132 294 3190 2Π)
329 3133 558 3190 Veneris
585 3135 806 3191 πῑὴετθί
836 3151 999 3193 διιωο
1029 3136 1264 3213 ιοεωιιιρ
1292 3135 1499 3193 refixit-
2038 3146 2275 3213 Vicerat,
2300 3154 2357 3200 et
2378 3142 2634 3215 scopulos
2654 3142 2797 3199 inter
2818 3141 3108 3211 tranquilla
3141 3140 3388 3197 timebat.

322 3223 463 3292 Quid
491 3225 709 3290 mirum,
736 3226 781 3282 si
813 3242 957 3281 nunc
980 3235 1195 3282 terrena
1224 3226 1306 3299 (Δ)
1337 3226 1458 3283 labe
1479 3226 1717 3284 solutum
1814 3262 1862 3327 ο

2108 3238 2353 3297 Diximus
2376 3245 2437 3294 ut
2471 3244 2703 3293 mortem
2741 3236 2989 3303 calcarit,
3020 3243 3076 3291 et
3103 3235 3453 3291 ambitionem
3480 3252 3496 3303 ;

324 3317 573 3373 Christus
600 3318 730 3386 alat,
766 3319 1005 3390 positum
1034 3335 1196 3391 quem
1226 3320 1279 3374 in
1311 3334 1543 3391 corpore
1569 3328 1792 3377 sanctus
1821 3317 1862 3327 '
1892 3332 1956 3389 95

1730 3334 1792 3376 αδ
1821 3317 1862 3327 ⁷
1892 3331 2001 3389 255
2033 3333 2191 3391 Nunc
2219 3331 2381 3387 aliam
2409 3328 2739 3386 confessoris
2765 3328 3078 3398 cognoscite
3108 3327 3360 3397 palmam.

1510 3413 1716 3490 [alebat
1833 3481 1837 3484 ,
2040 3425 2179 3484 Vicit
2196 3422 2517 3480 avaritiam:
2540 3436 2665 3477 nam
2687 3420 2887 3493 prmdia
2909 3420 3077 3475 multa
3104 3417 3178 3490 (9)
3203 3418 3504 3489 domosque

323 3499 493 3574 ‘09
519 3532 539 3544 '
562 3500 731 3575 410
758 3499 1025 3573 spirans;
1078 3511 1136 3560 εί
1175 3504 1270 3584 ουὶ
1295 3505 1449 3576 Panis
1476 3514 1617 3574 θτίδῑι
1648 3505 1787 3561 Ver'
2035 3517 2247 3577 Divitiis
2272 3514 2516 3587 locuples
2542 3513 2733 3586 patriis
2757 3513 2805 3546 "
2835 3511 3153 3584 possederat
3180 3511 3373 3575 heres;

1258 3600 1409 3674 ibam
1438 3599 1579 3656 Deus
1605 3602 1720 3671 ipse
2036 3609 2332 3669 Confessor
2360 3606 2697 3678 proscriptus
2723 3610 2860 3670 erat,
2892 3602 2989 3661 sed
3019 3619 3153 3673 pace
3182 3599 3431 3668 reducta,

323 3689 621 3748 Crelestum
646 3691 823 3763 panis,
850 3705 962 3762 quo
993 3691 1230 3749 vescitur
1256 3695 1478 3762 angelus
1502 3695 1718 3750 omnis?
2034 3701 2106 3758 Et
2125 3699 2322 3768 ωε,οεί
2353 3698 2537 3767 vellet,
2560 3697 2857 3768 deposcere
2874 3694 3001 3766 jura
3025 3692 3223 3749 licebat
3247 3710 3261 3746 :

180 3789 294 3847 2l5
399 3789 637 3864 Tempus
675 3799 735 3846 ut
778 3791 885 3848 hoc
929 3790 1099 3861 abiit,
1143 3806 1250 3862 pax
1295 3791 1501 3847 reddita
1549 3792 1791 3848 condidit
1890 3793 1999 3850 260
2035 3793 2226 3849 Maluit
2249 3791 2340 3847 ille
2362 3800 2543 3846 tamen
2572 3789 2801 3845 verbum
2829 3801 3023 3844 curare
3050 3785 3289 3853 Magistri
3314 3798 3361 3854 ν,

1501 3884 1709 3958 [cnses,
2036 3884 2247 3943 Cuncta
2283 3883 2473 3952 licent,
2506 3897 2616 3937 non
2645 3892 2838 3937 cuncta
2864 3881 3060 3951 juvant
3080 3876 3103 3915 ἀ
3134 3896 3147 3932 :
3183 3877 3334 3934 licito
3374 3877 3505 3934 utile

321 3974 671 4044 Felicemque
698 3973 843 4032 Deus
871 3974 1083 4030 monuit
1112 3972 1329 4046 prodire
1359 3973 1584 4039 latebra,
3158 3969 3430 4044 [pracfert;

326 4066 431 4136 Qui
455 4068 530 4141 (ε)
553 4068 759 4126 dudum
789 4069 1034 4141 placidas
1062 4068 1244 4124 mundi
1271 4068 1601 4125 clamoribus
1628 4081 1790 4123 aures
2034 4067 2104 4124 Et
2130 4067 2285 4140 quasi
2316 4076 2550 4124 terrenae
2577 4066 2828 4136 contagia
2860 4064 3062 4121 ducere
3090 4063 3247 4131 labis,

316 4160 627 4230 Struxerat,
658 4163 911 4220 humanis
939 4162 1144 4219 ducens
1171 4161 1370 4218 oblivia
1401 4161 1584 4217 rebus.
2035 4158 2259 4215 llorruit
2287 4158 2520 4214 amissos
2547 4157 2601 4211 in
2624 4155 2746 4226 jura
2778 4168 3066 4224 reposcere
3094 4152 3309 4209 fundos.

330 4251 401 4309 Ut
430 4270 601 4311 novus
630 4256 685 4311 in
710 4256 882 4311 lucem
907 4253 1022 4326 jam
1050 4253 1463 4325 desperantibus
1488 4253 1623 4322 exit,
2032 4249 2187 4307 Multi
2234 4247 2337 4323 (lt)
2387 4246 2795 4314 obtendebant,
2848 4260 2963 4317 prae
3016 4245 3225 4302 cunctis
3280 4245 3503 4302 nomine

171 4345 287 4402 220
322 4344 394 4403 Et
417 4349 594 4420 patria
625 4356 897 4418 tamquam
923 4345 1196 4403 redivivus
1217 4347 1273 4403 in
1300 4346 1434 4402 urbe
1463 4345 1695 4400 videtur.
3148 4339 3353 4415 [prisco
3380 4342 3425 4373 "

320 4438 390 4494 Et
419 4439 572 4495 multi
598 4440 851 4496 dubitant
890 4452 1207 4508 agnoscere,
1238 4447 1295 4495 et
1335 4446 1463 4493 ante
1507 4446 1784 4507 rogantes,
1886 4436 1998 4493 265
2033 4435 2319 4494 Archelais
2342 4434 2427 4509 (ἰ),
2454 4442 2567 4490 tam
2587 4440 2773 4491 sancta
2797 4431 2928 4502 fide,
2953 4446 3119 4502 quam
3141 4440 3431 4489 stemmate
3455 4433 3503 4465 “

318 4532 536 4589 Verane
566 4542 618 4590 te
645 4531 851 4589 facies?
880 4532 1076 4604 (aiunt)
1110 4541 1238 4588 tunc
1260 4532 1352 4589 ille
1374 4532 1570 4588 beatus
3230 4524 3421 4597 (clara,

321 4624 588 4683 Reddet-is
608 4625 712 4682 heu
734 4632 890 4682 tanto
912 4625 1069 4681 nobis
1093 4635 1219 4695 post
1247 4632 1493 4696 tempore
1524 4622 1714 4679 Felix?
1815 4652 1865 4712 ι)
2033 4623 2193 4692 Dives
2221 4638 2387 4696 opum
2410 4620 2588 4686 vidua,
2616 4626 2673 4675 et
2700 4630 2950 4674 sanctum
2975 4617 3181 4690 pietate
3210 4617 3351 4674 fideli

318 4716 439 4786 Qua
461 4717 683 4789 regione
710 4717 899 4773 venis?
921 4718 1060 4774 coelo
1087 4716 1267 4784 datus,
1299 4731 1367 4772 an
1398 4715 1690 4787 paradiso?
1820 4711 1841 4712 ί
2030 4715 2269 4773 Felicem
2297 4729 2583 4783 venerans,
2606 4711 2871 4784 atqueilli
2903 4726 3028 4767 cara
3057 4712 3313 4767 vicissim.

170 4808 281 4866 295
317 4807 580 4867 Redditus
610 4811 662 4865 in
692 4821 870 4865 terras
892 4808 1199 4866 habitacula
1221 4817 1413 4866 nostra
1442 4807 1673 4864 revisis?
2034 4809 2196 4882 411
2224 4837 2255 4850 -
2283 4807 2448 4881 412
2483 4805 2613 4861 Haec
2635 4804 2786 4860 illum
2822 4803 2978 4875 juxta
3027 4805 3283 4860 meritum
3328 4819 3499 4861 vene-

397 4901 494 4959 Ille
524 4893 683 4960 tidem
715 4901 911 4970 firmat,
943 4918 1130 4960 coram
1152 4917 1212 4959 se
1235 4916 1467 4973 corpore
1492 4901 1705 4969 adesse,
3001 4898 3156 4973 [rata
3185 4899 3422 4968 colebat,

318 4994 604 5051 Servatum
626 4995 823 5051 vixisse
853 4994 997 5061 Deo;
1030 4994 1122 5050 dat
1149 4994 1341 5063 gaudia
1371 4995 1602 5064 cunctis;
2034 4996 2213 5070 thue
2236 4995 2435 5063 ferunt,
2458 4994 2706 5065 junctum
2735 4996 2952 5053 sibimet
2981 5010 3079 5066 pro
3103 4996 3227 5066 jure
3249 4996 3424 5052 sodali

314 5086 587 5145 Laudibus
614 5097 671 5145 ct
710 5087 914 5143 meritis
941 5088 1144 5160 populo
1173 5086 1481 5144 celebratur
1508 5089 1577 5147 ab
1605 5090 1775 5147 omni.
1885 5088 1994 5144 ’270
2033 5088 2312 5162 Usurpans
2339 5089 2578 5145 animum
2598 5128 2613 5155 ,
2635 5088 2844 5146 crebris
2872 5088 2959 5160 pia
2990 5086 3155 5144 corda
3185 5089 3424 5160 querelis

248 5212 277 5276 9
306 5202 440 5276 Vide
462 5213 577 5263 not.
608 5203 725 5259 l67.
1146 5274 1155 5276 Α
1347 5275 1380 5276 η
1875 5206 2060 5274 lectio,
2087 5221 2208 5276 qua:
2237 5204 2373 5262 infra
2406 5204 2764 5263 confirmatur
2800 5221 2870 5260 ex
2898 5211 3070 5259 versu
3104 5201 3232 5269 272,
3269 5214 3495 5265 terrena

246 5273 277 5315 δ
301 5275 360 5350 id
387 5285 472 5332 est
497 5276 736 5350 populus.
763 5276 906 5350 Fide
931 5292 1098 5350 carm.
1131 5274 1222 5344 ΩΒ,
1240 5292 1300 5350 _v_.
1335 5275 1468 5350 27.“
1798 5312 1802 5318 ι
1877 5273 2121 5350 contagio
2150 5280 2338 5333 ducere
2352 5276 2518 5350 labia.
2551 5275 2692 5350 Ante
2717 5285 2837 5350 erat
2864 5275 3018 5330 nwle.
3064 5307 3068 5310 ‹

247 5357 271 5421 ιζ
300 5344 474 5421 ξάᾲεει
498 5344 725 5421 opostpli
755 5345 931 5403 Pauli.
968 5347 1083 5404 Vid.
1115 5363 1203 5419 ep.
1236 5347 1326 5417 50,
1351 5363 1405 5404 n.
1437 5345 1489 5405 5.
1893 5417 1916 5421 _
1949 5344 2141 5421 (εἷμα
2170 5367 2302 5406 mss.
2332 5348 2442 5405 duo
2471 5349 2687 5421 codices
2715 5345 2900 5421 Gertn.
2934 5356 2990 5402 et
3016 5346 3105 5421 ed.
3137 5344 3328 5421 Schot.
3362 5347 3492 5421 Alii,

241 5416 270 5458 ἀ
301 5417 321 5473 l
349 5411 476 5475 Cor.
500 5411 574 5482 vi.
607 5418 691 5474 l2.
1147 5411 1167 5419 ’
1311 5411 1322 5417 ”
1877 5411 2021 5485 ρειαί
2056 5418 2121 5474 Et
2156 5437 2283 5479 mox
2318 5421 2478 5477 iidem
2518 5418 2627 5475 duo
2661 5435 2819 5485 mss.,
2858 5416 2922 5473 Et
2963 5420 3160 5488 patria.
3196 5418 3363 5485 Alias,
3400 5411 3492 5478 Ut.

244 5490 323 5560 (α)
353 5488 446 5547 Sic
483 5490 891 5563 emendavimus
939 5504 1012 5563 ex
1038 5505 1189 5563 mss:
1236 5489 1449 5547 duobus
1492 5506 1559 5547 co
1579 5493 1769 5548 liciims
1950 5493 2019 5563 (Γ)
2060 5491 2150 5563 Sic
2175 5507 2307 5548 mss.
2337 5492 2447 5563 duo
2471 5489 2657 5547 Germ.
2685 5490 2852 5550 l‘lditi.
2884 5490 3111 5563 largam.

172 5558 441 5636 Germ.__et
479 5560 946 5636 editisuquatuor,
972 5559 1115 5636 Edit.
1161 5561 1347 5636 Rosa,
1393 5581 1567 5636 quam,
1603 5569 1764 5620 male.
1950 5558 2026 5635 (ᾖ)
2056 5562 2184 5636 Mss.
2235 5564 2343 5619 duo
2384 5561 2593 5636 Germ.,
2627 5563 2941 5632 domusque;
2969 5558 3050 5616 Sic
3086 5558 3288 5632 ubique
3326 5560 3494 5618 iidem

243 5631 320 5705 (lt)
343 5630 442 5706 με.
475 5641 615 5689 unus
638 5630 821 5706 Germ.
850 5633 1043 5695 codex,
1067 5633 1323 5706 defudit.
1405 5630 1416 5636 ’
1870 5630 2111 5706 codices,
2144 5635 2327 5706 domus
2357 5650 2457 5705 pro
2484 5634 2688 5706 domos.

242 5705 315 5775 (ε)
345 5703 555 5777 uaros.
589 5710 726 5761 unus
753 5703 939 5777 Germ.
978 5703 1181 5777 codex,
1206 5704 1395 5759 melius
1424 5722 1583 5776 quam
1613 5707 1765 5775 editi,
1947 5708 2025 5777 (Ix)
2054 5705 2155 5777 bis.
2186 5706 2209 5759 1
2244 5703 2456 5777 Gerin.,
2483 5703 2849 5777 obtendebant.

174 5772 396 5854 tenorem.
427 5774 525 5832 Hic
566 5791 755 5832 versus
792 5775 1135 5854 desideratur
1173 5776 1227 5832 in
1274 5777 1381 5833 alio
1428 5772 1528 5832 ms.
1580 5772 1764 5833 Germ.
1892 5849 1923 5854 __
1950 5772 2011 5846 (ί)
2033 5776 2173 5854 _Mss.
2204 5777 2315 5854 duo
2342 5772 2564 5854 (ierim,
2596 5776 2921 5854 Archelaus;
2950 5774 3032 5832 sic
3059 5772 3199 5832 forte
3230 5772 3490 5833 Paulinus

172 5847 404 5922 codice;
645 5919 654 5922 Α
860 5847 866 5854 ’
1136 5920 1151 5922 _
1233 5919 1241 5922 _
1397 5919 1418 5922 _
1874 5845 2091 5919 dixerit,
2121 5857 2179 5904 ut
2210 5847 2468 5904 Melania:
2497 5864 2597 5922 pro
2626 5845 2885 5904 Melania.

242 5917 321 5989 (Δ)
350 5917 442 5975 Sic
479 5919 775 5992 repositum
825 5934 894 5978 ex
941 5936 1066 5980 mss.
1119 5919 1332 5979 duobus
1381 5919 1570 5979 Germ.
1632 5922 1769 5980 Vera
