4134 6422
536 320 637 381 ι87
1470 320 1527 375 S.
1570 318 1839 375 PAULINI
1877 317 2090 374 NOLA)

2202 316 2468 374 lPlSCOPl
2501 316 2849 374 POEliATAI
3728 312 3840 373 488

677 436 839 513 Israel
858 478 873 504 ,
899 451 1167 492 summum
1192 437 1324 505 quia,
1339 435 1471 489 vidit
1490 436 1603 490 alto

544 526 644 583 164
1175 527 1353 581 Corde
1379 537 1613 580 saturem
1640 535 1660 557 η
1683 566 1697 591 ,

681 617 831 676 Unde
859 618 1075 674 Nicetes
1103 633 1256 675 meus
1285 619 1619 688 approbatur

674 710 944 766 kraelites
972 712 1089 764 sine
1112 709 1302 765 fraude
1331 725 1517 774 verus,

677 800 781 869 Qui
802 801 969 856 Deum
999 802 1170 856 cernit
1196 801 1271 871 (α)
1302 801 1488 856 solid:e
1516 798 1639 854 fidei

542 892 640 948 l68
1172 890 1397 945 Lumine
1423 889 1716 945 Christum.

683 983 782 1038 llic
810 983 956 1038 Deus
976 992 1177 1049 noster,
1207 985 1294 1039 via
1325 987 1509 1039 nostra
1534 999 1768 1053 semper,

696 1073 779 1128 Sit
806 1089 991 1129 comes
1017 1076 1202 1139 nobis,
1229 1077 1298 1129 sit
1324 1087 1380 1131 et
1408 1083 1718 1130 antecessor
1746 1092 1760 1126 :

681 1169 902 1225 Scmitis
925 1169 1126 1235 lumen,
1159 1171 1488 1240 pedibusque
1514 1168 1716 1225 nostris

544 1259 650 1315 173
1178 1262 1369 1318 Sermo
1399 1263 1619 1317 lucerna
1647 1260 1698 1315 δ.

685 1354 802 1421 Qua
828 1370 928 1426 per
954 1355 1169 1410 obscuri
1198 1354 1332 1409 vada
1363 1368 1501 1409 cmca
1532 1351 1660 1407 secli
1689 1353 1733 1418 ’,

688 1444 931 1502 Luminis
943 1447 1056 1502 veri
1081 1448 1195 1502 face
1215 1447 1524 1514 dirigamur,

684 1534 868 1594 Donec
887 1548 1102 1609 optatos
1122 1540 1282 1593 liceat
1302 1539 1492 1593 salutis

541 1626 647 1682 176
1182 1628 1428 1699 Tangere
1456 1637 1665 1699 portus,

681 1717 833 1788 Quos
852 1722 1017 1778 modo
1036 1720 1301 1777 undosum
1318 1722 1549 1792 petimus
1571 1738 1668 1791 per
1691 1735 1877 1790 aequor
1892 1762 1908 1787 ,

682 1810 822 1867 Dum
851 1827 1000 1881 vagae
1026 1814 1224 1869 mentis
1250 1812 1533 1867 ﬂuitamus
1561 1821 1695 1867 :estu
1719 1830 1733 1865 :

683 1901 908 1967 Terreo,
940 1912 1215 1974 tamquam
1246 1903 1419 1971 fragili
1447 1904 1661 1970 carina,

541 1993 646 2053 l80
1174 1994 1418 2065 Corpore
1451 1995 1608 2051 vecti.

678 2092 787 2149 Sed
807 2092 1135 2163 gubernaclo
1170 2103 1190 2130 ο
1217 2093 1392 2147 erucis
1414 2092 1553 2147 hanc
1583 2099 1807 2159 regente

676 2187 833 2243 Nunc
860 2195 1031 2242 ratem
1051 2229 1065 2251 ,
1098 2186 1151 2240 in
1180 2186 1337 2242 nobis
1366 2186 1452 2254 pia
1480 2185 1598 2239 vela
1622 2184 1803 2238 cordis

679 2277 991 2345 Pandimus,
1021 2276 1238 2333 Christo
1266 2277 1534 2332 referente
1561 2277 1713 2330 littus

538 2367 644 2425 ηδ
1176 2368 1423 2424 Flamine
1446 2369 1665 2423 dextro.

675 2459 821 2529 Ergo
847 2458 956 2515 dux
982 2460 1126 2514 idem
1154 2460 1318 2514 modo
1346 2466 1709 2529 prosequatur

674 2549 753 2607 Te
775 2550 883 2617 via,
910 2566 1017 2620 qua
1043 2564 1186 2606 nunc
1205 2565 1468 2622 properas
1492 2557 1772 2604 revertens

680 2641 768 2699 lre
795 2642 1004 2713 Nieeta,
1024 2644 1310 2715 patrioque
1337 2641 1530 2698 reddat

540 2733 648 2793 188
1181 2734 1389 2791 Limine
1410 2743 1586 2791 tutum
1612 2736 1677 2791 “.

674 2828 782 2885 Sed
811 2828 948 2886 freto
972 2843 1192 2885 emenso
1220 2840 1467 2900 superest
1492 2829 1695 2885 viarum

676 2919 885 2978 Rursus
914 2920 971 2976 in
994 2927 1137 2976 terra
1166 2916 1343 2988 labor,
1372 2926 1430 2974 ut
1448 2919 1666 2975 veheris

689 3011 871 3083 Usque
899 3011 1102 3078 felices,
1126 3013 1320 3083 quibus
1345 3028 1405 3068 es
1431 3011 1691 3069 sacerdos

536 3103 641 3160 192
1166 3101 1451 3160 Praestitus
1475 3118 1619 3160 oras.

678 3194 759 3251 'l‘u
786 3194 1111 3266 Philippaws
1132 3194 1409 3251 Macedum
1434 3210 1533 3266 per
1553 3209 1713 3266 agros

675 3283 781 3340 Per
808 3284 1149 3360 Tomitanam
1172 3285 1435 3355 gradieris
1462 3288 1674 3353 urbem,

671 3376 777 3433 Ibis
803 3386 858 3433 et
884 3376 1090 3448 Scupos
1115 3374 1141 3415 ἀ
1169 3379 1357 3448 patria:
1395 3378 1729 3449 propinquos

534 3467 637 3524 £96
1169 3468 1444 3525 Dardanus
1467 3470 1685 3539 hospes.

672 3558 717 3613 θ
744 3560 938 3630 quibus
966 3557 1078 3627 jam
1108 3567 1235 3613 tunc
1264 3560 1539 3615 resonabit
1565 3559 1657 3614 illa

675 3650 898 3706 Caudiis
926 3651 1084 3706 tellus
1113 3650 1202 3705 ubi
1236 3659 1292 3705 tu
1320 3652 1562 3720 rigentes

673 3742 886 3799 Edoces
915 3741 1135 3798 Christo
1164 3742 1277 3797 fera
1306 3743 1443 3798 colla
1475 3744 1516 3775 “
1542 3742 1661 3797 miti

531 3836 636 3891 200
1172 3832 1415 3890 Snbdere
1437 3835 1657 3904 gentes!

670 3927 894 3997 Quaque
918 3926 1155 3996 Riphreis
1184 3926 1387 3983 Boreas
1407 3928 1463 3983 in
1492 3929 1605 3982 oris

670 4022 866 4092 Alligat
889 4020 1070 4075 densis
1091 4018 1284 4075 ﬂuvios
1309 4018 1546 4090 pruinis,

668 4114 767 4171 llic
792 4114 914 4184 gelu
943 4121 1154 4169 mentes
1181 4112 1381 4181 rigidas
1409 4126 1648 4182 superno

527 4205 630 4262 204
780 4230 784 4233 ν
1164 4204 1290 4276 lgne
1323 4205 1578 4262 resolves.

668 4280 988 4354 Nam'simul
1016 4298 1177 4353 terris
1205 4297 1506 4367 animisque
1531 4296 1686 4364 duri,

666 4388 730 4444 Et
755 4405 851 4445 sua
881 4389 1030 4445 Bessi
1059 4389 1181 4445 nive
1202 4386 1469 4456 duriores,

664 4485 818 4543 Nune
844 4502 976 4542 oves
1004 4485 1130 4541 facti
1158 4484 1295 4540 duce
1324 4493 1378 4541 te
1406 4495 1698 4555 gregantur

522 4575 627 4632 208
1160 4575 1316 4632 Pacis
1344 4577 1398 4631 in
1428 4577 1627 4631 aulam.

663 4669 913 4740 Quasque
942 4669 1183 4725 cervices
1206 4668 1337 4722 dare
1364 4668 1642 4732 servituti,

663 4764 890 4833 Semper
911 4778 942 4817 a
971 4762 1112 4817 bello
1140 4760 1380 4815 indomiti
1412 4769 1675 4827 negarunt
1700 4799 1716 4827 ,

663 4853 965 4924 Nuncjugo
996 4852 1112 4910 veri
1137 4852 1340 4907 domini
1365 4853 1618 4907 subactas
1714 4922 1723 4928 ἑ

523 4946 626 5004 2ιὲ
1156 4942 1409 4999 Sternere
1429 4942 1684 5012 gaudent.

590 5092 614 5121 ³·
645 5082 781 5138 Cen.
804 5099 972 5143 xxxn,
1004 5080 1092 5135 28.

590 5152 616 5192 δ
648 5153 787 5208 Psal.
821 5170 1002 5210 cxvm.
1038 5150 1155 5207 ltili.

589 5236 613 5264 ε
648 5224 777 5279 Vide
801 5233 913 5277 not.
946 5223 1070 5277 258.

586 5296 611 5333 ά
644 5296 777 5349 Vide
806 5304 919 5349 not.
952 5294 1077 5349 2359.

590 5376 615 5404 ο
638 5364 770 5419 Vide
791 5380 877 5433 ep.
906 5364 995 5431 51,
1026 5382 1078 5420 n.
1116 5363 1200 5418 1‘2.

592 5436 610 5475 ί
640 5434 775 5490 Cen.
800 5452 874 5490 iV.

587 5518 611 5577 β
642 5505 697 5559 ld
726 5514 809 5561 est
838 5506 1064 5577 deponit.
1101 5506 1230 5561 Vizle
1258 5523 1420 5563 carm.
1463 5507 1557 5572 Η,
1589 5526 1641 5564 v.
1675 5508 1766 5565 8i.

584 5575 610 5614 ¹³
632 5576 773 5632 Vide
800 5575 911 5631 not.
935 5576 1041 5631 250
1071 5589 1123 5633 et
1150 5577 1275 5632 "liii.

592 5646 605 5684 ⁸
632 5647 754 5702 lsai.
790 5664 857 5708 η,
891 5648 921 5700 7
950 5658 1005 5704 et
1032 5650 1083 5705 8.

584 5718 659 5786 (α)
686 5716 785 5772 Ms.
815 5716 996 5774 Germ.
1026 5731 1078 5776 et
1103 5721 1187 5777 ed.
1221 5719 1406 5786 Grin.,
1437 5722 1623 5777 solido.

587 5788 658 5859 (ό)
686 5788 760 5861 lt_a
791 5806 890 5845 ms.
917 5788 1295 5847 Gnrmanensis
1320 5793 1514 5848 cedes.
1549 5793 1835 5861 l'erperam
1872 5793 1961 5847 alii
1996 5810 2091 5848 co-

536 5863 678 5930 iceS,
706 5859 1019 5918 Baream.
1041 5862 1212 5921 Schut
1258 5865 1308 5919 in
1341 5879 1533 5938 marg,
1569 5859 1799 5920 Borrhw.
1822 5862 1930 5920 Nos
1958 5880 2090 5920 veru

2147 440 2196 495 Α
2367 430 2520 486 Nunc
2541 433 2711 498 «inagis
2730 431 2881 487 dives
2915 432 3091 502 pretio
3120 433 3322 489 laboris

2367 511 2565 579 Bessus
2592 526 2827 579 exsultat
2850 527 2892 557 ι’
2917 542 2932 579 :
2955 524 3100 595 quod
3126 527 3273 581 humi
3302 536 3587 584 manuque

2367 617 2506 673 Ante
2526 618 2822 687 quaerebat,
2854 618 3019 673 modo
3047 629 3228 676 mente
3252 619 3395 675 cmlo

2224 708 2330 761 an:
2864 712 3080 781 Colligit
3108 729 3321 768 aurum.

2369 802 2765 876 521—523
2786 803 2831 858 Ο
2849 806 2994 864 vices
3021 805 3237 860 rerum!
3269 805 3411 860 bene
3431 819 3595 860 versa
3624 802 3846 859 fama!

2369 890 2501 946 lnvii
2532 905 2744 948 montes
2766 895 2933 963 prius,
2956 901 3011 950 et
3031 895 3266 958 cruenti,

2373 983 2522 1040 Nunc
2553 992 2741 1055 tegunt
2766 1000 2954 1042 versos
2986 996 3010 1024 ο
3039 986 3321 1041 monachis
3348 985 3598 1041 latrones

2221 1074 2335 1129 220
2868 1076 3024 1134 Pacis
3049 1078 3320 1134 alumnos.

2373 1165 2659 1235 Sanguinis
2684 1168 2979 1239 quondam,
3001 1170 3164 1224 modo
3192 1178 3334 1224 terra
3363 1169 3492 1224 vita:
3513 1176 3627 1232 est.

2377 1261 2615 1316 Vertitur
2642 1264 2781 1317 caelo
2812 1263 2897 1331 pia
2921 1262 3000 1316 vis
3028 1264 3321 1327 latronum,

2381 1353 2446 1408 Et
2495 1352 2640 1410 favet
2666 1353 2914 1409 Christus
2942 1370 3139 1425 supera
3168 1352 3460 1425 occupanti

2224 1445 2336 1502 29.4
2652 1438 2653 1441 “
2872 1446 3058 1516 Regna
3085 1448 3310 1516 rapinae.

2373 1535 2491 1592 Mos
2509 1537 2597 1593 ubi
2618 1536 2889 1606 quondam
2912 1537 3084 1594 fuerat
3106 1538 3364 1600 ferarum,

2374 1628 2526 1685 Nunc
2556 1629 2628 1684 ibi
2654 1630 2790 1687 ritus
2818 1631 2965 1698 viget
2991 1630 3306 1699 angelorum
3332 1647 3347 1683 :

2377 1720 2444 1775 Et
2474 1722 2605 1776 latet
2621 1721 2800 1792 justus
2821 1762 2837 1787 ,
2860 1722 3055 1791 quibus
3081 1723 3196 1791 ipse
3228 1722 3366 1776 latro

2162 1837 2206 1895 Β
2233 1812 2339 1869 2Ξ8
2878 1814 3023 1870 Vixit
3046 1814 3100 1868 in
3131 1814 3321 1869 antris.

2376 1902 2563 1959 Prada
2588 1903 2647 1958 fit
2674 1904 2889 1961 Sanctis
2920 1915 3075 1961 vetus
3097 1906 3186 1959 ille
3212 1905 3426 1975 praedo,

2373 1993 2442 2048 Et
2470 1994 2638 2061 gemit
2663 1995 2837 2050 versis
2874 1995 3143 2052 homicida
3177 1996 3391 2050 damnis
3419 2013 3434 2050 :

2374 2083 2504 2139 Jure
2527 2084 2778 2148 nudatus,
2808 2086 3076 2157 spoliante
3097 2086 3315 2141 Christo
3329 2126 3347 2151 ,

2230 2176 2338 2231 259.
2872 2179 3125 2235 Criminis
3145 2180 3333 2236 armis.

2377 2266 2569 2321 Interit
2588 2282 2716 2322 casu
2741 2276 2944 2323 satana:
2973 2268 3206 2324 vicissim

2372 2358 2590 2414 Invidus
2617 2358 2776 2430 Cain,
2805 2360 3074 2415 redivivus
3098 2360 3231 2414 Abel

2378 2449 2558 2506 Pascit
2577 2448 2731 2505 etfusi
2758 2452 2937 2523 pretio
2962 2450 3237 2506 redemtos

2223 2540 2337 2597 256
2720 2580 2725 2583 -
2800 2570 2803 2577 -
2869 2540 3160 2611 Sanguinis
3188 2552 3359 2613 agnos
3390 2541 3411 2583 ⁸

2374 2630 2538 2701 Euge,
2563 2632 2774 2702 Niceta,
2795 2632 2938 2689 bone
2965 2647 3122 2689 serve
3147 2631 3373 2704 Christi,

2372 2724 2477 2791 Qui
2498 2724 2595 2779 tibi
2622 2725 2785 2779 donat
2819 2724 3024 2797 lapides
3042 2724 3097 2780 in
3124 2731 3272 2779 astra

2377 2814 2626 2881 Vertere,
2650 2822 2705 2871 et
2727 2815 2863 2871 vivis
2891 2828 3048 2872 sacra
3073 2816 3275 2886 templa
3295 2816 3477 2873 saxis.

2224 2903 2335 2959 240
2814 2958 2817 2961 λ
2874 2904 3193 2962 :Edificare.

2371 2998 2535 3055 Arios
2562 2999 2760 3063 saltus,
2787 2998 2917 3069 iuga
2944 3008 3098 3056 vasta
3130 3000 3354 3066 lustras,

2372 3090 2509 3147 Dum
2538 3092 2682 3147 viam
2702 3093 2919 3162 quaeris,
2946 3094 3294 3166 sterilemque
3325 3095 3524 3153 silvam

2145 3214 2199 3277 ε
2240 3273 2261 3277 Α
2282 3274 2292 3277 _
2316 3273 2329 3277 _
2372 3184 2567 3267 Mentis
2594 3186 2806 3241 incultae
2833 3201 3098 3277 superans
3120 3188 3176 3242 in
3203 3202 3364 3258 agros

2234 3273 2337 3327 ΞΗ
2870 3275 3051 3333 Vertis
3078 3279 3313 3350 opimos.
3413 3310 3424 3319 -

2371 3366 2447 3422 Te
2469 3377 2676 3436 patrem
2697 3367 2829 3424 dicit
2857 3368 3011 3440 plaga
3041 3379 3157 3425 tota
3188 3369 3263 3442 (ὁ)
3285 3369 3475 3428 Borrae

2373 3460 2452 3513 Ad
2483 3466 2606 3513 tuos
2632 3457 2773 3515 fatus
2800 3459 3002 3532 Scytha
3031 3462 3329 3532 mitigatur,

2371 3549 2435 3605 Et
2458 3551 2541 3606 sui
2567 3551 2774 3614 discors
2804 3550 2917 3608 fera
2948 3560 3002 3608 te
3032 3554 3294 3623 magistro

2218 3641 2332 3695 248
2680 3633 2685 3637 ’
2865 3643 3098 3701 Pectora
3127 3648 3282 3718 ponit
3311 3657 3359 3702 8.

2370 3735 2438 3792 Et
2464 3736 2614 3793 Geta:
2643 3746 2887 3804 currunt,
2914 3747 2970 3793 et
2997 3747 3226 3809 uterque
3255 3739 3434 3798 Dacus
3465 3759 3482 3795 :

2368 3830 2472 3896 Qui
2500 3830 2630 3885 colit
2654 3838 2816 3886 terra:
2845 3830 3044 3899 medio,
3077 3832 3162 3886 vel
3191 3832 3283 3887 ille

2369 3921 2558 3978 Divitis
2582 3924 2751 3980 multo
2779 3923 2918 3979 bove
2949 3922 3021 3995 (ε)
3052 3924 3301 3995 pilleatus
3333 3922 3361 3963 ιι

2223 4012 2331 4068 25?.
2863 4014 3061 4070 Accola
3099 4017 3142 4070 ri
3148 4031 3249 4087 pm.

2371 4112 2447 4167 De
2475 4111 2615 4181 lupis
2628 4112 2741 4167 hoc
2768 4119 2852 4166 est
2879 4112 3078 4169 vitulos
3104 4129 3322 4182 creare,

2363 4202 2430 4257 Et
2457 4204 2581 4259 bovi
2608 4204 2851 4273 junctum
2880 4207 3038 4278 palea
3067 4207 3279 4264 leonem

2365 4294 2627 4362 Pascere,
2658 4305 2712 4351 et
2744 4296 2870 4351 tutis
2893 4313 3025 4353 cava
3058 4299 3368 4368 viperarum

2220 4385 2328 4441 256
2864 4384 3110 4442 Pandere
3131 4390 3313 4460 parvis
3351 4390 3394 4450 ί,

2364 4481 2607 4553 Namque
2630 4490 2914 4537 mansueto
2944 4481 3127 4551 pecori
3144 4483 3298 4538 coire

2143 4610 2198 4672 Β
2360 4572 2573 4628 Bestias
2601 4572 2750 4643 pulsa
2780 4570 2994 4628 feritate
3020 4573 3234 4638 suades,

2359 4663 2459 4732 Qui
2485 4662 2627 4720 feras
2653 4675 2864 4719 mentes
2898 4664 3177 4721 hominum
3207 4666 3380 4737 polito

2221 4760 2326 4816 260
2860 4760 3060 4817 imbuis
3088 4777 3203 4817 ore.

2359 4849 2516 4906 Orbis
2536 4849 2589 4905 in
2613 4858 2760 4905 muta
2781 4852 3004 4921 regione
3030 4860 3204 4923 perte

2363 4947 2585 5003 Barbari
2616 4946 2831 5004 discunt
2857 4963 3115 5004 resonare
3144 4948 3419 5005 Clu-istum

2200 5103 2274 5141 ex
2302 5083 2622 5162 insaeodiee
2658 5082 2842 5138 Germ.
2894 5093 3208 5153 pervetusto
3229 5086 3571 5162 correximus
3608 5089 3832 5162 Bome,

2200 5172 2274 5212 eo
2300 5154 2654 5210 conﬁdentius
2674 5170 2801 5223 quo,
2836 5167 3031 5224 [muter
3052 5159 3431 5212 necessitatem
3462 5161 3646 5217 metri.
3666 5154 3836 5220 eam:

2205 5227 2333 5281 dem
2364 5242 2550 5279 vocem
2579 5227 2645 5303 ad
2677 5228 3000 5303 vetustiores
3026 5226 3240 5303 codices
3266 5227 3546 5303 PlPdetllli
3579 5234 3836 5303 castiga-

2209 5306 2317 5371 tam
2342 5296 2651 5371 περινέειᾲῇ
2688 5295 2935 5351 Heinsius
2967 5299 3018 5352 in
3052 5298 3195 5352 notis
3225 5299 3294 5354 ad
3324 5298 3705 5371 Psychomach
3728 5295 3805 5361 Ἦν

2209 5368 2334 5428 8ἱ7,
2362 5368 2538 5433 aiqidu
2564 5366 2761 5422 Horme.

2284 5442 2353 5503 (ιτ)
2385 5438 2473 5491 Sir
2503 5438 2904 5492 erncndavimns
2944 5454 3009 5493 ex
3060 5456 3160 5493 ms.
3210 5439 3398 5495 codice
3436 5439 3624 5497 Germ.
3672 5442 3829 5501 Ante.

2207 5519 2323 5582 erat
2362 5511 2627 5582 polluatur.
2657 5511 2907 5582 _A_t_rerte
2946 5511 3367 5582 pilleatumsive
3392 5513 3616 5582 pilenlus
3644 5532 3663 5568 :
3698 5516 3807 5571 Pil-

2204 5580 2336 5633 lmri
2366 5581 2505 5633 enim
2530 5580 2671 5649 apud
2705 5579 2986 5649 lflpiamnn
3018 5580 3213 5636 dicitur
3234 5581 3283 5634 in
3315 5579 3508 5637 Collat.
3538 5585 3675 5650 legis
3704 5586 3825 5642 Μο-

2201 5653 2357 5706 saicae
2389 5652 2452 5703 tit
2498 5650 2550 5717 2,
2583 5659 2770 5720 estque
2794 5692 2807 5716 ,
2839 5653 2974 5721 pileo
3005 5652 3208 5705 donari.
3254 5651 3521 5707 Henricus
3552 5654 3823 5713 Valesius

2202 5721 2253 5774 in
2282 5725 2420 5775 notis
2441 5722 2505 5775 ad
2549 5734 2798 5791 execrpta
2823 5765 2838 5785 ,
2894 5725 3135 5792 pilaalns,
3168 5737 3289 5792 pag.
3333 5722 3440 5776 205
3467 5725 3506 5778 Β
3536 5725 3604 5781 de
3629 5726 3822 5791 Lega-

2198 5792 2453 5915 t’ig’nihus.
2486 5792 2589 5848 Sed
2624 5793 2740 5848 vide
2768 5791 2900 5864 quid
2922 5794 3006 5848 hic
3034 5791 3299 5863 signiticet
3315 5794 3560 5867 pilleatus
3585 5796 3642 5853 in
3681 5809 3814 5856 not.
