4134 6424
338 382 444 440 497
1756 396 1970 454 ΡΟΕΜΑ

2024 398 2207 457 XVIII.
3521 403 3635 461 .198

331 498 440 558 380
477 506 644 565 Dulce
672 508 945 567 laboranti
978 528 1084 568 non
1117 513 1267 568 irrita
1299 513 1469 581 gratia
1503 524 1741 585 praestet,
1956 521 2003 581 Α
2324 576 2327 579 λ

474 595 765 658 Obiecta“
790 604 1007 675 “apem
1036 620 1203 660 censu
1232 606 1513 676 [memque
1542 607 1737 677 pecu“.
2177 588 2460 660 Temporis
2486 587 2706 656 oblitus,
2739 588 2922 647 damni
2956 604 3186 655 memor,
3215 589 3355 645 ostia
3383 602 3554 668 prono

551 689 664 749 Hos
694 694 783 750 ubi
815 711 956 751 nunc
998 711 1236 767 qumram
1285 698 1672 755 miserandus?
1709 700 1928 768 quando
2173 688 2183 731 ⁴

2173 681 2283 738 Ore
2302 698 2579 773 premens,
2613 692 2730 739 toto
2758 684 3081 756 prohibebat
3104 698 3336 757 corpore
3370 683 3624 740 claustra.

1416 792 1523 865 [vel
1552 787 1780 863 nsquam
1811 794 1856 824 ’⁷
2246 776 2356 834 Sed
2382 778 2568 835 multis
2595 777 2792 835 frustra
2822 779 2893 852 (ε)
2922 779 3194 850 pulsatum
3221 780 3449 837 vocibus
3469 793 3631 835 aures

475 875 752 935 Inveniam
784 880 966 936 tales?
993 891 1085 936 aut
1116 879 1256 937 unde
1283 883 1489 951 parabo
1525 892 1775 954 repertos
1796 885 1820 925 ν

2177 868 2502 940 Aggreditur
2546 870 2784 928 violenta
2844 888 3039 928 manus
3082 889 3098 940 ;
3162 873 3490 944 tandemque
3542 888 3630 927 re-

477 968 578 1035 Qui
600 970 751 1026 solos-
776 971 934 1028 habui
964 981 1233 1029 contenta:
1261 973 1493 1029 rusticus
1520 974 1642 1029 illos
1731 1043 1737 1048 _
3306 967 3325 1042 [
3332 967 3481 1022 vellit
3511 967 3556 1001 ³⁸

325 1058 440 1115 ιεέ»
475 1058 816 1133 Paupertatis
844 1066 1023 1134 opes!
1051 1063 1202 1135 Ipsos
1230 1065 1391 1134 igitur
1418 1065 1551 1120 mihi
1575 1065 1759 1130 redde,
2029 1056 2136 1112 350
2174 1056 2351 1113 Turba
2382 1058 2760 1120 reluctantem,
2792 1067 2847 1113 et
2872 1069 3057 1115 sancta
3082 1061 3267 1130 procul
3291 1063 3457 1131 exigit
3478 1063 3621 1117 aula.

478 1154 613 1211 Nolo
641 1156 794 1212 alios.
846 1157 954 1213 Nec
978 1174 1075 1213 eos
1103 1159 1206 1213 ulla
1235 1160 1458 1227 regione
1487 1160 1777 1228 requiram,
2243 1151 2437 1209 Pulsus
2462 1153 2531 1209 ab
2555 1153 2768 1209 adiutis
2793 1152 2887 1209 ﬂet
2912 1155 3169 1218 amarius,
3199 1165 3255 1212 et
3281 1146 3377 1211 Sila
3408 1156 3600 1227 lugens

474 1248 577 1306 Hic
603 1249 735 1305 mihi
761 1252 1066 1306 debentur:
1100 1252 1217 1308 haec
1243 1252 1365 1307 illos
1390 1252 1573 1307 limina
1600 1251 1850 1315 reddent,
2170 1249 2333 1304 Tecta
2363 1249 2515 1318 petit,
2551 1258 2809 1305 resonant
2835 1250 3092 1320 plangore
3120 1251 3331 1308 silentia
3352 1260 3551 1318 noctis,

472 1339 531 1394 In
557 1339 750 1410 quibus
778 1342 952 1413 ipsum
980 1353 1035 1397 te
1059 1342 1287 1414 supplex
1316 1343 1611 1411 adstringo,
1647 1344 1851 1411 tibique
2169 1343 2458 1411 Questibus
2486 1344 2564 1414 id)
2595 1352 2647 1398 et
2679 1347 2887 1407 magnis
2916 1345 3022 1400 late
3053 1344 3170 1400 loca
3190 1345 3305 1400 sola
3326 1345 3621 1401 resultant:

474 1431 665 1490 Haereo
691 1451 707 1502 ς
748 1451 847 1491 cur
872 1450 1111 1505 quaeram
1134 1475 1152 1499 ,
1184 1443 1277 1491 aut
1301 1436 1428 1501 ubi,
1457 1452 1598 1507 quos
1628 1439 1819 1504 ignoro
1847 1438 1924 1491 la-
2175 1436 2358 1490 Donec
2386 1444 2442 1489 et
2464 1435 2661 1490 invitus
2690 1435 2954 1505 pervenit.
2986 1443 3042 1490 et
3068 1443 3187 1490 atra
3216 1437 3428 1491 silentis

1601 1530 1852 1605 [ιι-οηεεῖ
2026 1526 2131 1601 335
2167 1527 2479 1597 Ingrediens
2506 1529 2683 1596 tuguri
2713 1528 3032 1597 penetralia,
3063 1544 3247 1586 rursus
3275 1530 3344 1583 ali
3370 1529 3491 1601 ipso

321 1616 437 1673 290
466 1618 693 1677 Debitor
719 1622 807 1678 hic
835 1637 988 1679 meus
1014 1629 1136 1689 est;
1174 1623 1349 1694 ipsum
1377 1622 1624 1693 profore
1656 1623 1851 1681 tenebo
2166 1618 2431 1676 Culminis
2451 1619 2673 1675 introitu
2704 1620 2871 1684 taciti,
2895 1631 2963 1675 .ut
2989 1623 3247 1693 pmsepia
3278 1624 3413 1680 vidit

467 1711 800 1770 Custodem:
852 1724 907 1770 tu
932 1757 949 1783 ,
1000 1724 1188 1771 sancte
1214 1758 1230 1783 ,
1281 1731 1407 1771 rens
1449 1717 1579 1770 mihi
1604 1758 1619 1781 ,
1659 1716 1923 1771 conscius
2171 1713 2318 1771 Nuda
2346 1714 2531 1780 boum,
2564 1724 2620 1769 et
2648 1714 2826 1769 nullos
2847 1714 2980 1769 dare
3008 1716 3363 1772 tintinnabula
3393 1717 3601 1789 pulsus,

1679 1808 1843 1879 [illisz
2165 1805 2405 1862 Excussa
2434 1814 2494 1862 ut
2522 1806 2733 1862 cervice
2761 1806 2925 1861 boum
2953 1809 3219 1877 crepitare
3246 1809 3514 1876 solebant,

464 1898 548 1956 Te
572 1907 733 1956 teneo
759 1916 775 1967 ;
809 1909 865 1956 tu
886 1902 994 1958 scis
1017 1902 1106 1957 ubi
1135 1902 1261 1966 sint,
1296 1904 1389 1972 qui
1419 1902 1619 1957 lumine
1649 1900 1847 1955 Christi
1953 1920 1996 1980 Β
2169 1896 2382 1954 Mollius
2409 1907 2504 1953 aut
2527 1898 2689 1953 lentis
2717 1914 2848 1953 cava
2878 1899 3075 1968 linguis
3103 1916 3210 1957 tera
3243 1903 3424 1963 ferire.

460 1994 669 2052 Cuncta
689 2003 746 2052 et
764 2008 955 2068 operta
976 1996 1150 2062 vides.
1167 1998 1435 2066 longeque
1456 1997 1698 2065 absentia
1720 1996 1917 2062 cernis,
2020 1990 2128 2046 540
2165 1991 2482 2046 Armentum
2506 1990 2731 2047 reduces
2750 1991 2877 2047 dum
2897 2001 3114 2061 gutture
3136 1995 3376 2052 ruminat
3394 1999 3618 2056 escas":

464 2087 533 2144 Et
555 2090 741 2162 capis,
772 2089 1080 2146 includente
1117 2090 1247 2156 Deo,
1278 2105 1390 2161 quo
1417 2099 1611 2146 cuncta
1643 2097 1915 2144 leniuntur.
2165 2082 2258 2138 llis
2285 2083 2501 2153 gravius
2530 2090 2804 2152 tamquam
2826 2086 3053 2141 rescisso
3077 2087 3318 2156 vulnere,
3342 2091 3621 2159 planctum

318 2180 434 2238 £95
468 2184 642 2254 Atque
669 2184 791 2240 ideo
817 2184 1025 2241 occulti
1043 2183 1205 2249 fures,
1239 2199 1581 2256 quacumque
1613 2184 1817 2239 latebra
1846 2202 1849 2205 λ
2163 2175 2400 2245 Integrat
2416 2192 2430 2226 τ
2446 2183 2504 2231 et
2523 2191 2851 2245 quamquam
2873 2186 3032 2246 neget
3050 2192 3196 2247 aegro
3213 2192 3343 2236 cura
3358 2181 3616 2252 quietem,

466 2275 584 2332 Non
613 2275 711 2332 tibi
736 2271 1004 2340 celantur,
1033 2290 1133 2331 nec
1158 2276 1227 2332 de
1258 2286 1311 2332 te
1339 2279 1572 2331 evadere
1600 2284 1849 2348 possunt,
2163 2269 2414 2341 Pervigili
2447 2270 2515 2343 (ε)
2546 2280 2730 2327 tamen
2760 2272 2875 2328 hazc
2898 2272 2991 2327 dat
3024 2273 3324 2331 solamenta
3346 2274 3544 2343 dolori,

460 2367 611 2437 Quos
630 2379 689 2425 et
702 2368 816 2438 jam
835 2384 1031 2425 manus
1051 2385 1157 2425 una
1183 2377 1349 2426 tenet.
1385 2370 1529 2427 Deus
1545 2386 1683 2425 unus
1698 2370 1916 2443 ubique,
2167 2362 2237 2420 Ut
2264 2364 2738 2420 bnhm‘slabulala
2769 2365 2883 2420 suis
2912 2365 3029 2445 loca
3058 2382 3293 2440 corpore
3321 2367 3441 2426 fuso

465 2450 665 2519 Christi
695 2461 890 2517 blanda
911 2462 1039 2533 piis,
1069 2461 1167 2519 sed
1198 2464 1397 2532 iniquis
1425 2462 1648 2518 dextera
1677 2462 1897 2520 vindex.
2021 2456 2126 2513 διδ
2163 2455 2357 2513 Pressa
2385 2454 2765 2526 superiacta-1t:
2806 2472 2906 2512 nec
2931 2458 3070 2514 dum
3102 2457 3267 2517 fracta
3295 2461 3459 2519 cubili

464 2558 650 2615 Redde
677 2558 842 2628 igitur
869 2558 1024 2623 mihi,
1046 2557 1215 2614 redde
1235 2558 1404 2614 boves
1431 2569 1487 2615 et
1509 2561 1723 2631 corripe
1751 2562 1914 2616 fures.
2163 2548 2404 2604 Membra
2450 2546 2640 2604 ἀθκηῑ
2664 2588 2679 2612 ο
2719 2547 2871 2617 Ῑιινθῑ
2901 2548 3013 2620 ipsa
3055 2549 3248 2621 injuria
3273 2566 3291 2620 ς
3342 2568 3443 2611 nec
3480 2556 3621 2614 situs

317 2648 426 2710 300
530 2652 637 2709 Sed
680 2666 790 2708 non
837 2667 1025 2724 quaero
1069 2667 1197 2708 reos
1222 2692 1238 2718 ,
1296 2654 1533 2720 abeant,
1581 2670 1690 2711 non
1732 2657 1920 2712 nescio
3338 2646 3546 2720 [horret

1646 2752 1848 2826 [αισι-ες
2162 2733 2449 2790 Sordentis
2478 2733 2698 2800 stabuli,
2727 2734 2854 2804 quia
2887 2741 3074 2790 notum
3104 2735 3281 2793 reddit
3307 2739 3533 2798 odorem

460 2842 658 2899 5mm
700 2850 859 2907 ιυοε,
906 2843 1084 2899 nescis
1111 2842 1187 2917 (α)
1229 2844 1372 2899 male
1415 2842 1554 2898 fama
1595 2845 1918 2915 rependere,
2165 2827 2359 2884 Dilecti
2386 2828 2620 2897 pecoris,
2652 2843 2753 2884 nec
2782 2826 2945 2884 fmtor
2973 2828 3125 2885 fmtet
3151 2833 3375 2888 amanti.

1653 2936 1848 3011 [mavis
2163 2920 2222 2978 Si
2248 2937 2351 2994 qua
2385 2922 2460 2978 illi
2489 2930 2738 2978 extremo
2769 2922 3005 2978 tulerant
3037 2926 3260 2994 vestigia
3286 2941 3473 2995 gressu

462 3026 766 3085 Emendare
795 3028 967 3083 malos
996 3029 1171 3096 venia,
1208 3045 1372 3102 quam
1399 3029 1629 3101 perdere
1660 3045 1841 3101 pecua.
2020 3013 2125 3069 350
2165 3015 2370 3086 ΑεΡίείί
2399 3014 2469 3084 ³³»
2498 3023 2551 3071 εί
2584 3015 2839 3086 Pi”me
2866 3030 3026 3070 manu
3057 3018 3261 3074 (3³1031³
3291 3027 3603 3076 retractanti

530 3110 839 3178 Conveniat
866 3120 1023 3175 nobis
1050 3122 1250 3191 igitur:
1282 3122 1360 3177 sic
1388 3122 1567 3177 divide
1595 3134 1808 3176 mecm

2165 3107 2493 3177 lngemit,-et
2520 3109 2741 3165 rcl'ricat
2771 3110 2819 3142 "
2849 3110 2979 3167 totis
3002 3110 3113 3179 jam
3145 3111 3330 3181 frigida
3359 3115 3636 3172 membris.

457 3208 593 3280 Quae
624 3218 715 3267 tua
740 3253 758 3280 ,
801 3223 923 3281 quae
963 3226 1084 3266 mea
1124 3222 1289 3278 sunt;
1346 3212 1612 3269 indemnis
1648 3221 1756 3268 stet
1797 3227 1913 3268 mea
2165 3201 2330 3271 δίεπε
2354 3202 2595 3273 Pedum;
2648 3210 2995 3274 men“!qu
3027 3219 3178 3260 suam
3204 3247 3217 3265 η
3252 3208 3381 3262 licet
3407 3208 3619 3265 θωὶιιῑιε

326 3362 331 3365 _
1640 3302 1764 3377 [per
1791 3312 1847 3359 te
1947 3306 1994 3371 Β
3381 3299 3548 3373 [absit

314 3393 429 3452 505
464 3392 698 3463 Utilitas,
725 3397 983 3470 justeque
1007 3406 1126 3455 tuas
1146 3397 1437 3454 clementia
1466 3405 1649 3467 partes
2163 3388 2406 3460 Corpore
2426 3432 2440 3456 ,
2470 3397 2737 3444 sacratam
2767 3384 2963 3445 Felicis
2991 3390 3155 3444 mittit
3182 3389 3250 3445 ad
3278 3392 3481 3458 aulam,

461 3489 711 3548 Vindicet
735 3492 824 3557 ²⁶;
865 3502 1190 3565 aquamque
1219 3499 1371 3547 tuum
1395 3490 1680 3547 libramine
1702 3500 1918 3547 constet
2164 3483 2399 3540 Felicem
2430 3481 2555 3539 ﬂetu
2574 3526 2588 3549 ,
2618 3481 2852 3539 Felicem
2883 3483 3101 3538 nomine
3130 3483 3370 3540 clamans
3395 3502 3408 3538 :

458 3578 726 3638 Iudicium
752 3602 766 3637 :
799 3584 895 3639 tibi
921 3584 1071 3640 solve
1106 3598 1249 3647 reos,
1282 3581 1413 3637 mihi
1437 3580 1604 3637 redde
1628 3581 1911 3652 iuvencos.
2018 3575 2127 3633 355
2164 3576 2273 3633 Nec
2302 3576 2556 3647 desperat
2582 3590 2767 3645 opem,
2799 3591 2899 3632 nec
2926 3577 3102 3647 parcit
3129 3575 3359 3633 inlidere
3391 3587 3541 3636 vota.

534 3673 675 3732 Ecce
695 3684 858 3732 lenes
887 3685 1124 3747 pactum,
1151 3674 1336 3730 famuli
1354 3675 1467 3745 jam
1500 3674 1645 3730 nulla
1670 3678 1913 3731 morandi
2236 3670 2354 3725 Nox
2414 3670 2653 3725 medium
2708 3678 3012 3725 transvecta
3072 3671 3257 3741 polum
3306 3671 3623 3743 perfuderat

459 3766 636 3825 Causa
666 3769 763 3826 tibi
785 3786 802 3831 ;
833 3770 1074 3827 accelera
1099 3771 1264 3825 tantis
1293 3784 1380 3825 me
1400 3770 1617 3825 solvere
1640 3772 1802 3826 curis.
3336 3764 3547 3838 [orbem

315 3858 425 3917 310
460 3859 595 3917 Nam
635 3861 769 3917 mihi
805 3870 957 3917 certa
987 3870 1169 3918 manet
1206 3862 1474 3918 sententia
1516 3862 1711 3919 cedere
1745 3871 1768 3903 ι
1796 3880 1918 3919 nus.
2163 3857 2305 3915 Pace
2332 3856 2653 3929 soporifera,
2680 3859 2985 3914 reticebaut
3011 3859 3193 3915 omnia
3219 3874 3433 3924 somno,

1579 3956 1767 4029 [quam
1797 3958 1843 3990 "
2161 3952 2348 4009 Solum
2379 3952 2425 3984 "
2453 3951 2604 4006 illum
2633 3966 2731 4006 sua
2755 3951 3070 4022 pervigilem
3092 3966 3220 4024 spes
3248 3967 3488 4025 curaque
3518 3953 3617 4008 ba-

460 4046 644 4104 Donec
661 4035 971 4114 subvenias,
1001 4063 1103 4104 nec
1132 4049 1200 4105 ab
1225 4047 1331 4105 isto
1355 4056 1513 4120 poste
1537 4046 1691 4119 religi
1719 4065 1734 4115 ε
3316 4047 3543 4121 -[bebat.

461 4138 628 4211 Ni‘(b)
658 4155 943 4211 properas,
976 4142 1081 4197 isto
1100 4140 1371 4212 deponam
1401 4141 1454 4196 in
1486 4141 1671 4223 limine
1698 4144 1884 4207 vitam,
2164 4139 2302 4197 Ecce
2349 4148 2576 4212 repente
2631 4140 2744 4195 suis
2799 4138 3085 4209 strepitum
3130 4154 3234 4211 pro
3277 4139 3526 4211 postibus
3573 4142 3616 4174 "

457 4229 569 4289 Nec
590 4232 703 4302 jam
733 4234 1029 4304 repperies,
1053 4236 1139 4289 cui
1169 4233 1363 4291 reddas
1389 4249 1515 4291 sero
1544 4236 1798 4293 reductos
1820 4238 1885 4291 ³ο.
3347 4236 3543 4311 [audit,

536 4322 688 4380 Talia
716 4340 851 4382 voce
876 4325 1097 4395 quidem
1126 4327 1375 4397 querula,
1405 4329 1499 4383 sed
1526 4336 1709 4384 mente
1735 4328 1877 4383 fideli
2018 4332 2122 4386 560
2161 4329 2229 4384 Et
2255 4331 2441 4401 pulsas
2470 4345 2731 4385 resonare
2760 4328 2905 4385 fin-es
2929 4346 2944 4395 ;
2976 4342 3087 4399 quo
3113 4331 3547 4387 territus'amens

309 4415 422 4474 818
461 4415 794 4486 Plorantem,
824 4426 1052 4489 totoque
1079 4419 1169 4477 die
1188 4421 1308 4475 sine
1330 4421 1435 4478 line
1464 4431 1801 4492 precantem,
2164 4422 2470 4487 Exclamat,
2505 4437 2713 4478 rursum
2744 4422 2848 4478 sibi
2877 4420 3022 4479 fures
3050 4422 3238 4481 adfore
3259 4425 3525 4483 credens:

455 4511 671 4568 Audivit
698 4513 852 4570 lmtus
873 4528 980 4569 nou
1003 4514 1204 4569 blando
1233 4515 1474 4585 supplice
1503 4523 1725 4588 martyr,
2158 4515 2298 4585 Quid
2327 4530 2498 4571 vacua
2528 4516 2797 4570 incassum
2827 4514 3073 4569 crudeles
3103 4516 3240 4571 ostia
3279 4516 3438 4571 vultis

453 4602 807 4677 437-438
857 4602 924 4658 Et
959 4619 1055 4659 sua
1113 4620 1236 4661 cum
1265 4605 1498 4662 Domino
1534 4606 1725 4663 ludens
1768 4624 1905 4664 con-
2160 4608 2477 4677 Frangere?
2526 4606 2643 4661 Jam
2674 4607 2851 4663 nullus
2873 4608 3003 4663 mibi
3032 4607 3170 4673 bos;
3221 4609 3349 4679 quid
3378 4610 3614 4678 quaeritis

1230 4710 1234 4714 ‘
1512 4700 1662 4773 [vitia
1692 4700 1838 4765 risit;
1945 4711 1989 4769 υ
3206 4732 3209 4735 -
3332 4700 3542 4774 [ultu-1?

456 4786 845 4860 Poscentisque
876 4788 1008 4852 ﬁde,
1043 4806 1151 4845 non
1182 4790 1431 4848 libertate
1454 4792 1693 4848 dolentis
2159 4791 2475 4847 Praevenere
2500 4789 2612 4858 alii,
2637 4804 2756 4844 mea
2787 4797 2996 4845 tantum
3027 4791 3132 4845 vita
3161 4800 3438 4863 superstes

449 4879 665 4949 Motus,
713 4896 873 4953 opem
915 4890 1211 4952 properat;
1262 4883 1450 4951 paucis
1496 4898 1646 4938 mora
1691 4883 1909 4939 ducitur
2014 4882 2119 4940 565
2153 4880 2283 4951 Qua:
2311 4883 2475 4937 sociis
2501 4882 2698 4936 vestris
2720 4890 2777 4936 ut
2812 4881 2991 4951 praeda
3020 4898 3175 4938 cassa
3204 4887 3485 4941 remansit.

1641 4978 1833 5053 [horis.
2234 4974 2455 5030 Dixerat
2482 4975 2596 5030 bam
2640 4983 2888 5029 metuens
2914 4992 2926 5029 :
2982 4975 3077 5032 sed
3108 4974 3154 5010 "
3184 4978 3334 5034 nullo
3362 4978 3467 5035 line
3498 4999 3617 5037 ma-

305 5064 410 5125 320
516 5069 727 5127 Interea
758 5071 974 5127 labente
1000 5070 1108 5135 die,
1144 5071 1258 5140 jam
1280 5085 1507 5141 vespere
1538 5070 1722 5136 ducto,
3356 5071 3543 5144 [nebat

449 5161 561 5219 Nec
590 5162 843 5234 precibus
870 5162 1035 5219 dabat
1071 5163 1163 5218 ille
1192 5162 1411 5219 modum
1440 5206 1455 5231 ,
1502 5178 1605 5218 nec
1645 5162 1859 5220 ﬂetibus
1886 5182 1899 5230 ;
2157 5156 2458 5212 Lirninibus
2481 5160 2689 5213 sonitus
2714 5172 2731 5225 ;
2761 5172 2871 5227 quo
2903 5157 3268 5223 Crebcsccnte.
3302 5179 3403 5218 nec
3435 5165 3540 5219 ulla

1697 5257 1829 5334 [una
2159 5249 2539 5321 Respundente
2567 5250 2666 5304 sibi
2698 5252 3005 5321 pulsantum
3029 5266 3185 5321 voce,
3215 5256 3542 5325 propinquat

448 5348 561 5417 Vox
587 5356 705 5405 erat
726 5347 879 5405 'allixi
910 5350 949 5380 ³¹
983 5346 1208 5413 foribus,
1250 5347 1365 5405 Non
1394 5363 1554 5403 eruar
1582 5348 1743 5403 istinc
1770 5367 1786 5400 :
2158 5342 2461 5413 Suspensus
2509 5351 2797 5397 cunctante
2847 5343 3018 5411 gradu
3046 5386 3065 5411 ,
3122 5355 3179 5399 et
3228 5346 3322 5401 dat
3366 5350 3613 5417 postibus

441 5439 543 5497 Hic
567 5441 797 5509 moriar,
826 5442 953 5496 vitae
983 5441 1085 5496 nisi
1115 5456 1333 5497 causam
1368 5443 1614 5512 protinus
1646 5442 1765 5497 istic
2406 5446 2411 5449 ’
3324 5442 3536 5515 [mtrem

442 5534 714 5607 Accipiam
740 5553 755 5588 ε
785 5535 1005 5591 tandem
1026 5541 1231 5602 tamen,
1261 5544 1321 5589 ut
1335 5535 1446 5603 jam
1470 5533 1699 5606 plin-ima
1724 5545 1897 5590 imum
2007 5527 2111 5585 370
2149 5527 2470 5589 Sollicitam,
2503 5536 2556 5581 et
2587 5529 2737 5582 rimis
2764 5530 2905 5583 acies
2937 5543 3033 5598 per
3061 5528 3263 5585 hiantia
3295 5534 3551 5602 claustra,

296 5624 401 5682 525
437 5626 555 5682 Nox
582 5635 853 5686 secretum
881 5626 1056 5701 adytis
1083 5614 1202 5682 fieri
1234 5629 1466 5695 cogebat
1491 5643 1505 5694 ;
1538 5637 1594 5682 et
1623 5628 1712 5683 ille
2149 5621 2263 5688 Qua
2300 5622 2539 5676 tenebris
2568 5619 2720 5675 albus
2750 5620 2871 5675 cudi
2914 5620 3069 5677 color
3098 5623 3381 5679 interlucet
3410 5675 3422 5691 ,

370 5776 394 5801 ·
424 5765 592 5823 Id-eat
618 5767 904 5822 discedere.
2077 5740 2154 5823 Μ
2183 5737 2312 5823 ἔσθε·
2345 5736 2453 5795 δυο
2477 5737 2695 5823 ιτυξί.ίεο“
2724 5737 2935 5823 δεῖξιν-τι.
2958 5738 3278 5823 3W???"-

424 5807 483 5823 ’“⁵
507 5807 592 5823 "‘"
618 5807 904 5822 """"""
1708 5863 1716 5871 ,
2016 5824 2023 5831 ’
2073 5810 2154 5879 id)
2180 5812 2261 5864 Ita
2290 5824 2417 5865 mss.
2450 5808 2608 5864 codd.
2634 5825 2754 5862 cum
2785 5809 2871 5863 ed.
2904 5809 3090 5863 Schol.
3125 5811 3249 5877 Alii,
3287 5807 3595 5875 Questubus.

370 5857 451 5954 (αξ)
476 5856 578 5954 ξδο
603 5856 953 5954 ᾨηιιεβθνηισ
984 5860 1158 5918 οοάθι-
1184 5871 1240 5917 οἵ
1269 5861 1390 5917 θίΜ-
1426 5860 1476 5926 λι
1523 5860 1663 5954 θυσία
1690 5869 1854 5933 NN“:
2012 5953 2019 5954 γ
2074 5896 2146 5954 ες)
2178 5878 2412 5954 Sigeum
2426 5876 2693 5954 Save-bino
2718 5896 2817 5935 ms.
2842 5878 3017 5936 codex
3030 5876 3413 5937 Gernianensis
3438 5898 3591 5939 unus.

372 5949 447 6023 (ὁ)
475 5950 552 6012 Me
611 5952 631 6007 ί
669 5953 1003 6033 Coruncani
1026 5956 1182 6012 editi:
1209 5958 1476 6026 quinque,
1514 5953 1583 6009 .‘Vi
1606 5971 1879 6024 properes.
1995 5949 2198 6017 Ceteri,
2246 5950 2309 6005 Et
2343 5950 2499 6019 vigili.
