4134 6434
362 381 462 440 501
564 430 567 433 ι
1807 382 2043 441 POEMA
2083 382 2218 441 XIX.
3566 376 3674 434 502

361 492 477 556 460
512 497 739 555 Donasti
769 500 994 558 reduces
1021 502 1258 573 pecudes
1279 502 1326 535 “
1356 504 1511 572 mihi,
1543 516 1730 560 rursus
1749 513 1809 560 et
1834 505 1940 561 illis
2001 511 2050 571 Α
2226 502 2460 574 Moxque
2483 502 2684 559 refecta
2728 517 2940 559 sacram
2979 506 3268 560 senserim
3298 501 3500 559 lumina
3541 500 3675 558 de»

511 589 701 654 Redde
742 602 897 651 meos
932 596 1139 652 oculos.
1190 594 1323 651 Nam
1360 596 1489 667 quid
1523 595 1679 668 juvat
1714 610 1837 654 esse
1875 611 1965 654 rea
3416 595 3600 670 [tram.

1657 687 1893 766 [ductos,
2288 687 2422 746 Inde
2451 689 2501 722 "
2525 687 2748 745 domum
2780 688 3021 758 gaudens
3059 686 3236 746 oculis
3265 686 3551 757 bnbusque
3587 699 3675 744 rev-

508 774 569 831 Si
598 775 892 845 languente
917 777 1035 833 acie
1062 790 1297 849 praesens
1327 779 1687 850 prtesentlbus
1715 779 1932 835 absim?
3371 778 3621 855 [ceptis,.

588 868 740 925 ‘l‘alia
769 882 1067 942 praesentes
1085 874 1271 945 populi
1303 875 1474 931 risere
1491 883 1833 946 querentem.
2214 875 2579 934 Collaudante
2596 877 2644 910 “
2664 875 2834 933 Deum
2858 875 3083 947 populo,
3112 873 3409 940 remeabat,
3440 880 3497 929 ct
3522 869 3673 929 illum

509 959 623 1015 Sed
651 962 842 1031 procul
871 963 1101 1020 admota
1127 965 1325 1020 secreti
1350 964 1606 1038 Martyris
1628 978 1790 1022 aures
2213 967 2368 1034 ιω
2395 975 2730 1047 sequebatur
2749 971 2951 1044 gemini
2970 970 3198 1028 victoris
3228 969 3341 1027 veli

359 1048 472 1105 465
513 1050 812 1125 Suscepere
838 1054 959 1125 pias
982 1057 1052 1112 ab
1081 1055 1267 1127 inepto
1295 1054 1540 1129 supplice
1565 1067 1751 1125 voces,
2875 1059 2878 1062 ’

1681 1230 2334 1305 MURATORII

719 1397 841 1479 IN
915 1398 1001 1480 S.
1085 1397 1569 1484 PAULINI
1642 1403 1943 1486 ΤΒΕὸ
2018 1398 2548 1487 NATALES
2626 1393 3334 1502 SEQUENTES

1700 1560 2333 1626 PROLEGOMENA.

438 1698 797 1774 “3-555
822 1700 1060 1758 Tandem
1085 1712 1333 1774 apertum
1362 1705 1418 1760 in
1447 1704 1591 1761 diem
1620 1713 1857 1776 quatuor
1933 1706 2142 1763 Paulini
2166 1704 2407 1778 episcopi
2436 1702 2629 1759 Nolani
2650 1709 2900 1772 poemata
2929 1702 3177 1774 perduxi,
3210 1700 3301 1757 diu
3320 1701 3389 1757 ab
3426 1698 3691 1757 omnibus.

364 1791 667 1849 litterarum
694 1793 994 1851 cultoribus
1016 1795 1345 1865 desiderata,
1375 1796 1468 1852 diu
1494 1797 1663 1853 etiam
1691 1798 1995 1870 deplorata.
2019 1794 2145 1854 Haec
2171 1798 2306 1853 tanti
2333 1795 2431 1850 viri
2461 1801 2812 1850 monumenta
2842 1795 3118 1863 hucusque
3142 1792 3300 1847 nobis
3327 1790 3517 1846 invidit
3534 1804 3682 1845 sava

363 1890 672 1954 temporum
699 1884 961 1947 edacitas,
993 1900 1115 1955 qua:
1148 1886 1292 1942 inter
1314 1887 1554 1943 illustres
1581 1889 1802 1959 rapinas
1827 1889 1933 1945 hoc
1962 1900 2181 1958 quoque
2209 1899 2463 1957 magnum
2504 1884 2811 1939 involverat
2839 1884 3164 1954 eloquentia:
3194 1884 3407 1954 pignus.
3445 1879 3681 1936 Maxime

361 1972 658 2031 dolendum
681 1974 928 2047 profecto
955 1984 1039 2032 est
1064 1984 1148 2033 tot
1163 1986 1410 2034 veterum
1440 1976 1662 2037 Patrum
1692 1978 1907 2035 divitias
1926 1979 2212 2046 excidisse,
2237 1977 2433 2047 quibus
2459 1983 2515 2031 et
2542 1973 2911 2031 ecclesiastica
2941 1974 3189 2040 historia,
3210 1982 3269 2029 et
3290 1970 3415 2028 lidei
3442 1970 3680 2028 catholi-

363 2080 448 2122 ω
468 2066 722 2137 dogmata
747 2071 1057 2139 promoveri
1087 2067 1314 2127 feliciter
1335 2080 1588 2142 possent;
1619 2071 1717 2128 sed
1746 2072 1801 2127 in
1842 2086 2030 2127 earum
2059 2070 2401 2143 potissimum
2424 2067 2638 2137 jactura
2668 2067 2915 2123 dolorem
2948 2074 3194 2122 nostrum
3219 2078 3477 2121 exercere
3500 2064 3679 2134 juvat,

326 2175 490 2231 aqua
505 2161 575 2217 ab
606 2161 1083 2233 eloquentissimis.
1109 2162 1573 2233 sanctissimisque
1600 2161 1853 2219 Patribus
1878 2163 2155 2220 elaborata
2190 2160 2369 2226 luere,
2403 2174 2636 2229 quorum
2663 2172 2769 2227 ope
2794 2158 2894 2211 τενὶ
2923 2157 3095 2212 nostri
3129 2154 3493 2211 heterodoxos
3519 2168 3681 2211 ever-

358 2251 502 2323 tere,
533 2255 590 2311 et
616 2256 897 2315 meliorem
922 2257 990 2314 ad
1016 2256 1226 2328 frugem
1253 2271 1512 2315 revocare
1538 2256 1619 2312 tas
1643 2264 1809 2313 esset.
1839 2255 2083 2325 Quantus
2109 2263 2293 2311 autem
2322 2254 2484 2310 fuerit
2511 2250 2768 2308 Paulinus
2795 2258 2986 2307 noster
3011 2259 3067 2305 et
3094 2258 3305 2315 orator,
3331 2256 3389 2305 et
3408 2255 3594 2321 poeta,
3622 2256 3691 2305 et.

364 2356 606 2413 anuus.
629 2355 745 2405 tum
766 2350 887 2421 ejus
922 2351 1146 2421 scripta,
1175 2358 1293 2409 tum
1314 2350 1569 2407 omnium
1601 2350 1885 2407 illustrium
1905 2351 2234 2421 scriptorum
2262 2348 2588 2404 documenta
2620 2351 2911 2402 testantur.
2940 2344 3209 2400 Eximiam
3236 2344 3375 2419 illius
3415 2344 3676 2400 sanctita-

363 2445 483 2500 tem
503 2457 611 2499 non
631 2443 915 2514 attingam,
931 2452 1124 2515 utpote
1139 2458 1263 2514 qua:
1290 2442 1422 2499 satis
1447 2452 1668 2515 apertos
1683 2442 1992 2498 laudatores
2004 2440 2341 2497 inveneritS.
2358 2439 2701 2495 Ambrosium
2714 2436 2963 2510 ep.50ad
2977 2436 3186 2504 Sabim,
3198 2435 3405 2508 Sulpic.
3417 2434 3693 2493 Severum:

365 2532 425 2590 in
450 2531 558 2590 ﬁne
580 2534 814 2605 Dialog.,
846 2534 1009 2607 Greg.
1024 2534 1234 2592 Turon.
1258 2535 1355 2592 lib.
1368 2533 1602 2591 deGlor.
1615 2534 1875 2597 confess.,
1890 2549 2011 2604 cap.
2028 2531 2329 2601 107,6reg.
2346 2531 2595 2601 Magnum
2612 2530 2705 2586 lib.
2719 2546 2775 2585 ιιι
2789 2528 2997 2598 Dialog.
3013 2527 3257 2598 aliosque
3270 2526 3683 2597 ejusresgestas

365 2631 687 2695 prosecutus
705 2667 723 2693 ,
751 2637 818 2681 ac
843 2626 1143 2682 etiamnum
1173 2626 1228 2681 in
1265 2624 1444 2683 Fastis
1482 2615 1863 2681 ecclesiasticis
1902 2623 2329 2679 commendetur.
2364 2621 2559 2677 Mirum
2596 2636 2729 2677 sane
2766 2620 2944 2676 videri
2976 2618 3157 2686 debet,
3187 2619 3364 2676 virum
3402 2619 3690 2689 senatoria,

362 2716 650 2788 dignitate,
680 2732 747 2774 ac
770 2718 891 2789 ipso
914 2718 1201 2776 consulatu
1231 2719 1362 2775 olim
1408 2726 1650 2783 auctum,
1678 2717 1977 2775 innumeris
2001 2721 2347 2788 prastantem
2378 2714 2572 2785 opibus
2597 2714 2783 2770 seculo
2817 2713 2904 2771 ita.
2922 2713 3286 2778 senuntiasse,
3310 2717 3375 2777 ut
3414 2707 3682 2768 universe

363 2804 798 2866 Christianorum
825 2811 1136 2881 reipublicae
1162 2812 1464 2868 sanctitatis
1490 2809 1800 2883 exemplum
1831 2808 2119 2872 exstiterit.
2151 2806 2297 2878 quod
2326 2807 2498 2876 inquit
2524 2806 2591 2861 ad
2620 2822 2745 2861 eum
2772 2804 3014 2863 scribens
3043 2804 3372 2876 Augustinus
3397 2818 3485 2874 ep.
3510 2803 3606 2872 '54,
3626 2814 3685 2861 et

363 2912 458 2969 ep.
480 2897 553 2954 39
573 2898 644 2954 ad
670 2898 995 2957 Licentium.
1026 2900 1158 2972 Ejus
1195 2902 1250 2959 in
1285 2901 1528 2958 oratoria
1557 2911 1677 2957 arte
1700 2901 2079 2957 excellentiam
2118 2898 2522 2954 commendavit
2558 2896 2921 2970 Hieronymus
2944 2897 3000 2953 in
3028 2912 3117 2969 ep.
3144 2899 3214 2954 l5
3251 2898 3337 2955 bis
3362 2899 3545 2957 verbis
3572 2916 3586 2952 :
3620 2895 3685 2953 Si

365 2990 519 3062 quasi
552 2997 787 3047 esum
818 3008 1005 3049 manus
1043 2996 1187 3066 operi
1224 3005 1311 3049 tuo
1343 2993 1697 3058 induceretur,
1725 2994 1860 3048 nihil
1885 2992 2178 3063 pulchrius,
2210 2978 2345 3045 nihil
2372 2990 2574 3044 doctius
2603 3006 2621 3044 :
2650 2976 2783 3046 nihil
2814 2990 3037 3055 dulcius,
3059 2992 3290 3064 nihilque
3318 2991 3563 3047 Latinius
3582 2990 3685 3045 tuis

366 3085 671 3143 haberem:
690 3089 1051 3159 columinibus.
1084 3092 1223 3149 Tum
1245 3091 1395 3149 addit
1418 3109 1435 3145 :
1465 3090 1725 3163 Magum
1745 3088 1906 3145 habet
1934 3092 2225 3162 ingenium,
2253 3100 2304 3143 et
2324 3088 2590 3159 inﬁnitam
2617 3087 2874 3143 sermonis
2896 3086 3301 3158 supellectilem,
3323 3094 3375 3141 et
3409 3085 3569 3158 facile
3604 3085 3686 3142 los-

256 3254 259 3257 _
366 3180 543 3253 queri:
566 3189 617 3236 et
640 3197 788 3254 pure,
812 3191 921 3240 etc.
953 3184 1181 3256 Reliqua
1224 3186 1401 3251 mitto,
1430 3192 1492 3240 ut
1528 3183 1772 3255 ejusdem
1817 3186 1870 3240 in
1911 3184 2064 3255 poesi
2084 3185 2451 3255 praestantiam
2482 3192 2678 3249 magno
2702 3181 2805 3235 viri
2831 3180 3010 3250 magni
3035 3180 3348 3236 testimonio
3374 3182 3680 3238 ostendam.

372 3273 640 3333 Ausonius
666 3273 951 3332 Paulinum
999 3276 1142 3333 inter
1167 3291 1371 3348 paucos
1395 3289 1586 3333 carum
1613 3275 1823 3343 habuit,
1856 3284 2114 3346 totusque
2139 3275 2196 3330 in
2242 3289 2313 3330 eo
2339 3287 2557 3344 semper
2587 3272 2713 3338 fuit,
2738 3280 2801 3326 ut
2827 3271 2904 3327 illi
2946 3271 3241 3340 dignitates
3275 3279 3680 3343 comparentur,

370 3363 596 3436 eiusque
614 3381 817 3423 nomen
843 3363 1002 3422 tam
1026 3366 1524 3424 commendaretur.
1549 3366 1739 3438 Itaque
1758 3366 1827 3423 ad
1847 3381 1974 3423 eum
1992 3366 2238 3424 scribens
2255 3380 2343 3437 ep.
2376 3363 2447 3420 20
2472 3365 2587 3420 hac
2613 3363 2775 3420 habet
2799 3381 2819 3419 :
3704 3362 3709 3368 ’

1244 3479 1323 3545 Et,
1350 3490 1462 3541 qua:
1483 3479 1765 3540 jamdudum
1789 3480 1884 3531 tibi
1913 3480 2067 3545 palma
2094 3480 2283 3545 poetica
2309 3477 2485 3542 pollet,

1308 3542 1563 3591 Lemuisco
1582 3550 1751 3591 ornata
1778 3552 1875 3604 est,
1901 3542 2002 3605 quo
2024 3555 2135 3591 mea
2160 3542 2316 3605 palma
2337 3552 2493 3590 caret.

1244 3604 1477 3656 Cedimus
1503 3606 1727 3668 ingenio,
1753 3614 1989 3668 quantum
2013 3604 2335 3668 prtecédimus
2357 3616 2481 3659 aevo,

1304 3668 1535 3732 Assurgit
1558 3664 1709 3716 Musae
1734 3672 1898 3717 nostra
1920 3664 2156 3717 Camtena
2175 3674 2291 3716 tum.

441 3765 580 3826 Hinc
606 3760 775 3839 disice,
806 3779 1067 3840 quantum
1096 3769 1149 3826 iu
1178 3770 1331 3843 poesi
1359 3770 1594 3827 nominis
1622 3767 1849 3825 Paulino
1878 3769 2038 3833 foret,
2063 3769 2149 3826 cui
2178 3768 2445 3825 Ausonius
2467 3761 2913 3841 praeclurissimus
2940 3762 3143 3840 alioqui
3171 3777 3324 3825 vates
3352 3781 3680 3839 assurgeret.

370 3848 520 3917 idem
547 3861 816 3919 Ausonius
845 3862 913 3917 ad
938 3860 1226 3919 Paulinum
1254 3879 1343 3935 ep.
1377 3862 1402 3916 vi
1440 3880 1453 3917 :
1486 3862 1608 3920 Jam
1630 3863 1774 3935 quid,
1808 3864 1901 3927 ait,
1932 3865 1997 3918 de
2021 3863 2318 3935 eloquentia
2339 3861 2555 3917 dicam?
2581 3857 2801 3935 Liquida
2839 3862 3088 3934 adjurare
3114 3877 3322 3933 possum
3358 3863 3557 3919 nullum
3588 3867 3687 3921 tibi

371 3951 449 4007 ad
469 3953 725 4026 poeticam
756 3954 1059 4026 facundiam
1086 3954 1343 4012 Romanae
1362 3957 1653 4028 juvenlutis
1678 3956 1896 4027 aquari.
1929 3953 2035 4011 Sed
2064 3956 2165 4010 viri
2207 3955 2340 4009 tanti
2372 3967 2665 4025 numquam
2693 3952 2825 4009 satis
2861 3952 3111 4009 laudandi
3147 3955 3457 4027 panegyrim
3497 3964 3683 4013 tentere

373 4062 485 4102 non
512 4046 683 4103 lubet.
714 4045 794 4103 Ad
820 4046 937 4118 ejus
964 4048 1127 4118 igitur
1148 4047 1408 4104 librorum
1430 4047 1626 4103 seriem
1651 4046 2031 4117 explicandam
2058 4062 2147 4103 me
2173 4037 2414 4101 confero.
2449 4043 2701 4116 Ejusdem
2730 4045 3115 4117 quinquaginta
3146 4046 3211 4101 ad
3239 4046 3420 4117 plures
3440 4049 3684 4119 epistola:

372 4146 609 4205 exstant,
634 4148 748 4197 tum
776 4149 1029 4211 poemata
1054 4141 1220 4206 varia,
1240 4155 1305 4196 ac
1332 4140 1601 4211 pmcipue
1631 4138 1700 4193 10
1726 4137 1945 4193 Natales
1969 4139 2024 4195 in
2064 4138 2328 4194 honorem
2358 4135 2414 4195 S.
2450 4136 2645 4194 Felicis
2686 4138 2912 4196 conditi.
2945 4135 3070 4195 Haec
3108 4147 3165 4195 et
3205 4141 3307 4195 alia
3331 4139 3386 4195 S.
3440 4141 3682 4214 episcopi

373 4228 636 4302 opuscula
663 4231 805 4306 typis
845 4246 991 4303 saepe
1013 4231 1302 4287 commissa
1333 4229 1504 4297 fuere,
1536 4229 1606 4283 ita
1631 4238 1811 4283 tamen
1842 4237 1901 4285 ut
1930 4228 2171 4285 omnium
2202 4228 2582 4284 venustissima
2626 4228 2893 4284 habeatur
2924 4229 3332 4301 Antuerpiensis
3359 4231 3527 4289 editio
3554 4235 3689 4290 anni

376 4316 545 4388 1622,
570 4321 772 4394 quippe
789 4337 911 4394 quae
926 4323 1069 4379 notis
1097 4321 1387 4379 Frontonis
1416 4321 1624 4388 Durati,
1656 4329 1713 4378 et
1752 4319 2021 4378 Heriberti
2050 4320 2338 4387 Rosvcidi,
2369 4336 2432 4378 ac
2462 4319 2670 4376 Paulini
2694 4321 2803 4375 vita
2833 4335 2932 4393 per
2958 4320 3021 4379 P.
3044 4322 3366 4381 Sacchiuum
3403 4326 3686 4383 elaborata

374 4417 631 4474 abundet.
648 4415 870 4476 Parisiis
881 4417 1098 4474 demum
1112 4435 1257 4475 anno
1270 4417 1474 4474 1685in
1496 4417 1633 4473 duos
1647 4426 1823 4472 tomos
1842 4414 2049 4483 digesta
2059 4416 2314 4486 prodiere
2325 4414 2531 4471 Paulini
2555 4429 2718 4486 opera
2733 4412 2804 4469 ad
2820 4430 2950 4469 mss.
2968 4414 3185 4472 codices
3198 4417 3497 4490 recognita,
3510 4420 3686 4476 notis-

374 4521 485 4579 que
505 4512 775 4569 variorum
794 4512 1063 4571 illustrata
1090 4514 1270 4570 studio
1296 4512 1559 4570 Johannis
1572 4513 1702 4585 Bapt
1712 4514 1826 4569 istm
1839 4509 1913 4567 Le
1925 4511 2090 4573 Brun.
2109 4524 2230 4581 qme
2239 4509 2308 4565 ad
2320 4520 2515 4564 manus
2533 4523 2704 4576 meas,
2716 4507 2862 4578 quod
2870 4502 3029 4565 valde
3042 4509 3212 4581 dolui,
3225 4511 3421 4568 deferri
3444 4514 3687 4588 nondum

374 4611 688 4673 potuerunt.
723 4602 989 4660 Emiserat
1013 4604 1173 4661 etiam
1203 4603 1616 4662 PetruS'Franc.
1644 4603 1947 4660 Chililctins
1967 4602 2033 4657 γ.
2056 4602 2121 4658 C.
2151 4617 2184 4657 e
2215 4618 2332 4656 soc.
2362 4599 2491 4657 Jesu
2521 4616 2664 4656 anno
2703 4599 2846 4655 1862
2884 4601 3115 4670 librum,
3145 4604 3233 4660 cui
3266 4606 3480 4662 titulum
3528 4604 3676 4663 fece-

375 4704 464 4749 rat
490 4693 746 4751 Paulinus
784 4697 1095 4761 illustratus,
1126 4698 1444 4767 eruditeque
1474 4697 1765 4754 admodum
1808 4712 1899 4752 res
1945 4703 2148 4764 gestas,
2179 4693 2456 4764 librosque
2501 4693 2679 4749 sancti
2714 4692 2873 4764 hujus
2907 4702 3221 4752 exornarat.
3248 4696 3462 4754 Nemini
3502 4705 3700 4755 tame

376 4785 653 4854 hucusque
681 4802 744 4843 ea
772 4797 1021 4860 poemata
1050 4791 1245 4846 intueri
1275 4792 1517 4860 contigit.
1549 4805 1670 4860 qua:
1693 4806 1759 4844 ex
1778 4790 2147 4846 Ambrosianus
2171 4787 2511 4844 bibliothecae
2536 4787 2757 4843 latebris
2777 4788 3021 4844 omnium
3039 4789 3249 4861 primus
3277 4790 3329 4846 in
3352 4791 3528 4847 lucem
3556 4807 3686 4863 pro-

375 4880 539 4937 duco.
568 4881 819 4938 Testatur
846 4880 1104 4940 Paulinus
1134 4888 1188 4941 in
1217 4900 1305 4957 ep.
1339 4887 1404 4941 ad
1431 4885 1691 4942 Severum
1723 4902 1883 4949 nona,
1916 4901 1977 4940 se
1997 4884 2289 4954 quotannis
2314 4882 2633 4939 Natalitium
2673 4900 2883 4939 sumen
2910 4881 2972 4940 S.
2999 4882 3167 4940 Felici
3195 4899 3431 4956 pangere
3453 4900 3687 4944 consue-

376 4973 541 5029 visse.
568 4972 766 5029 Decem
791 4989 925 5031 vero
952 4992 1018 5031 ex
1052 4976 1133 5031 his
1164 4975 1441 5031 Natalibus
1469 4983 1680 5030 tantum
1706 4982 1923 5030 exstare
1953 4973 2140 5045 opinio
2168 4980 2303 5037 erat,
2336 4990 2501 5045 quum
2532 4975 2585 5029 in
2616 4972 2887 5044 publicum
2921 4972 3168 5044 prolatus
3195 4982 3281 5030 est
3308 4975 3683 5047 Duugali,'qui

377 5077 523 5119 anno
542 5062 739 5120 Christi
761 5067 977 5124 circiter
997 5066 1091 5119 82!
1128 5065 1374 5129 ﬂorebat,
1407 5066 1545 5122 liber
1562 5066 1823 5121 adversus
1844 5064 2127 5121 Claudium
2156 5063 2557 5137 has—556
2582 5062 2974 5121 Taurineusem
3002 5064 3068 5120 ile
3088 5063 3239 5120 Cultu
3260 5082 3533 5123 sacrarum
3552 5069 3689 5124 ima-

377 5154 576 5228 ginum,
619 5169 782 5227 quem
813 5155 1092 5214 Ludovico
1119 5155 1219 5212 Pio
1245 5157 1581 5227 imperatori,
1626 5158 1850 5227 ejusque
1882 5157 1992 5209 lilio
2024 5156 2282 5211 Lothario
2321 5155 2616 5226 inscripsit.
2648 5152 2886 5210 Plurima
2918 5155 2992 5211 ibi
3031 5166 3304 5211 memorat
3325 5158 3410 5212 vir
3448 5156 3687 5215 disertus

377 5262 445 5304 ac
471 5247 592 5316 pius
618 5245 675 5301 S.
708 5244 916 5301 Paulini
945 5248 1204 5306 carmina.
1238 5249 1381 5302 inter
1406 5261 1526 5317 quae
1556 5247 1811 5302 nonnulla
1839 5263 1908 5302 ex
1937 5247 2215 5303 Natalibus
2244 5263 2317 5309 xl,
2343 5261 2463 5315 xm,
2497 5260 2588 5303 xiv
2612 5254 2671 5304 et
2695 5262 2765 5303 xv
2788 5247 2979 5315 libata,
3027 5249 3222 5321 quibus
3250 5265 3524 5306 sacrarum
3548 5250 3686 5306 ima-

376 5337 580 5404 ginum,
612 5338 1068 5407 reliquiarumque
1101 5340 1278 5394 cultus
1311 5338 1631 5393 mirabiliter
1659 5339 2062 5408 comprobatur.
2115 5339 2548 5394 Vetustissimum
2583 5338 2746 5411 hujus
2778 5340 3060 5410 scriptoris
3098 5342 3382 5413 exemplar
3405 5353 3463 5399 et
3500 5354 3686 5403 nostra

377 5427 705 5483 bibliotheca
734 5436 935 5486 servat.
966 5426 1124 5483 istius
1151 5429 1314 5498 igitur
1341 5428 1550 5484 monitu
1579 5427 1715 5484 alios
1743 5443 1961 5498 quoque
1988 5428 2209 5485 Natales
2233 5428 2514 5486 Paulinum
2545 5429 2865 5502 procudisse
2892 5432 3146 5490 innutuit.
3175 5434 3334 5491 Sitim
3361 5436 3514 5492 auxit
3539 5436 3686 5510 frag-

377 5526 688 5574 mentorum
715 5518 950 5588 pretium
997 5519 1235 5589 visisque
1277 5518 1484 5589 aliquot
1511 5518 1668 5575 unda:
1695 5520 1865 5588 guttis
1887 5519 2151 5575 continuo
2181 5527 2327 5575 totus
2365 5519 2420 5575 in
2462 5519 2608 5576 votis
2646 5518 2768 5577 l'ons
2803 5520 2924 5578 fuit.
2963 5521 3154 5595 Itaque
3196 5524 3322 5581 dum
3356 5526 3684 5586 uberrimam

378 5609 869 5681 manuscrime
896 5609 1142 5665 codicum
1164 5611 1363 5668 seriem
1392 5613 1583 5678 lustro,
1627 5627 1751 5683 qua:
1786 5613 1842 5667 in
1872 5613 2234 5669 Ambrosiam
2271 5620 2608 5679 asservatur,
2660 5613 2852 5671 incidit
2889 5616 2945 5673 in
2973 5633 3169 5675 manus
3191 5635 3341 5676 meas
3367 5623 3683 5693 antiquissi-

378 5714 529 5754 mum
554 5701 833 5771 volumen,
853 5702 908 5757 in
933 5717 1042 5772 quo
1064 5702 1313 5759 Vcnantii
1346 5703 1649 5770 Fortunati,
1692 5702 1971 5775 Prosperi,
2000 5702 2246 5768 iuvenci,
2290 5703 2553 5772 Aratoris,
2585 5703 2925 5780 aliorumque
2964 5718 3213 5768 veterum
3249 5710 3681 5771 Christianorum

455 5836 471 5857 ‘
510 5834 760 5917 intelligit
803 5832 1018 5890 Natales
1045 5851 1123 5903 xt,
1168 5852 1243 5894 xu
1270 5844 1327 5893 et
1352 5853 1469 5906 xm,
1511 5852 1721 5893 necnon
1762 5851 1957 5963 Poetae
2069 5834 2449 5907 prolegomena
2496 5835 2717 5908 praslixa
2770 5840 3021 5911 leguntur
3046 5846 3677 5910 tomoslAnecdotomm

460 5906 591 5963 ulmi
617 5905 884 5961 ultimum
918 5924 930 5963 :
964 5906 1067 5963 illis
1105 5909 1246 5963 enim
1284 5917 1518 5963 uuatuor
1554 5924 1758 5963 onuscu
1783 5911 1826 5963 is
1856 5908 1974 5962 haec
2083 5906 2383 5963 Muralorii.
2416 5908 2570 5963 Enn.

356 5904 591 5964 Paulini
617 5905 884 5961 ultimum
918 5924 930 5963 :
964 5906 1067 5963 illis
1105 5909 1246 5963 enim
1284 5904 1518 5977 quatuor
1554 5904 1826 5979 opusculis
1856 5908 1974 5962 haec
2072 5904 2383 5965 'Mura'torii.
2416 5904 2570 5966 Eois.

2930 6106 3735 6145 Μ,
