4134 6432
566 334 674 405 503
1526 337 1583 395 S.
1619 337 1888 398 PAULIM
1930 340 2176 397 NOLANI
2209 343 2510 401 EPISCOPI
2553 345 2894 402 POl-IMATA.
3748 342 3851 398 θοι

563 451 800 509 carmina
830 453 1263 509 continebantur.
1297 452 1426 508 Tres
1454 463 1507 509 et
1534 456 1723 510 decem
1752 458 1807 510 S.
1847 455 2047 512 Paulini
2084 458 2297 514 Natales
2319 460 2389 514 ibi
2414 470 2665 517 exaratos
2687 462 2900 523 inveni,
2947 476 3085 530 quos
3112 477 3234 517 cum
3274 461 3502 529 Dungali
3533 459 3855 530 fragmentis

565 544 792 602 collatos
820 560 1131 614 germanum
1160 548 1403 615 protinus
1430 548 1564 601 tanti
1587 550 1863 617 scriptoris
1892 550 2074 604 fretum
2103 552 2256 618 mihi,
2274 561 2329 606 et
2351 552 2469 606 orbi
2495 552 2760 608 litterario
2790 566 2907 607 sum
2937 555 3458 619 gratulatus.Codex
3478 552 3848 609 venerandam

564 638 704 704 sapit
726 646 1065 692 vetustatem.
1097 639 1451 696 Cbaraeteres
1477 641 1746 708 quadrati,
1783 658 1845 695 ac
1886 642 2228 696 minutissimi
2274 644 2513 713 miraque
2560 653 2841 700 venustate
2885 646 3048 701 rectis
3088 646 3246 702 lineis
3294 647 3436 702 inter
3473 664 3535 701 se
3579 644 3851 707 distincti,

565 730 770 793 seculo,
804 737 861 782 ut
891 731 1146 796 arbitror,
1174 746 1319 785 nono
1347 731 1609 787 elaborati
1642 730 1807 787 fuere.
1854 732 2168 798 Quindecim
2199 750 2360 802 porro
2389 732 2603 787 Natales
2633 732 2912 789 Paulinum
2940 736 3206 792 cecinisse
3245 738 3528 805 hucusque
3553 737 3854 799 creditum.

563 835 728 889 quum
759 838 1015 892 expresse
1039 825 1275 879 carmina
1297 823 1569 892 Duiigalus
1597 834 1708 880 tum
1731 840 1797 880 ex
1825 843 1911 879 xiv
1944 837 2054 880 tum
2084 842 2151 880 ex
2182 842 2249 878 xv
2269 828 2468 880 citarit.
2498 825 2695 885 Verum
2724 836 2916 885 auctor
2942 829 3065 896 iste,
3086 840 3181 884 aut
3210 831 3414 886 librarii
3444 831 3500 885 in
3523 831 3619 885 illo
3649 830 3857 884 exscri-

564 911 739 968 bendo
770 911 979 984 decepti
1009 915 1192 981 luere;
1231 933 1353 986 quae.
1379 917 1524 974 enim
1552 920 1787 973 carmina
1817 936 1881 973 ex
1915 919 2086 973 Natali
2119 936 2202 971 xlv
2228 921 2415 974 hausta
2444 920 2777 985 referuntur,
2828 927 3051 981 omnino
3089 926 3383 994 rejicienda
3411 926 3468 979 in
3498 942 3617 990 xm,
3675 926 3858 980 codex

565 1016 752 1061 noster
787 1017 843 1061 et
869 1023 1048 1063 rerum
1087 1009 1221 1064 ordo
1262 1010 1534 1066 evincunt.
1569 1010 1753 1079 Itaque
1782 1009 1986 1064 Natalis
2016 1011 2154 1079 apud
2185 1010 2477 1078 Dungalurn
2508 1029 2575 1067 xv
2614 1013 2737 1070 hinc
2776 1015 3144 1071 inscribendas
3185 1016 3290 1070 erit
3333 1016 3578 1070 decimus
3600 1025 3853 1085 quartus,

564 1116 725 1169 quem
756 1103 813 1156 in
841 1103 1166 1159 membranis
1192 1106 1390 1159 nostris
1416 1105 1742 1171 descriptum
1772 1120 1878 1158 non
1920 1105 2081 1158 fuisse
2119 1106 2466 1158 vehementer
2507 1106 2766 1161 dolemus.
2826 1107 3018 1164 Nostro
3047 1118 3305 1178 praeterea
3354 1109 3408 1162 in
3453 1108 3646 1163 codice
3690 1106 3856 1163 simul

563 1196 962 1254 confunduntur
981 1201 1206 1268 primus,
1235 1208 1287 1255 et
1320 1202 1455 1254 alter
1483 1198 1718 1261 Natales,
1749 1215 1811 1253 ae
1839 1197 2043 1253 idcirco
2068 1199 2257 1267 reliqui
2282 1214 2506 1253 numero
2534 1215 2641 1253 uno
2666 1201 2734 1254 ab
2759 1200 2921 1256 editis
2942 1186 3269 1269 discrepant,
3294 1202 3368 1255 ita
3392 1212 3451 1255 ut
3470 1200 3564 1256 hic
3586 1201 3858 1269 septimus
3892 1247 3901 1254 .

563 1288 793 1357 dicatur,
847 1292 938 1360 qui
988 1294 1125 1363 apud
1157 1294 1293 1347 alios
1321 1301 1542 1347 octavus
1571 1301 1908 1353 numeratur,
1936 1306 2069 1369 quo
2114 1291 2301 1345 ordine
2349 1290 2537 1368 reliqui
2586 1291 2912 1359 procedunt;
2961 1291 3054 1346 sed
3101 1292 3510 1347 amanuensium
3553 1291 3767 1347 incoria
3798 1289 3857 1345 id

562 1380 796 1447 factum;
840 1384 1252 1453 quum‘penitus
1280 1384 1421 1438 inter
1447 1398 1505 1437 se
1525 1382 1883 1447 distinguendi
1922 1368 2035 1437 sint
2074 1382 2295 1451 primus,
2338 1389 2395 1435 et
2420 1381 2707 1436 secundus.
2756 1381 3114 1452 Subsequitur
3153 1383 3205 1435 in
3239 1381 3458 1438 laudato
3485 1381 3678 1437 codice
3705 1381 3857 1438 aliud

561 1471 771 1528 Paulini
800 1473 999 1531 Poema
1027 1478 1232 1545 absque
1267 1476 1447 1543 titulo,
1469 1476 1614 1544 quod
1648 1476 1721 1529 uti
1767 1492 1973 1529 summa
2004 1475 2257 1529 refertum
2286 1475 2586 1529 eruditione
2610 1485 2664 1528 et
2701 1489 2803 1541 ego
2835 1475 3076 1544 produxi.
3106 1473 3233 1527 Post
3265 1474 3379 1529 haec
3407 1474 3466 1528 S.
3492 1472 3711 1528 Martini
3741 1472 3857 1526 vita

562 1579 681 1616 cum
705 1564 1012 1633 bujusmodi
1042 1564 1391 1635 inscriptione
1416 1566 1702 1621 exhibetur
1728 1584 1739 1617 :
1775 1565 1967 1635 Inripit
1994 1582 2119 1635 opus
2156 1564 2365 1618 Paulini
2390 1565 2722 1627 Peneeordii,
2756 1566 2818 1619 de
2858 1563 2974 1619 Vim
3003 1566 3063 1620 S.
3100 1566 3320 1620 Martini
3344 1567 3575 1635 episcopi
3594 1564 3855 1619 versibus.

565 1652 715 1709 Unde
744 1654 1051 1711 Bellarmini
1081 1658 1148 1713 de
1168 1657 1367 1728 Script.
1400 1658 1558 1722 eccl.,
1588 1655 1860 1711 Sirmondi
1890 1655 1954 1710 ad
1979 1654 2165 1709 Sidon.
2198 1654 2399 1725 Apoll..
2440 1654 2655 1710 ιλιι»ωή
2681 1656 2749 1710 de
2771 1654 2975 1725 Script.
2999 1657 3160 1721 eccl.,
3204 1657 3546 1725 aliorumque
3574 1654 3857 1733 sententia

559 1746 933 1811 conﬁrmatur,
966 1752 1060 1819 qui
1092 1751 1281 1805 borum
1310 1752 1607 1804 carminum
1634 1760 1909 1804 auctorem
1937 1749 2139 1804 faciunt
2171 1748 2448 1802 Paulinum
2484 1746 2848 1812 Pctricoritmt,
2876 1764 2973 1804 seu
3003 1746 3408 1815 I’etrirordinm,
3444 1748 3538 1817 qui
3563 1746 3637 1801 50
3656 1755 3756 1801 aut
3784 1744 3858 1799 40

561 1839 714 1894 annis
740 1840 809 1895 ab
835 1841 986 1894 obitu
1018 1840 1225 1896 Paulini
1256 1839 1422 1894 uestri
1451 1839 1695 1894 ﬂorebat.
1740 1839 1953 1894 Patrum
1987 1848 2237 1895 accurate
2264 1838 2477 1909 scripsit
2500 1836 2753 1907 Ughellus
2785 1849 2920 1896 tom.
2952 1839 3023 1893 Vl
3049 1839 3169 1894 ltal.
3191 1846 3345 1896 sacr.
3367 1840 3583 1895 illorum
3614 1840 3858 1909 scripto-

560 1945 673 1982 rem
696 1938 1005 1997 poematum
1030 1928 1193 1984 fuisse
1217 1931 1273 1981 S.
1309 1927 1590 1983 Paulinum
1613 1927 1904 1996 iuniorem,
1937 1929 2201 1983 Nolanqu
2232 1928 2416 1984 itidem
2445 1928 2786 1998 episcopum;
2818 1930 2905 1985 bic
2934 1931 3077 1984 enim
3105 1930 3250 1985 circa
3272 1947 3366 1986 an.
3394 1930 3495 1986 Cb.
3528 1931 3725 1987 saltem
3748 1926 3858 1983 520

560 2020 877 2089 episcopatu
916 2020 1009 2074 illo
1035 2030 1120 2073 est
1147 2028 1358 2082 auctus,
1383 2016 1772 2074 Petricordium
1793 2034 1944 2085 vero,
1976 2029 2033 2072 ut
2053 2018 2183 2083 dixi,
2210 2020 2355 2074 circa
2378 2021 2479 2072 au.‘
2498 2018 2601 2072 160
2618 2019 2897 2091 scripsisse
2915 2020 3273 2075 certissimum
3295 2031 3400 2076 est.
3428 2020 3687 2076 Ceterum
3717 2023 3860 2077 satis

558 2110 741 2165 mirari
771 2126 982 2179 nequeo
1031 2126 1129 2167 cur
1157 2112 1322 2167 hosce
1350 2112 1565 2165 Natales
1593 2112 1787 2181 partim
1817 2112 2176 2181 neglexerint,
2205 2112 2398 2181 partim
2427 2128 2637 2167 summo
2661 2112 2839 2168 studio
2878 2123 3093 2169 veteres
3127 2115 3484 2185 protexerint.
3512 2113 3682 2177 Beda,
3714 2114 3856 2177 Not.-

559 2202 738 2268 lterus,
769 2200 909 2267 Ade,
955 2201 1240 2257 Marcellus
1286 2203 1566 2274 presbyter
1608 2202 2029 2272 antiquissimus,
2078 2209 2242 2270 atque
2283 2202 2396 2271 ipse
2425 2200 2712 2271 Gregorius
2744 2201 2983 2269 Turon.,'
3022 2205 3222 2276 aliique
3265 2205 3319 2259 in
3347 2203 3500 2260 Actis
3527 2204 3631 2260 SS.
3662 2206 3755 2260 die
3787 2205 3856 2259 lt

557 2295 776 2350 Januar.
807 2294 985 2361 relati,
1010 2294 1067 2350 S.
1093 2294 1286 2349 Felicis
1316 2296 1479 2349 vitam
1508 2309 1573 2348 ac
1597 2293 1853 2349 miracula
1876 2292 2244 2356 illustrarunt;
2278 2293 2548 2349 nemiuem
2582 2303 2757 2350 tamen
2785 2310 2853 2350 ex
2882 2279 2947 2349 iis
2968 2296 3151 2366 plures
3170 2311 3336 2365 quam
3359 2295 3549 2352 decem
3570 2298 3855 2368 noctisque

555 2390 730 2445 editos
756 2387 972 2445 Natales
999 2390 1196 2445 vidisse
1225 2398 1467 2460 apparet,
1518 2404 1685 2459 quum
1713 2402 1775 2441 ea
1808 2396 2013 2441 tantum
2041 2387 2298 2453 miracula
2339 2388 2648 2448 exhibeant.
2693 2404 2813 2457 quae
2835 2390 2889 2446 in
2919 2390 2998 2445 eis
3025 2390 3333 2455 laudantur,
3375 2390 3481 2446 alia
3504 2391 3673 2446 etiam
3703 2392 3847 2447 rela-
3890 2404 3895 2407 λ

557 2476 688 2550 ruri,
716 2485 764 2538 si
786 2484 837 2539 in
865 2492 1116 2553 promptu
1145 2482 1384 2550 reliquos
1413 2489 1524 2536 tres
1552 2481 1885 2545 habuissent,
1914 2490 2007 2533 aut
2034 2486 2285 2548 quatuor.
2339 2478 2436 2534 Vix
2468 2497 2602 2535 unus
2631 2480 2903 2550 Dungalus
2943 2483 3227 2550 inventus;
3264 2483 3356 2554 qui
3374 2482 3584 2541 borum
3608 2482 3856 2554 aliquam

557 2576 886 2628 mentionem
909 2569 1173 2641 iniecerit.
1207 2571 1497 2626 Lubentius
1526 2572 1687 2638 igitur
1716 2571 1786 2625 ab
1810 2570 2033 2646 eruditis
2055 2570 2296 2625 laborem
2323 2582 2565 2628 nostrum
2594 2588 2878 2644 exceptum
2906 2575 3303 2647 iri-speramus,
3329 2591 3497 2647 quum
3527 2578 3854 2633 thesaurum

555 2679 667 2724 tam
686 2668 788 2724 diu
816 2668 973 2723 nobis
991 2676 1257 2736 ereptum,
1291 2681 1357 2721 ac
1384 2680 1525 2735 pene
1546 2666 1887 2736 desperatum
1919 2664 2134 2719 tandem
2163 2666 2577 2723 subduxerimus
2596 2670 2881 2725 voracitati
2915 2674 3256 2740 temporum;
3286 2670 3413 2727 lltec
3448 2679 3635 2728 autem
3663 2675 3856 2728 omnia

555 2756 701 2819 notis
728 2761 974 2823 eruditis,
1013 2776 1078 2815 ac
1103 2757 1585 2828 disceptationibus
1613 2771 1711 2826 pro
1746 2756 1952 2811 viribus
1997 2755 2323 2811 enueleanda
2352 2758 2559 2825 censui,
2609 2767 2725 2813 tum
2771 2774 2840 2814 ne
2883 2759 3104 2828 reliquis
3138 2758 3349 2816 Paulini
3396 2761 3680 2831 operibus,
3727 2777 3857 2832 qum

555 2852 889 2908 eruditorum
929 2852 1107 2906 studio
1144 2852 1421 2922 hucusque
1449 2858 1639 2907 ornata
1675 2851 1942 2910 visuntur,
1969 2848 2022 2903 in
2063 2847 2245 2915 aliquo
2290 2849 2600 2916 crederent,
2653 2860 2765 2906 tum
2796 2862 2854 2906 ut
2898 2854 3127 2921 poeseos
3176 2854 3371 2909 merito
3400 2854 3582 2924 aliqua
3630 2870 3737 2926 per
3763 2871 3856 2910 me

554 2935 765 2998 ratione
794 2943 1105 2998 satislieret.
1146 2938 1216 2995 Ut
1242 2940 1387 2995 enim
1415 2956 1479 2996 ea
1525 2942 1796 3002 omittam,
1840 2936 1960 3010 quae
1989 2940 2111 2993 hinc
2139 2939 2398 2994 adversus
2427 2950 2732 3005 novatores,
2773 2943 3160 3014 reliquiarum,‘
3188 2954 3613 3017 sanctorumque
3641 2947 3853 3003 cultum

555 3038 922 3108 improhantes
949 3034 1143 3090 adferri
1173 3045 1413 3105 possunt,
1438 3043 1586 3089 certe
1610 3049 1871 3103 nusquam
1903 3032 2162 3100 majorem
2191 3040 2358 3100 quam‘
2384 3035 2433 3086 in
2466 3034 2612 3089 hisce
2643 3034 2812 3089 tribus
2840 3035 3032 3090 saltem
3062 3037 3347 3105 poematis,
3385 3038 3637 3096 invenias
3660 3041 3856 3098 erudi-

554 3133 774 3185 tionem.
810 3129 907 3185 llic
936 3129 1274 3184 ethnicorum
1304 3128 1638 3198 superstitio,
1690 3127 1780 3182 hic
1813 3136 2122 3181 sanctorum
2155 3137 2497 3182 monumenta
2542 3127 2901 3198 explicantur,
2948 3144 3144 3199 resque
3177 3137 3344 3198 gesta:
3373 3128 3586 3187 Paulini
3615 3133 3765 3188 velut
3793 3133 3853 3190 in

553 3240 719 3277 unum
745 3220 1122 3291 compendium
1161 3214 1381 3274 coactas
1409 3218 1667 3273 illustrem
1712 3217 2065 3287 scriptoribus
2102 3216 2297 3270 seriem
2340 3217 2655 3272 eruditionis
2697 3218 3029 3288 praebebunt.
3078 3218 3234 3285 Quod
3279 3219 3348 3272 ad
3394 3236 3570 3277 annos
3610 3232 3850 3293 spectat.

554 3316 746 3385 quibus
773 3314 985 3369 recitati
1030 3313 1231 3367 fuerint
1273 3313 1579 3383 huiusmodi
1607 3311 1848 3379 Natales,
1897 3312 2177 3365 sententia:
2220 3308 2470 3366 Cbiﬂletii
2518 3320 2658 3383 part.
2705 3309 2762 3377 3,
2808 3328 2928 3383 cap.
2961 3311 3014 3377 9,
3065 3311 3275 3369 Paulini
3321 3313 3400 3369 ill.
3425 3317 3723 3387 proposita:
3750 3332 3854 3373 ac-

554 3406 936 3476 quiesceudnm
967 3414 1117 3477 puto,
1150 3407 1381 3478 primum
1404 3421 1598 3477 nempe
1625 3406 1693 3460 ad
1720 3404 1944 3462 an.‘Ch.
1978 3403 2080 3458 595
2111 3403 2401 3471 pertinere,
2426 3420 2590 3475 quum
2618 3406 2855 3461 nondum
2886 3406 3074 3462 Nolam
3110 3422 3169 3463 se
3198 3410 3521 3463 contulisset
3561 3407 3853 3478 Paulinus,

553 3503 781 3556 alterunt
809 3500 1005 3556 deinde
1032 3501 1087 3555 in
1108 3517 1196 3554 an.
1223 3497 1329 3554 395
1355 3497 1574 3565 cadere,
1594 3514 1702 3567 quo
1730 3509 1952 3552 sanctus
1972 3497 2083 3566 jam
2110 3495 2255 3549 Nolae
2284 3496 2526 3551 redditus
2551 3507 2685 3552 erat.
2722 3499 2937 3553 tertium
2966 3499 3020 3553 in
3043 3515 3132 3553 an.
3165 3498 3289 3566 596,
3324 3509 3380 3554 et
3401 3502 3480 3555 sic
3505 3501 3574 3556 de
3594 3502 3848 3573 reliquis.

552 3594 751 3649 etenim
777 3591 1065 3663 quotannis
1092 3592 1335 3647 Natalem
1374 3591 1569 3647 cecinit
1593 3589 1864 3646 Paulinus.
1898 3589 1955 3644 id
1982 3598 2160 3644 autem
2189 3605 2256 3643 ex
2285 3588 2462 3644 Natali
2489 3604 2582 3645 xm
2609 3591 2944 3659 potissimum
2974 3593 3255 3661 probatur.
3303 3592 3382 3647 lbi
3423 3593 3845 3662 pneelarissima

550 3687 621 3741 de
649 3684 841 3742 Gothis
868 3683 1039 3739 relata
1080 3682 1334 3747 victoria,
1370 3696 1647 3751 aususque
1677 3680 2047 3749 Rhadagaisus
2070 3687 2421 3746 memoratur,
2466 3694 2587 3749 quas
2632 3696 2722 3735 an.
2754 3679 2858 3734 405
2904 3682 3154 3736 Stilicone
3184 3680 3248 3736 Il
3291 3692 3340 3736 et
3379 3683 3660 3738 Anthemio
3704 3699 3846 3737 coss.

551 3779 856 3845 contigere,
884 3776 958 3828 uti
983 3772 1214 3843 Prosper
1243 3774 1297 3827 in
1322 3771 1596 3827 Chronico
1617 3779 1876 3835 testatur;
1903 3785 1968 3823 ac
1994 3777 2280 3838 propterea
2311 3778 2627 3838 sequentem
2646 3785 2844 3823 annum
2875 3769 2978 3824 406
3009 3770 3229 3841 respicit
3247 3770 3455 3827 Natalis
3483 3789 3598 3829 xm.
3632 3774 3692 3828 Si
3713 3787 3850 3842 ergo

551 3870 773 3939 reliquis
800 3866 999 3937 elapsis
1028 3869 1184 3920 annis
1207 3862 1447 3918 Natalem
1473 3879 1626 3917 suum
1655 3859 1861 3931 alligas,
1894 3860 2122 3930 primum
2151 3875 2290 3928 com;
2312 3860 2451 3914 eries
2480 3861 2531 3914 in
2553 3877 2751 3917 annum
2783 3862 2887 3915 394
2912 3862 3180 3927 incidere;
3215 3864 3464 3920 similiter
3494 3866 3847 3923 undecimum

550 3974 695 4014 anno
738 3959 859 4022 404,
908 3958 1285 4015 duodecimum
1313 3971 1457 4012 anno
1496 3955 1600 4009 405
1634 3970 1752 4011 esse
1791 3954 2126 4010 tribuendos.
2177 3953 2352 4009 Unum
2385 3956 2757 4011 tantummodo
2787 3957 3017 4011 lectores
3063 3958 3299 4013 monitos
3342 3960 3528 4027 velim,
3582 3961 3846 4019 nimirum

551 4052 800 4108 consulto
831 4053 995 4108 hosce
1022 4067 1214 4107 versus
1242 4065 1350 4107 una
1378 4065 1498 4106 cum
1529 4047 1936 4104 amanuensium
1965 4045 2239 4102 erroribus
2269 4063 2298 4099 a
2326 4061 2411 4101 me
2440 4045 2602 4101 tuisse
2629 4046 2963 4117 descriptos;
3007 4050 3265 4120 conqueri
3314 4052 3460 4107 enim
3484 4068 3634 4124 stupe
3660 4056 3847 4111 solent

552 4143 846 4201 doctissimi
878 4145 976 4200 viri
1004 4143 1163 4199 (idem
1188 4141 1569 4213 manuscriptis
1597 4157 1705 4198 non
1735 4147 2025 4201 servatam,
2059 4154 2448 4209 germanasque
2476 4139 2735 4218 lectiones
2754 4142 3153 4199 emendantiqu
3177 4144 3453 4216 opinione,
3486 4159 3582 4204 aut
3607 4150 3845 4208 audacia

553 4236 868 4305 plerumque
896 4226 1090 4295 vitiari.
1137 4236 1343 4290 ldeirco
1369 4235 1609 4290 omnium
1638 4235 1852 4302 ingenio
1878 4231 2126 4302 quaedam
2156 4231 2464 4300 castiganda
2500 4232 2712 4302 reliqui,
2754 4235 3028 4290 nonnullis
3055 4239 3219 4293 etiam
3246 4239 3389 4295 inter
3417 4249 3578 4297 notas
3615 4258 3845 4300 manum

551 4328 797 4397 apposui.
1314 4374 1319 4377 _

624 4418 918 4488 (Hactenus
943 4418 1282 4474 "oratorius.
1329 4418 1585 4472 Audiamr
1610 4434 1745 4471 nunc
1766 4418 1997 4472 Joannes
2025 4418 2265 4486 Aloysius
2288 4414 2652 4489 Ningarellius
2674 4436 2738 4473 ex:
2760 4422 2906 4491 cujus
2934 4422 3159 4478 editione
3186 4431 3289 4478 tres
3319 4419 3543 4481 Natales
3565 4425 3635 4481 de

550 4514 725 4585 agitur
745 4512 1029 4567 exscribere
1057 4512 1349 4566 maluimus.
1387 4510 1508 4565 Enn
1528 4522 1567 4579 .)
1615 4555 1636 4570 ,

1207 4635 1328 4719 ΙΝ
1381 4632 2003 4717 NATALITIA
2064 4632 2535 4717 PAULINI
2609 4636 3134 4719 CARMINA

1982 4770 2430 4834 PBJEFATIO.

623 4904 676 4955 l.
716 4898 890 4954 Edidit
914 4898 1227 4967 jamdudum
1255 4912 1317 4950 es
1352 4894 1719 4951 Ambrosiam:
1745 4893 2084 4948 bibliothecm
2110 4891 2295 4948 codice
2318 4890 2449 4947 Lud.
2482 4892 2607 4948 Ant.
2639 4892 2963 4951 Muratorius
2990 4897 3071 4950 vir
3091 4905 3146 4951 et
3171 4897 3408 4966 ingenio,
3439 4906 3497 4953 et
3523 4899 3840 4956 eruditione

549 4992 878 5051 clarissimus
923 4994 1019 5045 tria
1062 4988 1120 5042 S.
1153 4986 1359 5041 Paulini
1389 4987 1716 5042 Nolanorum
1745 4983 1987 5055 episcopi
2011 4985 2248 5039 carmina
2281 4984 2331 5038 in
2362 4986 2419 5038 ὃ.
2450 4985 2684 5041 Felicem
2716 4986 2816 5055 (α),
2842 5000 3072 5055 quorum
3102 4996 3262 5043 antea
3293 4988 3543 5058 quaedam
3565 4989 3839 5046 duntaxat

547 5085 849 5154 fragmenta
879 5080 1164 5136 exstabant
1192 5077 1333 5148 apud
1358 5075 1652 5143 Dungalum
1683 5075 1735 5128 in
1766 5074 1906 5130 libro
1944 5087 2109 5143 quem
2160 5074 2200 5127 is
2246 5074 2504 5131 adversus
2525 5074 2818 5161 Claudium
2848 5068 3235 5139 Taurinensem
3261 5075 3331 5133 de
3371 5078 3523 5133 cultu
3550 5093 3837 5135 sacrarum
3866 5083 3870 5086 ⁴

550 5174 839 5243 “paginam
864 5171 1076 5241 scripsit
1106 5170 1179 5239 (b)
1209 5182 1348 5237 :qua
1376 5166 1444 5222 de
1475 5181 1537 5219 re
1563 5180 1822 5219 summam
1852 5163 1994 5234 apud
2028 5164 2296 5221 litteratos
2324 5166 2569 5221 homines
2596 5168 2824 5235 gratiam
2860 5169 2977 5225 iniit
2999 5167 3344 5231 Muratorius.
3363 5172 3449 5225 ‘ac
3473 5171 3687 5241 magnis
3714 5173 3839 5228 lau-

545 5267 704 5321 dibus
734 5280 763 5318 a
791 5262 1057 5317 Casimiro
1076 5258 1310 5323 Ondino,
1338 5258 1561 5326 aliisque
1588 5264 1881 5311 exornatus
1906 5263 2015 5312 est.
2037 5256 2107 5309 At
2133 5272 2255 5312 cum
2282 5258 2333 5311 in
2366 5258 2731 5329 apograpbum
2756 5244 2811 5315 et
2844 5260 3055 5317 mendis
3084 5261 3282 5330 ubique
3310 5263 3551 5332 plenum,
3581 5273 3640 5319 et
3667 5266 3836 5320 muti-

547 5360 657 5412 lum
680 5355 877 5414 alicubi
904 5364 1064 5423 atque
1092 5351 1464 5422 imperfectum
1491 5347 1784 5412 incidisset,
1819 5348 1930 5401 ticri
1958 5348 2179 5403 omnino
2210 5365 2315 5403 non
2345 5350 2538 5419 potuit,
2572 5358 2630 5405 ut
2656 5351 2796 5405 eain
2825 5352 2999 5407 lucem
3028 5354 3301 5408 emitteret
3325 5354 3485 5425 plane
3510 5358 3809 5414 emendata

544 5453 809 5521 Quocirca
838 5469 958 5507 cum
989 5451 1230 5507 codicem
1260 5448 1375 5516 ipse
1400 5444 1514 5515 pra:
1546 5443 1791 5498 manibus
1820 5442 2125 5509 habuerim,
2169 5443 2326 5514 cuius
2352 5460 2458 5514 ope
2478 5430 2879 5516 quamplurima
2909 5447 3101 5502 menda
3144 5462 3457 5517 expungere
3504 5451 3718 5515 liceret.
3763 5470 3833 5509 ac

544 5551 726 5620 plures
753 5546 992 5602 nondum
1033 5543 1211 5599 editos
1255 5556 1444 5597 versus
1489 5537 1807 5606 adjungere,
1850 5536 2013 5591 statui
2060 5550 2127 5590 ea
2163 5536 2406 5593 carmina
2441 5552 2627 5593 rursus
2666 5537 2719 5592 in
2749 5538 2856 5594 isto
2889 5544 3199 5595 uestrorum
3218 5540 3636 5599 ’Anecdotorum
3673 5554 3831 5601 toruo

545 5640 818 5705 evulgare.

614 5756 689 5820 (α)
724 5750 875 5807 Tom.
905 5750 923 5803 ι
956 5746 1371 5810 .tnecdotorum,
1414 5746 1504 5817 qui
1533 5744 1711 5800 editus
1728 5751 1811 5797 est
1833 5739 2115 5796 Mediolani
2294 5739 2584 5820 (glExstat
2612 5739 2701 5797 hic
2741 5738 2879 5820 liber
2915 5742 2967 5796 in
2997 5741 3333 5820 Bibliotheca
3358 5744 3600 5820 Patrum,
3647 5754 3706 5802 et
3732 5746 3822 5804 in‘

546 5810 685 5882 ωδ
722 5820 875 5875 1697,
1431 5810 1449 5817 ’
2231 5810 2479 5867 scribitur
2517 5810 2778 5881 Responsa
2800 5812 3036 5867 adversus
3066 5810 3273 5866 Claudii
3291 5818 3597 5875 sententias.
