4134 6466
620 410 725 468 507
1586 407 1642 461 S.
1683 404 1954 461 PAULlNl
1993 402 2243 460 NOLANI
2280 398 2579 461 EPISGOPI
2615 401 2958 459 POEMATA.
3804 396 3921 453 508

695 519 750 576 8.
789 520 847 575 in
875 535 1043 576 carm.
1072 520 1123 586 7,
1150 535 1290 577 vers.
1317 519 1373 588 5,
1403 529 1589 577 noster
1613 520 1783 577 codex
1810 520 1986 585 habet,
2020 520 2185 575 Ducat
2212 527 2524 577 concretum
2546 518 2704 575 terris
2730 517 3049 574 canentibus
3079 529 3304 572 annum.
3334 513 3487 572 Vera.
3518 513 3614 585 2‘,
3637 512 3725 571 ’l'n
3748 515 3922 570 mini-

624 624 769 675 mam
796 609 1026 681 repleas.
1058 609 1208 668 Vers.
1234 608 1327 679 55,
1349 609 1416 665 Et
1440 611 1615 667 subito
1646 609 1974 682 pnecedens.
2006 609 2158 665 Vers.
2188 610 2279 677 59,
2304 611 2544 666 Donetur
2564 607 2776 664 variare
2801 608 2997 674 modis,
3035 614 3093 664 et
3112 614 3273 677 pacta
3297 608 3594 678 quotannis
3622 606 3921 672 Carmina,

622 701 845 760 mutatis
864 716 972 758 uno
992 701 1118 758 licet
1144 712 1243 758 ore
1269 700 1498 772 loquelis
1524 697 1798 757 Promere.
1845 700 2003 758 Vera.
2034 702 2126 769 45,
2161 699 2442 757 Cernimus
2470 700 2559 756 illa
2582 700 2748 757 diem.
2798 698 2954 755 Vera.
2983 698 3076 763 85,
3108 701 3353 767 vegetior
3377 699 3571 757 hostis.
3617 698 3785 755 Vera.
3814 694 3920 760 95.

622 791 849 851 sedeant
874 792 1215 864 contegmlna
1242 794 1516 852 membris.
1566 795 1721 851 Vers.
1757 793 1845 861 96,
1877 797 1997 864 quis
2024 795 2299 866 ambigat?
2344 794 2498 851 Vera.
2529 780 2654 859 151,
2695 793 2955 860 Sustinet,
2987 802 3043 850 et
3070 794 3273 850 solido.
3316 793 3481 850 Vera.
3510 792 3638 861 161,
3679 788 3924 862 cuspide

623 885 789 942 trino.
817 884 974 944 Vers’.
999 886 1127 952 227,
1157 895 1351 960 potens
1379 888 1626 944 Domino.
1657 887 1812 944 Vers.
1843 888 1969 954 252,
1996 888 2161 943 vitam
2180 887 2446 946 veniendo
2467 888 2717 945 redemit.
2767 886 2923 943 Vera.
2946 884 3075 951 277,
3113 886 3341 943 suﬂer're
3364 896 3574 943 tomum
3618 886 3919 949 duramus.

619 973 784 1032 Yer's.
812 975 939 1046 278,
970 980 1219 1037 acumine
1243 980 1388 1037 ferri.
1434 981 1586 1038 Vers.
1621 980 1755 1050 279,
1795 979 2043 1039 sordibus
2068 986 2308 1039 unctum.
2351 979 2506 1039 Vera.
2535 978 2661 1050 287,
2706 980 2848 1051 quod
2876 980 3051 1037 solido
3077 984 3135 1036 et
3160 990 3347 1037 crasso
3385 986 3561 1035 totum
3589 976 3927 1049 eomle

624 1070 823 1141 operti.
3274 1066 3280 1071 ’

696 1158 751 1215 9.
790 1160 847 1215 111
879 1176 1047 1217 carm.
1073 1162 1129 1230 8,
1156 1176 1297 1219 vers.
1327 1163 1415 1233 69,
1446 1174 1633 1221 noster
1655 1163 1827 1223 codex
1868 1164 2032 1221 habet
2057 1165 2138 1221 Ad
2163 1166 2605 1240 consternandas.
2648 1164 2806 1222 Vera.
2838 1163 2931 1234 95,
2952 1170 3165 1220 servata
3184 1161 3409 1219 Nineve.
3456 1158 3613 1218 Vera.
3645 1158 3742 1228 96,
3787 1172 3925 1229 qua:

625 1252 767 1307 mala
794 1254 1014 1309 sanctis.
1043 1254 1195 1311 Vers.
1231 1252 1351 1321 126,
1377 1256 1586 1313 numeri
1608 1258 1806 1314 virtute
1833 1266 2102 1329 potentes.
2126 1258 2281 1315 Vera.
2311 1253 2431 1324 tu,
2464 1253 2691 1314 Provida
2715 1257 2969 1328 pollutas.
2992 1256 3153 1312 νοτε.
3178 1254 3301 1318 162,
3326 1254 3651 1325 Torrentem
3678 1265 3927 1321 magnos

626 1341 733 1395 late
763 1343 1006 1412 populos.
1059 1342 1211 1400 Vers.
1242 1341 1367 1409 168,
1399 1340 1466 1400 Et
1500 1346 1680 1415 opima
1710 1344 1931 1402 Nineve.
1977 1345 2130 1403 Vers.
2164 1345 2287 1414 175,
2312 1347 2500 1404 altaria
2530 1360 2731 1404 coram.
2776 1346 2934 1403 Vers.
2963 1347 3090 1412 178,
3133 1346 3331 1401 Attrita
3359 1356 3485 1401 cum
3507 1344 3691 1415 plebe.
3747 1342 3923 1398 Vera.

628 1432 751 1499 179,
782 1432 913 1489 Tam
947 1436 1124 1504 gravis
1145 1434 1313 1492 exitii.
1340 1430 1495 1495 Vers.
1526 1434 1651 1507 181,
1692 1435 1798 1495 Pro
1821 1439 2048 1504 meritis,
2070 1455 2172 1495 nec
2199 1447 2356 1495 norat
2383 1454 2526 1495 eum.
2576 1438 2735 1495 Vera.
2764 1437 2889 1503 207,
2928 1438 3255 1493 Venerando
3282 1436 3339 1492 in
3377 1447 3610 1505 corpore
3634 1435 3925 1492 membra.

624 1525 777 1583 Vers.
810 1526 933 1593 215,
958 1526 1024 1582 Et
1051 1538 1205 1599 rupta
1236 1529 1288 1584 in
1313 1526 1473 1585 ﬂuvio
1500 1531 1773 1587 sitientem
1800 1538 1976 1587 caute.
2008 1530 2163 1586 Vers.
2192 1528 2319 1595 259,
2357 1528 2471 1587 Ceu
2495 1529 2782 1601 aliquando
2811 1530 2957 1585 fera.
3003 1528 3161 1584 Vera.
3191 1525 3314 1591 261,
3366 1526 3633 1581 Naturam
3658 1532 3925 1581 mutante

625 1618 757 1674 Deo.
808 1619 962 1675 Vers.
993 1618 1124 1688 265,
1153 1620 1331 1689 Atque
1361 1633 1489 1676 suos
1516 1629 1757 1687 cantare,
1803 1635 1928 1677 reos
1968 1622 2156 1677 ardere
2196 1622 2491 1677 ministros.
2539 1619 2694 1677 Vers.
2722 1617 2851 1687 289,
2898 1616 3112 1673 Sanctis
3157 1616 3279 1673 fons
3326 1616 3581 1670 omnibus
3629 1627 3797 1680 unus,
3848 1610 3927 1668 Et

623 1722 847 1778 regnum
877 1727 1164 1767 commune
1194 1711 1332 1768 Deus
1357 1730 1369 1766 :
1401 1728 1509 1768 non
1539 1729 1645 1768 una
1667 1713 1968 1784 prophetis,
1999 1712 2425 1786 Martyribusque
2452 1712 2620 1768 sacris
2648 1726 2812 1781 opera
2836 1730 2848 1763 :
2877 1718 2935 1765 et
2960 1708 3171 1765 diversa
3202 1707 3437 1764 fuerunt.
3460 1705 3621 1766 Vera.
3647 1706 3779 1771 500,
3808 1705 3925 1774 Qui

624 1799 754 1855 fecit
780 1802 1003 1870 gelidos.
1047 1800 1202 1856 Vera.
1236 1800 1359 1869 511,
1395 1803 1560 1872 Dape,
1586 1797 1747 1858 facili.
1792 1803 1949 1857 Vera.
1980 1803 2105 1872 522,
2143 1803 2409 1859 immanes
2431 1802 2696 1859 domitare
2736 1803 2897 1859 feras.
2931 1800 3085 1857 Vers.
3134 1801 3263 1870 525,
3308 1800 3379 1855 Et
3422 1799 3630 1855 morbis
3676 1812 3925 1869 corpora

625 1890 893 1960 frangunt.
925 1887 1335 1971 Quidesidcriis
1366 1894 1637 1949 hominem
1664 1890 2059 1949 ﬂammantibus
2089 1900 2269 1957 urunt,
2293 1893 2639 1964 Peccatisque
2673 1903 2885 1950 vorant.
2928 1892 3087 1951 Vers.
3123 1892 3247 1959 551,
3299 1899 3360 1947 ut
3396 1893 3681 1948 incensum
3708 1891 3924 1947 restin-

624 1987 771 2048 guat.
803 1979 954 2035 Vers.
986 1980 1109 2046 556,
1142 1980 1272 2036 Mira
1306 1995 1515 2049 manus,
1538 1991 1595 2038 et
1621 1983 1768 2053 virga
1796 1992 2009 2054 potens.
2057 1982 2214 2039 νει-ς.
2244 1982 2372 2053 512,
2398 1998 2507 2054 quo
2534 1984 2807 2057 myrrham
2835 1984 3065 2040 tristem.
3104 1982 3261 2040 Vera.
3286 1981 3415 2050 515,
3445 1982 3625 2038 tristia
3648 1981 3923 2053 myrrha.

626 2071 778 2128 Vers.
810 2072 935 2138 559,
961 2088 1140 2142 agere,
1174 2075 1226 2129 in
1250 2073 1573 2145 Christoque
1594 2082 1889 2145 potentem.
1942 2075 2095 2131 Vera.
2130 2075 2253 2138 565,
2299 2084 2417 2132 toto
2445 2063 2717 2132 redivivus
2750 2088 2981 2147 corpore
3021 2074 3191 2131 Felix.
3245 2074 3403 2130 Vera.
3432 2063 3563 2141 568,
3619 2072 3924 2129 distinctos

627 2170 769 2219 actu.
816 2164 968 2220 Vers.
999 2164 1123 2232 584,
1168 2181 1231 2221 ac
1260 2167 1461 2221 sentire
1488 2166 1742 2222 medelas.
1792 2166 1944 2222 Vers.
1980 2166 2105 2233 589,
2155 2166 2346 2224 Felicis
2369 2177 2423 2225 et
2472 2169 2608 2240 ipsa,
2638 2167 2813 2224 ‘Vers.
2846 2165 2977 2232 591,
3024 2176 3195 2239 μνον
3221 2175 3279 2223 et
3305 2175 3538 2223 terrore.
3592 2164 3756 2223 Vere.
3779 2161 3922 2235 590,

626 2255 872 2312 incendia
903 2258 1074 2312 tectis.
1108 2256 1261 2314 Veri.
1293 2257 1417 2325 597,
1442 2259 1685 2313 recalent
1704 2258 1950 2314 incendia
1979 2257 2228 2312 ﬂammat.

701 2348 789 2403 10.
830 2349 889 2404 111
916 2367 1083 2407 carm.
1114 2351 1168 2418 9,
1212 2367 1348 2406 vers.
1381 2353 1435 2418 ti,
1485 2361 1670 2408 noster
1706 2352 1879 2409 codex
1907 2350 2070 2406 habet
2097 2351 2226 2417 mihi
2269 2357 2324 2408 te
2363 2350 2542 2407 lucere
2580 2350 2789 2406 diebus.
2836 2348 2994 2406 Vers.
3021 2349 3116 2416 24,
3155 2348 3345 2419 Neque
3374 2352 3525 2403 enim
3563 2347 3658 2403 ille
3680 2345 3805 2403 dies
3831 2345 3922 2402 ﬁt.

629 2441 787 2497 Vers.
820 2442 908 2511 79,
937 2440 1173 2499 Currens
1218 2460 1379 2500 aereo
1408 2443 1767 2499 modulabilis.
1818 2443 1971 2498 Vers.
2000 2440 2089 2508 92,
2138 2442 2396 2512 Spiritum
2425 2443 2494 2498 ab
2523 2441 2762 2510 Unigena
2784 2440 3041 2497 Sanctum
3080 2438 3241 2494 Patre
3288 2437 3703 2509 procedentem.
3750 2437 3921 2494 Vera.

630 2532 755 2601 105,
784 2532 1011 2589 Numine
1040 2536 1265 2604 potabit.
1298 2534 1450 2590 Vers.
1488 2534 1606 2601 107,
1636 2534 1925 2599 Dominus;
1954 2533 2034 2588 sic
2052 2534 2167 2603 ipsa
2188 2533 2396 2588 diebus.
2446 2532 2602 2587 Vers.
2633 2528 2754 2593 119,
2786 2531 2917 2587 mihi
2945 2530 3123 2587 carius
3148 2545 3314 2585 anno.
3350 2526 3512 2585 Vere.
3545 2526 3675 2597 156,
3705 2529 3923 2600 anima,

629 2623 913 2693 edicatque
938 2624 1081 2693 quod
1109 2626 1260 2678 olim.
1311 2623 1468 2680 Vers.
1499 2622 1620 2688 161,
1650 2623 1905 2691 temporis
1942 2636 2116 2677 annus
2138 2621 2247 2676 Ver
2272 2622 2399 2692 agit.
2440 2622 2595 2677 Vers.
2625 2621 2730 2675 165
2756 2628 2941 2676 noster
2964 2620 3138 2676 codex
3160 2619 3324 2675 habet
3342 2660 3358 2685 ,
3391 2616 3603 2676 Unctae
3627 2619 3791 2675 adest
3808 2618 3925 2675 Do-

634 2710 787 2765 mini.
835 2712 982 2769 Vers.
1018 2712 1140 2775 161,
1171 2710 1401 2766 Hicetas.
1436 2712 1593 2766 Vers.
1617 2710 1743 2773 180,
1765 2709 1986 2766 Niceten
2014 2709 2191 2765 ridere
2214 2711 2366 2765 mihi.
2395 2710 2547 2767 Vera.
2578 2709 2701 2778 209,
2727 2710 2969 2779 agminis,
3001 2718 3058 2765 et
3077 2708 3414 2779 patriarchae.
3445 2708 3602 2765 Vera.
3633 2707 3769 2777 2H,
3797 2708 3926 2768 fore

632 2800 1036 2868 praececinistis.
1070 2802 1223 2856 Vers.
1254 2800 1378 2864 210,
1404 2800 1616 2869 dignius
1643 2815 1758 2855 ore.
1785 2799 1936 2854 Vera.
1960 2797 2084 2864 245,
2115 2797 2341 2856 Lumine
2366 2802 2731 2873 conspicuum.
2760 2802 2913 2857 Vera.
2943 2798 3069 2868 251,
3095 2798 3247 2855 Unde
3274 2799 3564 2855 lutet-raso.
3595 2799 3758 2857 Vera.
3782 2798 3923 2865 292..

590 2934 597 2937 .
627 2903 736 2957 quo
757 2905 847 2944 me
872 2898 963 2944 tua
992 2890 1203 2945 dextra.
1258 2889 1409 2948 Vera.
1442 2887 1564 2950 508,
1603 2888 1825 2944 credere
1857 2888 2037 2958 pinna.
2065 2888 2219 2944 Vers.
2249 2889 2374 2954 5l8,
2405 2891 2685 2947 meditanti
2717 2891 2955 2960 suggerit
2996 2891 3195 2959 ignem.
3236 2888 3392 2946 Vera.
3421 2888 3551 2956 555,
3573 2905 3704 2946 cura
3725 2905 3926 2947 sumus

630 2984 864 3049 gemini?
911 2985 1002 3053 qui
1025 2983 1163 3053 jure.
1218 2983 1369 3037 Vera.
1400 2979 1521 3049 561,
1573 2982 1697 3037 dum
1728 2990 1782 3037 te
1808 2983 2011 3037 circum
2053 2983 2278 3052 agitans.
2328 2984 2482 3039 Vers.
2514 2984 2636 3049 570,
2685 2986 2828 3039 hunc
2852 3000 2944 3041 res
2970 2981 3425 3055 poscere'cnltum
3454 2981 3573 3054 Ipsa
3600 2984 3927 3041 videbatur.

634 3071 790 3126 Vers.
822 3070 945 3138 595,
976 3073 1241 3143 Cotispice
1268 3088 1500 3127 sursum.
1530 3071 1684 3126 Vera.
1714 3071 1838 3137 101,
1870 3073 2058 3128 altaria
2086 3082 2222 3130 tnta.
2266 3072 2417 3129 Vers.
2448 3074 2572 3141 415,
2604 3075 2738 3130 Huic
2763 3076 2957 3131 dubius
2983 3075 3199 3144 gemino
3240 3072 3472 3146 Didymi.
3504 3074 3666 3130 Vera.
3694 3074 3837 3142 455,-
3865 3076 3927 3134 in

633 3174 785 3216 arma
816 3161 1045 3225 vocavit,
1077 3160 1145 3215 Et
1172 3160 1387 3230 paribus
1410 3161 1644 3231 compsit
1664 3162 1891 3217 victoria
1918 3163 2059 3219 celsa
2083 3164 2322 3233 coronis,
2356 3162 2568 3234 Parque
2586 3165 2893 3229 salutiferis,
2923 3176 3027 3220 etc.
3056 3164 3215 3221 Vera.
3246 3163 3371 3232 £59,
3393 3164 3527 3220 Jure
3550 3165 3645 3236 pio
3671 3167 3925 3236 signant.

635 3252 790 3307 Vera.
816 3251 937 3316 160,
968 3261 1165 3307 sanctae
1193 3260 1369 3305 tamen
1398 3251 1554 3306 unica
1584 3249 1749 3322 pacis.
1801 3251 1953 3308 Vers.
1982 3251 2111 3315 190,
2149 3250 2261 3309 Nec
2288 3253 2485 3309 mirere
2511 3255 2678 3309 sacris
2704 3253 2912 3324 spatiis.
2958 3252 3115 3309 Vera.
3157 3252 3286 3319 506,
3327 3252 3515 3323 Teque
3543 3255 3735 3320 sacris,
3767 3257 3929 3330 pani-

634 3342 845 3412 minque
865 3343 1023 3396 simul
1049 3343 1244 3397 devota
1273 3341 1481 3397 litante.
1511 3340 1673 3396 Vera.
1697 3339 2008 3407 52l,-amne
2031 3342 2237 3400 refuso.
2265 3342 2417 3400 Vera.
2441 3344 2567 3412 555,
2594 3343 2699 3400 Per
2721 3353 2892 3399 totam
2917 3344 3123 3414 vigiles.
3161 3343 3325 3400 Vera.
3355 3342 3486 3407 561,
3519 3344 3738 3417 irrepsit
3769 3344 3931 3403 rudi-

635 3434 753 3490 bus.
783 3434 939 3488 Vers.
966 3432 1090 3499 581,
1117 3434 1321 3502 pictura
1350 3432 1555 3487 ludere.
1586 3433 1737 3488 Vera.
1771 3432 1896 3500 629,
1926 3434 2149 3502 vigilare
2176 3442 2391 3505 parato.

709 3528 799 3582 11.
837 3528 895 3582 in
919 3543 1088 3583 carm.
1119 3527 1206 3593 10,
1234 3535 1421 3581 noster
1445 3526 1619 3582 codex
1641 3526 1824 3594 habet,
1863 3538 2025 3585 versu
2051 3527 2107 3596 2,
2136 3528 2379 3583 solennia
2405 3535 2556 3585 voto.
2603 3528 2758 3585 Vera.
2789 3528 2879 3593 l0,
2908 3528 3021 3586 Illic
3044 3530 3331 3597 adiunctis.
3377 3529 3536 3587 Vera.
3568 3528 3663 3597 25,
3711 3529 3929 3586 lumine

638 3615 820 3671 Tobis.
854 3617 1008 3671 Vers.
1034 3616 1121 3684 52,
1146 3617 1379 3671 culmine
1405 3617 1583 3670 turris.
1624 3615 1779 3671 Vers.
1809 3616 1898 3683 10,
1931 3617 1977 3672 Α
2006 3618 2177 3674 tribus
2204 3630 2472 3686 egressus.
2520 3618 2674 3674 Vers.
2702 3618 2790 3685 15,
2836 3620 3274 3691 interpositisque
3298 3622 3588 3677 columnis.
3635 3621 3799 3677 Veis.
3829 3620 3930 3687 67,

638 3711 932 3779 Aspectare
956 3710 1121 3765 lacus.
1164 3710 1317 3764 Vers.
1352 3706 1437 3773 59,
1485 3708 1765 3779 spatiabile
1791 3710 1996 3779 pandit.
2043 3710 2199 3767 Vera.
2232 3710 2361 3780 151,
2408 3726 2571 3780 quam
2599 3711 2831 3781 liquerat
2853 3712 2977 3766 illis.
3024 3711 3180 3767 νει-ε.
3219 3708 3347 3775 188,
3393 3710 3640 3767 castiﬁca
3677 3718 3928 3767 socians.

641 3802 796 3859 Vera.
824 3802 949 3867 251,
979 3802 1047 3856 Et
1068 3803 1308 3857 moribus
1330 3800 1481 3856 istius
1502 3803 1620 3856 aevi.
1658 3800 1801 3859 Vers.
1836 3801 1965 3865 276,
1991 3811 2115 3873 post
2134 3802 2381 3873 corporis
2407 3816 2583 3857 usum.
2614 3800 2766 3858 Vera.
2801 3795 2928 3865 282,
2962 3809 3129 3867 tem,
3168 3802 3291 3870 quis
3315 3801 3368 3855 in
3405 3816 3495 3856 me
3524 3801 3736 3856 Bubus.
3765 3801 3929 3858 Vers.

639 3895 764 3962 5M,
800 3895 870 3949 lit
890 3896 985 3965 qui
1011 3895 1193 3950 corde.

708 3987 797 4046 l2.
820 3987 948 4046 llatc
975 3996 1122 4057 sunt,
1150 4002 1272 4058 qua:
1296 3988 1350 4043 in
1375 3987 1642 4059 prioribus
1669 3986 1859 4043 decem
1883 3985 2091 4043 Paulini
2117 3985 2447 4044 carminibus
2484 3984 2958 4040 animadvertenda
2989 3983 3320 4040 censuimus.
3359 3980 3517 4049 Quod
3548 3996 3682 4037 vero
3702 3990 3933 4053 spectat

637 4082 707 4137 ad
734 4082 834 4154 tria
861 4088 1156 4152 postrema,
1186 4097 1308 4151 qum
1333 4097 1524 4136 rursus
1549 4095 1693 4135 nunc
1710 4080 1939 4148 edimus,
1985 4081 2040 4135 in
2067 4080 2150 4134 his
2175 4080 2296 4150 plus
2322 4093 2491 4150 quam
2509 4085 2751 4133 trecenta
2780 4076 2900 4131 loca
2925 4075 3352 4141 emendavimus,
3374 4088 3440 4128 ac
3465 4080 3734 4145 praeterea
3756 4075 3933 4130 tertio

638 4182 696 4229 et
719 4174 928 4230 decimo
956 4173 1182 4229 carmini
1207 4180 1332 4243 post
1355 4172 1809 4242 septuagesimum
1837 4186 2049 4226 versum
2077 4175 2189 4227 tres
2215 4180 2271 4227 et
2291 4170 2675 4240 quinquaginta
2698 4180 2886 4223 versus
2905 4165 3227 4231 addidimus,
3257 4165 3351 4233 qui
3380 4165 3436 4218 111
3461 4178 3531 4218 eo
3555 4177 3722 4232 quem
3741 4162 3934 4220 Mura-

639 4269 811 4323 torius
840 4268 1099 4333 adhibuit,
1132 4265 1498 4321 Ambrosiam:
1525 4264 1864 4320 bibliotheca!
1906 4263 2093 4319 codice
2119 4261 2582 4317 desiderabantur.
2625 4259 2703 4315 Ac
2741 4266 2986 4314 nostrum
3007 4254 3227 4325 quidem
3270 4254 3443 4311 hocce
3487 4253 3933 4310 additamentum

641 4364 891 4418 brevibus
932 4361 1152 4417 scholiis
1179 4358 1560 4415 illustravimns
1596 4373 1614 4410 :
1640 4357 1743 4413 alia
1783 4372 1917 4413 vero
1954 4356 2193 4411 carmina
2240 4370 2350 4411 non
2392 4353 2559 4421 item,
2598 4350 2745 4423 quod
2791 4348 3214 4405 luculentissime
3246 4362 3278 4401 a
3304 4344 3585 4401 Ludovico
3621 4344 3934 4404 Muratorio

636 4456 904 4527 explicata
928 4454 1042 4525 iam
1070 4454 1198 4509 sint.
1240 4451 1435 4519 Quanti
1457 4459 1645 4505 autem.
1679 4449 2105 4504 additamentum
2131 4448 2304 4519 ipsum
2333 4444 2635 4501 faciendum
2674 4443 2762 4511 sit,
2804 4457 2876 4497 ea
2902 4440 3022 4510 ejus
3046 4437 3279 4495 lectione
3302 4452 3604 4527 cognosces
3626 4453 3643 4492 ι
3792 4437 3934 4494 illud

640 4526 731 4602 hic
750 4544 1179 4616 prmtereundum
1210 4558 1323 4597 non
1348 4550 1452 4610 est,
1483 4539 1666 4595 Tob'rm
1702 4540 1920 4603 librum,
1948 4545 2003 4591 et
2042 4552 2188 4602 eum,
2212 4536 2307 4608 qui
2328 4534 2737 4592 Ecclesiasticna
2776 4529 3109 4595 inscribitur,
3153 4542 3295 4597 quos
3318 4526 3487 4583 libros
3514 4526 3845 4584 heterodoxi
3866 4535 3936 4585 ut

641 4635 980 4707 apocryphos
1000 4632 1272 4702 rejieiunt,
1294 4647 1324 4685 a
1351 4629 1572 4686 Paulino
1605 4640 1663 4683 ut
1689 4642 1874 4684 sacros
1900 4635 2064 4697 atque
2089 4626 2299 4683 divinos
2320 4625 2377 4681 in
2402 4640 2473 4682 eo
2496 4624 2668 4689 citari,
2702 4629 2761 4677 ut
2787 4622 2840 4676 in
2866 4618 3086 4677 scholiis
3109 4617 3476 4683 ostendemus.

712 4730 800 4785 15.
834 4728 1009 4798 Atque
1036 4728 1124 4782 hie
1153 4741 1255 4796 ego
1282 4721 1540 4795 prmiaudi
1568 4722 1725 4778 linem
1754 4721 2007 4787 facerem,
2053 4720 2154 4775 nisi
2195 4718 2396 4789 aliquid
2417 4717 2489 4772 de
2514 4732 2606 4783 ea,
2648 4730 2754 4785 qua
2781 4728 2910 4769 usus
2946 4726 3089 4779 sum,
3134 4710 3329 4766 horum
3371 4716 3688 4781 poematum
3727 4709 3931 4767 inseri-

642 4825 828 4894 ptioue
852 4820 1139 4876 dicendum
1161 4826 1327 4875 esset.
1346 4815 1517 4882 Vulgo
1545 4815 1687 4871 enim
1717 4814 1799 4868 sic
1834 4812 2051 4867 inscribi
2079 4811 2272 4870 solent,
2297 4809 2498 4864 Natalis
2524 4806 2571 4876 l,
2598 4805 2804 4861 Natalis
2829 4803 2895 4869 ll,
2924 4814 2985 4860 et
3005 4804 3080 4857 ita
3105 4799 3382 4894 deinceps.
3428 4800 3509 4855 ita

644 4889 752 4988 psit
788 4914 1135 4970 Μαι-1111111111.
1177 4910 1250 4966 At
1288 4910 1418 4963 mihi
1461 4907 1675 4979 quidem
1707 4921 1773 4961 ea
1803 4906 2077 4974 inscriptio
2105 4915 2397 4971 numquam
2438 4897 2657 4970 probari
2693 4895 2871 4967 potuit
2895 4912 2908 4947 :
2931 4894 3092 4965 idque
3121 4892 3308 4947 multis
3337 4890 3408 4988 de
3434 4890 3659 4988 causis.”
3680 4889 3931 4988 lfrimutn

645 4983 785 5067 enim
816 5008 915 5064 etsi
938 5008 1232 5078 quotannis
1256 5004 1515 5059 Paulinus
1536 5004 1589 5060 in
1614 5002 1987 5063 emortualem.
2020 5014 2136 5063 seu,
2166 5005 2227 5052 ut
2250 4995 2451 5065 rectius
2480 5008 2602 5050 cum
2622 4989 2863 5048 Ecclesia
2892 4988 3101 5057 loquar,
3122 4987 3179 5042 in
3207 4984 3443 5078 natalem
3466 4983 3527 5040 S.
3548 4984 3751 5078 Felicis
3778 4983 3933 5041 diem

642 5119 864 5161 carmen
894 5075 1174 5167 scriberet,
1202 5099 1473 5169 quomodo
1502 5106 1691 5154 tamen
1706 5095 1944 5154 carnuna
1973 5093 2086 5163 ipsa
2115 5089 2331 5146 Natales
2358 5087 2461 5145 dici
2489 5086 2716 5157 possint,
2748 5080 3017 5151 equidem,
3044 5087 3102 5132 ut
3127 5078 3301 5133 dicant
3343 5076 3397 5130 id
3421 5075 3565 5145 quod
3600 5091 3691 5169 res
3717 5084 3828 5169 est,
3856 5093 3935 5137 ne

652 5196 899 5263 intelligo
923 5193 1162 5262 quidem.
1204 5168 1482 5257 Dungalus
1504 5203 1635 5244 sane
1663 5188 1718 5243 in
1745 5198 1815 5245 eo
1854 5200 2013 5255 quem
2038 5184 2149 5241 dixi
2196 5182 2333 5237 libro
2381 5195 2507 5237 cum
2534 5177 2730 5247 passim
2770 5176 2887 5229 haec
2926 5175 3039 5263 ipsa
3078 5169 3287 5263 Paulini
3316 5175 3571 5263 poemata
3601 5168 3655 5224 in
3684 5168 3936 5263 medium

647 5259 907 5357 proferat,
940 5259 1203 5353 nusquam
1231 5290 1409 5335 tamen
1437 5294 1499 5333 ea
1529 5278 1746 5332 Natales
1771 5275 2027 5346 appellat,
2067 5273 2161 5327 sed
2182 5285 2397 5341 semper
2415 5278 2509 5324 aut
2535 5268 2719 5329 libros,
2751 5273 2842 5357 aut
2870 5262 3138 5357 carmina.
3174 5259 3569 5357 Nostri
3832 5275 3936 5316 ex-

643 5345 876 5448 scriptor
897 5345 1127 5446 primum
1153 5373 1366 5444 quidem
1396 5372 1470 5426 sic
1496 5386 1559 5426 ea
1591 5345 1863 5437 inscripsit
1881 5384 1900 5419 ι
1918 5364 1996 5420 De
2017 5365 2132 5418 vita
2161 5363 2223 5417 S.
2253 5358 2445 5417 Felicis
2467 5372 2681 5415 carmen
2706 5355 2843 5448 anni.
2854 5352 3039 5448 primi,
3061 5363 3283 5448 carmen
3318 5345 3533 5448 11110111,
3555 5357 3704 5415 ctu;
3731 5358 3933 5419 postea

647 5438 796 5536 vero,
825 5438 979 5540 quasi
1004 5488 1126 5526 eum
1157 5438 1317 5535 huius
1345 5462 1708 5535 inscriptionis
1745 5460 2053 5531 paeniteret,
2094 5456 2173 5511 sic
2218 5454 2491 5524 inscripsit
2528 5469 2542 5506 :
2585 5441 3136 5540 11111111,-’11111111-11,ὲ
3174 5438 3534 5540 81111111111118
3558 5452 3935 5540 veronomen

649 5527 911 5634 nusquam
935 5560 1081 5633 apud
1106 5527 1246 5615 eum'
1262 5527 1523 5612 occurrit.
1550 5553 1619 5606 At
1650 5527 1781 5620 quid
1806 5549 1997 5621 plura!
2024 5545 2276 5601 Paulinus
2302 5544 2419 5634 ipse
2444 5534 2907 5634 quamvis-multis
2934 5527 3272 5634 .de
3475 5527 3749 5634 poematis
3774 5544 3937 5585 men-

647 5618 851 5712 tionem
880 5618 1060 5714 faciat,
1093 5659 1270 5704 tamen
1300 5663 1369 5703 ne
1397 5643 1564 5701 semel
1585 5618 1889 5715 quidemet!
1916 5636 2135 5695 Natales
2159 5633 2413 5706 appellat,
2456 5629 2551 5687 sed
2579 5627 2807 5689 libellos,
2860 5631 2950 5679 aut
2978 5620 3262 5677 Natalitios
3300 5618 3536 5675 libellos.
3587 5618 3730 5676 Nam
3753 5635 3935 5678 carm.

644 5742 740 5811 12,
771 5757 910 5804 vers.
940 5738 1068 5811 506,
1096 5741 1173 5797 ita
1199 5739 1383 5795 canit:
