4134 6472
551 374 654 433 527

682 480 905 540 Talibus
924 482 1149 539 intraret
1168 497 1330 553 puras
1354 481 1495 536 Deus
1517 481 1692 537 incola
1720 486 1951 545 mentes,

690 572 757 628 Et
778 574 896 629 vice
922 581 1126 628 mutata
1150 573 1302 628 nobis
1331 572 1532 643 pietate
1558 569 1750 626 solutis

548 663 655 723 235
694 665 885 722 Nostra
930 664 1079 735 prius
1127 672 1344 719 nostros
1390 668 1699 733 premerent
1748 659 1916 716 modo
1955 656 2129 715 vincla

1854 750 2065 824 [leones

695 848 910 904 Frustra
932 848 985 903 in
1006 861 1137 904 oves
1157 845 1356 902 Christi
1375 845 1516 901 victa
1545 843 1621 917 (α)
1650 840 1867 898 feritate
1894 841 2131 897 fremen—

1937 932 2062 1005 [tes.

696 1025 764 1082 Et
777 1035 959 1083 manet
986 1026 1099 1082 haec
1127 1025 1283 1081 nobis
1310 1024 1474 1081 etiam
1504 1038 1647 1080 nunc
1670 1022 1864 1092 gratia,
1892 1037 2013 1092 qua:
2039 1037 2135 1074 nos

694 1117 939 1173 Peccatis
966 1130 1127 1187 prece
1153 1123 1462 1173 sanctorum
1492 1120 1755 1170 exorante
1778 1113 2025 1180 resolvit,

699 1209 871 1279 Atque
895 1208 1084 1264 iisdem
1107 1208 1308 1263 sanctis
1335 1206 1598 1262 ultoribus
1617 1204 1799 1274 alligat
1823 1204 1964 1266 illos,

555 1300 661 1355 ειο
696 1299 1097 1371 Discruciatque
1124 1298 1329 1364 hostes,
1358 1298 1450 1369 qui
1478 1312 1579 1352 nos
1621 1296 1824 1351 vincire
1871 1294 2136 1351 solebant.

700 1391 768 1447 Hi
787 1391 949 1449 modo
972 1398 1030 1447 ut
1055 1390 1203 1446 illato
1226 1389 1299 1464 (b)
1322 1383 1574 1459 deprensi
1602 1386 1804 1444 lumine
1831 1386 1996 1454 fures,

704 1486 879 1555 Atque
905 1485 959 1540 in
998 1482 1174 1539 vincla
1201 1482 1334 1548 dati,
1365 1495 1506 1535 nunc
1533 1481 1687 1549 ignea
1708 1478 1875 1548 flagra
1903 1480 2139 1549 piorum,

706 1573 777 1631 Ut
796 1589 1060 1640 meruere,
1079 1572 1278 1642 ferunt,
1294 1582 1386 1628 aut
1396 1572 1505 1641 jam
1524 1571 1745 1627 infernis
1758 1569 1828 1644 (ο)
1842 1570 1982 1625 male
2004 1570 2143 1625 trusi

701 1668 1020 1733 Carceribus
1050 1665 1336 1736 trepidant,
1360 1666 1592 1720 vicinum
1622 1664 1823 1719 instare
1842 1662 2074 1718 fatentes

560 1758 667 1814 245
701 1757 967 1815 iudicium
994 1756 1203 1827 Domini
1222 1756 1353 1812 solis
1370 1756 1469 1811 sibi
1500 1757 1672 1823 triste,
1709 1755 1928 1823 suisque

705 1850 981 1916 Omnibus,
1010 1849 1065 1904 in
1105 1846 1318 1903 Satame
1338 1857 1546 1919 partem
1573 1861 1711 1919 quos
1732 1860 1873 1902 saeva
1893 1844 2142 1901 voluntas
2176 1853 2218 1915 Β

712 1940 967 2006 Verterit,
994 1948 1050 1996 et
1070 1938 1285 1994 Satanae
1313 1939 1602 1995 sociaverit
1620 1938 1812 1994 aemula
1841 1938 1969 1993 vita.

706 2032 834 2087 lstie
859 2029 1109 2102 nequitia:
1122 2029 1302 2085 socios
1330 2028 1598 2097 homines,
1630 2030 1703 2084 ibi
1725 2042 1915 2100 paenae.

708 2121 845 2178 Ecce
871 2123 988 2176 dies
1007 2129 1227 2191 accepta
1256 2120 1368 2176 Deo
1400 2137 1413 2173 :
1439 2120 1599 2177 modo
1629 2135 1756 2175 vera
1783 2119 1973 2175 salutis

565 2214 668 2271 250
706 2214 819 2270 Lux
855 2215 1054 2269 micat:
1083 2212 1260 2270 omnia
1286 2211 1398 2282 jam
1442 2212 1601 2268 nobis
1642 2212 1781 2268 bene
1808 2228 1964 2268 versa
1992 2210 2147 2267 vide-

1896 2304 2036 2377 [mus
2061 2322 2073 2357 ς

711 2394 980 2465 Diffugere
1006 2395 1137 2464 doli,
1163 2395 1361 2453 cecidit
1387 2394 1504 2465 Bel,
1528 2395 1713 2452 interit
1731 2411 1906 2464 error,

709 2492 917 2563 Quique
936 2491 1255 2548 colebantur
1278 2492 1406 2546 totis
1428 2489 1584 2561 quasi
1606 2489 1827 2545 numina
1858 2488 2067 2559 templis

710 2586 1011 2650 Dmmones,
1033 2584 1087 2639 hi
1109 2599 1204 2655 per
1225 2582 1422 2654 templa
1445 2582 1541 2638 Dei
1559 2589 1878 2652 torquentur
1891 2580 2145 2645 inermes;

709 2674 777 2731 Et
798 2677 889 2747 qui
907 2676 1120 2732 divinos
1141 2673 1416 2729 audebant
1442 2688 1652 2729 sumere
1681 2672 1938 2738 honores,

572 2766 678 2828 255
712 2768 774 2824 lli
799 2768 959 2825 modo
980 2768 1046 2823 ab
1067 2768 1297 2822 humana
1315 2764 1389 2837 (ά)
1422 2764 1727 2836 plectuntur
1744 2769 1906 2834 gente
1920 2761 2149 2819 subacti.

712 2861 952 2933 Namque
978 2860 1087 2927 isti,
1111 2874 1247 2930 quos
1261 2858 1329 2931 (ε)
1354 2873 1496 2912 nunc
1519 2855 1717 2913 celebri
1738 2853 1934 2912 Felicis
1953 2856 2008 2911 in
2030 2854 2152 2912 aula

712 2952 995 3024 Torqueri,
1027 2952 1283 3016 clamare,
1315 2949 1431 3022 rapi
1458 2963 1557 3019 per
1584 2956 1747 3020 capta
1772 2947 2023 3005 videmus

711 3045 971 3115 Corpora,
994 3042 1311 3114 corporibus
1333 3041 1495 3097 vincti
1516 3040 1815 3097 retinentur
1843 3040 1897 3095 in
1929 3039 2081 3111 ipsis,

713 3142 770 3197 lu
792 3156 911 3213 quae
931 3155 989 3196 se
1019 3148 1223 3194 trusere
1243 3126 1367 3208 ipsi,
1386 3150 1707 3206 poenamque
1734 3129 1978 3190 volentes

567 3234 674 3291 260
712 3232 1029 3299 Humanam,
1065 3231 1320 3285 invenere
1359 3242 1533 3284 suam.
1565 3225 1716 3282 Nunc
1757 3240 1889 3298 ergo
1929 3239 2151 3282 reorum
2175 3227 2223 3292 ο

720 3323 972 3380 Persona:
1004 3320 1068 3395 (Γ)
1092 3320 1369 3377 exululant
1395 3318 1590 3390 poenis,
1622 3317 1714 3388 qui
1756 3317 1977 3372 numine
2017 3313 2155 3372 falso

622 3457 726 3541 ⁸(ιι)
762 3456 924 3523 Μαι-η
985 3456 1173 3510 vincta.
1219 3452 1289 3508 At
1338 3451 1533 3509 melior
1575 3450 1735 3508 lectio
1782 3448 1954 3506 nostri
2005 3448 2159 3507 codi-

582 3545 725 3673 )
764 3595 898 3673 Mur.
923 3593 1067 3663 cod.,
1099 3592 1171 3648 Hi
1192 3592 1343 3649 modo
1366 3600 1471 3647 tam
1492 3590 1619 3649 lato.
1639 3589 1747 3646 Sed
1764 3588 1935 3648 nostri
1956 3588 2160 3648 codicis

581 3667 742 3727 lectio
770 3667 969 3723 verior.
1430 3680 1436 3685 ί

652 3703 742 3810 ζῖἶ
762 3703 969 3810 ιῖἆὲὶὶἶ
983 3734 1156 3810 c_o_dex
1180 3734 1344 3789 habet
1365 3703 1580 3805 inferni.
1613 3730 1683 3785 At
1702 3729 1835 3786 mihi
1856 3729 2026 3801 magis
2044 3730 2162 3804 pla-

581 3803 838 3867 cetléctio
866 3805 988 3862 eod.
1011 3803 1149 3859 Mur.

656 3880 740 3949 (Δ)
780 3875 1020 3949 Piissimi
1066 3875 1421 3949 imperatores
1470 3871 1887 3949 Constantinus,
1939 3872 2162 3949 ejusque

582 3943 925 4006 successores
969 3943 1229 4016 plurimas
1262 3945 1337 4016 in
1364 3956 1615 4016 paganos
1657 3943 1804 4012 leges
1850 3944 2159 4016 emiserant,

584 4035 708 4091 qua:
735 4012 1209 4091 codicem'_'l_‘heod.
1237 4015 1318 4069 tit.
1348 4012 1414 4069 de
1439 4012 1679 4091 ﬁngam,
1704 4021 1829 4077 etc.,
1848 4012 2164 4091 consulenti

583 4081 861 4161 patebunt.
890 4087 948 4142 ln
992 4086 1075 4161 his
1098 4095 1279 4161 autem
1306 4081 1587 4161 gentilium
1614 4099 1802 4161 sacra,
1829 4081 2162 4161 dmonum-

586 4152 692 4231 que
718 4159 894 4215 cultus
917 4156 1137 4231 omnino
1184 4156 1593 4231 interdicuntur,
1618 4153 1764 4223 quod
1790 4152 1879 4208 hic
1904 4168 2006 4225 per
2029 4168 2164 4225 poe-

588 4223 698 4284 tam
725 4235 970 4283 nostrum
992 4226 1138 4281 innui
1170 4225 1417 4281 arbitror.
1452 4223 1820 4279 Munnontus.

662 4300 733 4377 (ρ)
770 4295 830 4352 S.
853 4298 1046 4377 felicis
1075 4296 1372 4377 mirabilem
1397 4294 1728 4377 infugangis
1747 4293 2167 4377 immundisspi—

587 4362 777 4450 ritibus
817 4368 943 4424 alibi
985 4365 1147 4435 canit,
1204 4381 1268 4422 ac
1320 4362 1586 4437 pnecipue
1631 4362 1807 4421 Natal.
1839 4381 1919 4435 ιιι,
1954 4365 2048 4421 ubi
2082 4362 2164 4420 in-

588 4449 703 4494 duit
733 4458 748 4493 :

630 4450 703 4494 utt
733 4458 748 4493 :

605 4450 624 4511 ι
718 4529 943 4590 Martyris
965 4529 1177 4580 ostendit
1199 4529 1445 4590 meritum,
1472 4540 1581 4577 cum
1601 4527 1712 4589 jure
1735 4528 1918 4590 potenti

712 4588 965 4641 Daemonas
989 4600 1216 4652 exercet,
1241 4588 1566 4649 devinclaqne
1587 4588 1784 4651 corpora
1809 4589 1978 4650 solvit;

710 4653 830 4703 Nam
856 4654 947 4701 sibi
976 4651 1189 4702 Felicem
1212 4653 1355 4700 cacis
1378 4652 1663 4699 incumbere
1689 4652 1844 4710 pretiis

718 4714 943 4763 l’cstiferi
968 4726 1201 4776 proceres
1224 4714 1346 4763 iris”
1373 4712 1582 4776 clamore
1609 4712 1843 4771 fatentur,

713 4774 1037 4836 Occultasque
1061 4787 1236 4824 cruces
1258 4774 1445 4836 gemitu
1469 4779 1709 4824 testantur
1733 4781 1919 4836 aperto.

592 4860 956 4916 Munnonws.

672 4932 740 5002 (Ῑ)
779 4929 933 4984 Hunc
956 4943 1188 5002 versum,
1218 4936 1275 4983 et
1291 4928 1437 5002 alios
1476 4933 1735 4998 quatuor,
1776 4926 1870 4998 qui
1922 4927 2170 4999 proxime

594 4999 907 5072 sequuntur,
939 5000 1071 5055 citat
1098 4999 1391 5072 Dungalus.

664 5066 740 5142 ig)
755 5070 907 5142 ljunc
932 5083 1146 5124 versum
1174 5066 1431 5142 mendose
1455 5067 1585 5142 legit
1604 5066 1893 5142 Dungalns,
1916 5068 2167 5124 nimirum

594 5138 722 5212 sic}
748 5139 1039 5212 Defuerant
1075 5147 1126 5192 et
1171 5138 1256 5209 qui
1303 5139 1520 5212 muntilo
1548 5138 1755 5212 nomine
1782 5140 1935 5212 vinos,
1967 5150 2073 5212 etc.
2098 5168 2170 5212 5—-

592 5208 897 5266 Seriberem
933 5210 1110 5266 notius
1137 5224 1150 5261 :
1182 5208 1394 5262 mentito
1422 5209 1630 5262 numine
1654 5209 1783 5263 vivo.
1817 5208 2087 5266 Dunnalus
2116 5211 2171 5265 in

598 5282 908 5351 fragmentis
935 5277 1098 5335 habet
1142 5295 1155 5332 :
1206 5277 1417 5332 mentito
1457 5278 1663 5333 nomine
1705 5280 1859 5334 vivos.
1910 5277 2169 5335 Μυωιτο-

599 5367 733 5405 MISS.

668 5421 746 5491 (It)
785 5418 922 5491 Mur.
951 5418 1100 5491 cod.,
1128 5416 1346 5491 litabat;
1376 5425 1577 5484 uoster,
1598 5417 1817 5491 libabat.

598 5564 630 5619 ἁ
755 5488 923 5615 ἔξω.
951 5488 1099 5553 cod.,
1129 5488 1353 5544 disoluto
1380 5503 1399 5543 :
1449 5503 1569 5559 quae
1596 5489 1756 5545 lectio
1784 5489 2005 5545 omnino
2019 5503 2171 5544 men-

635 5580 668 5618 o
842 5597 855 5611 .

635 5577 728 5618 osa
755 5566 855 5615 est.

669 5632 740 5703 (j)
755 5630 828 5711 [tu
858 5627 1195 5711 Dionysiicis
1210 5642 1331 5683 mos
1348 5638 1476 5711 erat
1491 5627 1695 5711 hedera
1714 5637 1878 5711 φρει
1899 5627 2168 5711 redimire.

596 5697 735 5757 Hinc
754 5699 959 5770 Seneca
988 5697 1038 5753 in
1063 5697 1255 5770 (Edip.
1280 5707 1386 5770 act.
1409 5716 1473 5766 ιι,
1491 5701 1543 5754 in
1564 5700 1731 5755 choro
1761 5697 1873 5754 {Te
1891 5708 2043 5770 caput
2071 5698 2174 5770 Ty-

600 5775 681 5826 ria
709 5768 941 5826 cohibere
966 5772 1141 5840 mitra,
1178 5767 1483 5840 "edereque
1525 5770 1728 5840 mollem
1756 5767 2011 5840 baccifera
2046 5767 2173 5840 reii-

601 5859 727 5910 μανι
748 5844 989 5912 frontem.
1024 5837 1148 5895 Haec
1175 5839 1263 5896 ille
1287 5840 1355 5896 ad
1380 5837 1667 5899 Bacchum.
1700 5837 1909 5895 Statius
1922 5839 2052 5895 item
2075 5839 2170 5896 lib.

1508 365 1568 423 S.
1607 362 1877 422 PAULINI
1915 362 2161 420 NOLANI
2200 358 2502 418 EPlSCOl’l
2544 356 2885 417 POEMATA.

3727 354 3835 417 828

2376 476 2459 531 Dii
2485 476 2716 540 fuerant,
2748 482 2804 530 et
2836 473 2927 543 qui
2956 471 3183 528 mentito
3207 472 3431 529 numine
3459 473 3621 528 vivos
3647 472 3727 546 (g)

2371 569 2514 625 Ante
2541 565 2638 624 Dei
2667 567 2870 623 cultum
2896 565 2996 621 sibi
3027 566 3101 621 nil
3128 564 3344 621 maleste
3369 565 3621 623 videntes

2375 660 2701 716 Dediderant
2730 657 2996 724 homines,
3017 656 3075 710 hi
3112 671 3257 710 nunc
3289 655 3380 711 ubi
3403 656 3609 712 lumine
3630 654 3835 713 Christi

2234 744 2340 804 263
2379 750 2518 806 Vera
2547 749 2677 806 fides
2696 748 2892 820 patuit,
2934 762 3043 803 non
3069 753 3297 817 possunt
3323 744 3469 802 ferre
3490 747 3760 817 sepultos.

2372 839 2480 896 Sed
2508 840 2676 909 magis
2694 848 2756 895 ut
2775 846 2980 910 pateat,
3001 837 3129 907 quia
3148 851 3292 893 nunc
3320 837 3377 892 hi
3396 838 3489 907 qui
3516 838 3837 895 cruciantur

2376 930 2736 1004 ηδε-466
2784 931 3069 986 Daemones
3115 935 3243 984 ante
3271 927 3437 996 fores,
3466 936 3564 984 aut
3590 940 3722 986 ante
3748 945 3840 987 se-

3280 1022 3490 1095 [pulcra
3516 1012 3761 1094 piorum,

2377 1112 2546 1169 Iidem
2574 1120 2700 1169 sunt
2725 1112 2823 1180 illi,
2864 1112 3060 1183 quibus
3088 1112 3219 1168 olim
3241 1127 3399 1168 serva
3427 1113 3622 1170 litabat

2378 1205 2525 1263 Gens
2549 1206 2846 1272 hominum,
2873 1214 2928 1262 et
2946 1220 3131 1262 sacros
3155 1203 3378 1263 demens
3399 1205 3605 1263 libabat
3629 1206 3708 1281 (Ιι)
3738 1209 3841 1273 hoc,

3552 1300 3770 1373 plores,

2240 1391 2348 1447 270
2385 1391 2503 1463 ipsa
2533 1390 2695 1448 docet
2714 1406 2909 1447 vocum
2937 1391 3184 1463 species:
3217 1406 3343 1447 nam
3372 1392 3573 1464 sapius
3599 1392 3695 1449 illa

2383 1483 2527 1540 Voce
2546 1490 2783 1552 gemunt,
2798 1482 3015 1538 solitum
3030 1494 3091 1538 ut
3103 1498 3296 1540 noscas
3308 1483 3551 1540 clamore
3569 1485 3842 1542 furorem.

2385 1574 2478 1630 Sic
2504 1574 2823 1646 plerumque
2850 1574 2995 1629 velut
3021 1574 3263 1630 resoluto
3294 1576 3354 1648 (i)
3382 1576 3560 1633 laxius
3598 1593 3733 1646 ore,

2387 1665 2557 1721 Dente
2585 1664 2852 1730 fremunt,
2877 1672 3131 1734 spumant
3156 1665 3345 1734 labris,
3375 1665 3714 1740 borrentque
3742 1684 3844 1726 ca-

3602 1763 3770 1833 pillis.

3642 1763 3677 1817 il
3703 1764 3717 1776 '
3754 1802 3770 1818 .

2387 1845 2565 1918 thue
2608 1862 2770 1902 manu
2818 1853 3107 1919 prensante
3152 1831 3366 1906 comam
3407 1761 3763 1910 exeutiEfntlb:
3790 1855 3850 1915 in

3550 1945 3771 2019 [altum,

2247 2032 2357 2089 275
2391 2032 2457 2088 Et
2484 2032 2621 2105 pede
2643 2032 2946 2106 pendentes
2987 2042 3136 2090 stant
3173 2035 3414 2092 crinibus
3444 2053 3460 2090 :
3492 2036 3705 2093 interea
3735 2038 3851 2097 illic

2390 2124 2680 2183 Sacrorum
2706 2139 2977 2182 memores
3021 2134 3262 2181 veterum
3281 2170 3298 2195 ,
3328 2126 3523 2199 quibus
3547 2134 3675 2183 exta
3703 2128 3853 2186 sole.

3619 2218 3782 2293 [bant

2394 2308 2659 2365 Lambere
2686 2324 2945 2366 caesarum
2964 2307 3252 2381 pecudum,
3275 2318 3372 2366 aut
3390 2310 3649 2367 libamine
3671 2312 3854 2383 pasci,

2392 2400 2754 2472 Lascivosque
2772 2400 2972 2458 choros
2991 2400 3269 2458 hederatis
3295 2402 3368 2474 (j)
3387 2401 3589 2459 ducere
3608 2402 3857 2474 pompis,

2393 2494 2548 2551 Nunc
2572 2495 2733 2551 etiam
2761 2508 2859 2550 sua
2888 2501 3149 2550 testantes
3175 2509 3326 2550 sacra
3357 2495 3449 2551 illa
3479 2493 3667 2563 fuisse,

2225 2588 2357 2643 380
2393 2587 2452 2644 ln
2480 2588 2675 2658 quibus
2695 2588 2912 2643 insanos
2937 2586 3101 2642 dabat
3124 2586 3273 2644 ebria
3303 2588 3461 2644 turba
3489 2590 3779 2655 tumultus,

2393 2678 2581 2735 Euhoe
2601 2677 2811 2735 Bacche
2836 2693 3029 2735 sonum
3051 2676 3124 2751 (k)
3156 2676 3341 2734 fractis
3362 2679 3643 2737 imitantur
3669 2682 3858 2743 anheli

2398 2770 2651 2837 Vocibus,
2682 2776 2741 2826 et
2767 2769 2916 2826 lento
2937 2770 3150 2841 iactant
3171 2784 3266 2825 sua
3292 2769 3434 2826 colla
3460 2758 3683 2827 rotatnf

2393 2861 2501 2919 Sed
2522 2862 2646 2932 quia
2669 2875 2777 2916 non
2805 2868 3019 2932 poterat
3044 2860 3291 2916 mortalis
3313 2860 3376 2933 (l)
3403 2862 3562 2919 unius
3582 2872 3718 2919 tetas

2394 2953 2671 3020 Sufﬁcere,
2692 2960 2753 3008 ut
2777 2950 2941 3020 longo
2961 2951 3211 3020 contagia
3233 2959 3484 3023 tempore
3528 2961 3707 3008 tracta

2254 3045 2362 3103 285
2396 3045 2632 3101 Dilueret
2656 3042 2867 3114 paucis,
2896 3058 3035 3114 quos
3060 3056 3290 3114 corpore
3333 3043 3561 3110 viveret,
3587 3046 3749 3101 almis

2405 3135 2697 3194 Confessor
2723 3135 2897 3203 Felix,
2927 3142 2984 3191 et
3010 3135 3309 3207 presbyter,
3338 3150 3438 3191 ore
3463 3136 3746 3205 magister,

2396 3228 2584 3299 Elogio
2602 3234 2805 3300 martyr
2818 3225 2933 3301 (ιιι),
2956 3227 3151 3282 merito
3169 3225 3457 3297 ofﬁcioque
3476 3228 3735 3286 sacerdos
3751 3226 3863 3302 (n);

2399 3320 2753 3393 Omnipotens
2776 3317 3033 3375 Dominus
3060 3317 3270 3374 ﬁnitum
3296 3319 3542 3390 corporis
3567 3334 3747 3376 aevum

2258 3502 2301 3557 ιἱ
2327 3483 2474 3557 Sylv.
2513 3482 2568 3550 2,
2597 3477 2914 3557 vers._23_'5__:
3136 3476 3623 3557 hederisredimiln
3643 3477 3864 3535 cohors.

2260 3546 2398 3611 Vide
2420 3546 2709 3611 comment.
2741 3548 2906 3605 Delrii
2936 3548 2990 3603 in
3026 3546 3248 3612 Senem,
3295 3546 3456 3616 ibid.,
3506 3548 3866 3617 reliquosque

2259 3624 2621 3692 mythologos.
2656 3620 2733 3692 ﬂe
2761 3620 2816 3675 in
2849 3634 2909 3675 re
2934 3618 3065 3674 satis
3094 3626 3223 3674 nota
3253 3619 3470 3690 putidus
3495 3618 3707 3687 videar,
3736 3618 3867 3690 plu-

2293 3690 2410 3765 ibus
2437 3690 2624 3765 parco.
2655 3690 3024 3765 Menippus.

2333 3764 2417 3835 (Ιι)
2438 3756 2592 3819 "Mur.
2613 3760 2770 3835 cod.,
2802 3757 2983 3814 Euhoe
3032 3756 3412 3816 Bacchisonum
3440 3775 3461 3815 :
3513 3762 3638 3831 qua".
3689 3759 3867 3818 lectio

2261 3832 2490 3893 fortasse
2514 3832 2713 3889 verior.

2335 3914 2403 3986 (l)
2440 3910 2636 3986 Noster
2664 3908 2833 3967 codex
2874 3908 3044 3986 habet
3068 3907 3352 3986 nfortqlfsz
3385 3923 3508 3986 qua:
3533 3907 3703 3966 lectio
3727 3910 3867 3966 mihi

2261 3977 2395 4040 vera
2411 3983 2643 4047 videtur,
2673 3980 2918 4049 quamvis
2946 3979 2999 4034 in
3020 3978 3207 4035 codice
3235 3977 3374 4034 Mur.
3402 3977 3631 4048 legatur
3658 3988 3864 4035 morta-

2263 4054 2421 4121 libus,
2447 4061 2502 4108 et
2523 4048 2710 4107 ultima
2742 4049 2945 4123 syllaba
2970 4050 3121 4106 vocis
3144 4049 3379 4105 mortalis
3399 4049 3471 4104 sit
3497 4048 3701 4104 brevis.

2337 4145 2432 4219 (nt)
2456 4142 2666 4219 felicis
2676 4140 2867 4197 Nolani
2897 4140 3641 4219 tormentatpassignemque
3667 4141 3873 4211 prioric

2265 4207 2364 4272 bus
2393 4207 2446 4270 in
2475 4211 2751 4269 Natalibus
2779 4210 3045 4281 expressit
3076 4207 3349 4267 Paulinus.
3374 4207 3771 4281 Exprimuntur
3809 4221 3871 4267 et

2269 4287 2360 4342 illa
2383 4286 2436 4340 in
2463 4283 2614 4339 Actis
2644 4282 2817 4352 editis.
2850 4280 2981 4352 Non
3000 4288 3179 4352 tamen
3201 4281 3258 4352 in
3309 4280 3693 4352 persecutione
3721 4296 3872 4352 mor-

2268 4365 2376 4434 tem
2400 4354 2535 4434 obiit
2551 4351 2906 4434 sanctus
2928 4350 3077 4433 .Hinc
3104 4347 3291 4434 Elegia
3312 4347 3520 4434 tantum
3549 4351 3871 4434 martnrdi-

2267 4427 2429 4495 citur,
2453 4425 2531 4481 uti
2556 4424 2718 4495 etiam
2744 4420 2873 4495 alibi
2895 4422 3006 4476 sine
3026 4420 3285 4495 sanguine
3304 4430 3506 4493 martyr
3530 4420 3865 4495 appellatur.

2268 4490 2525 4551 Primieva
2555 4494 2607 4548 in
2633 4491 2875 4548 Ecclesia
2911 4506 3043 4562 vero
3063 4490 3324 4562 martyris
3353 4490 3551 4547 nomen
3576 4490 3769 4548 etiam
3799 4493 3871 4549 iis

2269 4565 2609 4621 tribuebatur
2635 4564 2726 4630 qui
2771 4561 3055 4618 tormentis
3096 4561 3415 4630 superstites
3452 4571 3632 4628 erant,
3661 4570 3724 4616 ut
3741 4577 3871 4618 ma-

2192 4604 2244 4664 Ῑ)
2271 4604 3080 4706 ἰξίῗέξέἲῖιῗιῗτὲἓῶἰῑῖέἰῖι
3097 4604 3871 4706 ἶῖιῖἱὶἱὲξῖεξιὶξξῐίυῖζῖἓ.

2310 4706 2491 4760 rianus
2512 4703 2583 4759 ad
2602 4713 2866 4774 martyras!
2886 4711 2934 4774 et
2955 4699 3274 4774 conquores
3297 4699 3422 4756 Iesu
3440 4699 3638 4774 Christi
3660 4699 3874 4773 episto-

2325 4791 2379 4831 m
2406 4775 2440 4830 9
2461 4774 2624 4837 dedit,
2650 4779 2706 4828 et
2736 4769 2820 4842 cp.
2850 4770 2917 4825 ιε
2936 4772 3011 4825 ait
3041 4769 3064 4825 ε’
3080 4769 3159 4825 De
3187 4772 3282 4826 hoc
3302 4780 3352 4826 et
3369 4771 3450 4842 nd
3474 4769 3776 4840 clerum-et
3797 4773 3875 4828 ad

2272 4854 2533 4916 martyras
2560 4851 2607 4916 et
2634 4840 2956 4916 confessores
2986 4842 3186 4916 litteras
3216 4842 3336 4913 feci.
3367 4840 3469 4913 Ep.
3521 4857 3743 4916 quoque
3773 4843 3873 4909 15,

2273 4911 2517 4981 Litteras,
2566 4911 2757 4984 inquit,
2790 4913 2886 4983 feci
2932 4911 3113 4985 quibus
3155 4911 3429 4985 mentm-es
3447 4920 3512 4985 et
3540 4911 3875 4983 confessor-es

2273 4985 2489 5040 consilio
2516 4981 2657 5055 meo;
2671 4981 2923 5055 qunntum
2943 4981 3182 5055 :possem,
3205 4981 3275 5035 ad
3300 4981 3580 5055 Dominica
3601 4981 3876 5055 precepts:

2275 5070 2587 5124 revocarent.
2622 5052 2849 5124 Quidam
2891 5052 3055 5124 igitur
3091 5052 3575 5124 viventes‘adhue
3603 5052 3876 5124 martyris

2276 5123 2635 5248 agpellatione
2655 5121 3139 5205 distinguebantur,
3154 5121 3279 5202 quia
3301 5121 3367 5177 ad
3387 5122 3667 5191 sanguinis
3694 5121 3878 5206 usque

2277 5211 2308 5248 e
2349 5207 2592 5248 ustonem
2611 5191 2879 5248 Christum
2908 5198 3339 5248 constantrssnme
3366 5191 3580 5247 fuerant
3607 5192 3872 5248 confessr.

2277 5191 2592 5251 eflusionem
2611 5191 2879 5249 Christum
2908 5191 3339 5248 constantissime
3366 5191 3580 5247 fuerant
3607 5192 3872 5249 confessi.

2276 5264 2473 5344 Scribit
2498 5264 2552 5318 in
2572 5264 2715 5344 hanc
2736 5278 2851 5318 rem
2876 5260 3188 5344 _C_yprianus_
3200 5260 3449 5344 laudatus
3467 5277 3554 5332 ep.
3581 5261 3653 5317 50
3686 5281 3699 5315 :
3726 5262 3878 5318 Illud

2276 5343 2525 5405 praferea
2550 5332 2789 5405 vellemus
2819 5330 3105 5405 addiscere,
3143 5335 3189 5386 si
3218 5343 3472 5405 martyres
3500 5330 3625 5387 non
3654 5343 3881 5405 propter

2279 5404 2425 5474 gliud
2451 5411 2704 5474 martyres
2732 5403 2883 5474 ﬁunt,
2909 5402 3012 5474 nisi
3039 5412 3095 5455 ut
3125 5417 3229 5456 non
3268 5402 3626 5474 sacriﬁcantes
3657 5402 3877 5474 teoteont

2278 5472 2526 5529 Ecclesia
2544 5471 2785 5545 usquead
2804 5471 3107 5541 effusionem
3126 5471 3499 5544 sanguinis‘sui
3524 5488 3729 5543 pacem.
3756 5473 3879 5530 Mt:-

2273 5558 2561 5598 RATORIUS.
2665 5568 2667 5570 '

2350 5634 2428 5705 (rt)
2468 5632 2766 5705 Sacerdotis
2792 5647 2899 5689 vox
2940 5647 3039 5705 pro
3063 5635 3299 5705 episcopo
3341 5632 3770 5705 bie_capienda;
3800 5636 3883 5689 si-

2276 5701 2490 5772 quidem
2541 5703 2785 5772 superius
2811 5701 3100 5774 gresbyler'
3123 5701 3319 5760 dicitur
3347 5703 3405 5759 S.
3431 5701 3602 5758 Felix.
3655 5702 3879 5760 Revera

2280 5771 2486 5828 tantum
2511 5771 2619 5843 pro
2630 5786 2793 5842 grege
2814 5771 3016 5829 Christi
3038 5783 3225 5841 egerat
3251 5773 3340 5829 hic
3364 5784 3605 5838 sanctus,
3638 5781 3711 5843 ut,
3729 5776 3881 5831 anti-

2280 5842 2421 5901 stitis
2444 5842 2641 5900 nomen
2665 5852 3084 5914 promereretur.
3120 5844 3210 5900 Sic
3238 5844 3412 5901 Natal.
3443 5859 3536 5900 xui
3577 5843 3657 5899 ait
3685 5842 3879 5900 Pauli-
