4138 6470
508 357 633 430 ςσυῦ
1486 363 1546 418 S.
1589 363 1860 419 PAULINI
1892 358 2145 418 NOLANI

2055 358 2146 416 lNl
2165 362 2167 365 ’
2186 351 2496 416 ενιδᾱορι
2536 357 2885 415 ΡΟΕΜΛΤΑ.
3740 347 3861 410 608

671 467 804 533 Filia
825 485 955 540 cum
977 481 1066 525 tua
1086 473 1174 538 sit,
1205 481 1388 528 tamen
1417 483 1501 532 est
1523 475 1618 529 tibi
1633 483 1810 529 mater
1827 489 2113 544 aquarum.
2147 475 2196 532 Α
2365 472 2472 527 Ora
2507 475 2811 528 soluturum
2841 487 3057 526 summo
3083 469 3314 526 facunda
3346 472 3586 543 parenti.

671 558 837 627 Cujus
858 561 928 614 ab
949 561 1212 629 indigenis
1241 563 1337 616 tibi
1365 564 1640 619 montibus
1667 564 1855 620 affluet
1873 564 2052 618 omnis
2374 564 2554 634 Incipe
2574 565 2772 618 divinis
2794 571 3005 618 tantum
3030 561 3164 617 dare
3191 572 3417 634 pectora
3447 562 3642 630 rebus,
3666 623 3671 626 ,

528 648 635 703 820
673 649 862 718 Copia,
892 665 1011 718 quae
1037 651 1214 707 fueras
1235 651 1479 709 felicibus
1504 663 1631 708 ante
1651 655 1905 723 superba.
2306 652 2337 704 Pi
2373 655 2774 723 Subrectosque
2797 655 2813 725 (
2839 671 2872 707 α
2902 654 2920 723 )
2950 654 3064 708 Deo
3089 669 3282 710 sensus
3311 655 3566 710 attollere
3597 665 3776 718 terra,

675 741 744 793 Et
769 757 874 810 qua
903 750 1025 810 post
1043 743 1224 798 studio
1257 745 1481 798 meliore
1511 745 1753 800 ministra
1775 745 1945 800 fuisti.
2375 747 2499 801 Mox
2519 747 2694 801 oculis
2721 747 2862 802 celo
2889 763 3027 800 nova
3050 747 3142 800 lux
3165 747 3378 800 orietur
3404 753 3620 816 aperto,

672 833 859 891 Gaude
905 837 1090 904 igitur,
1119 852 1238 890 mea
1269 837 1427 904 Nola,
1457 839 1549 892 tibi
1581 845 1635 891 et
1663 847 1900 905 gratare,
1933 834 2118 904 profu-
2378 836 2712 906 lntrabitque
2737 853 2894 891 sacer
2921 837 3089 890 tacito
3107 852 3209 906 per
3239 842 3255 904 (
3291 836 3319 888 ὁ
3342 840 3360 907 )
3384 848 3573 906 aperta
3604 844 3804 891 meatu

1937 927 1955 998 [ν
1983 927 2056 982 sis
2373 928 2626 997 Spiritus,
2659 935 2715 981 et
2734 927 2858 980 lano
2878 928 3208 996 quatiet-tua
3232 927 3441 981 viscera
3465 925 3620 983 flatu.

679 1017 890 1092 Viribus
916 1019 1166 1073 exultans
1189 1017 1428 1086 Christo,
1455 1021 1549 1088 qui
1581 1028 1635 1075 te
1659 1035 1758 1088 per
1785 1019 2019 1073 amicum
2446 1017 2541 1072 Eia
2581 1031 2682 1087 age
2720 1017 2882 1072 tende
2921 1018 3162 1089 cbelym,
3189 1017 3209 1090 (
3237 1033 3267 1070 c
3296 1017 3317 1089 )
3364 1017 3678 1074 fecundum
3711 1033 3864 1072 con-

676 1109 1048 1180 Dilectumqne
1075 1127 1231 1167 suum
1260 1112 1496 1167 Felicem
1526 1112 1704 1176 finxit,
1732 1120 1788 1166 et
1819 1111 1970 1166 auxit
3343 1109 3363 1184 ί
3393 1119 3521 1166 cule
3549 1118 3780 1182 pectus,

535 1198 643 1254 825
671 1200 870 1254 Natura
900 1203 1192 1256 f’anmlante
1222 1212 1374 1256 tuum
1405 1218 1598 1256 manus
1623 1203 1731 1256 alta
1754 1202 2028 1256 decorem.
2275 1197 2345 1256 to
2378 1201 2568 1270 Magna
2605 1202 2623 1270 (
2651 1200 2728 1269 ά)
2770 1215 2996 1256 movens
3029 1219 3043 1254 :
3075 1201 3236 1256 abeat
3269 1203 3447 1257 solitis
3477 1205 3732 1273 impensa
3762 1201 3864 1254 fa-

678 1290 853 1345 Cerne
876 1301 1020 1346 tuam
1054 1290 1263 1358 faciem,
1297 1309 1402 1362 qua
1432 1309 1714 1348 nuncnova
1738 1291 2054 1362 pmnituisti.
3548 1290 3784 1366 [cultas

683 1377 753 1433 Ut
780 1397 991 1444 noscas,
1024 1382 1311 1436 dederisne
1333 1383 1537 1451 aliquid
1567 1383 1762 1438 Felicis
1788 1383 2004 1450 honori,
2374 1381 2712 1436 Carminibus
2739 1399 2754 1435 :
2781 1380 2962 1450 major
2979 1396 3160 1435 rerum
3192 1382 3287 1435 tibi
3321 1382 3565 1436 nascitur
3584 1382 3756 1437 ordo.

677 1473 759 1524 An
788 1474 958 1540 magis
987 1489 1018 1527 a
1049 1473 1228 1535 Felice
1255 1475 1352 1529 Dei
1377 1475 1650 1530 cumulata
1679 1475 1914 1530 celaris?
2379 1470 2496 1524 Non
2517 1471 2681 1525 modo
2698 1470 2964 1538 judicium
2997 1469 3222 1534 Paridis,
3257 1488 3360 1527 nec
3386 1473 3529 1526 bella
3558 1473 3860 1542 gigantum

677 1561 851 1631 Asper
872 1563 962 1618 ubi
991 1564 1148 1618 nudis
1171 1566 1361 1621 arebat
1380 1561 1620 1619 calculus
1649 1566 1815 1630 arvis,
2376 1562 2532 1616 Falsa
2559 1577 2727 1617 canas
2755 1580 2770 1616 :
2798 1563 2961 1618 fuerit
2986 1566 3002 1598 ‘
3032 1565 3228 1633 puerili
3259 1563 3420 1619 ludus
3447 1567 3500 1619 in
3521 1580 3643 1619 aevo

532 1652 638 1705 850
678 1653 828 1708 Nunc
853 1661 1060 1710 mutata
1087 1657 1230 1711 viret
1257 1657 1574 1711 madefactis
1602 1657 1776 1727 gratia
1803 1655 1994 1724 glebis.
2379 1656 2483 1709 Iste
2505 1665 2630 1710 tuus
2654 1655 2930 1725 quondam
2953 1672 2970 1720 ;
3019 1655 3324 1712 decuerunt
3357 1657 3564 1712 ludicra
3589 1671 3858 1726 parvum.

679 1743 797 1797 Non
821 1742 954 1799 istos
980 1752 1190 1801 tantum
1213 1746 1390 1801 fontes
1419 1747 1536 1814 tibi,
1558 1747 1713 1812 Nola,
1747 1745 1985 1816 profudit
2273 1747 2341 1800 15
2376 1748 2530 1802 Νυηο
2552 1748 2748 1802 animis
2769 1749 3011 1817 gravior,
3039 1757 3304 1818 quantum
3325 1734 3646 1820 provectior
3664 1750 3862 1814 annis.

677 1831 872 1890 Felicis
900 1836 1094 1891 merito
1116 1839 1214 1892 tibi
1241 1839 1393 1894 dives
1421 1841 1592 1906 gratia
1624 1839 1850 1894 Christi:
2159 1841 2204 1904 Β
2375 1843 2682 1909 Aspernare
2703 1841 2851 1895 leves
2878 1851 3094 1896 maturo
3117 1841 3290 1897 corde
3307 1841 3621 1906 Camtnnas,

677 1927 956 1982 leiﬂuos
982 1929 1146 1983 etiam
1166 1931 1344 1985 fontes
1364 1930 1470 1985 huc
1497 1930 1564 1984 ad
1593 1938 1684 1984 tua
1713 1930 1870 1984 duxit
2383 1929 2449 1983 Et
2477 1930 2696 1998 qualem
2721 1932 2887 1985 castis
2900 1931 3012 1996 jam
3038 1944 3278 1998 congrua
3310 1932 3562 1987 moribus
3582 1940 3743 1998 aetas,

683 2017 902 2082 Maenia,
935 2019 1238 2088 Felicisque
1257 2021 1378 2075 sinu
1408 2021 1679 2089 gaudente
1709 2020 1920 2075 locatos
2377 2022 2555 2092 Atque
2584 2023 2661 2076 tui
2687 2025 2966 2090 specimen
2987 2025 3304 2079 venerabile
3320 2025 3565 2094 postulat
3584 2026 3733 2091 oris,

536 2105 644 2160 835
682 2106 936 2164 Difiluere
965 2110 1018 2162 in
1041 2110 1240 2163 multas
1259 2110 1444 2164 effusis
1467 2111 1715 2165 amnibus
1738 2112 1899 2164 urbes
2377 2112 2608 2183 Suscipe
2637 2115 2943 2173 materiam.
2964 2115 3176 2168 divinos
3195 2116 3424 2186 concipe
3445 2132 3663 2172 sensus.

683 2196 824 2252 Urbe
854 2209 945 2253 tua
961 2200 1141 2268 jussit.
1171 2200 1427 2256 Famulos
1447 2201 1646 2258 Christi
1669 2202 1865 2270 loquor
1895 2202 2046 2265 istos,
2267 2205 2338 2256 ‘20
2446 2203 2504 2258 Si
2531 2203 2698 2259 decus
2723 2221 2755 2258 ο
2785 2205 2934 2260 falsis
2960 2205 3179 2275 aliquod
3210 2221 3522 2276 nomenque
3546 2207 3720 2262 tulisti

677 2286 781 2345 Par
810 2291 1032 2349 inlustre
1061 2292 1193 2356 Deo,
1226 2309 1324 2364 par
1345 2295 1527 2349 nobile
1557 2296 1776 2348 nomine
1804 2293 2008 2349 Christi
2379 2293 2456 2349 De
2481 2293 2667 2350 vacuis
2693 2308 2948 2362 magnum
2978 2296 3161 2358 rebus,
3194 2311 3317 2350 cum
3342 2295 3465 2351 fleta
3489 2297 3726 2353 vetustis

680 2381 874 2437 Albina
900 2398 1023 2438 cum
1051 2393 1225 2439 matre
1246 2386 1352 2441 tuis
1374 2385 1536 2447 modo
1557 2384 1753 2440 finibus
1779 2394 1950 2449 ortos,
2379 2385 2724 2440 Carminibus
2743 2401 2988 2450 caneres,
3017 2387 3102 2441 vel
3122 2404 3246 2443 cum
3291 2396 3511 2443 terrena
3537 2387 3780 2446 referres

680 2471 914 2542 Pignora
947 2486 1267 2531 cunctorum
1287 2485 1624 2543 sanctorum,
1653 2487 1709 2530 et
1735 2475 1925 2543 gaudia
1954 2475 2077 2531 οωιί
2378 2474 2543 2532 Gesta
2567 2476 2999 2546 triumphantum
3029 2477 3257 2533 laudans
3281 2479 3512 2547 insignia
3541 2495 3757 2550 regium

539 2563 642 2618 840
679 2563 919 2620 Piniadze
940 2566 1136 2622 Melani
1165 2583 1288 2621 cum
1311 2566 1514 2633 fcedere
1541 2583 1640 2637 par
1659 2566 2023 2621 benedictum.
2381 2564 2499 2620 Non
2527 2565 2878 2634 equidech
2909 2568 3015 2622 illis
3051 2577 3109 2622 tu
3139 2568 3355 2624 laudem
3385 2575 3606 2625 sumere
3626 2571 3859 2640 dignus.

680 2651 794 2709 Hos
825 2655 967 2711 Deus
994 2665 1051 2710 et
1079 2664 1237 2712 natos
1257 2656 1474 2725 Felicis,
1497 2666 1554 2711 et
1579 2658 1743 2712 ubera
1775 2655 1925 2722 fecit,
2271 2654 2343 2710 9.5
2381 2655 2532 2723 Quos
2563 2659 2734 2726 magis
2759 2659 2995 2714 ornabas
3043 2660 3286 2730 opulenti
3314 2676 3543 2716 munere
3561 2662 3739 2717 verbi.

686 2743 860 2799 Ubera
890 2746 1088 2801 divina:
1115 2747 1371 2801 bonitatis
1392 2746 1599 2816 proflua
1628 2746 1786 2810 lacte,
2387 2746 2604 2814 Quanto
2624 2747 2800 2815 major
2828 2747 2899 2802 ab
2927 2749 3014 2804 his
3031 2749 3189 2804 cedet
3214 2750 3313 2804 tibi
3340 2751 3515 2818 gloria
3536 2753 3739 2822 ceptis,

683 2835 726 2890 E
747 2838 944 2906 quibus
971 2839 1148 2894 omnis
1176 2838 1334 2908 inops
1362 2839 1620 2893 alimenta
1641 2839 1862 2893 ﬂuentia
1885 2837 2070 2903 sumit,
2383 2838 2444 2894 In
2466 2837 2665 2908 quibus
2684 2847 2740 2894 et
2761 2838 3002 2906 linguam
3028 2855 3310 2904 exercens,
3343 2850 3585 2896 mentem
3619 2857 3859 2913 quoque

681 2927 870 2982 Omnis
890 2927 1018 2982 item
1048 2928 1202 2983 dives
1221 2929 1544 2988 documenta
1573 2928 1808 2983 salubria
1838 2927 2020 2983 sumit.
3484 2929 3779 3002 [sanctam

541 3015 644 3070 845
679 3017 744 3073 Hi
773 3026 900 3072 sunt
921 3033 1050 3073 ecce
1079 3018 1170 3089 pio
1199 3019 1396 3073 Christi
1417 3018 1485 3073 de
1513 3017 1732 3073 flumine
1752 3018 1948 3084 fontes,
2379 3014 2627 3083 Erudies,
2655 3015 2977 3085 laudemque
3005 3015 3166 3070 simul
3198 3018 3476 3087 vitamque
3502 3022 3796 3089 capesses?

555 3106 558 3110 ’
681 3106 783 3174 Qui
815 3123 925 3162 non
953 3109 1150 3164 visibili
1175 3125 1274 3179 per
1302 3118 1502 3164 terram
1530 3109 1741 3178 gurgite
1769 3117 2014 3174 manant,
2383 3106 2626 3178 Dumque
2665 3105 2813 3175 leges
2860 3105 2977 3178 (ε)
3025 3116 3201 3170 catus.
3241 3116 3301 3162 et
3339 3110 3550 3164 scribes
3585 3110 3869 3165 miracula.

684 3198 764 3255 De
792 3199 916 3255 viva
945 3201 1252 3256 miserantis
1273 3217 1413 3271 aqua
1441 3201 1662 3272 pietatis
1687 3200 1984 3258 abundant.
2159 3201 2209 3265 ε
2846 3264 2849 3265 ν
3006 3198 3008 3200 ’
3530 3201 3550 3273 [
3574 3204 3783 3258 summi

682 3290 794 3346 Hos
816 3301 896 3360 tu,
917 3291 1151 3358 Christe,
1171 3292 1268 3349 tibi
1295 3300 1492 3365 praesta
1522 3293 1772 3348 ubertate
1798 3291 2022 3364 perenni
2277 3291 2348 3345 ὅθ
2389 3289 2526 3346 Vera
2555 3289 2676 3358 Dei,
2707 3291 2936 3362 propior
2961 3290 3161 3355 disces,
3193 3299 3250 3345 ot
3272 3292 3454 3346 carior
3477 3293 3584 3362 ipsi

681 3384 962 3439 Scaturire
989 3384 1070 3439 tui
1097 3383 1293 3440 Felicis
1313 3385 1368 3440 in
1394 3384 1561 3440 ubere
1588 3382 1787 3450 fontes,
2387 3382 2516 3439 Esse
2545 3381 2660 3440 Deo
2693 3400 2708 3437 :
2734 3397 2898 3453 quem
2918 3382 3046 3436 dum
3075 3383 3306 3438 credens
3333 3384 3571 3451 miraris,
3594 3400 3785 3442 amare

541 3474 649 3530 850
684 3475 752 3531 Et
779 3491 1074 3544 numquam
1097 3477 1197 3535 has
1224 3477 1336 3533 ullo
1359 3476 1571 3533 tenuari
1597 3474 1776 3533 sidere
1795 3489 1982 3532 venas.
2384 3473 2640 3544 lncipies,
2669 3481 2728 3529 et
2755 3472 2992 3527 amando
3012 3472 3182 3526 Deum
3221 3473 3581 3529 redamabere
3604 3473 3871 3534 Christo.

685 3568 1226 3642 551-552lnﬂue
1241 3567 1552 3639 pectoribus
1569 3580 1787 3641 semper
1807 3566 1924 3632 tibi,
1943 3564 2139 3621 Chris~
2461 3563 2736 3620 Hactenus
2769 3563 2858 3618 illa
2888 3571 2995 3619 tuac
3023 3577 3192 3618 vanos
3214 3563 3342 3617 tuba
3366 3565 3521 3620 vocis
3543 3565 3599 3620 in
3621 3581 3756 3622 usus

1692 3657 1712 3730 ι
1735 3666 1812 3726 te,
1840 3657 2053 3719 dicatis.
2388 3659 2646 3725 Persona,
2672 3657 2886 3713 divinos
2908 3659 2928 3688 ²
2961 3655 3123 3719 modo
3157 3657 3357 3716 celsius
3388 3657 3606 3714 intonet
3623 3659 3645 3689 ³
3673 3667 3864 3715 actus-

689 3750 964 3821 Feliciqne
985 3757 1081 3804 tuo
1109 3749 1179 3804 de
1206 3749 1584 3819 peccatoribus
1612 3749 1714 3820 ipsi
2279 3751 2350 3806 55
2455 3750 2624 3807 Nosse
2655 3752 2672 3820 (
2695 3751 2723 3822 ι’
2739 3748 2760 3819 )
2787 3763 2978 3804 moves
3001 3762 3198 3808 causas
3220 3763 3406 3803 rerum
3443 3757 3502 3804 et
3543 3749 3865 3819 primordia

691 3841 960 3896 mandatis
989 3842 1186 3905 tribue,
1219 3848 1278 3894 ut
1304 3854 1595 3909 numquam
1625 3839 1798 3910 pietas
1823 3849 1916 3896 tua
1938 3841 2142 3895 nostris
3514 3837 3532 3910 ι
3566 3840 3782 3894 mundi?

688 3933 997 3989 Visceribus
1023 3933 1228 3986 fontem
1248 3931 1408 4002 hujus
1435 3931 1555 4001 opis
1576 3931 1865 3994 subducat,
1886 3940 1942 3986 et
1962 3931 2079 4001 ipse
2387 3933 2466 3987 Ne
2493 3943 2663 3999 vagus
2689 3929 3002 3986 innumerds
3026 3927 3045 3999 (
3065 3925 3286 3998 Epicuri
3314 3929 3530 3984 somnia
3554 3929 3573 4001 )
3597 3930 3866 3988 mundos.

547 4006 653 4084 $55
687 4028 832 4084 Fons
858 4043 890 4081 a
915 4025 1068 4081 fonte
1093 4035 1187 4080 tuo
1206 4025 1362 4080 Felix
1391 4040 1492 4080 nos
1516 4024 1696 4093 largus
1716 4024 1959 4088 inundet,
2387 4026 2537 4092 Quos
2567 4023 2767 4078 atomis
2785 4020 3014 4078 demens
3042 4036 3141 4092 per
3159 4022 3324 4076 inane
3353 4024 3674 4091 parentibus
3719 4025 3864 4088 edit.

689 4120 921 4189 Semper
959 4126 1021 4173 ut
1065 4116 1120 4172 in
1159 4117 1318 4172 nobis
1357 4117 1557 4183 saliat,
1586 4131 1684 4170 rex
1712 4115 1924 4171 Christe
1947 4153 1964 4177 .
2019 4126 2143 4170 tuus
2389 4115 2573 4170 Irritus
2600 4114 2656 4168 in
2683 4127 2917 4168 vacuum
2939 4112 3178 4182 spatiata
3207 4121 3433 4182 pectore
3450 4120 3672 4182 quatras
3696 4131 3714 4179 ;

1886 4206 1907 4279 [
1928 4205 2068 4271 fons,
2394 4203 2609 4272 Legifer
2639 4203 2866 4271 antiquo
2894 4201 3240 4256 venerandus
3261 4203 3485 4256 nomine
3515 4201 3720 4269 Moses,

693 4298 762 4353 Et
780 4315 882 4354 nos
907 4297 976 4353 de
1001 4297 1216 4354 miseris
1235 4308 1290 4353 et
1318 4299 1505 4368 egenis
1529 4307 1677 4354 sorte
1701 4299 1775 4354 tui
1791 4299 1908 4369 jam
2283 4299 2352 4353 40
2387 4297 2736 4367 Compositus
2760 4295 2930 4364 prima
2951 4293 3194 4348 referens
3222 4291 3293 4346 ab
3317 4293 3531 4360 origine
3569 4294 3860 4359 mundum,

695 4389 940 4448 Nominis
966 4389 1212 4446 obtineat
1235 4390 1420 4445 felices
1447 4390 1631 4445 vivere
1656 4389 1830 4446 Felix.
2392 4386 2876 4452 lnstituente—Deo,
2902 4401 3062 4440 curas
3091 4385 3190 4440 tibi
3217 4384 3395 4439 solvet
3422 4385 3637 4448 inanes,

1117 4501 1354 4558 ΡΟΕΜΑ
1387 4502 1581 4558 xxi]:
2392 4481 2814 4551 Formatumque
2839 4479 3116 4533 hominem
3139 4479 3290 4544 limo,
3310 4487 3365 4533 et
3380 4481 3678 4548 spiramine
3697 4497 3860 4536 sacro

2173 4575 2226 4634 Ι)
2392 4571 2753 4648 553-555
2771 4570 3025 4626 Afilatum
3053 4569 3320 4639 referens,
3341 4571 3498 4640 cujus
3527 4573 3604 4626 sis
3631 4590 3870 4630 munera

551 4612 756 4670 larium
767 4614 1464 4686 docctprouidentiardirime
1474 4615 1650 4686 9min
1659 4613 1957 4686 subiacere;
1979 4616 2145 4686 fatum

627 4662 830 4740 ὶὲἓῖἓῖ
840 4662 2145 4757 iniiinii;iibiféifiiiﬁiféé'§}}ipii2#é§£l

2057 4662 2146 4739 ξᾶζ
3530 4662 3552 4735 l
3573 4666 3787 4720 cunctis

627 4772 730 4813 cm:
756 4751 1027 4818 lectionem
1047 4755 1302 4809 hortatur.
1866 4751 1877 4757 ’
2389 4756 2598 4812 Celsior
2627 4755 2680 4809 in
2702 4761 2844 4807 terra
2874 4752 3226 4820 spirantibus,
3255 4751 3372 4821 ipse
3393 4751 3635 4808 docebit.

696 4847 818 4900 Jam
836 4847 969 4900 mihi
997 4846 1262 4916 polliceor
1287 4845 1455 4899 sacris
1479 4852 1571 4899 tua
1603 4847 1843 4900 carmina
1867 4845 2016 4900 libris
2289 4848 2358 4903 43
2394 4849 2472 4902 Ne
2517 4855 2569 4900 te
2591 4861 2686 4900 ceu
2719 4844 2740 4875 ⁸
2768 4843 2978 4912 lapides
3006 4839 3245 4911 Pyrrhzc,
3277 4842 3596 4911 argillamve
3629 4842 3861 4898 Prome-

696 4939 964 5001 Condere.
989 4947 1150 5006 teque
1180 4937 1278 4991 Dei
1303 4936 1637 5009 flammatum
1662 4939 1882 4993 nomine
1902 4940 2104 4996 Christi
3602 4931 3738 5007 [tbei
3764 4935 3786 4968 '

629 5055 694 5108 ν.
889 5051 1055 5126 Copia
1081 5066 1196 5126 quis
1225 5053 1418 5126 fueras.
1449 5050 1523 5102 Ita
1557 5050 1609 5104 in
1637 5051 1849 5126 codice.
1932 5117 1951 5126 _
2035 5121 2044 5126 _
2257 5052 2464 5107 l’ittiani
2497 5049 2631 5102 filius
2659 5058 2804 5126 erat.
2821 5044 3120 5126 secundum
3146 5053 3667 5126 patronomycorum
3689 5049 3856 5103 nomi.

628 5124 694 5178 Υ.
720 5122 842 5175 8'26.
876 5115 1197 5176 Panituisti.
1225 5115 1472 5172 'Pamiteo
1510 5119 1652 5188 apud
1689 5135 1904 5176 veteres
1932 5117 2152 5174 Latinos
2255 5139 2383 5175 unm
2415 5134 2678 5188 normam.
2709 5117 2842 5188 Vide
2871 5131 2991 5183 qua:
3013 5115 3123 5188 dixi
3154 5115 3372 5188 inuDisf.
3406 5115 3480 5170 vt.

558 5202 897 5263 usurpatum,
917 5207 988 5263 ac
1010 5203 1294 5263 propterea
1325 5183 1900 5263 eleganterquoquea
1925 5189 2150 5263 Paulino
2295 5191 2298 5195 ’
2363 5191 2521 5263 Alias
2540 5185 3145 5263 subjungebaturAepist.
3179 5183 3266 5237 ffi.
3300 5183 3716 5263 ιιιείξνεράεείιεζῃ
3750 5197 3856 5244 est.

558 5253 898 5332 usurpatum;
909 5253 1086 5315 Testis
1115 5253 1205 5332 est
1228 5253 1518 5332 vetustiss._
1539 5253 1800 5332 Priscian.
1847 5259 1938 5332 lib.
1985 5276 2036 5313 χι
2082 5261 2149 5314 de
2254 5262 2526 5332 Scriptum
2551 5253 2676 5332 ante
2698 5253 2894 5332 annum
2913 5253 3042 5332 ῥθο,
3073 5254 3214 5332 forte
3240 5270 3334 5332 ait.
3365 5255 3473 5308 598
3495 5257 3780 5332 aut

562 5323 751 5400 Temp.
784 5339 838 5384 et
859 5329 1041 5384 Furni.
1073 5331 1344 5396 particip.
1377 5331 1463 5400 ubi
1490 5329 1556 5382 de
1586 5330 1872 5400 itnpet'son.
1901 5329 2145 5398 loquens,
2328 5323 2406 5400 (α’)
2436 5328 2560 5383 Mss.
2585 5326 2766 5391 Vicn.,
2789 5325 3084 5395 Subjectos.
3114 5324 3217 5378 Ms.
3249 5323 3395 5394 Reg.
3419 5335 3476 5382 et
3500 5327 3590 5382 ed.
3622 5325 3856 5392 Poelm.,

559 5404 638 5456 ait
677 5399 1004 5455 {Srimdum
1047 5409 1236 5456 tamen.
1277 5399 1413 5470 quod
1452 5400 1560 5455 lucc
1609 5399 1784 5451 omnia
1824 5399 2152 5453 inveniuntur
2259 5401 2569 5470 Snbreplos.

563 5476 912 5542 perfectorem.
955 5463 1354 5542 declinationem
1398 5470 1647 5542 (iubentia
1683 5470 1737 5520 in
1768 5484 1900 5542 aut
1927 5480 2152 5542 reterunt
2331 5463 2509 5542 (ωςιερ
2549 5465 2839 5542 ms._Vicn.
2884 5473 2938 5517 et
2967 5464 3098 5519 edit.
3129 5463 3318 5518 Scltot.
3370 5473 3411 5518 t.
3444 5464 3489 5520 Υ
3535 5466 3681 5523 Bibl.
3725 5467 3862 5531 PR,

564 5536 691 5598 teste
706 5541 903 5611 Capro,
925 5540 1093 5608 pigro,
1112 5539 1297 5611 pudeo,
1313 5540 1493 5611 toxico,
1510 5539 1972 5609 pwnitco..\fonuit
1986 5542 2151 5611 etiam
2257 5536 2532 5611 pag.'9_7_8.
2568 5536 2692 5611 1Alii,
2720 5543 2922 5611 operta.

567 5605 846 5678 utriusque
876 5605 1070 5681 lingua:
1096 5610 1451 5681 peritissimus
1474 5605 1677 5681 viget!
1691 5625 1899 5681 summa
1924 5609 2155 5681 refertus
2261 5605 2274 5610 ’
2305 5647 2308 5656 ι
2333 5613 2404 5666 te)
2438 5608 2533 5681 bis.
2568 5606 2742 5681 Viam,
2765 5605 3082 5681 litandum.

566 5676 871 5735 eruditione
904 5676 1125 5732 Μὶρίιιλιιέι
1158 5678 1399 5733 Madditts
1427 5680 1602 5745 magni
1632 5678 1729 5731 viri
1757 5678 1936 5734 Caroli
1975 5679 2157 5733 Maria!
2334 5681 2410 5733 tdl
2445 5678 2542 5729 Ms.
2573 5676 2743 5729 codex
2765 5676 3104 5734 Vientmnsis.
3127 5691 3352 5728 romam.

567 5750 766 5806 Maddii
799 5749 957 5818 ﬁlius,
988 5751 1126 5813 apud
1154 5748 1442 5818 Pacuvium
1468 5765 1526 5801 se
1540 5750 1740 5812 legisse
1769 5749 2102 5818 pwnitebnut.
2337 5756 2405 5813 (cf)
2566 5746 2927 5818 liii-unauana.

647 5821 704 5874 Υ.
731 5819 854 5872 Sili.
889 5816 1005 5872 Pim‘
1046 5822 1142 5872 dir.
1170 5817 1283 5872 lloc
1313 5831 1387 5873 est
1414 5819 1641 5882 l’iniani,
1679 5815 2163 5886 quilortealtcrius
2339 5819 2403 5884 (Γ)
2439 5817 2533 5871 Ms.
2569 5815 2749 5881 \'ien.,
2776 5815 2970 5867 volens.
