4138 6428
221 337 324 393 617

503 454 720 512 Molitus
744 463 829 512 est
849 455 1144 528 expellere,

367 546 435 605 Ut
462 550 586 605 fune
612 556 773 621 rupto
802 566 911 622 quo
938 550 1245 605 cohmrebat
1272 550 1411 614 rati,

498 639 870 698 Dimitteretur
896 641 1127 713 aequori.

252 732 323 790 00
359 733 467 791 Sed
494 736 848 806 plurimorum
877 752 1011 817 voce
1042 736 1217 792 victus
1245 734 1445 803 obvia,

502 827 586 885 Ab
614 839 847 899 utroque
875 829 1077 884 mansit
1104 826 1313 899 irritus,

338 920 497 990 .Quia
520 922 853 992 praevalebat
880 921 1121 977 omnium
1149 922 1422 980 sententia

505 1014 709 1070 Autore
732 1013 952 1070 Christo
982 1010 1198 1080 fortior,

362 1103 433 1159 Ut
457 1120 584 1162 mox
610 1105 813 1161 salubri
840 1105 1005 1162 barca
1031 1114 1063 1144 ⁸
1088 1102 1335 1178 perfugio
1359 1102 1503 1164 foret

504 1194 677 1267 Puppi
706 1206 986 1267 superstes
1014 1198 1244 1254 obruta.

359 1287 625 1344 Inusitata
654 1286 922 1367 naufragii
948 1287 1115 1343 facies
1136 1295 1283 1354 erat,

503 1374 649 1434 Mors
676 1378 850 1442 navis,
883 1386 940 1435 et
966 1395 1073 1450 pax
1098 1378 1353 1451 aequoris.

363 1468 721 1545 573-575.
754 1469 911 1528 Foris
938 1471 1162 1528 sedebat
1181 1471 1234 1527 in
1265 1468 1404 1529 freto
1423 1471 1803 1547 tranquillitas,

504 1564 563 1620 In
592 1580 731 1621 nave
759 1573 1056 1637 tempestas
1079 1576 1219 1621 erat.

363 1655 481 1713 Non
503 1672 633 1714 saxa
658 1658 907 1725 classem,
934 1674 1044 1715 non
1064 1658 1307 1730 procella
1330 1656 1566 1730 fregerat
1589 1676 1605 1713 :

502 1749 611 1805 Sed
640 1750 724 1807 bis
752 1757 996 1807 vetustas
1020 1749 1221 1806 fortior

356 1840 619 1898 Clavante
647 1842 792 1898 ferro
813 1841 963 1897 firma
989 1841 1121 1911 ligni
1139 1841 1165 1881 ι’
1192 1842 1391 1899 robora
1415 1842 1438 1875 ⁸

504 1933 648 1992 Ero
674 1942 886 1991 terente
907 1936 1166 1993 solverat.

226 2025 328 2083 105
360 2024 570 2085 Colum
598 2026 806 2083 serenis
834 2027 1073 2084 enitebat
1097 2027 1176 2100 (α)
1203 2026 1463 2095 vultibus,

503 2104 979 2175 Astris‘renidebat
997 2133 1169 2174 mare.

363 2210 562 2271 Verum
577 2202 717 2285 quid
747 2212 854 2270 illis
881 2213 1003 2269 laeta
1023 2223 1313 2271 ventorum
1340 2213 1501 2272 simul

508 2302 799 2377 Pelagique
826 2306 1120 2377 praestabat
1147 2308 1325 2381 quies,

365 2397 516 2464 Quos
534 2394 823 2455 deserebat
851 2398 905 2455 in
937 2398 1206 2472 profundo
1230 2400 1519 2457 marmoris

506 2488 740 2551 Vectura
773 2492 991 2564 dilapsa:
1020 2492 1191 2547 ratis?

368 2584 511 2641 Bibit
538 2583 682 2640 unda
710 2600 903 2641 navem
920 2626 938 2652 ,
969 2584 1125 2641 navis
1154 2583 1353 2641 undam
1382 2585 1674 2652 combibit,

509 2675 832 2745 Sorbentur,
857 2686 914 2737 et
937 2680 1163 2736 sorbent
1190 2694 1363 2751 aqum.

366 2768 621 2826 lnebriati
647 2769 848 2826 navitze
870 2778 1005 2843 potu
1034 2771 1187 2841 salis,

514 2857 678 2915 Tristi
704 2868 973 2917 necantur
996 2861 1240 2933 crapula.

233 2949 336 3005 ll5
373 2950 602 3007 Ridebat
629 2952 750 3008 aliis
775 2952 923 3009 mitis
952 2953 1369 3019 unda‘navibus.

514 3043 722 3116 Unique
749 3045 977 3102 smvibat
999 3046 1129 3103 rati.

370 3137 476 3195 Sed
504 3137 560 3196 in
586 3140 796 3211 periclo
820 3140 1180 3213 plurimorum
1204 3155 1435 3200 cernere
1452 3138 1552 3224 e'st

507 3244 758 3303 leestis
786 3253 965 3301 actum
992 3246 1282 3304 examinis.

367 3337 667 3398 Commune
693 3349 924 3397 cunctos
948 3329 1056 3396 una
1083 3354 1223 3410 quos
1250 3340 1407 3398 navis
1428 3338 1579 3398 vehit

510 3432 823 3491 Periculum
848 3435 1042 3491 mortis
1069 3440 1288 3519 manet;

369 3536 440 3595 Et
465 3553 594 3595 ecce
616 3539 783 3595 variis
806 3536 1123 3595 dividuntur
1151 3537 1390 3603 casibus,

515 3630 596 3686 Ad
621 3638 856 3687 mortem
883 3638 940 3685 et
967 3628 1037 3685 ad
1063 3629 1229 3685 vitam
1257 3630 1394 3685 dati.

370 3721 525 3791 Quod
552 3739 621 3779 ne
648 3730 870 3793 putetur
895 3721 1036 3779 forte
1063 3721 1371 3794 permixtim
1394 3724 1416 3757 ⁷
1432 3721 1593 3782 bonis

520 3813 691 3871 Simul
712 3813 973 3870 tributum
1000 3812 1088 3868 vel
1113 3812 1293 3878 malis,

238 3916 335 3971 123
368 3916 595 3975 Constat
617 3915 825 3989 perisse
851 3914 1221 3972 Christianum
1249 3914 1562 3982 neminem,

511 4006 578 4065 Et
604 4009 858 4065 interisse
888 4006 1148 4079 perﬁdos.

372 4110 615 4182 Namque
642 4111 738 4167 aut
762 4110 1000 4180 maligno
1026 4114 1194 4168 corde
1211 4110 1430 4170 Iudaeus
1449 4112 1617 4185 perit,

515 4201 662 4259 Reus
687 4209 781 4257 aut
808 4203 1028 4272 superbi
1057 4203 1385 4260 schismatis.

371 4296 775 4364 Quemcumque
800 4293 1003 4352 Christi
1031 4304 1180 4353 recta
1201 4296 1435 4366 signavit
1462 4295 1613 4362 fides,

523 4386 680 4444 Hunc
704 4386 818 4443 vita
843 4387 1101 4457 cognovit
1127 4403 1308 4444 suum.

377 4486 582 4548 Tamen
603 4487 755 4544 fuere
776 4486 1098 4544 Christianis
1119 4486 1312 4550 additi,

519 4579 756 4637 Necdum
783 4579 893 4637 hoc
909 4581 1108 4656 sacrati
1138 4580 1378 4646 nomine,

377 4673 526 4751 Quos
549 4674 620 4730 de
644 4673 914 4746 profundo
939 4676 1124 4742 juncta
1151 4676 1392 4731 servavit
1419 4673 1565 4743 fuga,

517 4764 655 4834 Quia
676 4765 999 4822 Christianis
1025 4763 1314 4821 hmserant.

246 4856 346 4912 l31i
378 4855 513 4912 Nam
537 4873 661 4912 cum
690 4856 894 4913 inﬁdeli
918 4857 1076 4928 plebe
1109 4868 1131 4898 ο
1158 4858 1528 4926 navigantium

522 4949 714 5006 Nullus
742 4949 916 5005 ﬁdelis
940 4965 1151 5007 mersus
1172 4956 1278 5006 est.

383 5045 452 5104 Ut
478 5046 627 5102 clara
653 5045 835 5114 magni
863 5044 1066 5101 veritas
1091 5044 1337 5117 mysterii

518 5138 767 5195 Ostendit
795 5138 850 5194 in
876 5137 1064 5210 paucis
1087 5136 1253 5202 Deus,

381 5233 535 5301 Quod
565 5232 672 5288 line
697 5232 882 5287 mundi
909 5229 1210 5286 dividendis
1236 5232 1491 5299 gentibus

520 5324 817 5380 Discrimen
847 5323 900 5378 in
929 5329 1152 5378 cunctos
1178 5321 1311 5386 erit,

219 1194 292 1251 95

223 1560 329 1618 100

228 2489 331 2549 110

234 3434 335 3491 120

241 4388 348 4443 150

246 5324 344 5380 lii)

316 5471 339 5495 ⁸
379 5459 513 5515 Vide
541 5468 655 5515 not.
678 5458 807 5515 368.

316 5531 339 5564 "
378 5529 433 5601 id
461 5540 544 5587 est
570 5546 808 5601 quercus.
912 5600 919 5601 ί
1098 5598 1133 5601 Α
1516 5599 1524 5601 ᾗ
1664 5566 1674 5601 ς

318 5612 340 5668 ιῖ
379 5597 435 5654 id
465 5596 804 5657 estimmero.
829 5600 959 5656 Vide
986 5617 1040 5657 v.
1072 5598 1160 5668 74,
1190 5611 1246 5657 et
1273 5616 1443 5657 carm.
1471 5599 1558 5668 lO,
1583 5615 1637 5654 γ.
1663 5596 1751 5652 7i.

314 5666 339 5705 ι¹
380 5671 550 5741 Apoc.
579 5687 673 5731 vn,
702 5670 737 5725 2
764 5681 819 5726 et
844 5669 900 5726 ’5.

317 5749 343 5777 ο
383 5740 515 5798 Vide
543 5751 658 5795 not.
690 5740 813 5807 269.

322 5810 340 5847 ί
366 5811 497 5866 Vide
528 5821 639 5866 not.
665 5810 787 5865 270.
1138 5872 1145 5875 _

319 5880 394 5952 (α)
419 5881 511 5936 Ms.
547 5881 742 5951 Regius
764 5881 931 5938 codex
961 5898 1082 5938 cum
1112 5883 1270 5941 editis
1293 5881 1553 5955 quinque,
1585 5877 1826 5935 mibibus.

487 5979 762 6040 Panos.
810 5978 977 6043 LXI.

1697 334 1933 392 POEMA
1971 334 2150 395 XXIV.

1837 460 1891 513 Α

1846 1832 2031 1895 8155

3410 336 3514 394 618

2056 454 2195 511 Cum
2220 463 2555 526 prtenotatos
2583 472 2680 512 ora
2708 454 2914 513 vexillo
2939 454 3119 513 crucis

2205 544 2482 604 Transibit
2507 549 2653 604 ultor
2672 548 2895 619 angelus
2917 545 2967 602 δ.

2064 635 2157 693 Sic
2183 652 2323 694 nave
2351 640 2404 695 in
2434 638 2525 694 illa
2555 655 2716 696 nemo
2745 640 2911 696 morti
2939 637 3190 707 traditus,

2207 729 2312 798 Qui
2328 730 2561 787 veritate
2588 729 2869 805 prmditus.

1922 818 2032 875 145
2065 820 2265 877 Vixerc
2285 820 2812 900 juncti-Christianis
2839 817 3015 895 impii,

2206 911 2474 971 Vincente
2504 922 2721 971 noctem
2748 915 2976 990 lumine.

2065 1003 2202 1061 Nam
2226 1003 2567 1063 Christianos
2591 1020 2883 1079 aggregare
2909 1005 3161 1076 mortuis,

2204 1098 2419 1156 Virtute
2449 1098 2527 1172 (ὁ)
2548 1110 2576 1138 ο
2597 1115 2753 1157 cassa
2774 1115 2924 1157 mors
2951 1098 3071 1154 fuit.

2063 1189 2201 1259 Quia
2227 1188 2407 1247 fronte
2433 1192 2646 1261 signum
2674 1191 2991 1248 Christianis
3010 1191 3209 1247 emicat

2211 1286 2333 1354 Quo
2362 1302 2511 1343 mors
2537 1288 2761 1344 subacta
2789 1286 3015 1343 corruit.

2065 1377 2380 1435 Navarchus
2404 1378 2520 1450 ipse
2549 1379 2773 1452 perditae
2800 1380 3053 1450 princeps
3078 1378 3212 1434 ratis

2208 1467 2565 1526 Pereuntibus
2592 1471 2801 1541 primus
2828 1468 2948 1525 fuit.

2065 1560 2312 1631 Namque
2338 1570 2469 1617 ante
2496 1561 2690 1633 pelago
2718 1577 2881 1633 quam
2909 1561 3117 1633 periret
3142 1561 3456 1631 naufragus,

2205 1652 2325 1708 Jam
2352 1662 2537 1711 mente
2563 1654 3003 1725 naufragaverat.

2068 1743 2157 1800 Bis
2186 1759 2396 1800 mersus
2416 1745 2531 1815 ille,
2556 1760 2722 1817 quem
2748 1746 2937 1803 carina
2963 1744 3214 1803 ﬂuetibus

2213 1836 2484 1893 Demersit
2496 1880 2516 1908 ,
2535 1853 2693 1895 error
2719 1836 2907 1895 inferis

2065 1927 2343 1986 Potuisset
2370 1928 2462 1987 ille
2488 1945 2550 1986 se
2575 1928 2782 2001 periclo
2809 1928 3160 2002 abrumpere,

2192 2020 2571 2096 575-576
2595 2019 2707 2078 Sed
2724 2019 2968 2078 debitum
2999 2021 3163 2077 morti
3182 2028 3348 2093 caput

2065 2111 2294 2186 Captiva
2319 2114 2497 2184 dignis
2519 2129 2677 2171 mens
2695 2113 2845 2170 avari
2866 2113 3097 2171 vinculis

2210 2207 2515 2265 Adstrinxit
2538 2204 2781 2287 inanem
2807 2205 3002 2279 ligans.

2072 2299 2208 2358 Nam
2233 2317 2306 2359 ne
2332 2308 2612 2374 superstes
2634 2302 2791 2359 navis
2817 2309 2875 2358 et
2897 2301 3097 2359 mercis
3122 2298 3289 2373 foret,

2213 2392 2414 2451 Necem
2434 2393 2595 2450 saluti
2624 2393 2885 2469 praetulit.

2073 2481 2451 2540 Martinianum
2466 2482 2580 2553 iam
2600 2498 2854 2555 supremo
2867 2483 3102 2542 stamine

2213 2577 2579 2655 Mergentibus
2605 2578 2837 2635 mixtum
2864 2577 2998 2635 viris

1932 2672 2038 2729 165
2071 2672 2475 2731 Tumultuantis
2491 2672 2695 2730 excitat
2722 2676 2743 2705 ⁸
2771 2671 2943 2728 ιιιώω
2968 2687 3155 2740 sonus,

2215 2774 2529 2847 Somnoque
2555 2774 2751 2841 mortis
2778 2772 3003 2831 excitat.

2075 2866 2181 2935 Qui
2208 2875 2338 2925 tunc
2357 2874 2572 2924 remoto
2601 2862 2773 2923 fessus
2802 2864 2861 2921 in
2882 2878 3059 2937 prorae
3082 2863 3226 2929 sinu,
3253 2872 3311 2922 et

2214 2959 2453 3018 Securus
2479 2959 2813 3026 innocentia,

2071 3061 2240 3120 Jonas
2258 3069 2319 3118 ut
2344 3060 2477 3119 olim
2506 3067 2697 3117 ventre
2722 3058 2878 3115 navis
2901 3058 3118 3116 abditus

2221 3158 2461 3214 Somnos
2485 3144 2775 3212 anhelabat
2799 3168 2996 3224 graves
3026 3150 3049 3193 ί

2072 3250 2183 3309 Sed
2208 3234 2580 3321 exeitatuslc)
2609 3245 2871 3303 luctuosis
2893 3244 3134 3319 undique

2213 3340 2564 3399 Pereuntium
2585 3337 2937 3405 clamoribus.

2073 3434 2415 3505 Pedibusque
2444 3430 2614 3489 turba:
2637 3431 2881 3487 membra
2900 3444 3130 3501 quassus
3156 3417 3360 3498 omnia,

2217 3536 2364 3592 Duro
2389 3523 2554 3590 cubili
2583 3530 2815 3603 prosilit.

1932 3628 2038 3685 5‘15
2071 3626 2350 3699 Plerisque
2378 3625 2574 3682 mersis
2598 3623 2746 3679 intus
2767 3623 2824 3680 in
2845 3624 3000 3680 navis
3028 3631 3206 3692 utero,

2215 3718 2473 3776 Laterum
2492 3732 2594 3790 per
2610 3730 2758 3782 oras,
2777 3730 2887 3788 qua
2909 3716 3107 3784 solent,

2074 3809 2145 3868 Ut
2169 3811 2291 3868 vela
2320 3810 2537 3879 tollant,
2558 3809 2679 3866 sive
2698 3808 2877 3865 contis
2903 3806 3206 3879 subrigant,

2219 3902 2407 3959 Nautes
2430 3898 2673 3974 expediti
2688 3914 2933 3966 currere,

2073 3994 2297 4052 Tabulis
2321 3993 2499 4051 adhuc
2518 3992 2909 4065 supernatabat
2934 3990 3156 4048 extimis

2212 4087 2416 4161 Operta
2436 4086 2592 4146 navis
2616 4087 2849 4157 gurgite,

2078 4193 2228 4252 Viam
2248 4195 2440 4252 salutis
2466 4196 2571 4252 hac
2589 4195 2681 4249 via
2709 4191 3032 4251 rimantibus

2206 4287 2575 4345 Martinianus
2590 4284 2859 4357 iungitur,

2075 4378 2143 4435 Et
2165 4388 2359 4451 agente
2378 4378 2601 4437 Christo
2618 4380 2689 4437 de
2710 4379 2878 4451 globo
2897 4370 3092 4436 mortis
3111 4377 3275 4452 fugax

2217 4473 2420 4530 Comes
2443 4471 2504 4528 fit
2528 4471 2906 4541 credentibus,

1854 4610 1909 4673 υ
1937 4571 2043 4629 185
2071 4571 2315 4647 Seseque
2341 4572 2483 4628 saltu
2511 4571 2678 4673 mittit
2702 4570 2756 4626 in
2784 4570 3039 4673 cgmbam
3061 4571 3273 4643 procul,

2214 4665 2346 4733 Qua:
2364 4663 2612 4736 plurimis
2630 4672 2819 4736 portus
2835 4662 2958 4719 fuit.

2074 4754 2142 4813 Et
2158 4772 2305 4830 pene
2326 4755 2487 4811 morti
2509 4753 2799 4812 derelictus
2824 4753 3078 4820 bases-at,

2215 4846 2352 4903 Cum
2377 4846 2553 4903 classe
2576 4844 2899 4914 mergendtut
2917 4844 3080 4913 mari,

2072 4938 2185 4999 Nisi
2205 4940 2456 4997 Christus
2475 4938 2625 4995 illum
2653 4954 2757 4995 ceu
2783 4953 2945 4994 manu
2965 4952 3222 5009 prensum
3248 4953 3348 4995 sua

2219 5032 2509 5106 Rapuisset
2532 5047 2566 5088 e
2594 5031 2786 5087 mortis
2813 5031 2957 5086 lacu.

2077 5128 2232 5186 Sicut
2256 5125 2494 5183 recussis
2514 5124 2647 5196 fugit
2674 5121 2805 5180 olim
2826 5121 3069 5179 vestibus

2213 5215 2416 5288 Ioseph
2436 5215 2703 5272 furentem
2730 5213 3006 5277 feminam,

2079 5312 2169 5369 Sic
2193 5312 2300 5376 hic,
2329 5308 2534 5365 relictis
2553 5305 2823 5371 omnibus,
2855 5303 3048 5370 nudus,
3072 5304 3196 5374 fuga

1924 1283 2034 1342 150

1927 2206 2034 2263 100

1933 3159 2041 3217 170

1853 3229 1903 3293 C

1934 4089 2038 4146 180

1932 5035 2039 5093 190

2011 5452 2087 5526 (b)
2117 5450 2214 5506 his.
2239 5448 2415 5526 codex
2440 5445 2641 5526 ligans
2668 5451 2731 5526 et
2749 5442 3049 5526 cd‘.n§chot.
3074 5442 3127 5499 in
3156 5455 3353 5512 marg.,
3378 5440 3503 5499 Mor

1936 5512 2087 5580 (assii
2106 5521 2308 5578 virtutis
2338 5520 2456 5593 fuit.
2478 5512 2617 5593 Vide
2644 5523 2765 5570 not.

2008 5596 2082 5667 (ε)
2109 5594 2184 5648 Ita
2207 5582 2713 5667 entendavimus‘ex
2760 5585 2999 5667 editione
3024 5582 3215 5667 Sebot.
3247 5582 3310 5667 in
3349 5595 3524 5667 marg.

1934 5653 2190 5721 monente
2217 5660 2436 5717 Heinsio
2465 5660 2520 5714 in
2548 5660 2693 5713 notis
2719 5657 2788 5711 ad
2815 5653 3189 5719 Prudentium,
3219 5654 3311 5709 ubi
3333 5654 3525 5708 eodem

1931 5753 2094 5792 sensu
2122 5735 2348 5806 ejutatns
2369 5730 2581 5806 περίιθι.
2608 5727 2699 5783 Sic
2724 5734 2781 5783 et
2824 5724 3081 5781 Paulinus
3125 5732 3311 5781 noster
3352 5738 3522 5780 carm.

1938 5806 2025 5877 Μ,
2048 5823 2100 5863 v.
2122 5801 2213 5872 ΞΟ,
2238 5804 2375 5858 tristi
2395 5801 2640 5855 clamare.

3164 5959 3250 6024 ξω
