4138 6496
532 343 637 400 επ

809 473 980 531 Pedes
1007 475 1179 530 viator
1201 472 1399 529 exterit
1426 480 1476 527 ³.

667 568 775 625 Sed
797 583 867 624 ne
889 569 975 623 vel
999 568 1101 623 ista
1121 566 1333 637 penitus
1354 562 1606 620 immunis
1625 562 1709 616 via

806 657 992 714 Solitis
1016 663 1235 725 vacaret
1257 654 1492 719 casibus,

667 749 887 820 Impune
906 740 1110 819 pigram
1129 762 1235 803 non
1256 746 1377 802 tulit
1405 742 1749 810 sententiam,

803 842 917 908 Qua
950 842 1170 897 tendere
1207 840 1445 909 ingressu
1474 837 1640 908 piget.

667 932 746 987 Ab
766 933 898 987 urbe
924 933 1128 1002 Capua,
1153 945 1271 1000 qute
1303 930 1420 985 loco
1445 928 1588 983 sedis
1616 941 1748 981 meae

804 1024 895 1079 Bis
920 1023 1062 1079 dena
1085 1024 1254 1078 distat
1279 1023 1469 1086 millia,

527 1112 628 1169 £05
664 1114 898 1171 Nanctus
920 1122 1201 1169 vacantem
1230 1113 1441 1169 sarcina
1469 1113 1670 1168 mulum
1699 1113 1779 1185 (ut
1817 1115 1995 1166 solent

803 1204 1053 1260 Jumenta
1078 1210 1316 1259 revocari
1342 1202 1579 1276 domum)

661 1294 830 1351 Parvo
857 1295 1020 1350 breve
1048 1310 1144 1365 per
1169 1296 1272 1350 iter
1297 1311 1405 1350 tere
1433 1296 1754 1350 conductqu
1782 1294 1968 1359 sedet;

811 1385 1094 1455 Medioque
1121 1402 1245 1441 mox
1272 1386 1448 1455 spatio
1478 1386 1577 1441 vite

664 1479 787 1543 Muli
816 1495 1015 1550 pavore
1039 1494 1218 1535 sessor
1238 1464 1467 1534 excusus
1493 1479 1674 1548 procul

822 1572 1045 1624 \‘ectore
1067 1569 1333 1624 subducto
1363 1567 1527 1624 cadit.

662 1662 719 1717 In
750 1678 842 1717 ora
875 1663 1071 1731 lapsus,
1095 1675 1192 1716 ora
1208 1676 1314 1715 non
1347 1660 1488 1733 lccdit
1510 1675 1605 1716 sua
1630 1677 1645 1725 ;

800 1754 857 1823 In
879 1768 1006 1807 saxa
1038 1754 1184 1807 tusus
1212 1760 1268 1807 et
1288 1751 1472 1818 rubos,

662 1844 769 1899 Nec
796 1853 949 1898 seute
974 1843 1197 1908 vultum,
1227 1859 1327 1898 nec
1349 1842 1527 1913 lapide
1546 1850 1693 1897 artus
1719 1841 1985 1909 contudit,

806 1934 1000 1991 Felicis
1028 1943 1287 2006 exceptus
1312 1950 1511 2000 manu;

529 2028 631 2082 415
663 2026 764 2096 Qui
789 2028 898 2096 jam
928 2027 1377 2099 propinquantem
1405 2024 1609 2081 tedibus
1638 2023 1855 2080 fratrem
1882 2025 1994 2104 suis

797 2118 914 2174 Non
943 2133 1133 2190 passus
1161 2133 1390 2174 occursu
1428 2116 1555 2173 mali
1575 2156 1593 2181 .

660 2209 782 2266 Suis
809 2209 1065 2280 periclum
1093 2209 1149 2263 in
1177 2205 1371 2263 ﬁnibus
1397 2221 1699 2278 capessere.

804 2296 1026 2358 Hostem
1055 2302 1287 2357 removit
1316 2301 1570 2364 invidum,

655 2393 724 2449 Et
750 2395 895 2450 hunc
920 2393 1088 2449 fidelis
1110 2400 1419 2462 compotem
1447 2391 1584 2459 voti,
1612 2389 1723 2447 suis

799 2487 1093 2544 Confessor
1116 2485 1323 2541 induxit
1352 2483 1503 2540 locis.

660 2582 971 2651 Nostrisque
993 2580 1148 2651 juxta
1172 2578 1391 2634 sedibus
1415 2583 1628 2648 gratum
1655 2571 1836 2630 intulit

802 2673 957 2729 Felix
976 2679 1239 2745 patronus
1267 2671 1557 2740 hospitem.

664 2766 899 2821 Patriam
926 2764 1015 2819 hic
1035 2771 1257 2832 rogatus
1284 2759 1507 2827 indicat,
1535 2773 1693 2817 casus
1718 2755 1919 2826 refert,

802 2856 878 2911 De
904 2865 958 2911 te
975 2856 1133 2911 beata
1166 2854 1376 2909 nuntiat
1409 2870 1423 2907 :

534 2949 626 3004 ('25
660 2948 1244 3018 Referensque-paucos
1270 2944 1339 3000 de
1362 2943 1466 2999 tuis
1494 2941 1707 3013 scriptis
1727 2941 1879 3011 logos
1907 2937 1959 3008 ι’,

802 3039 965 3109 Quasi
987 3039 1135 3094 labra
1166 3037 1325 3093 melle
1352 3036 1684 3107 asperserit;

660 3132 753 3190 Sic
775 3131 844 3189 de
872 3133 1115 3186 favorum
1142 3128 1272 3183 mihi
1299 3137 1511 3183 tuorum
1540 3126 1763 3196 guttulis

807 3222 1181 3279 Dulcissimurn
1207 3227 1419 3290 gustum
1450 3217 1683 3275 olferens
1701 3258 1717 3284 ,

573 3340 576 3345 λ
662 3316 831 3387 Magis
854 3316 1051 3382 coegit,
1075 3329 1210 3383 quas
1236 3311 1415 3368 aventi
1442 3326 1551 3367 non
1580 3310 1743 3367 dabat
1768 3349 1785 3375 ,

534 3412 631 3468 150
808 3408 1111 3467 Desiderari
1141 3407 1366 3471 litteras,
1725 3460 1730 3465 ,

662 3501 771 3559 Sed
799 3516 921 3557 cum
950 3500 1066 3568 ipse
1093 3512 1257 3553 causa
1282 3496 1583 3552 litterarum
1608 3494 1856 3556 venerit,

813 3592 882 3647 Et
907 3592 1112 3647 litteras
1131 3589 1238 3644 vidi
1261 3597 1401 3654 tuas,

660 3685 779 3742 Non
798 3691 1100 3740 atramento
1112 3679 1323 3744 calami,
1346 3678 1442 3735 sed
1467 3676 1661 3733 mentis
1687 3677 1827 3748 ston

812 3774 873 3832 in
902 3773 1069 3833 fratre
1081 3771 1426 3845 prmscriptas
1440 3769 1615 3834 bono;

537 3869 638 3929 L55
669 3860 889 3944 Ignotus
916 3876 1064 3932 ante,
1091 3880 1218 3922 mox
1246 3870 1308 3919 ut
1333 3877 1456 3918 esse
1481 3860 1727 3930 cognitus

812 3960 1009 4035 Capit,
1043 3960 1105 4014 ﬁt
1140 3966 1196 4014 et
1221 3956 1581 4018 carissimus,

673 4058 757 4113 Ah
780 4055 924 4111 intus
949 4053 1066 4123 ejus
1093 4049 1362 4105 emicabat
1379 4046 1551 4115 gratia
1572 4086 1590 4113 ,

779 4147 1041 4202 Sermone
1060 4141 1260 4198 mentis
1287 4139 1497 4194 nuntio.

673 4240 875 4305 Bonus,
900 4235 1094 4306 inquit,
1122 4232 1298 4289 omnis
1317 4230 1385 4285 de
1412 4230 1559 4285 bono
1578 4214 1974 4298 profert'boua,

541 4331 642 4396 ιω
816 4327 885 4381 Et
904 4326 1157 4382 arborem
1184 4310 1361 4377 fructu
1388 4319 1540 4375 vides
1566 4336 1581 4372 :

675 4418 766 4476 Sic
794 4420 896 4474 iste
922 4415 1092 4472 verbo
1118 4413 1318 4474 suavis,
1350 4420 1407 4466 et
1427 4417 1609 4466 castus
1639 4408 1761 4474 ﬁde,

824 4510 893 4564 Et
919 4506 1093 4563 fronte
1115 4507 1341 4561 honesta
1371 4503 1619 4563 lucidus,’

682 4601 828 4657 (ιιιιοί
855 4600 1101 4667 benignae
1131 4595 1375 4652 caritatis
1402 4592 1624 4648 ﬂumine

816 4691 876 4747 In
906 4697 1089 4746 nostra
1116 4684 1271 4741 ﬂuxit
1291 4686 1520 4739 viscera.

545 4783 645 4839 ΗΒ
679 4782 854 4854 Super
880 4782 994 4836 hate
1015 4778 1251 4834 amicum
1270 4776 1466 4829 merito
1495 4788 1556 4829 se
1572 4774 1780 4841 iactans
1804 4781 1973 4854 tuum.

827 4871 947 4939 Quo
974 4871 1095 4941 plus
1123 4875 1396 4921 amaretur
1420 4863 1602 4919 dabat.

528 660 631 711 λίψ)

530 1570 630 1623 410

530 2489 626 2544 £20

681 4968 789 5025 Nec
818 4958 1082 5027 enimulla
1110 4960 1258 5015 nocti
1281 4966 1338 5013 et
1362 4956 1551 5011 lumini
1578 4955 1868 5012 concordia
1888 4965 2012 5021 est;

823 5056 1003 5125 Lupus
1025 5065 1126 5107 nec
1151 5063 1292 5119 agno
1318 5046 1590 5113 congruit.

687 5147 821 5202 Hinc
842 5155 897 5201 et
924 5143 1211 5213 prapheta,
1234 5138 1407 5198 Sicut.
1432 5136 1626 5205 inquit.
1653 5137 1809 5191 alites

545 5242 646 5295 550
827 5235 991 5289 Pares
1012 5235 1065 5286 in
1092 5245 1255 5284 unum
1293 5239 1315 5265 ι·
1348 5226 1670 5290 convniant,

688 5321 847 5401 5.35
870 5355 895 5366 -
917 5318 1178 5394 5838ic
1195 5332 1409 5388 semper
1429 5327 1551 5384 apta
1597 5315 1854 5384 qualitate
1887 5314 2126 5370 moribus

827 5419 1039 5473 iustitia
1066 5412 1337 5469 concurrit
1359 5411 1532 5465 bonis.

688 5510 1065 5567 Martinianum
1086 5505 1163 5559 sic
1187 5504 1282 5558 tibi
1311 5505 1466 5569 longe
1484 5514 1666 5571 parem

622 5680 643 5703 ιε
672 5667 731 5722 hl
758 5671 842 5721 est
867 5662 1005 5717 terit.

625 5753 648 5777 η
682 5739 889 5807 Λόγους,
920 5731 1082 5807 idest
1108 5742 1389 5781 sermones.

630 5822 649 5847 ε
685 5799 813 5861 \'i.".r-.
840 5810 948 5858 uol.
976 5799 1099 5853 375.

1478 340 1539 396 S.
1576 338 1845 394 PAULINI
1882 335 2130 391 NI)LAN1
2169 330 2470 389 EPISCOPI
2508 328 2852 387 ΡΟΕΜΑΤΑ.

2127 455 2179 513 Α
2483 444 2748 506 Germana
2776 459 2928 500 mens
2955 442 3252 508 contexuit,

2202 532 2307 588 455
2340 534 2734 607 Speculumque
2760 534 2953 588 mentis
2979 541 3037 589 et
3053 531 3177 588 tidei
3206 532 3375 590 instar
3396 537 3504 584 tua:

2486 626 2581 681 Est
2610 626 2795 681 talium
2821 625 3071 693 dilectio.

2338 712 2658 771 Benedictus
2684 724 2842 770 autor
2869 713 3101 784 forisque
3121 718 3434 770 sanctorum
3458 708 3603 765 Deus
3631 749 3650 775 ,

2484 807 2603 864 Non
2627 808 2788 863 stulta
2811 806 2922 878 iam
2951 815 3183 873 tantum,
3215 817 3396 876 neque

2341 898 2557 956 lniinna
2581 899 2766 954 mundi
2793 898 3082 955 deﬂuentia
3110 896 3283 965 eligit,

2202 989 2307 1045 ιθο
2483 989 2552 1046 Ut
2580 991 2689 1046 alta
2719 990 2901 1046 mundi
2928 990 3216 1046 destruat:

3688 320 3812 378 ϐἓιι

2343 1082 2447 1141 Sed
2466 1122 2483 1148 ,
2515 1090 2577 1139 ut
2601 1084 2720 1155 ipse
2743 1082 2916 1152 dixit,
2950 1090 3145 1139 uincta
3162 1077 3275 1151 jam
3298 1090 3517 1135 sursum
3545 1074 3803 1139 trahens,

2480 1175 2549 1231 Et
2575 1176 2686 1232 alta
2711 1171 2898 1231 mundi
2924 1174 3194 1231 vendicat.

2342 1264 2605 1332 Quoniam
2638 1266 2757 1336 ipse
2782 1265 2907 1322 fecit
2941 1272 2997 1320 et
3020 1263 3276 1336 pusillum
3304 1270 3362 1318 et
3386 1260 3723 1322 maximum,

2489 1353 2756 1424 litt-osque
2778 1351 2952 1423 jungit
2974 1352 3147 1422 gratia
3163 1393 3180 1418 ,

2140 1480 2145 1486 ι
2201 1450 2307 1505 465
2337 1450 2409 1505 Et
2430 1466 2571 1521 quos
2594 1449 2824 1505 Creator
2843 1463 3010 1520 opere
3036 1446 3093 1503 in
3129 1462 3241 1504 uno
3268 1444 3540 1512 condidit,

2486 1540 2596 1597 Hos
2624 1549 2958 1597 recreatuno
2985 1535 3233 1597 munere.

2346 1633 2656 1689 Communis
2683 1649 2870 1689 omnes
2898 1633 3091 1688 clausit
3127 1631 3440 1697 infidelitas,

2483 1720 2765 1779 Medeatur
2797 1730 2859 1778 ut
2884 1724 3092 1779 cunctis
3114 1723 3265 1778 fides.

2132 1827 2175 1886 Β
2344 1812 2412 1868 Ut
2445 1812 2535 1867 tiat
2560 1812 2736 1867 omnis
2760 1812 3005 1868 subditus
3034 1812 3268 1869 mundus
3294 1809 3432 1879 Deo,

2200 1904 2306 1959 470
2486 1901 2782 1975 Omnisque
2806 1904 2986 1973 lingua
3013 1914 3070 1959 et
3096 1903 3331 1974 dignitas

2341 1996 2518 2068 Super
2544 2010 2707 2051 omne
2733 1994 2916 2051 Jesum
2944 2011 3142 2052 nomen
3168 2010 3332 2052 unum
3359 1996 3413 2051 in
3434 1994 3614 2066 gloria

2480 2089 2729 2159 Regnare
2763 2088 2997 2145 fateatur
3021 2088 3218 2144 Patris.

2340 2180 2475 2239 Huic
2499 2182 2613 2252 jam
2642 2191 2700 2237 et
2723 2188 2978 2253 potentes
3007 2182 3174 2237 seculi
3200 2187 3432 2238 curvant
3457 2194 3603 2250 genu
3628 2220 3646 2245 ,

2483 2274 2800 2345 Deduntque
2824 2273 3061 2331 cervices
3083 2272 3195 2329 Deo
3210 2314 3225 2340 ,

2202 2365 2309 2421 475
2343 2367 2657 2438 Regemque
2683 2366 2956 2422 Christum
2978 2367 3305 2423 confitentur
3331 2365 3610 2437 principes
3632 2407 3652 2431 ,

2484 2456 2553 2513 Et
2575 2466 2794 2528 sceptra
2819 2448 3144 2514 submittunt
3168 2458 3339 2514 cruci.

2348 2550 2563 2608 Coeunt
2586 2552 2642 2606 in
2671 2566 2835 2607 unum
2862 2565 3112 2622 purpura?
3138 2558 3196 2606 et
3219 2550 3385 2622 panni
3407 2563 3656 2620 gregem,

2472 2642 2711 2701 Pastot'e
2738 2643 3043 2700 concordes
3061 2643 3194 2699 Deo.

2346 2735 2643 2791 Commune
2669 2747 2911 2806 regnum,
2942 2735 3159 2804 sanguis
3186 2750 3324 2791 unus
3352 2733 3610 2793 omnibus
3634 2775 3658 2804 ,

2482 2823 2723 2882 Summis
2752 2826 2957 2903 etimis
2983 2823 3233 2882 Christus
3255 2834 3362 2893 est,

2349 2916 2454 2986 Qui
2483 2925 2537 2972 te
2565 2917 2822 2973 decorum
2853 2916 3103 2986 gloriosis
3129 2917 3298 2973 seculi

2490 3008 2728 3073 Honore“,
2758 3009 2972 3071 litteris,
2997 3008 3160 3064 domo
3176 3048 3193 3073 ,

2352 3099 2549 3155 Ditavit
2571 3098 2761 3154 humili
2788 3098 2982 3163 corde,
3010 3106 3071 3152 ut
3096 3107 3356 3154 mternam
3387 3098 3483 3153 tibi

2132 3191 2179 3253 (ἶ
2489 3189 2775 3245 Coufcrret
2804 3190 3142 3244 altitudinem
3165 3205 3183 3257 ;

2210 3280 2316 3335 485
2351 3280 2417 3336 Ει
2440 3289 2497 3335 ut
2522 3281 2748 3336 coheres
2767 3279 2989 3334 divitum
3016 3279 3316 3336 emlestium
3336 3321 3351 3343 ,

2490 3370 2648 3429 Esses
2670 3380 2881 3425 amator
2901 3384 3223 3440 pauperum.

2350 3462 2548 3517 Beatus
2575 3476 2636 3516 es
2664 3475 2804 3516 nunc
2824 3470 3007 3515 mente
3025 3474 3251 3530 pauper,
3280 3459 3377 3516 sed
3395 3460 3516 3529 spei

2490 3553 2669 3617 Dives,
2692 3569 2794 3624 qua
2819 3553 3052 3621 gaudent
3080 3568 3367 3624 pauperes,

2356 3644 2457 3713 Qui
2485 3643 2784 3699 defraudati
2810 3643 3026 3698 lubricis
3052 3641 3239 3698 mundi
3280 3640 3459 3710 bonis,

2494 3733 2629 3791 Catii
2653 3732 2898 3789 fruentur
2918 3732 3149 3802 gaudiis.

2355 3826 2463 3889 ﬂos
2492 3828 2633 3881 inter
2659 3826 2774 3881 alto
2799 3826 2853 3880 in
2874 3824 3107 3879 Abrahae
3130 3823 3303 3895 patris
3337 3824 3461 3879 sinu

2496 3916 2777 3974 Secretum
2804 3914 2831 3954 ιι
2863 3916 2933 3971 ah
2960 3915 3083 3984 igne
3107 3916 3331 3970 divitum
3349 3957 3363 3979 ,
3405 3923 3463 3970 et

2362 4009 2790 4078 Refrigerantcm
2816 4010 3032 4065 roribus
3060 4009 3185 4064 vitae
3207 4009 3412 4073 locum,

2499 4102 2643 4158 Deus
2662 4104 2907 4157 vivorum
2914 4108 3220 4183 praeparat.

2219 4197 2323 4253 495
2356 4198 2570 4266 insigne
2596 4205 2759 4250 tantae
2773 4194 2886 4265 jam
2915 4194 3031 4264 spei
3059 4203 3264 4249 certum
3288 4192 3384 4249 tibi

2501 4287 2693 4356 Magno
2711 4293 2964 4342 coruscat
2992 4284 3235 4356 pignore,

2361 4383 2605 4438 Plantata
2628 4380 2855 4435 Domino
2878 4380 2931 4434 in
2953 4379 3076 4434 atrii
3097 4377 3405 4435 Hierusales
3433 4361 3556 4449 αἠ,

2504 4474 2604 4529 Tui
2631 4486 2874 4544 propago
2889 4471 3169 4542 germinis.

2145 4569 2191 4628 1)
2358 4564 2599 4634 Namque
2620 4572 2682 4620 ut
2709 4561 2851 4618 tideli
2879 4570 2936 4619 te
2964 4564 3105 4632 patri
3134 4572 3520 4634 componeret,

2221 4656 2323 4711 500
2498 4657 2546 4713 Δ
2573 4665 2627 4711 te
2656 4656 2903 4725 poposcit
2935 4654 3100 4710 tilium
3118 4696 3134 4721 ,

2363 4747 2421 4802 In
2443 4747 2651 4803 semine
2671 4745 2786 4800 lsac
2808 4760 2992 4801 semen
3012 4746 3328 4802 adscribens
3349 4755 3525 4811 tuum,

2506 4836 2793 4908 Ipsumque
2820 4845 2881 4891 ut
2899 4836 3014 4892 lsac
3041 4845 3327 4906 espetens,

2361 4927 2536 4997 Quem
2574 4938 2632 4984 tu
2657 4927 2733 5002 (a)
2763 4927 3058 4983 Abramaem
3075 4923 3317 4983 caritatis
3342 4927 3593 4995 temqus,

2506 5019 2692 5074 Vivam
2718 5018 2912 5074 dedisti
2938 5018 3229 5085 victimam,

2233 5110 2340 5167 505
2377 5112 2597 5180 Deoque
2626 5110 2844 5167 tradens
2866 5109 2977 5179 jam
3006 5111 3281 5181 peremisti
3305 5111 3424 5178 tibi,

2522 5200 2592 5257 Ut
2612 5201 2820 5257 salvum
2846 5200 3048 5255 habere
3075 5199 3299 5258 firmius.

2371 5294 2523 5349 Nune
2550 5294 2651 5348 iste
2671 5291 2825 5347 vobis
2852 5300 3027 5357 exter,
3048 5300 3106 5347 et
3124 5303 3306 5348 vester
3333 5304 3538 5359 manet,

2511 5383 2804 5439 Terrestris
2838 5397 3027 5438 exsors
3055 5385 3243 5438 seculi.

2376 5475 2453 5530 De
2480 5475 2667 5529 matris
2686 5474 2806 5529 alvo
2829 5481 3073 5543 promtus
3091 5480 3240 5541 ante,
3262 5491 3424 5546 quam
3454 5490 3671 5546 patrem

2206 2825 2313 2880 480

2215 3737 2318 3790 £90

2307 5647 2333 5687 ἀ
2357 5647 2491 5702 Vide
2517 5660 2605 5716 ep.
2638 5646 2729 5714 49,
2755 5662 2809 5702 u.
2838 5644 2893 5716 ii.

2312 5730 2335 5754 ι’
2360 5718 2491 5771 Vide
2524 5713 2610 5786 ep.
2640 5716 2725 5779 18,
2752 5733 2804 5770 n.
2834 5713 2897 5780 εἰ,
2929 5723 2984 5768 et
3051 5731 3131 5769 ar.
3167 5715 3314 5786 Lect.

2310 5790 2386 5860 (a)
2418 5788 2509 5843 iis.
2536 5784 2666 5855 Reg.
2691 5796 2745 5841 et
2769 5786 2892 5841 edd.
2917 5786 3183 5855 quinque,
3209 5784 3492 5842 Abt-amur.
