4138 6474
246 423 367 483 629

397 540 515 606 Quo
541 537 834 606 nutriente,
866 539 1156 596 roboratus
1185 539 1239 592 in
1269 537 1446 599 tidem,

537 632 609 689 Et
626 634 949 691 charitatem
971 631 1287 696 masculam,

400 723 698 786 lrretientis
722 727 764 760 ¹⁹
793 722 960 781 seculi
990 737 1246 796 pompam
1272 720 1468 777 illicem
1486 759 1502 786 ,

248 821 358 877 ﬁt)
534 819 608 879 Ut
627 821 997 893 impudentem
1023 821 1274 877 feminam

394 912 559 970 Casto
582 914 848 986 superbus
877 914 1084 986 respuit
1109 912 1346 978 fastidio,

543 1007 805 1077 Nudaque
833 1008 1023 1063 vitavit
1049 1004 1192 1075 fuga,

392 1097 459 1154 Et
479 1099 771 1156 antevertit
799 1108 826 1137 ι
857 1097 1068 1167 gaudiis
1091 1097 1347 1154 letalibus
1371 1097 1417 1129 ”

531 1189 728 1249 Pinnas
753 1190 1022 1246 salutares
1046 1190 1179 1262 pati.

243 1281 357 1339 725
397 1281 467 1340 Ut
491 1283 584 1339 ille
608 1283 903 1355 quondam,
931 1281 1013 1338 sic
1039 1281 1202 1338 modo
1231 1282 1332 1336 ista
1353 1293 1626 1336 carcerem

530 1372 638 1432 Pro
663 1376 920 1432 castitate
954 1372 1229 1444 perferat;

395 1463 466 1522 Ut
492 1480 523 1521 a
545 1465 769 1536 juventa
793 1465 1137 1535 singulariter
1157 1463 1373 1529 sedens,

528 1555 826 1628 Tacitaque
851 1557 1100 1614 seclusus
1119 1555 1302 1622 domo,

391 1651 550 1709 Amet
574 1651 773 1725 quieta:
801 1658 941 1706 tecta
965 1648 1302 1713 solitudinis,

241 1742 353 1799 730
523 1739 709 1815 Spinis
734 1750 790 1798 et
815 1756 976 1798 aures
996 1741 1192 1814 sepiat.

381 1835 638 1895 Domibus
664 1835 911 1893 ciborum
939 1834 1187 1908 praeferat
1216 1834 1393 1892 luctus
1419 1834 1674 1904 domum,

528 1926 604 1987 Ut
628 1928 882 2002 gaudium
910 1927 1039 1984 lletu
1066 1936 1244 1996 serat;

381 2021 624 2097 Seaeque
642 2023 791 2080 duris
821 2031 1017 2095 sponte
1043 2030 1226 2080 nectat
1251 2021 1478 2096 legibus,

523 2113 708 2188 Culpae
731 2125 791 2171 ut
813 2115 1052 2172 resolvat
1077 2114 1336 2182 vinculis,

236 2201 349 2261 755
382 2205 768 2287 Patientigeque
785 2204 1101 2278 compedem
1125 2206 1371 2278 imponat
1393 2205 1516 2272 sibi,

522 2297 634 2354 Nec
658 2298 809 2365 sede,
837 2311 938 2354 nec
959 2313 1123 2356 sensu
1151 2311 1337 2370 vagus.

379 2390 449 2448 Et
465 2398 595 2448 tum:
621 2389 692 2448 ab
717 2390 907 2447 humili
926 2391 1073 2450 celsa
1095 2390 1498 2464 promerebitur
1529 2410 1538 2444 :

522 2482 660 2553 Quia
686 2485 779 2556 qui
806 2485 1071 2555 superbos
1097 2484 1372 2558 deprimit,

379 2575 622 2634 Humiles
646 2575 856 2644 inaltat,
887 2575 1132 2646 dansque
1150 2575 1335 2650 parvis
1363 2575 1615 2646 gratiam,

235 2664 345 2721 740
520 2666 744 2723 Resistit
767 2667 1170 2738 arrogantibus.

381 2759 471 2816 Sic
491 2760 581 2816 ille
603 2759 804 2832 Joseph
835 2767 963 2815 ante
989 2775 1189 2832 parvus
1207 2758 1379 2816 factus
1407 2769 1491 2814 est
1507 2799 1522 2825 ,

523 2852 593 2910 Ut
617 2868 842 2923 magnus
866 2863 1011 2909 esset
1034 2871 1046 2906 :
1072 2861 1129 2909 et
1157 2853 1262 2910 nisi

379 2945 583 3004 Servus
604 2946 812 3013 fuisset,
844 2962 952 3001 non
982 2944 1174 3001 fuisset
1213 2945 1267 3002 in
1290 2946 1373 3001 sui

517 3039 734 3097 Tellure
758 3039 964 3096 servitii
989 3048 1201 3112 pntens.

237 3132 344 3191 ’1ιὸ
379 3131 483 3198 Ubi
509 3133 840 3191 sustinuerat
864 3124 1184 3189 servitutem
1211 3139 1269 3188 et
1294 3145 1592 3195 carcerem,

430 3221 434 3228 “
473 3217 479 3223 ’
511 3225 594 3282 lbi
610 3240 835 3296 regnum
863 3237 1104 3298 opesque
1129 3231 1360 3281 nanctus
1381 3231 1483 3280 est.

369 3317 480 3375 Sed
505 3317 822 3374 sustinendo
850 3316 1152 3388 iniquitatis
1175 3315 1391 3373 vincula
1411 3356 1424 3379 .

508 3410 739 3468 Iustitiae
763 3411 910 3482 cepit
933 3414 1177 3483 prmmia.

371 3503 533 3580 595
557 3535 584 3548 -
609 3503 774 3584 596
805 3503 892 3561 Sit
927 3512 984 3560 et
1027 3503 1116 3560 hic
1141 3504 1402 3577 probatus
1446 3505 1689 3579 corporis
1722 3519 1820 3563 cu-

1503 3598 1638 3673 [stos
1649 3604 1655 3608 '
1665 3600 1748 3655 sui

235 3689 335 3745 750
514 3689 582 3747 Ut
609 3691 845 3748 claustra
873 3697 1059 3747 teneat
1083 3692 1341 3747 carceris.

369 3781 427 3838 Si
452 3783 581 3838 vitia
610 3782 790 3838 carnis
817 3782 1096 3838 strinxerit
1122 3781 1324 3840 Christi
1354 3794 1520 3848 metu,

511 3871 675 3944 Quasi
700 3871 730 3912 δ
759 3873 1044 3928 vinculatis
1076 3883 1100 3913 ε
1124 3875 1360 3946 praeerit,

369 3964 610 4036 Aliisque
636 3965 818 4021 mundi
843 3965 1052 4021 carceri
1078 3966 1300 4023 inclusis
1326 3967 1520 4032 adhuc,

509 4056 578 4113 Et
604 4058 837 4128 alligatis
861 4057 1068 4121 seculo,

232 4145 337 4204 755
371 4146 442 4206 Ut
469 4147 605 4205 liber
624 4151 768 4222 ipse;
791 4149 1016 4221 jamque
1044 4149 1366 4206 commissus
1391 4151 1515 4216 sibi,

494 4223 766 4312 "Magister
793 4249 850 4298 et
876 4249 1063 4298 custos
1090 4241 1215 4297 erit.

366 4332 608 4406 Namque
633 4334 725 4390 ille
745 4334 869 4406 jure
894 4335 989 4406 qui
1017 4350 1170 4391 suam
1198 4335 1515 4400 servaverit,

506 4426 749 4482 Aliorum
779 4426 944 4483 habet
967 4426 1301 4496 custodiam;

363 4516 479 4573 Non
502 4525 562 4572 ut
589 4517 827 4573 tenebris
851 4533 1173 4590 permanere
1199 4519 1453 4585 carceris,

229 4607 329 4665 760
505 4608 616 4666 Seu
639 4609 841 4666 liberos
862 4610 1077 4667 vinctos
1103 4613 1236 4668 velit
1261 4630 1271 4665 :

360 4703 467 4760 Sed
495 4715 555 4759 ut
581 4714 833 4776 receptos
857 4703 1056 4760 doceat
1077 4706 1328 4779 exemplo
1355 4722 1464 4762 suo

501 4798 683 4856 Mundi
713 4800 919 4858 catenis
939 4802 1084 4866 exui,

357 4888 427 4946 Et
453 4891 624 4958 facile,
663 4891 898 4964 propriis
927 4893 1207 4950 absolutus
1235 4895 1490 4959 vinculis.

494 4987 644 5044 Solvi
671 4988 888 5045 docebit
913 4989 1160 5055 crimine,

224 5080 320 5136 765
353 5082 642 5151 Bonusque
670 5083 867 5138 mentis
893 5082 974 5137 vir
993 5083 1322 5151 gubernator
1349 5099 1492 5147 sum,

491 5173 559 5229 Et
581 5174 836 5231 Ecclesia:
857 5173 884 5213 ἀ
913 5191 1104 5231 navem
1135 5185 1306 5246 reget.

350 5266 484 5324 Nam
514 5267 792 5338 quomodo
814 5267 906 5324 ille
933 5267 1242 5339 prmsidcbit
1271 5269 1549 5340 proximi...

494 5358 733 5432 Prmesse
759 5360 851 5430 qui
870 5360 1056 5434 nescit
1079 5361 1218 5416 sibi?

348 5449 458 5508 Sed
483 5466 664 5508 sermo
691 5452 874 5526 lapsus
901 5452 1210 5508 decucurrit
1232 5452 1460 5524 longius,

221 5535 315 5598 770
453 5549 456 5554 ’
490 5542 757 5602 Revertar
783 5544 849 5602 ad
872 5542 1072 5616 Joseph
1101 5561 1283 5601 meum

286 5688 308 5751 ξι
337 5679 392 5751 id
423 5687 506 5751 est
534 5681 783 5751 primum.
815 5679 950 5737 Vide
978 5696 1032 5736 v.
1065 5679 1190 5735 3H.

284 5748 308 5788 ιι
341 5750 478 5807 Vide
501 5748 587 5822 ει).
622 5750 792 5818 50,11.
833 5751 918 5806 n.

288 5831 307 5860 θ
338 5822 470 5877 Vide
495 5824 739 5878 eamdem
767 5824 949 5880 licent.
979 5823 1188 5881 ηὸτι.

284 5893 304 5928 ά
333 5893 463 5946 Vide
496 5903 606 5948 not.
648 5893 774 5949 239.

288 5973 305 6000 ο
331 5964 520 6019 Matth.
550 5983 615 6022 Si.
649 5965 733 6018 30.

1677 415 1909 474 POEMA
1949 415 2134 474 xxxv.
2585 479 2590 484 ,

1905 457 1909 469 ι
1949 415 2134 474 XXIV.
2585 479 2590 484 ,
3435 417 3539 473 630

1877 537 1925 592 Α
2095 532 2292 590 Castus
2317 537 2493 591 beatre
2517 535 2652 594 ﬂore
2675 545 2866 594 vernet
2892 537 3100 606 gratim,

2239 627 2308 685 Ut
2333 631 2568 701 paradisi
2595 631 2764 686 lilium
2790 650 2803 685 :

2094 721 2167 778 Ut
2193 722 2360 780 corde
2385 739 2524 794 puro
2551 725 2748 781 omlitis
2771 723 3073 795 prudentiae

2237 813 2433 872 Polum
2448 816 2688 886 pudicus
2709 816 2958 878 hauriat;

1951 902 2058 958 775
2095 904 2378 980 Responsa
2399 906 2577 964 dubiis
2604 915 2823 964 exserat
2848 907 3168 964 mortalibus

2236 999 2480 1056 Arcanus
2508 1001 2777 1072 interpres
2806 999 2922 1067 Dei,

2091 1089 2158 1146 Et
2185 1091 2452 1150 emicante
2479 1093 2649 1163 gloria
2681 1095 2838 1151 tamn:
2861 1095 3019 1151 bona

2233 1182 2492 1242 Notescat
2519 1186 2573 1241 in
2602 1188 2744 1256 regis
2765 1187 2950 1242 domo.

2095 1274 2440 1348 Placitusque
2467 1279 2583 1350 regi
2609 1280 2804 1352 spiritu
2829 1281 3146 1351 prudentiae,

1950 1367 2055 1424 780
2230 1366 2490 1424 Sumatur
2516 1371 2570 1426 in
2597 1371 2748 1440 regni
2775 1372 2968 1427 ducem
2995 1391 3008 1425 :

2089 1457 2459 1518 Possessionis
2486 1463 2650 1532 regite
2676 1464 2928 1536 princeps
2957 1474 3070 1531 eat,

2232 1549 2524 1610 Przefectus
2553 1555 2606 1611 in
2631 1570 2826 1626 magna
2854 1557 3042 1622 domo,

2089 1643 2302 1703 Stolam
2329 1649 2426 1703 sed
2451 1647 2555 1706 iste
2579 1648 2856 1720 byssinam
2885 1656 2941 1706 et
2968 1657 3218 1721 torquem
3247 1666 3466 1708 aursem

2229 1737 2417 1806 Gerat,
2445 1749 2572 1814 apta
2597 1739 2817 1798 Christo
2842 1742 3093 1812 insignia,

1948 1827 2056 1885 785
2092 1828 2321 1886 Textam
2344 1833 2598 1903 superna:
2627 1834 2815 1902 gratias
2841 1842 3048 1891 vestem
3069 1833 3276 1903 induat,

1871 1914 1922 1976 Β
2232 1924 2832 1983 Stolatus-inuocentia.

2084 2016 2354 2075 Contexta
2383 2018 2550 2090 bysso
2571 2019 3029 2093 vestisrirruptam
3057 2019 3217 2079 tidem

2227 2106 2417 2176 Signat
2444 2107 2660 2166 Valenti
2683 2111 2940 2176 stamine,

2083 2198 2220 2256 Nam
2249 2199 2340 2258 illa
2365 2199 2515 2276 byssi
2540 2200 2768 2260 fortiora
2795 2211 2852 2260 et
2874 2205 3106 2276 sparteis

1945 2292 2048 2348 790
2224 2291 2498 2350 Feruntur
2523 2311 2645 2353 esse
2664 2295 2900 2354 funibus.

2085 2382 2193 2442 Pro
2223 2393 2437 2456 torque,
2468 2387 2612 2444 collo
2641 2389 2882 2446 caritatis
2906 2404 3085 2445 aurem.

2221 2475 2499 2536 Prtedulce
2526 2480 2824 2538 circumdet
2845 2480 3032 2553 jugum
3065 2491 3116 2552 ο,

2080 2569 2237 2637 Quod
2265 2585 2432 2628 suave
2460 2569 2699 2642 Christo,
2731 2590 2834 2630 nec
2865 2574 3174 2640 molestum,
3203 2576 3442 2651 pondere

2224 2662 2525 2736 Adstringit
2553 2664 2713 2732 colla,
2744 2681 2855 2724 non
2887 2667 3101 2737 premit.

1940 2750 2045 2808 795
2078 2752 2206 2812 Htec
2231 2755 2375 2812 inter
2402 2757 2543 2813 idem
2572 2757 2713 2815 dona
2737 2767 2938 2828 sumat,
2968 2762 3102 2831 regii

2215 2845 2429 2919 insigne
2451 2848 2611 2921 juris,
2641 2851 2919 2920 annulum,

2075 2931 2407 3012 Comtusq‘ue
2435 2943 2577 3000 trino
2599 2943 2880 3000 Trinitatis
2905 2961 3148 3010 munere,

2103 3021 2107 3024 ’
2219 3028 2396 3090 Curru
2422 3034 2654 3091 vehatur
2681 3038 2850 3107 regio.

2076 3127 2296 3199 Regalis
2320 3129 2528 3188 etenim
2556 3146 2750 3188 currus
2769 3141 2854 3188 est
2880 3131 3080 3190 Christi
3105 3149 3252 3200 caro,

1931 3222 2039 3280 800
2215 3223 2533 3297 Corpusque
2560 3235 2811 3284 sanctum
2837 3226 3102 3300 Ecclesia,

1849 3301 1899 3364 (ἶ
2071 3317 2192 3387 Quo
2222 3319 2440 3375 vehitur
2466 3319 2583 3391 ipse
2610 3320 2848 3378 millibus
2875 3321 3172 3379 laetantium
3209 3322 3229 3362 ί

2217 3411 2468 3482 Agitator
2491 3411 2658 3469 Israel
2689 3423 2713 3461 ε
2742 3412 2906 3470 Deus.

2070 3502 2290 3559 imitare
2316 3503 2590 3560 Christum
2617 3524 2630 3560 :
2664 3505 2751 3563 fac
2776 3507 3000 3573 bonum,
3035 3508 3143 3563 vita
3173 3505 3392 3574 malum,

2210 3594 2347 3653 Catii
2374 3597 2542 3652 vitam
2571 3597 2625 3654 in
2656 3598 2816 3655 terris
2842 3612 2944 3669 age
2971 3596 3020 3654 ιι.

1923 3690 2031 3746 805
2068 3691 2135 3746 Et
2154 3691 2271 3762 ipse
2296 3699 2350 3747 te
2371 3691 2469 3748 rex
2497 3699 2666 3764 ponet
2693 3692 2748 3748 in
2775 3707 2992 3748 currum
3021 3708 3199 3760 suum,

2210 3783 2490 3856 Regnique
2517 3793 2832 3842 consortem
2859 3783 3030 3841 dabit.

2065 3877 2134 3932 Et
2161 3893 2371 3935 summa
2397 3878 2552 3948 regni
2573 3878 2698 3950 jura
2726 3878 3032 3934 committet
3058 3878 3165 3948 sui,

2208 3969 2522 4042 Pandetque
2551 3972 2832 4028 thesauros
2858 3986 3015 4029 suos.

2065 4061 2172 4119 Sed
2193 4073 2321 4120 ante
2349 4062 2510 4134 digna
2539 4064 2802 4133 largietur
2820 4062 3067 4135 pignora,

1919 4154 2028 4211 810
2211 4155 2282 4213 Ut
2309 4157 2474 4226 regiis
2496 4156 2795 4227 insignibus

2065 4247 2224 4322 597
2253 4279 2281 4293 σ-
2307 4250 2472 4323 598
2495 4247 2730 4307 Ornatus
2750 4249 2919 4306 altum
2937 4249 3080 4320 regis
3099 4251 3358 4306 ascendas
3369 4252 3490 4308 thro

3264 4343 3436 4416 intum,

2205 4431 2547 4505 Reseresque
2566 4433 2778 4505 regales
2801 4448 2997 4506 penus,

2061 4521 2355 4596 Sapientiae
2380 4525 2598 4592 monile,
2632 4525 2818 4595 gloria:
2842 4526 3062 4594 stolam,

2201 4616 2458 4689 Fideique
2483 4627 2702 4689 gestans
2725 4619 3004 4676 annulum.

1842 4703 1892 4760 D
1919 4709 2024 4765 8l5
2061 4708 2172 4768 Sed
2199 4721 2260 4769 ut
2283 4713 2374 4770 ille
2400 4721 2568 4769 totam
2593 4713 2680 4770 vir
2705 4729 2806 4786 per
2834 4711 3128 4792 1Egyptum
3158 4723 3353 4785 potens

1871 4819 1876 4824 ·
2203 4803 2329 4861 Fuit
2355 4816 2512 4861 exter
2535 4804 2757 4876 ,λεωριί
2784 4806 2937 4873 solo;

2077 4897 2145 4955 Et
2173 4897 2296 4967 iste,
2328 4898 2509 4954 mundi
2536 4899 2742 4954 viribus
2771 4901 3066 4970 potentior,

2198 4993 2283 5050 Sit
2309 4992 2464 5048 fortis
2491 4988 2785 5063 Egyptum
2812 5006 2996 5063 super,

2057 5087 2434 5160 Egyptiorum
2465 5083 2560 5140 sed
2584 5084 2902 5156 peregrinus
2927 5086 3092 5141 domo

1909 5181 2021 5236 820
2198 5182 2290 5237 Sic
2313 5180 2537 5244 mixtus,
2566 5187 2624 5233 ut
2653 5194 2759 5233 non
2789 5179 2990 5234 mixtus
3011 5182 3100 5247 sit,

2010 5265 2012 5267 ’
2054 5272 2336 5343 Distetque
2356 5279 2625 5338 sanctum,
2656 5271 2789 5326 sede
2817 5275 3089 5328 communi
3119 5275 3266 5346 licet,

2193 5363 2272 5419 De
2297 5372 2458 5433 gente
2484 5379 2594 5419 non
2620 5372 2804 5417 sancta
2835 5378 3026 5433 genus,

2048 5457 2386 5528 Tantumque
2430 5458 2512 5528 (α)
2554 5456 2606 5510 in
2645 5457 2784 5524 istn,
2840 5466 3112 5530 tamquam
3165 5460 3218 5517 in
3263 5464 3500 5540 ngy-pto

3235 5559 3413 5620 (situs.

1982 5687 2002 5727 ί
2034 5687 2174 5742 Psal.
2208 5701 2366 5747 1.1m.
2404 5689 2490 5744 18.

1979 5770 2004 5806 8
2038 5760 2166 5814 Vide.
2195 5769 2310 5814 not.
2344 5759 2467 5814 “283.

1977 5829 2003 5868 ἰ
2031 5829 2170 5886 Psal.
2202 5847 2382 5893 xxxvr,
2415 5829 2504 5886 27.

1975 5901 2186 5978 (aliis.
2231 5902 2400 5978 code;
2448 5901 2646 5978 liegius
2693 5919 2811 5978 cum
2861 5905 3017 5961 editis
3056 5917 3310 5978 quatuor,
3351 5905 3483 5966 Nam

1907 5983 2024 6027 tunc
2053 5975 2108 6028 in
2135 5975 2253 6029 tato.
2287 5972 2426 6030 Edit.
2458 5974 2669 6041 δάιοι..
2703 5975 2845 6028 Nam
2874 5993 3029 6033 nunc.
