4138 6446
253 311 362 368 649

287 429 360 484 50
397 431 559 490 Cassa
589 437 706 493 dies
732 439 924 510 oritur,
949 443 1034 500 vel
1055 447 1264 516 magnis
1293 462 1416 504 rara
1445 455 1714 508 catervis?

465 525 573 582 Sed
588 538 767 586 tamen
799 533 939 589 hanc
960 537 1197 606 speciale
1212 538 1379 598 decus
1394 543 1632 601 retinere
1646 545 1859 604 fatebor

390 616 521 675 Jure
545 621 718 690 diem,
743 626 964 696 expleto
991 630 1266 698 quondam
1297 647 1403 703 qua
1433 636 1664 705 contigit
1684 652 1805 694 aevo

389 708 600 767 Ponere
625 723 650 751 ι
676 722 924 774 terrenos
952 718 1190 786 habitus,
1216 731 1274 779 et
1302 725 1356 778 in
1386 727 1494 781 alta
1519 729 1540 759 ²
1571 729 1759 786 vocari

390 801 579 860 Sidera
603 804 839 864 Felicem
865 813 1209 871 retinendum
1230 819 1358 874 sede
1380 820 1562 877 beata.

277 889 353 946 35
459 894 665 954 Firmat
705 901 853 957 enim
886 906 1026 962 ratio
1064 907 1169 963 ista
1208 909 1400 978 fidem,
1437 927 1561 984 qua:
1598 924 1849 989 tempora

1663 1009 1854 1083 [certis

384 1077 675 1152 Distinguit
703 1084 893 1153 titulis,
916 1103 1214 1162 sacrosque
1239 1093 1259 1125 ³
1288 1111 1386 1166 per
1407 1111 1587 1153 annua
1612 1077 1794 1171 signat

383 1169 544 1228 Festa
569 1173 707 1244 dies,
729 1177 928 1248 quibus
950 1181 1027 1254 (a)
1059 1184 1126 1238 ad
1154 1183 1372 1243 Domini
1402 1169 1852 1263 miracula'quon-

1722 1284 1848 1340 dam

1722 1284 1773 1340 d:

379 1350 602 1424 Antiqui
631 1364 906 1415 tremuere
932 1372 1117 1432 patres
1143 1365 1194 1431 ι).
1221 1367 1496 1427 horrenda
1517 1284 1773 1440 sinistrfis,

380 1442 449 1500 Et
475 1461 692 1520 semper
718 1449 1045 1510 celebranda
1075 1458 1214 1528 piis;
1245 1461 1372 1532 quia
1401 1465 1686 1521 commoda
1718 1483 1845 1524 san-

1373 1629 1378 1634 ,
1699 1558 1843 1632 [ctis,

272 1623 345 1681 40
381 1626 524 1686 Dura
552 1633 704 1692 fuere
726 1640 900 1698 malis.
929 1641 1108 1700 Testis
1138 1629 1490 1719 Memphitica
1518 1652 1700 1722 tellus,

380 1719 450 1776 Et
475 1739 628 1782 mare
649 1735 778 1787 tunc
799 1730 999 1791 factum
1023 1741 1226 1796 sanctis
1253 1741 1451 1800 humus
1468 1787 1485 1814 ,
1516 1761 1706 1818 aequor
1735 1749 1840 1804 ini-

1657 1839 1800 1914 [quis
1823 1857 1838 1908 ;
1881 1867 1925 1927 Β

378 1902 683 1978 Ceteraque
713 1911 794 1968 his
824 1917 975 1987 paria
1006 1917 1247 1993 Egyptn
1271 1925 1575 1999 multasque
1597 1902 1696 2000 per
1717 1948 1845 1987 oras

374 1996 540 2053 Gesta
562 1999 676 2058 Deo
706 2010 935 2065 memori
961 2013 1118 2068 nobis
1147 2017 1462 2074 recoluntur
1490 2038 1698 2080 amore.

451 2087 543 2147 Sic
569 2108 724 2164 atque
752 2097 933 2155 divina
955 2112 977 2139 ε
997 2101 1245 2161 feruntur
1271 2109 1346 2177 (ὁ)
1371 2127 1596 2168 munere
1617 2114 1838 2172 Christi.

266 2181 340 2238 45
380 2181 449 2241 Ut
474 2192 785 2248 veneranda
815 2195 931 2252 dies
953 2202 1182 2268 cunctis,
1212 2220 1318 2273 qua
1344 2206 1566 2278 Virgine
1589 2221 1769 2282 natus,

375 2275 482 2334 Pro
498 2284 710 2339 cunctis
726 2284 1003 2346 hominem
1018 2296 1212 2352 sumsit
1223 2297 1366 2354 Deus
1379 2298 1403 2337 ά
1426 2318 1440 2367 ;
1463 2313 1628 2374 utque
1647 2306 1843 2365 deinde

377 2370 494 2438 Qua
525 2391 754 2445 puerum
779 2383 937 2438 stella
963 2386 1102 2444 duce
1127 2393 1354 2463 mystica
1383 2370 1798 2459 dona—ferentes

373 2463 702 2538 Suppliciter
732 2475 915 2532 videre
944 2480 1086 2550 magi
1112 2492 1136 2519 θ
1163 2501 1177 2536 :
1202 2499 1299 2540 seu
1319 2502 1426 2556 qua
1455 2492 1628 2562 magis
1649 2492 1798 2549 illum

369 2553 619 2616 Jordanis
647 2565 924 2634 trepidans
945 2569 962 2600 ⁸
987 2570 1124 2628 lavit
1152 2553 1435 2645 tinguente
1462 2553 1737 2651 Iohanne,

269 2644 339 2700 50
373 2645 697 2709 Sacrantem
726 2667 949 2714 cunctas
970 2665 1281 2722 recreandis
1303 2671 1554 2738 gentibus
1578 2676 1752 2731 undas
1773 2675 1791 2714 τ
1815 2695 1830 2730 :

371 2737 501 2796 Sive
525 2741 642 2800 dies
669 2746 865 2804 eadem
898 2758 1069 2822 magis
1099 2755 1192 2812 illo
1220 2759 1292 2814 sit
1316 2777 1472 2818 sacra
1502 2766 1683 2836 signo,

371 2829 492 2897 Quo
520 2835 752 2904 primum
784 2838 927 2897 Deus
952 2846 1062 2914 egit
1091 2862 1250 2918 opus,
1275 2867 1398 2908 cum
1427 2829 1652 2915 ﬂumine
1669 2829 1842 2918 verso

373 2923 570 2999 625-
584 2927 753 3002 626
811 2928 1148 2994 Permutavit
1199 2955 1369 3013 aquas
1425 2945 1499 3018 (ο)
1557 2950 1844 3020 pnedulcis

1357 3035 1376 3110 [_
1406 3046 1630 3097 nectare
1659 3042 1770 3100 vini
1789 3053 1839 3100 Β.

444 3106 585 3176 Quid
603 3113 857 3182 paschale
878 3119 1096 3188 epulum
1110 3121 1135 3176 ?
1148 3121 1283 3179 Nam
1304 3106 1454 3184 certe
1475 3128 1678 3200 jugiter
1690 3137 1840 3192 omni

375 3193 581 3255 Pascha
608 3201 696 3258 die
724 3208 938 3263 cunctis
964 3207 1204 3268 Ecclesia
1237 3193 1496 3290 praedicat
1518 3193 1649 3291 oris,

265 3283 340 3342 55
374 3287 1171 3358 ContestansDominimortem
1187 3283 1366 3382 cruce,
1389 3309 1460 3365 de
1487 3327 1648 3370 cruce
1665 3316 1834 3374 vitam

372 3377 746 3440 Cunctorum:
769 3395 948 3445 tamen
971 3391 1076 3450 hoc
1099 3377 1310 3468 magna:
1329 3400 1550 3471 pietatis
1571 3404 1626 3461 in
1646 3423 1840 3468 omnes

372 3471 593 3532 Grande
627 3489 1031 3540 sacramentum
1055 3484 1110 3553 δ,
1138 3483 1457 3566 praescripto
1477 3513 1668 3558 mense
1695 3518 1838 3574 quo-

1656 3600 1836 3657 tannis

371 3657 540 3718 Totus
566 3665 766 3737 ubique
792 3670 912 3738 pari
935 3670 1194 3734 famulatu
1215 3681 1450 3740 mundus
1477 3597 1701 3755 adorna",l

369 3750 657 3811 Eternum
678 3757 961 3819 celebrans
983 3766 1226 3826 redivivo
1249 3787 1482 3845 corpore
1509 3793 1697 3849 regem
1724 3779 1768 3838 ί.

258 3837 332 3897 60
439 3842 557 3903 Hoc
594 3849 862 3910 sollemne
899 3854 1018 3913 dies
1067 3863 1314 3933 sequitur
1340 3837 1604 3941 z-septeni
1641 3837 1832 3932 nume-

1649 3983 1830 4028 ramus

1649 3983 1717 4024 ra:

370 4025 770 4106 Hebdomadas,
799 4048 857 4094 et
881 4040 971 4098 lux
1003 4047 1218 4118 populis
1245 4048 1437 4110 festiva
1461 3969 1717 4130 recuri'it,

363 4117 481 4185 Qua
510 4132 731 4182 sanctus
759 4133 1032 4200 quondam
1059 4117 1200 4194 coelo
1221 4140 1489 4202 demissus
1509 4149 1578 4203 ab
1605 4150 1718 4210 alto

364 4209 598 4282 Spiritus
626 4218 796 4287 iguito
823 4223 1005 4281 divisit
1028 4227 1105 4299 (ιι)
1139 4230 1344 4290 lumine
1367 4235 1598 4307 linguas,

365 4300 517 4360 Unus
536 4315 592 4362 et
616 4309 730 4380 ipse
757 4311 902 4370 Deus
931 4319 1004 4388 (e)
1029 4319 1243 4378 diversa
1272 4339 1370 4395 per
1396 4300 1492 4383 ora
1521 4335 1782 4402 cucurrit,

255 4389 328 4448 65
362 4391 795 4473 Omnigcnasque
824 4422 933 4463 uno
962 4412 1146 4466 sonuit
1167 4389 1295 4471 tunc
1325 4431 1422 4472 ore
1444 4418 1712 4493 loquelas,

368 4485 629 4548 Omnibus
659 4494 873 4564 ignotas
902 4500 1150 4560 tribuens
1179 4485 1717 4583 expromere'voces,

357 4583 598 4655 Quisque
625 4602 778 4644 suam
807 4599 868 4647 ut
906 4602 1125 4662 gentem
1162 4602 1454 4672 peregrino
1495 4620 1818 4676 agnosceret

1699 4717 1794 4760 ονε

1699 4717 1794 4760 ore

359 4765 764 4841 Externamque
787 4789 888 4831 suo
918 4776 990 4848 (ί)
1022 4778 1251 4836 sentiret
1278 4781 1333 4838 in
1359 4798 1457 4841 ore
1477 4702 1770 4860 loquela[m.
1799 4745 1815 4772 ’

291 4914 316 4986 ξ
347 4907 403 4986 id
431 4918 514 4986 est
541 4909 815 4986 deponere.
843 4912 975 4986 Vide
997 4931 1166 4974 carm.
1196 4918 1283 4986 14,
1308 4937 1361 4977 v.
1386 4920 1475 4979 81.

284 4975 314 5016 δ
345 4977 520 5050 Exod.
542 4975 653 5050 Juv,
683 4981 756 5035 ‘29.
782 4993 838 5040 et
865 4983 952 5040 27.

213 5061 216 5064 ’
291 5059 314 5086 ε
346 5048 480 5106 Vide
512 5048 782 5108 non—295.

284 5117 311 5156 d
340 5120 531 5176 Matth.
565 5141 602 5186 ι,
630 5125 716 5178 16.

287 5203 311 5262 ξ
341 5191 530 5246 Matth.
564 5206 622 5262 ιι,
656 5195 742 5252 lt.

288 5261 310 5301 ί
341 5263 530 5318 Matth.
558 5261 642 5330 ut,
676 5267 762 5321 16.

283 5341 310 5378 κ
335 5333 531 5389 Johan.
557 5354 616 5396 ιι.
648 5338 700 5401 9,
739 5338 822 5395 ll.

235 5423 246 5432 '
281 5403 309 5442 ⁵
335 5405 471 5461 Vide
493 5417 608 5463 not.
633 5409 760 5465 Q96.

285 5473 304 5546 ἰ
337 5475 528 5531 Matth.
555 5496 738 5546 xxvm,
765 5481 818 5538 6.

285 5545 301 5624 _i
331 5546 450 5624 1Act.
475 5565 531 5613 ιι,
556 5550 610 5616 ‘2,
633 5552 688 5624 ξ’),
717 5545 771 5620 4,
798 5554 852 5620 6,
878 5556 933 5624 8,
961 5558 1046 5614 ll.

281 5617 307 5657 ι
332 5616 468 5675 Vide
487 5630 601 5676 not.
624 5616 750 5678 "297.

283 5689 302 5728 ι
328 5688 462 5745 Vide
487 5701 602 5749 nat.
635 5693 759 5750 298.

278 5772 317 5800 ιιι
342 5760 507 5818 Marc.
539 5780 648 5832 xw,
677 5767 763 5823 19.

278 5844 303 5871 η
333 5836 794 5962 Ἇοῖογείηξ.ἷίίέἱϐ
814 5857 984 5898 carm.
1018 5844 1067 5913 5,
1100 5862 1151 5902 v.
1189 5847 1274 5903 4⁸1.

280 5915 304 5941 ο
336 5945 352 5957 .
383 5920 412 5960 c
443 5922 535 5962 .ιι.
607 5947 622 5962 .
689 5951 703 5962 .
775 5954 788 5962 .

336 5920 456 5960 act.
481 5922 535 5971 ιι,
568 5920 622 5972 1,
649 5920 703 5977 4,
735 5920 788 5965 ti.

487 6001 759 6066 ΡΑτιιυι..
811 6006 946 6069 LXI

1684 328 1914 386 POEMA
1959 334 2172 397 XXVII.

1892 464 1940 522 Λ

3476 379 3582 433 050

2115 463 2386 528 Barbarus
2409 474 2526 545 ipse
2553 477 2655 534 sibi
2678 495 2788 536 non
2818 482 2960 540 notis
2983 495 3112 542 nota
3137 489 3392 560 canebat,

2001 553 2070 608 70
2111 557 2288 616 Verba
2335 565 2450 620 suis
2489 567 2667 626 aliena
2710 571 2987 644 loquensl
3034 596 3047 630 :
3081 581 3175 635 sed
3226 582 3280 637 in
3323 553 3581 646 omnibus

3406 693 3575 738 unum

2107 743 2255 803 Voce
2277 748 2446 806 Deum
2470 756 2618 811 varia
2642 757 2894 818 laudabat
2917 768 3141 838 spiritus
3171 787 3310 827 unus
3330 680 3402 826 ¹ιοί

1993 1132 2064 1188 75
2101 1133 2208 1192 Ore
2232 1136 2388 1206 ferat,
2420 1159 2526 1198 non
2557 1162 2663 1203 una
2693 1161 2873 1216 sonat,
2907 1157 3196 1228 variosque
3226 1163 3484 1231 magistra

2099 1226 2388 1301 Temperat
2413 1243 2532 1292 arte
2561 1253 2754 1307 sonos;
2780 1254 2970 1311 arguta
3002 1226 3261 1306 foramina
3296 1226 3458 1320 flatu,

2097 1319 2492 1396 Mobilibusque
2523 1332 2658 1398 regit
2683 1333 2881 1403 digitis,
2908 1337 3237 1411 clauditque,
3259 1345 3564 1417 aperitque,

2097 1409 2166 1467 Ut
2198 1415 2383 1484 rapida
2405 1416 2526 1474 vice
2548 1419 2720 1478 dulcis
2747 1435 2837 1480 eat
2868 1409 3164 1502 redeatque
3187 1437 3434 1494 cavernis
3461 1455 3474 1490 :

2096 1501 2337 1561 Currens
2367 1505 2552 1565 Aiolio
2579 1515 2599 1544 ⁵
2621 1516 2967 1574 modulabilis
2995 1537 3125 1579 aura
3155 1533 3368 1591 mea'tu.

1987 1594 2056 1650 80
2092 1595 2345 1669 Explicet
2374 1602 2618 1675 irruptos
2647 1613 2887 1666 animata
2913 1621 2971 1667 ut
3000 1615 3130 1671 tibia
3158 1626 3380 1674 cantus:

2092 1698 2184 1757 Sic
2213 1701 2356 1759 Deus
2384 1707 2688 1766 omnisonze
2721 1710 2735 1750 ι
2764 1714 3076 1774 modulator
3095 1728 3150 1774 et
3179 1721 3384 1778 arbiter
3405 1740 3543 1780 unus

2095 1789 2421 1862 Harmoniae,
2445 1813 2545 1869 per
2571 1813 2766 1860 cuncta
2799 1816 2983 1863 movet
3012 1826 3175 1881 quam
3206 1827 3439 1886 corpora
3467 1832 3558 1872 re-

3391 1911 3557 1984 (rum,

2088 1973 2154 2031 Et
2183 1985 2392 2036 natum
2423 1982 2606 2053 opifex
2637 1987 2780 2045 Deus
2810 1993 3020 2060 omnis,
3048 2005 3102 2051 et
3129 1999 3295 2064 artis;
3325 2003 3378 2058 in
3407 2006 3558 2062 omni

2087 2067 2234 2126 Fons
2261 2087 2450 2144 opere,
2475 2086 2531 2132 et
2560 2079 2704 2149 ﬁnis,
2734 2081 2941 2141 faciens
2957 2085 2976 2115 ⁶
3001 2085 3167 2158 bona,
3184 2089 3436 2164 factaque
3451 2111 3555 2152 ser-

3377 2189 3554 2264 [γους.

1981 2255 2052 2311 85
2091 2256 2214 2329 Ipse
2234 2276 2460 2319 manens
2493 2268 2544 2320 in
2574 2281 2635 2323 se
2667 2271 2844 2327 media
2876 2275 3083 2346 pietate
3110 2279 3375 2351 vicissim,

2089 2360 2207 2430 Qua
2237 2363 2400 2422 Pater
2429 2367 2486 2423 in
2517 2368 2718 2438 Verbo,
2736 2389 2842 2446 qua
2872 2377 3042 2436 Filius
3072 2382 3124 2436 in
3156 2383 3315 2440 l’atrc
3337 2395 3554 2455 regnat,

2089 2456 2210 2524 Quo
2249 2457 2368 2514 sine
2405 2459 2483 2516 nil
2530 2460 2765 2536 factum,
2789 2484 2888 2541 per
2926 2487 3090 2542 quem
3129 2483 3248 2531 sata
3275 2486 3470 2534 cuncta
3501 2478 3554 2536 in

3337 2578 3552 2652 [eodem

2089 2646 2439 2720 Consistunt,
2464 2652 2606 2712 idem
2639 2669 2810 2715 novat
2835 2663 3016 2718 omnia
3048 2665 3290 2740 principe
3315 2646 3514 2728 Verbo.

2089 2743 2193 2810 Qui
2222 2761 2388 2804 cruce
2421 2764 2693 2820 purpurea
2723 2757 2948 2826 pretiosi
2978 2762 3254 2830 sanguinis
3285 2774 3435 2824 ostro

1981 2834 2052 2890 90
2091 2835 2306 2895 Arduus
2332 2854 2561 2898 ascensu
2587 2845 2795 2902 volucri
2824 2853 3132 2920 penetravit
3160 2855 3214 2910 in
3243 2857 3354 2913 alta

2088 2929 2243 2988 Nube
2281 2947 2448 3004 super
2489 2931 2785 2996 Cberubim
2827 2943 3092 3015 volitans,
3120 2948 3371 3022 seditque
3399 2955 3419 2985 "
3448 2952 3549 3009 Pa-

3388 3043 3549 3117 [renti

2090 3113 2291 3172 Dexter
2303 3127 2362 3184 ιιι,
2379 3127 2437 3175 et
2462 3119 2541 3192 (g)
2557 3120 2682 3178 inde
2708 3123 2819 3182 suis
2840 3126 3080 3186 ccelestia
3098 3130 3238 3187 dona
3256 3113 3494 3206 profudit
3509 3141 3546 3203 ⁸.

2087 3206 2352 3282 Spiritum
2385 3214 2454 3270 ab
2486 3212 2732 3287 Unigena
2758 3228 2784 3256 η
2817 3223 3062 3279 sanctum
3093 3235 3150 3281 et
3171 3225 3332 3284 Patre
3358 3246 3545 3302 proce-

3283 3325 3543 3398 Mentem.

2160 3397 2263 3466 Qui
2287 3398 2432 3458 Deus
2460 3402 2575 3473 ipse
2602 3403 2716 3463 Deo
2737 3409 2963 3468 veniens
2991 3413 3120 3470 licet
3147 3397 3297 3472 adsit
3312 3419 3543 3491 ubique,

1977 3493 2048 3551 95
2085 3495 2393 3571 Conspicuo
2419 3510 2600 3561 tamen
2623 3507 2831 3580 allapsu
2852 3513 2962 3568 ruit
2990 3513 3178 3584 igneus
3202 3517 3330 3587 illic,

2083 3587 2247 3647 Pubis
2274 3592 2590 3665 apostolicae
2617 3614 2850 3657 concors
2871 3606 2892 3638 ⁸
2918 3605 3008 3660 ubi
3036 3617 3209 3666 cretus
3228 3610 3447 3682 agebat,

2082 3684 2328 3759 Moxque
2338 3703 2482 3746 novo
2501 3692 2708 3763 sonitu,
2731 3695 2916 3752 multis
2942 3713 3010 3754 ex
3040 3700 3176 3757 urbe
3195 3705 3404 3761 coactis

2078 3776 2238 3834 Omni
2257 3794 2328 3835 ex
2353 3778 2518 3850 gente
2538 3782 2692 3850 viris,
2713 3784 2858 3842 sedit
2875 3790 3029 3860 quasi
3056 3788 3271 3849 ﬂamma
3301 3811 3401 3867 per
3427 3813 3538 3854 om~

3398 3889 3520 3963 [nes

2076 3959 2145 4017 Et
2173 3962 2334 4018 simul
2360 3965 2416 4019 in
2445 3967 2655 4024 cunctis
2679 3969 2976 4040 spiramine
3003 3973 3255 4034 dissonus
3275 3959 3405 4043 uno,

1937 4062 2038 4117 100
2078 4061 2149 4119 Ut
2174 4062 2376 4147 lyricas
2401 4065 2546 4124 facili
2575 4069 2885 4128 modulatus
2909 4075 3128 4145 pectine
3152 4079 3195 4111 "
3225 4079 3478 4149 chordas,

2075 4146 2317 4212 Dividuis
2343 4160 2533 4216 eadem
2556 4165 2752 4219 cecinit
2769 4170 3043 4237 prteconia
3065 4170 3283 4242 linguis,

2074 4245 2348 4305 lncutiens
2370 4253 2550 4307 varias
2570 4253 2806 4311 humana
2834 4271 2934 4328 per
2954 4275 3156 4331 organa
3179 4279 3346 4321 voces
3373 4276 3420 4320 ο.

2145 4341 2294 4399 Talis
2315 4344 2408 4400 ubi
2437 4345 2607 4402 lectas
2632 4347 2876 4420 implevit
2901 4355 3122 4425 crapula
3145 4367 3375 4423 mentes.

2076 4433 2384 4492 Ructavere
2407 4453 2592 4495 sacras
2608 4439 2798 4510 jejuno
2818 4453 3034 4512 gutture
3062 4447 3251 4505 laudes

1927 4524 2030 4581 l05
2067 4525 2230 4582 Ebria
2261 4527 2422 4584 corda
2450 4528 2596 4597 Deo;
2627 4532 2750 4601 quis
2777 4549 2864 4590 me
2896 4537 3202 4607 miseratus,
3236 4542 3306 4598 ab
3335 4543 3442 4602 isto

2066 4620 2314 4678 Flumine
2341 4624 2570 4694 potabit,
2602 4625 2748 4696 quod
2775 4629 2980 4686 sobriat
3007 4633 3310 4694 ebrietate?

2071 4713 2435 4787 627-628
2463 4712 2603 4785 Ergo
2625 4718 2773 4774 velut
2791 4723 2988 4778 caelum
3018 4727 3208 4794 stellis,
3229 4741 3288 4787 ut
3308 4732 3528 4798 ﬂoribus

3348 4826 3524 4901 (arva,

1994 4943 2077 5016 (α)
2107 4944 2459 5006 Correximus
2480 4951 2550 5005 ad
2573 4969 2642 5008 ex
2670 4969 2774 5014 ms.
2804 4959 2995 5018 codice
3015 4961 3201 5024 Germ.
3234 4968 3374 5028 Ante
3408 4991 3528 5037 erat

1923 5027 2034 5070 aut.

2021 5085 2072 5165 ὁ)
2103 5087 2202 5165 ills.
2235 5087 2442 5165 Germ,
2466 5111 2704 5165 manem,
2728 5101 2906 5159 minus
2928 5104 3088 5162 bene.

2021 5088 2050 5139 b
2103 5088 2202 5143 Ms.
2235 5088 2442 5157 Germ,
2466 5111 2704 5165 munera,
2728 5101 2906 5159 minus
2928 5104 3088 5162 bene.

2093 5158 2888 5252 [hiantiscriptusGermaneusis
2899 5176 3213 5252 codex‘cum
3238 5185 3324 5239 ed.
3346 5187 3527 5252 Grin..

1924 5229 2206 5320 perducis.
2231 5233 2301 5286 At
2325 5229 2435 5320 χνρξ
2460 5241 2741 5320 prwdulcis
2751 5229 3527 5320 _l_’aulinotfamiliarisf

1924 5300 2219 5379 carm._2|,
2242 5319 2296 5357 ν.
2325 5300 2530 5379 nam
2551 5326 2720 5366 carm.
2750 5313 2839 5379 δε,
2865 5333 2916 5370 ν.
2949 5300 3073 5374 εεοζ

1983 5371 2078 5452 .(d)
2107 5371 2186 5428 lta
2216 5377 2565 5435 emendatum
2585 5397 2653 5437 ex
2673 5399 2778 5441 ms.
2803 5371 2992 5444 codice
3021 5371 3207 5449 Germ.
3234 5395 3398 5469 Editi,
3421 5405 3522 5474 ﬂu-

1921 5457 2079 5496 mute.

1997 5513 2071 5595 (ε)
2099 5513 2190 5569 Sic
2218 5519 2625 5580 emendavimus
2660 5541 2729 5583 ex
2758 5527 2954 5586 eodem
2983 5534 3174 5594 codice
3203 5555 3309 5597 ms.
3335 5541 3480 5603 Editi
3500 5591 3514 5614 ,

1917 5582 2100 5639 divisa.

1977 5655 2160 5745 .(Ddta
2188 5673 2292 5714 ms.
2325 5659 2513 5720 Germ.
2538 5664 2704 5738 Editi,
2746 5673 2987 5730 nesciret.
3022 5675 3170 5735 BIGN.
3204 5701 3217 5736 :
3245 5683 3385 5744 forte
3423 5709 3508 5745 re-

1910 5737 2086 5780 δουϐτ.

1982 5805 2071 5888 μγ)⁸
2095 5796 2326 5888 Sic‘rns.‘
2341 5806 2512 5863 codex
2543 5808 2750 5888 G_erm.,
2784 5824 2837 5868 et
2863 5816 2993 5888 editi
3023 5818 3186 5876 Grav.
3217 5823 3421 5884 Poelm.
3457 5842 3506 5888 et

1907 5864 2094 5924 Sch'ot.
2146 5870 2250 5927 Alii
2295 5875 2437 5941 duo,
2483 5888 2533 5934 et
2581 5864 3186 5962 ιὲῖξξὲὧεῖ
3212 5864 3504 5958 leniunt:

1907 5949 2064 5994 cepta

1906 5952 2064 6010 cepta

3121 6057 3191 6118 21
