4138 6438
211 367 323 431 653
1647 363 1879 421 ΡΟΕΜΑ
1919 365 2111 424 XXVII
3423 365 3532 420 654

357 477 494 538 Vota
519 490 640 538 mea
665 495 676 532 ε
701 476 878 541 attibi
904 475 1080 533 celsus
1109 475 1287 532 honor
1308 483 1526 534 terrena
1553 487 1777 550 recusat
1839 483 1892 540 Α
1919 476 2025 532 250
2065 478 2205 534 Ante
2226 478 2400 534 lacum
2421 477 2654 537 viventis
2674 495 2866 552 aqum;
2898 480 2993 537 sed
3017 493 3074 537 et
3095 481 3181 536 hic
3207 481 3367 536 etiam
3390 488 3504 545 tres

359 570 588 628 Gaudia.
605 571 712 626 Sed
739 572 867 641 quia
889 580 1073 628 nostra
1104 580 1209 626 tua:
1235 577 1361 626 sunt
1385 569 1578 638 gaudia
1603 570 1813 640 palmtc,
2070 573 2251 629 Corde
2280 573 2399 644 pari
2428 575 2569 628 trina
2593 574 2696 629 sibi
2727 573 2858 643 legit
2886 574 2954 628 ab
2982 574 3180 630 arbore
3200 574 3403 642 virgas,

134 727 138 730 ,
362 661 432 719 Ut
459 672 551 718 tua
579 662 816 733 digneris
845 663 891 696 “
919 664 1016 719 tibi
1042 663 1393 720 ducere°vota
1427 673 1674 730 tuorum,
2070 664 2234 734 Queis
2251 664 2309 720 in
2330 679 2472 736 aqua
2501 665 2694 736 positis
2720 680 2888 737 pecus
2907 665 3170 730 advocat,
3195 673 3252 720 et
3271 671 3537 724 coeuntes

214 757 324 813 205
354 757 502 828 Ergo
524 762 652 815 tuos
676 758 864 826 etiam,
888 759 1059 824 Felix,
1084 757 1319 829 imploro
1343 769 1633 828 parentes;
2062 754 2408 826 lngravidat,
2432 756 2704 830 virgisque
2731 758 2904 814 tribus
2923 767 3193 828 concepta
3215 757 3464 821 colorat;

357 849 463 912 Hic
482 868 700 925 quoque
723 852 872 919 ades,
896 853 1028 911 mihi
1054 868 1202 909 nunc
1222 867 1419 923 poscas
1438 859 1498 908 ut
1516 850 1706 906 adesse
1729 865 1824 906 vo-
2073 844 2144 901 Ut
2172 846 2241 903 de
2268 847 2537 904 interrasa
2559 848 2588 890 δ
2608 849 2836 906 variatis
2863 852 3069 906 cortice
3097 851 3284 921 virgis,

1609 941 1821 1016 -[catos.
1926 937 2032 995 255
2068 939 2325 1012 insignita
2347 943 2527 1013 gregis
2556 943 2637 1014 (ά)
2665 943 2840 999 sancti
2870 943 3044 999 fetura
3075 943 3351 1014 probetur.

434 1037 538 1104 Qui
563 1036 746 1096 colitis
768 1037 923 1094 laztos
949 1036 1187 1108 paradisi
1212 1037 1292 1109 (α)
1321 1037 1517 1095 cmlitis
1541 1036 1754 1105 hortos,
2074 1031 2146 1086 At
2170 1033 2357 1104 pecori
2389 1032 2574 1093 Laban
2597 1050 2706 1091 non
2737 1043 2825 1092 est
2857 1043 3010 1102 nota,
3032 1036 3130 1091 sed
3152 1043 3282 1091 nota
3308 1035 3462 1098 vitre;

366 1129 575 1199 Quique
597 1128 699 1185 sub
725 1128 942 1185 excelsa
972 1128 1185 1184 Domini
1215 1127 1560 1199 requiescitis
1582 1142 1700 1193 ara,
2073 1121 2211 1177 Nam
2240 1133 2367 1178 nota
2398 1125 2591 1180 mortis
2618 1126 2754 1191 erit,
2785 1125 3004 1182 Christo
3037 1141 3146 1181 non
3183 1141 3309 1183 esse
3328 1124 3402 1196 (ε)
3433 1139 3532 1180 no-

368 1220 602 1278 Pulcher
627 1220 922 1291 apostolici
960 1220 1163 1276 chorus
1203 1219 1468 1290 agminis,
1494 1225 1552 1274 et
1588 1219 1824 1289 patriar-
3343 1220 3530 1292 [tatos.

1641 1310 1828 1385 [chum
2143 1307 2240 1366 Sic
2261 1310 2471 1367 animas
2497 1313 2713 1370 steriles
2735 1313 2788 1368 in
2820 1315 3042 1370 nomine
3068 1314 3244 1380 gratia
3275 1315 3422 1371 trino

223 1407 330 1461 210
365 1402 508 1464 Gens
536 1405 709 1477 prior,
734 1406 898 1466 ambo
917 1405 1069 1462 chori
1100 1420 1389 1477 procerum
1405 1445 1422 1471 ,
1445 1419 1586 1475 quos
1611 1405 1828 1477 agmine
2073 1401 2303 1458 lnnovat
2320 1445 2336 1472 ,
2359 1411 2416 1457 et
2441 1404 2591 1459 verbi
2621 1405 2769 1459 coitu
2797 1405 2883 1460 vir
2911 1405 3149 1477 Spiritus
3169 1405 3381 1477 implet,

1352 1506 1355 1508 ·
1678 1497 1830 1571 [ωηο
1930 1489 2037 1545 960
2073 1490 2489 1568 Conceptosque
2510 1495 2622 1550 Deo
2646 1504 2800 1551 notat
2821 1496 2966 1553 intus
2993 1509 3019 1538 ο
3041 1495 3258 1554 Eclesia
3278 1496 3305 1534 ἀ
3336 1497 3477 1553 fetus

366 1592 472 1650 Per
496 1593 746 1653 duodena
776 1594 923 1650 Deus
947 1593 1185 1663 signavit
1212 1594 1431 1650 nomina
1459 1601 1668 1664 patres,
2077 1581 2336 1652 Virsineo
2365 1583 2596 1641 fecunda
2627 1596 2806 1654 ιιιετος
2831 1598 3115 1660 materque
3138 1589 3352 1654 salutis}.

367 1682 629 1747 Gentibus
647 1695 704 1741 et
722 1686 939 1758 populis
956 1701 1184 1757 regnum
1207 1687 1277 1742 ad
1297 1689 1523 1743 cmleste
1543 1685 1828 1744 voeandis:
2075 1672 2216 1729 Dum
2241 1675 2408 1745 Vimis
2431 1676 2640 1732 intenta
2665 1679 2840 1758 tribus
2858 1679 2994 1734 bibit
3020 1679 3180 1736 uvida
3201 1679 3364 1737 Verbi

437 1777 549 1836 Vos
577 1754 973 1845 etiam,sancti,
999 1754 1229 1849 supplex
1249 1777 1508 1849 deposco,
1525 1778 1825 1850 propheta,
2075 1765 2317 1834 Semina,
2339 1777 2397 1824 et
2423 1771 2612 1826 aeterni
2643 1754 2892 1843 Signat/ur
2914 1773 3117 1829 lumine
3137 1776 3321 1831 vultus
3344 1785 3390 1830 ε.

365 1865 424 1924 1η
451 1877 635 1924 nostra
660 1870 757 1940 qui
785 1885 951 1926 carne
979 1870 1150 1926 Deum
1179 1869 1296 1928 fore
1320 1871 1716 1943 praecinuistis:
1863 1864 1910 1927 Β

1904 1879 1910 1918 ι
2080 1858 2219 1916 Hinc
2244 1861 2447 1919 sterilis
2473 1863 2688 1934 peperit
2715 1875 2928 1938 septem
2952 1863 3002 1932 ἰ,
3037 1874 3096 1924 et
3135 1867 3336 1925 defecit
3365 1869 3538 1926 abun-

225 1956 328 2013 2l5
365 1956 476 2014 Vos
497 1973 718 2029 quoque
735 1959 1056 2030 corporibus
1082 1963 1237 2016 mesis
1255 1963 1323 2028 ³⁸,
1350 1969 1407 2017 et
1427 1962 1690 2032 sanguine
1711 1959 1832 2019 fuso
3387 1961 3540 2038 [dans

365 2045 614 2105 Occisum
641 2056 698 2104 et
721 2048 904 2104 vivum
934 2049 1120 2105 testati
1145 2060 1416 2123 martyres
1438 2049 1652 2122 Agnum
1668 2091 1686 2121 ,
1934 2039 2042 2097 966
2081 2041 2352 2101 Dilatante
2381 2044 2494 2102 Deo
2524 2055 2718 2104 tenues
2742 2058 2788 2116 ε,
2824 2058 3084 2107 tennante
3105 2055 3392 2123 superbos.

367 2146 566 2203 Omnes
595 2143 793 2200 divinis
820 2159 852 2198 a
882 2132 1122 2199 fontibus
1154 2157 1260 2198 una
1290 2156 1558 2214 propago,
2148 2133 2241 2192 Sic
2259 2150 2361 2203 ego
2388 2136 2576 2194 Niceta
2605 2139 2743 2206 viso,
2765 2143 2921 2210 quasi
2954 2141 3103 2199 fonte
3131 2153 3376 2216 reperto,

366 2237 516 2303 Quos
541 2235 664 2307 pius
691 2233 964 2295 Abraham
981 2276 998 2303 ,
1023 2247 1177 2290 sacer
1202 2232 1340 2301 lsac,
1363 2233 1505 2290 lenis
1525 2235 1574 2266 ”
1593 2232 1781 2300 Iacob,
2078 2224 2233 2284 Sicut
2260 2226 2380 2283 ovis
2401 2227 2592 2287 sitiens
2619 2231 2688 2286 ad
2718 2234 2837 2288 viva
2859 2221 3070 2290 ﬂuenta
3095 2238 3312 2293 cucurri

233 2374 258 2382 ..
363 2324 713 2396 Progenuere
739 2323 856 2381 Deo
883 2338 1122 2396 pernon
1143 2324 1484 2380 numerabile
1505 2339 1718 2389 semen,
2075 2318 2293 2385 Aridus,
2321 2327 2378 2375 et
2403 2322 2548 2379 sensi
2578 2337 2702 2379 mea
2731 2325 2980 2396 protinus
3007 2326 3178 2384 ubera
3210 2329 3360 2385 tendi
3376 2370 3395 2397 ο

225 2417 331 2474 seu
360 2417 433 2474 Et
457 2417 708 2485 biﬁdum,
732 2418 941 2474 meritis
962 2417 1293 2485 unlestibus,
1315 2426 1481 2488 atque
1507 2417 1758 2484 caducis;
2079 2409 2441 2482 Attalusque
2467 2411 2560 2477 diu
2590 2418 2866 2486 pascentis
2895 2419 2953 2474 in
2982 2435 3081 2477 ora
3106 2423 3387 2494 magistri,

368 2505 669 2582 Ᾱξφηωιεε
697 2507 784 2563 his
803 2516 952 2564 astra
972 2508 1116 2580 pou,
1139 2508 1226 2565 his
1253 2508 1468 2566 ωιιιιείε
1495 2523 1750 2576 arenam;
1935 2498 2042 2556 270
2077 2499 2294 2572 inspexi
2323 2501 2488 2560 docto
2516 2506 2698 2562 varias
2723 2505 2778 2561 in
2804 2517 3030 2578 pectore
3051 2512 3252 2582 virgas,

368 2600 546 2656 Credo
573 2599 825 2670 equidem
852 2615 952 2657 vos
977 2598 1159 2656 ofﬁcio
1179 2600 1404 2678 pietatis
1431 2599 1501 2655 ad
1529 2599 1698 2656 istum
2077 2594 2557 2667 Conspectumque
2582 2597 2695 2653 bibi
2723 2613 2822 2666 per
2851 2600 3058 2658 lumina
3087 2601 3196 2661 ﬁxa
3219 2607 3462 2666 colorem
3480 2651 3497 2678 ,

369 2689 730 2763 εει-632
783 2688 1034 2762 Undique
1071 2692 1397 2750 convenisse
1451 2691 1600 2749 diem
1635 2691 1834 2750 Felicis
2079 2684 2148 2740 Et
2173 2700 2264 2740 me
2290 2684 2490 2743 divinis
2511 2689 2717 2758 sparsit
2741 2705 2897 2748 mens
2926 2694 3145 2751 roscida
3169 2699 3356 2771 guttis.

659 2775 662 2779 ’
1597 2783 1830 2858 [amore,
2148 2773 2261 2832 Sed

2148 2773 2261 2832 Sed
2299 2785 2481 2834 tamen
2517 2779 2574 2834 in
2601 2780 2776 2838 tribus
2802 2782 2889 2840 his
2917 2784 3084 2856 (quia
3114 2789 3264 2845 venit
3290 2795 3536 2865 mentio)

371 2873 440 2933 Ut
465 2875 797 2937 confessoris
822 2879 959 2936 socii
986 2879 1276 2936 celebretis
1303 2880 1593 2939 honorem.
3328 2878 3538 2956 [virgis,

229 2967 334 3026 2‘15
406 2969 528 3026 Non
555 2975 737 3027 autem
767 2973 904 3028 tanti
932 2972 1068 3027 mihi
1087 2988 1212 3029 sum
1237 2982 1564 3044 praesumtor
1584 2974 1829 3043 honoris,

1811 3016 1829 3043 ,
2077 2959 2136 3017 Si
2162 2959 2378 3032 placet,
2403 2960 2756 3034 inspiciamus
2783 2965 2963 3023 adhuc
2988 2971 3246 3040 mysteria
3268 2975 3445 3043 regni,

373 3057 444 3115 Ut
467 3067 688 3120 sanctos
707 3059 924 3118 idcirco
952 3061 1094 3118 meis
1120 3063 1287 3119 modo
1315 3064 1569 3136 protinus
1588 3079 1782 3122 omnes
1933 3048 2042 3108 375
2079 3051 2216 3110 Τι’θε
2242 3052 2554 3122 Famam“
2580 3054 2686 3110 Sibi
2711 3055 2851 3111 "illa
2881 3056 3013 3127 ιθείι
3040 3062 3240 3119 arbore
3264 3064 3467 3136 γίνεθεν

365 3153 624 3213 Sensibus
651 3153 929 3226 adspirare
953 3170 1166 3228 precer,
1188 3157 1344 3228 quasi
1371 3171 1599 3214 munere
1627 3165 1781 3215 tanto

2076 3139 2392 3215 Spirantem
2421 3141 2494 3216 (ι’)
2517 3144 2776 3216 storacis,
2804 3146 2996 3205 lavem
3029 3151 3276 3224 platano,
3301 3171 3441 3213 nuce
3462 3158 3539 3214 tir-

367 3244 591 3314 Dignus,
623 3254 685 3302 ut
713 3246 804 3302 illa
831 3261 957 3302 meo
983 3256 1210 3304 resonet
1235 3264 1346 3306 vox
1377 3249 1606 3306 turturis
1629 3264 1752 3318 ore,
1852 3253 1903 3318 C
2085 3243 2089 3248 ”
3353 3245 3540 3319 [mm-

366 3337 540 3405 Quam
567 3347 742 3395 totum
771 3338 932 3396 tellus
954 3339 1163 3397 audivit
1181 3339 1306 3397 laeta
1331 3355 1434 3412 per
1460 3341 1651 3397 orbem
1676 3358 1690 3394 :

2080 3321 2319 3396 Spiritus
2343 3322 2401 3381 in
2426 3323 2650 3398 platano
2674 3334 2786 3396 est,
2804 3326 2970 3399 Virgo
2989 3331 3046 3387 in
3073 3339 3310 3404 storace,
3327 3337 3384 3392 in
3405 3355 3543 3396 niues

225 3428 334 3486 2'50
368 3429 480 3485 Sed
505 3430 634 3500 quia
663 3446 770 3486 vox
798 3428 985 3487 divina
1009 3429 1170 3489 decet
1187 3429 1388 3490 Felicis
1408 3432 1701 3502 honorem,
3245 3425 3536 3502 [Christus

367 3519 434 3576 Et
461 3521 588 3602 quia
615 3520 851 3588 Nicetes,
883 3521 1096 3580 Domini
1126 3539 1265 3596 puer
1291 3533 1458 3598 atque
1477 3526 1754 3593 sacerdos,
2067 3509 2585 3586 633-6341“!!!
2612 3513 2830 3586 1⁵³⁸⁸10⁸
2857 3515 3113 3588 Ριθιῧηιιε
3134 3534 3320 3578 ramos
3345 3537 3538 3594 ειΡειηο

365 3613 684 3684 Longinqua
714 3614 913 3671 tellure
939 3614 1075 3671 mihi
1099 3615 1265 3673 modo
1291 3616 1512 3686 missus,
1540 3616 1611 3673 ad
1639 3617 1806 3675 istum
3070 3611 3174 3688 [dit
3193 3613 3250 3670 in
3279 3611 3500 3674 umbras
3524 3620 3555 3671 :'

363 3701 503 3761 Ecce
529 3703 674 3770 diem
702 3698 887 3772 venit,
919 3705 1003 3761 vir
1030 3713 1144 3763 tam
1171 3707 1349 3765 bonus
1379 3723 1477 3765 ore
1507 3709 1789 3781 magistro,
2076 3697 2312 3755 Sanctus
2340 3695 2649 3755 inumbrata
2677 3699 2932 3758 formavit
2951 3703 3176 3773 Virgine
3201 3705 3476 3765 Christum

365 3795 538 3866 Quam
566 3811 722 3852 sacer
742 3805 826 3853 est
847 3797 1055 3854 victore
1074 3801 1279 3871 animo,
1297 3801 1386 3858 vel
1405 3817 1637 3875 corpore
1659 3803 1822 3862 victo.
1933 3787 1999 3845 2⁸

1933 3787 2042 3845 280
2076 3788 2332 3862 Spiritus.
2355 3788 2422 3847 Et
2441 3791 2672 3848 storacis
2692 3801 2828 3863 puto
2848 3795 2998 3864 virga
3020 3796 3111 3864 sit,
3128 3797 3325 3856 arbore
3344 3801 3537 3873 David,

227 3885 334 3943 255
437 3884 483 3940 Ο
506 3887 640 3943 mihi
673 3886 929 3945 fulminea
949 3891 1231 3948 cherubim
1245 3899 1271 3934 ι
1292 3893 1341 3948 si
1362 3892 1568 3966 forcipe
1586 3904 1825 3954 sumtum

2076 3881 2316 3940 Promsit
2343 3883 2631 3940 odoratum
2661 3901 2784 3958 quze
2817 3887 2978 3960 Virgo
3008 3905 3277 3964 puerpera
3304 3893 3517 3952 ﬂorem.

367 3981 672 4037 Carbonem
698 3997 769 4038 ex
793 3982 912 4054 ipsa
939 3982 1157 4041 Domini
1177 3987 1366 4058 procul
1388 3987 1465 4060 (ι)
1487 3988 1679 4045 effem
1704 4003 1823 4061 an,
2065 3974 2240 4046 .Virga
2267 3976 2422 4034 nucis
2448 3975 2716 4044 Christus,
2747 3983 3005 4051 quoniam
3033 3986 3089 4040 in
3117 3989 3351 4046 nucibus
3384 3991 3539 4049 cibus

352 4072 434 4130 .Et
461 4075 766 4145 peccatoris
794 4073 939 4130 male
965 4074 1187 4147 pinguia
1215 4078 1369 4135 labra
1397 4088 1640 4150 perurat,
3369 4085 3540 4160 [littus

370 4162 437 4218 Ut
465 4162 728 4220 defaecato
750 4165 1024 4222 concretis
1048 4167 1302 4225 sordibus
1329 4184 1446 4237 ore,
2075 4160 2236 4220 Testa
2267 4162 2421 4231 foris,
2434 4171 2491 4220 et
2511 4180 2700 4222 amara
2728 4182 2896 4240 super
2914 4169 3075 4228 viridi
3104 4183 3230 4230 cute
3259 4186 3445 4235 cortex
3469 4181 3537 4238 ".

369 4259 489 4318 Νοη
517 4267 577 4316 ιιι
601 4259 670 4316 ab
697 4274 796 4316 ore
823 4274 969 4326 meo,
993 4261 1091 4318 sed
1119 4268 1179 4318 ut
1206 4263 1472 4322 auditoris
1499 4266 1570 4322 ab
1598 4281 1714 4333 οη,
2073 4254 2254 4312 Cerne
2279 4253 2453 4312 Deum
2482 4265 2674 4315 nostro
2701 4260 2944 4318 velatum
2971 4278 3208 4336 corpore
3237 4266 3534 4340 Christum,

226 4350 332 4408 240
367 4351 538 4426 Ipsius
559 4353 753 4408 hausta
769 4393 786 4420 ,
808 4367 933 4408 meo
961 4352 1280 4426 depromam
1302 4355 1518 4426 dignius
1545 4372 1677 4423 ore;
1929 4342 2035 4402 285
2073 4346 2175 4414 Qui
2191 4344 2395 4417 fragilis
2407 4356 2671 4406 carneest
2683 4349 3034 4419 verbocibus,
3053 4364 3282 4416 etcruce
3296 4375 3532 4419 amarus.

365 4447 477 4504 Nec
501 4446 809 4519 peccatoris
834 4445 1015 4502 ειοιίάί
1042 4462 1222 4504 sermo
1243 4462 1406 4520 asper
1429 4457 1487 4505 ει
1513 4463 1679 4522 περ,
2074 4439 2220 4495 Dura
2248 4440 2594 4512 superﬁcies,
2623 4444 2850 4501 verbum
2878 4448 3088 4515 crucis;
3121 4459 3178 4506 et
3205 4455 3382 4511 crucis
3409 4472 3539 4514 esca

367 4540 436 4598 Et
459 4540 629 4598 violet
654 4548 852 4606 castas,
877 4548 934 4595 et
953 4539 1144 4596 doctas
1165 4539 1241 4612 (ο)
1263 4541 1517 4599 vulneret
1545 4543 1739 4602 aures!
3409 4551 3539 4624 (est,

435 4633 814 4705 sedquoniam
836 4632 994 4689 lateri
1013 4639 1169 4690 meus
1189 4634 1392 4692 assidet
1414 4635 1530 4708 ipse
1541 4637 1819 4707 magister,
1851 4653 1905 4716 Β
2073 4625 2364 4684 leestem
2391 4627 2591 4684 Christi
2622 4630 2886 4689 claudens
2915 4634 2968 4688 in
2999 4652 3166 4694 carne
3186 4641 3500 4700 medullam.

364 4725 682 4784 Comminus
705 4739 738 4780 e
761 4724 988 4794 regione
1007 4724 1173 4780 situm
1193 4718 1491 4784 venerante
1508 4726 1826 4801 frequenter
2077 4721 2186 4779 Sed
2212 4737 2378 4780 cruce
2403 4723 2578 4781 dulcis
2600 4725 2753 4793 item,
2773 4729 2898 4798 quia
2921 4733 3145 4800 protulit
3166 4737 3362 4793 arbore
3373 4741 3542 4797 vitam

230 4817 332 4874 245
363 4817 598 4873 Lumine
624 4815 993 4887 conspiciam;
1015 4813 1205 4872 forsan
1233 4818 1498 4888 sapientis
1518 4819 1590 4875 ab
1612 4834 1743 4888 ore,
2077 4815 2204 4873 Vita
2231 4816 2376 4874 Deus
2396 4827 2617 4875 noster:
2641 4819 2790 4890 ligno
2816 4839 2940 4879 mea
2963 4823 3088 4886 Vita
3116 4831 3406 4900 pependit,
3443 4805 3452 4816 ’

368 4908 440 4966 Ut
462 4907 737 4981 quondam
763 4905 940 4963 eﬂ'etae
963 4906 1200 4979 pecudes
1228 4909 1467 4979 pastoris
1492 4908 1679 4980 Iacob,
1933 4906 2040 4966 290
2080 4908 2151 4967 Ut
2171 4918 2343 4967 staret
2367 4927 2490 4968 mea
2517 4914 2629 4969 vita
2656 4913 2792 4972 Deo.
2819 4914 2992 4986 Quid,
3021 4919 3134 4976 vita
3164 4927 3460 4996 rependam
3477 4973 3492 4993 .

365 4999 682 5072 Concipiarn
709 4997 882 5054 sterili
908 4997 1168 5057 fecundos
1198 5009 1424 5072 pectore
1450 5017 1663 5062 sensus.
2079 5000 2188 5060 Ρΐο
2213 5004 2326 5059 Vita
2355 5005 2485 5065 ίίδί·
2508 5004 2756 5075 cumet
2784 5008 2940 5065 mea?
2969 5011 3072 5068 nisi
3099 5012 3241 5072 forte
3268 5020 3459 5077 Salutis

366 5093 609 5163 Namque
635 5099 691 5186 et
715 5089 934 5186 Nicetes
960 5091 1193 5149 Domino
1218 5093 1560 5163 benedictus,
1583 5105 1645 5154 ut
1673 5098 1785 5168 ille,
2077 5097 2356 5172 Accipiam
2376 5101 2625 5169 calicem,
2639 5116 2750 5174 quo
2769 5110 2826 5159 te
2845 5119 2966 5161 mea
2981 5105 3027 5138 ’⁸
3041 5107 3233 5165 dextra
3262 5117 3541 5186 propinet,

365 5186 538 5255 Mitis;
560 5192 622 5243 ut
639 5182 805 5241 lsrael
829 5181 1022 5242 ovibus
1049 5199 1268 5259 quoque
1293 5195 1482 5260 pastor
1506 5198 1564 5248 et
1589 5191 1758 5248 haedis
2081 5189 2150 5248 Ut
2177 5205 2335 5247 sacro
2360 5193 2554 5250 mortis
2572 5194 2827 5265 pretiosae
2847 5197 3068 5268 proluar
3087 5181 3304 5259 haustu.

289 5331 325 5411 ,ξ
352 5317 798 5411 11.95323“
819 5326 936 5374 Ποῖ·
958 5317 1088 5375 30L
1669 5389 1672 5392 ,
1948 5400 1964 5411 _
2010 5328 2088 5403 (ὑ)
2115 5326 2207 5411 Sic
2229 5343 2333 5411 ms.
2363 5330 2549 5387 Germ.
2583 5330 2684 5387 Ed.
2707 5332 2900 5400 Rosv.,
2927 5332 3157 5411 adferat.
3176 5336 3358 5399 Ceteri
3383 5360 3539 5403 men-

297 5393 326 5434 ι’
354 5393 414 5466 id
437 5399 525 5466 est
550 5393 756 5466 indie;
1932 5393 2085 5466 dose',
2117 5401 2216 5456 hac
2245 5403 2397 5466 (erat.

301 5476 324 5561 ἒ
353 5465 492 5561 ἔξέῖ
513 5475 629 5561 not.
1968 5544 1980 5556 .
2106 5471 2206 5528 Ms.
2237 5461 2424 5530 Germ.
2455 5476 2626 5531 codex
2645 5518 2662 5543 ,
2690 5475 2956 5543 verberet,
2996 5478 3178 5537 minus
3228 5483 3372 5545 bene
3414 5501 3538 5561 post

296 5534 325 5574 ἀ
353 5535 489 5593 Vide
515 5541 632 5590 not.
661 5531 790 5590 239.
1925 5531 2106 5598 eiciet.

299 5618 325 5685 ξ
526 5620 600 5685 tv,
633 5603 754 5685 7_.__
2004 5615 2085 5685 (ά)
2116 5613 2218 5670 Ms.
2251 5613 2464 5685 Germ,
2489 5615 2704 5676 Clu-isti.

285 5676 325 5764 εἷ
353 5678 625 5764 Υξξὶθξλοὲτ
642 5674 778 5764 ἕθδο
1482 5730 1490 5734 -

1947 5674 2078 5764 “(ei
2105 5685 2188 5742 lta
2235 5674 2583 5744 emendatum
2629 5674 2700 5747 es
2732 5707 2836 5748 ms.
2869 5693 3056 5751 Germ.
3098 5705 3156 5752 et
3191 5699 3307 5763 edit
3335 5700 3521 5758 Sebot.

298 5747 694 5830 ἕξὲεεοέέδ·
1421 5823 1478 5830 --
1624 5805 1774 5830 -ην
1931 5806 1932 5809 ~

1624 5825 1729 5830 ___
1772 5805 1774 5807 .
1931 5747 2336 5830 Λὶῖἱζῃοναιοε.
2826 5747 2831 5748 ί
3106 5747 3153 5752 ’⁷
3197 5747 3202 5750 ’

296 5823 374 5903 La)
403 5817 504 5895 his:
549 5818 756 5898 Germ.,
793 5819 1012 5877 σωιίωε.
1043 5817 1183 5878 Vide
1211 5838 1381 5882 carm.
1417 5823 1480 5882 9.1
1501 5867 1516 5892 ,
1541 5842 1595 5884 γ.
1624 5825 1732 5883 773
1761 5838 1820 5885 et
2006 5817 2073 5903 γ)
2101 5829 2179 5885 ita
2208 5830 2554 5903 emendatum
2585 5848 2652 5888 cx
2682 5851 2785 5892 ms.
2821 5837 3012 5895 codice
3040 5837 3228 5900 Germ.
3279 5852 3336 5900 et
3374 5843 3532 5903 editis

225 5887 365 5950 813;
416 5891 421 5895 ’
593 5893 602 5898 “
1503 5887 1513 5892 ⁷
1929 5887 2185 5974 quinque.
2220 5901 2320 5958 Ed.
2354 5902 2542 5970 Rosv.,
2573 5887 2796 5963 dare}.
