4138 6440
596 361 703 417 655
1525 351 1583 408 S.
1627 348 1902 407 PAULlNl
1938 343 2185 405 NOLANI
2224 338 2528 397 El’lSCOPl
2566 337 2907 402 POEMATA.
3778 346 3908 405 656

803 468 911 526 Sed
937 466 1066 539 quid
1094 466 1287 538 agam?
1318 477 1493 535 neque
1517 463 1565 519 si
1592 459 2020 535 propriumdem
2046 472 2168 514 cor-
2198 464 2242 517 Δ
2410 453 2771 527 635-836
2804 454 2911 510 Sed
2943 453 3227 512 desideriis
3265 456 3679 527 superantibus,
3716 454 3911 511 obvia

1766 552 1891 628 [pus
1916 553 1973 609 in
1998 552 2171 622 ignes,
3695 545 3912 620 [nobis
3943 550 3947 552 '

594 652 699 710 :95
733 651 1111 721 vuescamque
1130 648 1280 717 mihi,
1303 662 1403 705 nec
1423 649 1468 679 ιδ
1500 644 1761 716 sanguine
1779 644 1963 702 debita
1983 641 2104 700 tm
2412 633 2640 690 Vincula
2666 633 2897 706 rupisti:
2919 649 3020 692 nec
3047 642 3101 691 te
3128 651 3300 703 mare,
3326 651 3425 693 nec
3453 637 3612 693 labor
3635 637 3818 703 ullus,

729 742 883 800 Iusta
907 742 1005 798 tibi
1032 741 1261 809 solvam,
1283 740 1410 809 quia
1430 753 1521 795 me
1541 738 1760 794 reddam
1788 736 1885 793 tibi
1906 750 2007 807 pro
2025 748 2136 801 me,
2417 724 2528 783 Nec
2553 723 2770 782 Gothici
2797 733 3022 782 tenuere
3043 736 3241 790 metus,
3266 743 3367 784 nec
3388 728 3589 797 frigora
3622 727 3827 796 longis

730 834 798 890 Et
820 832 1082 906 quidquid
1093 832 1256 888 simili
1276 832 1397 887 vice
1422 829 1964 899 feeero,semper_ero
1977 826 2171 897 impar,
2273 815 2380 873 540
2414 817 2558 874 Dura
2583 818 2721 874 viis:
2753 832 2881 875 vere
2901 818 2957 874 in
2984 820 3171 882 tantis,
3194 817 3405 886 Nieeta,
3425 818 3578 874 fuisti

728 926 943 983 Christe
963 925 1088 983 tibi:
1107 924 1233 996 quia
1254 932 1312 980 tu
1323 936 1420 996 pro
1442 936 1527 977 me
1545 936 1686 986 mea,
1705 936 1813 978 non
1833 927 1924 975 tua
1939 917 2172 987 Christe,
2413 907 2640 968 Ciuibus
2666 908 2862 967 ασθοῐιι
2890 911 3064 968 Victus
3082 912 3365 981 victorque
3392 911 3656 981 ὺειιῑςηο,

735 1019 931 1076 Debita
951 1018 1191 1085 solvisti,
1214 1031 1316 1089 pro
1343 1014 1515 1071 servis
1531 1028 1724 1084 passus
1743 1010 1958 1082 iniquis.
2050 1014 2053 1017 “
2390 998 2597 1057 Fortis
2627 1010 2685 1057 et
2729 1000 2975 1089 iniimus
3019 1001 3244 1073 pariter,
3287 1000 3387 1058 sed
3431 1012 3735 1073 utrumque
3790 1018 3910 1074 po—

592 1109 700 1166 300
801 1101 939 1175 Quis»
959 1107 1057 1164 tibi
1083 1087 1275 1180 penset
1316 1105 1505 1162 amor?
1541 1098 1947 1161 Dominusmea
1999 1100 2174 1156 forma
2784 1087 2796 1096 ’
3068 1156 3073 1161 ,
3641 1097 3902 1170 [tenter.

1980 1191 2169 1265 [fnisti,
2414 1183 2603 1242 Victus
2628 1185 2886 1256 amicitia,
2906 1185 3081 1242 victus
3100 1184 3296 1244 Felicis
3313 1202 3525 1254 amore,

740 1291 813 1348 Ut
850 1306 1038 1348 servus
1076 1298 1168 1346 tua
1197 1288 1371 1346 forma
1412 1286 1618 1345 forem:
1650 1294 1708 1343 et
1734 1300 1822 1342 res
1847 1295 2041 1352 magna
2070 1297 2173 1352 pn-
2415 1275 2601 1334 Vicisti
2628 1277 2795 1335 duros
2821 1287 3011 1334 tenera
3036 1279 3240 1349 pietate
3267 1278 3504 1335 labores.

1984 1371 2171 1445 (tatur,
2271 1367 2378 1421 345
2485 1368 2638 1425 Nunc
2677 1382 2807 1439 age,
2845 1377 3033 1426 sancte
3060 1385 3293 1441 parens,
3333 1386 3522 1426 aurem
3551 1370 3690 1425 mihi
3741 1370 3908 1426 dede

738 1473 964 1542 Mercari
987 1473 1262 1545 propriam
1288 1470 1358 1527 de
1384 1485 1446 1526 re
1471 1476 1732 1543 pereunte
1753 1465 2020 1523 salutem?
3481 1463 3906 1535 [manumque;

738 1565 1019 1637 Perpetuis
1047 1571 1256 1619 mutare
1282 1561 1485 1619 caduca
1502 1598 1520 1628 ,
1547 1568 1603 1616 et
1625 1558 1862 1616 vendere
1889 1565 2089 1612 terram
2106 1594 2124 1619 ,
2416 1547 2685 1605 Nodemus
2708 1550 2753 1581 ³⁶
2779 1551 2957 1607 socias
2983 1552 3038 1606 in
3067 1550 3281 1607 vincula
3311 1560 3500 1607 mutua
3529 1553 3779 1623 palmas,

736 1657 943 1715 Caelum
967 1655 1181 1711 emere?
1206 1652 1345 1709 Ecce
1371 1651 1512 1709 Deus
1535 1660 1741 1722 quanto
1753 1648 2031 1707 mecarius
2044 1646 2176 1702 emit
2416 1641 2583 1712 inque
2609 1644 2782 1699 vicem
2807 1644 2963 1702 nexis
2988 1645 3200 1700 alterno
3229 1643 3437 1700 findere
3458 1644 3696 1712 dextris,

596 1749 702 1805 505
739 1748 913 1804 Morte
934 1746 1145 1804 crucis?
1165 1760 1374 1817 passus,
1395 1742 1634 1812 dejectus
1652 1742 1883 1811 imagine
1901 1739 2067 1808 servi,
2414 1732 2902 1791 Sermonesvarios
2925 1750 3112 1805 gressu
3132 1737 3402 1806 spatiante
3422 1751 3696 1791 seramus.

741 1840 811 1895 Ut
836 1839 971 1896 viles
998 1845 1205 1894 emeret
1232 1835 1473 1908 pretioso
1498 1832 1760 1903 sanguine
1787 1845 1993 1887 servos.
2078 1832 2090 1844 '
2202 1837 2248 1898 Β
2413 1823 2678 1881 Enarrare
2702 1827 2834 1881 libet
2853 1826 3043 1893 simul,
3075 1835 3131 1882 et
3160 1836 3469 1883 monstrare
3494 1828 3719 1898 parenti

807 1930 915 1987 Sed
942 1929 1071 2000 quid
1097 1928 1288 1998 agam?
1321 1925 1399 1999 (α)
1427 1927 1602 1982 intuto
1631 1923 1948 1980 temerarius
1973 1920 2176 1978 evehor
2273 1914 2380 1970 550
2415 1914 2660 1972 Sollicito
2691 1926 2906 1973 nostros
2934 1926 3052 1973 toto
3079 1934 3188 1989 quo
3215 1919 3387 1975 defuit
3413 1929 3573 1976 actus

2017 2014 2172 2087 [alto,
2415 2008 2699 2081 Tempore.
2742 2009 2877 2066 Nam
2922 2011 3012 2068 cui
3046 2010 3169 2080 jure
3215 2014 3388 2083 magis
3421 2029 3546 2071 mea
3587 2002 3752 2084 gesta
3800 2032 3910 2075 re-

734 2116 912 2174 Ausus
931 2116 986 2170 in
1009 2113 1281 2170 excelsum
1307 2110 1478 2179 fragili
1508 2124 1598 2166 me
1622 2107 1844 2164 credere
1872 2106 2089 2178 penna?
3644 2110 3911 2183 pexam,

736 2203 987 2280 llartyris
1012 2203 1211 2275 egregii
1242 2204 1475 2258 natalem
1507 2200 1621 2274 (qui
1648 2214 1801 2256 meus
1825 2206 1911 2254 est
1938 2198 2080 2267 mos)
2413 2188 2902 2276 Felicisquemanu
2930 2192 3085 2248 nobis
3114 2202 3338 2264 operata
3366 2196 3683 2269 revolvam,

596 2300 702 2355 alo
730 2298 962 2377 alateria
982 2297 1187 2353 leviore
1212 2309 1433 2360 canens,
1460 2292 1514 2348 in
1543 2307 1749 2349 summa
1772 2298 1998 2361 repente
2418 2280 2590 2348 Quam
2614 2282 2704 2339 cui
2724 2297 2855 2339 cura
2881 2284 3104 2341 sumus?
3130 2284 3349 2355 gemino
3371 2285 3448 2358 (ο)
3477 2287 3572 2358 qui
3596 2286 3733 2356 jure
3763 2306 3902 2346 ma-

731 2391 969 2459 Emicni,
1008 2403 1173 2461 super
1210 2395 1358 2443 astra
1401 2386 1618 2452 volans,
1659 2393 2003 2453 mentemque
2047 2394 2178 2451 pro-
2747 2388 2751 2393 ‘
3693 2380 3907 2455 [gistri

1967 2471 2175 2546 [cacem
2416 2462 2485 2518 Et
2528 2464 2698 2537 patris
2736 2472 2797 2521 ut
2833 2466 2987 2532 bene
3029 2476 3183 2540 gesta
3225 2468 3456 2543 probet,
3488 2470 3572 2528 sic
3618 2473 3907 2547 improba

733 2575 814 2634 Ad
843 2588 1023 2631 rerum
1047 2572 1250 2629 fontem
1276 2572 1442 2629 misso
1469 2585 1720 2627 sermone
1747 2567 1969 2625 tetendi.
2000 2569 2004 2573 ‘
3587 2565 3863 2640 “anno,
3884 2588 3904 2625 ε

813 2667 963 2724 Unde
987 2666 1118 2725 mihi
1146 2665 1246 2721 hos
1266 2664 1507 2720 animos?
1528 2676 1647 2735 qua:
1665 2676 1754 2718 me
1772 2661 1915 2717 levat
1933 2675 2062 2716 aura
2081 2675 2173 2718 su-
2273 2648 2380 2705 355
2413 2646 2447 2705 (ἶ

2273 2648 2380 2705 355
2413 2646 2663 2720 Corrigat
2689 2657 2897 2719 errata,
2920 2660 2977 2707 et
3001 2650 3247 2724 placidus
3273 2653 3532 2725 disponat
3551 2659 3783 2727 agenda
3811 2680 3828 2715 :

1890 2754 2173 2826 [perimus
2414 2740 2730 2812 [inperfecta
2754 2742 2909 2813 juvet
2935 2745 3209 2814 precibus,
3234 2746 3477 2817 perfecta
3499 2750 3780 2808 sacerdos

733 2850 852 2907 Non
888 2863 1126 2921 agnosco
1162 2856 1375 2905 tumens
1414 2859 1533 2902 mea
1578 2851 1831 2916 pectora;
1862 2844 2038 2914 major
2065 2844 2176 2914 agit
2415 2834 2667 2902 Dedicat;
2691 2845 2857 2906 atqne
2882 2837 2956 2894 ita
2985 2851 3050 2894 se
3075 2836 3272 2896 Felicis
3292 2840 3348 2896 in
3377 2841 3590 2899 aedibus
3617 2845 3781 2902 ultro

1976 2935 2173 3010 [mena
2416 2927 2593 2997 Atque
2608 2927 2746 2983 citro
2765 2926 2984 2996 referat,
2999 2938 3274 3000 tamquam
3296 2933 3476 3004 ipsum
3499 2944 3737 3006 pectore
3766 2946 3912 2997 toto

595 3031 702 3088 3l5
737 3032 925 3090 Sentio
950 3031 1215 3101 Nicetam,
1246 3031 1339 3104 qui
1367 3028 1645 3101 proximus
1671 3028 1892 3094 assidet,
1920 3036 1977 3082 et
2003 3041 2092 3083 me
2412 3016 2649 3074 Felicem
2675 3028 2858 3088 gerat,
2883 3028 2942 3076 et
2966 3022 3143 3092 patria
3166 3037 3228 3079 se
3250 3021 3424 3092 iactet
3447 3025 3504 3080 in
3532 3028 3686 3085 aula.

735 3127 955 3198 Tangit,
986 3135 1043 3182 et
1070 3103 1329 3195 adjuncto
1356 3122 1512 3178 lateri
1542 3121 1751 3178 vicinus
1779 3119 2017 3176 anhelat.
2483 3109 2622 3179 Ετεο
2658 3110 2783 3167 chi
2803 3151 2821 3179 ,
2851 3103 3028 3183 pater,
3068 3121 3126 3169 et
3161 3115 3314 3171 socio
3363 3116 3498 3173 mihi
3528 3117 3775 3192 iungere
3810 3124 3911 3196 (cf)

735 3221 873 3276 Acer
900 3218 1206 3274 anhelantis
1216 3215 1379 3286 juxta
1408 3232 1494 3270 me
1521 3214 1740 3285 spiritus
1766 3214 1963 3279 intrat,
2203 3216 2248 3275 (ζ
3690 3213 3912 3287 [passu

729 3310 1117 3379 lnsolitumque
1137 3315 1335 3380 potens
1356 3305 1667 3362 meditantis
1688 3305 1914 3361 suscitat
1934 3304 2135 3375 ignem,
2415 3298 2554 3353 Dum
2582 3306 2638 3353 te
2664 3298 2867 3366 circum
2894 3311 3062 3367 agens
3089 3313 3317 3371 operum
3346 3314 3449 3373 per
3472 3300 3692 3373 singula
3713 3306 3909 3364 duco.

733 3401 1015 3471 Frigentes
1037 3399 1286 3455 animans
1311 3397 1529 3453 admoto
1558 3394 1746 3451 fomite
1774 3394 1958 3451 ﬁbras.
2485 3387 2628 3444 Ecce
2653 3387 2805 3445 vides
2833 3389 3011 3453 istam,
3035 3405 3141 3461 qua
3158 3392 3327 3463 janua
3345 3394 3524 3465 prima
3547 3406 3850 3468 receptat,

591 3492 696 3550 3%)
796 3491 905 3548 Sed
931 3490 1220 3561 reprimam
1258 3486 1492 3545 tumidos
1518 3485 1697 3553 flatus,
1724 3500 1829 3543 nec
1860 3498 2054 3556 magna
2080 3501 2173 3542 su-
2418 3478 2665 3536 Porticus
2684 3481 2916 3537 obscuro
2940 3481 3118 3539 fuerat
3141 3486 3291 3556 prius
3319 3488 3519 3544 obruta
3543 3496 3736 3558 tecto;

1943 3578 2061 3651 [per
2088 3593 2176 3634 me
2419 3572 2574 3629 Nunc
2591 3573 2782 3629 eadem
2802 3589 2944 3630 nova
2974 3578 3263 3646 pigmentis
3286 3587 3345 3636 et
3370 3581 3612 3637 culmine
3639 3586 3864 3643 crevit.

733 3679 970 3750 Exiguus
1001 3678 1074 3750 (ὁ)
1103 3680 1334 3750 sperabo
1362 3675 1531 3746 loqui,
1555 3674 1865 3743 referarque
1887 3671 2075 3727 relicta
2275 3664 2379 3720 365
2418 3666 2513 3719 Ast
2534 3665 2632 3735 tibi
2660 3673 2979 3737 conseptum
3006 3670 3273 3738 quadrato
3302 3673 3563 3742 tegmine,
3585 3674 3741 3731 circa

734 3771 938 3827 Parvus
952 3771 1136 3833 humo,
1156 3778 1213 3823 et
1235 3768 1398 3839 plano
1425 3765 1620 3821 modici
1635 3763 1771 3835 pede
1789 3762 2038 3819 carminis
2061 3761 2171 3817 ibo.
2240 3788 2241 3791 η
2419 3756 2753 3812 Vestibulum
2778 3757 2964 3813 medio
2993 3768 3271 3816 reseratur
3297 3761 3365 3817 in‘
3382 3766 3593 3820 tethera
3620 3779 3875 3839 campo,

806 3861 1063 3929 Quamvis
1084 3858 1285 3915 Felicis
1313 3858 1564 3914 meritum
1592 3857 1817 3912 sublime
1844 3854 2043 3926 profari
2414 3847 2672 3905 Hortalus
2698 3858 2824 3905 ante
2853 3850 2952 3905 fuit
2981 3851 3121 3906 male
3151 3854 3227 3923 (ei
3254 3854 3405 3910 culto
3433 3858 3667 3927 cespite,
3690 3872 3910 3918 rarum

734 3952 853 4009 Non
878 3951 1080 4023 possim
1108 3950 1225 4005 sine
1253 3947 1411 4003 laude
1434 3946 1560 4015 Dei,
1587 3955 1641 4002 tu
1666 3952 1851 4003 sancte
1878 3952 2101 4016 paterno
2422 3938 2560 3993 Area
2589 3939 2709 3995 vilis
2737 3939 2857 3994 olus
2882 3940 3057 3996 nullos
3086 3942 3361 4011 praebebat
3386 3946 3456 4001 ad
3483 3960 3634 4003 usus.

591 4043 697 4100 525
732 4042 955 4113 Suscipe
975 4056 1064 4097 me
1082 4039 1266 4094 Niceta
1284 4040 1437 4094 sinu:
1461 4045 1517 4093 et
1543 4037 1671 4092 dum
1693 4044 1913 4107 pectore
1940 4033 2099 4089 docto
2486 4023 2696 4089 interea
2716 4032 2875 4087 nobis
2901 4048 3054 4090 amor
3079 4033 3301 4099 incidit,
3330 4038 3432 4094 hoc
3460 4052 3600 4109 opus
3623 4040 3698 4111 (f)
3728 4041 3857 4100 isto

733 4133 1037 4198 Sustineor,
1060 4136 1225 4202 caput
1245 4130 1299 4183 in
1314 4127 1518 4184 blando
1541 4126 1671 4182 mihi
1690 4126 1854 4182 corde
1875 4125 2140 4181 reclinans
2155 4166 2171 4194 ,
2274 4123 2379 4180 370
2418 4122 2709 4179 Ediﬁcare
2729 4124 2850 4181 loco
2874 4142 2888 4177 :
2915 4140 3146 4196 namque
3166 4126 3313 4183 hunc
3336 4127 3639 4199 deposcere
3670 4133 3909 4194 cultum

734 4224 827 4281 Sal
855 4232 980 4279 tuus
1008 4222 1268 4277 insulsum
1291 4233 1377 4274 me
1398 4217 1646 4285 condiat,
1674 4224 1730 4272 et
1751 4217 1997 4271 sitientes
2415 4215 2535 4286 Ipsa
2560 4215 2872 4283 videbatur;
2897 4215 3260 4271 venerandam
3286 4224 3346 4273 ut
3370 4221 3630 4292 martyris
3646 4223 3868 4283 aulam

737 4319 897 4374 Dives
918 4332 1052 4373 vena
1073 4316 1212 4385 riget
1231 4316 1348 4370 rivo
1368 4313 1499 4369 mihi
1520 4319 1743 4383 perpete
1771 4326 1982 4367 sensus.
2418 4306 2639 4364 Eminus
2664 4308 2889 4364 adversa
2917 4309 3121 4365 foribus
3147 4309 3217 4366 de
3244 4308 3427 4367 fronte
3451 4314 3711 4384 reclusis,

802 4408 987 4464 Dicam
1013 4408 1206 4462 iterum
1236 4404 1505 4475 gaudens,
1528 4412 1584 4458 et
1612 4402 1786 4459 adhuc
1815 4402 1900 4457 vix
1931 4402 2174 4458 muneris
2416 4402 2615 4457 Laetior
2642 4403 2937 4457 illustraret
2961 4402 3168 4469 honos;
3200 4411 3257 4458 et
3284 4412 3474 4474 aperta
3500 4420 3601 4476 per
3628 4421 3809 4466 arcus

1992 4493 2175 4567 [hujus
2417 4491 2618 4548 Lucida
2647 4490 2795 4547 frons
2819 4491 3019 4547 bifores
3047 4492 3400 4562 perlunderet
3428 4484 3623 4551 intima
3654 4497 3834 4570 largo

594 4591 698 4648 530
732 4590 1026 4657 Credulus,
1051 4587 1390 4659 ingeminabo
1424 4600 1652 4657 rogans:
1680 4584 1805 4650 Dic,
1836 4598 2049 4656 quatso,
2080 4599 2172 4640 re-
2205 4587 2252 4650 ι)
2276 4584 2383 4642 575
2420 4586 2666 4653 Lumine,
2687 4585 2964 4656 conspicui
2992 4585 3060 4640 ad
3088 4584 3282 4641 faciem
3311 4600 3579 4643 conversa
3604 4591 3902 4667 sepulcri,

1976 4677 2167 4750 [distil
2416 4678 2535 4745 Quo
2565 4678 2762 4745 tegitur
2788 4676 2968 4746 posito
2998 4675 3206 4746 sopitus
3232 4691 3467 4748 corpore
3495 4687 3736 4752 martyr,

732 4772 918 4843 Teque
954 4772 1131 4842 ipsum
1174 4781 1333 4826 teneo
1355 4810 1370 4835 ,
1402 4769 1624 4824 Hiceta?
1661 4768 1718 4823 in
1763 4783 1870 4838 quo
1910 4769 2173 4827 hactenus
2415 4766 2517 4836 Qui
2537 4781 2635 4821 sua
2654 4766 2908 4833 fulgentis
2928 4767 3046 4823 solii
3070 4776 3096 4804 κ
3122 4782 3222 4839 pro
3250 4768 3438 4824 limine
3462 4768 3657 4838 Felix,

2002 4865 2181 4939 [agger
2414 4857 2564 4913 Atria
2591 4858 2674 4913 bis
2701 4858 2916 4925 gemino
2944 4857 3228 4929 patefactis
3255 4859 3459 4916 lumine
3484 4860 3661 4917 valvis

733 4961 929 5017 Noctes
957 4968 1119 5030 atque
1143 4957 1257 5013 dies
1282 4956 1462 5012 animo
1489 4956 1709 5012 tabente
1733 4954 2001 5024 pependi?
2418 4948 2639 5020 Spectat
2663 4964 2852 5018 ovans,
2878 4949 3184 5020 gaudetque
3211 4950 3315 5020 piis
3342 4966 3438 5007 sua
3469 4954 3676 5009 muenia
3698 4963 3870 5019 vinci

738 5053 943 5109 Venisti
969 5050 1185 5107 tandem
1211 5058 1403 5119 quarto
1428 5046 1560 5102 mihi
1588 5046 1790 5101 reditus
1812 5060 1975 5101 anno.
2282 5039 2389 5097 380
2422 5039 2684 5105 Ccetibus,
2698 5048 2859 5110 atque
2872 5041 3079 5111 amplas
3095 5042 3309 5111 populis
3323 5045 3708 5115 rumpentibus
3731 5054 3842 5108 aul
3855 5072 3927 5112 as.

726 5148 835 5205 Sed
858 5154 1035 5217 grates
1063 5144 1295 5207 Christo,
1317 5142 1443 5211 quia
1470 5150 1524 5195 te
1548 5139 1635 5195 vel
1655 5153 1778 5194 sero
1798 5138 2028 5194 revexit.
2420 5135 2615 5190 Laxari
2636 5133 2829 5190 densas
2849 5148 3135 5189 numerosa
3157 5149 3257 5205 per
3276 5132 3415 5191 ostia
3439 5137 3652 5194 turbas.

600 5242 706 5298 355
812 5240 984 5308 Quam
1008 5236 1176 5293 metui
1200 5249 1270 5290 ne
1294 5241 1349 5289 te
1377 5229 1568 5287 mediis
1594 5228 1905 5299 regionibus
1933 5228 2108 5285 hostis
2413 5229 2661 5300 Ipsaque,
2687 5242 2792 5297 qua
2819 5227 3058 5283 tumulus
3083 5228 3278 5284 sacrati
3305 5230 3563 5302 martyris
3589 5241 3825 5306 exstat,

734 5331 1031 5387 Disclnsum
1055 5324 1304 5396 opposita
1329 5320 1596 5378 bellorum
1622 5321 1765 5377 nube
1792 5320 2041 5376 teneret?
2414 5320 2550 5376 Aula
2577 5334 2748 5376 novos
2773 5318 2990 5375 habitus
3018 5321 3169 5375 senio
3195 5327 3424 5391 purgata
3446 5322 3737 5381 resumsit.

658 5478 684 5506 ι
713 5465 850 5521 Vide
875 5470 989 5519 not.
1021 5448 1128 5515 ὅθι
1153 5468 1208 5515 et
1232 5457 1325 5514 59-
1578 5524 1606 5528 _
2030 5524 2065 5528 __
2270 5458 2552 5516 Sacchino.
2586 5456 2686 5528 Alii
2704 5496 2719 5520 ,
2749 5473 2965 5528 quoque.

657 5541 738 5609 (α)
765 5536 856 5591 Sic
881 5532 1282 5589 emendavimus
1320 5542 1387 5583 ex
1435 5541 1535 5582 ms.
1566 5524 1920 5582 Germanensi
1947 5524 2157 5583 codice.
2342 5530 2422 5670 ἑά)
2454 5528 2549 5583 Ms.
2582 5524 2789 5587 Gcrm.'.
2822 5524 3021 5607 gressu.

657 5612 752 5670 ias,
785 5614 911 5662 tota.
1206 5669 1211 5670 ί
1580 5667 1590 5670 _
1640 5666 1665 5670 Δ
1708 5666 1720 5670 Α
1853 5665 1880 5670 _
2008 5667 2017 5670 Α
2132 5667 2141 5670 _
2365 5601 2412 5668 e)
2444 5599 2523 5653 lta
2549 5599 2961 5670 emendavtmns
2990 5610 3019 5649 e

591 5594 752 5672 “gas;
785 5614 911 5662 τοτα,
1202 5669 1225 5672 μ
1579 5667 1591 5672 _
1638 5666 1666 5672 Α
1707 5666 1721 5672 _
1850 5665 1880 5672 _
2007 5667 2018 5672 _
2131 5667 2141 5672 _
2281 5671 2289 5672 ί
2342 5594 2412 5672 (ei
2444 5599 2523 5672 lta
2549 5594 2961 5672 emendavimns
2990 5610 3057 5650 ex
3086 5610 3188 5651 ms.
3224 5594 3414 5651 codice
3442 5595 3637 5655 Germ.
3686 5609 3751 5658 et
3800 5603 3907 5659 ed.

661 5665 750 5752 (ιη’
764 5676 842 5731 lla
864 5689 966 5730 ms.
997 5672 1170 5729 codex
1189 5669 1370 5726 Germ.
1385 5667 1614 5725 cmn.ed.
1635 5666 1824 5723 Schol.
1841 5665 2041 5729 Ceteri,
2062 5667 2165 5737 spi—
2269 5665 2535 5752 Sellotz‘iu
2560 5682 2731 5752 marg;
2766 5667 3053 5752 Antenerat
3080 5677 3245 5752 casto.

591 5736 739 5805 ωερε
1391 5809 1424 5813 μ
1458 5810 1468 5813 Α
1599 5807 1613 5813 _
1636 5806 1649 5813 _
1698 5806 1727 5813 ⁸
1767 5807 1777 5813 Δ
1879 5804 1912 5813 _
1992 5810 2003 5813 _
2275 5811 2303 5813 _
2345 5742 2415 5811 (ί)
2445 5739 2536 5813 Sic
2558 5753 2662 5813 ms.
2692 5736 2874 5813 Germ.
2901 5736 3044 5793 Edit.
3059 5737 3275 5794 codices
3293 5736 3565 5809 quinque,
3596 5737 3745 5813 ipso.
3783 5742 3903 5803 Ed.

665 5820 737 5889 (ο)
764 5815 854 5871 Sic
873 5829 974 5872 ms.
991 5812 1171 5886 Germ.
1198 5825 1323 5867 cum
1342 5809 1501 5866 editls
1515 5806 1671 5867 codd.
1688 5806 1863 5876 Grin.,
1879 5804 2084 5865 Poelm.
2104 5820 2163 5867 et
2274 5804 2463 5874 Rosia,
2493 5811 2600 5875 isti,
2629 5808 2904 5864 mendose.
