4138 6448
1452 309 1510 365 S.
1552 307 1825 365 PAULINI
1860 306 2106 364 NOLANI
2145 304 2448 367 EPISCOPI
2482 311 2828 373 POEMATA.

690 427 796 484 Sed
825 427 1026 484 sanctis
1065 425 1183 482 sine
1208 426 1313 482 line
1343 427 1448 482 tuis
1473 425 1668 481 devota
1691 425 1926 480 ferentes
2155 430 2201 486 Α

692 519 990 590 Obseqnia,
1021 518 1216 588 exiguo
1244 533 1468 587 magnos
1496 532 1814 573 veneramur
1841 515 2048 571 honore
2071 533 2089 568 :

551 613 657 670 045
692 614 982 686 Sperantes
1011 614 1115 670 illis
1142 613 1537 676 exoratoribus,
1568 621 1628 666 ut
1647 622 1704 666 tu

689 705 748 761 In
772 704 929 762 nobis
951 719 1175 775 operum
1197 719 1368 774 ponas
1395 702 1631 773 perfecta
1663 711 1876 758 tuorum

690 795 965 852 Culmina:
995 805 1052 853 et
1077 796 1362 853 exstructis
1391 795 1658 850 habitator
1680 787 1945 850 mentibus
1961 791 2127 849 adsis.

1066 908 1299 964 ΡΟΕΜΑ
1329 908 1536 964 XXVIII
1565 913 1612 963 ⁸.

879 1042 947 1082 »ε
972 1041 1018 1081 S.
1047 1041 1237 1081 FELICE
1267 1041 1461 1080 NA'I'AL.
1491 1039 1701 1078 CABIEN
1731 1039 1786 1078 Χ.

551 317 654 373 665
1452 317 1510 365 5.
1552 317 1825 365 ΡΑυωΝι
1860 317 2106 364 IVULARI
2145 317 2187 361 ιι

2220 317 2448 367 usuum
2482 317 2828 373 POEMATA.
3731 317 3865 376 864

2372 425 2546 498 Atque
2569 429 2750 486 itidem
2778 432 2985 502 gremio
3010 433 3256 491 diversos
3276 436 3483 507 excipit
3512 453 3628 493 uno

2226 515 2296 572 ιθ
2369 520 2416 573 Α
2443 521 2614 577 tribus
2639 537 2907 592 egressos.
2937 526 3116 584 medio
3141 529 3380 600 spatiosa
3410 533 3607 601 pavito
3633 549 3646 584 :

2365 607 2522 676 Quod
2553 619 2736 669 tamen
2762 615 3044 673 ordinibus
3080 621 3307 677 structis
3333 637 3435 692 per
3463 624 3727 696 quinque
3755 625 3864 679 ni-

3517 717 3778 789 [lentum

2367 795 2592 866 Agmina
2620 800 2947 857 concharum
2979 812 3030 872 ο,
3051 804 3222 861 series
3232 805 3472 864 densata
3499 819 3718 866 coacto

2367 884 2660 956 Marmore,-
2681 891 2817 947 mira
2845 894 3018 949 oculis
3049 896 3225 966 aperit
3251 899 3622 969 spatiantibus
3645 909 3783 957 arte
3810 902 3862 956 ⁸.

2441 975 2550 1034 Sed
2576 980 2934 1050 circumjectis
2960 986 3014 1040 in
3037 988 3337 1057 porticibus
3356 991 3590 1061 spatiari

2227 1064 2297 1121 I5
2366 1070 2533 1143 Copia
2561 1073 2707 1144 larga
2728 1077 2932 1145 subest,
2962 1078 3405 1152 interpositisque
3429 1084 3738 1141 columnas

2368 1163 2636 1223 Cancellis
2665 1166 2834 1224 fessos
2862 1170 3208 1236 incumbere;
3238 1181 3298 1229 et
3329 1173 3456 1230 inde
3482 1175 3740 1242 ﬂuentes

2369 1255 2660 1326 Aspectare
2679 1257 2837 1328 jocos
2861 1264 2907 1330 ’,
2939 1262 3274 1334 pedibusque
3299 1267 3583 1324 madentia
3612 1269 3799 1326 siccis

2365 1346 2622 1416 Cernere,
2657 1365 2756 1406 nec
2782 1353 2992 1408 calcare
3019 1356 3135 1410 sola
3159 1373 3175 1423 ;
3207 1364 3265 1411 et
3293 1360 3600 1416 certamine
3628 1359 3864 1420 blando

2367 1438 2549 1497 Mirari
2579 1443 2792 1514 placido
2820 1447 3079 1504 salientes
3105 1464 3383 1506 murmure
3411 1451 3638 1518 fontes,

2364 1529 2483 1587 Non
2529 1533 2704 1590 solum
2745 1535 2972 1594 hiberno
2999 1539 3264 1610 placitura
3309 1541 3365 1597 in
3405 1550 3664 1615 tempore
3694 1563 3861 1618 prae-

3523 1643 3641 1717 [sto
3671 1652 3775 1700 est

557 1136 765 1194 Veteres
791 1139 852 1194 S.
883 1138 1076 1194 Felicis
1105 1138 1346 1193 basilicas
1377 1139 1521 1193 novis
1547 1137 1783 1206 wdiﬁciis
1813 1141 1997 1206 auget,
2037 1149 2130 1206 tto-

553 1274 558 1278 ,
619 1226 736 1264 vam
761 1227 973 1282 eamque
1002 1210 1334 1282 magnificam
1361 1204 2124 1282 cum_l-aptisteriq_constrt_t_it;

617 1297 805 1353 easque
822 1273 1108 1353 picturiset
1119 1273 1765 1353 epigrammatibus'ornat.
1778 1274 1943 1353 -Noea_
1961 1293 1994 1329 α
2015 1273 2127 1353 Ng-

611 1345 737 1407 lano
765 1345 1004 1422 episcopo
1020 1345 1187 1406 Paulo
1205 1345 1558 1415 'ronsecratur,
1579 1358 1628 1403 et
1650 1352 1704 1402 in
1729 1348 1820 1402 illa
1845 1347 2023 1422 eodem
2043 1345 2130 1400 die

615 1419 946 1492 baptismatis
971 1433 1020 1478 et
1047 1422 1373 1476 eucharistiae
1405 1427 1731 1477 sacramenta
1755 1419 2113 1490 conferuntur.

761 1535 817 1589 lu
846 1535 1018 1593 veteri
1041 1533 1198 1590 nobis
1224 1549 1362 1590 nova
1382 1549 1472 1591 res
1498 1520 1806 1589 adnascitur
1831 1539 1952 1588 actu
1968 1570 1983 1600 ,
2227 1529 2294 1582 50

689 1624 760 1679 Ει
782 1627 942 1682 solita
968 1625 1186 1683 insolito
1213 1633 1464 1682 crescunt
1478 1623 1741 1681 solemnia
1767 1623 1873 1679 ritu
1899 1625 1915 1657 ³
1940 1641 1954 1676 :

683 1716 1071 1788 Materiamque
1097 1717 1256 1773 simul
1280 1715 1411 1773 mihi
1431 1717 1705 1782 carminis,
1735 1724 1792 1772 et
1817 1715 1976 1806 simul
1994 1715 2122 1770 almi
2146 1799 2186 1806 __
2367 1715 2774 1787 Commoditas,
2819 1722 2947 1792 quia
2990 1724 3071 1782 sic
3117 1727 3247 1784 tecti
3287 1729 3445 1800 juvat
3487 1715 3694 1790 umbra
3745 1750 3864 1806 per

682 1808 925 1902 l‘iatalem
953 1809 1230 1879 geminant
1250 1808 1481 1865 Felicis:
1520 1808 1574 1863 in
1595 1808 1800 1864 aedibus
1823 1805 1940 1878 ejus
1990 1897 2000 1902 Α
2143 1799 2192 1859 Β
3294 1799 3300 1800 ί
3509 1799 3774 1902 {:estum,

577 1895 614 1953 5
682 1897 819 1957 Nata
848 1915 1040 1957 recens
1065 1913 1230 1973 opera
1259 1900 1376 1957 bare
1396 1941 1414 1969 ,
1453 1914 1573 1970 quae
1610 1899 1842 1955 molibus
1867 1897 2113 2063 longique
2376 1905 2396 1975 (
2421 1903 2498 1978 [ι]
2523 1905 2676 1962 Sicut
2701 1909 2883 1979 aprica
2909 1910 3130 1983 placent
3152 1914 3208 1970 in
3236 1914 3457 1988 frigore,
3490 1895 3772 1992 siccaque
3796 1921 3860 1980 in

692 2084 716 2086 Α
827 2085 833 2086 ,
1174 2027 1177 2029 ’
1566 2085 1573 2086 γ
1682 2085 1687 2086 ί
1887 2004 1951 2046 ce
1973 2005 2046 2045 ³³³
3502 2011 3775 2086 [imbre.')

3528 2027 3742 2067 umore.

677 2084 910 2142 Cernitis
938 2086 1224 2142 emicuisse
1247 2085 1362 2157 pari
1392 2085 1728 2156 splendentia
1755 2087 1924 2141 cultu.
2447 2088 2608 2147 Parte
2628 2092 2732 2148 alia
2759 2103 2911 2166 patet
2936 2098 3194 2167 citerior,
3221 2114 3344 2170 quae
3372 2084 3614 2169 cingitur
3640 2118 3822 2174 asque

2362 2180 2503 2238 Area
2530 2185 2859 2254 porticibus,
2887 2189 3035 2244 cultu
3063 2191 3266 2260 minor,
3295 2208 3524 2262 aequore
3552 2195 3770 2265 major.

2361 2271 2500 2328 Ante
2517 2289 2702 2332 sacras
2724 2275 3050 2348 :edeslonge
3078 2283 3375 2350 spectabile
3396 2285 3590 2355 pandit

2363 2361 2719 2431 Vestibulum,
2734 2366 2933 2438 duplici
2951 2386 3070 2442 qua:
3085 2375 3377 2430 exstructis
3394 2377 3637 2445 tegmine
3651 2379 3856 2447 cellis,

2363 2452 2468 2510 Per
2499 2467 2874 2515 contextarum
2903 2465 3154 2519 coeuntia
3182 2465 3331 2534 tigna
3359 2467 3683 2539 domorum,

2358 2547 2576 2605 Castelli
2604 2553 2840 2622 speciem
2871 2557 3159 2613 meditatur
3180 2559 3419 2628 imagine
3442 2566 3612 2630 muri,

2359 2639 2721 2714 Conciliisque
2741 2643 2918 2702 forum
2948 2648 3056 2704 late
3083 2652 3381 2720 spectabile
3411 2655 3624 2723 pandit.

2424 2735 2594 2804 Quale
2620 2739 2743 2796 loco
2764 2741 2973 2810 signum
3001 2743 3152 2800 Felix
3181 2749 3528 2805 venerandus
3555 2750 3614 2808 in
3645 2752 3770 2810 isto

2357 2826 2598 2884 Ediderit
2628 2847 2821 2902 nuper,
2852 2835 3014 2892 celeri
3039 2839 3274 2895 narrabo
3303 2841 3499 2898 relatu.

2427 2920 2486 2975 In
2515 2922 2691 2979 medio
2718 2926 2915 2997 campi,
2937 2936 3126 2983 contra
3161 2929 3180 2969 ί
3211 2934 3541 2991 venerabilis
3570 2936 3728 2994 aula

750 2176 874 2234 Istic
891 2179 1186 2250 porticibus
1211 2190 1234 2215 ο·
1261 2179 1370 2234 late
1395 2178 1723 2234 circumdata
1753 2177 1926 2246 longis

681 2268 955 2326 Vestibula
974 2271 1051 2341 (α)
1074 2270 1328 2341 impluvio
1352 2269 1378 2308 ι’
1401 2269 1557 2325 tectis
1577 2279 1888 2325 reserantur
1906 2276 2116 2340 aperto,
2221 2267 2290 2323 55

677 2355 748 2418 Et
772 2361 930 2418 simul
960 2371 1103 2418 astra
1133 2362 1323 2428 oculis,
1353 2361 1679 2431 ingressibus
1698 2361 1832 2415 atria
1853 2359 2115 2430 pandunt.

540 2458 608 2514 10
746 2455 860 2513 Illic
886 2440 1147 2526 adjuncta:
1174 2457 1195 2488 ³
1225 2457 1504 2510 sociantur
1531 2454 1796 2509 moenibus
1821 2452 1980 2518 aulai,

679 2549 988 2619 Dill'usoque
1015 2549 1135 2604 sinu
1165 2549 1187 2579 ³
1213 2547 1370 2604 simul
1399 2555 1456 2602 et
1479 2554 1710 2602 coeunte
1738 2554 1986 2617 patentes

675 2641 892 2698 Emula
917 2640 1182 2698 consertis
1207 2640 1438 2710 jungunt
1458 2637 1669 2706 fastigia
1691 2636 1874 2710 tignis,

675 2733 746 2788 Et
771 2735 989 2805 paribus
1013 2735 1173 2788 variae
1199 2743 1255 2790 et
1275 2733 1532 2804 speciosa:
1561 2731 1792 2788 cultibus
1818 2738 2034 2787 exstant
2217 2733 2287 2788 60

677 2823 966 2890 Marmore,
992 2826 1225 2896 pictura,
1258 2825 1618 2895 laquearibus,
1639 2834 1800 2899 atque
1829 2828 2115 2884 columnis.

537 2917 608 2975 15
750 2919 894 2975 Inter
921 2935 1040 2990 qua:
1060 2926 1115 2974 et
1141 2919 1365 2974 modicis
1391 2919 1628 2973 variatur
1654 2919 1828 2988 gratia
1851 2919 2002 2976 cellis
2025 2937 2039 2974 :

678 3010 822 3080 Quas
847 3012 901 3066 in
931 3011 1225 3080 porticibus
1253 3011 1381 3078 (qua
1408 3009 1432 3040 δ
1459 3011 1666 3079 longius
1696 3026 1799 3064 una
1829 3019 2079 3066 coactum
2360 3010 2566 3067 Limina
2596 3015 2664 3069 de
2692 3014 2838 3084 ligno
2865 3017 2972 3073 duo
2996 3027 3145 3075 texta
3177 3022 3342 3092 tigilla
3373 3027 3722 3095 manebant.

676 3100 922 3156 Porticus
943 3103 998 3156 in
1026 3100 1258 3170 spatium
1286 3108 1460 3155 tractu
1491 3103 1830 3172 protenditur
1859 3103 1878 3133 ³
1907 3109 2037 3170 uno)
2146 3173 2184 3184 Α
2357 3103 2664 3177 Importuna
2688 3109 2817 3179 situ,
2843 3109 3000 3166 simul
3029 3121 3084 3167 et
3107 3114 3372 3171 deformia
3400 3117 3523 3173 visu
3548 3135 3564 3184 ;

677 3191 962 3262 Appositas
984 3191 1141 3246 lateri
1171 3192 1271 3245 tria
1300 3192 1600 3248 comminus
1628 3206 1723 3247 ora
1751 3192 2057 3258 recludunt,
2137 3173 2186 3236 (ἶ
2215 3192 2284 3249 65
2508 3195 2674 3254 decus
2697 3173 2857 3256 omne
2883 3217 3111 3273 operum
3142 3205 3512 3276 perimebant,
3541 3173 3848 3282 improba.

676 3282 945 3355 Trinaque
972 3283 1224 3340 cancellis
1246 3284 1584 3339 currentibus
1610 3285 1745 3340 ostia
1781 3297 1802 3324 ε
1835 3285 2110 3357 pandunt:
3493 3301 3676 3376 [ιωάο
3708 3307 3766 3340 ιο

533 3375 600 3433 ω
668 3375 990 3469 blartyribus
1009 3376 1240 3469 mediam
1261 3378 1418 3450 pictis
1448 3379 1533 3449 pia
1563 3380 1778 3435 nomina
1803 3381 2041 3452 signant,
2354 3379 2540 3454 Objice
2588 3396 2934 3457 prospectum
2981 3377 3242 3448 uecan'tia
3280 3401 3350 3446 ιε
3416 3375 3662 3464 namque
3723 3414 3846 3469 pa-

670 3467 817 3536 Quos
843 3484 943 3541 par
971 3468 1026 3524 in
1055 3467 1204 3524 vario
1242 3469 1512 3526 redimivit
1536 3470 1706 3539 gloria
1737 3487 1890 3528 sexu.

673 3564 742 3617 At
768 3564 1008 3634 geminas
1035 3575 1153 3632 quae
1171 3569 1295 3617 sunt
1322 3561 1509 3618 dextra
1539 3562 1779 3634 lmvaque
1805 3573 2072 3637 patentes,

673 3653 822 3711 Binis
847 3654 1087 3710 historiis
1115 3661 1272 3709 ornat
1302 3657 1509 3725 pictura
1539 3654 1726 3712 lidelis.

673 3743 845 3801 Unam
873 3753 1181 3800 sanctorum
1210 3746 1481 3816 complent
1509 3761 1661 3802 sacra
1681 3756 1830 3816 gesta
1851 3748 2108 3815 virorum,

530 3836 600 3895 25
669 3837 838 3893 Jobus
858 3837 1165 3892 vulneribus
1195 3845 1450 3905 tentatus,
1478 3839 1680 3895 lumine
1700 3839 1860 3895 'I‘obit
1887 3842 1930 3896 ⁸.

671 3933 768 3987 Ast
796 3931 957 3986 aliam
986 3946 1146 3986 sexus
1175 3931 1352 3987 minor
1379 3931 1610 4001 obtinet,
1642 3933 1820 3988 inclita
1849 3934 2050 3998 Juditb,
2142 3935 2144 3937 ’

671 4023 783 4092 Qua
804 4023 962 4080 simul
987 4031 1041 4077 et
1070 4023 1252 4092 regina
1282 4031 1474 4093 potens
1503 4022 1806 4093 depingitur
1834 4023 2050 4080 Esther.

740 4115 970 4171 Interior
997 4115 1162 4170 variis
1189 4115 1468 4170 ornatibus
1492 4131 1619 4171 area
1650 4116 1808 4181 ridet,

667 4207 1027 4283 647-648
1055 4207 1196 4263 Laeta
1233 4224 1396 4280 super
1420 4209 1439 4239 ⁷
1474 4208 1630 4264 tectis
1672 4221 1728 4264 et
1767 4219 1952 4280 aperta
1987 4210 2108 4267 luce

1833 4316 1989 4355 seren
1995 4317 2039 4355 IS

1833 4316 2039 4355 serenis

527 4389 597 4446 50
665 4389 993 4455 Frontibus,
1055 4399 1218 4459 atque
1259 4388 1394 4444 infra
1439 4388 1610 4444 niveis
1645 4387 1670 4427 ά
1721 4301 1967 4444 redfimita
2015 4405 2109 4445 co-

1787 4479 2027 4553 “omnis.

737 4568 903 4640 Cujus
924 4570 975 4624 in
1003 4571 1250 4640 exposito
1278 4571 1575 4641 pnelucens
1601 4549 1890 4626 cantharus
1909 4579 2106 4637 exstat,
2134 4549 2188 4608 Ῑ)

667 4662 837 4728 Quem
867 4659 1165 4716 cancellato
1195 4661 1328 4728 tegit
1352 4675 1494 4716 aerea
1523 4661 1758 4716 culmine
1787 4661 1968 4716 turris.

743 4748 937 4806 Cetera
965 4750 1236 4822 dispositis
1259 4759 1404 4806 stant
1429 4766 1556 4806 vasa
1583 4751 1683 4805 sub
1703 4765 1829 4806 aere
1857 4749 2001 4806 nudo

661 4843 972 4910 Fonticulis,
997 4853 1148 4912 grato
1178 4844 1325 4899 varie
1349 4843 1546 4913 quibus
1574 4843 1764 4898 ordine
1788 4839 1908 4899 fixis

522 4935 594 4992 55
664 4936 894 4992 Dissidet
919 4936 1051 4990 artis
1079 4951 1212 5006 opus
1240 4934 1534 4990 concordat
1563 4950 1698 4988 vena
1729 4928 1952 4990 metalli.

669 5024 892 5097 Unaque
921 5025 1133 5080 diverso
1159 5023 1278 5078 fluit
1304 5038 1402 5079 ore
1431 5023 1682 5093 capacius
1710 5022 1875 5078 unda.

734 5118 976 5174 Basilicis
1005 5118 1117 5171 lucc
1130 5113 1313 5186 juncta
1337 5114 1529 5180 tribus,
1551 5121 1700 5184 patet
1725 5118 1850 5168 area
1874 5114 2100 5182 cunctis,

664 5213 1017 5278 Diversosque
1039 5208 1215 5263 aditus
1242 5222 1309 5261 ex
1338 5221 1446 5262 uno
1475 5192 1658 5277 pandit
1686 5205 1752 5260 ad
1782 5221 1992 5274 omnes,

591 5365 612 5389 α
651 5352 779 5407 Vide
801 5361 914 5407 not.
950 5348 1075 5405 515.

590 5424 615 5461 δ
648 5423 702 5476 Id
730 5431 833 5481 est.
864 5423 1020 5475 atrio.
1051 5418 1185 5475 Vide
1205 5427 1320 5475 not.
1347 5418 1448 5472 167
1479 5425 1531 5472 et
1559 5417 1683 5471 '5l6.

592 5506 614 5533 ο
648 5493 779 5548 Vide
803 5503 914 5545 not.
943 5491 1068 5544 317.

589 5565 614 5601 ἀ
645 5561 702 5616 Id
733 5572 818 5618 est
846 5581 909 5616 ea;
935 5578 1212 5616 marmore.

587 5646 610 5672 ο
647 5633 774 5688 Vide
814 5643 928 5688 not.
972 5633 1094 5687 518.

591 5705 610 5742 τ
651 5701 708 5759 Id
736 5714 818 5758 est
844 5721 1021 5774 prape.

586 5786 610 5824 ι
642 5775 803 5841 δέω..
829 5773 916 5847 Qui
943 5773 1292 5831 emm‘cltaicnt
1313 5776 1368 5831 la
1395 5790 1512 5831 rue.

3555 3485 3568 3557 Ι
3579 3494 3675 3541 ten
3683 3489 3765 3543 tis

2355 3565 2526 3623 Ianua
2556 3566 2816 3638 basilicae,
2845 3559 3024 3642 tug'uri
3051 3573 3233 3632 brevis
3262 3577 3555 3647 interiectu
3589 3582 3632 3612 “

2351 3658 2668 3727 Obscurata,
2701 3662 2846 3719 fores
2870 3664 3146 3723 incassum
3175 3667 3358 3726 clausa
3388 3671 3636 3741 patebat.

2423 3752 2548 3809 Ilmc
2579 3755 2791 3811 amoliri
2814 3757 3159 3826 cupientibus
3188 3761 3348 3816 obvia
3376 3764 3560 3833 nobis,
3653 3762 3655 3764 ’

2213 3843 2278 3897 70
2353 3844 2523 3901 Verba
2563 3846 2766 3902 dabant
2803 3849 2962 3905 tectis
2989 3850 3080 3921 qui
3107 3855 3460 3912 metabantur
3495 3857 3552 3912 in
3585 3859 3733 3925 illis,

2347 3935 2712 4008 .Iurabantque
2740 3941 2888 4010 prius
2916 3942 3079 3997 vitam
3108 3959 3168 3999 se
3188 3960 3350 4015 posse
3369 3949 3597 4018 pacisci,

2357 4029 2527 4096 Quam
2549 4031 2667 4100 cogi
2691 4033 2923 4101 migrare
2948 4035 3100 4092 locis.
3127 4036 3439 4096 Temnezzda
3461 4043 3691 4112 quidem
3716 4065 3842 4108 vox

2350 4121 2452 4176 Ista
2474 4122 2791 4179 videbatur:
2819 4126 2912 4180 sed
2940 4137 3080 4196 erat,
3105 4128 3297 4198 fateor,
3328 4135 3463 4190 mihi
3495 4137 3748 4208 idipsum

2348 4210 2565 4269 Invidia:
2590 4232 2601 4267 :
2637 4215 2865 4271 taedebat
2892 4219 3036 4273 enim
3065 4220 3150 4276 vel
3171 4221 3391 4280 vincere
3419 4227 3561 4282 rixa.

2207 4300 2277 4355 73
2416 4303 2625 4360 Interea
2649 4305 2877 4375 quadam
2893 4309 2968 4376 (c)
2997 4310 3225 4379 primam
3245 4312 3358 4384 jam
3381 4326 3546 4373 nocte
3567 4321 3841 4390 quietem

2347 4395 2587 4466 Carpere
2614 4398 2804 4467 sopitis
2831 4403 3191 4471 captantibus
3217 4423 3233 4458 :
3269 4421 3399 4464 ecce
3428 4410 3639 4468 relictis

2353 4484 2645 4542 Prosiliens
2670 4489 2902 4544 scintilla
2929 4490 3085 4558 focis,
3114 4496 3372 4552 conﬂavit
3397 4501 3453 4556 in
3480 4517 3590 4558 una

2351 4578 2620 4634 Cellarum
2652 4580 2887 4650 ipsarum
2917 4583 3160 4651 latebra,
3190 4585 3260 4642 de
3286 4591 3553 4648 stramine
3580 4588 3749 4666 faeni,

2349 4668 2468 4737 Quo
2495 4670 2633 4726 forte
2662 4671 2957 4740 inciderat,
3005 4675 3241 4734 subitum
3284 4680 3506 4749 ignem:
3561 4702 3838 4759 moxque

3409 4774 3531 4846 [per
3559 4777 3750 4846 ipsam

2207 4849 2279 4906 80
2351 4851 2490 4908 Fusa
2514 4870 2722 4925 casam,
2752 4869 2810 4912 ut
2835 4855 2977 4914 vires
3005 4860 3258 4916 alimenta
3287 4879 3387 4933 per
3415 4867 3569 4923 arida
3601 4876 3788 4942 cepit,

2351 4943 2624 5012 Ingentem
2653 4947 2825 5017 fragili
2854 4952 3033 5020 rapuit
3059 4953 3126 5007 de
3153 4952 3343 5010 fomite
3372 4957 3653 5017 ﬂammam
3684 4981 3703 5031 ;

2351 5034 2414 5089 Et
2443 5035 2584 5092 facili
2613 5039 2760 5110 lapsu
2790 5055 2887 5110 per
2907 5044 3088 5110 putria
3117 5045 3260 5113 ligna
3291 5049 3489 5103 vetusti

2347 5126 2609 5184 Culminis
2635 5146 2923 5202 erumpens
2949 5152 2963 5199 ;
2996 5138 3204 5206 magnis
3231 5139 3482 5196 incendia
3512 5147 3682 5202 torsit

2346 5224 2580 5282 Turbida
2611 5230 2898 5285 verticibus
2922 5249 2936 5297 ;
2968 5233 3305 5306 calidamque
3331 5252 3430 5308 per
3447 5253 3578 5296 aera
3603 5247 3829 5307 nubem

2275 5362 2291 5377 '
2321 5357 2591 5427 Scriptum
2620 5375 2761 5414 anno
2790 5360 2914 5424 405,
2951 5361 3039 5416 die
3069 5362 3136 5416 Η
3164 5362 3386 5422 Ianuar.

2209 5498 2252 5518 fu
2276 5427 2895 5518 (aldinﬁcriit:colig
2913 5434 3157 5518 ductore
3191 5438 3332 5491 lecti.
3359 5435 3503 5494 Editi
3529 5443 3825 5518 quinque,

2202 5499 2256 5551 in
2287 5501 2432 5551 clivo.
2466 5499 2598 5554 Vide
2627 5511 2738 5554 uot.
2777 5503 2870 5554 167
2902 5512 2958 5557 et
2985 5502 3114 5560 316.
3151 5517 3155 5520 ’

2275 5570 2349 5653 ψ)
2507 5585 2695 5651 versus
2723 5573 2935 5626 additus
2962 5589 3026 5627 ex
3052 5591 3152 5653 ins.
3187 5574 3377 5653 codice
3404 5575 3827 5653 Germancnsi.

2202 5637 2458 5765 uigiliis:
2482 5642 2818 5698 corruimus
2847 5659 2910 5697 cx
2939 5660 3039 5699 ἠδ’
3066 5645 3250 5702 (ίθτηιο
3282 5647 3425 5704 Ante
3450 5663 3577 5710 erat
