4138 6436
242 318 341 378 868
1646 313 1882 374 POEMA
1925 315 2157 375 XXVIII.
3454 312 3562 370 666

241 433 303 490 ιδ
374 433 609 500 Iliscuit,
640 443 697 492 et
721 434 878 506 nigro
896 433 1157 492 subduxit
1181 433 1359 489 sidera
1392 431 1560 488 fumo.
1859 437 1908 493 A
2083 433 2276 488 Sidere
2305 432 2361 502 ιι,
2386 444 2444 488 et
2467 434 2742 507 exstingui
2768 432 2987 490 fremitu
3015 431 3284 490 moriente
3309 435 3488 504 coegit
3514 453 3526 488 :

447 526 678 598 Ipsaque
698 528 998 583 terribilem
1016 525 1185 582 dabat
1205 524 1429 596 insuper
1446 522 1524 578 ira
1547 521 1838 592 fragorem,
2096 524 2160 581 Et
2193 527 2379 581 cinere
2414 539 2663 582 exortam
2692 525 2864 581 cineri
2896 539 3142 581 remeare
3170 523 3486 596 procellam.

377 617 615 687 Materia:
639 620 845 690 fragilis
873 620 954 692 (α)
981 619 1191 690 crepitu
1220 618 1471 687 graviore
1498 615 1792 672 resultans.
1951 615 2054 671 150
2164 620 2375 686 Quanta
2403 620 2584 676 crucis
2611 618 2783 673 virtus
2807 617 2821 671 l
2867 625 2930 673 ut
2948 633 3009 672 se
3041 626 3231 673 natura
3262 617 3557 686 relinquat.

378 713 738 787 θήρ-650
777 712 1097 785 Cunctaque
1137 711 1347 768 vicanis
1382 710 1590 767 circum
1637 716 1842 764 metata
2096 707 2289 764 Omnia
2321 710 2465 781 ligna
2498 725 2702 766 vorans
2742 710 2888 778 ligno
2917 711 3092 764 crucis
3122 710 3297 764 uritur
3328 709 3484 778 ignis.

1491 800 1728 876 [colonis
1753 817 1768 868 ;
2171 803 2335 860 Multa
2369 821 2582 870 manus,
2615 805 2824 861 crebris
2853 813 2982 861 tunc
3011 804 3100 858 illa
3131 803 3385 860 incendia
3416 803 3557 859 vasis

380 898 555 968 Atque
582 900 749 954 etiam
768 897 896 954 vico
923 897 966 930 “
997 897 1279 954 submotos
1309 895 1522 964 longius
1550 909 1733 964 agros,
2099 897 2428 970 Aspergens,
2457 898 2622 968 largis
2650 896 2905 969 cupiebat
2934 897 3152 952 vincere
3172 895 3408 969 lymphis
3432 914 3448 952 :

236 991 302 1045 90
376 991 469 1046 Sic
496 1003 667 1062 vapor
689 986 934 1057 alﬂabat,
966 990 1046 1046 sic
1066 988 1284 1046 horrida
1317 989 1410 1044 lux
1437 988 1706 1054 feriebat;
2093 989 2202 1046 Sed
2231 992 2359 1058 licet
2389 990 2672 1047 exhaustis
2697 999 2993 1062 pensarent
3017 989 3256 1044 fontibus
3281 987 3506 1053 imbres,

376 1084 469 1142 Sic
497 1099 688 1157 prope,
719 1084 799 1141 sic
822 1083 988 1156 longe
1008 1083 1111 1140 sita
1136 1084 1370 1141 culmina
1394 1081 1779 1156 respergebat;
1950 1085 2054 1141 t55
2093 1085 2158 1140 Vi
2189 1088 2398 1156 majore
2430 1093 2630 1152 tamen,
2666 1083 2824 1140 lassis
2851 1084 3251 1157 spargentibus,
3286 1099 3506 1139 omnem

377 1178 643 1235 Scintillis
669 1177 784 1235 late
811 1177 1166 1235 volitantibus
1188 1179 1377 1248 igneus
1403 1176 1618 1241 imber;
2095 1177 2313 1234 Vicerat
2358 1179 2498 1248 ignis
2543 1193 2742 1249 aquam
2776 1195 2791 1232 :
2842 1193 2944 1234 nos
2996 1177 3141 1247 ligno
3199 1175 3565 1232 exstinximus

381 1271 452 1329 Ut
475 1273 658 1330 subito
685 1273 854 1330 exciti
881 1288 986 1329 nos
1011 1272 1319 1344 planctibus
1347 1270 1586 1342 undique
1613 1267 1846 1337 mmstis,
3257 1270 3485 1344 [ignem,

382 1365 451 1422 Et
476 1363 819 1423 circumfusis
843 1364 1071 1422 immani
1100 1365 1304 1421 lumine
1334 1363 1515 1432 tectis,
2095 1362 2380 1436 Quamque
2407 1380 2549 1438 aqua
2579 1381 2690 1422 non
2720 1371 2959 1438 poterat,
2984 1364 3113 1420 vicit
3133 1362 3316 1419 brevis
3335 1362 3509 1419 astula
3532 1372 3558 1403 ο

241 1456 310 1513 9ὕ
378 1457 572 1514 Omnia
597 1458 745 1516 circa
765 1473 868 1515 nos
887 1457 1076 1516 lucere
1098 1466 1158 1513 ut
1177 1465 1369 1530 aperta
1389 1455 1660 1522 videntes,
3166 1457 3178 1530 ι
3191 1453 3484 1510 ﬂammam.

378 1551 589 1610 Cuncta
616 1561 933 1626 putaremus
957 1551 1190 1609 ﬂammis
1209 1560 1462 1624 correpta
1488 1548 1746 1616 cremari,
2168 1549 2303 1609 Post
2330 1551 2422 1606 ubi
2450 1548 2707 1606 discessit
2730 1557 2930 1618 metus,
2960 1555 3319 1621 optatumque
3344 1547 3559 1604 reduxit

378 1642 610 1716 Ipsaque
635 1655 950 1701 sanctorum
977 1643 1139 1702 simul
1168 1644 1293 1714 igne
1319 1642 1521 1716 palatia
1553 1649 1709 1696 tanto
2097 1641 2210 1699 Lux
2242 1659 2478 1716 operosa
2508 1643 2676 1708 diem,
2709 1643 3077 1715 processimus
3103 1651 3224 1698 acta
3249 1641 3434 1698 videre

376 1738 654 1794 Fervere:
685 1747 744 1794 et
770 1753 804 1794 a
833 1739 991 1795 tectis
1017 1736 1178 1793 simul
1199 1736 1452 1794 omnibus
1476 1735 1568 1791 illa
1596 1732 1789 1790 referri
1951 1737 2055 1792 140
2094 1736 2299 1805 Noctis,
2328 1745 2385 1792 et
2409 1736 2696 1792 exstincta:
2723 1736 2990 1806 quamvis,
3017 1734 3277 1790 fumantia
3300 1733 3410 1790 late

378 1828 640 1901 Fulgura,
662 1846 786 1901 quas
811 1831 1019 1902 sparsis
1045 1829 1212 1887 etiam
1241 1830 1534 1900 longinqua
1563 1827 1848 1899 replebant
1879 1833 1924 1895 Β
2101 1828 2324 1884 εει-υτὶε
2348 1836 2602 1899 spectare
2631 1827 2804 1884 oculis
2833 1826 3058 1896 vestigia
3085 1825 3333 1883 ﬂammae.

241 1920 342 1977 100
377 1921 612 1991 Ignibus,
643 1931 702 1980 et
720 1924 893 1980 multo
921 1922 1200 1980 terrebant
1226 1921 1304 1994 (ὁ)
1337 1923 1461 1991 igne
1487 1935 1742 1993 vapores.
1947 1925 1952 1928 '
2096 1919 2162 1975 Et
2183 1919 2542 1977 credebamus
2566 1936 2668 1976 nos
2697 1919 2926 1991 plurima
2957 1921 3155 1976 danunt
3181 1920 3469 1977 domorum

382 2014 454 2072 Ut
475 2016 633 2086 quasi
659 2010 872 2073 vicinas
905 2031 1099 2071 omnes
1125 2015 1229 2071 sibi
1259 2015 1488 2085 quisque
1517 2013 1774 2067 timerent
2092 2013 2342 2083 V’isuros,
2375 2015 2556 2084 magni
2581 2029 2854 2070 memores
2883 2016 3105 2069 terroris
3131 2027 3186 2070 ct
3213 2015 3351 2084 ignis
3378 2033 3390 2068 :

378 2108 462 2165 Ad
483 2123 583 2164 sua
616 2116 759 2163 tecta
790 2106 938 2163 faces
965 2106 1252 2162 ardentem
1280 2103 1586 2161 comminus
1603 2108 1821 2168 testam,
2091 2106 2201 2162 Sed
2227 2108 2339 2165 cito
2372 2104 2683 2178 conspectis
2712 2108 2955 2163 decrevit
2983 2109 3170 2178 opinio
3208 2110 3408 2166 rebus:

382 2202 725 2273 Infectasque
756 2201 830 2272 (ε)
859 2199 1082 2256 trahens
1102 2197 1234 2254 diris
1254 2196 1540 2254 nidoribus
1567 2209 1751 2252 auras.
1951 2197 2055 2256 H5
2091 2199 2156 2255 Et
2187 2199 2325 2255 nihil
2353 2203 2609 2256 e‘xustum
2627 2240 2644 2265 ,
2675 2199 2778 2256 uisi
2808 2200 2954 2270 quod
2984 2201 3218 2255 debebat
3247 2200 3426 2269 aduri,

452 2295 565 2353 Nos
594 2293 824 2367 trepidi,
854 2300 917 2349 ut
941 2288 1148 2349 nostris
1175 2289 1429 2348 domibus
1454 2289 1716 2363 propiore
1743 2300 1843 2360 pe-
2087 2295 2451 2368 651-652
2477 2291 2784 2356 Cernimus,
2813 2311 2879 2348 ex
2910 2293 3124 2364 illisque
3146 2310 3311 2349 unum
3333 2292 3558 2364 ﬂagras-

1586 2379 1768 2457 [riclo,
3087 2386 3170 2460 [se
3202 2387 3244 2418 “
3273 2386 3487 2445 duobus

231 2473 347 2538 ⁴105
380 2479 471 2538 Nil
504 2494 611 2552 ope
643 2479 715 2536 de
755 2487 939 2536 nostra
979 2473 1400 2551 praesumimus,
1444 2473 1590 2532 unde
1637 2473 1843 2530 etenim

2095 2478 2361 2555 ﬂospitiis
2381 2521 2400 2549 ,
2446 2495 2568 2554 qua:
2596 2490 2782 2540 nostra
2814 2498 3006 2538 manus
3029 2523 3047 2551 ,
3090 2483 3196 2540 nisi
3223 2479 3438 2538 ﬂamma
3466 2493 3557 2540 tu-

1638 2567 1764 2642 [vim
3282 2578 3482 2653 [lisset,

371 2669 443 2726 Et
486 2685 682 2727 manus
729 2666 960 2725 inﬁmis
1004 2667 1189 2736 foret,
1243 2666 1394 2722 illam
1417 2664 1769 2733 exstinguere

1762 2681 1769 2716 ε
2090 2668 2443 2728 Abstulerat:
2473 2671 2569 2728 sed
2598 2679 2656 2727 et
2683 2669 2788 2726 hoc
2811 2663 3008 2728 Felicis
3035 2670 3206 2742 gratia
3236 2670 3396 2728 nobis

1543 2755 1772 2833 {molem
2094 2767 2321 2825 Munere
2349 2767 2642 2833 consuluit,
2675 2765 2822 2838 quod
2849 2766 3232 2837 prteveniendo
3260 2766 3504 2823 laborem

370 2854 658 2914 Sufﬁciens
676 2858 703 2913 ?
744 2872 869 2914 cum
899 2854 981 2928 (cl)
1011 2853 1232 2910 ﬂamma
1261 2851 1374 2907 suis
1401 2849 1674 2922 ingentior
1702 2850 1806 2905 iret
1947 2857 2004 2915 ιε

1947 2857 2053 2915 150
2092 2859 2328 2918 Utilibus
2349 2862 2395 2894 “
2421 2858 2686 2926 ﬂammis,
2717 2874 2949 2930 operum
2975 2858 3304 2932 compendia
3331 2859 3489 2917 nobis

375 2951 700 3020 Ὲοωίιίδιιευ
721 2965 1004 3024 parvoque
1031 2956 1225 3006 030m
1246 2955 1476 3018 ΥθΡθηιο
1502 2945 1692 3016 tigillo.
2092 2955 2398 3023 Pmstitit;
2444 2953 2573 3010 inde
2599 2966 2791 3025 parem
2833 2951 3072 3010 incensa:
3094 2993 3113 3022 ,
3154 2963 3321 3023 quam
3353 2952 3558 3014 vicerat

376 3042 628 3100 Culmina
655 3050 854 3099 cuncta
883 3039 1043 3098 simul
1069 3039 1422 3112 perfunderet
1448 3037 1572 3107 igne
1599 3034 1795 3092 minaci
1817 3036 1842 3093 ἶ
3347 3042 3484 3122 [ίιιεα

231 3135 343 3194 110
450 3133 734 3192 Currimus
761 3145 926 3205 ergo,
956 3130 1063 3190 ﬁde
1086 3140 1302 3190 tantum
1327 3138 1384 3186 et
1402 3144 1567 3202 prece
1596 3128 1842 3201 supplice
2092 3139 2338 3195 Flamma
2365 3137 2592 3195 doinum
2615 3178 2632 3206 ,
2678 3155 2790 3196 non
2829 3147 2892 3195 ιη
2921 3145 3209 3209 pateretur
3243 3146 3394 3196 stare
3416 3180 3432 3206 ,
3473 3138 3560 3200 vel

1609 3223 1768 3298 [nixi,
1865 3228 1917 3291 α
3287 3231 3483 3306 [ipsam

375 3321 459 3378 Ad
486 3323 667 3379 vicina
696 3322 804 3378 mei
827 3320 1024 3377 Felicis
1043 3319 1232 3376 limina
1256 3337 1271 3374 :
1303 3326 1361 3375 et
1382 3316 1510 3376 inde
2090 3321 2415 3380 Obstantem
2442 3322 2610 3379 simili
2640 3321 3010 3394 bipatentibus
3039 3323 3218 3395 objice
3241 3325 3410 3380 valvis
3434 3342 3449 3379 ;

380 3415 704 3486 Contiguam
736 3415 960 3487 paribus
984 3416 1132 3471 votis
1161 3412 1500 3470 adcurrimus
1529 3411 1731 3477 aulam,
2091 3415 2292 3473 Verum
2317 3425 2376 3472 ut
2403 3425 2460 3473 et
2489 3417 2606 3473 haec
2627 3416 2778 3472 illum
2802 3416 3023 3488 puniret
3044 3417 3258 3474 ﬂamma
3284 3417 3560 3486 colonum,

377 3509 554 3580 Atque
574 3507 647 3562 ab
676 3507 961 3578 apostolici
986 3507 1187 3564 cineris
1219 3507 1418 3562 virtute
1443 3505 1712 3562 medelam
1951 3509 2054 3566 [55
2089 3511 2436 3568 conservans
2467 3509 2579 3578 illi,
2604 3508 2752 3580 quod
2780 3524 2906 3567 mox
2937 3519 3212 3568 everteret
3237 3513 3378 3582 ipse.

375 3601 695 3669 Poscimus,
725 3602 997 3675 impositis
1024 3601 1256 3674 subjecti
1285 3600 1548 3658 altaribus
1574 3616 1694 3657 ora.
2160 3600 2298 3659 Nam
2336 3617 2439 3659 sua
2463 3605 2556 3675 qui
2593 3601 2799 3659 sanctis
2833 3617 3010 3674 nuper
3056 3603 3337 3673 gurgustla
3364 3601 3440 3676 (ο)
3462 3611 3551 3660 ‘e—

228 3693 341 3754 “5
445 3693 568 3770 Ipse
589 3696 817 3752 domum
845 3709 1131 3762 remeans,
1162 3695 1473 3763 modicum,
1509 3694 1605 3754 sed
1633 3693 1843 3764 grande
3357 3694 3486 3770 [etis

1055 3779 1057 3783 ’
1475 3787 1663 3862 [saluti
1696 3787 1765 3856 ⁸⁸,
2089 3787 2435 3859 Ρτωιυιθηι,
2466 3792 2689 3862 primum

2089 3787 2435 3859 Prtetulerat,
2466 3792 2702 3862 primum
2725 3786 2940 3844 ﬂamma
2961 3787 3257 3845 mulctatus
3279 3787 3325 3820 "
3344 3787 3400 3843 in
3422 3803 3557 3858 uno,

371 3881 648 3941 Decrucis
671 3889 891 3938 aeternae
913 3888 1154 3938 sumtum
1182 3879 1318 3937 mihi
1340 3879 1605 3952 fragmine
1632 3879 1841 3952 lignum
2089 3882 2212 3939 Mox
2244 3884 2390 3940 aliud
2419 3884 2640 3955 propria
2665 3883 2781 3953 ipse
2809 3898 2973 3938 manu
3007 3893 3224 3938 vastare
3255 3882 3484 3952 tigillum

372 3975 594 4044 Pramo,
625 3984 928 4048 teneasque
955 3989 1124 4032 manu
1150 3975 1396 4033 adversis
1423 3975 1621 4048 procul
1648 3975 1842 4045 iugero
2089 3978 2307 4052 Incipit,
2335 3989 2392 4035 et
2418 3979 2584 4036 celeri
2615 3980 2827 4051 peragit
2853 3993 2949 4036 sua
2981 3977 3175 4034 damna
3204 3976 3414 4046 furore,

1487 4066 1764 4142 [ﬂammis,
1944 4070 2047 4127 itit)
2086 4071 2536 4145 Dilectasque‘tf)
2557 4071 2772 4138 domos,
2799 4079 2857 4127 et
2876 4071 3074 4127 inanes
3089 4071 3296 4142 plangit
3315 4085 3556 4128 amores.

375 4161 448 4224 Ut
473 4163 726 4237 clypeum
749 4160 994 4219 retinens
1018 4177 1120 4234 pro
1149 4169 1408 4233 pectore,
1448 4175 1561 4232 quo
1589 4170 1836 4231 tegerem
2163 4163 2267 4232 Qui
2297 4164 2458 4220 simul
2487 4164 2762 4235 aspiciens
2789 4165 3030 4230 incensa,
3061 4172 3119 4219 et
3146 4164 3324 4218 diruta
3355 4172 3523 4230 tecta,

1280 4315 1283 4318 _
1392 4269 1395 4272 ’
1611 4254 1724 4331 [me
1747 4296 1765 4324 ,
2085 4257 2384 4316 Dissimiles
2411 4257 2575 4313 simili
2601 4259 2830 4313 miratur
2855 4258 2910 4312 in
2940 4270 3138 4326 aggere
3169 4257 3338 4319 labes,

373 4348 738 4418 Arceremque
759 4346 973 4404 hostem
1003 4345 1205 4402 collato
1228 4345 1468 4402 umbone
1495 4345 1740 4401 relisum.
2082 4349 2335 4419 ltuderis,
2366 4357 2421 4406 et
2447 4349 2652 4406 cineris
2682 4351 2764 4422 (9)
2789 4335 3240 4420 juncti'bicolorc
3269 4347 3448 4405 ruina.

222 4440 334 4497 120
436 4439 678 4507 Credite,
711 4456 812 4496 nec
837 4438 1038 4496 donate
1067 4438 1218 4504 mihi,
1249 4439 1347 4496 sed
1370 4438 1584 4495 reddite
1606 4437 1828 4496 Christo
2088 4445 2241 4500 hunc
2265 4443 2423 4500 nobis
2449 4443 2570 4499 sine
2596 4443 2692 4499 lite
2719 4443 2910 4498 videns
2935 4441 3169 4506 cessisse
3197 4439 3557 4513 triumphum,

371 4533 584 4600 Grates,
614 4542 671 4589 et
687 4533 864 4603 justas
890 4534 1016 4588 date
1045 4532 1234 4589 laudes
1264 4531 1640 4603 Omnipoteuti
1667 4551 1681 4587 :
1944 4538 2048 4593 tua
2085 4538 2157 4594 Se
2187 4547 2397 4593 tantum
2432 4537 2599 4593 miser
2625 4543 2876 4606 accusat,
2906 4532 3073 4606 quem
3097 4535 3270 4606 gratia
3305 4535 3452 4590 nulla

368 4625 564 4682 Nostra
606 4624 755 4682 salus
801 4626 1006 4682 etenim
1052 4640 1218 4682 cruce
1263 4624 1468 4681 Christi
1515 4633 1571 4682 et
1613 4626 1836 4683 nomine
1866 4621 1921 4684 Β
2091 4630 2351 4686 Manserit
2379 4624 2648 4700 obsequii,
2675 4635 2978 4688 etmaneat
3003 4625 3251 4686 confusio
3281 4643 3483 4699 preme.

678 4721 689 4728 ‘
1498 4715 1772 4792 [constat,g
2163 4723 2312 4779 Nunc

2163 4723 2313 4779 Nunc
2339 4723 2467 4794 quia
2497 4723 2709 4778 dimoto
2732 4724 2773 4754 ³⁷
2806 4729 3099 4794 patuerunt
3125 4718 3304 4791 obiice
3328 4720 3556 4790 frontes,

370 4811 498 4868 Inde
526 4811 658 4868 fides
686 4811 862 4878 nobis,
893 4819 950 4868 et
975 4811 1032 4868 in
1062 4811 1170 4868 hoc
1195 4826 1359 4868 cruce
1389 4811 1514 4867 nixa
1546 4813 1756 4884 periclo
2085 4814 2317 4888 Eloquio
2341 4815 2503 4871 simul
2535 4826 2701 4886 atque
2728 4815 2914 4870 animo
2941 4816 3245 4886 spatiemur
3272 4815 3326 4870 in
3356 4815 3485 4886 ipsis

370 4901 595 4971 Profuit,
620 4913 676 4960 et
703 4912 949 4960 nostrain
977 4904 1234 4975 cognovit
1257 4902 1476 4959 ﬂamma
1505 4903 1740 4960 salutem
1766 4915 1816 4960 ι.
2085 4912 2398 4968 Gaudentes
2426 4911 2649 4982 spatiis,
2677 4917 3003 4979 sanctasque
3032 4911 3271 4965 feramur
3293 4911 3346 4965 in
3371 4911 3560 4968 aulas:

216 4999 331 5057 19.5
438 4999 549 5056 Nec
571 5015 694 5055 mea
719 5015 851 5068 vox,
883 5006 979 5055 aut
1005 4998 1199 5056 dextra
1225 4997 1401 5066 illum,
1421 4997 1520 5055 sed
1540 5000 1628 5054 vis
1651 5000 1831 5058 crucis
1941 5004 2048 5061 170
2088 5005 2456 5075 Miremurquc
2477 5018 2661 5060 sacras
2683 5014 2928 5060 veterum
2950 5014 3301 5060 monumenta
3326 5005 3562 5073 figuras:

1553 5094 1761 5170 [ignem
2084 5098 2156 5154 Et
2185 5099 2359 5155 tribus
2388 5099 2442 5153 in
2470 5099 2661 5169 spatiis
2689 5098 2798 5154 duo
2829 5097 3180 5154 Testamenta
3215 5099 3459 5169 legamus
3490 5117 3506 5166 ;

365 5187 603 5258 Terruit,
633 5187 798 5262 inque
826 5189 948 5245 loco
974 5189 1043 5244 de
1069 5205 1179 5260 quo
1208 5196 1520 5246 surrexerat
1546 5189 1688 5261 ipso,
2085 5192 2240 5250 lianc
2290 5207 2512 5265 quoque
2560 5190 2641 5266 (ii)
2688 5200 2982 5249 cernentes
3027 5195 3298 5250 rationem
3352 5194 3561 5250 lumine

371 5280 442 5338 Ut
469 5282 886 5353 circumseptam
917 5283 1236 5354 przescripto
1258 5282 1430 5338 limite
1463 5281 1739 5340 ﬂammam
3301 5287 3484 5368 [recto

292 5445 320 5514 ξ
428 5445 512 5493 est
541 5453 746 5514 crucem
782 5452 899 5510 qua:
934 5447 1009 5493 est
1045 5448 1226 5493 nostra
1256 5439 1422 5493 salus.
2011 5441 2095 5514 (ά)
2124 5440 2525 5514 Manuscriptus
2549 5440 2723 5496 codex
2755 5439 2962 5506 Germ,
2987 5442 3276 5514 ﬂltmmqm.

293 5506 320 5544 ιι
353 5507 410 5586 id
436 5517 521 5586 est
552 5506 805 5586 sint“;
1939 5584 1975 5586 μ
2014 5506 2086 5586 (ε)
2126 5512 2219 5569 Sic
2249 5506 2658 5586 cmen'davimus
2693 5527 2766 5568 ex
2790 5529 2892 5568 ms.
2935 5506 3123 5568 codice
3164 5512 3546 5574 Cermanensi.

292 5589 321 5618 ο
353 5578 485 5650 Vide
524 5589 636 5634 not.
671 5577 794 5632 3l9.
1937 5577 2079 5641 Earl;
2103 5627 2118 5650 ,
2149 5585 2326 5638 dictis.

287 5652 368 5728 (ri)
400 5649 796 5728 dianuseriptus
823 5651 964 5706 idem
993 5652 1163 5707 codex
1192 5651 1402 5718 Gcrm.,
1430 5654 1676 5728 strepits.
2013 5659 2082 5727 (ί)
2107 5649 2214 5728 Ms.
2247 5655 2459 5721 Germ,
2485 5656 2690 5712 domus.

395 5720 941 5812 illichode‘errmq
976 5740 1101 5812 ruri:
1129 5742 1398 5812 garrire."
1441 5799 1452 5812 Ι
2123 5726 2270 5783 Idem
2316 5720 2644 5784 ms.’codcx
2690 5725 2918 5792 Cerm.,
2976 5727 3166 5799 juncta
3213 5736 3264 5780 et
3326 5727 3554 5786 bicolore

290 5790 474 5875 (alita
499 5807 602 5875 rus.
619 5790 806 5875 Germ.
836 5810 958 5875 cum
982 5795 1104 5853 cdd.
1129 5790 1261 5854 Bad.
1290 5808 1340 5854 et
1364 5796 1555 5855 Schot.
1583 5797 1635 5856 in
1653 5814 1829 5874 marg.
1942 5790 2119 5875 miris.

199 5861 401 5928 Ceteri
428 5861 669 5931 codices,
693 5863 940 5937 infestas.
1772 5861 1803 5874 ⁷
2010 5871 2095 5944 (ἡ)
2127 5869 2226 5928 Ms.
2259 5868 2470 5940 Germ,
2499 5867 2766 5928 credentes
2791 5908 2806 5924 .
2834 5909 2848 5924 .
2875 5911 2885 5923 .
2918 5907 2931 5922 .
2965 5878 3126 5925 certe.
