4138 6436
345 363 456 424 669

1664 571 1948 643 [catorem,

482 669 877 743 Serpentisque
901 669 1081 726 cibum
1113 668 1254 726 Deus
1276 683 1388 723 uno
1414 666 1633 723 nomine
1657 673 1858 720 terram

484 767 626 823 Dixit
652 786 665 820 :
691 775 748 822 et
773 766 895 823 inde
925 754 1124 821 vorans
1150 771 1398 835 peccata,
1426 762 1665 817 dracone
1705 767 1948 813 voratur.

596 859 838 932 Tempus
866 857 1020 934 adest
1045 866 1256 922 mutare
1299 855 1437 921 vias,
1471 866 1768 923 exsurgere
1799 865 1948 905 som-

1773 943 1868 1017 [no
1897 951 1948 1009 σι,

485 1039 556 1100 Et
585 1043 805 1100 tandem
831 1041 1057 1114 vigilare
1086 1041 1216 1107 Deo,
1241 1039 1492 1097 dormire
1512 1036 1746 1092 vicissim

342 859 446 927 ἓξεί

481 1137 710 1194 Actibus
738 1135 842 1203 his,
867 1135 1065 1207 quibus
1091 1133 1339 1203 invigilat
1365 1147 1521 1190 mens
1556 1137 1773 1186 mortua
1794 1126 1951 1183 Chri-

1817 1219 1944 1292 [sto.

554 1321 615 1377 Si
639 1320 796 1385 nobis
822 1319 1070 1379 doctrina
1100 1316 1196 1374 Dei
1223 1317 1294 1373 de
1314 1316 1520 1376 lumine
1551 1314 1703 1371 verbi

365 1478 368 1485 ι
485 1413 600 1469 Non
621 1412 798 1484 aperit
824 1427 1065 1482 sensum,
1089 1410 1283 1467 saltem
1307 1410 1587 1481 capiamus
1611 1405 1682 1462 ab
1710 1405 1841 1477 ipsis

346 1505 446 1561 260
484 1503 716 1562 Edibus
737 1503 990 1576 exempla
1016 1521 1030 1558 :
1054 1511 1113 1558 et
1140 1501 1348 1574 lapides
1375 1510 1431 1557 et
1465 1501 1609 1572 ligna
1636 1497 1879 1567 magistri

485 1599 607 1656 Sint
632 1597 864 1680 stolidis,
892 1603 954 1653 ut
978 1595 1143 1669 quale
1169 1610 1334 1652 manu
1363 1592 1698 1650 confecimus
1721 1589 1844 1646 istic

485 1694 612 1762 Tale
643 1693 750 1773 fide
774 1693 1192 1765 faciamuspopus
1217 1710 1229 1744 :
1266 1691 1395 1746 licet
1421 1689 1564 1762 absit
1586 1688 1657 1744 ab
1684 1701 1793 1743 uno

483 1787 679 1846 Mentis
709 1801 850 1859 opus
893 1798 1262 1856 manuumque
1316 1783 1489 1851 labor,
1519 1781 1620 1840 sed
1644 1780 1715 1838 ab
1744 1779 1951 1850 impare

1759 1871 1944 1946 [causa
1970 1857 2022 1924 Β

482 1972 593 2034 Par.
626 1972 810 2051 operis
833 1973 880 2050 f‘
913 1971 1146 2030 trahitur
1191 1970 1369 2041 ratio;
1411 1982 1540 2028 ecce
1576 1965 1759 2024 videte
1771 1998 1798 2036 ,ι
1819 1981 1948 2038 pro-

662 2129 665 2131 _
1780 2058 1946 2132 [bubo

337 2156 448 2215 265
482 2157 778 2216 Dissimiles
802 2158 966 2214 simili
993 2158 1180 2229 specie
1207 2169 1536 2215 concurrere
1559 2153 1780 2211 formas.

556 2253 673 2325 Qua
717 2267 858 2310 nova
899 2259 1042 2309 tecta
1091 2251 1303 2317 sedent,
1327 2248 1485 2306 multi
1524 2247 1822 2305 meminere
1867 2247 1948 2301 lo-

693 2389 698 2392 -
1256 2418 1258 2420 ν
1687 2340 1896 2414 [eorum
1930 2359 1943 2394 ;

483 2439 619 2497 Nam
650 2428 816 2496 breve
842 2449 1057 2510 tempus
1098 2437 1149 2493 id
1186 2446 1301 2505 est,
1340 2451 1408 2492 ex
1443 2448 1554 2505 quo
1589 2443 1718 2490 sunt
1764 2431 1946 2487 omnia

1724 2524 1944 2598 (coepta.

481 2624 613 2693 Qum
641 2625 805 2683 modo
832 2623 976 2680 facta
1006 2630 1229 2679 manent
1254 2638 1266 2676 ε
1299 2620 1457 2675 anuis
1478 2617 1673 2675 sudata
1700 2617 1911 2673 duobus

483 2715 699 2777 Tertius
745 2715 1005 2790 explicuit
1050 2729 1212 2788 prece
1257 2720 1596 2776 sanctorum,
1630 2719 1794 2782 atque
1843 2722 1948 2786 ope

784 2804 788 2808 “
1429 2841 1432 2845 -
1458 2819 1462 2822 ‘
1703 2795 1944 2876 [Christi

339 2902 446 2958 970
482 2899 615 2960 Pars
664 2901 824 2973 spatii
875 2900 1060 2957 brevis
1108 2900 1298 2956 hortus
1341 2907 1499 2965 erat,
1554 2914 1681 2970 pars
1739 2896 1949 2952 ruderis

1741 2988 1944 3062 {assem

483 3089 654 3158 Quem
678 3089 876 3146 collata
905 3103 1118 3152 manus,
1148 3084 1640 3158 populocurante,
1672 3081 1902 3137 removit
1930 3097 1942 3133 :

486 3181 556 3239 Et
582 3182 719 3238 viles
747 3182 958 3237 olerum
988 3196 1111 3236 cum
1142 3179 1389 3236 sentibus
1417 3177 1559 3234 emit
1588 3175 1803 3238 herbas,

489 3275 558 3331 Ut
584 3274 758 3331 nitido
785 3282 1011 3346 purgata
1033 3281 1344 3345 putesceret
1370 3286 1498 3326 area
1527 3269 1710 3331 dorso,

487 3367 617 3437 Quae
638 3367 801 3424 modo
822 3366 1144 3424 marmoreis
1169 3371 1368 3420 ornato
1390 3356 1580 3432 jngere
1607 3359 1753 3416 saxis

344 3460 452 3516 275
486 3461 617 3517 Late
642 3469 812 3516 strata
831 3461 990 3526 nitet,
1013 3458 1193 3516 cultus
1213 3456 1379 3514 oblita
1410 3455 1622 3527 priores
1645 3455 1716 3508 ’³.

487 3553 659 3622 Quam
713 3555 864 3610 bene
909 3551 1137 3609 mutavit
1187 3548 1459 3623 speciem!
1518 3555 1644 3618 post
1695 3546 1952 3602 stercoris

646 3648 650 3650 ·
1745 3639 1948 3716 [usum,

485 3741 771 3798 Marmoris
812 3740 889 3815 (ὁ)
919 3731 1207 3803 ornatum,
1258 3737 1444 3794 Parias
1488 3742 1611 3809 post
1653 3734 1782 3790 vilia
1819 3751 1953 3790 con-

1801 3827 1952 3906 [chus

489 3927 740 3986 Brassica
771 3913 844 4000 (c)
871 3923 1010 3994 fert;
1041 3933 1099 3981 et
1124 3923 1375 3998 splendet
1411 3918 1610 3995 aquis,
1645 3937 1766 3994 qua:
1791 3919 1954 3976 sorde

1696 4015 1950 4090 [nitebat.

540 4111 809 4182 Quonam
830 4110 994 4183 igitur
1013 4126 1159 4169 nunc
1199 4110 1300 4166 ista
1331 4109 1496 4166 modo
1518 4108 1650 4165 mihi
1678 4107 1882 4167 fabrica

595 4219 597 4223 ‘
651 4211 653 4213 ’
1005 4192 1007 4196 ⁴
1700 4203 1953 4279 [formam

349 4301 454 4358 930
484 4299 774 4367 Prtebebit,
798 4314 906 4371 qua
933 4314 1022 4356 me
1044 4300 1244 4365 colere,
1272 4294 1573 4365 aediﬁcare,
1603 4312 1814 4354 novare

490 4395 770 4464 Sensibus,
811 4403 870 4451 et
911 4393 1130 4451 Christo
1175 4393 1492 4449 metandum
1536 4390 1778 4449 condere
1830 4407 1958 4471 pos-

1795 4483 1919 4560 [sim
1931 4482 1956 4540 ?

492 4581 750 4656 Prompta
789 4582 1009 4655 quidem
1044 4581 1187 4639 ratio
1211 4585 1324 4648 est,
1356 4594 1478 4652 qua:
1523 4580 1598 4637 sit
1634 4595 1755 4636 mea
1787 4588 1952 4646 terra,

1721 348 1968 410 ΡΟΕΜΛ
2004 348 2236 409 XXVIII.
2259 372 2263 376 ·

489 485 664 554 Quam
685 499 881 557 capere
903 490 988 540 est
1010 487 1087 555 (ιι)
1114 481 1370 545 donatus,
1419 477 1580 534 habet
1613 495 1626 531 :
1660 476 1784 544 quia
1818 489 1948 544 pee-
1981 477 2033 533 Δ,

1977 3249 2025 3313 C

3557 344 3664 400 67D

2204 468 2540 538 Prodigaque
2568 466 2793 521 ambitio
2822 464 3049 536 proprii,
3073 462 3265 521 sitiens
3285 462 3470 526 alieni,

2200 563 2380 637 Spina:
2413 561 2658 637 sunt_(d)
2699 560 2933 619 animo:
2982 557 3116 630 quia
3155 573 3374 629 semper
3417 557 3664 616 inanibus

3306 725 3308 728 ν
3437 647 3662 727 [angunt

2054 746 2160 802 290
2199 747 2475 817 Ancipites
2502 746 2714 800 animas
2740 741 2972 800 stimulis
3004 759 3016 797 :
3049 758 3185 814 quas
3204 741 3409 819 iugiter
3434 732 3544 799 urit

2201 839 2452 894 Defectus
2481 837 2662 892 miseri
2693 841 2898 899 nicius,
2933 843 2987 890 et
3018 837 3184 890 miser
3210 833 3378 890 ardor
3404 831 3658 888 habendi.

2202 929 2378 998 Atque
2403 927 2476 982 ita
2515 935 2574 982 et
2602 927 2744 982 inter
2771 941 2907 996 epes
2945 927 3168 996 inopes,
3205 925 3361 997 quasi
3403 923 3661 998 Tantalus

3547 1017 3662 1090 [ille

2193 1111 2341 1168 Inter
2366 1126 2539 1182 aquas
2565 1109 2776 1178 sitiunt,
2807 1124 2911 1167 nec
2939 1108 3142 1166 habent
3167 1109 3314 1182 quod
3349 1109 3549 1166 habere
3584 1111 3660 1164 vi-

3419 1203 3658 1276 [dentur.

2195 1298 2328 1354 Nam
2351 1298 2525 1370 partis
2554 1297 2634 1352 uti
2653 1305 2925 1365 metuunt,
2953 1307 3168 1353 servata
3194 1297 3240 1329 ’δ
3268 1297 3620 1368 relinquunt:

2049 1391 2160 1450 295
2193 1392 2440 1464 Dumque
2465 1390 2725 1447 alimenta
2755 1399 2981 1461 parant,
3011 1389 3228 1446 vivendi
3257 1398 3503 1462 tempora
3531 1405 3658 1463 per-

3224 1494 3227 1498 ·
3481 1478 3656 1557 [dum

2264 1575 2375 1633 Has
2394 1576 2560 1647 igitur
2584 1575 2788 1645 spinas,
2820 1573 2935 1628 haec
2981 1572 3176 1629 rudera
3231 1573 3506 1631 mentibus
3531 1563 3659 1630 "hin

3567 1670 3658 1743 [tis
3724 1709 3728 1713 .

2194 1763 2431 1835 Egerere
2469 1773 2556 1824 est
2599 1780 2760 1836 opus,
2791 1772 2849 1821 et
2889 1762 2962 1836 (ι)
3002 1763 3235 1847 primam
3255 1763 3400 1821 hanc
3423 1764 3660 1821 evellere

3487 1857 3660 1932 [libris

2193 1949 2528 2008 Cunctorum
2569 1952 2794 2021 stirpem
2834 1949 3134 2017 socienno,
3177 1948 3248 2024 (ι’)
3296 1965 3405 2022 qua
3429 1950 3658 2022 pullulat

3437 2056 3444 2058 ‘
3471 2040 3659 2116 [arbor

2189 2136 2410 2205 Infelix;
2436 2137 2651 2192 Domini
2681 2131 2941 2193 radicitus
2969 2135 3057 2192 illa
3087 2133 3269 2192 securi
3393 2124 3402 2128 ’

2046 2229 2298 2287 3001cta
2328 2232 2374 2262 "
2398 2228 2559 2285 cadat
2602 2229 2659 2296 δ,
2703 2229 2901 2284 nostris
2949 2237 3010 2283 ut
3057 2243 3350 2298 numquam
3392 2231 3660 2301 germinet

3467 2322 3656 2395 (arvis.

2263 2415 2390 2471 Haec
2413 2415 2458 2470 si
2486 2414 2714 2485 praeciso
2741 2413 2812 2470 de
2841 2413 2997 2470 nobis
3025 2412 3214 2470 fomite
3239 2415 3407 2470 radix-

2195 2507 2436 2573 Aruerit,
2465 2503 2625 2562 cadet
2645 2521 2808 2562 omne
2836 2505 3010 2572 nefas,
3035 2505 3224 2562 vitium
3255 2520 3417 2564 omne
3439 2507 3657 2578 peribit,

2191 2599 2540 2669 Matricisque
2565 2613 2680 2654 sine
2700 2613 2888 2654 casum
2913 2598 3052 2653 mala
3081 2606 3278 2654 cuncta
3304 2605 3622 2668 sequentur,

2190 2682 2546 2767 657-658
2565 2690 2635 2746 Et-
2657 2693 2925 2748 morlente
2959 2707 3056 2748 sua
3089 2691 3248 2747 simul
3275 2692 3470 2749 arbore
3498 2705 3669 2764 poma

3136 2812 3140 2816 -
3330 2811 3334 2813 >
3361 2784 3659 2856 [peribunt.

2049 2877 2158 2935 505
2263 2879 2416 2936 Tune
2434 2879 2575 2935 bene
2586 2876 2815 2949 purgato
2832 2878 3029 2933 domus
3046 2870 3590 2948 mdilicabilnrhorto,

2195 2971 2264 3028 Et
2288 2973 2412 3029 vivo
2433 2970 2661 3027 fundata“
2682 2969 2804 3026 solo
2827 2969 2970 3026 bene
2997 2977 3184 3039 surget
3208 2972 3259 3026 in
3289 2969 3457 3027 altum

2194 3065 2425 3122 Fabrica
2453 3063 2622 3120 divini
2651 3062 2966 3118 moliminis.
2998 3061 3119 3133 Ipse
3146 3059 3446 3120 columnas
3509 3047 3524 3062 ”

2197 3159 2385 3229 Eriget
2405 3160 2462 3214 in
2481 3158 2641 3215 nobis
2664 3155 2933 3223 Christus,
2957 3165 3281 3227 veteresque
3302 3158 3541 3213 resolvet

2197 3251 2501 3308 Obstrqu
2530 3250 2667 3321 pilas
2686 3249 2912 3315 animm;
2941 3247 3288 3319 spatiumque
3314 3249 3418 3305 sibi
3441 3249 3552 3306 Rex

2055 3347 2160 3403 310
2195 3346 2457 3404 Sensibus
2483 3344 2684 3401 efﬁciet
2712 3345 2935 3411 nostris,
2958 3351 3017 3398 ut
3037 3341 3340 3399 inambulet
3364 3343 3491 3414 illis,
3527 3361 3535 3368 ‘

2199 3439 2499 3510 Tamquam
2522 3439 2576 3493 in
2606 3437 2906 3508 porticibus
2932 3435 3240 3494 Salomonis
3259 3438 3498 3508 quinque
3523 3440 3662 3496 sole-

3549 3530 3661 3602 [bal

2197 3621 2305 3679 Ore
2331 3623 2425 3694 pio
2445 3621 2688 3678 medicos
2715 3621 2999 3694 Sapientia
3025 3621 3228 3678 dueere
3250 3634 3507 3690 gressus:

2196 3725 2439 3798 Corpora
2455 3725 2726 3796 tangendo
2749 3725 2826 3798 (ς)
2840 3734 3062 3792 sanans,
3079 3723 3315 3782 etcorda
3342 3725 3590 3783 docendo
3615 3738 3664 3784 ε.

2271 3818 2390 3877 Non
2416 3819 2581 3890 igitur
2601 3820 2772 3876 simus
2797 3826 3017 3875 veteres
3039 3817 3183 3874 inter
3208 3803 3348 3875 nova
3379 3821 3540 3876 tecta.

2055 3921 2164 3978 515
2202 3921 2272 3979 Ut
2297 3922 2394 3992 qui
2414 3920 2581 3978 corda
2601 3920 2812 3976 habitat
2839 3919 3105 3988 Christus,
3149 3936 3291 3977 nova
3319 3921 3488 3977 corda
3518 3921 3664 4003 revi-

2255 4039 2258 4042 ο
2665 4019 2667 4022 ‘
3537 4011 3662 4085 [sat.

2208 4107 2371 4182 Pejor
2393 4110 2541 4168 enim
2565 4110 2802 4168 scissura
2826 4123 2972 4166 novo
2999 4105 3281 4177 veterique
3307 4101 3513 4162 coactis

2205 4212 2488 4281 Redditur,
2536 4221 2594 4270 et
2619 4227 2761 4269 nova
2807 4210 2932 4267 vina
2979 4225 3152 4267 novos
3189 4209 3331 4264 bene
3373 4208 3571 4297 dantur
3611 4206 3666 4262 iu

3421 4297 3594 4372 [utres
3613 4297 3665 4354 ἀ.

2204 4398 2326 4457 Vita
2356 4401 2508 4472 prior
2529 4405 2738 4470 pereat,
2770 4403 2963 4468 pereat
2988 4409 3058 4457 ne
3079 4395 3190 4450 vita
3219 4393 3420 4449 futura.

2201 4501 2411 4577 Sponte
2434 4500 2802 4573 relinquamus
2819 4496 3101 4564 mundum,
3126 4511 3235 4554 non
3255 4503 3452 4568 sponte
3477 4505 3666 4554 caren-

3496 4589 3665 4664 [dum,

1596 4673 1764 4748 [Ψιοά
1790 4673 1844 4729 in
1867 4688 1956 4729 me
1980 4649 2036 4713 Β
2059 4693 2164 4750 520
2201 4693 2410 4766 Sponte
2433 4690 2534 4748 nisi
2565 4687 2797 4759 fugimus
2820 4673 2840 4743 ἐ
2873 4686 3194 4752 moriamur,
3225 4697 3297 4740 ne
3325 4649 3622 4755 moriamur
3648 4649 3668 4735 ξ

492 4770 701 4839 nudus,
729 4779 786 4827 et
814 4771 955 4828 unde
982 4785 1108 4827 meo
1135 4770 1306 4842 spinae
1327 4777 1624 4827 nascuntur
1649 4768 1694 4801 ³³
1721 4767 1780 4824 in
1799 4781 1952 4836 agro.

492 4863 658 4920 Terra
689 4879 787 4920 cor
814 4871 917 4931 est,
949 4862 1123 4934 culpae
1153 4861 1305 4934 pravi
1334 4870 1462 4918 sunt
1497 4861 1692 4918 rudera
1723 4858 1906 4920 cordis
1939 4875 1951 4911 :

348 4958 455 5018 985
493 4957 675 5014 Luxus
703 4959 872 5025 iners,
901 4957 1144 5028 impurus
1164 4972 1339 5023 amor,
1366 4956 1645 5012 maculosa
1676 4954 1865 5021 libido,
1902 5006 1932 5014 ,.

496 5045 708 5106 Rudera
737 5057 865 5106 sunt
889 5051 1115 5115 animae;
1147 5049 1226 5105 sic
1245 5048 1492 5120 corporis
1520 5049 1682 5104 anxia
1711 5061 1864 5111 cura,

493 5140 657 5199 Livor
689 5142 862 5208 edax,
913 5149 969 5198 et
1007 5157 1179 5205 avara
1197 5140 1397 5206 fames,
1444 5139 1623 5208 gravis
1670 5139 1771 5206 ira,
1819 5135 1956 5193 levis

1784 5231 1951 5304 ἱεραί»,

426 5403 452 5430 ι
485 5392 644 5450 Rom.
669 5409 784 5459 xm,
808 5391 900 5448 11.

425 5463 454 5504 δ
477 5464 667 5520 Matth.
702 5482 777 5534 Ill,
807 5463 898 5524 10.

431 5548 454 5576 θ
483 5536 678 5592 Johan.
709 5533 768 5604 v,
792 5533 829 5589 2
853 5536 909 5590 et
931 5535 986 5590 5.

427 5607 452 5645 ⁶
484 5607 786 5672 Matth-tr,
814 5606 884 5660 lli
909 5610 966 5665 et
990 5606 1098 5662 l7-

427 5658 964 5752 (al—Sienre-s‘titutum
989 5658 1574 5752 civni_s1_Germanensi
1611 5658 1818 5734 codice.
1852 5675 1960 5733 Ce-

362 5748 496 5813 teri,
511 5752 808 5807 damualus.
833 5750 966 5806 Vide
987 5759 1100 5806 not.
1131 5748 1255 5806 525.

417 5810 512 5891 (ὃ)
540 5820 639 5878 Ms.
667 5819 877 5888 Germ,
907 5829 1132 5891 ornatu,

434 5890 506 5966 (ε)
533 5893 625 5951 Sic
646 5890 1050 5952 emendavimus
1078 5909 1145 5950 ex
1174 5891 1332 5952 editis
1365 5891 1643 5954 codicibus
1677 5892 1849 5953 tribus
1879 5892 1962 5953 fa-

2199 4791 2450 4860 _Letalem
2475 4791 2642 4850 vitam
2673 4790 2824 4846 vitali
2851 4796 3033 4845 morte
3055 4795 3324 4860 tegamus.
3360 4810 3365 4814 η

2203 4895 2444 4953 Terrena
2474 4891 2726 4961 intereat,
2751 4891 2946 4949 subeat
2964 4889 3205 4947 caelestis
3224 4886 3424 4958 imago,

2207 4999 2275 5056 Et
2293 4999 2514 5058 Christo
2533 5003 2782 5054 vertatur
2808 4990 3005 5058 Adam,
3034 4999 3309 5047 mutemur
3335 4998 3392 5047 et
3419 4983 3567 5056 istio,

2207 5101 2279 5159 Ut
2305 5109 2580 5157 mutemur
2607 5095 2681 5154 ibi
2705 5113 2720 5150 :
2744 5095 2838 5166 qui
2861 5109 3005 5148 nunc
3029 5091 3394 5165 permanserit
3422 5092 3476 5145 in
3508 5109 3568 5147 se

2058 5205 2166 5263 525
2200 5205 2369 5273 Idem,
2401 5212 2458 5260 et
2486 5201 2564 5274 (In)
2597 5201 2653 5256 in
2675 5208 2944 5256 aeternum
2968 5211 3080 5252 non
3105 5193 3482 5251 immutabitur
3505 5210 3544 5251 ει
3568 5209 3646 5251 se.

2062 5392 2225 5441 vente
2251 5399 2352 5439 ms.
2395 5381 2585 5438 codice
2623 5380 2806 5434 Germ.
2849 5374 2948 5429 Ed.
2999 5373 3189 5440 Rosv.,
3221 5371 3511 5430 Braaricla.
3550 5370 3672 5434 Atii,

2064 5455 2341 5511 Brassida.

2139 5525 2348 5600 (d)_Ms.
2371 5523 2582 5600 (lentu,
2615 5521 2824 5600 anima:_.
2978 5586 2999 5600 Ι,
3081 5587 3093 5600 .
3139 5586 3151 5600 .
3322 5594 3335 5600 Δ
3371 5588 3385 5600 Δ
3512 5596 3541 5600 λέ
3570 5583 3603 5600 ν

2133 5583 2214 5667 ἰοί
2238 5597 2316 5654 Ita
2345 5611 2447 5651 ms.
2488 5583 2672 5651 Germ.
2715 5589 2921 5654 codex,
2947 5586 3240 5654 Latinius,
3284 5594 3339 5642 et
3369 5588 3479 5642 tres
3512 5583 3672 5638 editi.

2065 5672 2192 5735 Alii,
2214 5671 2455 5740 primum.

2161 5726 2321 5817 [)Sic
2349 5734 2667 5817 ms._Get;m.
2702 5734 2842 5790 Editi
2861 5733 3098 5796 codices,
3132 5731 3273 5812 quia,
3301 5726 3576 5782 mendose.

2164 5808 2217 5889 ᾖ)
2377 5811 2546 5867 codex
2567 5808 2777 5889 Certi)”
2809 5821 3032 5885 curans.
3107 5808 3246 5889 ,ξυμ
3272 5855 3276 5858 ,
3306 5874 3316 5883 ⁸

2139 5871 2219 5954 Uti
2248 5887 2324 5944 ita
2356 5901 2460 5940 ms.
2481 5881 2656 5956 codex
2681 5874 3084 5937 Gennanensis.
3105 5871 3269 5937 Editi,
3301 5874 3353 5927 in
3385 5879 3609 5927 artemo.
