4138 6476
531 382 633 439 C87
1464 378 1521 439 S.
1567 381 1835 440 PAULINI
1875 378 2122 439 NOLANI
2158 381 2165 436 1

2211 379 2457 439 PISCOPI
2500 380 2678 437 POEM
2686 378 2838 437 ATA.
3714 378 3845 441 688

818 491 1009 562 Turpis
1037 506 1095 547 es
1118 500 1242 548 aute
1270 494 1438 548 Deum
1455 494 1731 550 debilitate
1755 494 1963 549 animm.
2141 499 2186 557 Α
2356 492 2714 565 ωεοθεθ
2738 491 2829 549 Sic
2857 497 2912 548 et
2938 506 3034 547 cos
3061 491 3391 562 quicumque
3440 491 3549 549 fide
3590 494 3843 551 vivente

672 580 939 653 Improbe,
958 591 1265 639 consortem
1294 591 1497 638 natura:
1521 584 1731 654 spernis
1756 592 2022 653 egentem,
3409 584 3773 657 lquiescunt,

537 668 639 725 510
815 671 880 728 Et
907 674 1039 729 facis
1056 685 1325 729 exsortem
1354 676 1522 745 partis
1549 677 1792 731 avaritia.
2494 675 2733 731 Adducet
2754 675 2971 732 Christo
2996 692 3119 732 cum
3148 684 3427 733 remeante
3446 675 3633 734 Pater.

671 760 958 835 Quidquid.
986 765 1185 834 inique,
1218 766 1311 819 tibi
1342 767 1489 822 nullo
1515 766 1844 836 superetiluit
1871 781 1989 830 usu,
2219 766 2325 820 553
2362 767 2477 825 Hoc
2504 770 2706 823 etenim
2734 770 2788 824 in
2807 770 2972 825 verbo
2998 770 3210 825 Domini
3226 770 3390 827 docet
3406 770 3837 841 illellagisteri

818 856 972 924 Quod
994 857 1139 913 fosso
1168 859 1436 915 abstrudis
1478 861 1711 931 cespite,
1742 877 1871 932 pars
1894 859 2117 931 inopum
2501 859 2620 928 Quo
2648 860 2785 917 duce
2813 861 3051 918 sidereas
3078 862 3304 917 nitimur
3331 862 3412 918 ire
3441 863 3561 918 vias
3585 880 3603 928 ;

1917 954 2042 1026 [est.
2364 948 2519 1016 Quod
2547 952 2742 1022 quibus
2771 953 2826 1007 in
2855 953 3072 1010 Christo
3117 952 3281 1012 fuerit
3321 952 3489 1010 modo
3514 954 3634 1010 vita
3663 968 3850 1025 pera-

680 1044 791 1101 Cur
812 1046 986 1100 aliena
1014 1055 1185 1109 tenes,
1216 1060 1323 1115 qua
1352 1061 1447 1116 spe
1474 1046 1760 1115 linquenda
1787 1054 2045 1108 retentas.
3552 1078 3555 1081 π
3614 1047 3765 1123 [ω.

825 1137 936 1193 Nec
957 1137 1214 1191 retributa
1235 1137 1367 1200 suis,
1399 1151 1499 1192 nec
1525 1136 1777 1206 potienda
1807 1136 1947 1191 tibi?
2510 1136 2700 1192 Iisdem
2730 1153 2853 1201 cum
2880 1134 3098 1194 Christo
3124 1138 3237 1193 vita
3264 1137 3523 1210 perennis
3547 1139 3686 1195 erit.

540 1228 648 1286 5l5
684 1230 784 1298 Tu,
813 1231 898 1287 cui
917 1230 1103 1286 sordet
1130 1231 1304 1300 inops,
1334 1229 1448 1299 qui,
1473 1229 1689 1285 nomine
1716 1229 1894 1285 divitis
1909 1244 2118 1296 excors,
2365 1224 2607 1298 Cumque
2620 1228 2748 1285 tuba
2774 1229 2986 1297 signum
3006 1228 3222 1298 Domini
3242 1228 3593 1286 adventantis
3617 1232 3695 1287 ab
3724 1230 3847 1291 alta

826 1320 1003 1376 Triste
1045 1321 1193 1376 levas
1237 1322 1415 1390 crispa
1462 1333 1487 1357 ⁸·
1524 1320 1699 1375 fronte
1759 1320 2123 1391 supercilium,
2225 1314 2332 1370 560
2511 1316 2651 1374 Sede
2680 1316 2856 1373 Patris
2880 1320 3131 1389 princeps
3158 1319 3387 1390 angelus
3414 1319 3685 1386 ediderit,

690 1414 797 1470 Nec
822 1414 1058 1482 dignaris
1078 1429 1173 1468 eos
1200 1415 1448 1469 homines
1475 1414 1805 1470 vsluomine
1828 1413 1928 1469 fari
2367 1406 2530 1463 Primi
2559 1409 2651 1480 qui
2681 1410 2734 1464 in
2766 1410 2981 1466 Christo
3008 1418 3214 1466 mortes
3239 1412 3426 1467 obiere
3453 1422 3787 1482 resurgant,

828 1505 977 1571 Quos
1012 1505 1175 1560 simili
1204 1505 1330 1560 luxu
1362 1521 1467 1562 non
1497 1504 1708 1561 ﬂuitare
1734 1506 1913 1571 vides,
1990 1544 1993 1545 ν
2509 1502 2722 1567 Dignati
2748 1518 3030 1560 occursum
3058 1503 3291 1559 nubibus
3319 1504 3400 1559 ire
3428 1504 3545 1560 Deo
3574 1503 3627 1561 ι.
3659 1494 3693 1558 ι’

692 1593 858 1651 Filius
885 1595 974 1650 ille
1005 1595 1097 1650 Dei
1120 1610 1225 1663 qua
1253 1596 1463 1651 venerit
1482 1596 1663 1666 aspice
1688 1594 1881 1665 forma,
2371 1591 2613 1665 Cumque
2633 1609 2824 1650 omnes
2849 1594 2905 1650 in
2933 1610 3038 1666 qua
3067 1595 3320 1650 vixerunt
3350 1611 3519 1653 carne
3551 1597 3849 1663 revivent,

549 1686 656 1744 590
839 1708 858 1739 ι
917 1686 1021 1755 Qui
1072 1703 1196 1744 cum
1247 1697 1389 1746 esset
1438 1688 1611 1755 dives,
1664 1704 1871 1760 pauper
1905 1689 1957 1745 in
1998 1690 2129 1746 orbe
2505 1704 2525 1736 ι
2560 1684 2678 1741 Non
2705 1700 2893 1741 omnes
2922 1701 3080 1742 verso
3115 1701 3349 1759 corpore
3377 1687 3567 1745 lumen
3586 1701 3762 1747 erum
3799 1691 3848 1749 ι.

1795 1780 1918 1853 [fuit
1946 1779 1993 1835 δ.
2033 1801 2054 1833 ι
2233 1774 2338 1832 565
2373 1775 2615 1847 Namque
2666 1791 3029 1847 resurgemus,
3074 1776 3174 1834 sed
3206 1792 3316 1833 non
3346 1780 3689 1836 metabimur
3720 1798 3851 1837 om-

699 1891 716 1924 ι
751 1870 816 1926 Et
844 1872 1065 1928 veniens
1082 1887 1193 1927 non
1215 1872 1511 1943 altaDeus,
1545 1872 1641 1929 sed
1670 1873 1797 1929 vilia
1817 1875 2000 1930 mimdi
2161 1877 2209 1936 Β
3413 1872 3417 1876 ’
3527 1870 3654 1944 [nes
3685 1891 3700 1926 :
3745 1893 3771 1925 ι

834 1963 1005 2032 Legit,
1030 1972 1089 2018 ut
1119 1962 1343 2019 infirmis
1371 1962 1529 2018 fortia
1552 1963 1856 2021 destrueret
1886 1974 1933 2019 ε.
1963 1984 1982 2017 ι
2515 1958 2632 2018 Hoc
2658 1959 2943 2017 discrimen
2972 1961 3076 2017 erit
3098 1962 3348 2032 gentibus
3370 1971 3499 2018 ante
3521 1962 3727 2020 Deum.

696 2053 814 2108 Non
830 2053 941 2121 jam
966 2052 1164 2108 divitiis
1183 2053 1352 2119 dives,
1385 2070 1486 2111 nec
1513 2054 1710 2110 robore
1735 2053 1935 2119 fortis,
2375 2049 2685 2122 Incol-rupta
2724 2053 3074 2121 profanorum
3098 2042 3318 2124 quoque
3345 2069 3585 2126 corpora
3610 2066 3851 2126 surgent

839 2144 947 2200 Nec
974 2146 1188 2215 sapiens
1208 2160 1403 2214 magno
1424 2146 1656 2215 gaudeat
1685 2140 1921 2213 ingenio.
2518 2143 2565 2197 Δ
2586 2144 2824 2209 tumulis,
2853 2145 3018 2213 longo
3039 2145 3234 2216 pabula
3262 2147 3551 2219 supplicio.
3582 2214 3587 2221 ε

556 2235 661 2293 525
696 2237 864 2295 Nemo
888 2253 992 2308 ope
1012 2237 1246 2293 confidat
1266 2236 1292 2275 ’λ
1309 2240 1549 2307 propria,
1565 2244 1660 2293 aut
1676 2237 1744 2295 de
1767 2252 1829 2294 se
1854 2237 1956 2295 sibi
1983 2237 2135 2309 plano
2377 2231 2502 2290 Vita
2527 2236 2634 2290 erit
2676 2235 2783 2301 his,
2814 2236 2932 2292 sine
2960 2232 3067 2294 ﬁne
3111 2238 3284 2307 mori;
3312 2246 3370 2294 et
3419 2254 3597 2304 mors,
3654 2240 3855 2297 vivere

986 2372 987 2375 γ
1928 2329 2061 2403 (dat.
3524 2332 3778 2405 [ρωοίε.

835 2422 971 2476 Cum
1000 2429 1116 2477 sata
1138 2422 1224 2479 vel
1246 2422 1372 2477 data
1400 2424 1510 2477 sint
1528 2422 1717 2478 omnia
1753 2421 1902 2479 fonte
1929 2420 2059 2478 Deo.
2237 2422 2342 2479 570
2517 2421 2584 2477 Et
2612 2420 2843 2477 durante
2867 2437 2994 2477 suas
3014 2437 3238 2492 pascere
3267 2435 3435 2481 carne
3453 2441 3678 2482 cruces.

700 2510 1005 2581 Perfugium
1035 2512 1280 2569 Christus
1306 2528 1644 2584 personaque
1663 2512 1835 2570 factus
1860 2522 2131 2582 egentem,
2377 2512 2497 2585 ipse
2516 2529 2642 2569 suos
2660 2514 2880 2582 proprio
2907 2520 3162 2582 peccator
3180 2529 3412 2583 corpore
3431 2516 3625 2585 gignet

839 2606 1097 2661 Divitibus
1117 2605 1292 2677 pudor
1314 2614 1416 2672 est,
1451 2606 1622 2674 gloria
1646 2606 1991 2676 pauperibus.
2525 2604 2836 2670 Carnifices,
2868 2612 2925 2660 et
2951 2605 3055 2661 erit
3076 2606 3352 2662 vermibus
3379 2622 3510 2664 esca
3532 2618 3573 2645 ω
3606 2610 3753 2665 suis.

695 2696 864 2765 Hujus
895 2698 946 2751 in
974 2688 1276 2752 ambrbsios
1300 2695 1443 2753 avidi
1470 2710 1753 2751 curramus
1775 2696 1989 2761 odores,
2379 2700 2447 2752 At
2464 2713 2601 2768 quos
2625 2697 2830 2753 caelesti
2851 2697 3022 2769 pietas
3041 2698 3286 2754 evexerit
3303 2709 3451 2764 actu,

554 2788 660 2843 550
843 2788 911 2844 Ut
940 2790 1128 2859 procul
1156 2805 1188 2846 a
1217 2789 1373 2847 nobis
1400 2790 1590 2846 mortis
1609 2789 1744 2845 odor
1772 2790 1956 2858 fugiat.
2519 2789 2841 2861 Participata
2868 2796 3060 2859 gerent
3083 2799 3371 2847 stemmata
3402 2792 3553 2863 Rege
3579 2793 3743 2860 Deo;

695 2879 824 2947 Quis
854 2882 986 2938 mihi
1012 2883 1104 2938 det
1127 2884 1422 2955 pretiosum
1447 2883 1722 2940 alabastro
1757 2881 1979 2939 fundere
2008 2898 2134 2939 nar-
2238 2878 2675 2952 5'5‘Vestitique
2697 2896 2853 2937 suum
2882 2880 3064 2937 divino
3092 2882 3299 2944 lumine
3322 2899 3544 2954 corpus,

1892 2974 2061 3047 [dum,
2517 2974 2834 3031 Conformes
2868 2972 3083 3031 Christo
3109 2990 3326 3046 semper
3349 2986 3518 3046 agent
3544 2976 3824 3037 Domino.

858 3062 926 3118 Et
948 3064 1158 3119 Domini
1187 3078 1369 3121 sacros
1392 3062 1569 3119 flendo
1596 3065 1776 3121 lavare
1802 3064 1972 3136 pedes
2001 3067 2066 3121 οἳ
2384 3088 2402 3122 ι
2423 3068 2576 3136 Quod
2587 3084 2710 3124 cum
2730 3068 2805 3124 ita
2817 3067 2904 3135 sit,
2918 3068 3097 3139 capite
3113 3069 3316 3126 existis
3329 3069 3528 3127 solatia
3539 3073 3741 3129 verbis
3756 3083 3812 3140 ’³,
3836 3094 3862 3128 ι

700 3157 805 3213 Vos
826 3174 1039 3228 precor,
1072 3173 1106 3212 o
1129 3173 1246 3212 mea
1270 3172 1421 3225 cura,
1443 3158 1553 3228 piis
1571 3173 1789 3229 operam
1822 3157 1947 3214 date
1967 3159 2131 3225 curis,
2519 3157 2585 3213 Et
2613 3158 2749 3213 ﬁdos
2774 3158 2887 3214 veri
2912 3174 3009 3228 spe
3040 3166 3288 3215 recreate
3316 3160 3530 3217 animos
3564 3179 3582 3216 :

837 3250 1055 3317 Vosque
1092 3249 1218 3305 date
1244 3250 1509 3305 immenso
1528 3248 1755 3319 jungere
1793 3256 1976 3306 mente“
2001 3250 2133 3307 Deo.
2164 3253 2209 3316 ε
2378 3250 2445 3307 Et
2459 3253 2653 3323 pignus
2678 3261 2702 3288 °
2724 3266 3010 3307 commune
3037 3265 3275 3321 superno
3302 3251 3360 3308 in
3385 3253 3598 3311 lumine
3622 3254 3866 3313 Celsum

557 3340 663 3398 555
704 3361 724 3392 ι
761 3340 995 3411 Tempus
1022 3341 1205 3408 adest;
1235 3356 1406 3411 prope
1429 3342 1540 3413 jam
1584 3342 1841 3398 Dominus
1876 3360 1893 3397 :
1942 3359 2138 3415 prope-
2237 3344 2345 3400 580
2518 3340 2734 3398 Credite
2763 3341 3008 3397 vivorum
3042 3341 3184 3397 lacte
3212 3341 3459 3412 favisque
3491 3346 3623 3401 frui.

1728 3436 1869 3509 [ηδε
1886 3435 2067 3506 Parati
2380 3435 2484 3490 Aut
2502 3433 2650 3489 illum
2671 3433 2877 3502 gremio
2906 3440 3192 3505 exceptum
3217 3433 3366 3489 fovet
3393 3435 3663 3493 Abramio
3697 3441 3772 3506 ¹¹,

843 3528 1001 3597 Regis
1029 3528 1097 3583 ad
1143 3540 1448 3590 occursum,
1480 3524 1608 3581 dum
1652 3525 1832 3581 brevis
1874 3526 2009 3582 hora
2036 3540 2136 3597 pa-
2520 3524 2589 3579 Et
2616 3523 2842 3580 blandus
2869 3523 3020 3593 digiti
3048 3539 3174 3580 rore
3193 3523 3421 3581 Eleazar
3442 3526 3541 3581 alit
3573 3537 3640 3595 τις

1838 3620 1944 3697 [ιρι
1968 3618 2011 3675 ί,
2040 3639 2061 3675 ι
2381 3616 2491 3673 Aut
2519 3625 2640 3672 eum
2678 3616 2927 3671 Bethlaeis
2944 3616 3239 3672 infantibus
3268 3618 3323 3671 in
3345 3619 3632 3688 paradiso;

701 3714 917 3769 Utimini
944 3716 1132 3769 vestris
1160 3710 1351 3782 opibus
1378 3712 1579 3782 pietate
1606 3711 1858 3780 benigna,
2517 3708 2663 3776 Quos
2684 3709 2857 3763 malus
2885 3707 3125 3764 Herodes
3146 3710 3379 3779 perculit
3408 3710 3617 3767 invidia
3645 3724 3701 3780 ιι,

844 3807 1206 3875 Radicemque
1231 3806 1355 3860 mali
1388 3805 1568 3861 vellite
1595 3804 1922 3875 pectoribus.
2241 3802 2347 3859 585
2380 3802 2527 3860 Inter
2552 3802 2841 3858 odoratum
2864 3802 3000 3856 ludit
3027 3817 3234 3867 nemus,
3266 3812 3432 3873 atque
3460 3819 3710 3862 coronas

700 3899 877 3956 Corde
912 3900 1131 3968 inopum
1165 3906 1353 3951 VDSll‘aB
1399 3898 1631 3967 pretium
1660 3895 1968 3953 concluditc
1993 3894 2134 3961 vitae,
2522 3894 2680 3949 Texit
2703 3894 3034 3949 honorandis
3054 3895 3273 3966 pnemia
3302 3896 3660 3967 martyribus.

557 3993 660 4048 540
838 3991 903 4046 Et
931 3994 1105 4061 capita
1133 3994 1382 4060 expensis
1402 3990 1585 4059 ungite
1605 3997 1782 4043 vestra
1798 3989 1923 4060 piis.
2381 3986 2598 4042 Talibus
2618 3986 2894 4041 immixtus
2925 3984 3126 4054 Regem
3152 3987 3505 4042 comitabitur
3528 3987 3788 4060 Agunm,

698 4086 964 4153 (laetaque
993 4084 1289 4139 lambentes
1318 4082 1529 4137 Domini
1556 4082 1776 4149 vestigia
1807 4079 2024 4145 Christi,
2523 4078 2785 4148 Virgineis
2812 4078 2986 4133 infans
3012 4078 3225 4133 additus
3250 4080 3575 4148 agminibus.

840 4176 1124 4245 Di‘tergetc
1153 4176 1322 4231 comis
1349 4185 1375 4223 ε
1398 4176 1577 4239 ambo,
1605 4176 1781 4229 lavate
1800 4175 1989 4229 oculis.
2381 4170 2557 4237 Celse,
2578 4170 2858 4226 beatorum
2886 4178 3048 4226 casta:
3071 4186 3207 4241 puer
3225 4171 3403 4226 incola
3430 4181 3629 4239 terrm;

700 4268 757 4325 Si
778 4267 1101 4323 desiderium
1130 4274 1213 4321 est
1234 4263 1375 4321 Celsi
1404 4266 1521 4321 sine
1547 4266 1652 4319 ﬁne
1675 4264 1903 4331 fruendi,
2241 4262 2346 4317 590
2520 4259 2696 4329 Celse,
2728 4262 2881 4318 dolor
2905 4262 3167 4332 patrihus,
3194 4263 3372 4331 gloria
3399 4262 3560 4320 Celse
3590 4278 3836 4336 patrum
3853 4290 3875 4302 -

840 4360 932 4416 Sic
950 4361 1111 4429 agite,
1143 4368 1204 4414 ut
1226 4361 1374 4414 vobis
1402 4360 1527 4414 aula
1553 4355 1582 4398 ιλ
1611 4358 1798 4414 eadem
1823 4365 2028 4429 pateat.
2381 4353 2560 4425 Celse,
2597 4370 2757 4411 amor
2791 4364 2848 4411 et
2884 4355 3243 4424 desiderium,
3272 4356 3568 4420 lumenque
3599 4367 3879 4430 tuorum,

557 4454 662 4511 ὗειεῖ
701 4456 832 4510 Nam
854 4469 1016 4523 quem
1044 4460 1225 4507 sarieta
1256 4450 1406 4517 ﬁdes,
1432 4460 1485 4505 et
1509 4451 1688 4506 nescia
1717 4451 1957 4505 criminis
1978 4457 2113 4504 a-tas
2522 4447 2696 4513 Celse,
2720 4448 2900 4504 brevis
2930 4449 3082 4503 nobis
3104 4450 3294 4518 gratia,
3318 4450 3480 4517 longa
3510 4451 3635 4506 tibi.

823 4546 890 4600 Et
916 4546 999 4614 pia
1028 4560 1181 4600 mens
1207 4553 1359 4599 casto
1388 4557 1615 4613 corpore
1631 4542 1925 4607 continuit;
2381 4541 2492 4599 Sed
2520 4551 2697 4597 tamen
2722 4552 2777 4597 et
2795 4541 2952 4597 nobis
2990 4542 3191 4611 poterit
3229 4550 3319 4596 tua
3346 4544 3521 4610 gratia
3570 4553 3594 4582 ι’
3623 4544 3879 4616 longum

699 4638 858 4694 Certa
881 4639 1030 4701 ﬁdes,
1057 4637 1141 4692 illa
1168 4651 1421 4706 superum
1457 4635 1677 4703 regione
1706 4633 1888 4703 potiri,
2163 4633 2215 4692 Ι)
2522 4635 2735 4702 Vivere,
2758 4634 2803 4689 si
2823 4634 2991 4689 nostri
3013 4634 3086 4688 sis
3116 4648 3325 4688 memor
3352 4633 3419 4687 ad
3451 4635 3791 4694 Dominum.

842 4730 964 4796 igne
985 4744 1090 4798 qua
1111 4739 1327 4785 sanctos
1365 4727 1595 4797 protegit
1626 4741 1717 4780 ara
1740 4725 1853 4782 Dei.
2382 4726 2622 4796 Namque
2643 4729 2697 4781 in
2718 4735 2773 4782 te
2794 4726 2940 4795 parvi
2970 4726 3507 4804 meritisingentibus
3537 4730 3645 4784 :evi

704 4842 724 4875 ι
764 4822 1021 4878 Sciamus
1049 4836 1201 4889 ergo,
1230 4821 1358 4875 boni
1401 4820 1613 4881 lratres,
1647 4819 1715 4875 de
1735 4818 1960 4891 pignore
1994 4819 2011 4856 ί
2040 4832 2137 4873 ve-
2529 4819 2791 4888 Tempore
2819 4820 2925 4873 vita
2956 4819 3153 4884 brevis,
3184 4819 3281 4873 sed
3313 4818 3519 4888 pietate
3546 4829 3792 4889 potens.

1936 4909 2069 4983 {stre
2383 4910 2592 4966 Talium
2613 4911 2755 4967 enim
2785 4910 2908 4966 coeli
2930 4924 3157 4977 regnum
3182 4908 3329 4965 Deus
3359 4925 3480 4965 esse
3510 4913 3812 4982 profatur,

561 5011 665 5068 550
842 5008 950 5063 Vos
972 5008 1046 5063 ita
1073 5005 1292 5065 tristari,
1322 5011 1592 5071 tamquam
1623 5003 1868 5058 homines
1889 5016 2088 5056 vacuos
2120 5018 2134 5053 :
2470 5060 2477 5067 ,
2519 5000 2701 5068 Qualis
2725 5017 2847 5056 eras
2872 5015 2988 5055 aevo
3017 5008 3194 5054 mente
3216 4996 3430 5068 ﬁdeque
3450 5016 3627 5071 puer;
3698 5052 3701 5053 ν

700 5100 829 5157 Nam
858 5098 901 5152 si
928 5106 1075 5151 certa
1102 5094 1231 5148 fides
1254 5093 1426 5156 vobis,
1455 5091 1579 5159 quia
1601 5090 1849 5146 Christus
1877 5089 2028 5145 Iesus
2381 5094 2563 5162 Qualis
2586 5103 2642 5150 et
2670 5095 2756 5149 ille
2779 5094 2876 5149 fuit
2903 5103 3105 5159 noster,
3137 5103 3259 5149 tuus
3288 5094 3380 5155 ille
3399 5096 3551 5151 beati

845 5188 1088 5242 Mortuus
1108 5194 1207 5245 est,
1236 5192 1285 5237 et
1319 5198 1460 5237 nunc
1489 5182 1618 5235 vivit
1643 5181 1697 5235 in
1728 5196 1853 5237 arce
1873 5180 2003 5245 Dei;
2240 5186 2342 5241 δυο
2518 5185 2778 5252 Nominis,
2809 5186 3008 5239 accitus
3028 5194 3273 5253 tempore
3299 5201 3410 5253 quo
3430 5187 3597 5243 datus
3631 5201 3750 5261 est,

637 5335 659 5364 ι
688 5323 741 5378 Μ
770 5329 853 5378 est.
882 5332 1143 5390 raperem.
2316 5339 2327 5371 ι
2374 5322 2568 5375 Paulus
2593 5319 2727 5375 Vide
2749 5338 2836 5391 cp.
2869 5320 2955 5384 50,
2991 5338 3043 5391 ην.
3073 5318 3122 5383 5,
3145 5330 3199 5376 et
3229 5338 3280 5376 γ.
3309 5321 3438 5377 353.

634 5398 659 5434 1.
690 5396 730 5448 ῃ
759 5395 886 5448 Cur.
917 5408 1032 5450 vui,
2314 5390 2337 5427 ιε
2369 5391 2595 5445 l'l‘hess.
2622 5407 2694 5455 iv,
2731 5390 2813 5455 l5,
2848 5390 2935 5454 l4,
2969 5390 3055 5453 15,
3082 5390 3169 5446 16.

639 5479 660 5506 ε
694 5466 709 5519 Ι
741 5465 867 5519 Cor.
893 5481 929 5525 ι,
969 5463 1055 5514 ‘27.

2324 5463 2339 5500 ι
2370 5461 2386 5514 l
2412 5462 2537 5516 Cor.
2573 5479 2657 5527 xv,
2688 5461 2737 5514 ii.

633 5539 657 5574 ιί
693 5536 828 5589 Vide
857 5549 1024 5587 carm.
1055 5531 1139 5597 “l7,
1171 5548 1225 5587 κ.
1255 5530 1382 5585 468.

1171 5548 1225 5587 κ.
1255 5530 1382 5585 468.
2320 5543 2356 5569 τη
2384 5531 2515 5586 Vide
2538 5542 2649 5585 net.
2683 5532 2802 5586 538.

634 5617 657 5645 ο
683 5607 814 5661 Luc.
850 5621 938 5667 νη,
970 5601 1057 5657 58.

2318 5612 2343 5639 ι’
2378 5602 2395 5654 1
2426 5602 2612 5656 Thess.
2646 5619 2717 5667 iv,
2754 5602 2834 5655 l7.

638 5678 659 5716 ί
694 5677 851 5731 Ῐὶυιιι.
884 5690 995 5735 xui.
1033 5673 1114 5725 ll.

2321 5684 2343 5705 υ
2376 5672 2511 5726 Vide
2543 5688 2681 5727 vers.
2716 5671 2838 5725 δὶς).

636 5757 659 5797 ε
694 5747 825 5803 Vide
852 5761 937 5814 ep.
973 5744 1062 5811 es,
1092 5761 1142 5796 ιι.
1176 5742 1266 5798 55.
1516 5812 1525 5814 4
1656 5803 1684 5814 _.

1516 5812 1525 5814 A
1656 5803 1684 5814 _.
2320 5755 2344 5791 ι’
2374 5743 2500 5814 Luc.
2533 5758 2641 5805 xvi,
2674 5744 2742 5814 ‘23
2768 5754 2819 5797 et
2846 5742 2932 5798 ει,

634 5816 659 5853 ιι
688 5817 741 5871 id
770 5826 847 5871 est
870 5811 1068 5873 eiiciam.
1102 5814 1234 5869 Vide
1264 5828 1428 5868 carm.
1463 5812 1548 5876 15,
1580 5828 1625 5865 vi
1653 5811 1706 5867 ὅ.
2317 5823 2343 5862 ει
2374 5813 2559 5867 Matth.
2596 5830 2650 5876 ll,
2682 5813 2762 5868 lli.

643 5886 656 5923 ί
690 5886 748 5943 Id
767 5887 1003 5952 estﬁlio.
1036 5887 1167 5941 Vide
1184 5900 1351 5941 carm.
1376 5883 1462 5947 18,
1484 5899 1535 5938 v.
1566 5881 1688 5938 200.
2316 5895 2338 5920 ι’
2368 5882 2500 5936 Vide
2537 5899 2675 5940 vers.
2709 5882 2830 5951 i515,
2855 5892 2907 5939 et
2935 5899 3018 5954 ep.
3051 5880 3139 5948 ‘29,
3171 5899 3228 5939 rt.
3254 5881 3312 5941 8.
