4138 6440
319 302 425 358 689
957 321 960 324 ’
1437 302 1674 362 ΡΟΕΜΔ
1706 301 1953 363 υιτιιιῑ

2018 303 2042 360 ’.
2084 299 2475 360 ΡΒᾸΞΡΑΤΙΟ.
3545 301 3652 356 690

465 415 730 488 Exoptata
761 416 850 474 diu
871 419 1110 487 soboles,
1142 435 1245 476 nec
1266 420 1504 491 praestita
1535 419 1713 487 nobis,
1965 427 2013 485 Α
2183 415 2332 485 Quot
2356 417 2478 486 tibi,
2505 413 2684 480 Celse,
2715 414 2889 473 annis.
2925 415 3151 470 totidem
3200 415 3275 471 illi
3319 416 3428 472 vita
3455 415 3646 473 diebus

617 509 867 568 Gaudere
899 511 1131 582 indignis
1152 513 1478 583 posteritate
1504 515 1590 584 pia
1624 531 1639 567 :
2332 509 2568 585 ﬂausta;
2590 511 2685 564 sed
2714 508 2804 564 ille
2824 510 3027 577 minor,
3049 525 3155 579 qua
3174 509 3325 581 prior
3348 521 3432 567 est
3447 510 3644 566 sanior.

463 600 748 658 Credimus
774 606 994 660 aeternis
1024 604 1172 659 illum
1204 604 1321 671 tibi,
1351 605 1530 671 Celse,
1560 606 1748 677 viretis
1780 604 1824 638 ”
2183 603 2316 660 Nam
2372 604 2552 659 minor
2598 611 2705 672 est,
2739 602 2794 658 in
2832 618 2943 674 quo
2972 603 3110 658 vixit
3155 605 3366 672 minus;
3406 613 3646 661 attamen

568 756 572 760 ,
607 695 916 777 L'etitizeet
943 699 1068 753 vita:
1098 698 1283 754 ludere
1306 698 1648 769 participem,
1857 754 1860 757 ,
3414 697 3580 770 [idem

321 789 427 844 665
467 791 638 858 Quem
668 790 1044 862 Complutensi
1096 791 1480 848 mandavimus
1515 791 1674 860 urbe,
1704 789 1930 863 propin-
2037 790 2144 848 εει)
2324 791 2442 859 Qua
2464 789 2614 862 prior
2634 789 2919 856 abscessit,
2949 803 3094 844 nunc
3119 789 3190 845 ibi
3223 797 3276 844 te
3303 791 3508 845 senior.

1716 887 1862 963 [quis
2180 886 2362 956 Celse,
2414 892 2513 942 tuo
2553 901 2678 942 cum
2734 885 2901 940 fratre
2953 883 3064 940 tuis
3102 883 3334 956 (quibus
3377 883 3629 940 addimur

601 977 962 1049 Confunctum
1005 979 1196 1036 tumuli
1246 980 1456 1039 ﬁndere
1501 983 1832 1056 martyribus
1871 992 1930 1049 ”;
3371 977 3579 1050 [adstat

464 1068 535 1126 Ut
555 1070 622 1127 de
651 1072 830 1130 vicino
855 1081 1169 1129 sanctorum
1197 1075 1461 1146 sanguine
1483 1073 1511 1114 υ
1531 1075 1720 1140 ducat,
2324 1073 2458 1130 Nam
2489 1079 2583 1128 tua
2610 1071 2680 1128 de
2702 1072 2882 1144 patrio
2910 1071 3176 1143 sanguine
3206 1086 3340 1126 vena
3370 1086 3579 1125 sumus.

605 1163 726 1234 Quo
751 1173 968 1223 nostras
991 1167 1084 1223 illo
1109 1175 1307 1239 purget
1335 1169 1388 1222 in
1411 1169 1534 1235 igne
1555 1167 1784 1223 animas.
2179 1169 2316 1226 Cum
2345 1175 2504 1240 patre
2524 1164 2853 1222 Pneumatio
2873 1208 2894 1234 ,
2921 1163 3085 1221 simul
3111 1171 3171 1220 et
3209 1180 3332 1219 cum
3361 1172 3537 1219 matre
3561 1161 3647 1218 Fi-

465 1258 630 1316 Forte
668 1261 872 1316 etenim
912 1261 1072 1317 nobis
1117 1278 1337 1332 quoque
1367 1263 1749 1333 peccatoribus
1777 1263 1926 1327 olim,
3446 1259 3602 1332 [deli

297 1353 427 1410 "8l0
603 1353 893 1425 Sanguinis
923 1358 1040 1414 hsce
1069 1357 1242 1413 nostri
1269 1360 1481 1428 guttula
1522 1358 1704 1415 lumen
1731 1360 1857 1414 erit.
2323 1355 2421 1413 Dic
2449 1355 2570 1412 et“
2598 1353 2885 1410 Paulinum
2908 1352 3334 1424 Therasiamque
3361 1361 3503 1407 tuos.

462 1446 642 1515 Celse,
663 1447 794 1516 juva
816 1447 1042 1506 fratrem
1072 1450 1219 1506 socia
1251 1450 1456 1523 pietate
1483 1448 1763 1519 laborans,
2036 1449 2144 1506 625
2183 1448 2255 1506 Ut
2283 1449 2552 1521 precibus
2571 1462 2866 1505 commune
2891 1447 3000 1503 tuis
3021 1445 3320 1502 miserante
3352 1444 3648 1502 habeamus

612 1539 682 1597 Ut
709 1553 889 1598 vestra
913 1542 1074 1600 uobis
1093 1543 1166 1598 sit
1193 1544 1349 1600 locus
1376 1544 1429 1599 in
1459 1545 1671 1614 requie.
2324 1541 2642 1599 Pncsidium
2671 1541 2890 1598 Christo
2917 1555 3019 1596 nos
3054 1554 3296 1613 quoque,
3338 1536 3516 1605 Celse,
3547 1537 3647 1594 tui.

466 1634 644 1693 Vivite
669 1636 984 1710 participes,
1011 1647 1035 1679 ε
1063 1645 1328 1717 aeternum
1359 1639 1542 1705 vivite,
1577 1637 1796 1704 fratres,
2179 1638 2292 1696 Sed
2333 1647 2516 1695 tamen
2545 1644 2604 1693 et
2643 1634 2805 1723 napis
2832 1641 3085 1705 superest
3112 1647 3338 1704 operam
3365 1632 3519 1697 dare,
3543 1646 3648 1702 qua

601 1729 672 1786 Et
700 1731 855 1788 laetos
870 1731 1110 1803 dignum
1133 1747 1235 1803 par
1261 1731 1506 1788 habitate
1531 1733 1706 1803 locos,
3497 1725 3576 1800 [ιθ

316 1819 426 1877 615
459 1818 825 1900 θετωο
850 1823 1212 1898 lnnocuisque
1234 1840 1395 1898 pares
1420 1826 1654 1895 meritis,
1702 1836 1929 1898 peccata
1968 1826 2010 1885 Β
2324 1827 2602 1885 Possimus
2622 1825 2785 1883 simili
2807 1824 3156 1897 simplicitate
3182 1822 3360 1895 sequi.

1521 1923 1856 1994 lparentum.
2177 1920 2315 1978 Tum
2347 1930 2536 1977 nostro
2563 1919 2699 1978 socii
2731 1919 2808 1990 (ιι)
2837 1918 3142 1992 poterimus
3181 1916 3365 1973 vivere
3398 1911 3561 1970 Celso
3595 1922 3644 1978 ε.

601 2013 862 2082 Infantes,
892 2017 1061 2074 castis
1083 2001 1288 2074 vincite
1316 2015 1587 2086 suﬂ'ragiis
1611 2014 1660 2072 ἀ.
2032 2014 2136 2071 650
2317 2015 2501 2073 Dulcis
2525 2025 2585 2072 et
2608 2024 2874 2072 arternum
2903 2012 2922 2052 τ
2965 2012 3213 2085 pignoris
3239 2025 3366 2070 esse
3391 2024 3597 2082 pares...

387 2180 412 2210 ⁸
446 2172 581 2230 Vitle
606 2183 721 2229 not.
752 2172 878 2229 339.

2107 2189 2130 2214 θ
2163 2178 2298 2236 Vide
2321 2184 2435 2234 not.
2467 2175 2595 2232 549.

387 2241 418 2281 δ
450 2243 580 2300 Vide
609 2255 726 2302 not.
749 2241 874 2300 540.

2107 2249 2126 2288 ί
2160 2251 2296 2306 Vide
2322 2266 2468 2306 vers.
2501 2248 2627 2304 615.

391 2326 416 2395 ξ
442 2315 585 2395 ille
612 2334 754 2374 νενε·
780 2316 910 2395 δὲῗξς
941 2317 1065 2385 .650.
1098 2326 1359 2395 efﬁcarm.
1391 2317 1486 2384 25,
1515 2318 1814 2395 versam.
1861 2389 1876 2395 _
2110 2324 2192 2395 (α)
2217 2321 2295 2378 Ita
2324 2321 2666 2395 restituimus
2708 2321 3068 2395 a_nt_iquam_et
3086 2315 3430 2395 verissimam
3453 2312 3646 2395 lectio-

383 2383 411 2424 ⁴¹
442 2387 578 2465 Vide
616 2405 786 2445 carm.
817 2383 1087 2465 igjcrs.
1121 2388 1251 2456 295,
1295 2397 1350 2446 et
1374 2383 1547 2450 carui.
1589 2391 1614 2444 ί
1652 2389 1924 2465 Append.,
2034 2383 2712 2465 nem'exgmssmodicibus
2727 2383 2879 2462 Belg.
2903 2390 3117 2465 etﬁeg.
3141 2397 3198 2445 et
3225 2383 3644 2465 ediﬁSchotJu

317 2471 460 2518 vers.
501 2459 591 2529 74,
625 2470 683 2518 et
710 2471 828 2519 not.
859 2461 987 2517 541.
1700 2458 1716 2464 ⁷
1738 2458 1754 2465 ”
2046 2480 2220 2538 marg.
2248 2463 2452 2523 Omnes
2473 2465 2630 2536 editi,
2660 2458 2940 2535 possimus.
2975 2458 3111 2518 Vide
3131 2468 3248 2518 not.
3270 2458 3399 2516 542.

936 2681 1099 2766 AD
1185 2681 1278 2767 S.
1358 2679 1846 2769 PAULINI
1923 2683 2346 2769 POEMA
2436 2681 3010 2770 ULTIMUM

1779 2840 2312 2906 ΡΒᾸΞΕΔΤΙΟ.

383 3031 554 3106 ωε
577 3061 606 3078 -
627 3031 795 3109 σου
821 3029 1298 3091 Prmelarissimum
1329 3034 1434 3090 hoc
1472 3032 1533 3091 S.
1567 3033 1779 3092 Paulini
1807 3045 2030 3094 carmen
2061 3035 2116 3092 in
2146 3036 2394 3094 ethnicos
2423 3044 2548 3110 post
2580 3054 2672 3094 xm
2701 3037 2947 3094 Natalem
2976 3037 3331 3109 subsequitur
3372 3036 3426 3092 in
3457 3037 3660 3094 codice:

315 3136 528 3184 nostro.
559 3125 725 3182 Multa
769 3125 841 3182 ibi
871 3127 1127 3195 eruditio,
1159 3137 1216 3184 et
1251 3127 1445 3185 solitus
1480 3137 1656 3199 poeta:
1691 3129 2125 3200 eloquentissimi
2163 3131 2406 3203 spiritus.
2441 3131 2680 3188 Primum
2719 3133 2773 3189 in
2814 3129 3052 3200 Judzeos,
3083 3133 3138 3188 in
3185 3133 3415 3204 gentiles
3456 3119 3650 3189 deinde

315 3230 508 3294 (ertur,
535 3236 771 3292 quorum
796 3223 1040 3288 numina,
1071 3220 1283 3280 variam
1307 3223 1736 3295 philosOphiam,
1762 3239 2086 3295 erroresque
2116 3223 2377 3297 plurimos
2404 3233 2581 3282 notat.
2613 3223 2729 3282 lloc
2755 3242 2894 3298 opus
2923 3226 3072 3281 inuui
3096 3235 3305 3284 certum
3334 3225 3571 3282 arbitror
3599 3225 3652 3282 in

314 3319 477 3390 epist.
507 3317 578 3373 54
606 3315 666 3374 S.
684 3314 988 3388 Augustini
1013 3317 1081 3373 ad
1113 3316 1400 3374 Paulinum
1425 3320 1501 3374 ita
1531 3319 1818 3376 scribentis
1844 3338 1856 3372 :
1888 3306 2148 3376 Adversus
2171 3339 2409 3394 paganos
2440 3332 2490 3379 te
2519 3322 2743 3378 scribere
2764 3321 2924 3377 didici
2951 3340 3017 3378 ex
3043 3323 3315 3395 fratribus.
3348 3321 3412 3380 Si
3437 3323 3563 3396 quid
3591 3322 3650 3376 da

315 3425 405 3471 tuo
433 3427 640 3488 pectore
658 3433 939 3484 meremur,
965 3417 1326 3489 indifferenter
1349 3419 1519 3488 mitte,
1541 3428 1598 3473 at
1622 3419 1894 3491 legamus;
1920 3434 2043 3472 nam
2073 3429 2250 3488 pectus
2275 3427 2421 3474 tuum
2446 3418 2552 3474 tale
2581 3417 2798 3474 Domini
2825 3417 3092 3474 oraculum
3116 3425 3215 3486 est,
3242 3425 3299 3471 ut
3326 3433 3393 3471 ea:
3417 3433 3479 3473 eo
3505 3415 3652 3472 nobis

313 3521 422 3570 tam
445 3510 643 3585 placita
667 3522 720 3567 et
745 3513 994 3568 adversus
1019 3513 1421 3586 loquacissimus
1449 3515 1762 3585 qua’stioues
1789 3511 2208 3584 explicatissima
2235 3511 2354 3566 dari
2383 3526 2637 3583 respousa
2665 3526 3064 3582 prasumamus.
3112 3507 3451 3580 Opinabatur
3471 3509 3653 3564 forsan

314 3604 649 3674 Augustinus
669 3614 930 3662 statutum
953 3605 1118 3663 fuisse
1141 3605 1368 3663 Paulino
1395 3608 1704 3664 universam
1725 3606 2068 3662 ethnicorum
2095 3605 2394 3664 confodere
2414 3606 2879 3678 superstitionem,
2907 3605 3002 3662 sed
3032 3603 3339 3675 hujusmodi
3368 3603 3651 3660 consilium

312 3705 490 3770 poetae
517 3713 675 3755 sacro
704 3715 817 3755 non
854 3698 1175 3769 obvenerat,
1206 3701 1294 3757 cui
1325 3709 1532 3757 tantum
1572 3702 1776 3773 placuit
1804 3716 2140 3774 paganorum
2171 3700 2469 3772 explicare,
2499 3717 2610 3757 non
2649 3701 2888 3758 refutare
2916 3700 3266 3757 dementiam.
3299 3698 3470 3756 Fama
3508 3696 3652 3754 aliud

313 3793 617 3861 Augustino
645 3795 838 3863 suasit,
867 3803 930 3852 ut
953 3797 1153 3852 mirum
1178 3812 1287 3852 non
1317 3795 1390 3852 sit
1414 3796 1461 3852 si
1493 3812 1524 3851 a
1554 3794 1782 3853 Paulino
1814 3797 2226 3868 loquacissimas
2253 3799 2584 3869 quzestiones
2605 3798 2906 3868 explicatas
2933 3795 3174 3869 opperiri
3194 3812 3255 3853 se
3273 3794 3440 3852 dicat.
3483 3793 3652 3850 Certe

313 3885 358 3941 si
387 3884 644 3942 Paulinus
667 3887 945 3957 egregium
966 3888 1182 3958 aliquod
1214 3904 1352 3959 opus
1381 3890 1433 3944 in
1456 3903 1701 3961 paganos
1724 3889 2072 3946 scribendum
2099 3891 2446 3963 suscepisset,
2471 3889 2783 3946 Gennadius
2809 3889 2928 3960 ejus
2955 3891 3154 3962 scripta
3177 3903 3652 3946 recensensmen-

311 3979 517 4038 tionem
547 3981 781 4052 aliquam
812 3983 1108 4054 iniecisset.
1145 3982 1409 4055 Superest
1445 3983 1609 4054 igitur
1638 3991 1699 4038 ut
1751 3983 1820 4039 ab
1849 3984 2044 4039 eodem
2073 3991 2266 4040 sancto
2303 3986 2561 4054 exiguum
2596 3986 2700 4042 hac
2730 3984 2800 4040 de
2840 3999 2900 4042 re
2933 4000 3072 4056 otius
3107 3982 3445 4040 elaboratum
3490 3978 3652 4036 fuisse

313 4078 574 4146 dicamus,
614 4078 920 4149 cuiusmodi
950 4086 1034 4135 est
1063 4080 1231 4135 hocce
1260 4096 1477 4152 poema.
1511 4079 1650 4146 Quin
1689 4088 1747 4135 et
1778 4079 2082 4136 elucubrati
2113 4081 2277 4136 libelli
2325 4089 2538 4153 tempus
2565 4081 2937 4151 conjecturam
2975 4088 3219 4135 nostram
3250 4077 3388 4134 tueri
3420 4076 3652 4133 videtur.

313 4171 531 4245 Olybrio
575 4181 629 4229 et
651 4169 886 4227 Probino
911 4189 1074 4242 coss.,
1106 4174 1280 4244 inquit
1312 4171 1548 4245 Prosper
1577 4175 1631 4229 in
1661 4172 1865 4231 Chron.
1901 4175 2030 4249 (hoc
2059 4184 2144 4232 est
2171 4191 2318 4231 anuo
2349 4176 2562 4234 Domini
2592 4175 2718 4247 595)
2751 4173 3166 4247 AugustinusB.
3194 4172 3458 4230 Ambrosii
3479 4170 3648 4228 disci-

311 4269 464 4342 pulus
493 4268 659 4323 multa
688 4269 958 4341 facundia,
995 4268 1354 4341 doctrinaque-
1366 4268 1628 4324 excellens
1661 4266 1905 4341 Hippone
1935 4267 2101 4344 Regio
2128 4271 2184 4325 in
2216 4269 2396 4344 Africa
2424 4272 2694 4344 episcopus
2723 4270 3018 4325 ordinatur.
3062 4268 3186 4322 Sum
3214 4281 3382 4337 porro
3421 4265 3646 4322 ordinas

310 4363 479 4420 tionis
506 4373 781 4433 tamquam
812 4380 986 4436 nuper
1017 4364 1172 4421 facta:
1201 4363 1498 4421 certiorem
1537 4361 1822 4418 Paulinum
1852 4362 2183 4433 Augustinus
2221 4363 2350 4422 facit
2388 4366 2441 4422 in
2481 4365 2672 4422 eadem
2705 4363 3041 4434 supracitata
3084 4362 3332 4435 epistola,
3366 4361 3498 4419 dum
3525 4363 3645 4418 ait:

310 4458 432 4526 Qua
462 4457 714 4515 Ecclesia
738 4476 865 4514 cura
893 4469 1098 4531 tenear,
1126 4479 1192 4516 ea:
1222 4461 1319 4516 hoc
1354 4472 1527 4516 vestra
1563 4463 1761 4516 caritas
1786 4469 1989 4532 oportet
2013 4462 2276 4526 auendat,
2306 4462 2445 4533 quod
2473 4461 2806 4516 beatissimus
2847 4469 2998 4530 pater
3035 4457 3275 4515 Valerius
3303 4475 3397 4517 nec
3437 4457 3652 4530 presby—

311 4565 478 4610 terum
502 4571 586 4610 me
605 4572 721 4612 esse
739 4571 890 4611 suum
916 4573 1102 4625 passus
1129 4565 1224 4621 est,
1252 4556 1356 4611 nisi
1382 4556 1640 4627 majorem
1676 4554 1804 4610 mihi
1832 4554 2224 4626 coepiscopatus
2248 4558 2515 4609 sarcinam
2548 4554 2859 4626 imponeret,
2898 4561 3006 4608 etc.
3039 4549 3168 4606 llaec
3198 4566 3330 4620 ergo
3357 4551 3647 4620 Augustini

312 4648 544 4720 epistola
572 4656 666 4704 aut
702 4651 804 4706 sub
835 4647 998 4705 finem
1034 4648 1164 4704 anui
1195 4647 1320 4715 595,
1353 4655 1447 4704 aut
1488 4647 1593 4704 sub
1631 4647 1844 4702 initium
1886 4645 2273 4716 subsequentis
2315 4645 2506 4718 procul
2553 4645 2721 4700 dubio
2765 4645 2987 4714 scripta.
3044 4641 3115 4698 Ut
3157 4643 3302 4698 enim
3350 4641 3652 4701 Cbiftlctius

313 4752 469 4816 parte
497 4742 555 4812 2,
584 4759 706 4816 cap.
743 4743 800 4813 8,
854 4741 1062 4798 l'aulin.
1107 4741 1306 4797 lllustr.
1348 4739 1620 4807 ostendit,
1657 4741 1887 4811 contigit
1929 4738 2201 4796 ordinatio
2245 4737 2531 4805 Augustini
2568 4743 2689 4808 post
2733 4734 2972 4791 medium
3009 4732 3363 4790 Decembrem
3404 4735 3648 4806 ejusdem

313 4839 441 4895 anni
469 4837 593 4895 595.
625 4840 813 4910 itaque
855 4839 964 4896 hoc
1011 4854 1156 4894 anno
1195 4835 1457 4894 adversus
1501 4850 1742 4908 paganos
1787 4834 2046 4890 Paulinus
2094 4843 2282 4889 uoster
2321 4832 2537 4903 scriptis
2567 4831 2864 4903 pugnabat.
2903 4829 3096 4886 Nolam
3137 4828 3228 4885 hic
3263 4846 3324 4885 se
3364 4840 3651 4902 receperat

312 4934 543 4992 cadente
569 4951 659 4991 an.
691 4934 793 4990 Ch.
825 4930 950 5000 ⁵594,
983 4933 1168 5005 ibique
1204 4939 1478 4988 maturato
1504 4933 1876 4990 conversionis.
1909 4949 2019 4988 sua:
2047 4931 2278 4988 consilio
2307 4929 2810 5002 prtestantissimam
2837 4927 3160 4985 Christiane
3187 4927 3308 4986 vita:
3339 4929 3653 4992 methodum

315 5043 597 5101 aggressus
626 5028 818 5086 fuerat.
850 5030 967 5088 Hoc
990 5046 1121 5088 vero
1150 5030 1298 5087 idem
1327 5031 1613 5088 consilium
1644 5033 1816 5101 tangit
1841 5030 2001 5102 hujus
2029 5025 2300 5101 poematis
2332 5030 2488 5085 initio
2517 5027 2602 5084 his
2629 5028 2812 5084 verbis
2837 5041 2852 5076 :

1064 5171 1298 5236 Discusii,
1324 5173 1499 5233 fateor,
1530 5183 1713 5234 τιθείης,
1739 5173 1998 5236 Antonius,
2017 5183 2213 5233 omnes,

1066 5227 1528 5298 l’luritn‘a'qumiti.
1555 5249 1646 5297 per
1668 5227 1866 5297 singula
1889 5227 2105 5296 qumque
2128 5227 2352 5294 cucurri,

1063 5299 1164 5349 Sed
1189 5300 1312 5349 nihil
1343 5302 1506 5350 imeui
1526 5299 1727 5362 melius,
1743 5310 1888 5361 quam
1916 5299 2129 5350 erodere
2154 5298 2368 5350 Chrisw.

314 5423 545 5486 Uberius
568 5426 677 5484 hoc
698 5429 980 5500 sequentia
1008 5430 1285 5487 evincunt.

1061 5567 1180 5632 Haec
1205 5581 1304 5632 ego
1325 5574 1497 5620 cuncta
1520 5571 1673 5631 prius,
1695 5565 1882 5616 clarum
1905 5577 2014 5615 rum
2041 5562 2205 5632 lumen
2229 5562 2456 5626 adt-plus,

1063 5629 1350 5696 bieque‘diu
1370 5629 1613 5696 incertum
1638 5643 1686 5696 et
1723 5629 2204 5696 tittitcmpestatibus
2228 5637 2392 5678 actum

1056 5692 1232 5744 Sancta
1256 5695 1461 5746 salutari
1482 5695 1703 5756 suscepit
1730 5692 1918 5744 Eciesia
1940 5701 2103 5752 portu,

1061 5757 1275 5821 Postque
1301 5771 1450 5821 vagos
1471 5754 1648 5808 {luctus
1670 5757 1933 5821 tranquula
1963 5759 2008 5802 in
2030 5757 2150 5821 sede
2175 5754 2372 5813 locavit,

1064 5819 1126 5882 lit
1148 5817 1266 5870 mihi
1283 5817 1386 5882 μιιῖ
1405 5821 1548 5871 liceat.
1571 5823 1772 5871 detersa
1797 5817 1931 5869 nube
1957 5817 2199 5866 malorum

1060 5881 1310 5946 Tempore
1333 5887 1572 5950 promisso
1594 5885 1760 5936 lucem
1780 5896 1989 5947 sperare
2013 5893 2266 5931 serenati.
