4020 6186
990 564 1666 679 EPISTOLA
1751 564 2735 682 DEDICATORIA.

1520 899 2196 927 α*-

331 1246 762 1310 Illustrissimo
798 1263 871 1305 ac
903 1241 1406 1306 reverendissimo
1444 1240 1516 1299 D.
1547 1238 1625 1299 Ι).
1656 1237 1991 1300 Francisco
2025 1240 2303 1301 Antonio
2330 1241 2629 1305 Corrario
2659 1262 2736 1305 ex
2764 1244 3228 1324 Capucinorum
3252 1252 3494 1332 ordine,

267 1345 636 1407 Venetiarum
662 1342 1061 1421 patriarcha,
1090 1338 1417 1400 Dalmatia
1441 1338 1700 1415 primati
1716 1380 1731 1408 ,
1783 1345 1927 1409 etc.,
1977 1338 2316 1416 Dionysius
2348 1342 2719 1404 Ramanzini
2756 1349 3184 1426 tgpographus
3203 1352 3273 1412 S.
3298 1355 3374 1414 P.
3413 1356 3492 1416 ι).

332 1446 792 1506 Consueverunt
822 1440 919 1502 illi
947 1442 1056 1518 qui
1081 1439 1202 1502 sibi
1235 1439 1503 1517 gratiam
1528 1458 1565 1498 a
1588 1436 1988 1516 principibus
2019 1439 2175 1500 viris
2202 1448 2514 1518 quarunt,
2542 1461 2609 1502 ea
2637 1444 2790 1521 ipsis
2819 1464 3073 1508 munera
3098 1451 3358 1512 maxime
3388 1456 3497 1533 of-

257 1548 401 1625 farre
427 1563 557 1624 qua
608 1560 822 1604 eorum
869 1542 1116 1621 ingenio
1149 1539 1507 1618 gratissima
1555 1546 1736 1617 atque
1769 1538 2196 1616 acceptissima
2229 1541 2456 1619 futura,
2493 1561 2614 1603 esse
2657 1544 3095 1619 arbitrantur;
3138 1559 3323 1630 atque
3357 1554 3495 1616 ideo

256 1648 458 1708 mirum
490 1646 676 1707 nobis
707 1645 909 1705 videri
935 1661 1063 1704 non
1090 1642 1261 1703 debet
1295 1640 1605 1703 interdum
1647 1641 1990 1717 legentibus
2017 1651 2125 1702 aut
2154 1643 2530 1722 videntibus,
2579 1649 2722 1711 aliis
2756 1652 3129 1715 numismata
3180 1664 3293 1716 aut
3334 1674 3497 1717 mar-

259 1768 438 1826 mora,
466 1750 826 1812 aliis‘etiam
851 1764 1111 1826 gemmas
1145 1753 1199 1807 et
1225 1744 1430 1823 pictas
1462 1752 1669 1813 vestes,
1703 1751 1809 1803 aut
1845 1744 2118 1822 insignes
2147 1764 2351 1824 equos,
2379 1757 2489 1807 aut
2524 1768 2695 1811 arma
2724 1752 2889 1813 dono
2926 1754 3073 1815 data
3099 1757 3314 1835 fuisse.
3360 1759 3498 1820 Sci.

253 1848 384 1910 licet
414 1846 749 1925 indulgent
778 1844 1053 1905 homines
1082 1844 1333 1905 illorum
1367 1840 1592 1901 studiis
1624 1860 1777 1921 quos
1825 1842 2224 1904 admirantur
2252 1854 2435 1924 atque
2469 1856 2780 1910 verentur.
2816 1853 2982 1915 Mihi
3028 1873 3199 1931 vero,
3234 1860 3497 1920 maxime

255 1948 489 2025 prasul,
526 1952 730 2005 tecum
761 1960 876 2023 pro
908 1942 1101 2003 animi
1120 1940 1239 2000 mei
1269 1938 1556 2017 obsequio
1587 1939 1864 2016 cupienti
1903 1941 2129 2017 facere,
2171 1941 2414 2003 nullum
2441 1945 2619 2006 aliud
2646 1966 2871 2007 munus
2914 1950 2981 2009 in
3011 1962 3260 2014 mentem
3293 1957 3499 2017 venire

252 2051 492 2125 poterat
521 2053 596 2105 ut
625 2044 702 2103 ad
732 2052 787 2102 te
814 2044 1115 2102 mitterem
1149 2057 1329 2119 quam
1355 2039 1517 2098 hunc
1559 2036 1812 2107 librum,
1857 2040 1925 2098 in
1952 2057 2071 2117 quo
2120 2040 2189 2101 S.
2239 2042 2497 2105 Paulini
2525 2046 2763 2123 scripta
2791 2050 3215 2112 continentur.
3250 2054 3499 2132 Optima

258 2162 445 2205 rerum
473 2143 495 2224 (
520 2142 1086 2223 quantulacunque
1114 2139 1304 2215 sunt)
1337 2155 1607 2197 mearum
1632 2136 1731 2198 hic
1763 2137 1915 2200 liber
1958 2146 2071 2213 est,
2101 2157 2276 2219 quem
2305 2142 2421 2202 tibi
2448 2145 2626 2205 etiam
2657 2148 2896 2227 confido
2926 2152 3061 2228 fore
3087 2156 3496 2217 carissimum.

253 2242 364 2318 Qui
406 2242 569 2300 enim
626 2239 864 2298 virtute
914 2237 1082 2296 omni
1130 2235 1458 2315 praditus,
1502 2235 1758 2313 pietatis
1788 2238 2051 2298 maxime
2103 2246 2156 2297 et
2212 2240 2538 2318 religionis
2574 2262 2632 2303 es
2693 2249 3173 2322 amantissimus,
3228 2254 3297 2315 in
3340 2255 3498 2317 hisce

249 2341 483 2419 scriptis
517 2337 693 2399 tanti
732 2344 792 2395 et
822 2343 946 2396 tam
979 2335 1227 2414 antiqui
1251 2332 1537 2413 prasulis
1576 2333 1880 2395 virtutum
1911 2335 2182 2397 omnium
2212 2338 2510 2417 exempla,
2541 2341 2796 2418 pietatis
2831 2354 2884 2405 et
2916 2346 3243 2425 religionis
3272 2355 3497 2414 rectis-

246 2441 441 2501 simam
470 2453 762 2497 normam
799 2452 1148 2513 cognosces.
1186 2431 1547 2494 Probabunt
1572 2432 1806 2493 interea
1833 2434 2092 2511 legentes
2122 2438 2328 2498 cateri
2371 2441 2702 2502 consilium
2730 2463 2948 2521 meum,
2968 2449 3136 2527 quod
3160 2449 3285 2513 hac
3308 2472 3496 2531 opera

250 2539 478 2599 nomini
500 2535 931 2613 inscripserim
961 2540 1095 2608 tuo,
1126 2531 1288 2595 illud
1313 2530 1885 2607 animadvertentes,
1924 2538 1979 2592 te
1999 2534 2320 2611 quamdam
2346 2537 2417 2597 S.
2450 2536 2709 2603 Paulini
2737 2560 2947 2604 earum
2967 2550 3247 2608 auctoris
3267 2554 3494 2630 referre

246 2639 505 2715 speciem,
550 2637 613 2696 si
641 2634 967 2711 utriusque
998 2632 1217 2701 vitam,
1262 2627 1322 2690 si
1346 2628 1581 2701 studia,
1631 2628 1687 2688 si
1721 2628 1932 2690 laudes
1967 2634 2486 2707 comparaverint.
2519 2637 2810 2700 Romana
2856 2642 3211 2719 reipublica
3243 2627 3485 2712 senatos

249 2736 347 2797 ille
374 2743 429 2794 et
472 2732 727 2801 consul,
759 2731 1168 2790 humanarum
1198 2736 1254 2787 et
1300 2727 1661 2788 divinarum
1690 2726 2043 2789 litterarum
2071 2729 2488 2804 doctissimus,
2535 2740 2930 2815 amplissimis
2962 2743 3299 2808 honoribus
3326 2760 3489 2828 post-

243 2836 482 2909 habitis,
516 2833 605 2894 ad
657 2834 1030 2893 sanctiorem
1062 2830 1253 2891 vitam
1294 2828 1610 2901 accedens,
1645 2831 1850 2909 factus
1901 2830 2186 2893 Nolanus
2240 2836 2562 2914 episcopus
2605 2838 3025 2903 Christianum
3075 2846 3279 2908 orbrm
3310 2852 3487 2911 auxit

241 2938 496 3000 scientia
525 2943 590 2996 et
617 2934 933 3011 exemplis.
972 2934 1071 2993 Tu
1092 2949 1219 2991 non
1242 2949 1411 2992 secus
1447 2940 1628 3008 atque
1659 2930 1766 2991 ille
1798 2931 1868 2992 in
1909 2932 2139 2993 Veneta
2166 2936 2511 3013 republica,
2542 2956 2674 3017 qua
2709 2959 2846 3002 cum
2876 2944 3151 3006 Romana
3189 2950 3487 3026 praclare.

243 3044 457 3109 certat,
511 3034 862 3096 clarissima
898 3049 974 3091 ex
1003 3036 1179 3111 gente
1223 3029 1610 3109 progenitus,
1645 3028 1809 3089 inter
1855 3028 2032 3107 cujus
2079 3030 2343 3109 majores
2386 3043 2783 3095 recensentur
2817 3038 3161 3118 Gregorius
3204 3050 3487 3128 ponti/eo

240 3140 357 3216 ejus
384 3141 669 3201 nominis
699 3137 844 3198 XII
866 3157 885 3205 :
918 3154 1024 3197 nec
1060 3154 1188 3196 non
1224 3134 1476 3195 Beriola
1502 3132 1745 3210 egregia
1778 3150 1850 3193 ac
1874 3132 2128 3193 celebris
2159 3135 2269 3196 illa
2306 3136 2535 3213 femina
2569 3135 2808 3199 laudati
2837 3140 3131 3220 Gregorii
3158 3164 3344 3207 soror
3387 3168 3480 3209 ea-

236 3240 474 3319 demque
505 3239 792 3316 Eugenii
813 3238 909 3298 IV
939 3244 1132 3296 mater
1155 3244 1213 3295 et
1245 3236 1434 3297 Pauli
1467 3235 1544 3295 II
1570 3235 1735 3306 avia,
1778 3240 2007 3312 prater
2034 3233 2193 3295 alios
2236 3235 2448 3312 plures
2478 3244 2535 3298 et
2568 3238 2915 3301 cardinales
2958 3244 3468 3310 eminentissimos

236 3350 285 3401 et
310 3344 642 3421 episcopos
676 3340 969 3419 inclytos,
1024 3337 1302 3416 aliosque
1336 3337 1478 3397 belli
1513 3344 1787 3414 togaque
1834 3336 2109 3414 insignes
2152 3335 2580 3415 imperatores,
2632 3350 2973 3417 senatores,
3024 3359 3470 3422 procuratores

234 3444 432 3515 duces,
465 3458 742 3523 quorum
766 3441 1020 3501 nomina
1049 3438 1118 3501 in
1147 3435 1478 3497 annalibus
1501 3438 1854 3515 frequenter
1884 3443 2227 3499 accurrunt
2253 3454 2275 3495 :
2305 3438 2427 3510 Tu,
2455 3438 2726 3517 inquam,
2767 3442 2835 3501 in
2866 3450 3043 3504 tanta
3071 3446 3389 3524 republica
3418 3470 3484 3514 ea

235 3553 352 3605 tam
380 3561 694 3622 generosa
723 3543 919 3621 stirpe
934 3540 1330 3619 progenitus,
1358 3554 1487 3597 non
1514 3554 1685 3596 secus
1710 3555 1783 3597 ac
1810 3536 2144 3610 Paulinus,
2176 3537 2547 3598 immortalis
2574 3538 2839 3619 ejusdem
2868 3544 3225 3622 reipublica
3247 3560 3483 3613 senatos

232 3643 686 3721 amplissimus,
714 3656 984 3702 summus
1010 3638 1154 3699 item
1187 3652 1501 3695 armorum
1528 3635 1892 3712 imperator,
1926 3634 2212 3712 omnique
2235 3632 2715 3711 praclarissimo
2746 3655 2995 3697 munere
3030 3647 3198 3700 terra
3224 3645 3469 3723 mariqu

230 3748 504 3826 functus,
546 3743 865 3807 Patavina
906 3739 1279 3819 prafectura
1311 3745 1692 3813 postremum
1733 3736 1967 3812 egregie
2001 3742 2193 3813 gesta,
2225 3751 2428 3795 omnes
2478 3734 2594 3797 tibi
2637 3743 2900 3814 paratos
2939 3735 3200 3798 honores
3229 3753 3469 3804 contem

232 3860 402 3913 nens,
453 3840 913 3903 severissimum
947 3834 1285 3897 sanctioris
1332 3834 1475 3895 vita
1506 3833 1864 3894 institutum
1898 3834 2235 3911 arripiens,
2284 3840 2341 3893 te
2385 3834 2453 3893 in
2498 3833 2963 3911 Capucinorum
3007 3837 3289 3901 ordinem
3322 3860 3487 3905 rece-

231 3943 404 4022 pisti.
437 3942 495 4005 A
530 3959 655 4021 quo
691 3948 891 3999 tamen
923 3934 1182 3996 subinde
1212 3932 1492 4003 eductus,
1522 3939 1592 3991 ut
1632 3932 1859 3993 Veneta
1902 3930 2203 3991 cathedra
2221 3932 2645 4011 pra/icereris,
2677 3933 2781 3994 cui
2812 3933 2958 3994 olim
2979 3934 3102 3996 duo
3126 3956 3154 3997 e
3177 3946 3285 3999 tua
3314 3941 3487 4020 fami.

234 4043 317 4106 lia
343 4040 732 4120 percelebres
767 4036 1120 4099 insederant
1149 4030 1169 4113 (
1199 4031 1495 4092 nimirum
1540 4028 1882 4107 Gregorius
1918 4028 2048 4107 ipse
2075 4026 2219 4088 XII
2245 4045 2379 4088 cum
2412 4027 2805 4089 Castellanus
2842 4030 3165 4111 episcopus
3221 4036 3491 4101 Venetiis

231 4152 517 4225 praerat,
554 4160 630 4203 ac
659 4138 997 4217 Gregorius
1020 4131 1386 4216 patriarcha
1405 4133 1514 4211 qui
1538 4131 1793 4194 laudato
1816 4129 2109 4209 pontifici
2124 4129 2249 4209 fuit
2273 4128 2497 4206 fratris
2524 4131 2766 4208 nepos),
2787 4129 2878 4190 ita
2903 4131 3083 4211 longe
3112 4133 3352 4215 lateque
3378 4147 3491 4205 tua

232 4246 496 4310 virtutis
536 4243 738 4304 lucem
766 4238 1059 4320 effundis,
1094 4244 1162 4297 ut
1198 4235 1470 4296 omnium
1512 4234 1750 4293 animos
1779 4231 1993 4310 rapias
2027 4230 2095 4292 in
2138 4228 2612 4290 admirationem
2644 4232 2760 4291 tui.
2810 4231 2960 4293 Non
2993 4233 3152 4294 enim
3179 4243 3233 4295 te
3267 4256 3307 4297 a
3354 4256 3495 4299 sus-

231 4356 419 4427 cepta
446 4343 809 4422 disciplina
842 4338 1174 4400 sanctitate
1201 4343 1260 4396 et
1288 4336 1498 4413 rigore
1525 4332 1796 4393 abduxit
1832 4347 2032 4391 novus
2062 4329 2397 4408 dignitatis
2425 4330 2653 4405 honor,
2683 4331 2787 4392 sed
2812 4335 3133 4412 propositi
3158 4343 3349 4398 tenax
3375 4355 3494 4417 pro

228 4449 490 4525 antiquo
522 4441 779 4524 familia
811 4456 995 4518 quam
1021 4438 1337 4515 ingressus
1367 4451 1425 4494 es
1448 4448 1640 4507 more,
1663 4448 1849 4509 parce
1885 4448 1955 4491 ac
1981 4428 2229 4491 duriter
2262 4427 2457 4489 vitam
2507 4430 2664 4507 agis.
2709 4430 2948 4491 Eorum
2992 4441 3197 4493 autem
3225 4436 3336 4514 qui
3376 4446 3495 4497 tua

224 4545 664 4627 subjiciuntur
694 4555 880 4612 cura,
910 4537 1206 4615 invigilas
1234 4533 1508 4595 moribus
1534 4552 1605 4594 ac
1631 4532 1959 4607 doctrina,
1986 4540 2055 4591 ut
2087 4530 2263 4592 nulla
2284 4532 2583 4592 vitiorum
2617 4531 2768 4601 labe,
2788 4533 2980 4593 nullis
3010 4552 3293 4595 errorum
3334 4547 3497 4598 tene-

224 4643 354 4704 bris
390 4647 817 4722 inﬁrmentur.
861 4639 948 4697 De
985 4638 1215 4715 pietate
1252 4643 1451 4696 autem
1482 4644 1592 4694 tua
1623 4640 1676 4691 et
1710 4633 1995 4703 caritate,
2027 4649 2149 4710 qua
2183 4647 2509 4708 egenorum
2550 4632 3015 4693 necessitatibus
3039 4638 3495 4712 promptissime

220 4744 624 4814 subveniens,
684 4738 919 4817 egregie
946 4744 1231 4797 sanctum
1258 4734 1599 4794 Paulinum
1624 4731 1960 4803 amularis,
2011 4730 2165 4810 quid
2191 4730 2384 4790 multa
2412 4729 2633 4804 dicam,
2683 4750 2815 4792 cum
2845 4732 3053 4811 palam
3094 4736 3175 4797 sit
3214 4740 3493 4800 omnibus

220 4850 536 4922 quantum
564 4840 634 4903 in
668 4838 764 4898 his
786 4834 1049 4898 excellas
1083 4842 1142 4895 et
1170 4833 1382 4894 emices
1405 4834 1435 4893 Υ
1478 4836 1701 4893 Verum
1728 4830 1794 4892 id
1820 4849 1945 4890 non
1967 4850 2080 4907 ago
2111 4840 2185 4890 ut
2213 4832 2277 4891 in
2307 4840 2361 4890 te
2389 4832 2697 4910 conferam
2723 4834 2969 4904 laudes;
3005 4854 3135 4896 non
3165 4840 3321 4900 enim
3344 4860 3491 4902 esset

216 4940 446 5018 exigui
486 4937 715 5016 operis.
744 4934 865 4996 Sed
889 4951 1092 5011 pauca
1115 4931 1187 4992 de
1200 4930 1454 5011 judicio
1483 4947 1609 4989 meo
1653 4936 1835 5007 atque
1863 4930 2071 5008 officio
2103 4928 2377 4989 dicebam
2410 4930 2520 5008 qui
2548 4928 2775 4991 librum
2802 4931 2967 4994 hunc
2996 4941 3102 4995 tuo
3125 4938 3486 5014 prae/aris-

216 5042 376 5100 simo
405 5038 663 5099 nomine
690 5044 980 5097 ornatum
1003 5034 1325 5101 voluerim,
1352 5030 1580 5109 tibique
1603 5029 1956 5100 dicaverim,
2004 5029 2241 5107 ingenii
2263 5030 2357 5090 tui
2402 5030 2841 5093 humanitatem
2868 5044 3049 5114 atque
3069 5038 3362 5115 pietatem
3389 5058 3490 5101 co-

212 5145 464 5221 gnitam
496 5138 745 5199 1,053,”,
780 5136 1000 5215 Αοοίρε
1027 5133 1226 5214 igitur
1253 5132 1444 5194 hilari
1472 5131 1651 5191 vultu
1672 5131 2102 5191 munusculum
2125 5130 2239 5190 hoc
2275 5138 2584 5210 nostrum,
2603 5135 3086 5215 scriptoremque
3107 5137 3487 5219 elegantissi-

211 5263 385 5305 mum
416 5248 608 5320 atque
635 5236 1091 5299 sanctissimum
1117 5242 1170 5295 et
1203 5234 1331 5315 ipse
1352 5249 1557 5293 amare
1584 5238 1641 5291 et
1670 5229 1816 5291 aliis
1847 5230 2265 5291 commendare
2299 5230 2471 5293 velis.
2519 5232 2667 5295 Vale
2690 5235 3079 5314 felicitatem.

1198 5464 1260 5528 Χ
1290 5462 1408 5531 cal.
1442 5463 1578 5531 Jul.
1612 5460 1786 5531 1736,
1817 5458 1917 5524 die
1947 5459 2104 5540 festo
2133 5458 2203 5523 S.
2236 5460 2520 5525 Paulini.

524 5682 787 5741 ι’λτιιοι.
834 5676 1005 5737 LXI.
1649 5717 1705 5733 -ρ
1748 5772 1761 5775 ν
1874 5756 1883 5763 ,

1649 5717 1883 5763 -,_
3028 5672 3055 5729 1

90 5760 588 6142 πλίῖέὲ
