4020 6186
530 297 588 352 ιι
1544 296 1598 350 S.
1643 293 1981 351 PAULINUS
2017 292 2334 350 NOLANUS
2368 291 2760 351 EPISCOPUS.
3573 303 3582 314 '
3716 303 3788 357 τ’)

1239 661 1243 665 .
1353 551 2938 702 PROLEGOMENA.

1693 792 2616 826 ————-——————

1827 953 2460 1036 PR/EFATIO.

589 1148 770 1204 Sancti
801 1145 975 1202 Pontii
1003 1145 1228 1216 Meropii
1252 1143 1458 1200 Paulini
1485 1158 1647 1213 Opera
1675 1159 1703 1198 a
1733 1145 1945 1201 nemine
1971 1148 2102 1204 satis
2130 1152 2175 1210 Α
2205 1159 2353 1209 erat:
2386 1167 2570 1206 verum
2633 1155 2776 1224 quod
2802 1156 2916 1211 lucc
2951 1156 3118 1213 veluti
3153 1159 3376 1229 disjecta
3421 1164 3660 1219 membra
3716 1167 3786 1220 ab

519 1256 616 1311 pro
644 1240 900 1309 dignitate
928 1240 1210 1308 laudanda,
1232 1242 1324 1311 qui
1353 1241 1405 1295 in
1433 1241 1525 1295 illo
1559 1249 1650 1294 aut
1677 1240 2097 1309 eloquentissimi

518 1330 793 1400 scriptoris
813 1331 1168 1386 eruditionem
1195 1339 1250 1386 et
1277 1331 1453 1396 fidem,
1483 1339 1575 1384 aut
1602 1331 1784 1386 eximii
1809 1333 1945 1387 vatis
1971 1331 2101 1386 divi-

519 1436 643 1476 nam
671 1430 905 1476 mentem
942 1430 998 1476 et
1043 1423 1445 1494 intelligentiam
1475 1423 1752 1491 suspiciat,
1780 1431 1841 1478 ut
1880 1423 2098 1478 lectori-

518 1511 614 1566 bus
641 1526 742 1580 ego
770 1525 1095 1584 magnopere
1123 1513 1516 1581 commendem,
1547 1528 1722 1582 neque
1747 1513 1974 1569 instituti
1993 1515 2100 1569 mei

519 1602 653 1657 ratio
678 1617 853 1672 neque
880 1603 993 1674 ipsa
1021 1604 1219 1674 patitur
1231 1604 1555 1659 sanctissimi
1579 1604 1813 1659 auctoris
1839 1613 2098 1674 praestan-

519 1693 590 1747 tia
621 1711 634 1746 :
685 1694 736 1748 in
765 1709 925 1763 quem
965 1696 1281 1764 praeclarum
1312 1695 1441 1750 illud
1470 1696 1702 1765 elogium
1741 1696 1968 1765 plurima
1989 1695 2100 1765 jam

517 1783 606 1836 diu
642 1783 867 1849 saecula,
903 1792 1087 1852 totque
1135 1784 1363 1840 aliorum
1406 1783 1652 1849 Patrum,
1693 1792 1750 1839 et
1778 1785 2101 1855 cumprimis

519 1875 807 1942 Ambrosii,
856 1876 1197 1948 Hieronymi,
1223 1877 1502 1947 Augustini
1531 1877 1837 1932 testimonia
1881 1891 2104 1932 consen-

517 1973 720 2032 serunt,
753 1981 1016 2020 summum
1064 1968 1114 2021 iu
1147 1966 1384 2023 Ecclesia
1413 1967 1576 2023 fuisse
1614 1969 1807 2023 virum.
1839 1967 1909 2022 At
1956 1968 2101 2023 enim

516 2056 658 2126 quod
682 2057 770 2110 illa
802 2057 1048 2112 universa
1079 2074 1220 2114 nunc
1248 2062 1477 2128 primum
1499 2058 1727 2114 collecta
1755 2059 1807 2113 in
1828 2059 2100 2130 publicum

515 2147 759 2216 profero,
792 2148 836 2201 si
865 2148 994 2202 nihil
1035 2148 1208 2214 aliud,
1234 2149 1342 2204 hoc
1370 2158 1518 2204 certe
1545 2164 1703 2218 spero
1733 2158 2098 2204 assecuturum

516 2252 603 2292 me
632 2237 821 2304 laudis,
862 2237 1005 2307 quod
1031 2253 1218 2292 eorum
1271 2239 1575 2304 hominum,
1607 2253 1744 2308 quos
1789 2249 2100 2296 sanctorum

518 2326 676 2381 lectio
706 2327 922 2380 Patrum
945 2326 1178 2382 delectat
1201 2328 1414 2398 (quibus
1439 2327 1682 2398 profecto
1701 2329 1875 2385 omnis
1895 2329 2100 2386 doctri-

516 2432 584 2472 na
620 2417 868 2486 elegans,
899 2418 1074 2472 omnis
1115 2417 1450 2488 antiquitatis
1494 2418 1752 2473 memoria
1774 2419 2099 2492 continetur)

2199 1244 2407 1312 reliquo
2445 1260 2672 1315 corpore
2706 1259 3105 1323 separarentur,
3132 1252 3184 1306 in
3211 1255 3448 1309 omnium
3476 1258 3617 1312 votis
3643 1267 3785 1322 erat,

2199 1344 2258 1389 ut
2295 1335 2348 1389 in
2377 1353 2542 1391 unum
2567 1338 2952 1405 coalescerent,
2982 1351 3232 1412 essetque
3273 1344 3410 1400 adeo
3455 1354 3515 1400 ut
3552 1347 3785 1403 aliorum

2200 1422 2437 1494 Patrum,
2479 1427 2551 1481 ita
2580 1435 2635 1483 et
2672 1425 2879 1484 Paulini
2922 1445 3148 1501 operum
3197 1432 3444 1488 absoluta
3495 1435 3684 1492 editio.
3719 1437 3789 1494 Et

2198 1530 2328 1571 vero
2355 1516 2469 1572 haec
2497 1526 2610 1585 est,
2639 1518 2708 1574 ad
2735 1533 2896 1588 quam
2934 1522 3306 1580 contendimus
3342 1525 3650 1595 utilitatem,
3681 1527 3790 1584 hoc

2200 1605 2400 1664 laboris
2428 1609 2597 1663 nostri
2624 1609 2962 1679 palmarium,
2993 1611 3260 1669 studuisse
3293 1623 3354 1669 ut
3379 1622 3436 1670 et
3457 1630 3599 1671 nova
3626 1632 3789 1674 accc-

2199 1695 2390 1751 derent
2411 1706 2560 1755 recto
2581 1714 2809 1770 quaeque
2835 1702 3043 1772 ordine,
3071 1717 3366 1774 eorumque
3397 1706 3510 1776 ipsa
3544 1710 3789 1764 accessio

2200 1785 2368 1841 altera
2393 1787 2685 1844 donaretur
2711 1792 3093 1861 praerogativa,
3124 1801 3184 1848 ut
3219 1795 3372 1851 novis
3401 1797 3545 1852 curis
3570 1797 3638 1854 ab
3665 1799 3788 1869 ipso

2201 1877 2408 1933 editore
2435 1890 2967 1948 recognoscerentur.
3001 1881 3178 1950 Quare
3202 1887 3563 1944 convertimus
3588 1904 3688 1945 nos
3715 1890 3786 1944 ad

2201 1968 2269 2023 cl.
2317 1965 2701 2039 Muratorium,
2741 1971 3022 2042 ipsumque
3050 1974 3207 2029 enixe
3243 1974 3682 2048 efﬂagitavimus,
3727 1990 3788 2036 ut

2202 2072 2338 2128 quas
2356 2058 2538 2114 multis
2553 2057 2667 2128 jam
2695 2060 2892 2117 abhinc
2921 2063 3074 2118 annis
3102 2064 3155 2118 in
3183 2079 3247 2120 ea
3275 2076 3526 2136 poemata
3551 2071 3789 2126 excude-

2201 2155 2306 2212 rat,
2337 2142 2743 2206 dissertationes
2774 2159 2830 2206 et
2858 2159 3018 2209 notas
3035 2155 3336 2228 recoleret,
3365 2166 3421 2214 et
3454 2161 3502 2214 si
3540 2176 3647 2232 qua
3684 2164 3789 2220 sibi

2204 2238 2288 2291 vel
2316 2237 2531 2294 uberius
2577 2240 2952 2312 edisserenda,
2978 2245 3066 2301 vel
3100 2260 3318 2317 quoquo
3344 2250 3508 2306 modo
3547 2253 3788 2309 videren-

2202 2334 2290 2380 tur
2317 2326 2662 2396 immutanda,
2692 2331 3031 2401 edissereret,
3063 2335 3421 2410 mritaretque,
3449 2348 3504 2396 et
3531 2342 3585 2396 in
3607 2345 3786 2412 publi-

2203 2433 2345 2484 cum,
2377 2420 2530 2490 cujus
2556 2423 2791 2480 maxime
2823 2425 3097 2483 studiosus
3123 2437 3226 2496 est,
3255 2430 3456 2486 bonum
3493 2434 3788 2492 conferret.

517 2508 706 2564 studiis
731 2508 1112 2563 eonsutuerim.
1144 2507 1276 2563 Nam
1303 2510 1404 2566 etsi
1432 2508 1574 2565 haud
1621 2509 1774 2566 multi
1801 2510 2100 2568 faciendam
2131 2511 2176 2574 Β
2204 2508 2307 2578 Qui
2326 2521 2383 2568 et
2423 2513 2652 2585 benigne
2681 2517 2869 2573 annuit
2898 2526 2956 2574 ut
2984 2527 3067 2576 est
3095 2520 3160 2577 ad
3201 2531 3350 2580 recta
3377 2527 3557 2582 omnia
3585 2535 3642 2582 et
3689 2528 3788 2584 ho.

516 2600 712 2669 sentio,
741 2617 900 2671 quam
929 2600 982 2655 in
1013 2602 1076 2656 iis
1104 2602 1415 2672 colligendis
1443 2602 1677 2673 impendi
1711 2617 1964 2672 operam,
2002 2620 2104 2661 nec

517 2692 663 2762 quod
692 2693 931 2747 nonnulli
961 2708 1101 2748 nunc
1141 2693 1360 2760 faciunt,
1385 2709 1453 2750 ex
1481 2709 1616 2764 pura
1638 2703 1872 2764 putaque
1899 2695 2104 2750 alieno-

517 2797 635 2838 rum
686 2781 1041 2852 descriptione
1094 2785 1461 2856 συνταγμάτων
1506 2782 1700 2838 famam
1741 2784 1880 2840 inter
1919 2783 2102 2841 erudi-

516 2881 603 2927 tos
628 2887 895 2942 aucupor:
926 2871 1083 2926 video
1112 2880 1293 2927 tamen
1319 2881 1580 2942 quantum
1608 2889 1676 2929 ex
1704 2875 1806 2930 hac
1831 2874 1947 2944 ipsa
1974 2890 2102 2930 cura

517 2965 760 3019 utilitatis
811 2973 866 3020 et
916 2964 1188 3020 commodi
1236 2965 1304 3020 ad
1343 2981 1457 3022 rem
1491 2965 1849 3021 Christianam
1889 2981 2102 3022 sacras-

517 3071 621 3126 que
663 3055 894 3110 Litteras
939 3055 1170 3122 eveniat,
1202 3057 1416 3124 quando
1445 3071 1631 3112 eorum
1672 3072 1897 3126 operum
1943 3057 2103 3113 ador-

518 3152 676 3200 natur
703 3144 887 3210 editio,
917 3159 1036 3214 qure
1063 3161 1183 3200 cum
1204 3145 1287 3200 sui
1316 3146 1510 3202 merito
1535 3147 1695 3202 nullis
1723 3146 1890 3203 ferme
1912 3162 2103 3204 secun-

517 3234 582 3287 da
629 3235 765 3299 sint,
815 3234 1050 3288 nondum
1100 3244 1276 3290 tamen
1323 3236 1528 3304 integra
1557 3237 1821 3306 simulque
1865 3239 2101 3294 numeris

517 3324 765 3378 omnibus
787 3324 1032 3379 absoluta
1071 3326 1124 3379 in
1151 3327 1339 3395 vulgus
1379 3327 1723 3397 prodierant,
1755 3335 1815 3382 ut
1840 3329 2102 3384 vetustio-

515 3429 602 3469 res
631 3415 892 3480 omittam,
916 3414 1089 3484 deque
1118 3431 1240 3481 una,
1271 3431 1390 3486 qua:
1417 3418 1654 3472 omnium
1697 3424 1966 3487 postrema
1994 3429 2098 3488 est,

517 3501 800 3557 Parisiensi
823 3503 1016 3569 dicam,
1040 3514 1156 3559 erat
1180 3505 1268 3560 illa
1288 3506 1502 3575 quidem
1524 3507 1858 3565 celeberrimi
1879 3511 2099 3582 presby-

517 3593 614 3647 teri
639 3591 860 3647 Joannis
895 3592 1146 3664 Baptistze
1184 3595 1260 3650 Le
1300 3595 1445 3651 Brun
1473 3597 1650 3652 studio
1679 3613 1808 3654 sane
1835 3614 2097 3669 perquam

513 3685 720 3738 erudite
749 3699 814 3740 ac
859 3683 1143 3752 diligenter
1171 3687 1519 3754 concinnata,
1556 3687 1623 3742 ad
1650 3689 1880 3760 plurium
1906 3705 2095 3744 manu-

513 3774 830 3841 scriptorum
859 3775 1100 3828 codicum
1133 3784 1324 3831 exacta
1363 3774 1552 3842 ﬁdem,
1579 3779 1720 3833 notis
1755 3793 1818 3833 ac
1845 3778 2096 3834 disserta-

2204 2611 2357 2659 nesta
2401 2605 2579 2661 studia
2603 2609 3053 2678 promptissimus,
3085 2627 3297 2682 suoque
3325 2617 3664 2686 potissimum
3711 2619 3789 2674 fa-

2203 2709 2335 2750 vore
2363 2695 2561 2752 factum
2589 2705 2692 2765 est,
2723 2707 2782 2755 ut
2807 2701 3079 2770 egregium
3109 2705 3277 2761 hocce
3308 2722 3444 2778 opus
3479 2719 3682 2780 quanta
3727 2712 3788 2767 li-

2209 2787 2322 2842 cuit
2345 2802 2474 2843 cura
2503 2790 2796 2860 expolitum
2821 2793 3064 2863 prodiret
3082 2796 3135 2850 in
3155 2798 3448 2867 publicum.

2273 2878 2391 2934 Jam
2416 2896 2522 2950 qua
2547 2881 2598 2936 id
2632 2884 2841 2939 ratione
2866 2885 2937 2940 sit
2974 2888 3299 2957 priestitum,
3328 2891 3512 2961 paucis
3549 2907 3789 2950 comme-

2203 2971 2447 3027 morabo.
2477 2971 2608 3039 Qua:
2631 2975 2804 3030 tribus
2829 2976 2882 3031 in
2923 2987 3137 3048 quarto,
3169 2989 3228 3034 ut
3258 2990 3469 3048 vocant,
3501 2984 3661 3040 tomis
3691 3001 3788 3041 an.

2200 3069 2289 3117 tea
2337 3063 2769 3131 continebantur,
2823 3067 2931 3123 hoc
2973 3085 3073 3124 nos
3123 3086 3232 3126 uno
3281 3075 3794 3144 comprehendimus

2201 3154 2505 3222 volumine;
2536 3156 2820 3215 tribuimus
2845 3169 3026 3217 autem
3057 3162 3110 3217 in
3150 3164 3282 3221 duas
3317 3175 3498 3237 partes
3535 3172 3791 3229 universa

2199 3252 2556 3315 syntagmata,
2583 3262 2811 3317 quarum
2841 3251 3010 3308 altera
3038 3269 3157 3323 quae
3182 3255 3358 3312 soluta
3378 3261 3624 3317 oratione
3649 3278 3786 3319 con-

2199 3341 2363 3401 stant,
2389 3337 2559 3392 altera
2587 3355 2707 3410 quae
2734 3343 2962 3410 poeticis
2994 3344 3252 3412 numeris,
3279 3351 3547 3420 complexi
3574 3369 3785 3410 sumus.

2199 3421 2295 3480 His
2331 3426 2622 3483 succedere
2654 3422 2912 3498 iussimus
2949 3436 3262 3504 appendicis
3300 3415 3419 3494 loco
3449 3450 3569 3510 post
3606 3457 3785 3512 pauca

2197 3516 2443 3584 quaedam
2485 3519 2764 3589 utriusque
2799 3525 3012 3590 generis
3049 3529 3336 3596 opuscula,
3375 3543 3495 3600 qua:
3525 3531 3659 3589 falso
3701 3543 3785 3589 ta-

2196 3620 2318 3662 men
2373 3605 2598 3665 Paulino
2662 3612 3036 3682 ascribuntur,
3104 3621 3458 3677 vetustiorum
3513 3624 3784 3684 editorum

2197 3703 2374 3764 notas,
2405 3698 2814 3758 dissertationes
2841 3712 2896 3760 et
2925 3711 3330 3778 commentaria,
3357 3727 3477 3782 qua:
3517 3713 3783 3772 Parisien~

2197 3784 2270 3840 sis
2311 3803 2475 3857 quam
2530 3789 2862 3849 laudavimus
2923 3805 3196 3866 postrema
3245 3802 3410 3858 editio
3463 3806 3587 3860 anni
3641 3807 3783 3862 1685

513 3855 744 3918 tibuibus
788 3865 1047 3920 illustrata
1094 3867 1544 3925 luculentissimis.
1581 3871 1774 3927 Verum
1819 3888 1941 3928 cum
1987 3889 2094 3928 non
2121 3877 2167 3940 C
2200 3878 2599 3935 accuratissime
2651 3895 3004 3953 repraesentat
3046 3904 3274 3946 :curam
3320 3909 3512 3964 nempe
3539 3912 3780 3964 omnem,

513 3972 616 4009 una
659 3965 750 4009 aut
778 3955 946 4009 altera
987 3958 1190 4025 privata
1217 3960 1464 4027 epistola,
1506 3961 1600 4014 sed
1630 3963 1834 4030 integra
1863 3973 2094 4033 quatuor

513 4056 785 4114 poemata,
817 4061 940 4114 pars
988 4047 1149 4100 totius
1181 4048 1358 4114 eperis
1387 4048 1738 4117 nobilissima,
1765 4050 2094 4108 desiderare-

512 4144 614 4200 tur,
646 4150 763 4204 qua:
794 4143 1090 4204 temporqu
1131 4135 1437 4192 infelicitate
1459 4138 1693 4193 nondum
1721 4141 1772 4194 in
1801 4140 1932 4196 lucis
1959 4157 2090 4198 con-

511 4235 752 4294 spectum
797 4235 1088 4294 venerant,
1117 4226 1302 4280 uberat
1347 4243 1561 4297 quoque
1607 4230 1696 4284 illa
1725 4247 1755 4285 a
1802 4233 1980 4289 nativa
2008 4236 2092 4290 sui

511 4312 815 4381 integritate
846 4322 1074 4381 tantum,
1104 4323 1360 4383 quantum
1389 4317 1517 4373 illud
1544 4321 1612 4374 ab
1651 4319 1866 4376 humani
1898 4339 2091 4394 corpo-

509 4403 583 4459 ris
611 4403 969 4474 perfectione,
1002 4405 1087 4459 cui
1127 4421 1221 4460 ora
1264 4422 1520 4464 manusve
1565 4409 1759 4465 fuerint
1804 4423 2091 4484 amputata:

512 4496 700 4551 ambae.
728 4496 964 4565 Contigit
984 4513 1110 4552 vero
1140 4497 1446 4555 felicissimo
1469 4512 1708 4558 veterum
1739 4507 2093 4563 monimento-

513 4601 630 4640 rum
673 4586 971 4656 indagatori
1014 4598 1174 4658 atque
1217 4590 1495 4663 interpreti
1541 4595 1608 4649 cl.
1657 4596 1771 4651 viro
1817 4595 2089 4656 Ludovico

513 4676 744 4733 Antonio
773 4676 1065 4734 Muratorio
1092 4681 1204 4750 ipsa
1227 4681 1315 4735 illa
1344 4691 1574 4750 quatuor
1596 4697 1842 4754 poemata
1868 4704 1935 4743 ex
1965 4689 2090 4744 Amo

512 4768 791 4834 brosianaz,
821 4783 940 4838 quae
969 4769 1251 4826 Mediolani
1280 4780 1381 4837 est,
1413 4775 1748 4833 bibliotheca:
1775 4795 1899 4834 mss.
1929 4797 2087 4837 erue-

511 4872 588 4923 re,
616 4856 986 4927 jacturamque
1010 4859 1153 4914 illam
1179 4877 1244 4917 eo
1269 4864 1592 4933 graviorem,
1621 4867 1766 4936 quod
1796 4871 1960 4926 series
1990 4888 2086 4926 na-

511 4946 694 5012 talium
731 4947 788 5002 S.
821 4947 1012 5005 Felicis
1051 4951 1477 5023 interciperetur,
1506 4972 1624 5027 qua:
1663 4960 1918 5027 singulari
1953 4978 2087 5032 poe-

511 5047 653 5093 mate
683 5041 956 5096 celebrare
1005 5040 1257 5100 Paulinus
1287 5049 1572 5114 quotannis
1601 5064 1972 5117 consueverat,
2006 5070 2089 5110 re~

509 5133 726 5187 sarcire.
751 5133 883 5188 Cum
913 5135 1049 5190 tanti
1075 5152 1161 5192 res
1190 5146 1348 5201 esset,
1383 5155 1480 5196 nec
1507 5143 1616 5210 pati
1644 5143 1725 5196 vir
1751 5144 2086 5201 doctissimus

2194 3980 2354 4035 quam
2395 3977 2504 4024 tres
2548 3971 2841 4029 doctissimi
2892 3991 2924 4032 e
2977 3979 3236 4036 societate
3279 3979 3404 4039 Jesu
3458 3986 3778 4059 presbyteri,

2195 4059 2438 4114 Andreas
2487 4061 2770 4128 Schottus,
2819 4065 3132 4125 Heribertus
3192 4071 3521 4144 Rosweydus
3560 4085 3610 4130 et
3674 4077 3780 4136 Pe-

2194 4157 2308 4203 trus
2355 4149 2671 4209 Franciscus
2712 4154 3009 4214 Cliifiletius
3054 4160 3430 4229 adhibuerunt,
3461 4181 3584 4220 cum
3619 4183 3776 4225 suam

2191 4240 2416 4309 quisque
2454 4251 2692 4312 spartam
2721 4245 3027 4304 adornaret.
3079 4249 3198 4308 Uno
3234 4256 3402 4311 verbo
3438 4271 3556 4311 eam
3599 4259 3775 4328 ipsam

2192 4334 2483 4392 editionem
2502 4353 2621 4408 qua:
2649 4351 2869 4398 auctore
2895 4343 3095 4401 Bruuio
3133 4347 3350 4417 prodiit,
3381 4360 3636 4421 perpetua
3665 4354 3778 4410 fer-

2191 4439 2280 4479 me
2306 4427 2446 4482 serie
2471 4437 2633 4498 atque
2661 4431 2850 4487 ordine
2877 4435 3030 4503 sequi
3063 4436 3236 4502 libuit,
3265 4438 3333 4492 ad
3367 4438 3589 4511 ejusque
3618 4444 3775 4513 inge-

2191 4517 2338 4571 nium
2367 4532 2430 4573 ea
2459 4519 2622 4574 etiam
2650 4535 2770 4590 qua:
2801 4524 3013 4578 noviter
3035 4535 3396 4594 accesserunt,
3425 4530 3770 4602 digessimus.

2190 4604 2454 4670 Quoniam
2480 4623 2612 4667 vero
2637 4612 2689 4666 id
2717 4621 2904 4683 optare
2924 4616 3186 4686 quispiam
3215 4628 3484 4688 potuerat,
3518 4632 3576 4679 ut
3603 4640 3772 4695 quan-

2189 4695 2259 4752 do
2284 4699 2399 4754 htec
2425 4716 2529 4756 uno
2553 4703 2822 4760 volumine
2848 4707 3355 4777 complectebamur,
3378 4714 3618 4782 quaedam
3639 4733 3770 4787 pro-

2188 4790 2366 4859 posito
2406 4795 2576 4862 magis
2610 4799 3160 4868 accommodarentur,
3215 4818 3282 4858 ne
3319 4819 3418 4860 suo
3455 4807 3560 4863 isto
3595 4809 3770 4866 lector

2187 4888 2316 4936 voto
2363 4883 2654 4953 excideret,
2703 4895 2757 4940 et
2800 4886 3086 4946 frustratus
3134 4892 3300 4949 videri
3345 4906 3544 4964 posset,
3591 4899 3764 4955 Vitam

2186 4972 2356 5025 sancti
2385 4976 2620 5031 auctoris
2664 4977 2877 5047 scriptis
2916 4981 3033 5051 ejus
3069 4987 3478 5054 prmposuimus,
3510 4989 3766 5049 elenchos

2185 5072 2421 5129 quoque,
2463 5063 2575 5118 sive
2605 5066 2810 5121 tabulas
2851 5084 2974 5123 cum
3002 5073 3371 5142 epistolarum,
3404 5086 3515 5133 tum
3546 5095 3764 5147 poema-

2187 5157 2320 5215 tum,
2355 5153 2563 5221 utrique
2592 5157 2728 5224 parti
2778 5160 3099 5227 pnetiximus
3147 5166 3192 5229 ‘,
3244 5165 3456 5234 aliaque
3501 5167 3552 5222 id
3595 5183 3762 5238 genus

510 5233 707 5293 posset,
735 5224 931 5280 diutius
965 5228 1288 5284 monimenta
1310 5231 1398 5284 illa
1429 5240 1578 5320 tanto
1597 5248 1866 5289 sacrarum
1896 5253 1960 5293 ac
1987 5253 2087 5308 po-
2113 5253 2166 5314 ι)
2191 5241 2550 5309 praestitimus,
2573 5251 2634 5297 ut
2658 5261 2756 5301 nec
2779 5247 2952 5304 minus
2980 5251 3259 5320 elegantia:
3283 5256 3614 5311 satisfactum
3646 5257 3760 5313 fue-

511 5314 742 5368 litiorum
779 5314 1075 5371 litterarum
1105 5319 1373 5391 impendio
1403 5337 1524 5376 eum
1545 5299 1724 5378 ‘blatis
1764 5299 2079 5395 conflictari,

512 5420 572 5457 ac
599 5405 773 5470 tineis,
803 5407 1025 5461 seorsim
1054 5419 1162 5464 uno
1191 5409 1587 5468 Anecdotorum
1619 5423 1764 5470 torno
1791 5419 1973 5475 edidit.
2005 5420 2082 5477 lta

506 5493 740 5563 demum,
767 5492 910 5563 quod
937 5497 1127 5552 saltem
1159 5499 1269 5554 hazc
1291 5510 1500 5570 spectat
1529 5503 1800 5575 Natalitia,
1831 5510 1976 5564 salva
2001 5527 2085 5567 res

2185 5335 2278 5400 rit,
2308 5351 2408 5390 nec
2434 5336 2635 5403 aliquid
2655 5340 2872 5395 utilitati
2900 5343 3221 5414 detractum,
3244 5355 3337 5401 aut
3359 5347 3645 5416 legentium
3678 5367 3760 5404 vo-

2188 5423 2398 5494 luptati,
2429 5424 2554 5478 dum
2585 5430 2762 5482 omnia
2793 5445 2910 5499 qua:
2933 5433 3000 5486 ad
3029 5435 3304 5504 SCI'illlOl'iS
3331 5439 3500 5492 nostri
3524 5455 3760 5495 commo-

2191 5517 2394 5570 diorem
2428 5517 2711 5574 lectionem
2757 5520 2975 5587 faciunt,
3023 5542 3128 5579 uno
3178 5536 3368 5584 tenore
3403 5538 3766 5601 contextuque

583 5667 597 5686 ‘
629 5667 727 5720 Nos
767 5684 945 5723 retines
975 5670 1178 5725 indices
1221 5673 1270 5725 in
1324 5691 1481 5728 unum
1533 5693 1722 5746 corpus
1757 5682 1818 5734 ad
1867 5686 2064 5739 calcem
2095 5689 2250 5759 hujus
2281 5687 2596 5758 Patrologim
2633 5695 2760 5747 torni
2791 5697 3118 5764 collegimus.
3155 5700 3302 5757 [ξοην.

3576 5851 3860 6186 1);.-
