4020 6186
359 333 427 388 15
1748 333 2261 390 ΡίῐΟΙΕῧΟΜΕΝΑ.
3563 343 3629 396 Ην

353 453 632 502 constant.
666 446 809 501 Nihil
847 446 1127 503 enimvero
1173 449 1226 504 in
1280 449 1504 519 reliquis
1556 450 1954 519 quanticunque
1981 454 2029 511 Α
2057 449 2362 519 percepisse
2380 448 2699 515 videbimur,
2726 448 2771 504 si
2800 459 3036 506 nostram
3064 451 3379 513 industriam
3409 455 3614 511 solidio

351 535 518 591 studii
541 536 692 591 licuit
721 538 1165 607 przetermissum,
1194 540 1336 608 quod
1357 540 1425 595 ad
1455 554 1649 594 novam
1670 541 1809 596 hanc
1835 540 1951 595 edi-

352 628 558 681 tionem
601 642 671 681 ex
724 629 966 683 omnium
1014 631 1157 685 votis
1195 645 1263 685 ex
1309 631 1493 685 animo
1530 631 1951 687 cumulatissime

354 716 727 772 instruendam
767 733 832 773 ac
875 720 1112 774 numeris
1139 720 1389 775 omnibus
1416 720 1799 776 absolvendam
1827 736 1952 792 per‘

352 809 571 871 tineret,
603 810 765 865 lectio
815 811 930 881 ipsa
972 812 1143 881 magis
1167 827 1327 881 quam
1355 814 1642 869 verborum
1671 829 1950 869 commen-

350 898 501 951 datio
539 900 938 968 comprobabit.
985 899 1236 971 Magnum
1278 902 1473 958 exinde
1515 902 1747 959 fructum
1796 903 1953 959 nobis

2052 542 2128 597 ris
2145 539 2405 596 doctrina
2431 539 2730 598 candidatis
2751 548 2862 595 tum
2890 550 3097 612 gratam
3115 556 3237 597 cum
3257 543 3440 598 utilem
3466 543 3631 600 fuisse

2053 632 2480 688 intellexerimus
2510 649 2523 685 :
2548 646 2943 703 pergemusque
2970 632 3075 688 huc
3098 633 3229 689 eniti
3258 643 3318 690 ut
3344 639 3630 704 quotannis

2050 722 2250 793 aliquid
2299 737 2365 777 ex
2416 723 2603 777 labore
2640 731 2827 778 nostro
2856 724 3083 794 prodeat
3108 740 3272 781 sacra:
3297 740 3417 781 cum
3445 727 3631 796 primis

2051 814 2365 868 litteratum
2388 811 2645 869 studiosis
2666 814 2994 884 voluptatem
3013 830 3138 871 cum
3158 816 3390 873 utilitate
3405 818 3631 889 conjun-

2050 911 2193 959 ctam
2222 904 2528 958 allaturum.

961 1148 1575 1233 PREFATIO
1631 1151 2338 1236 PARISIENSIS
2392 1152 3023 1236 EDITIONIS.

424 1453 711 1507 Paulinum
751 1450 1067 1521 episcopum
1105 1447 1372 1505 Nolanum
1425 1456 1481 1504 et
1537 1448 1704 1519 ipsius
1741 1446 1941 1515 scripta

348 1545 543 1616 quanti
576 1543 801 1599 lecerint
845 1540 943 1597 SS.
975 1540 1231 1597 Ecclesia:
1280 1540 1494 1606 Patres,
1538 1539 1691 1594 multi
1720 1545 1937 1599 norunt,

350 1653 545 1693 omnes
591 1652 659 1692 ex
688 1637 926 1707 ipsorum
954 1634 1142 1704 elogiis
1194 1633 1329 1689 infra
1370 1632 1736 1689 describendis
1784 1643 1942 1685 nosse

2123 1445 2315 1500 Totum
2346 1463 2480 1518 opus
2509 1449 2563 1503 in
2610 1449 2746 1505 duos
2790 1460 2968 1507 tomos
3009 1451 3369 1517 distinximus,
3401 1468 3628 1523 quorum

2046 1540 2251 1608 primus
2300 1540 2676 1611 complectitur
2728 1543 3027 1599 indubitata
3082 1544 3139 1599 S.
3203 1543 3410 1600 Paulini
3465 1562 3628 1616 opera

2044 1627 2340 1685 secundum
2355 1632 2599 1687 ordinem
2622 1641 2923 1704 temporum
2944 1651 3085 1691 nunc
3100 1636 3331 1706 primum
3350 1636 3629 1708 disposita,

349 1735 605 1799 possunt.
627 1726 746 1782 iam
774 1726 978 1796 pridem
1015 1725 1146 1781 viris
1171 1725 1346 1781 doctis
1374 1737 1516 1792 aegre
1545 1730 1663 1778 erat
1708 1730 1818 1777 tam
1846 1721 1941 1777 de-
1976 1745 2020 1805 Β
2046 1735 2206 1789 quem
2248 1723 2427 1779 studio
2455 1734 2510 1779 et
2535 1726 2776 1782 consiliis
2819 1728 3117 1784 doctissimi
3166 1730 3265 1784 viri
3311 1730 3629 1801 investigare

348 1829 583 1890 pravata
611 1835 729 1875 esse
760 1819 892 1873 tanti
918 1819 1019 1873 viri
1048 1833 1233 1888 opera,
1265 1825 1320 1873 et
1348 1818 1416 1871 ab
1460 1817 1640 1886 aliquo
1680 1815 1944 1871 medicam

348 1913 485 1983 ipsis
519 1911 767 1967 adhiberi
795 1926 1014 1965 manum
1037 1910 1404 1977 vehementer
1427 1907 1709 1979 optabant.
1741 1904 1944 1960 Horum

350 2002 599 2058 consiliis
620 2010 678 2056 et
702 2000 1116 2056 auctoritatibus
1142 1999 1355 2054 adducti
1377 1998 1446 2053 ad
1485 2013 1550 2053 ea
1580 1998 1837 2068 primmvo
1866 1995 1947 2049 ni—

353 2092 463 2146 tori
484 2090 824 2147 restituenda
853 2091 1089 2145 animum
1113 2089 1428 2159 adjecimus,
1461 2089 1763 2157 corrogatis
1789 2086 1950 2142 unde-

352 2197 590 2251 quaque,
619 2188 737 2236 tum
790 2196 859 2237 ex
885 2180 1055 2253 Gallia
1105 2188 1220 2236 tum
1270 2195 1337 2235 ex
1384 2178 1576 2234 vicinis
1615 2178 1944 2247 regionibus,

352 2275 632 2330 codicibus
656 2274 1059 2346 manuscriptis,
1091 2288 1321 2343 quorum
1350 2286 1456 2343 ope
1485 2278 1641 2327 aucta
1666 2279 1721 2325 et
1762 2284 1949 2325 emen-

354 2362 478 2417 data
507 2370 654 2419 sunt.

427 2452 608 2509 Prima
636 2470 826 2510 eorum
859 2454 1026 2510 editio
1060 2452 1335 2525 prodierat
1363 2452 1585 2508 Lutetiae
1620 2450 1946 2508 Parisiorum

356 2561 506 2602 anno
538 2544 675 2601 1516
714 2548 857 2619 typis
884 2547 1075 2603 Jodoci
1124 2547 1272 2601 Badii
1302 2546 1541 2601 Ascensii
1573 2547 1625 2601 in
1654 2547 1836 2601 multis
1864 2547 1945 2601 la-

354 2654 504 2704 cera,
539 2639 593 2693 in
630 2640 905 2694 nonnullis
953 2639 1161 2704 mutila,
1194 2653 1257 2693 ac
1285 2638 1448 2693 etiam
1486 2651 1517 2691 a
1554 2652 1780 2692 censore
1830 2638 1947 2707 ipso

355 2728 525 2783 Badio
554 2729 873 2800 depravata.
916 2736 917 2739 ‘

421 2820 625 2877 Secuta
666 2830 748 2878 est
788 2822 955 2879 editio
984 2824 1218 2880 secunda
1247 2824 1467 2881 Henrici
1503 2824 1684 2880 Gravii
1714 2823 1947 2895 Domini-

357 2913 499 2979 cani,
529 2912 624 2982 qui
654 2928 799 2968 anno
840 2912 980 2968 1560
1024 2914 1264 2971 Colonia:
1301 2916 1400 2971 sub
1438 2916 1590 2986 prelo
1628 2914 1945 2970 Cboliniano

358 3000 569 3056 Paulini
598 3018 764 3073 opera
792 3004 973 3060 multis
998 3005 1207 3061 mendis
1233 3006 1542 3077 repurgavit
1567 3020 1635 3061 ex
1670 3004 1947 3060 veteribus

358 3094 761 3163 exemplaribus
782 3110 911 3151 mss.

428 3184 558 3240 inde
590 3186 747 3240 tertia
777 3186 977 3256 prodiit
1018 3188 1241 3243 Basilezc
1281 3202 1369 3242 an.
1404 3185 1541 3241 1569
1572 3188 1709 3241 inter
1756 3186 1945 3240 ortho-

359 3277 743 3348 doxographos
764 3295 793 3333 a
824 3278 1032 3335 Joanne
1054 3279 1259 3335 Jacobo
1289 3279 1503 3335 Grinzeo
1544 3279 1802 3333 collectos
1829 3292 1949 3347 qua:

361 3370 575 3424 videtur
617 3384 698 3431 ex.
732 3372 1112 3443 manuscriptis
1154 3382 1278 3442 post
1321 3372 1531 3443 priores
1560 3370 1824 3426 editiones
1849 3385 1947 3424 ex-

362 3476 570 3531 pressa.

428 3550 691 3617 Quartam
714 3568 833 3608 cum
856 3568 957 3608 ms.
976 3554 1161 3610 codice
1182 3553 1433 3609 collatam
1464 3552 1691 3607 intexuit
1711 3551 1950 3608 Andreas

363 3640 619 3697 Schottus
638 3640 841 3698 Jcsuita
864 3645 917 3699 in
946 3645 1325 3700 Coloniensem
1354 3644 1701 3698 Bibliotheca:
1729 3641 1948 3697 Patrum

368 3733 660 3789 editionem
689 3749 779 3788 an.
804 3734 961 3801 1618,
993 3735 1174 3791 addito
1204 3733 1563 3805 Epithalamio
1582 3732 1776 3787 Juliani
1805 3740 1859 3787 et
1884 3731 1951 3787 ιω

369 3824 606 3878 nondum
636 3839 854 3880 excuso.

436 3912 692 3981 Quintam
714 3923 770 3970 et
797 3923 1125 3985 postremam
1156 3915 1444 3972 editionem
1492 3930 1634 3970 anno
1664 3914 1802 3967 1622
1843 3914 1951 3967 An-

372 4005 590 4075 tuerpia:
613 4007 841 4071 curavit,
873 4015 928 4061 et
950 4008 1097 4077 typis
1124 4004 1479 4063 Plantinianis
1508 4006 1777 4061 commisit
1800 4004 1953 4059 ilcri-

372 4095 550 4151 bertus
573 4095 904 4168 Rosweydus
923 4115 1035 4154 soc.
1058 4097 1206 4166 Jesu,
1241 4099 1319 4153 vir
1342 4099 1461 4168 pius
1488 4106 1543 4153 et
1564 4098 1831 4161 eruditus;
1855 4096 1950 4151 sed

371 4195 451 4240 tot
479 4190 929 4259 occupationibus
968 4191 1291 4261 implicatus,
1332 4200 1412 4259 ut,
1444 4206 1563 4246 cum
1608 4199 1817 4260 tempus
1845 4206 1951 4245 non

373 4278 663 4347 sufﬁceret,
692 4280 917 4335 aliorum
948 4297 1090 4351 saepe
1116 4284 1309 4338 studiis
1338 4284 1414 4337 uti
1436 4290 1739 4351 cogeretur,
1765 4291 1820 4335 et
1839 4297 1954 4336 suc-

371 4369 658 4425 cedaneam
681 4371 939 4426 duntaxat
960 4374 1257 4441 imponeret
1282 4389 1517 4428 manum.
1543 4374 1689 4428 Illam
1711 4373 1953 4443 profecto

2047 1814 2359 1885 sategimus.
2394 1815 2687 1874 Nonnullas
2731 1819 3025 1889 adiecimus
3053 1822 3330 1892 epistolas,
3369 1824 3550 1893 plures
3576 1825 3629 1880 in

2049 1905 2182 1959 duas
2202 1907 2480 1964 divisimus
2498 1910 2667 1964 secuti
2704 1925 2829 1965 mss.
2863 1912 3108 1967 codicum
3136 1914 3533 1979 auctoritatem,
3563 1931 3628 1971 ex

2048 1995 2256 2051 duabus
2280 2014 2440 2052 unam
2462 2014 2530 2053 ex
2558 1999 2721 2055 certis
2744 2003 3073 2071 argumentis
3088 2003 3373 2073 aliquando
3392 2006 3630 2073 confeci-

2049 2102 2188 2142 mus.
2218 2088 2327 2143 llas
2353 2090 2495 2145 inter
2520 2091 2709 2147 ordine
2736 2109 2835 2149 suo
2863 2093 3245 2149 collocavimus
3273 2072 3509 2161 unicum,
3537 2098 3629 2166 qui

2051 2180 2207 2235 nobis
2233 2190 2508 2253 superest,
2540 2181 2600 2238 S.
2631 2182 2841 2239 Paulini
2883 2199 3188 2241 sermonem
3236 2185 3303 2243 de
3347 2185 3630 2259 Gazophy-

2050 2273 2205 2329 lacio.

2120 2364 2383 2423 Praeterea
2412 2384 2524 2422 rem
2552 2377 2758 2438 gratam
2782 2370 3075 2439 utilemque
3102 2371 3357 2427 studiosis
3390 2371 3630 2428 facturos

2051 2470 2149 2511 nos
2177 2456 2417 2511 arbitrati
2455 2473 2666 2523 sumus,
2701 2460 2745 2514 Si
2776 2460 2859 2515 his
2902 2460 3258 2518 insereremus
3285 2462 3538 2534 epistolas
3562 2465 3630 2517 ad

2052 2546 2329 2602 Paulinum
2358 2549 2442 2603 vel
2470 2550 2694 2620 scriptas
2724 2551 2805 2605 vel
2836 2552 3143 2621 rescriptas.

2121 2638 2322 2694 Deinde
2348 2641 2696 2710 epistolarum
2719 2650 3033 2711 argumenta
3063 2643 3202 2698 male
3228 2642 3435 2711 digesta
3463 2651 3519 2698 et
3547 2643 3631 2698 in-

2047 2732 2345 2802 composita
2397 2733 2810 2802 castigavimus,
2864 2742 2921 2788 et
2966 2749 3131 2789 sacrm
3178 2733 3467 2805 Scriptura:
3514 2734 3631 2791 loca

2049 2822 2239 2877 italico
2267 2822 2632 2892 expressimus
2661 2824 2992 2879 charactere.

2119 2913 2386 2968 Caeterum
2433 2928 2553 2967 cum
2602 2914 2742 2983 apud
2791 2929 2979 2969 omnes
3026 2922 3235 2969 constet
3273 2912 3370 2970 SS.
3417 2914 3631 2969 Patrum

2050 3005 2276 3061 allectus
2304 3014 2360 3060 et
2387 3006 2613 3060 virtutes
2634 3021 2742 3059 non
2768 3006 2893 3060 alibi
2920 3005 3110 3060 melius
3129 3020 3287 3074 quam
3317 3006 3370 3059 in
3396 3006 3634 3076 epistolis

1974 3115 2021 3177 ρ
2052 3111 2210 3167 posse
2239 3094 2590 3165 deprehendi,
2623 3096 2676 3150 in
2699 3094 2907 3149 Paulini
2929 3094 3123 3150 litteris
3142 3095 3377 3150 auctoris
3397 3096 3631 3163 genium,

2052 3188 2433 3258 eloquentiam,
2458 3186 2815 3257 prudentiam,
2841 3187 3033 3251 zelum,
3060 3186 3223 3241 animi
3253 3187 3632 3253 constantiam,

2051 3280 2291 3335 veritatis
2310 3295 2373 3335 ac
2388 3280 2603 3350 pietatis
2618 3294 2876 3345 amorem,
2892 3278 3179 3349 Scriptura:
3192 3294 3359 3336 sacrm
3379 3277 3632 3342 studium,

2051 3371 2455 3437 humanitatem,
2487 3370 2825 3434 modestiam,
2856 3370 3212 3425 humilitatem
3233 3386 3359 3427 vere
3376 3369 3634 3426 Christia-

2051 3478 2195 3527 nam,
2218 3461 2497 3517 caritatem
2517 3462 2825 3528 maximam,
2856 3476 2956 3516 nec
2984 3476 3093 3515 non
3115 3459 3305 3517 faciem
3326 3470 3382 3517 et
3401 3463 3634 3518 animum

2052 3550 2207 3608 facile
2246 3552 2420 3623 quivis
2447 3552 2639 3607 intueri
2684 3557 2882 3622 potest.
2935 3550 2992 3605 in
3033 3552 3195 3607 variis
3226 3553 3367 3608 enim
3398 3552 3636 3623 epistolis

2052 3651 2300 3698 auctores
2348 3651 2540 3714 sponte
2581 3658 2642 3698 se
2688 3644 2789 3713 ipsi
2818 3643 3053 3713 produnt
3083 3644 3411 3713 pinguntque
3441 3645 3637 3700 nativis

2052 3734 2344 3800 coloribus,
2392 3748 2528 3801 quos
2573 3741 2786 3799 natura,
2835 3734 3004 3797 locus,
3054 3734 3287 3797 occasio,
3338 3738 3636 3802 argumenti

2053 3838 2240 3892 genus,
2271 3838 2534 3893 personzc,
2558 3824 2721 3876 etiam
2743 3838 2773 3875 a
2794 3838 2904 3875 non
2932 3822 3289 3890 cogitantibus
3308 3824 3631 3893 exprimunt.

2053 3915 2204 3982 Quod
2234 3916 2369 3969 adeo
2411 3929 2617 3981 verum,
2659 3922 2717 3967 ut
2743 3912 3019 3978 Paulinus,
3049 3913 3140 3983 qui
3170 3914 3455 3983 imaginem
3484 3929 3635 3969 suam

2053 4022 2152 4061 suo
2180 4005 2382 4060 Severo
2402 4004 2696 4074 postulanti
2716 4003 3093 4072 denegaverat,
3125 4018 3185 4059 se
3213 4004 3325 4074 ipse
3346 4011 3457 4058 tam
3484 4019 3636 4074 egre-

2053 4099 2138 4165 gie
2166 4096 2399 4167 pinxerit
2440 4095 2494 4150 in
2538 4094 2701 4149 variis
2729 4093 3078 4164 epistolarum
3124 4098 3338 4148 suarum
3387 4094 3546 4161 locis,
3577 4104 3637 4148 ut

2052 4188 2210 4245 facile
2237 4188 2393 4243 nobis
2421 4188 2578 4242 fuerit
2602 4202 2669 4241 ex
2699 4186 2763 4241 iis
2783 4185 2973 4241 faciem
2994 4185 3110 4255 ejus
3132 4184 3201 4239 ad
3234 4186 3406 4240 viv'um
3435 4201 3635 4256 reprm-

2055 4289 2287 4344 scntare,
2320 4278 2559 4349 epistolis
2585 4279 2790 4333 scilicet
2818 4275 2867 4343 5,
2893 4292 3040 4332 num.
3068 4276 3129 4343 4;
3160 4275 3249 4342 22,
3281 4292 3428 4330 num.
3457 4276 3519 4343 ‘2;
3542 4275 3634 4341 25,

2056 4389 2204 4427 num.
2239 4372 2305 4426 10
2331 4381 2387 4426 et
2412 4371 2500 4439 25,
2551 4378 2605 4425 et
2649 4370 2716 4423 40
2761 4384 2908 4423 num.
2959 4368 3011 4433 6,
3067 4368 3307 4422 nonnihil
3354 4368 3517 4422 etiam
3571 4369 3638 4421 ad

373 4460 665 4515 editionem
693 4474 995 4517 accuratam
1025 4481 1132 4520 non
1161 4466 1491 4519 existimavit
1526 4464 1765 4533 ejusdem
1787 4465 1952 4519 socie-
1980 4490 2030 4549 ι)
2057 4467 2319 4537 picturam
2349 4462 2731 4519 absolvendam
2755 4462 2976 4531 juvante
3006 4459 3207 4515 Uranio
3251 4475 3395 4515 num.
3438 4459 3490 4523 5,
3524 4459 3557 4512 6
3586 4470 3637 4513 et

375 4553 499 4606 tatis
540 4552 733 4608 Petrus
779 4553 1095 4611 Franciscus
1136 4554 1454 4621 Chiflletius,
1504 4557 1594 4627 qui
1639 4555 1707 4610 ad
1755 4570 1950 4610 novam
2053 4557 2107 4622 7,
2154 4556 2449 4612 Fortunato
2500 4555 2591 4609 lib.
2643 4570 2678 4608 n
2717 4552 2783 4607 de
2828 4552 2951 4606 Vita
3001 4549 3057 4604 S.
3103 4549 3333 4615 Martini,
3376 4557 3430 4604 et
3477 4549 3633 4603 Rom.

369 4643 430 4697 S.
455 4643 664 4700 Paulini
688 4662 910 4716 Operam
934 4648 1228 4703 editionem
1268 4649 1659 4720 procurandam
1699 4649 1867 4703 multa
1896 4649 1950 4702 in

370 4734 611 4788 medium
640 4737 867 4806 protulit
894 4738 948 4792 in
975 4750 1075 4793 suo
1098 4739 1325 4793 Paulino
1351 4740 1630 4805 illustralo,
1663 4755 1730 4795 ex
1758 4754 1865 4809 quo
1894 4748 1954 4793 ut

370 4835 427 4880 et
456 4841 524 4880 ex
548 4828 755 4882 recenti
782 4840 1006 4897 operum
1027 4828 1087 4883 S.
1113 4828 1395 4899 Augustini
1425 4829 1662 4886 editione
1683 4830 1955 4901 excerpsi-

371 4933 492 4972 mus
519 4933 637 4987 (μω
657 4918 730 4973 ad
758 4936 875 4975 rem
902 4926 1141 4976 nostram
1170 4923 1563 4978 conducebant.

446 5008 515 5063 Ut
543 5018 723 5064 autem
771 5010 1067 5082 intelligas,
1114 5013 1285 5068 lector
1323 5014 1617 5078 benevole,
1667 5013 1889 5084 prmstiti
1921 5028 1951 5067 a

373 5100 530 5155 nobis
558 5101 719 5156 officii
741 5103 959 5157 modum
987 5112 1043 5158 et
1068 5106 1326 5168 rationes,
1355 5120 1525 5175 pauca
1553 5105 1640 5160 hic
1667 5104 1950 5175 praefabor.

445 5191 526 5246 Ad
581 5194 890 5261 castiganda
940 5193 1144 5249 Paulini
1193 5211 1358 5266 opera
1407 5195 1711 5265 complures
1762 5211 1951 5248 manu-

374 5282 603 5351 scriptos
622 5282 837 5339 codices
856 5300 953 5354 per
972 5300 1141 5340 annos
1162 5301 1257 5339 sex
1276 5286 1603 5340 excussimus
1630 5292 1686 5340 et
1708 5293 1955 5340 accurate

375 5374 702 5430 contulimus
746 5390 869 5429 cum
912 5376 1098 5442 editis;
1129 5391 1194 5432 ac
1238 5377 1385 5432 viros
1421 5376 1691 5443 eruditos,
1734 5376 1781 5431 si
1826 5375 1954 5446 quid

377 5464 654 5519 obscurius
673 5473 729 5519 et
758 5466 1063 5534 perplexius
1082 5467 1416 5531 occurrebat,
1440 5466 1832 5529 consuluimus;
1855 5480 1957 5520 nec

378 5570 589 5625 semper
606 5556 753 5625 quod
782 5557 976 5611 clarius
996 5567 1137 5613 esset
1164 5566 1257 5613 aut
1283 5557 1580 5628 elegantius
1605 5557 1952 5627 prabtulimus,

380 5647 468 5700 sed
489 5648 630 5718 quod
651 5662 905 5717 germana
921 5648 1126 5703 Paulini
1148 5649 1310 5707 dictio
1333 5666 1450 5707 esse
1475 5650 1687 5707 collatis
1702 5649 1821 5705 aliis
1840 5649 1956 5720 ejus

384 5754 602 5809 operum
630 5742 763 5797 locis
790 5741 1087 5801 videbatur.

2054 4648 2298 4705 Subterr.

2124 4737 2393 4807 Epistolas
2420 4734 2695 4804 excipiunt
2720 4739 2967 4803 poemata
2997 4726 3288 4783 innumeris
3316 4726 3520 4781 mendis
3550 4741 3638 4781 re-

2053 4836 2297 4900 purgata,
2332 4825 2572 4881 versibus
2599 4822 2841 4893 plurimis
2869 4828 3053 4885 aucta,
3078 4826 3133 4873 et
3160 4818 3485 4885 argumentis
3516 4817 3638 4871 illu-

2054 4927 2240 4976 strata.
2272 4916 2367 4971 llis
2391 4915 2617 4986 plurima
2656 4911 3030 4969 ecclesiastica:
3059 4908 3368 4978 disciplintc,
3401 4908 3638 4978 antiqui-

2056 5011 2184 5065 tatis
2212 5017 2268 5065 et
2296 5008 2532 5063 historiae
2577 5011 2926 5059 monumenta
2971 5001 3336 5065 continentur,
3387 5014 3487 5055 nec
3532 5015 3639 5055 non

2055 5102 2325 5175 pmcipua
2354 5098 2625 5167 Evangelii
2654 5104 2921 5168 pnccepta
2955 5103 3009 5150 et
3037 5093 3278 5149 consilia.

2129 5191 2297 5246 Porro
2326 5191 2378 5244 in
2407 5189 2654 5245 omnibus
2694 5185 2901 5240 Paulini
2945 5184 3198 5254 operibus
3238 5182 3505 5238 sectiones
3548 5180 3640 5236 do-

2057 5282 2386 5351 signavimus
2431 5280 2755 5349 frequentes,
2803 5275 2977 5331 affixis
3022 5274 3311 5329 numericis
3341 5272 3503 5338 notis,
3533 5286 3640 5340 quo

2058 5382 2200 5429 esset
2238 5372 2489 5440 deinceps
2536 5369 2744 5424 facilior
2788 5365 2994 5421 Paulini
3043 5379 3189 5430 usus,
3233 5361 3641 5433 expeditiorque

2058 5464 2298 5519 locorum
2328 5460 2619 5530 inquisitio.
2645 5457 3089 5511 Emendationum
3112 5464 3291 5509 autem
3312 5464 3498 5505 causas
3523 5449 3640 5517 qui-

2058 5556 2282 5611 busdam
2310 5551 2689 5609 notatiunculis
2718 5550 2771 5604 in
2814 5547 3155 5604 inferioribus
3196 5540 3523 5609 marginibus
3548 5554 3643 5597 ex-

2059 5646 2353 5718 posuimus,
2380 5644 2431 5699 in
2453 5641 2759 5698 latcralibus
2782 5654 2942 5695 voces
2967 5636 3250 5692 nonnullas
3273 5630 3643 5696 obscuriores;

2060 5755 2178 5810 qua:
2210 5753 2336 5793 vero
2367 5736 2546 5795 addita
2576 5741 2731 5801 sunt,
2774 5731 2979 5788 duabus
3009 5725 3278 5793 ansulis()
3309 5722 3644 5783 inclusimus.
