4020 6186
420 370 487 427 15
1438 355 1493 412 8.
1534 350 1876 409 PAULINUS
1915 346 2229 405 NOLANUS
2266 344 2654 401 EPISCOPUS.
3610 342 3680 400 {6

483 478 543 534 lu
568 472 860 531 secundum
890 477 1094 525 tomum
1121 464 1364 535 conjecta
1391 474 1516 521 sunt
1556 478 1719 533 opera
1750 471 1864 517 tum
1888 459 1990 516 du-
2016 463 2072 523 Α
2166 456 2276 513 Hos
2326 463 2621 525 sequuntur
2675 454 2765 510 alii
2817 454 3020 511 indlces
3068 454 3175 511 duo
3221 454 3464 510 locorum
3511 470 3678 511 sacrae

413 571 521 634 bia,
546 575 659 621 tum
681 559 1038 633 supposititia.
1062 556 1156 612 His
1176 565 1331 611 notas
1350 554 1619 609 variorum
1645 550 1991 620 subiecimus,

420 662 475 714 in
499 670 727 728 quarum
757 653 862 708 ﬁne
890 649 1149 719 cujusque
1176 646 1409 701 auctoris
1435 659 1630 700 nomen
1659 642 1863 699 editum
1889 646 1994 708 est,

420 748 619 804 nostris
646 759 778 801 vero
802 744 916 797 haec
944 748 1071 795 nota
1098 739 1122 809 Ἰ
1153 737 1391 808 praeﬁxa.

487 839 796 907 Sequuntur
820 831 1140 889 sanctissimi
1167 830 1267 883 viri
1291 828 1463 897 elogia
1492 842 1558 882 ex
1588 825 1750 880 variis
1772 824 2000 893 scripto-

418 930 567 984 ribus
595 927 664 982 ad
690 941 816 980 mss.
849 924 1061 979 codices
1089 921 1359 989 recognita
1381 960 1394 987 ,
1426 932 1545 987 qum
1586 917 1765 972 locum
1810 922 2002 985 parant

421 1021 553 1073 Vita:
572 1018 629 1073 S.
650 1000 853 1074 Paulini
878 1029 946 1068 ex
968 1012 1133 1081 ipsius
1154 1010 1324 1065 sancti
1344 1018 1398 1063 et
1418 1016 1657 1064 veterum
1682 1006 1999 1074 scriptorum

420 1111 672 1181 operibus
702 1122 891 1162 recens
917 1105 1268 1160 concinnattc.

493 1202 627 1256 Huic
655 1199 875 1268 adjecta:
920 1203 1045 1251 sunt
1067 1192 1469 1249 dissertationes
1497 1198 1738 1259 septem,
1769 1204 2002 1258 quarum

422 1297 593 1370 prima
622 1290 969 1362 epistolarum
1015 1286 1260 1342 ordinem
1307 1282 1745 1350 chronologicum
1795 1280 2003 1345 astruit,

424 1382 658 1442 secunda
686 1386 1015 1450 poematum.
1067 1373 1245 1430 Te‘rtia
1264 1412 1279 1438 ,
1328 1379 1517 1440 quarta
1547 1378 1602 1424 et
1628 1370 1815 1437 quinta
1844 1375 2010 1436 agunt

427 1475 497 1530 de
523 1471 761 1541 Sulpicio
788 1468 989 1523 Severo
1007 1507 1022 1531 ,
1072 1464 1313 1527 Alethio,
1366 1460 1616 1516 Victricio
1652 1467 1709 1513 et
1736 1458 1909 1528 Apro,
1939 1456 2009 1512 ad

433 1579 570 1634 quos
596 1560 810 1629 scripsit
852 1555 1132 1620 Paulinus;
1166 1561 1318 1609 sexta
1346 1552 1412 1606 de
1440 1550 1690 1621 operibus
1715 1549 1771 1604 S.
1802 1547 2011 1603 Paulini

429 1654 658 1719 amissis,
684 1651 859 1706 dubiis
886 1656 941 1703 et
966 1644 1317 1717 supposititiis
1342 1662 1354 1695 :
1382 1642 1609 1711 septima
1630 1655 1759 1694 vero
1782 1637 1851 1694 de
1871 1638 2013 1707 ejus-

433 1746 559 1799 dem
586 1740 756 1796 sancti
784 1746 1131 1793 controversa
1159 1733 1470 1803 captivitate
1496 1730 1611 1785 fuse
1635 1729 1866 1784 disserit.

2095 546 2385 616 Scriptum
2434 546 2504 611 “,
2549 559 2669 613 qua:
2714 544 3066 614 explicantur,
3116 553 3172 599 et
3215 544 3469 614 singulari
3512 544 3677 602 modo

2095 636 2481 707 exprimuntur.
2514 634 2608 690 His
2635 636 2763 690 item
2790 635 2995 690 accedit
3023 635 3179 689 index
3218 651 3431 703 vocum,
3453 651 3677 705 quarum

2098 727 2310 782 insolita
2372 725 2707 795 signiﬁcatio.
2772 726 2975 795 Agmen
3030 726 3244 781 claudet
3290 727 3447 782 index
3499 744 3679 783 rerum

2098 818 2519 887 copiosissimus.

2172 908 2307 963 Tum
2335 923 2404 963 ne
2430 908 2557 976 quid
2584 906 2913 963 difﬁcultatis
2940 908 3154 977 pariant
3180 908 3451 964 variorum
3491 918 3683 964 aucto-

2100 1015 2225 1055 rum
2248 999 2504 1069 appositte
2548 1000 2599 1052 in
2648 999 2976 1067 marginibus
3004 998 3305 1063 citatioues,
3339 1006 3393 1053 te
3420 1000 3685 1053 monitum

2102 1090 2349 1145 volumus
2394 1104 2492 1143 nos
2536 1088 2697 1143 fuisse
2726 1103 2852 1143 usos
2881 1088 3104 1144 Ausonii
3152 1089 3391 1143 editione
3418 1087 3689 1156 Burdega-

2104 1178 2237 1233 lensi
2284 1192 2371 1231 an.
2421 1175 2561 1230 1575
2605 1192 2637 1231 a
2664 1177 2858 1231 Vineto
2904 1185 3219 1247 procurata,
3268 1176 3325 1230 S.
3378 1176 3688 1250 Hieronymi

2108 1267 2399 1323 Basileensi
2420 1282 2508 1322 an.
2540 1267 2699 1332 1565,
2721 1266 2778 1322 8.
2806 1268 3085 1335 Augustini
3112 1266 3347 1321 editione
3375 1269 3685 1331 novissima,

2106 1360 2329 1430 Sulpicii
2350 1359 2534 1415 Severi
2566 1359 2931 1429 Antuerpiana
2956 1373 3044 1411 an.
3070 1357 3228 1423 1574,
3251 1356 3492 1426 Gregorii
3518 1357 3692 1412 Turo-

2108 1454 2290 1507 nensis
2331 1467 2418 1506 an.
2450 1450 2589 1505 1640
2620 1450 2925 1515 Parisiensi,
2968 1450 3024 1505 S.
3073 1448 3317 1517 Gregorii
3360 1449 3532 1516 Magni
3563 1450 3691 1504 item

2111 1543 2279 1600 Paris.
2336 1560 2424 1599 an.
2482 1542 2638 1609 1605,
2695 1544 3054 1599 Conciliorum
3108 1544 3246 1597 Binii
3298 1552 3353 1598 et
3405 1544 3693 1599 Annalium

2111 1636 2302 1691 eoeles.
2330 1636 2546 1691 Baronii
2570 1635 2806 1690 editione
2835 1634 3141 1690 Coloniensi
3170 1651 3259 1689 an.
3294 1634 3449 1690 1609.

2184 1726 2244 1781 In
2271 1726 2591 1782 dictionibus
2619 1742 2650 1781 e
2676 1725 2862 1783 Graeco
2900 1727 3151 1782 derivatis
3177 1727 3416 1782 Gmcam
3459 1743 3689 1797 usurpa-

502 1833 811 1900 Sequuntur
838 1827 1108 1882 variantes
1154 1839 1221 1878 ex
1261 1838 1389 1877 mss.
1436 1829 1491 1876 et
1536 1820 1695 1877 editis
1742 1819 2014 1875 codicibus
2041 1825 2086 1885 Β
2112 1819 2287 1873 vimus
2308 1817 2765 1887 orthographiam,
2798 1817 2852 1871 in
2877 1817 3077 1872 Latinis
3104 1822 3223 1872 eam
3246 1832 3407 1886 quam
3436 1818 3694 1874 exhibent

433 1926 710 1985 lectiones,
754 1936 888 1991 quas
935 1920 1075 1973 inter
1115 1915 1517 1987 deprehendere
1544 1921 1628 1969 est
1654 1912 1870 1968 levioris
1896 1925 2017 1967 mo-

433 2015 600 2069 menti
629 2009 1029 2066 emendationes
1053 2009 1094 2063 ‘.

507 2104 586 2158 Ne
612 2100 741 2171 quid
770 2114 897 2154 vero
927 2098 981 2152 in
1009 2104 1283 2167 postrema
1321 2096 1423 2151 hac
1467 2093 1702 2149 editione
1745 2091 2020 2148 desidera-

438 2202 605 2259 retur,
646 2189 951 2261 quindecim
982 2187 1184 2241 indices
1212 2186 1556 2242 attexuimus.
1586 2183 1795 2240 Primus
1822 2198 2021 2239 novum

438 2284 651 2337 huncce
701 2277 1048 2348 epistolarum
1099 2274 1342 2329 ordinem
1388 2275 2020 2341 cumliactenusvulgato

438 2374 809 2438 comparatum
836 2363 1074 2419 exhibet.
1105 2361 1384 2417 Secundus
1411 2362 1679 2431 vulgatum
1707 2363 1856 2432 prius
1878 2363 2022 2417 ordi-

440 2474 564 2514 nem
605 2457 878 2521 continet,
923 2462 1187 2525 quatenus
1214 2451 1279 2506 ad
1322 2452 1462 2508 hunc
1491 2467 1687 2507 novum
1729 2452 2019 2509 reducitur.

441 2550 655 2605 Tertius
684 2556 903 2603 constat
922 2561 1107 2602 eorum
1138 2545 1443 2601 nominibus
1471 2546 1807 2615 alphabetico
1834 2547 2024 2604 ordine

442 2639 681 2708 digestis,
718 2635 785 2691 ad
809 2651 945 2705 quos
971 2635 1223 2690 Paulinus
1252 2634 1395 2689 dedit
1422 2636 1692 2704 epistolas,
1723 2638 1807 2691 vel
1835 2652 1866 2691 a
1906 2638 2025 2707 qui-

440 2729 541 2785 bus
567 2729 684 2799 ipse
711 2728 943 2783 vicissim
972 2726 1197 2796 accepit.
1226 2725 1457 2791 Quartus
1498 2742 1626 2781 vero
1664 2728 1883 2782 exhibet
1910 2728 2025 2798 epi-

443 2820 706 2874 stolarum
739 2817 889 2872 initia
919 2816 1212 2871 secundum
1234 2816 1504 2886 alphabeti
1525 2816 1719 2871 seriem
1743 2817 2021 2887 disposita.

441 2908 685 2977 Quatuor
710 2914 997 2975 sequentes
1025 2908 1260 2962 carmina
1289 2906 1474 2961 eadem
1498 2915 1743 2977 spectant
1789 2910 2018 2964 ratione.

513 2999 608 3053 llis
648 3006 771 3054 octo
810 2998 1101 3067 adjecimus
1148 2997 1412 3065 digestum
1460 2998 1646 3053 ordine
1688 2999 2024 3068 alphabetico

441 3089 701 3161 syllabum
723 3098 779 3143 et
806 3089 1068 3143 editorum
1101 3096 1155 3141 et
1190 3103 1316 3143 mss.
1350 3087 1633 3153 Codicum,
1665 3104 1892 3157 quorum
1920 3105 2024 3159 ope

442 3181 721 3236 Paulinum
750 3181 1172 3248 repurgavimus.
1206 3179 1405 3233 Horum
1436 3197 1543 3235 non
1570 3182 1893 3236 mediocrem
1921 3198 2016 3238 co-
2042 3184 2088 3245 Ο

440 3270 582 3339 piam
611 3270 990 3324 humanissime
1016 3284 1114 3338 pro
1143 3284 1294 3322 more
1339 3284 1437 3323 suo
1483 3268 1607 3323 fecit
1652 3271 1806 3324 nobis
1835 3280 1946 3326 tum
1988 3287 2019 3327 e

442 3374 536 3415 sua
566 3358 761 3427 insigni
791 3358 1145 3421 Bibliotheca,
1180 3366 1292 3412 tum
1313 3373 1379 3412 ex
1406 3360 1674 3415 nonnullis
1702 3362 1818 3416 aliis
1845 3363 1927 3416 vir
1947 3363 2016 3418 cl.

445 3449 721 3504 Entericus
766 3448 1006 3517 Bigotius
1050 3449 1490 3518 Rotomagensis,
1536 3451 1663 3513 viris
1692 3452 1864 3507 doctis
1891 3454 2023 3509 satis

443 3550 624 3595 notus.
674 3540 1029 3611 Apposuimus
1076 3539 1275 3594 indices
1319 3541 1453 3595 duos
1489 3540 1733 3597 codicum
1775 3544 1842 3597 ad
1886 3560 2021 3613 quos

442 3632 660 3700 slngulae
687 3626 929 3701 epistolae
957 3632 1242 3701 recognitae
1264 3638 1409 3697 sunt,
1435 3639 1491 3686 et
1517 3640 1767 3702 poemata
1795 3649 2022 3705 quaeque

442 3723 717 3790 castigata.

514 3840 529 3859 ‘
563 3838 669 3895 Has
695 3838 965 3892 variantes
993 3852 1113 3906 qua:
1139 3837 1300 3892 etiam
1322 3836 1387 3891 ad
1414 3836 1743 3894 Veronensis
1771 3838 2022 3898 editionis

443 3910 643 3975 calcem
667 3908 877 3975 rejectu:
899 3908 1141 3974 fuerant,
1166 3924 1263 3963 nos
1282 3908 1379 3962 sub
1402 3916 1606 3963 textum
1632 3913 2017 3969 revocavimus.

447 3974 681 4099 ιυξῖᾖιίε
727 4044 988 4099 indicibus
1034 4044 1321 4114 Scriptum
1368 4045 1783 4115 abstinebimus,
1829 4059 1889 4105 ut
1932 4050 2024 4120 qui

2119 1917 2328 1964 veteres
2354 1924 2483 1964 mss.
2511 1909 2724 1964 codices
2746 1910 2831 1975 “',
2859 1908 3145 1965 dummodo
3168 1910 3222 1963 in
3251 1910 3314 1963 iis
3340 1912 3695 1979 pronuntian—

2118 2000 2203 2056 dis
2244 1999 2388 2055 nulla
2435 2000 2506 2057 sit
2533 2000 2600 2056 ab
2629 2015 2728 2057 usu
2773 2008 2992 2071 recepto
3019 2000 3345 2056 dissonantia
3394 2015 3511 2070 qua:
3539 2015 3696 2055 aures

2119 2089 2376 2147 offendat.

2190 2180 2355 2236 Nobis
2381 2180 2598 2249 quidem
2626 2179 2813 2235 fuisset
2858 2181 2912 2236 in
2956 2182 3095 2236 votis
3136 2189 3197 2236 ut
3242 2180 3551 2236 Pauliniana
3581 2182 3696 2237 haec

2122 2286 2285 2341 opera
2327 2285 2516 2325 manus
2543 2270 2840 2339 elegantior
2886 2279 3247 2337 retractasset,
3299 2287 3406 2341 quo
3438 2274 3570 2326 tanti
3597 2274 3696 2328 viri

2122 2360 2364 2428 dignitati
2395 2374 2458 2414 ac
2491 2359 2697 2414 meritis
2726 2360 3052 2429 respondere
3081 2362 3341 2430 potuisset
3381 2362 3579 2418 laboris
3620 2364 3698 2417 in-

2123 2450 2345 2506 dustria.
2390 2450 2523 2507 Cum
2554 2465 2679 2505 vero
2709 2450 2775 2503 ad
2823 2458 3129 2521 susceptum
3179 2467 3316 2521 opus
3368 2452 3698 2509 eruditorum

2122 2544 2358 2599 virorum
2385 2543 2622 2599 consiliis
2668 2543 2882 2597 adducti
2910 2545 3095 2610 simus,
3136 2545 3328 2612 quibus
3368 2561 3475 2600 non
3504 2561 3699 2615 parere

2123 2642 2309 2711 religio
2339 2642 2492 2699 nobis
2519 2641 2723 2705 fuisset,
2753 2641 2857 2697 hoc
2882 2657 3046 2696 unum
3076 2644 3229 2698 nobis
3262 2644 3601 2714 relinquitur,
3642 2663 3698 2708 ιιι

2125 2742 2252 2798 illud
2273 2742 2587 2797 humanitati
2605 2750 2728 2809 tute,
2748 2742 2919 2797 lector
2932 2742 3225 2808 carissime,
3257 2746 3698 2804 commendemus

2124 2852 2179 2899 et
2204 2840 2591 2898 contendamus
2620 2841 2716 2897 abs
2742 2847 2797 2895 te
2824 2840 3150 2910 supplicibus
3194 2844 3361 2909 votis,
3396 2852 3454 2898 ut
3493 2845 3538 2898 si
3582 2860 3700 2914 quin

2124 2944 2198 2999 ibi
2227 2950 2403 2999 errata
2431 2940 2864 3011 deprehenderis,
2896 2956 3005 2997 non
3051 2942 3204 2996 malae
3232 2943 3430 3012 menti,
3478 2960 3584 2999 non
3616 2947 3700 2998 in-

2125 3047 2285 3103 curia:
2313 3045 2551 3109 tribuas,
2583 3042 2676 3098 sed
2713 3041 3037 3099 inﬁrmitatis
3064 3044 3309 3099 humanae
3350 3046 3499 3100 vitio.
3534 3045 3700 3101 Porro

2125 3160 2223 3214 age
2267 3145 2545 3200 nobiscum
2573 3142 2793 3213 pariter,
2825 3142 3077 3208 obsecro,
3109 3149 3168 3197 ut
3195 3143 3319 3197 huic
3343 3143 3491 3212 operi
3535 3144 3700 3199 bene-

2122 3242 2355 3297 dictione
2383 3238 2588 3295 cmlesti
2609 3237 2785 3292 faveat
2804 3238 2965 3306 Deus,
2996 3238 3229 3307 illudque
3257 3253 3444 3293 omnes
3468 3254 3698 3308 quorum

2122 3343 2177 3398 in
2232 3357 2422 3396 manus
2473 3338 2809 3410 pervenerit,
2865 3337 3023 3407 digna
3078 3336 3300 3392 Paulino
3352 3338 3700 3393 veneratione

2124 3451 2388 3512 tractent,
2436 3450 2493 3498 et
2535 3456 2696 3512 quam
2741 3439 2932 3495 divina:
2975 3440 3211 3495 caritatis
3250 3441 3368 3497 luce
3405 3440 3697 3511 perfusum,

2121 3545 2511 3616 przeceptisque
2557 3542 2882 3612 evangelieis
2920 3550 2975 3598 et
3003 3541 3284 3612 disciplina
3334 3543 3700 3599 ecclesiastica

2123 3645 2378 3702 refertum
2407 3659 2543 3715 opus
2569 3657 2803 3714 congrua
2828 3643 3029 3714 pietate
3054 3642 3363 3713 suscipiant.

2167 3850 2315 3900 ostea
2362 3842 2414 3897 in
2461 3842 2636 3898 indice
2681 3839 2915 3908 generali
2961 3838 3248 3910 Scriptura:
3293 3839 3349 3894 in
3394 3839 3695 3894 universam

2167 3860 2315 3900 oswa
2362 3860 2414 3897 in
2461 3860 2636 3898 mulce
2681 3860 2915 3908 generan
2961 3860 3175 3910 acrrptu

2127 3860 2481 3980 Batrologiam
2511 3911 2843 3967 exscribendi
2866 3912 2989 3966 sint.
3022 3908 3175 3964 Eorr.

2291 3979 2419 4036 Eam
2432 3981 2883 4051 orthographiam
2912 3996 3011 4035 nos
3048 3994 3263 4051 quoque
3292 3979 3545 4035 intactam
3569 3993 3688 4033 ser-

2126 4052 2383 4107 vavimus.
2413 4050 2568 4106 EDIT.

457 4160 3677 4186 W

995 4259 1466 4407 VITA
1560 4263 2267 4413 SANCTI
2356 4266 3085 4413 PAULIN
3093 4270 3160 4407 Ι
3198 4344 3201 4349 τ

1604 4479 1982 4559 NOLANI
2052 4484 2533 4584 EPISGOPI,

797 4611 904 4668 EX
938 4611 1214 4669 IPSIUS
1250 4611 1621 4669 SCRIPTIS
1658 4614 1755 4672 AC
1797 4615 2184 4676 VETERUM
2223 4618 2760 4677 MONUMENTIS
2796 4617 3346 4676 CONCINNATA.

960 4854 1187 4932 CAPUT
1214 4854 1503 4911 PRIMUM.

453 4994 511 5051 Β.
544 4990 755 5047 Paulini
781 4996 941 5054 ortus,
973 4989 1175 5059 familia
1208 4998 1257 5041 et
1286 5004 1427 5058 opes.
1459 4986 1538 5041 De
1577 4988 1732 5042 variis
1759 4987 2019 5044 Paulinis.

523 5155 566 5222 ι
581 5147 852 5209 Paulinus,
871 5144 961 5214 qui
988 5152 1041 5198 et
1063 5143 1294 5211 antiquis
1310 5153 1335 5180 α
1352 5142 1592 5208 Pontius,
1613 5151 1665 5198 et
1692 5158 1817 5198 mss.
1842 5159 1905 5198 ac
1925 5144 2033 5199 edi-

450 5244 515 5297 tis
542 5239 817 5296 codicibus
838 5236 862 5274 δ
879 5234 1150 5304 Meropius
1165 5276 1179 5299 ,
1212 5242 1291 5286 tot
1317 5248 1380 5288 ac
1399 5235 1560 5288 tantis
1591 5233 1832 5287 laudibus
1854 5234 1906 5287 in
1928 5232 2030 5289 Ec-

449 5331 609 5387 clesia
633 5328 930 5383 celebratus
969 5328 1036 5378 ex
1071 5335 1092 5361 ο
1128 5324 1477 5377 illustrissima
1510 5321 1710 5376 familia
1750 5329 1898 5377 ortus
1924 5332 2025 5388 est,

449 5439 514 5476 ex
543 5419 569 5456 ά
598 5416 932 5475 senatoribus
969 5413 1174 5467 scilicet
1218 5420 1325 5464 tum
1355 5421 1580 5481 paterno
1624 5418 1736 5465 tum
1784 5419 2027 5465 materno

450 5525 644 5579 genere
676 5519 697 5543 ι’
722 5504 995 5560 Romanis.
1031 5503 1047 5540 ί
1083 5502 1321 5556 Melania:
1343 5502 1558 5567 seniori,
1599 5501 1749 5570 cujus
1780 5501 2028 5555 nobilitas

524 5656 547 5683 ι
574 5645 888 5723 lausonl‘ep.
1052 5638 1108 5723 ub
1140 5636 1343 5690 Paulin.
1370 5652 1455 5723 ep.
1489 5636 1674 5723 40:1“c
1699 5636 1945 5723 Ambros.
1971 5650 2055 5704 ep.
2077 5634 2163 5723 50:

2050 4860 2103 4920 D
2132 4866 2238 4914 tam
2259 4860 2479 4917 illustris
2500 4860 2683 4915 Roma:
2701 4860 3017 4929 habebatur,
3040 4860 3213 4917 afﬁnis
3233 4870 3373 4922 erat;
3401 4872 3425 4907 ις
3442 4860 3705 4917 Pneuma-

2130 4956 2190 5009 tii
2214 4970 2426 5025 quoque
2449 4954 2558 5009 ﬁlio
2582 4952 2760 5021 Celso,
2790 4954 2856 5009 de
2884 4955 3033 5024 cujus
3054 4955 3201 5008 obitu
3228 4971 3390 5010 suave
3411 4964 3465 5009 et
3491 4956 3708 5026 elegans

2133 5044 2329 5101 Poema
2358 5044 2613 5101 condidit.

2204 5137 2257 5191 Ξ.
2301 5137 2410 5192 Sub
2464 5135 2650 5206 primis
2704 5134 3111 5204 imperatoribus
3158 5134 3187 5173 ιι
3229 5136 3410 5206 plures
3453 5136 3709 5191 exstitere

2134 5227 2407 5293 Paulini;'
2444 5225 2704 5281 Consules
2729 5225 2835 5281 duo
2864 5226 2963 5280 sub
3004 5226 3357 5281 Constantino
3405 5227 3557 5281 annis
3603 5226 3707 5281 325

2132 5327 2187 5372 et
2214 5317 2335 5371 534.
2368 5316 2510 5371 Inter
2528 5316 2777 5385 patricias
2805 5315 3048 5381 familias,
3076 5332 3193 5385 qua:
3218 5318 3464 5386 primitus
3491 5318 3558 5371 ab
3587 5318 3705 5371 ido—

2131 5411 2196 5465 lis
2244 5410 2310 5463 ad
2358 5407 2630 5461 Christum
2677 5407 3026 5474 transierant,
3080 5405 3332 5462 Paulinos
3386 5415 3629 5462 recenset
3677 5419 3691 5457 ι

2132 5497 2467 5552 Prudentius.
2497 5493 2646 5549 Enim
2682 5510 2812 5550 vero
2853 5512 2974 5550 cum
3003 5494 3207 5549 Paulini
3238 5496 3404 5550 nostri
3430 5496 3567 5550 fama
3591 5494 3703 5563 jam

2239 5630 2263 5669 ά
2284 5630 2446 5686 Uran.
2483 5628 2586 5701 §9.
2667 5639 2689 5666 ο
2719 5628 2931 5701 Paulin.
2954 5627 3212 5701 Chiﬂl._p.
3248 5627 3366 5701 1‘51:
3448 5626 3466 5665 ί
3493 5627 3699 5701 Paulin.

452 5734 538 5786 ep.
567 5696 731 5777 ibin.
837 5696 852 5712 ³
894 5721 917 5759 ις
940 5709 1142 5764 Paulin.
1173 5722 1337 5761 carm.
1370 5696 1456 5771 52,
1486 5723 1535 5759 v.
1556 5705 1676 5759 6-22.
1756 5705 1778 5742 ιι
1805 5696 2019 5760 Λυεοηξ

2145 5703 2230 5758 19.
2310 5702 2324 5740 ί
2355 5696 2549 5755 Baron.
2581 5715 2668 5753 an.
2694 5699 2827 5767 39$,
2860 5700 2887 5769 θ
2919 5698 3009 5753 78.
3086 5698 3099 5748 ἑ
3142 5696 3300 5752 Prud.
3326 5696 3527 5767 Symm.
3560 5714 3615 5767 p.
3650 5697 3701 5751 7.
