4066 6192
379 258 445 313 Π
1761 260 2290 320 PROLEGOMENA.
3580 277 3648 335 18

374 382 470 439 per
489 367 676 422 orbem
698 377 843 421 esset
869 366 1102 435 vulgata,
1137 369 1187 436 2
1210 376 1233 403 ⁸
1258 381 1379 421 eum
1409 368 1511 423 hoc
1540 368 1754 424 Familia:
1776 370 1951 440 elogio
1978 375 2029 434 A
2058 392 2128 431 no
2149 376 2397 433 Domini“
2416 375 2520 435 353
2546 396 2614 437 ex
2639 380 2893 438 Chiﬂletii
2914 385 3211 443 rationibus
3225 396 3278 443 et
3294 391 3643 457 argumentis,

374 474 403 513 a
434 457 729 513 Prudentio
764 458 1022 511 donatum
1068 457 1260 512 merito
1288 457 1509 513 adnotat
1535 461 1820 515 cardinalis
1858 462 1961 515 Ba-

374 548 579 611 ronins,
610 547 704 616 qui
732 545 799 600 ad
826 546 1068 600 Aniciam
1100 546 1359 602 illustrem
1388 547 1641 603 familiam
1680 549 1961 604 Paulinum

372 646 616 692 nostrum
650 636 922 706 pertinere
946 638 1250 703 existimat;
1296 639 1418 709 quia
1447 640 1656 695 duobus
1680 639 1705 678 b
1726 640 1963 696 Paulinis

372 728 469 783 sub
494 728 853 783 Constantino
878 728 1189 783 consulibus
1219 727 1315 784 fuit
1342 730 1515 786 Anicii
1544 746 1859 801 cognomen.
1894 735 1962 788 Et

370 819 587 890 quidem
620 818 870 874 Paulinos
900 818 1071 873 Roma
1101 820 1154 873 in
1183 820 1523 891 Aquitaniam
1550 825 1961 893 transmigrasse

368 911 523 966 facile
546 911 886 976 crediderim,
916 927 1034 967 cum
1062 910 1120 966 S.
1138 911 1429 967 Paulinum
1458 924 1479 952 ε
1504 914 1777 986 splendore
1808 933 1961 987 gene-

367 1003 443 1057 ris
466 1004 521 1056 in
551 1002 784 1074 partibus
805 1004 1098 1073 Aquitanica
1117 1004 1246 1058 nulli
1272 1007 1554 1061 secundum
1583 1016 1807 1063 testetur
1831 1010 1959 1063 Am-

367 1093 599 1148 brosius.
631 1092 936 1148 Etiamnum
972 1103 1219 1163 superest
1260 1094 1287 1132 ει
1316 1095 1616 1165 Burdigalzr.
1644 1098 1794 1153 locus
1823 1097 1961 1153 Pau-

368 1185 463 1239 lini
483 1184 709 1239 Podium
739 1184 915 1239 dictus
934 1223 948 1247 ,
979 1186 1071 1253 qui
1114 1185 1336 1254 hujusce
1381 1185 1595 1243 familiae
1623 1187 1955 1245 domicilium

367 1274 495 1328 olim
524 1274 689 1329 fuisse
716 1274 971 1329 creditur.
997 1274 1169 1329 Fuere
1196 1282 1456 1345 praeterea
1486 1292 1553 1331 ex
1584 1288 1606 1314 ο
1632 1278 1851 1333 Ausonii
1879 1278 1959 1333 af-

368 1364 574 1418 finitate
611 1363 701 1417 alii
728 1362 937 1419 Paulini
967 1363 1021 1418 in
1050 1363 1357 1433 Aquitania,
1382 1366 1521 1422 inter
1544 1382 1680 1437 quos
1717 1366 1817 1423 fuit
1842 1370 1955 1424 Au-

365 1454 504 1509 sonii
533 1468 700 1523 nepos
728 1451 1004 1522 Paulinus,
1035 1454 1186 1523 cujus
1207 1470 1399 1525 poema
1421 1457 1689 1525 quoddam
1717 1458 1957 1514 ‘Eucha-

365 1543 588 1598 risticon
616 1543 885 1613 reperitur
903 1544 922 1582 ί
956 1561 969 1597 :
998 1559 1100 1599 nec
1122 1553 1303 1600 tamen
1324 1546 1595 1601 Ausonius
1619 1556 1674 1603 et
1704 1547 1955 1605 Paulinus

365 1636 420 1691 in
440 1635 633 1690 litteris
660 1635 728 1689 ad
746 1650 806 1690 se
833 1635 1062 1690 invicem
1090 1636 1247 1703 datis,
1277 1637 1384 1691 ulla
1404 1653 1464 1693 se
1490 1638 1673 1693 dicunt
1695 1638 1955 1696 affinitate

2066 467 2191 522 licet
2233 483 2375 523 anno
2402 469 2505 523 554
2546 486 2667 525 eum
2700 482 2884 527 natum
2932 474 3093 530 fuisse
3130 477 3292 532 dicat.
3321 489 3347 517 ν
3379 478 3645 533 Patrimo-

2066 558 2215 612 nium
2243 560 2293 613 ei
2323 563 2657 631 peramplum
2709 563 3049 632 ingentiaque
3076 566 3273 635 prtedia
3320 567 3465 622 fuere
3485 611 3499 635 ,
3531 577 3643 622 tum

2062 654 2304 721 praesidio
2332 653 2628 720 domorum,
2662 663 2772 710 tum
2811 672 3088 713 servorum
3138 674 3376 723 numero,
3410 667 3520 713 tum
3551 677 3646 715 en-

2063 758 2181 796 rum
2228 744 2318 811 qui
2364 744 2511 798 illum
2551 753 2610 799 ut
2644 754 2928 814 patronum
2966 750 3233 804 colebant.
3278 749 3406 817 Qua:
3450 750 3649 808 fuerint

2062 832 2179 901 ejus
2210 833 2407 903 praedia
2434 850 2499 889 ex
2530 835 2749 892 Ausonii
2776 847 2798 873 κ
2824 840 3000 893 verbis
3043 840 3193 895 facile
3234 849 3317 895 est
3355 840 3646 911 conjicere,

2062 926 2187 995 quia
2217 942 2430 982 secessu
2459 927 2748 998 Hispanico
2780 930 3056 987 Paulinum
3086 949 3366 1003 revocans,
3398 937 3473 991 ait
3503 954 3515 989 :

2154 1036 2229 1106 lie
2251 1044 2432 1106 raptum
2453 1052 2764 1106 sparsamque
2787 1043 3002 1106 domum,
3030 1043 3341 1106 lacerataque
3367 1053 3562 1096 centum

2155 1097 2253 1147 Per
2276 1097 2493 1148 dominos
2519 1097 2703 1151 veteris
2728 1103 2914 1152 Paulini
2943 1097 3091 1166 regna
3117 1097 3335 1155 fleamus.

2130 1196 2183 1252 ‘4.
2209 1198 2266 1254 111
2301 1201 2481 1256 seculo
2527 1216 2691 1269 agens
2730 1202 2982 1260 Paulinus
3018 1206 3285 1276 quoddam
3332 1208 3587 1278 oppidum
3610 1222 3643 1262 e

2059 1287 2298 1345 dominio
2326 1307 2424 1346 suo
2454 1292 2721 1347 incolebat
2766 1293 2967 1349 dictum
2994 1305 3021 1344 γ
3050 1295 3408 1351 Ebromanum
3427 1336 3442 1360 ,
3475 1313 3571 1352 seu
3610 1307 3634 1335 ι

2058 1379 2417 1450 Ebromagum
2442 1400 2454 1435 :
2484 1384 2629 1451 quod
2654 1401 2817 1440 unum
2846 1394 2948 1441 est.
2979 1387 3202 1443 Vinetus
3230 1396 3285 1444 et
3307 1388 3507 1443 Fronto
3536 1389 3618 1444 Du

2057 1485 2198 1526 unus
2225 1486 2293 1527 ex
2322 1473 2410 1526 illa
2439 1475 2655 1541 regione
2676 1476 2886 1532 oriundi
2914 1478 3053 1533 hunc
3072 1479 3254 1534 locum
3280 1488 3337 1517 ⁸ο
3359 1478 3492 1535 infra
3521 1480 3634 1534 Bia.

2058 1561 2217 1628 viam,
2242 1572 2473 1631 quatuor
2500 1564 2667 1621 leucis
2704 1566 3136 1624 Vasconensibus
3163 1569 3479 1636 distantem,
3506 1570 3643 1624 infra

2057 1651 2289 1721 Burgum
2337 1655 2611 1726 proprium
2659 1657 2785 1711 olim
2835 1656 3178 1714 Paulinorum
3219 1660 3547 1728 dominium,
3586 1666 3643 1719 in

364 1726 663 1783 devinctos.
700 1726 849 1781 Νοιω
873 1737 897 1774 ιτ
920 1725 978 1781 S.
1010 1725 1233 1782 P81111110
1261 1728 1485 1783 aderant
1511 1730 1750 1799 ejusdem
1779 1732 1952 1787 nomi-
1988 1745 2028 1803 η
2054 1742 2169 1812 ripa
2190 1725 2476 1799 Garumna:
2498 1746 2656 1801 situm
2671 1748 2843 1802 vicum
2859 1750 3075 1805 nomine
3096 1749 3345 1815 Embrau,
3360 1766 3455 1806 seu
3476 1749 3636 1815 Brau,

364 1818 447 1872 nis
476 1818 569 1872 alii
596 1818 724 1882 duo,
750 1832 981 1887 quorum
1016 1834 1154 1874 unus
1181 1820 1481 1890 presbyter,
1506 1822 1641 1875 alter
1668 1821 1859 1888 laicus,
1892 1822 1951 1878 ut

364 1909 497 1963 alias
526 1908 1001 1965 demonstrabitur.
1034 1909 1237 1965 Eodem
1279 1921 1522 1982 tempore
1555 1914 1688 1968 vixit
1716 1913 1743 1952 ιι
1769 1914 1949 1971 Pauli-

366 2015 468 2054 nus
506 1999 561 2053 in
610 1997 849 2054 inferiori
897 1999 1172 2054 Occitania
1210 2001 1224 2038 ί
1280 2002 1600 2059 Biterrensis
1646 2005 1948 2075 episcopus,

364 2093 419 2162 3
445 2092 540 2161 qui
588 2107 729 2147 anno
774 2090 879 2144 419
924 2092 1137 2161 scripsit
1174 2094 1455 2163 epistolam
1501 2110 1621 2164 qum
1663 2096 1948 2152 intercidit.

364 2179 489 2236 Fuit
539 2181 757 2251 insuper
787 2180 801 2231 i
833 2179 1088 2237 Paulinus
1139 2179 1198 2236 S.
1232 2181 1497 2238 Ambrosii
1541 2183 1953 2242 Mediolanensis

365 2271 606 2341 episcopi
633 2270 943 2339 discipulus,
974 2271 1127 2340 cujus
1151 2272 1317 2327 vitam
1359 2274 1569 2344 scripsit
1612 2292 1626 2329 :
1678 2275 1793 2346 ipso
1823 2284 1952 2333 tunc

365 2360 595 2417 diacono
639 2372 948 2429 accusante,
974 2362 1256 2419 Caelestius
1297 2381 1438 2420 anno
1479 2365 1578 2420 Mi
1626 2367 1679 2422 in
1720 2370 1951 2425 concilio

367 2450 772 2520 Carthaginensi
810 2452 1090 2508 damnatus
1133 2462 1233 2508 est.
1274 2452 1353 2510 De
1391 2455 1495 2511 alio
1521 2456 1649 2511 item
1694 2456 1948 2527 Paulino,

366 2542 459 2611 qui
488 2542 697 2611 scripsit
726 2543 981 2613 quasdam
1010 2544 1277 2613 homilias,
1309 2548 1550 2602 meminit
1591 2548 1899 2606 Gennadius
1932 2568 1945 2604 :

364 2634 431 2699 is,
455 2649 524 2688 ex
566 2634 752 2690 ordine
797 2635 1038 2704 Catalogi
1081 2636 1362 2704 Gcnnadii,
1395 2638 1421 2676 ’ί
1456 2640 1669 2695 videtur
1705 2642 1949 2699 ﬂoruisse

366 2726 510 2781 circa
550 2726 784 2781 medium
812 2744 845 2782 v
873 2728 1060 2782 seculi.
1093 2727 1334 2784 Exeunte
1363 2732 1551 2786 eodem
1581 2735 1782 2801 seculo,
1814 2737 1951 2790 vixit

372 2816 392 2855 ι
426 2815 681 2872 Paulinus
709 2817 845 2872 alter
882 2817 1261 2885 Petricordius,
1295 2822 1385 2889 qui
1413 2820 1470 2876 S.
1518 2822 1729 2879 Martini
1774 2824 1947 2881 Turo-

368 2906 549 2960 nensis
578 2908 815 2976 episcopi
843 2908 1005 2961 vitam
1034 2911 1270 2965 carmine
1295 2913 1606 2981 complexus
1634 2922 1735 2970 est.

435 2998 488 3051 5.
517 2995 768 3052 Paulinus
790 3007 971 3053 noster
991 3008 1031 3036 ιιι
1059 2999 1195 3054 [ilius
1225 3009 1343 3055 erat
1367 3003 1583 3058 alterius
1605 3002 1833 3072 Paulini,
1855 3006 1947 3076 qui

2054 1845 2290 1890 veterem
2319 1835 2678 1906 Ebromagum
2716 1855 2853 1906 esse,
2883 1843 3243 1910 suspicantur.
3275 1841 3342 1896 At
3366 1858 3474 1896 vox
3503 1840 3637 1895 Bur-

2052 1942 2169 1997 gus,
2202 1940 2307 1995 qua
2339 1926 2566 1983 donatus
2592 1937 2675 1983 est
2722 1930 2870 1986 locus
2898 1932 3005 1997 ille,
3034 1940 3158 2002 post
3185 1948 3354 1987 annos
3378 1932 3638 2002 quinqua-

2052 2018 2200 2087 ginta
2230 2034 2351 2074 cum
2379 2019 2446 2073 ad
2472 2019 2830 2089 Ebromagum
2862 2023 3007 2078 nullo
3036 2022 3196 2078 modo
3218 2023 3456 2088 accedat,
3480 2023 3638 2092 plane

2052 2108 2264 2164 diversa
2312 2110 2439 2163 mihi
2467 2110 2679 2166 videtur
2724 2112 2913 2169 civitas
2948 2113 3156 2182 Burgus
3196 2114 3263 2168 ab
3309 2112 3633 2180 Ebromago.

2054 2198 2196 2252 Brau
2225 2200 2389 2268 enim,
2420 2201 2611 2269 procul
2657 2201 2850 2267 dubio,
2882 2202 3023 2257 idem
3052 2210 3136 2259 est
3188 2203 3461 2274 Oppidum,
3493 2201 3637 2271 quod

2050 2290 2387 2359 geographus
2417 2289 2475 2329 δι’
2504 2290 2696 2348 Samso
2724 2292 2899 2347 Braua:
2926 2294 2978 2347 iu
3000 2293 3315 2349 Votreziaco
3341 2293 3480 2364 apud
3502 2292 3645 2349 Sans

2053 2388 2207 2435 tones
2234 2388 2421 2445 vocat,
2460 2390 2516 2436 et
2543 2397 2573 2436 a
2602 2380 2872 2437 Garumna
2911 2383 3061 2439 leuca
3091 2393 3197 2438 una
3225 2382 3469 2440 dissitum
3497 2384 3635 2439 scri-

2051 2471 2159 2537 bit;
2193 2484 2317 2527 cum
2365 2472 2697 2544 Ebromagus
2725 2475 2851 2528 olim
2892 2476 3107 2544 navigio
3141 2476 3519 2546 appellerethr,
3552 2484 3635 2532 te-

2050 2570 2133 2617 ste
2151 2573 2204 2601 οο
2231 2562 2468 2618 Ausonio
2493 2582 2505 2617 :
2524 2564 2765 2635 Adusque
2784 2575 2951 2620 vectus
2967 2565 3320 2620 Ebromanum
3342 2576 3498 2619 tuam.
3524 2565 3635 2621 Hac

2048 2653 2215 2713 fultus
2244 2655 2452 2711 ratione
2479 2646 2667 2712 Samso
2696 2655 3058 2725 Ebromagum
3088 2673 3193 2713 non
3219 2656 3362 2711 Bran
3390 2656 3485 2711 Sed
3504 2656 3634 2709 Bur-

2051 2763 2170 2818 gum
2195 2760 2314 2801 esse
2342 2747 2634 2801 contendit.
2665 2746 2805 2801 Nihil
2830 2756 3005 2802 tamen
3029 2747 3206 2802 obstat
3225 2748 3350 2817 quin
3380 2744 3525 2801 fluvii
3552 2746 3635 2801 al-

2048 2853 2180 2893 veus
2208 2838 2332 2894 huic
2358 2839 2554 2908 oppido
2595 2839 2822 2895 vicinior
2851 2840 2979 2894 olim
3007 2838 3186 2894 fuerit.
3221 2839 3514 2907 Regioncm
3540 2853 3635 2891 au-

2049 2934 2179 2997 tem,
2209 2943 2369 2997 quam
2398 2929 2651 2983 incultam
2679 2938 2733 2984 et
2756 2930 3015 2997 ingratam
3041 2929 3195 2995 dicit;
3226 2943 3385 2983 nemo
3419 2928 3633 2983 mirabl~

2050 3024 2155 3085 tur,
2198 3017 2429 3087 profusis
2456 3034 2738 3087 procerum
2778 3020 3060 3085 sumtibus,
3115 3018 3243 3072 olim
3280 3025 3555 3081 ornatam,
3603 3032 3635 3073 a

366 3089 430 3143 ad
470 3090 774 3144 diuturnam
801 3100 1014 3145 ﬁnalem
1038 3092 1201 3146 Vitam
1232 3095 1502 3163 produxit,
1535 3112 1714 3166 quem.
1744 3100 1947 3154 Verosi-
1975 3114 2020 3176 C
2050 3107 2335 3163 duodecim
2361 3106 2555 3163 seculis
2581 3100 2898 3175 neglectam,
2930 3108 3207 3177 antiquum
3250 3105 3494 3160 amisisse
3532 3104 3631 3159 de-

366 3184 493 3239 mile
521 3193 604 3240 est
626 3185 785 3240 fuisse
816 3195 843 3221 “
876 3183 1123 3241 Pontium
1146 3186 1423 3243 Paulinum
1448 3190 1606 3259 Burgi
1636 3193 1700 3246 ad
1724 3192 1951 3249 Garum-

366 3289 491 3328 nam
521 3275 877 3342 conditorem,
909 3292 1139 3348 eumque
1168 3266 1457 3335 Galliarum
1480 3283 1785 3351 praefectum
1813 3301 1950 3355 pra:-

364 3362 528 3425 torio,
561 3364 651 3431 qui
688 3366 989 3434 posteritati
1028 3366 1230 3422 liberos
1276 3369 1477 3424 dimisit
1509 3390 1521 3425 :
1550 3374 1688 3440 quod
1725 3373 1949 3432 Paulino

367 3461 552 3507 nostro
583 3469 690 3508 non
737 3457 1005 3511 convenit.
1042 3456 1291 3514 Paulinus
1335 3462 1422 3517 ille
1452 3471 1503 3517 et
1550 3481 1743 3535 sponsa
1790 3467 1947 3524 Chri-

365 3543 592 3597 stianam
649 3544 960 3613 religionem
1016 3548 1227 3605 fuerant
1276 3554 1553 3621 professi;
1611 3564 1635 3593 ο
1683 3559 1947 3627 siquidem

366 3629 618 3688 Paulinus
666 3644 851 3690 noster
880 3654 1043 3692 unum
1093 3656 1156 3694 ex
1204 3641 1409 3697 libertis
1448 3646 1559 3701 suis
1605 3646 1946 3718 Burdigalam

363 3724 526 3790 misit,
559 3725 651 3794 qui
680 3726 734 3781 in
763 3726 924 3783 domo
955 3729 1162 3785 Domini
1188 3734 1429 3799 serviret,
1460 3735 1717 3806 delcgatis
1745 3739 1813 3795 ad
1853 3756 1947 3811 pa-

362 3825 576 3871 rentum
606 3820 919 3873 memoriam
949 3821 1240 3890 obsequiis.
1271 3823 1329 3878 S.
1361 3824 1613 3883 Paulinus
1640 3841 1663 3878 ρ
1702 3847 1943 3888 sororem

363 3904 568 3969 habuit,
594 3908 661 3962 ad
692 3925 850 3978 quam
874 3911 1055 3980 plures
1083 3914 1337 3981 epistolas
1365 3916 1431 3971 de
1459 3928 1733 3976 contemtu
1762 3925 1945 3981 mundi

364 3998 606 4065 scripsit;
638 4006 693 4053 et
730 4011 754 4049 τι
786 4000 1024 4068 fratrem,
1057 4004 1147 4071 qui
1174 4013 1299 4059 ante
1328 4022 1450 4061 eum
1474 4009 1583 4063 vita
1623 4010 1834 4067 functus
1863 4023 1947 4069 est

365 4083 557 4140 liberos
587 4095 709 4156 post
737 4103 795 4143 se
822 4089 1131 4146 dimittens:
1164 4107 1193 4146 a
1218 4104 1241 4130 ι’
1274 4094 1537 4164 Delphino
1568 4098 1945 4169 Burdegalensi

363 4176 617 4247 episcopo
665 4178 839 4233 fuerat
888 4180 1155 4250 baptismo
1192 4184 1456 4253 initiatus;
1498 4204 1684 4244 verum
1732 4208 1838 4247 non
1880 4208 1944 4248 ea

364 4266 571 4320 vixerat
616 4269 919 4335 sanctitate,
949 4286 1113 4339 quam
1142 4275 1360 4342 requirit
1392 4275 1692 4335 Christiana
1733 4282 1941 4352 religio,

362 4366 415 4410 et
440 4360 742 4425 praesentia,
774 4368 830 4414 et
855 4361 1052 4417 caduca
1098 4364 1239 4418 bona
1276 4367 1598 4437 caelestibus,
1630 4380 1686 4427 et
1728 4375 1944 4432 aeternis

361 4458 725 4517 prteposuerat
757 4468 771 4504 :
798 4451 939 4520 quod
970 4453 1021 4507 in
1062 4454 1202 4510 illius
1232 4458 1381 4513 obitu
1410 4458 1687 4517 Paulinum
1723 4465 1941 4523 fratrem

361 4540 709 4595 vehementer
745 4542 1113 4609 contristavit,
1144 4546 1234 4615 qui
1276 4547 1392 4615 ejus
1421 4551 1651 4607 animam
1694 4553 1944 4627 Delphini

360 4636 416 4681 et
436 4630 661 4684 Amandi
689 4633 937 4700 precibus
963 4636 1374 4691 commendavit.
1409 4637 1635 4705 Quidam
1660 4641 1940 4701 Paulinum

362 4727 383 4753 ³
420 4718 779 4793 Ebromagum
832 4728 1056 4793 patriam
1110 4730 1379 4798 appellare
1426 4740 1748 4790 autumant:
1796 4740 1941 4807 quod

360 4827 468 4867 non
496 4815 626 4870 satis
652 4824 883 4873 constat.
915 4816 963 4872 Is
994 4818 1153 4887 igitur
1186 4824 1201 4859 ί
1232 4820 1526 4892 Burdigalae
1556 4836 1711 4885 natus
1742 4839 1823 4885 est
1842 4846 1939 4887 an-

433 4982 809 5084 ἒιὲἒᾞιίέἑὶο
840 4985 1166 5084 iti"’.§19-_.
1210 4990 1239 5084 1³
1264 4992 1398 5084 lbi“;
1477 5007 1498 5034 τ
1526 4995 1831 5084 ιὲτηδτοξρα
1863 5004 1951 5084 59-

2049 5006 2051 5043 '
2079 5009 2278 5084 Auson.
2306 5011 2427 5084 Not.
2458 5012 2663 5073 Vinet..
2693 5029 2749 5084 p.

2053 3214 2254 3255 corem.
2278 3200 2503 3255 Veteres
2524 3199 2785 3255 itinerarii
2798 3196 2852 3236 ἀεὶ
2875 3199 3233 3267 Ebromagum
3252 3198 3393 3254 circa
3412 3191 3635 3252 Carcas-

2051 3306 2239 3347 sonem
2270 3292 2557 3358 collocant,
2587 3307 2747 3363 quam
2778 3292 2845 3347 ab
2870 3281 3173 3361 Ebromago
3201 3290 3408 3347 Paulini
3432 3289 3487 3361 4
3513 3289 3633 3361 pla-

2052 3396 2119 3437 ne
2147 3381 2411 3439 diversam
2464 3383 2658 3438 sentio.
2694 3392 2749 3421 °°
2775 3380 3098 3452 Alingonum
3144 3396 3379 3451 quoque,
3414 3381 3483 3437 de
3525 3395 3636 3450 quo

2049 3471 2249 3541 pluries
2273 3473 2326 3526 in
2357 3471 2563 3527 Paulini
2591 3470 2831 3543 epistolis
2878 3473 3111 3530 occurrit
3142 3474 3363 3539 mentio,
3395 3486 3464 3528 ex
3492 3472 3634 3527 illius

2050 3562 2289 3618 dominio
2339 3561 2501 3619 fuisse
2529 3563 2738 3619 videtur
2770 3580 2785 3619 :
2831 3564 2991 3620 hodie
3022 3558 3071 3602 τί
3106 3564 3412 3633 Lengonem
3438 3571 3633 3619 vocant

2047 3655 2236 3711 urbem
2302 3655 2371 3710 ad
2426 3654 2753 3711 Garumnam
2801 3657 2857 3711 in
2920 3671 3057 3727 pago
3100 3654 3383 3712 Vasatensi
3424 3656 3631 3719 sitam;

2047 3746 2292 3813 quamvis
2354 3745 2498 3801 enim
2560 3745 2627 3800 ad
2689 3746 2962 3801 dioecesim
3026 3746 3336 3800 Vasatensis
3393 3745 3632 3814 episcdpi

2046 3836 2344 3905 pertineat,
2376 3850 2485 3890 non
2531 3844 2711 3890 autem
2761 3834 3169 3903 Burdegalensis
3221 3835 3629 3905 archiepiscopi,

2044 3927 2198 3996 cujus
2226 3934 2352 3982 tunc
2381 3927 2639 3997 temporis
2674 3925 2838 3981 fuisse
2865 3926 3094 3993 videtur,
3125 3941 3193 3981 ex
3231 3926 3375 3982 dono
3403 3924 3461 3981 S.
3493 3925 3633 3980 Pau—

2045 4020 2137 4075 lini
2166 4028 2290 4075 ante
2337 4034 2534 4074 annum
2568 4018 2671 4073 6'70
2713 4026 2829 4074 erat
2874 4019 3255 4075 canonicorum
3300 4019 3542 4073 ecclesiae
3570 4016 3629 4072 S.

2044 4111 2281 4167 Severini
2306 4110 2732 4180 Burdegaleusis'.
2749 4121 2805 4159 εκ
2818 4110 3068 4168 Narbone
3092 4111 3145 4165 in
3170 4109 3357 4166 Galliis
3378 4109 3631 4165 Paulinus

2044 4204 2415 4274 possessiones
2442 4203 2692 4258 habuisse
2720 4202 2957 4268 videtur,
2989 4202 3130 4259 sicut
3158 4210 3214 4257 et
3242 4198 3301 4239 ἰιι
3332 4198 3532 4257 Fundis
3577 4199 3630 4253 in

2045 4289 2222 4358 Latio,
2243 4292 2405 4349 hodie
2433 4293 2487 4348 in
2517 4301 2660 4349 terra
2688 4292 2743 4346 di
2779 4291 3002 4347 Laboro.

2679 4405 2907 4462 CAPUT
2938 4406 3001 4462 ΙΙ.

1970 4487 2023 4546 D
2048 4494 2126 4549 De
2146 4494 2357 4550 Paulini
2377 4497 2560 4551 stuaiis
2581 4506 2629 4551 et
2649 4498 2954 4551 eruditione.
2975 4496 3054 4552 De
3085 4496 3310 4555 Ausonio
3337 4500 3475 4554 illius
3496 4517 3628 4570 prun

2726 4578 2944 4621 εευιονε.

2726 4584 2783 4621 σε
2820 4584 2944 4621 (ore.

2114 4654 2166 4708 1.
2201 4653 2280 4709 Ex
2308 4655 2391 4711 his
2436 4671 2556 4727 qua:
2582 4584 2869 4726 supersrli’nt
2894 4654 3103 4711 Paulini
3143 4659 3505 4715 monumentis
3532 4673 3629 4727 ge-

2042 4746 2187 4799 nium
2217 4745 2331 4815 ejus
2358 4760 2686 4816 cognoscere
2715 4746 2868 4803 facile
2895 4755 2996 4804 est.
3049 4747 3202 4803 lluuc
3237 4747 3281 4785 ίι
3316 4749 3628 4804 Ambrosius

2039 4844 2095 4891 et
2122 4836 2168 4888 ii
2206 4835 2562 4909 Hieronymus
2589 4838 2811 4894 summis
2837 4837 3081 4894 laudibus
3102 4838 3370 4893 attollunt.
3412 4837 3629 4893 Libera-

2804 5012 2927 5066 465.
3006 5024 3030 5050 θ
3077 5013 3229 5073 lbid.,
3262 5026 3316 5079 p.
3347 5012 3467 5076 128,
3503 5013 3624 5068 12$).

362 5052 383 5152 ξ
412 5050 944 5152 Ξοηξᾟιζλὶξζ
957 5050 1023 5113 diu:
1047 5058 1471 5152 eccles.
1498 5050 1679 5152 ad‘an:
1865 5050 2749 5152 observa:
3000 5050 3624 5138 51:

362 5123 379 5161 ί
417 5121 620 5214 Gallice
641 5122 963 5214 deoBezifgs.
989 5201 1003 5214 ι
1044 5129 1057 5178 1'
1092 5121 1350 5214 Amhrps‘.‘
1373 5121 1931 5214 Vit.,_et:"Au-giis’t.ve

350 5209 475 5272 [(111.
509 5193 756 5272 (111Ᾱχ118,
786 5212 839 5272 11.
861 5195 1009 5272 hiet
1036 5215 1216 5272 seqq,
1263 5201 1287 5240 ιε
1311 5193 1551 5261 681111³0.
1580 5193 1952 5272 ciiii‘éi'csf

1934 5149 2058 5217 pist.
2091 5149 2214 5216 175,
2252 5159 2309 5205 et
2349 5149 2483 5204 Mar.
2513 5149 2734 5207 Mercat.
2774 5149 3125 5216 Commonit.,
3165 5168 3214 5207 c.
3268 5152 3320 5209 1.
3362 5152 3496 5207 Vide
3528 5153 3626 5206 Ba-

2034 5218 2049 5293 }
2086 5218 2243 5293 Vide_
2258 5220 2542 5293 Dissert.g6
2572 5223 2623 5277 in
2655 5240 2806 5293 oper.
2846 5223 2973 5277 dub.
3050 5231 3087 5258 ω
3117 5221 3319 5277 Auson.
3363 5238 3448 5292 cp.
3475 5222 3541 5293 23
3573 5232 3627 5276 et

482 5271 548 5361 ﬂ:
572 5261 1290 5361 Sigog-aﬁpgnhcal‘lﬁé
1317 5344 1327 5355 .
1363 5284 1386 5310 °
1421 5261 1955 5361 Paulinam.-
1988 5261 2810 5361 12.
2846 5261 3460 5361 “3X1150I1:.elp‘.'§3.w.r
3479 5261 3626 5344 Phi:

351 5332 453 5413 lin.
481 5331 668 5413 ep.n‘55
690 5331 854 5413 etiﬁ,
883 5353 935 5390 n.
1092 5349 1111 5375 ⁸
1139 5341 1386 5413 S_acchin.
1422 5346 1526 5401 Vit.
1561 5331 1626 5403 Si.
1647 5331 1867 5410 Pauli-1;,
1881 5331 1988 5413 et'e

359 5402 492 5455 Vide
517 5402 647 5456 infra
678 5420 726 5458 c.
749 5404 837 5457 25.

351 5540 424 5593 50
448 5542 500 5595 in
534 5540 740 5597 Paulin.
818 5544 873 5582 ω’
903 5546 1108 5603 Samso.
1144 5551 1203 5604 Β.

352 5620 411 5685 si
444 5611 529 5691 i2.
550 5629 612 5691 ρ.
639 5613 724 5666 ia.
806 5612 869 5691 τε
883 5615 1019 5691 Vide
1045 5628 1156 5691 11111.
1188 5611 1258 5674 6Ξῖ
1278 5624 1331 5677 in
1363 5623 1569 5682 Paulin.
1602 5611 1811 5691 saga:

360 5682 409 5719 11
446 5682 691 5739 Ambros.
725 5698 808 5753 ep.
842 5684 927 5739 50.
1008 5689 1053 5739 ii
1084 5689 1301 5748 llieron.
1332 5709 1417 5759 ep.
1459 5695 1544 5750 15.

1992 5376 2045 5435 p.
2079 5359 2177 5435 11‘,
2210 5377 2263 5414 n.
2450 5365 2482 5435 ξ
2524 5361 2686 5435 Uran.
2720 5363 2829 5435 §_1_.

380 5406 726 5496 litigii-irritum
740 5406 942 5496 es;
960 5406 1128 5496 ξτες.
1157 5410 1285 5496 Tur.
1317 5414 1560 5471 Confess.
1579 5436 1640 5496 ς.
1668 5406 1933 5481 mini:
1946 5406 2102 5483 nan:
2121 5406 2183 5496 ἐξ
2210 5406 2263 5485 ’ἐξ
2289 5406 2416 5485 viii.
2446 5406 2533 5486 sui

352 5471 802 5568 ad
818 5471 1105 5568 .‘Vhal‘erian;
1226 5482 1428 5568 Aus‘on,
1456 5502 1539 5556 ep.
1575 5471 2257 5568 et

1237 5568 1291 5633 pi
1320 5554 1443 5633 205.
1479 5554 1576 5633 ,ξοδ
1610 5563 1810 5619 Auson.
1836 5554 2032 5633 ορίῖἷ.
2109 5568 2166 5607 ad
2189 5570 2320 5625 Vide
2350 5554 2461 5626 not.
2491 5554 2883 5628 adsimilis.

1865 5638 1927 5691 Α.
1978 5654 2029 5709 p.
2065 5638 2150 5695 64.
2228 5651 2281 5689 86
2311 5641 2518 5698 Paulin.
2575 5659 2660 5714 ep.
2709 5642 2762 5712 5,

2908 5372 2931 5398 υ
2958 5361 3164 5417 Paulin.
3194 5362 3369 5416 Chiill.
3401 5377 3455 5430 p.
3500 5361 3622 5415 150.

2540 5448 2594 5501 p.
2629 5430 2742 5486 Vit:
2763 5433 2916 5486 Mart.
2949 5448 2996 5488 c.
3028 5432 3116 5503 26.
3142 5432 3283 5503 Aug.
3305 5433 3461 5503 Civil.
3495 5430 3530 5482 l.
3565 5447 3619 5485 x.

2462 5513 2481 5538 7-
2517 5500 2724 5557 Paulin.
2757 5519 2844 5571 ep.
2874 5502 2972 5567 11,
3006 5521 3057 5557 n.
3092 5500 3179 5555 14.
3237 5500 3309 5539 VM
3343 5500 3473 5554 Vide
3504 5509 3617 5555 not.

2491 5572 2559 5627 50
2589 5574 2641 5627 in
2674 5573 2883 5628 Paulin.
2965 5572 3241 5627 “Paulin.
3267 5588 3350 5639 ep.
3372 5570 3539 5639 20.n-
3566 5571 3619 5636 5,

2802 5660 2856 5699 n.
2904 5643 2993 5698 22.
3068 5640 3124 5681 ιλιι
3176 5638 3497 5710 Epytus...
3534 5641 3620 5695 1-1.
