4020 6186
394 253 465 307 19
1413 240 1469 295 S.
1512 240 1853 296 PAULINUS
1890 240 2206 299 NOLANUS
2243 241 2633 297 EPISCOPUS.
3577 242 3647 296 20

393 365 519 417 lium
550 370 572 396 ⁸
604 358 794 413 artium
838 356 937 410 fuit
980 368 1318 423 summopere
1343 352 1635 419 studiosus,
1665 353 1812 408 omni
1858 352 1973 408 elo-
2000 357 2049 413 Α
2074 354 2213 423 quia
2236 353 2328 406 tali
2354 352 2542 407 Christi
2566 363 2770 406 oratore
2796 354 3108 424 defenditur.
3144 353 3426 407 "lustrasti
3451 371 3648 424 purpu-

392 453 608 524 quentia
633 450 898 514 excultus,
924 446 1133 517 poetica
1160 453 1215 500 et
1242 445 1480 501 oratoria
1518 443 1763 500 facundia
1791 443 1971 499 excel-

394 548 528 600 lens.
548 543 575 582 ι)
593 543 915 614 Sapientiam
935 539 1135 606 mundi,
1158 537 1331 606 inquit
1350 537 1467 606 ipse
1490 535 1762 603 Paulinus,
1784 538 1972 591 hucus-

390 653 487 707 que
506 636 719 689 miratus
745 618 879 694 sum,
926 638 977 684 et
1006 645 1100 700 per
1133 628 1340 682 inutiles
1364 627 1587 695 litteras,
1616 625 1970 696 reprobatam—

390 746 486 798 que
513 728 837 798 prudentiam
867 723 977 780 Dea
1004 721 1191 777 stultus
1227 729 1278 775 et
1305 730 1475 775 mutus
1498 722 1640 791 fui...
1668 732 1689 758 ε
1716 718 1973 788 quondam

390 821 446 872 in
473 819 657 873 litteris
677 818 1020 869 humanarum
1049 811 1341 884 fabularum
1368 811 1580 881 loquax.

460 910 512 963 2.
548 908 831 977 Egregium
860 907 913 960 in
942 906 1135 960 litteris
1166 904 1193 939 ά
1221 902 1535 971 magistrum
1562 906 1752 954 nactus
1770 905 1852 953 est
1872 897 1976 953 De-

390 1004 533 1059 cium
562 1001 809 1068 Magnum
838 996 1152 1060 Ausonium,
1174 994 1387 1064 poetica
1419 1000 1475 1047 et
1498 990 1733 1047 aratoria
1762 986 1979 1042 faculta-

391 1104 447 1150 te
474 1093 731 1164 inclytum
758 1092 898 1146 inter
914 1088 1031 1157 ejus
1050 1087 1150 1143 :evi
1170 1086 1371 1157 primos
1394 1102 1407 1138 :
1430 1083 1671 1151 cui,cum
1700 1080 1789 1135 diu
1807 1092 1981 1149 gram-

394 1186 647 1241 maticam
673 1192 729 1239 et
771 1180 1099 1238 rhetoricam
1140 1177 1327 1235 fuisset
1363 1173 1658 1246 professus,
1688 1172 1980 1242 imperator

395 1274 684 1329 Gratianus
727 1268 1084 1326 instituendus
1109 1265 1481 1336 regendusque
1510 1263 1735 1318 traditus
1759 1268 1863 1329 est,
1892 1270 1915 1298 ο
1946 1276 1978 1314 a

394 1382 502 1435 quo
521 1372 707 1435 postea
729 1363 797 1417 ad
818 1361 1177 1431 amplissimos
1197 1356 1513 1427 dignitatum
1541 1354 1738 1423 gradus
1764 1360 1981 1408 evectus

392 1464 478 1511 est
503 1452 789 1518 Ausonius,
820 1451 1101 1522 praefectus
1120 1446 1411 1504 Galliarum
1439 1455 1494 1501 et
1513 1444 1678 1499 Italia:
1704 1443 1978 1513 praetorio,

395 1557 622 1617 etanno
652 1544 756 1599 579
783 1552 996 1600 creatus
1020 1541 1209 1599 consul
1246 1538 1564 1596 ordinarius.
1598 1535 1679 1591 Ex
1720 1534 1977 1593 carmini-

394 1640 494 1694 bus
533 1636 894 1693 Christianum
946 1634 1109 1690 fuisse
1160 1630 1456 1686 Ausonium
1502 1628 1671 1696 liquet
1723 1624 1974 1688 omnino,

2073 460 2161 498 ras
2189 444 2322 513 ejus,
2348 454 2399 497 et
2424 444 2698 498 utilitatem
2726 446 2896 515 legum
2928 446 3115 515 {u‘turis
3155 447 3339 500 seculis
3380 463 3651 501 consecra-

2072 535 2175 599 sti;
2203 544 2370 587 macte
2414 535 2619 602 virtute,
2659 535 2747 604 qui
2792 536 2919 588 talia
2958 535 3114 589 habes
3152 537 3462 599 rudimenta,
3484 539 3653 608 qualis

2073 628 2384 681 exercitatus
2409 626 2554 681 miles
2581 629 2719 681 eris!
2736 626 2795 681 In
2822 628 2938 697 ipso
2959 629 3089 683 nihil
3112 630 3405 684 desiderari
3429 640 3656 687 testatur

2074 718 2119 770 si
2168 718 2394 772 interior
2440 718 2664 774 accedat
2712 719 3009 774 divinartun
3060 722 3283 776 scientia
3330 722 3653 779 litterarum.

2076 817 2104 858 tt
2132 806 2194 863 Si
2221 808 2456 874 haberes,
2479 810 2670 878 inquit,
2693 811 2787 865 hoc
2815 811 3223 881 fundamentum,
3251 814 3410 866 immo
3438 816 3481 867 si
3508 816 3655 885 quasi

2074 908 2304 954 extrema
2345 918 2529 956 manus
2557 904 2700 973 operi
2727 911 2814 958 tuo
2840 903 3183 966 induceretur,
3230 907 3358 959 nihil
3404 907 3654 976 pulcrius,

2076 991 2210 1044 nihil
2248 991 2466 1057 doctius,
2497 994 2627 1048 nihil
2663 994 2883 1059 dulcius,
2923 996 3149 1067 nihilque
3174 995 3410 1051 Latinius
3438 999 3540 1052 tuis
3561 1000 3655 1051 Ita-

2078 1082 2308 1137 beremus
2332 1084 2690 1141 voluminibus.
2728 1084 2971 1156 Cumque
3013 1097 3381 1143 enumerasset
3423 1089 3656 1158 scripto—

2076 1191 2196 1231 rum
2216 1174 2466 1231 Ecclesia:
2486 1175 2796 1231 Latinorum
2818 1178 2984 1247 prima
3006 1178 3225 1244 lumina,
3248 1178 3655 1245 Tertullianum,

2079 1263 2435 1332 Lactantium,
2484 1265 2838 1331 Victorinum,
2888 1267 3202 1332 Arnobium,
3245 1268 3522 1334 Hilarium,
3553 1270 3657 1341 Cy-

2078 1355 2325 1425 prianum
2348 1396 2365 1422 ,
2422 1356 2852 1426 ostendissetque
2892 1358 3111 1426 singulis
3156 1358 3221 1413 ad
3272 1360 3658 1429 perfectionem

2079 1446 2280 1515 aliquid
2306 1447 2516 1513 deesse,
2546 1446 2696 1501 addit
2726 1465 2739 1500 :
2770 1448 2853 1501 Ad
2876 1456 2926 1502 te
2954 1449 3121 1519 ipsum
3149 1451 3367 1512 veniam,
3396 1460 3445 1503 et
3474 1468 3659 1519 preca-

2079 1539 2173 1593 bar
2197 1557 2261 1594 ne
2287 1540 2690 1595 assentationem
2719 1541 2775 1594 in
2803 1541 3176 1595 necessitudine
3202 1542 3508 1609 suspiceris;
3536 1544 3658 1611 quin

2080 1632 2246 1701 potius
2287 1632 2363 1684 vel
2399 1648 2577 1685 errare
2597 1648 2678 1686 me
2701 1632 3014 1699 existimato,
3052 1633 3129 1685 vel
3155 1650 3331 1687 amore
3353 1634 3475 1697 labi,
3505 1652 3659 1703 quam

395 1739 451 1782 et
487 1729 627 1783 inter
674 1726 689 1765 ί
752 1725 890 1783 villa:
942 1738 1052 1778 sua:
1095 1719 1376 1778 commoda
1428 1718 1669 1774 ecclesia:
1720 1714 1981 1786 proximi-
2013 1708 2061 1768 B
2086 1722 2309 1775 amicum
2336 1722 2634 1776 adulatione
2660 1722 2912 1790 decipere.
2945 1722 3192 1793 Magnum
3220 1722 3375 1777 habes
3400 1726 3660 1797 ingenium

396 1827 562 1874 tatem
606 1817 868 1873 enuntiat.
900 1814 969 1868 At
997 1813 1251 1883 pleraque
1277 1809 1393 1879 ejus
1422 1818 1445 1856 ε
1486 1806 1757 1871 carmina,
1788 1804 1983 1874 quibus

396 1908 676 1962 Paulinum
706 1913 949 1965 nostrum
977 1919 1007 1957 a
1040 1910 1229 1957 sancto
1261 1902 1384 1954 vitae
1412 1898 1688 1970 proposito
1716 1896 1982 1951 divertere

394 2006 620 2052 conatus
656 2005 769 2060 est,
796 1995 967 2063 magis
1014 1993 1230 2049 ethnico
1258 1991 1417 2059 digna
1457 1997 1582 2045 sunt
1619 2002 1780 2057 quam
1826 1986 1983 2041 Chri-

394 2089 590 2145 stiano.
621 2087 671 2142 ls
708 2084 738 2126 ³
764 2086 961 2142 veteris
1010 2083 1218 2139 Paulini
1265 2082 1434 2153 patris
1487 2079 1881 2137 necessitudine
1926 2086 1983 2133 et

395 2191 580 2232 amore
630 2175 970 2246 compulsus,
1019 2174 1093 2228 ita
1138 2171 1491 2228 erudiendum
1536 2168 1983 2237 educandumque

394 2266 632 2323 nobilem
679 2279 906 2335 puerum
950 2262 1215 2331 suscepit,
1248 2270 1308 2315 ut
1357 2259 1641 2315 sedulitate
1689 2258 1979 2314 industria-

396 2373 503 2425 que
542 2354 887 2426 pneceptoris
940 2352 1273 2407 humanitate
1318 2364 1383 2405 ac
1435 2350 1635 2420 pietate
1670 2347 1839 2418 patris
1884 2345 1981 2402 do-

397 2448 572 2504 cuerit
611 2445 990 2515 formaritque;
1022 2460 1122 2501 nec
1166 2444 1323 2500 aliter
1358 2457 1482 2499 eum
1528 2450 1737 2513 postea,
1768 2456 1928 2511 quam
1958 2437 1974 2478 ί

399 2540 563 2594 lilium
610 2539 950 2595 consueverit
994 2536 1286 2606 appellare,
1332 2549 1499 2604 seque
1540 2542 1819 2605 parentem
1864 2531 1981 2601 ejus

396 2638 451 2684 et
478 2630 705 2685 altorem
729 2629 926 2686 dicere.
957 2625 1212 2681 Paulinus
1239 2640 1371 2681 vero
1400 2641 1500 2695 pro
1544 2640 1641 2682 sua
1667 2632 1821 2695 parte
1862 2638 1981 2678 om-

401 2722 488 2776 nia
518 2722 757 2776 Ausonio
781 2719 979 2774 debere
1008 2717 1204 2774 fatetur
1235 2736 1248 2771 :

580 2810 688 2860 Tibi
714 2809 1015 2870 disciplinas,
1033 2807 1344 2870 dignitatern,
1370 2804 1581 2865 litteras,

647 2869 867 2931 Linguae,
888 2869 1034 2931 togae,
1060 2870 1196 2917 fama:
1219 2869 1390 2931 decus,

588 2929 873 2988 Provectus,
896 2929 1039 2991 alius,
1066 2931 1318 2978 ititulus
1336 2929 1520 2991 debeo,

646 2994 877 3055 Patrone,
896 2990 1193 3055 praceptor,
1214 2998 1351 3053 pater
1381 2990 1425 3041 i.

2084 1821 2134 1863 et
2159 1810 2418 1879 infinitam
2443 1812 2693 1865 sermonis
2712 1812 3096 1881 supellectilem,
3127 1823 3177 1866 et
3200 1815 3352 1884 facile
3372 1816 3593 1885 loqueris
3612 1826 3661 1870 et

2083 1916 2228 1968 pure,
2261 1900 2585 1970 facilitasque
2610 1900 2725 1969 ipsa
2752 1910 2802 1953 et
2828 1902 3027 1968 puritas
3057 1902 3325 1971 prudentia
3354 1906 3516 1957 mixta
3544 1916 3660 1960 est:

2083 1990 2251 2056 capite
2268 1990 2455 2059 quippe
2479 2006 2609 2043 sano
2637 2006 2815 2043 omnes
2842 2006 3021 2043 sensus
3054 1992 3239 2060 vigent.
3272 1989 3409 2043 lluic
3432 1993 3662 2061 pruden-

2083 2079 2171 2133 tiae
2194 2088 2242 2133 et
2270 2079 2573 2150 eloquentia
2601 2080 2646 2133 si
2674 2080 2937 2132 accederet
2963 2080 3191 2133 studium
3219 2081 3295 2133 rel
3322 2081 3661 2151 intelligentia

2085 2167 2493 2239 Scripturarum,
2522 2169 2746 2223 viderem
2789 2177 2837 2222 te
2871 2169 3007 2222 brevi
3047 2186 3217 2223 arcem
3263 2179 3430 2225 tenere
3459 2181 3663 2226 nostro-

2082 2276 2215 2314 rum.
2247 2258 2421 2314 Etiam
2443 2271 2470 2309 (ι
2491 2260 2618 2316 alibi
2642 2259 2981 2315 commendat
3001 2259 3118 2329 ejus
3135 2262 3322 2331 eloquii
3349 2272 3661 2318 venustatem

2082 2360 2138 2408 et
2168 2352 2222 2407 in
2252 2352 2444 2407 litteris
2481 2352 2649 2406 seculi
2689 2351 3063 2406 eruditionem.
3100 2350 3379 2407 Paulinum
3405 2363 3425 2390 τ
3457 2352 3662 2408 Cicero~

2081 2460 2199 2499 nem
2220 2443 2571 2498 Christianum
2600 2450 2759 2498 vocat
2798 2442 3070 2497 Erasmus.
3097 2442 3153 2497 In
3186 2444 3376 2499 litteris
3404 2442 3612 2500 Paulini
3636 2455 3659 2484 ³

2080 2534 2439 2591 eruditionem
2469 2534 2650 2589 laudat
2674 2534 2967 2599 Ausonius;
2999 2536 3091 2590 sed
3121 2537 3383 2605 poeticam
3412 2536 3551 2590 illius
3579 2553 3662 2592 ve.

2081 2641 2205 2681 nam
2226 2626 2418 2679 mirum
2450 2626 2501 2679 in
2531 2625 2748 2679 modum
2776 2623 3006 2687 extollit,
3029 2640 3149 2679 cum
3177 2624 3445 2692 quoddam
3471 2641 3662 2695 poema

2081 2731 2115 2772 a
2143 2715 2368 2772 Paulino
2402 2717 2419 2752 ¹
2454 2715 2708 2786 praedicat
2732 2714 2988 2785 scriptum
3018 2723 3163 2767 tanta
3190 2715 3463 2785 elegantia,
3496 2725 3553 2767 ut
3579 2732 3663 2770 so-

2083 2808 2163 2862 lus
2185 2809 2441 2863 videretur
2460 2816 2720 2861 assecutus
2744 2805 2879 2876 quod
2906 2812 3085 2859 contra
3108 2821 3275 2871 rerum
3305 2815 3547 2858 naturam
3566 2815 3662 2871 est,

2083 2899 2302 2954 brevitas
2347 2908 2405 2952 ut
2448 2896 2666 2952 obscura
2707 2913 2812 2951 non
2852 2905 3003 2949 esset.
3038 2892 3165 2948 Hazc
3198 2903 3250 2947 tu
3287 2911 3440 2964 quam
3482 2895 3662 2963 perite,

2084 2990 2271 3061 inquit,
2308 2998 2359 3043 et
2401 2990 2668 3051 concinne,
2709 3002 2863 3057 quam
2898 2985 3158 3039 modulate
3192 2993 3240 3038 et
3269 2984 3515 3038 dulciter!
3540 2984 3662 3038 1am

397 3094 506 3150 Sed
533 3102 590 3151 et
610 3093 636 3131 ιι
661 3095 841 3151 omnia
870 3109 990 3162 sua,
1017 3092 1189 3148 bonos
1232 3106 1412 3147 mores
1440 3099 1496 3146 et
1538 3088 1746 3153 studia,
1776 3104 1842 3145 ex
1873 3088 1983 3143 Au-
2007 3073 2050 3134 C
2083 3080 2205 3151 quid
2250 3080 2315 3133 de
2351 3077 2639 3146 eloquentia
2684 3076 2888 3129 dicam?
2930 3072 3148 3145 Liquida
3184 3076 3429 3145 adjurare
3456 3091 3662 3143 passum

397 3185 537 3243 sonii
556 3182 792 3240 fontibus
819 3192 938 3238 orta
970 3182 1097 3236 alibi
1117 3182 1259 3237 ultro
1287 3180 1595 3235 conﬁtetur.

468 3275 524 3330 5.
556 3274 810 3342 Quamvis
834 3288 998 3343 opera
1026 3271 1233 3326 Paulini
1261 3285 1380 3340 quae
1408 3286 1518 3341 pra:
1543 3268 1789 3325 manibus
1814 3268 1981 3323 habe-

399 3379 521 3421 mus
542 3364 658 3433 ejus
684 3362 1001 3419 eruditionis
1026 3362 1134 3417 sint
1159 3361 1417 3431 praeclara
1445 3368 1814 3425 monumenta;
1843 3358 1985 3414 illius

402 3467 582 3511 tamen
613 3457 681 3511 de
708 3455 1061 3526 Eleemosyna
1088 3469 1186 3509 seu
1213 3452 1230 3491 ‘-
1254 3453 1323 3508 de
1342 3450 1735 3522 Gazophylacio
1766 3451 1985 3505 homilia

406 3546 699 3603 Pauliniani
727 3545 851 3617 styli
889 3544 1206 3600 suavitatem
1231 3543 1401 3612 magis
1443 3542 1638 3610 arguit,
1674 3540 1818 3610 quod
1838 3555 1987 3595 com-

404 3638 602 3708 positio
631 3637 884 3692 adstricta
908 3636 1001 3703 sit,
1027 3642 1082 3690 et
1107 3634 1321 3690 solitam
1344 3633 1399 3687 in
1428 3632 1669 3702 epistolis
1697 3629 1986 3685 verborum

404 3732 612 3802 copiam
628 3738 683 3785 et
702 3728 1041 3800 rapiditatem
1068 3733 1337 3782 coerceat.
1364 3722 1625 3777 Eximiam
1654 3721 1794 3775 illius
1818 3730 1856 3757 ω
1880 3722 1988 3775 elo-

405 3825 679 3893 quentiam,
732 3820 1053 3877 nobilitatem
1092 3827 1142 3873 et
1185 3817 1412 3873 indolem
1446 3828 1789 3884 summopere
1832 3828 1986 3869 com-

406 3914 624 3969 mendat
647 3914 702 3969 S.
731 3913 1065 3968 Ambrosius.
1097 3909 1297 3966 Idatius
1320 3910 1370 3965 in
1391 3909 1659 3965 Chronico
1691 3922 1814 3963 eum
1835 3905 1986 3961 nobi-

408 4008 657 4060 lissimum
692 4014 743 4057 et
784 4002 1255 4075 eloquentissimum
1286 4000 1436 4064 dicit,
1464 4008 1519 4053 et
1549 4008 1571 4034 η
1602 3997 1659 4052 S.
1692 3996 1988 4052 Eucherius

407 4097 717 4149 uberrimum
745 4092 1050 4163 eloquentia:
1078 4092 1290 4162 fontem.
1321 4086 1427 4143 Sed
1463 4089 1631 4141 instar
1659 4087 1896 4142 omnium
1926 4084 1985 4139 S.

409 4200 433 4221 υ
459 4183 764 4254 Hieronymi
784 4182 1016 4250 elogium
1030 4188 1140 4245 est;
1162 4182 1241 4234 sic
1255 4180 1395 4233 enim
1412 4178 1478 4232 ad
1498 4178 1668 4249 ipsum
1682 4176 1988 4246 aliquandiu

409 4284 531 4345 post
556 4274 819 4328 Nolanum
848 4284 1117 4325 secessum
1145 4268 1329 4323 scribit
1360 4285 1373 4320 ε
1407 4266 1619 4321 Librum
1650 4276 1808 4328 tuum,
1840 4281 1987 4336 quem

410 4385 502 4437 pro
517 4365 799 4419 Theodosio
820 4364 1049 4431 principe
1060 4360 1337 4433 prudenter
1356 4368 1631 4429 ornateque
1653 4358 1987 4428 compositum

2082 3172 2282 3225 nullum
2307 3168 2395 3222 tibi
2421 3167 2489 3221 ad
2515 3168 2767 3238 poeticam
2792 3165 3089 3236 facundiam
3113 3164 3364 3218 Romana:
3376 3166 3660 3234 juventutis

2084 3261 2301 3332 aquari.
2333 3257 2480 3314 Certe
2504 3258 2629 3312 mihi
2658 3259 2732 3311 ita
2759 3256 2963 3310 videris.
3014 3255 3074 3309 Si
3118 3271 3253 3317 erro,
3295 3264 3443 3322 pater
3480 3270 3659 3310 sum...

2092 3351 2281 3407 Verum
2308 3367 2423 3404 cum
2449 3351 2533 3420 pie
2555 3349 2787 3419 diligam,
2812 3347 3011 3399 sincere
3036 3355 3084 3399 et
3110 3362 3279 3399 serere
3298 3345 3497 3415 judico.
3524 3343 3663 3398 Lau-

2082 3442 2177 3499 dat
2203 3452 2463 3513 przeterea
2483 3443 2536 3495 in
2565 3440 2890 3495 carminibus
2917 3438 3057 3492 illius
3081 3446 3306 3508 vegetam
3329 3445 3375 3489 et
3396 3436 3664 3489 sublimem

2084 3535 2426 3595 alacritatem,
2451 3540 2507 3587 et
2532 3531 2661 3586 dicit
2686 3545 2811 3584 eum
2840 3529 2919 3584 sic
2944 3542 3151 3584 summa
3177 3536 3450 3596 appetere,
3476 3535 3662 3579 utnon

2084 3623 2314 3680 decidat.
2363 3622 2689 3691 Discipulum
2734 3619 2835 3674 sibi
2880 3619 3111 3689 palmam
3158 3618 3422 3686 poeticam
3474 3616 3660 3685 praeri—

2085 3714 2265 3785 puisse
2294 3722 2320 3749 ιι
2349 3712 2475 3767 alibi
2512 3711 2728 3765 fatetur.
2764 3709 2882 3764 Alia
2910 3723 3039 3763 vero
3066 3707 3308 3778 epistola,
3340 3707 3545 3761 scilicet
3570 3706 3661 3771 91,

2085 3803 2153 3858 de
2180 3803 2285 3857 alio
2314 3810 2563 3871 poemate
2598 3801 2737 3854 idem
2774 3799 3042 3854 Ausonius
3069 3808 3097 3837 ν
3126 3798 3201 3851 ait
3232 3815 3244 3849 :
3280 3795 3420 3850 Illud
3447 3797 3509 3849 de
3537 3812 3663 3866 poe-

2085 3894 2238 3947 matis
2258 3891 2605 3962 jucunditate,
2632 3889 2695 3943 de
2716 3890 3003 3943 inventione
3042 3896 3089 3940 et
3119 3887 3516 3948 continuatione,
3540 3886 3665 3955 jura

2086 3982 2263 4035 omnia
2302 3978 2429 4032 nulli
2470 3994 2695 4049 unquam
2722 3976 2973 4031 imitabile
3006 3978 3250 4046 futurum,
3281 3974 3376 4028 etsi
3406 3976 3665 4043 {utemtur

2084 4072 2410 4127 imitandum.
2444 4069 2569 4124 Ηξεο
2608 4076 2854 4139 poemata
2891 4067 3020 4121 nulli
3064 4065 3336 4120 imitabilia
3366 4064 3662 4134 perierunt.

2085 4162 2241 4219 Haud
2268 4161 2428 4216 dubie
2449 4170 2475 4197 ι
2502 4158 2709 4213 Paulini
2739 4166 2926 4211 natura
2955 4165 3009 4211 et
3038 4170 3173 4210 vena
3221 4154 3391 4209 lenior
3431 4168 3496 4207 ac
3541 4168 3666 4205 sua-

2085 4257 2223 4319 vior,
2257 4255 2493 4321 itemque
2520 4249 2945 4319 magniﬁcentior
2969 4258 3104 4311 erat,
3132 4246 3238 4313 cui,
3263 4254 3320 4300 ut
3347 4245 3485 4298 idem
3516 4243 3666 4297 testis

2085 4354 2170 4403 est
2196 4344 2460 4399 Ausonius
2482 4352 2533 4409 γ,
2559 4341 2743 4395 mellea
2768 4339 3002 4409 quaedam
3030 4339 3198 4390 inerat
3223 4335 3525 4395 modulatio,
3555 4341 3664 4390 etc.

412 4424 765 4523 transmisisti,
795 4457 845 4528 5
861 4424 1075 4509 libenter:
1102 4453 1221 4526 legi,
1249 4461 1297 4507 et
1317 4424 1572 4523 prwciptte
1592 4450 1713 4503 mihi
1726 4424 1777 4504 in
1792 4467 1850 4504 eo
1864 4449 1982 4503 sub-

2090 4438 2200 4494 Nec
2227 4451 2356 4493 vero
2382 4441 2557 4505 poeta:
2585 4430 2825 4486 florentis
2862 4427 3083 4482 facultas
3109 4424 3461 4481 existimanda
3490 4431 3573 4478 est
3598 4438 3667 4477 ex

412 4550 594 4605 divisio
621 4539 835 4617 placuit.
860 4545 1081 4613 Cumque
1100 4546 1153 4599 in
1182 4544 1362 4615 primis
1384 4540 1615 4612 partibus
1632 4541 1806 4595 vincas
1834 4539 1986 4604 alios,

411 4643 465 4696 in
492 4639 785 4712 penultimis
808 4630 1021 4708 teipsum
1050 4650 1295 4707 superas;
1319 4633 1408 4689 sed
1428 4642 1477 4686 et
1497 4633 1664 4700 ipsum
1692 4646 1853 4702 genus
1882 4630 1990 4683 elo-

412 4732 517 4802 quii
553 4746 784 4801 pressum
823 4739 898 4784 est
942 4738 990 4782 et
1036 4727 1277 4791 nitidum,
1317 4735 1366 4779 et
1400 4740 1516 4778 cum
1556 4722 1796 4777 Tulliana
1825 4721 1989 4773 luceat

414 4824 656 4893 puritate,
685 4821 913 4876 crebrum
942 4830 1017 4874 est
1045 4821 1099 4875 in
1128 4819 1415 4874 sententiis.
1460 4816 1491 4869 J
1499 4826 1609 4871 acet
1650 4817 1806 4882 enim,
1835 4822 1891 4867 ut
1918 4814 1991 4867 ait

415 4911 641 4982 quidam,
672 4912 837 4966 oratio
865 4912 917 4963 in
946 4926 1047 4981 qua
1077 4919 1275 4963 tantum
1312 4908 1462 4963 verba
1490 4906 1787 4961 laudantur.
1834 4903 1987 4958 Prw-

415 5012 555 5056 terea
576 5015 767 5072 magna
792 5009 867 5054 est
895 5016 1063 5053 rerum
1083 5000 1461 5069 consequentia,
1491 5006 1540 5050 et
1566 4997 1783 5050 alterum
1803 4995 1987 5065 pendet

415 5109 479 5146 ea:
513 5092 696 5146 altera.
730 5090 988 5162 Quidquid
1026 5091 1146 5145 inde
1184 5092 1517 5153 assumseris,
1558 5089 1636 5142 vel
1672 5089 1794 5158 ﬁnis
1831 5102 1986 5155 supe-

416 5184 629 5249 riorum,
658 5185 733 5237 vel
762 5185 961 5238 initium
988 5184 1305 5253 sequentium
1333 5191 1427 5235 est.
1461 5178 1614 5232 Felix
1644 5178 1983 5245 Theodosius,

488 5328 512 5354 ³
552 5316 759 5370 Paulin.
810 5332 895 5385 ep.
937 5314 991 5381 8,
1041 5332 1096 5369 n.
1121 5315 1174 5379 3,
1221 5323 1276 5370 et
1320 5328 1483 5369 carm.
1535 5310 1620 5377 10,
1654 5311 1816 5366 v.25.
1893 5308 1919 5347 ι)
1950 5306 2045 5376 Ep.
2076 5305 2127 5369 4,
2158 5320 2211 5357 n.
2241 5301 2294 5355 ‘2.

488 5387 582 5429 Vit-
609 5402 659 5429 n-
689 5386 737 5429 Ι-
819 5386 835 5424 ι
876 5386 1069 5429 Ausim-
1118 5400 1205 5429 an-
1254 5383 1339 5429 ΞΖ-
1418 5392 1442 5429 8
1468 5382 1662 5429 Raron.
1686 5397 1772 5429 an.
1807 5378 1927 5429 594.
1964 5377 1991 5429 ε
2037 5375 2126 5429 84.
2157 5371 2244 5427 85.

819 5377 1070 5439 (Ἀιιεὸη.
1112 5377 1205 5455 ep.
1418 5392 1442 5429 8
1468 5382 1781 5455 ligamina;
1800 5378 1927 5455 βξη,
1964 5377 1992 5449 5

2089 4532 2172 4587 his
2198 4544 2316 4600 quae
2344 4533 2554 4583 exstant
2574 4522 2897 4579 carminibus
2916 4533 2983 4573 ex
3005 4516 3309 4584 evangelica
3329 4513 3669 4582 simplicitate

2090 4621 2320 4679 conditis
2361 4626 2483 4689 post
2527 4627 2547 4653 ι
2586 4614 2856 4670 abdicatas
2905 4608 3127 4664 Musas:
3160 4603 3258 4660 sed
3299 4602 3667 4671 cogitandum,

2090 4714 2204 4770 ham
2230 4714 2343 4782 ipsa
2368 4726 2489 4766 cum
2516 4717 2694 4762 tamen
2724 4705 2846 4759 talia
2873 4702 3000 4767 sint,
3027 4696 3268 4771 proiecto
3288 4695 3413 4750 dum
3435 4694 3670 4749 ferveret

2089 4805 2332 4867 ambitio,
2347 4803 2473 4857 dum
2485 4798 2726 4871 placendi
2743 4795 2973 4851 studium
2990 4789 3246 4860 etcupido
3259 4789 3410 4841 famxe
3420 4786 3667 4843 stimula-

2092 4904 2214 4952 rent
2235 4904 2395 4965 atque
2415 4898 2737 4947 exacuerent
2752 4902 2957 4947 curam,
2977 4882 3239 4950 simulque
3262 4879 3385 4933 hinc
3405 4877 3498 4932 alti
3519 4878 3670 4945 vigor

2094 4986 2290 5055 ingenii
2328 4983 2613 5038 dictionem
2654 4976 2945 5040 attolleret,
2984 4970 3252 5026 exstitisse
3290 4966 3489 5035 aliquid
3516 4966 3673 5020 valde

2091 5078 2382 5150 perfectum
2392 5070 2552 5143 ,quod
2564 5069 2754 5124 merito
2766 5074 2821 5120 et
2830 5064 3005 5119 doctis
3014 5072 3070 5117 et
3079 5059 3401 5115 multitudini
3414 5058 3669 5127 placeret.

2162 5171 2214 5223 4.
2246 5168 2304 5223 In
2328 5166 2508 5221 seculo
2541 5161 2717 5215 adhuc
2747 5172 2909 5225 agens
2930 5167 3037 5209 tres
3058 5150 3300 5207 Suetonii
3328 5150 3512 5213 libros,
3536 5162 3674 5215 quos

2375 5310 2395 5336 ο
2428 5295 2524 5365 Ep.
2560 5293 2646 5356 40,
2682 5288 2817 5365 [ιζ-6.
2879 5284 3164 5365 ξ-Αιιξοπρ.
3222 5295 3309 5365 cp.
3361 5278 3423 5365 εξ
3461 5288 3533 5365 ξι

2322 5369 2347 5405 δ
2374 5347 2569 5421 Ausim.
2601 5347 2687 5428 ep.
2709 5360 2777 5411 9.3
2800 5369 2852 5411 et
2878 5356 2967 5428 Si.
3041 5352 3062 5428 _i
3100 5350 3198 5420 Ep.
3233 5347 3320 5402 Si.
3346 5419 3359 5428 _
3390 5352 3431 5428 ᾖ
3460 5347 3668 5428 Paulin.

421 5399 444 5424 ε
477 5387 662 5510 Vit.
689 5386 737 5439 ι.
819 5386 835 5424 ί
871 5386 1070 5439 Auson.
1118 5400 1205 5455 ep.
1254 5386 1339 5435 25.
1418 5392 1442 5429 8
1468 5386 1662 5435 Baron.
1686 5397 1772 5435 an.
1807 5386 1927 5443 594,
1964 5386 1992 5449 δ
2037 5386 2126 5456 δᾳ,
2157 5386 2244 5427 δῖ).
2322 5386 2347 5405 ιι
2374 5386 2569 5421 auso".
2601 5386 2687 5428 cv-
2713 5386 2777 5411 που
2800 5386 2852 5411 ’τι
2883 5386 2967 5437 θ”ε
3048 5386 3062 5390 “
3100 5386 3198 5420 ¹⁴ν’
3237 5386 3320 5402 ""
3405 5386 3418 5397 '
3460 5386 3479 5401 "
3501 5386 3667 5427 "‘t""‘

418 5472 583 5512 carm.
645 5455 767 5522 0,v.
791 5456 877 5510 93.
954 5455 985 5492 ¹ί
1016 5454 1168 5515 lbid.,
1195 5451 1387 5506 v.148.
1469 5452 1486 5490 ι
1521 5450 1723 5505 Paulin.
1752 5449 1821 5504 3i
1850 5450 1988 5502 inter
2008 5455 2163 5517 epist.
2240 5451 2278 5477 ιη
2309 5439 2553 5493 Ambros.
2586 5448 2616 5485 e
2660 5472 2677 5513 ε
2705 5431 2793 5483 30.
2870 5438 2895 5464 "
2927 5424 3153 5479 Ευεῑιθΐ·
3183 5435 3270 5488 θρο
3296 5419 3362 5473 ad
3390 5418 3667 5472 Va'er'an-

420 5539 445 5554 ιι
480 5528 672 5554 tum“...
728 5538 789 5554 ...ς
838 5525 902 5554 az
999 5535 1025 5554 ιιι
1048 5524 1157 5554 una
1254 5534 1277 5554 η
1310 5521 1505 5554 "imm"
1560 5537 1625 5554 οη
1681 5521 1783 5554 In!
1811 5528 1858 5554 nl
1893 5518 1996 5554 ιξπ
2093 5526 2113 5552 ι’
2149 5513 2353 5554 Emam-
2386 5507 2505 5554 Νοῑ.
2538 5504 2591 5554 in
2619 5447 2785 5554 nter"
2818 5512 2934 5554 082.
2972 5494 3091 5547 107.
3172 5500 3193 5527 ³
3222 5491 3425 5551 Λυδοηο
3470 5504 3559 5554 θΡ·
3601 5485 3667 5538 ’ῃ

420 5539 445 5562 ε’
480 5521 693 5583 llierou.
726 5538 811 5597 cp.
837 5525 923 5578 l3.
980 5535 1025 5597 νῐζ
1048 5524 1211 5597 lbid._
1254 5534 1279 5572 (ι
1310 5521 1526 5597 Hieron.
1560 5537 1625 5591 ep

420 5610 472 5651 et
501 5598 589 5650 2i.
670 5600 688 5635 ί
718 5587 843 5653 Alis.
874 5594 1053 5665 ουλε).
1129 5604 1154 5630 “
1187 5592 1533 5665 Aus.cp.q_‘:’.l).
1596 5587 1639 5629 iV
1665 5592 1791 5646 Aus.
1811 5605 1893 5659 ep.
1927 5587 2011 5641 2|.

426 5680 509 5732 ιν.
554 5668 633 5722 l9.
714 5680 731 5706 ι
760 5662 966 5735 Pauliit,
998 5681 1163 5721 carm.
1201 5664 1280 5747 ιρ,
1315 5678 1363 5714 v.
1398 5662 1475 5717 l9.

1634 5562 1646 5575 .
1681 5521 1783 5574 103
1811 5518 2015 5573 θι155.

2093 5485 2591 5566 rErasmT-Nothn
2619 5485 2785 5562 llier.,
2818 5494 3101 5567 pag._lt)7_._
3172 5485 3425 5567 :Auson.
3470 5504 3559 5567 ep.
3601 5485 3672 5538 l9

2092 5594 2117 5622 ι
2422 5556 2529 5629 Vit.
2566 5556 2784 5626 Paulin..
2814 5556 2867 5639 ί).
2887 5556 2997 5620 ’ϐὃϐ
3019 5561 3148 5620 edit.
3174 5558 3358 5614 Rosw.
3415 5569 3440 5606 θ’
3460 5556 3665 5613 Auson.
