4020 6186
280 247 339 300 9|
1648 251 2007 313 PROLEGOM
2014 257 2054 313 E
2066 260 2173 316 NA.
3480 278 3549 333 ‘lz‘

230 374 239 384 ν
275 355 362 412 ille
389 355 461 410 de
504 355 722 423 regibus
750 356 919 423 dedit.
961 357 1016 412 in
1047 366 1072 395 ⁸
1122 357 1405 429 Ερίιοηιοη
1453 360 1661 430 redegit
1700 371 1755 417 et
1778 364 1863 432 ju-
1892 374 1936 428 A
1967 370 2156 427 bentes
2202 387 2370 442 usque
2413 375 2480 439 ad
2526 392 2722 431 annum
2765 379 2868 434 408
2904 391 2996 437 aut
3026 382 3126 437 109
3156 385 3465 443 Therasiam
3497 401 3552 445 et

272 447 664 503 cundissimum
694 462 889 518 poema
916 450 1240 519 composuit.
1280 450 1556 507 intercidit
1582 462 1759 508 autem
1800 456 1863 509 il-

272 539 362 594 lud
406 538 656 594 Suetonii
703 539 999 609 Tranquilli
1030 542 1087 612 6
1114 556 1249 611 opus
1275 541 1344 597 de
1383 544 1618 613 regibus,
1650 560 1863 614 unaque

270 644 390 684 cum
419 644 489 684 eo
528 629 742 685 Paulini
766 628 1032 701 Epitome,
1055 631 1101 687 si
1129 630 1427 688 Pauliniani
1452 635 1703 691 caminis
1730 652 1862 706 pau-

271 735 363 775 cos
389 735 585 775 versus
617 721 920 790 exceperis,
955 736 1095 790 quos
1137 722 1406 780 Ausonius
1444 723 1499 778 in
1539 726 1763 795 epistola
1794 724 1861 779 l9

270 810 333 863 ad
358 811 611 865 eumdem
641 811 823 866 laudat
848 819 904 866 et
942 811 1165 867 miriﬁce
1190 813 1419 869 extollit.
1448 814 1686 871 Ausonio
1714 817 1861 871 insu-

268 915 363 969 per
390 900 620 955 miserat
652 915 844 970 poema
868 901 896 940 δ
919 900 1062 956 aliud
1092 903 1480 971 castigandum,
1510 905 1655 975 quod
1691 921 1750 961 se
1781 904 1859 960 fa-

267 999 482 1045 cturum
511 992 737 1060 recepit,
769 994 1023 1062 quamvis,
1050 992 1238 1061 inquit,
1267 1011 1361 1063 per
1384 1002 1432 1049 te
1451 1012 1635 1051 manus
1659 1013 1858 1052 summa

266 1084 561 1153 contigerit.
585 1084 859 1139 Ausonius
876 1084 1109 1140 vicissim
1129 1100 1347 1140 carmen
1371 1095 1487 1143 arte
1512 1103 1608 1143 sua
1636 1103 1859 1160 compo-

267 1173 427 1228 situm
450 1174 674 1229 heroico
700 1183 875 1230 metro
902 1174 971 1229 ad
995 1190 1118 1230 eum
1142 1176 1305 1231 misit.

333 1263 386 1317 5.
420 1264 785 1320 Historiarum
827 1276 851 1305 ο
901 1281 1088 1337 parum
1134 1266 1409 1323 studiosus
1445 1266 1543 1322 fuit
1580 1267 1860 1337 indagator

266 1353 553 1417 Paulinus;
574 1356 776 1411 etenim
806 1355 861 1410 in
889 1363 1132 1425 tempore
1149 1357 1319 1412 veteri
1343 1372 1451 1427 quo
1478 1358 1754 1414 videbatur
1776 1359 1856 1415 le-

266 1460 389 1515 gere
416 1463 529 1502 non
559 1447 805 1516 legenda,
836 1448 906 1502 ab
935 1448 1205 1504 historicis
1236 1450 1589 1519 scriptoribus
1616 1452 1857 1522 peregri-

266 1546 423 1592 natus
451 1545 561 1592 est.
588 1535 615 1574 ἀ
643 1535 1038 1607 Geographiam
1068 1539 1342 1607 ignorasse
1363 1539 1486 1595 inde
1514 1539 1856 1597 manifestum

264 1636 364 1695 est,
386 1628 537 1696 quod
563 1627 765 1683 Nicetze
790 1627 925 1683 Nola
954 1627 1159 1698 Scupos
1187 1629 1239 1683 in
1268 1629 1585 1684 Dardaniam
1608 1631 1853 1686 redeunti

265 1734 358 1787 per
384 1718 733 1773 Tomitanam
754 1719 939 1774 urbem
969 1720 1022 1773 in
1050 1718 1265 1790 Scythia
1288 1720 1391 1774 iter
1409 1720 1620 1790 dirigat.
1652 1722 1709 1777 Si
1732 1721 1857 1777 llic-

265 1825 492 1879 ronymo
510 1819 537 1847 ⁸
559 1808 1058 1873 credimus,Gr:ec:e
1077 1811 1268 1879 linguae
1288 1813 1492 1881 peritus
1513 1812 1611 1866 fuit
1634 1830 1646 1865 :
1669 1828 1855 1867 verum

266 1908 485 1954 econtra
516 1898 777 1954 Paulinus
809 1898 827 1938 ί
859 1900 999 1955 hunc
1026 1916 1327 1955 sermonem
1364 1902 1466 1956 sibi
1506 1903 1744 1971 ignotum
1773 1904 1856 1958 di-

266 1991 354 2044 cit.
378 1999 405 2037 3
430 1989 641 2044 ibidem
669 1998 851 2044 tamen
880 1990 1078 2045 fatetur
1114 1989 1171 2047 S.
1210 1990 1507 2047 Clementis
1547 2008 1712 2063 opera
1739 2008 1770 2046 a
1799 2007 1858 2048 se

268 2081 427 2135 tuisse
456 2079 511 2133 in
546 2079 796 2133 Latinum
826 2094 1130 2135 sermonem
1170 2082 1446 2145 translata,
1478 2083 1573 2137 sed
1601 2100 1711 2138 non
1740 2085 1856 2139 sine

269 2170 468 2223 mendis
491 2187 505 2221 :
526 2170 711 2237 itaque
732 2185 853 2225 eum
878 2171 933 2225 in
953 2169 1151 2228 Gmcis
1182 2171 1376 2227 litteris
1404 2174 1748 2229 mediocriter
1774 2176 1857 2229 in-

270 2271 529 2318 structum
562 2263 731 2318 fuisse
757 2263 1015 2319 dicamus.

273 2423 575 2480 Therasiam
604 2428 661 2480 in
688 2354 1239 2481 matﬁm‘oﬁiggrdigil
1270 2428 1542 2482 Paulinus.
1572 2426 1853 2483 Consulatu

336 2504 385 2548 et
430 2496 769 2577 amplissimis
809 2497 1094 2578 honoribus
1132 2498 1425 2553 decoratur.
1457 2497 1585 2552 Cum
1619 2499 1853 2569 plurimis

337 2575 625 2619 amicitiam
655 2575 940 2620 constituit.

337 2657 390 2711 1.
427 2657 682 2716 Paulinus
705 2657 732 2695 δ
756 2657 1063 2712 Therasiam
1109 2658 1336 2712 similem
1380 2659 1479 2712 sibi
1526 2660 1745 2712 sortitus
1773 2667 1856 2713 est

273 2748 577 2816 conjugem,
603 2764 722 2817 qua:
756 2747 989 2816 iungentia
1018 2749 1068 2803 ei
1095 2748 1321 2802 contulit
1362 2748 1575 2818 priedia.
1608 2748 1624 2786 ί
1662 2749 1855 2802 Virtuti

275 2846 328 2892 et
352 2839 529 2894 studio
558 2840 677 2907 ejus
703 2840 946 2910 proxime
973 2840 1216 2904 accessit,
1250 2855 1422 2909 neque
1462 2855 1492 2892 a
1526 2839 1625 2893 viri
1656 2853 1855 2909 propo-

275 2931 375 2986 sito
414 2930 482 2986 de
529 2929 781 3000 fugiendo
821 2930 1005 2987 seculo
1050 2930 1375 3001 discrepans,
1422 2930 1755 3001 transcriptis
1799 2930 1854 2983 in

277 3022 499 3076 aliorum
544 3021 668 3090 jura
706 3022 815 3076 suis
852 3021 1081 3091 pmdiis,
1106 3023 1280 3077 virum
1313 3023 1367 3076 in
1408 3021 1555 3076 Nolae
1582 3034 1851 3075 secessum

1966 459 2246 517 Paulinum
2276 465 2601 522 salutabant.
2634 468 2749 523 Jam
2772 486 2901 527 vero
2937 473 3004 528 ad
3035 477 3304 544 virtutem,
3327 489 3383 534 et
3405 496 3434 534 a
3464 497 3549 535 se-

1963 553 2085 608 culo
2115 556 2181 610 ad
2226 556 2395 612 Deum
2438 561 2845 618 conversionem
2875 564 3098 621 Paulino
3128 569 3289 625 fuisse
3326 581 3356 608 π
3396 573 3545 643 adju-

1962 655 2146 702 mento
2169 647 2477 705 Therasiam
2508 653 2789 723 conjugem
2814 671 2881 711 ex
2909 658 3141 726 gloriosa
3173 661 3391 718 Ausonii
3412 680 3542 721 con-

1960 739 2179 795 tumelia
2200 740 2469 811 conjicere
2490 752 2591 811 est;
2615 747 2705 815 qui
2727 744 3004 804 Paulinum
3027 765 3253 822 carpens
3274 761 3543 824 tamquam

1959 828 2013 882 in
2043 830 2277 885 amicitia
2316 848 2506 902 parum
2535 844 2894 907 constantem,
2924 855 3139 896 causam
3169 843 3220 896 in
3248 858 3367 898 eam
3396 844 3540 899 velut

1958 918 2311 977 abducentem
2345 923 2553 979 confert
2583 934 2608 963 ο
2639 926 2981 999 Tanaquilam
3020 933 3313 1002 appellans,
3344 949 3463 1004 quae
3491 937 3539 1005 ’1

1960 1012 2220 1081 sapientia
2249 1022 2305 1069 et
2332 1016 2649 1085 religionum
2678 1021 2869 1090 peritia
2899 1037 3018 1077 sese
3051 1024 3345 1094 praeferret,
3377 1027 3533 1097 impe-

1959 1102 2256 1175 ritaretque
2284 1106 2421 1173 viro,
2450 1116 2506 1164 et
2533 1124 2652 1165 eam
2681 1112 2752 1166 ob
2779 1126 2893 1167 rem
2924 1114 3201 1169 timeretur
3226 1130 3256 1169 a
3286 1115 3534 1183 Paulino;

1959 1194 2037 1250 sic
2064 1195 2207 1251 enim
2235 1196 2397 1252 latrat
2422 1215 2436 1251 :

2081 1305 2132 1374 Si
2150 1308 2312 1374 prodi.
2336 1308 2561 1374 Pauline,
2582 1312 2745 1374 times,
2770 1319 3047 1374 nostraeque
3077 1318 3261 1362 vereris

1984 1392 1987 1395 ι
2082 1370 2277 1419 Crimen
2299 1373 2523 1421 amicitiae
2551 1373 2821 1436 :Tanaquil
2845 1382 2924 1425 tua
2954 1370 3141 1425 nesciat
3156 1375 3283 1425 istud
3306 1378 3351 1427 Ρ.

2029 1474 2100 1529 At
2136 1474 2389 1531 Paulinus
2417 1477 2697 1547 conjugem
2726 1494 2878 1535 suam
2906 1497 3012 1536 non
3053 1480 3413 1552 Tanaquitam,
3445 1482 3535 1537 sed

1958 1564 2249 1621 Lucretiam
2274 1583 2395 1624 esse
2418 1579 2446 1619 τι
2475 1571 2739 1625 rescribit.
2786 1571 2853 1626 Et
2894 1588 3021 1628 sane
3048 1573 3226 1628 divina
3256 1574 3396 1629 illius
3422 1590 3535 1628 ma-

1957 1668 2125 1713 trona:
2146 1660 2403 1731 sapientia
2428 1668 2483 1715 et
2503 1662 2668 1716 virilis
2689 1664 2991 1719 constantia
3015 1664 3137 1720 inde
3160 1664 3217 1719 lit
3237 1664 3536 1729 manifesta,

1887 1737 1932 1798 Β
1958 1750 2101 1817 quod
2131 1750 2183 1803 in
2212 1766 2501 1820 pauperem
2523 1767 2588 1807 ac
2612 1751 2800 1807 duram
2823 1754 2987 1807 vitam
3006 1754 3124 1810 viro
3146 1755 3393 1810 alacriter
3410 1771 3536 1809 con-

1960 1839 2147 1903 sensit,
2178 1848 2232 1893 et
2258 1839 2515 1908 quidquid
2543 1842 2656 1896 sive
2676 1842 2935 1896 dotalium
2964 1843 3075 1897 sive
3102 1844 3326 1898 aliarum
3353 1845 3537 1898 habuit

1959 1931 2272 1986 facultatum
2301 1932 2559 1997 vendidit,
2589 1941 2643 1987 et
2674 1933 2727 1987 in
2756 1942 2977 2002 egentes
3011 1936 3241 2004 pretium
3274 1935 3535 2003 erogavit.

1959 2022 2184 2077 Nomine
2224 2022 2493 2077 Therasiae
2523 2023 2591 2077 ad
2620 2023 2891 2078 Bassnlam
2921 2023 3103 2078 Severi
3126 2040 3338 2079 socrum
3366 2026 3537 2095 parti-

1956 2112 2133 2167 culam
2160 2113 2227 2167 de
2258 2112 2398 2180 ligno
2423 2112 2614 2166 divinae
2642 2113 2814 2169 crucis
2846 2114 2991 2167 misit
3021 2124 3042 2153 ι’
3074 2112 3345 2180 Paulinus,
3377 2120 3543 2183 quam

1956 2201 2181 2256 Melania
2211 2202 2279 2257 ab
2319 2202 2653 2257 Hierusalem
2681 2217 2823 2257 anno
2850 2202 2955 2256 402
2982 2204 3253 2259 attulerat.
3273 2188 3537 2271 Qumdam

1955 2294 2168 2348 occasio
2199 2293 2507 2347 Therasiam
2538 2294 2656 2349 viro
2685 2294 2861 2349 minus
2891 2295 3098 2350 ﬁdelem
3128 2296 3534 2362 demonstravit,

1958 2392 1979 2418 ·
2008 2383 2052 2437 si
2074 2381 2333 2451 Gregorio
2362 2383 2660 2439 Turonensi
2681 2384 2751 2438 sit
2772 2385 3016 2441 habenda
3046 2384 3196 2453 ﬁdes,
3218 2387 3342 2455 quia
3379 2388 3392 2424 ι
3423 2387 3536 2441 lda~

1957 2476 2080 2539 tius,
2110 2476 2201 2544 qui
2226 2474 2494 2529 demortui
2520 2475 2741 2530 Honorii
2770 2491 2911 2531 anno
2940 2476 3045 2530 425
3074 2476 3218 2530 illam
3245 2478 3536 2532 etiamnum

1956 2565 2123 2618 vitam
2153 2579 2311 2633 agere
2340 2564 2612 2635 supponit,
2644 2580 2763 2619 eam
2794 2567 2998 2620 meritis
3040 2575 3096 2619 et
3130 2566 3331 2637 pietate
3359 2582 3387 2620 a
3418 2567 3538 2622 viro

1956 2670 2061 2711 non
2090 2656 2366 2711 discedere
2397 2642 2591 2712 ibidem
2611 2655 2789 2712 docet.
2813 2665 2841 2694 ιι
2868 2657 3023 2713 Anno
3044 2656 3146 2711 426
3172 2658 3283 2713 vita
3303 2657 3536 2714 functam

1956 2765 2023 2804 ex
2059 2749 2195 2804 infra
2242 2750 2417 2807 allatis
2458 2751 2682 2820 patebit.
2717 2749 2848 2806 Post
2888 2761 2916 2789 ν
2943 2751 3103 2821 longa
3150 2761 3279 2808 vota
3324 2753 3537 2809 soboles

1955 2838 2167 2895 tandem
2198 2839 2364 2894 virilis
2390 2840 2494 2894 illis
2522 2840 2576 2894 in
2606 2839 2860 2911 Hispania
2890 2841 3168 2909 agentibus
3196 2842 3413 2911 obtigit;
3443 2842 3537 2897 sed

1954 2930 2128 2985 vitalis
2154 2946 2263 2988 non
2292 2930 2408 2995 fuit,
2440 2930 2539 2986 sub
2566 2938 2813 2986 octavum
2842 2932 2985 2985 enim
3022 2932 3090 2986 ab
3117 2945 3241 2986 ortu
3279 2932 3421 2985 diem
3450 2948 3533 2985 ra-

1955 3030 2080 3092 ptus
2105 3038 2239 3087 puer
2264 3022 2428 3075 vitam
2459 3021 2747 3091 expedivit,
2780 3030 2834 3076 et
2859 3017 3132 3091 Compluti
3162 3023 3406 3091 sepultus
3433 3031 3535 3078 est.

279 3114 481 3168 fortiter
509 3121 695 3168 secuta
734 3122 844 3179 est;
887 3121 944 3168 et
984 3114 1179 3183 exiguo
1214 3114 1321 3169 illic
1347 3120 1601 3169 contenta
1629 3112 1850 3182 cespite,
1881 3098 1927 3162 C
1957 3114 2038 3167 An
2068 3113 2202 3167 alios
2234 3111 2371 3167 ﬁlios
2397 3112 2732 3182 procrearint
2760 3126 2865 3166 non
2895 3120 3251 3181 compertum.

279 3206 547 3263 solabatur
573 3221 693 3261 sese
721 3206 977 3273 caritatis,
1009 3206 1361 3277 simplicitatis
1386 3215 1441 3262 et
1467 3206 1737 3275 religionis
1760 3206 1857 3260 ob-

279 3299 493 3367 sequiis.
531 3297 727 3368 Sicque
755 3299 972 3367 conjux,
1004 3315 1111 3353 non
1156 3308 1213 3353 ut
1251 3298 1360 3353 Eva
1397 3299 1708 3368 quondaml
1747 3297 1857 3351 dux

280 3387 345 3441 ad
372 3388 652 3443 mollitiem
690 3390 810 3444 viro
846 3405 965 3456 suo,
989 3390 1083 3443 sed
1114 3389 1180 3443 ad
1209 3388 1575 3443 fortitudinem
1604 3387 1772 3443 redux
1801 3388 1856 3441 in

282 3487 395 3534 ossa
423 3479 523 3532 Viri
561 3479 664 3545 sui,
693 3480 877 3536 cordis
909 3489 963 3534 et
989 3480 1280 3535 voluntatis
1308 3480 1513 3533 unitate
1550 3479 1767 3535 redacta
1801 3487 1859 3535 et

280 3571 502 3636 raidita,
530 3572 895 3643 spiritualibus
919 3572 967 3627 ei
997 3581 1144 3627 tanto
1174 3572 1514 3639 ﬁrmioribus,
1542 3579 1743 3641 quanto
1766 3586 1857 3625 ca-

279 3663 530 3718 stiOribus
552 3663 777 3718 nexibus
793 3664 1061 3733 copulata,
1086 3664 1223 3718 illius
1250 3665 1301 3718 in
1326 3664 1491 3718 Deum
1515 3663 1714 3718 amoris
1734 3678 1857 3718 san-

281 3753 496 3807 ctissimi
527 3753 665 3808 facta
693 3762 775 3808 est
803 3756 1095 3824 particeps;
1120 3755 1190 3808 ita
1214 3764 1271 3808 ut
1299 3754 1351 3808 in
1382 3769 1487 3809 uno
1517 3752 1856 3808 matrimonio

280 3860 436 3899 sexus
475 3853 703 3913 uterque
736 3845 1000 3900 calcanda:
1035 3845 1298 3914 superbia:
1340 3844 1613 3909 sccularis,
1652 3854 1707 3897 et
1749 3858 1853 3896 non

278 3936 624 4007 desperanda:
648 3935 965 3994 Christiana:
1004 3937 1346 4007 perfectionis
1374 3936 1617 4006 exempla
1648 3936 1855 3989 inveni-

278 4034 377 4079 ret.
408 4024 765 4097 llicronymus
787 4025 812 4064 ιε
846 4026 1155 4081 Therasiam
1198 4036 1433 4080 sanctam
1471 4026 1677 4079 Paulini
1706 4043 1854 4080 soro-

276 4133 379 4169 rem
406 4130 585 4183 vocat,
616 4131 683 4171 eo
711 4132 842 4171 sane
868 4117 1008 4186 quod
1038 4132 1160 4172 cum
1189 4133 1254 4171 eo
1285 4118 1335 4169 in
1365 4116 1647 4171 solitudine
1676 4116 1855 4171 conti-

275 4216 490 4262 nentem
530 4216 719 4275 ageret
755 4207 940 4260 vitam.
981 4207 1229 4261 Studiose
1259 4206 1542 4261 admodum
1571 4205 1627 4261 S.
1660 4204 1854 4261 lliero=

276 4300 418 4370 nymi
465 4301 707 4355 consiliis
761 4299 851 4354 illa
904 4301 1110 4370 paruit,
1165 4305 1531 4353 matronarum
1582 4298 1856 4353 declinans

274 4390 576 4457 consortia;
610 4399 666 4445 et
706 4391 846 4445 inter
882 4406 1118 4459 gemmas
1155 4390 1657 4445 circumsedentium
1697 4390 1854 4444 femi;

275 4498 464 4536 narum
512 4490 568 4538 et
611 4484 811 4538 sericas
855 4492 1054 4550 vestes,
1093 4497 1359 4553 pauperes
1404 4481 1640 4537 induisse
1681 4483 1854 4537 cultus

274 4590 538 4643 nusquam
590 4575 839 4641 erubuit;
886 4584 998 4630 tum
1050 4578 1176 4645 quia
1224 4576 1480 4630 nobilium
1537 4573 1853 4630 feminarum

272 4670 628 4723 contubernia
677 4669 945 4739 fugiebat,
994 4680 1105 4724 tum
1150 4670 1277 4738 quia
1324 4670 1550 4723 alterum
1591 4668 1853 4739 propositi

271 4761 666 4829 pamitmtiam,
696 4760 923 4815 alterum
947 4760 1218 4829 jactantite
1248 4769 1300 4815 et
1330 4760 1593 4829 superbia:
1622 4758 1856 4813 semina-

271 4851 408 4903 rium
439 4864 561 4905 esse
585 4852 755 4919 probe
784 4852 1005 4905 sciebat.
1038 4851 1337 4922 Eapropter
1363 4851 1614 4904 Paulinus
1646 4851 1662 4887 ι
1689 4849 1852 4904 etiam

270 4942 333 4993 ad
363 4942 652 5010 episcopos
690 4942 930 4997 scribens
955 4942 1069 5011 ejus
1094 4958 1287 4997 nomen
1318 4943 1370 4996 in
1408 4940 1754 5010 epistolarum
1785 4939 1854 4994 ti-

268 5035 391 5088 tulis
433 5034 784 5101 inscribebat,
814 5043 869 5089 et
906 5051 971 5089 ex
1011 5050 1106 5089 sua
1150 5043 1302 5104 parte
1330 5044 1366 5070 ω
1398 5032 1635 5103 epiSCOpi
1664 5031 1855 5089 rescri-

334 5178 363 5205 ι
394 5168 602 5223 Auson.
629 5183 713 5238 ep.
742 5167 829 5223 19.
905 5168 931 5208 δ
954 5168 1083 5223 ibid.

266 5324 317 5377 ῃ.
346 5308 402 5361 2.
481 5308 508 5345 ¹ί
541 5307 761 5362 Hieron.
794 5325 881 5377 ep.
916 5309 1001 5362 l5.

265 5375 504 5445 Paulin.,

265 5447 314 5511 8,
348 5466 403 5503 n.
433 5448 491 5501 2.

270 5535 318 5569 n.
348 5518 401 5571 ι.
479 5528 509 5567 y
530 5516 666 5573 Cod.
686 5517 890 5572 Theod.
909 5518 1222 5573 Golhofrcd.
1251 5528 1288 5573 t.
1316 5519 1382 5585 v,
1406 5516 1457 5583 ρ.
1476 5518 1597 5581 365,
1625 5519 1746 5571 sus.

270 5588 323 5626 ἰδ
356 5590 559 5643 Auson.
614 5603 701 5655 ep.
752 5588 840 5652 2,0.
921 5600 974 5627 cc
1007 5590 1200 5642 Baron.
1245 5605 1333 5641 an.
1367 5588 1490 5653 ⁸504,
1536 5589 1563 5655 §
1606 5588 1692 5641 81.

2024 3203 2077 3259 2.
2110 3203 2363 3261 Paulinus
2390 3204 2563 3276 primo
2592 3204 2646 3259 in
2673 3213 2698 3241 ι
2726 3203 2827 3259 fori
2868 3206 3094 3275 strepitu
3128 3213 3184 3259 et
3210 3205 3538 3261 secularibus

1955 3295 2115 3351 rebus
2143 3307 2434 3366 occupatus
2463 3312 2493 3350 a
2519 3296 2705 3366 primis
2735 3297 2889 3352 annis
2925 3298 3284 3367 amplissimos
3311 3298 3539 3367 dignita-

1954 3389 2023 3444 tis
2044 3395 2099 3443 et
2126 3388 2346 3443 honoris
2384 3386 2580 3455 gradus
2610 3387 2835 3458 adeptus
2865 3394 2967 3443 est.
3007 3387 3039 3439 ἵ
3069 3387 3227 3443 Anno
3250 3389 3356 3443 572
3378 3390 3539 3446 Nova:

1956 3479 2116 3551 Epiro
2145 3496 2240 3536 seu
2269 3480 2506 3535 Albania:
2536 3479 2816 3550 prtefectus
2854 3479 2952 3535 fuit
2978 3480 3194 3550 quidam
3235 3481 3490 3538 Paulinus
3521 3501 3535 3539 :

1955 3574 1999 3628 si
2024 3581 2205 3629 noster
2232 3571 2619 3637 novemdecim,
2652 3580 2743 3626 aut
2769 3572 2836 3627 ad
2860 3588 3126 3628 summum
3153 3574 3338 3643 viginti
3370 3592 3540 3632 annos

1957 3674 2073 3720 erat
2104 3673 2278 3719 natus.
2313 3675 2335 3701 τ
2371 3665 2508 3718 Ante
2553 3664 2851 3718 Ausonium
2900 3679 3022 3718 eum
3069 3666 3342 3719 consulem
3378 3666 3540 3721 fuisse

1957 3763 2190 3822 constat,
2220 3754 2272 3808 id
2294 3760 2376 3809 est
2404 3762 2528 3808 ante
2557 3768 2754 3807 annum
2784 3753 2906 3807 579.
2940 3753 3009 3805 At
3035 3768 3155 3807 cum
3182 3753 3323 3809 illius
3345 3770 3539 3809 consu-

1956 3845 2097 3900 latus
2125 3845 2176 3897 in
2211 3843 2383 3897 Fastis
2408 3842 2695 3911 inscriptus
2735 3856 2841 3895 non
2869 3842 3148 3906 habeatur,
3180 3852 3237 3881 ιιι
3263 3858 3387 3898 eum
3432 3844 3539 3899 Va-

1958 3936 2086 3990 lenti
2116 3949 2257 3987 anno
2278 3932 2382 3987 578
2409 3932 2518 3986 vita
2547 3929 2750 3995 functo,
2776 3940 2868 3986 aut
2894 3932 3122 4002 cuipiam
3153 3933 3305 3988 alteri
3331 3935 3538 3991 consuli

1956 4026 2236 4082 suﬁectum
2280 4024 2458 4079 dicere
2506 4038 2724 4079 necesse
2773 4032 2886 4090 est,
2936 4039 3044 4079 non
3104 4032 3283 4079 autem
3326 4027 3539 4081 ordina-

1956 4119 2115 4173 rium.
2148 4116 2301 4183 Quod
2329 4116 2471 4171 enim
2500 4115 2769 4171 Ausonius
2796 4114 2854 4155 δι’
2883 4131 3079 4172 nomen
3109 4114 3317 4171 Paulini
3345 4117 3539 4173 Fasto-

1957 4224 2076 4263 rum
2108 4208 2262 4262 titulo
2290 4207 2610 4261 honoratum
2639 4206 2856 4272 dixerit,
2885 4222 3044 4262 nemo
3072 4208 3297 4263 miretur
3330 4227 3341 4262 :
3375 4208 3533 4265 suile-

1957 4304 2076 4351 ctos
2114 4296 2376 4365 siquidem
2414 4296 2697 4351 ordinariis
2734 4296 2983 4352 consules
3023 4298 3076 4352 in
3120 4296 3270 4353 fastis
3296 4301 3455 4356 scribi
3484 4302 3537 4356 in

1959 4403 2057 4442 usu
2079 4386 2194 4453 fuit,
2215 4387 2368 4456 cujus
2388 4388 2633 4457 exempla
2661 4396 2977 4457 supersunt:
3003 4389 3147 4458 quod
3170 4400 3224 4428 σε
3248 4389 3536 4446 Baronium

1881 4464 1933 4524 Ῑ)
1956 4479 2200 4549 profecto
2228 4494 2447 4535 movere
2475 4495 2581 4534 non
2603 4479 2806 4545 debuit,
2829 4488 2888 4535 ut
2908 4481 3182 4535 consulem
3208 4482 3535 4539 ordinarium

1960 4585 2103 4625 anno
2134 4568 2239 4623 575
2265 4585 2388 4624 eum
2417 4578 2703 4637 assereret,
2734 4585 2855 4625 cum
2890 4571 3119 4640 ipsomet
3147 4588 3308 4641 anno,
3349 4574 3539 4630 Hiero-

1958 4679 2120 4735 nymo
2137 4660 2195 4699 ἀεὶ
2218 4670 2372 4728 teste,
2405 4662 2579 4716 nullus
2601 4670 2813 4717 creatus
2834 4662 2903 4716 sit
2929 4662 3115 4717 consul
3148 4681 3159 4716 :
3186 4664 3343 4733 idque
3370 4666 3538 4722 Baro-

1958 4755 2077 4808 nius
2100 4763 2152 4791 ⁶ο
2171 4753 2365 4809 ibidem
2386 4753 2576 4808 asserit
2604 4760 2660 4807 et
2681 4761 2855 4821 negat.
2887 4751 2936 4791 Η
2957 4753 3111 4810 Anno
3131 4754 3235 4808 580
3257 4756 3534 4812 Paulinum

1956 4842 2143 4899 Romae
2172 4844 2483 4915 praefectum
2513 4844 2738 4912 legimus
2773 4861 2785 4897 :
2822 4853 2876 4893 88
2906 4844 3051 4913 quod
3078 4846 3146 4901 de
3168 4854 3351 4902 nostro
3375 4849 3537 4905 inter-

1957 4938 2157 5009 pretari
2187 4954 2416 5008 pronum
2445 4946 2547 4993 est.
2580 4937 2824 4993 Veterum
2843 4937 2958 5006 ejus
2980 4939 3225 4994 honorum
3244 4942 3538 5011 largitorem

1960 5046 2019 5086 se
2043 5030 2172 5086 dicit
2188 5030 2245 5068 δὴ
2260 5031 2552 5102 Ausonius,
2577 5032 2729 5102 cujus
2755 5030 2901 5101 apud
2917 5032 3292 5102 imperatorem
3324 5034 3537 5089 Gratia-

1165 5180 1186 5208 ο
1214 5168 1420 5222 Paulin.
1478 5183 1562 5235 ep.
1596 5168 1687 5235 28,
1744 5185 1796 5223 n.
1831 5166 1856 5221 5

1958 5165 1985 5206 δ
2014 5169 2226 5225 Paulin.
2271 5185 2438 5224 carm.
2496 5168 2591 5235 17,
2638 5186 2692 5224 v.
2744 5169 2866 5225 195.
2945 5180 2967 5206 ο
2997 5169 3215 5225 Hieron.
3275 5184 3363 5238 ep.
3412 5170 3535 5225 155.

271 5236 288 5273 ί
314 5236 781 5309 Ρξιυιὶῃ.-ξρ.’46,
814 5256 867 5293 n.
889 5239 943 5293 2.
1021 5250 1046 5286 8
1076 5240 1206 5309 ibid.
1289 5238 1311 5275 ιι
1344 5238 1501 5305 Greg.
1530 5239 1656 5309 Tur.
1690 5239 1755 5292 de
1782 5240 1852 5309 gl.
1879 5238 2119 5309 Confes,
2152 5255 2200 5294 c.
2237 5240 2358 5294 107.
2439 5238 2722 5294 iAmbros.
2753 5256 2840 5309 ep.
2869 5240 2954 5293 50.

1085 5308 1101 5347 ι
1134 5309 1342 5362 Paulin.
1372 5324 1457 5377 ep.
1487 5309 1538 5372 5,
1563 5308 1614 5374 4,
1647 5309 1697 5375 6,
1734 5309 1782 5370 7,
1813 5308 1856 5359 2t

1955 5308 2014 5374 >9,
2048 5310 2136 5374 40,
2157 5310 2249 5375 45,
2281 5308 2369 5377 Η,
2399 5309 2487 5363 45.
2563 5319 2600 5345 ιη
2635 5308 2854 5372 AnguSt.
2884 5310 2972 5373 ⁸51,
3003 5310 3089 5363 95.
3166 5320 3192 5346 ³⁸
3228 5308 3388 5364 83011⁷.
3430 5310 3535 5363 Vit.

536 5395 588 5447 p.
623 5378 747 5448 062.
811 5389 847 5448 κο
871 5381 1073 5433 Auson.
1105 5395 1191 5448 cp.
1219 5378 1309 5431 24.
1386 5389 1411 5427 r
1439 5378 1570 5448 Ibid.
1647 5390 1675 5428 (ι
1705 5378 1853 5431 Pauli

1955 5394 2109 5434 :arm.
2143 5379 2230 5445 10,
2265 5396 2317 5434 v.
2354 5378 2474 5433 192.
2556 5389 2576 5416 τ
2604 5378 2699 5443 Ep.
2725 5380 2813 5447 5i,
2853 5397 2905 5433 n.
2938 5380 2985 5433 1.
3024 5389 3043 5415 ⁸
3095 5380 3224 5433 Vide
3254 5380 3384 5432 infra
3415 5394 3533 5443 cap.

573 5450 591 5483 ί
626 5447 760 5518 idat.
792 5447 1044 5503 Chronic.
1120 5447 1150 5485 ιι
1180 5449 1307 5502 Vide
1336 5465 1453 5517 cap.
1488 5447 1572 5511 52,
1618 5466 1670 5501 n.
1717 5449 1771 5501 2.
1846 5458 1872 5485 ν
1910 5448 2113 5504 Paulin.
2148 5466 2313 5503 carm.
2357 5449 2445 5513 52,
2477 5466 2530 5503 v.
2575 5448 2676 5501 600
2718 5460 2772 5502 et
2799 5465 2947 5518 seqq.

1826 5529 1846 5553 π
1871 5519 2069 5573 Auson.
2096 5535 2181 5587 ep.
2206 5520 2293 5583 20,
2316 5520 2404 5585 25,
2437 5518 2523 5572 25.
2604 5529 2658 5557 δη
2688 5520 2890 5572 Paulin.
2916 5519 3091 5574 Chifﬁ.

1772 5588 1828 5625 άίί
1860 5588 2080 5643 Hieron.
2126 5589 2329 5643 Chron.

3039 5241 3051 5290 i
3088 5240 3306 5305 August.
3332 5256 3417 5310 ep.
3446 5240 3535 5302 27,

3032 5460 3057 5487 ι
3104 5449 3310 5503 Paulin.
3350 5463 3438 5515 ep.
3471 5448 3533 5507 εἰ,

3163 5516 3515 5573 ,15101150

2433 5556 3091 5661 ἔῖἠωτηῖ
3119 5556 3175 5643 1’.’
3205 5556 3295 5625 "fi
3330 5556 3544 5654 ὄτέῗῖ.

269 5659 328 5725 v,
358 5642 411 5730 ρ.
605 5642 732 5713 366.
783 5642 865 5707 ἐκ
898 5660 1089 5713 Baron.
1123 5672 1209 5714 an.
1253 5658 1377 5726 sat,
1411 5658 1438 5729 β
1470 5642 1569 5724 82";
1598 5667 1653 5714 et
1679 5656 1855 5714 CliiiIl.

1974 5642 2093 5715 131'.
2172 5657 2231 5698 ιιι»
2260 5659 2385 5715 Aus.
2411 5676 2495 5729 ep.
2532 5660 2590 5714 si
2627 5668 2681 5713 ct
2707 5658 2797 5713 et.
