4020 6186
450 277 522 334 23
1478 272 1533 327 S.
1574 266 1917 325 PAULINUS
1953 264 2271 325 NOLANUS
2308 266 2692 323 EPISCOPUS.
3632 268 3703 324 25

452 412 582 453 num
611 408 858 465 magnam
888 390 1049 449 fuisse
1072 387 1295 460 gratiam
1322 394 1485 456 atque
1512 384 1854 440 autoritatem
1874 395 1943 437 ex
1960 394 2027 435 eo
2057 384 2104 440 Δ
2129 384 2373 452 graviora
2411 385 2615 440 scelera
2645 400 2751 440 non
2782 392 3004 453 arguant
3030 399 3132 440 nec
3160 384 3477 454 deprimant.
3506 382 3612 439 Sed
3639 400 3702 439 ea

453 496 668 545 constat
705 485 849 557 quod
893 499 1017 541 eum
1059 480 1304 538 docuerit
1363 486 1419 533 et
1462 475 1722 531 educarit.
1777 471 2029 527 Paulinus

455 588 484 619 ⁸
499 594 630 636 vero
666 580 900 634 honores
918 583 974 630 et
1015 571 1302 641 dignitates
1321 565 1560 622 Ausonio
1584 578 1644 619 se
1665 562 1862 619 debere
1887 560 2029 615 ultro

454 668 677 735 fatetur;
708 682 867 738 quem
895 666 920 704 δ
952 672 1008 719 et
1038 675 1269 725 amasse,
1297 666 1352 714 et
1392 656 1640 720 coluisse,
1667 661 1723 708 et
1749 651 1949 719 colere,
1976 656 2033 704 et

453 775 577 815 cum
603 774 711 827 quo
737 772 797 812 se
823 765 1025 811 aeterno
1053 753 1252 810 foedere
1276 750 1518 819 junctum
1547 752 1898 802 contestatur.

526 847 580 902 5.
611 847 720 901 Nec
746 845 920 900 solum
949 858 1069 898 cum
1107 840 1365 905 Ausonio,
1385 836 1479 892 sed
1507 844 1562 891 et
1592 845 1613 873 ο
1636 849 1757 890 eum
1792 829 2033 902 plurimis

455 938 510 991 in
540 936 725 991 seculo
749 934 982 990 amicitia
1005 931 1322 1000 coniunctus
1350 934 1451 993 est,
1476 927 1530 981 in
1557 939 1782 995 quorum
1810 935 2032 976 numero

455 1026 557 1081 fuit
585 1024 846 1096 imprimis
872 1022 1139 1092 Sulpicius
1171 1019 1424 1084 Severus,
1451 1016 1518 1073 de
1554 1031 1661 1087 quo
1690 1014 1816 1069 alibi
1844 1012 2030 1068 fusius.

457 1117 565 1173 ind
593 1116 792 1171 infideli
829 1115 915 1169 via
957 1112 1184 1169 ﬁdeliter
1209 1119 1265 1166 et
1298 1117 1485 1164 mutuo
1525 1122 1585 1162 se
1631 1105 1951 1168 dilexerant,
1979 1108 2035 1156 et

457 1216 568 1263 tam
590 1206 871 1276 religiosus
894 1211 1010 1259 erat
1037 1203 1312 1271 utriusque
1341 1214 1511 1265 arnor,
1540 1206 1601 1253 ut
1636 1195 1705 1251 ad
1737 1209 1925 1250 eorum
1948 1192 2043 1248 di—-

457 1298 746 1353 lectionem
797 1294 938 1350 nulla
985 1292 1144 1361 adjici
1188 1299 1371 1362 posset
1421 1288 1653 1351 affectio,
1695 1286 1797 1340 nisi
1842 1283 2037 1340 caritas

457 1387 678 1457 Christi,
701 1401 825 1457 qua:
849 1385 964 1441 sola
985 1397 1197 1438 omnem
1227 1396 1443 1438 sensum
1468 1380 1821 1445 afl‘ectumque
1846 1388 2035 1444 super-

458 1478 679 1535 eminet.
708 1477 767 1531 ln
796 1476 978 1532 seculo
1003 1474 1165 1529 etiam
1200 1484 1224 1512 ο
1247 1472 1502 1528 Sanctum
1531 1475 1754 1525 noverat
1787 1465 2038 1521 Paulinus

458 1584 525 1625 ac
560 1567 851 1631 dilexerat;
892 1573 947 1621 et
991 1579 1059 1620 ex
1099 1571 1228 1619 tunc
1264 1568 1602 1633 processerat
1633 1559 1749 1628 ejus
1771 1572 1889 1629 quae
1915 1571 2036 1613 cum

460 1657 613 1715 Jovio
644 1666 701 1713 et
727 1657 873 1727 Apro
900 1654 1186 1711 intervenit
1216 1650 1573 1709 necessitudo.

1079 1764 1303 1820 CAPUT
1341 1763 1430 1818 1V.

462 1857 733 1925 Quomodo
756 1860 809 1912 in
830 1859 1000 1912 secuto
1023 1863 1349 1925 convegsatus
1379 1852 1653 1906 Paulinus.
1692 1848 1866 1925 Variis
1888 1848 2035 1901 labo-

531 1930 673 1983 ribus
700 1937 748 1982 et
774 1928 1039 2003 (erumnis,
1067 1926 1144 2003 βλ
1165 1923 1357 1977 Felicis
1383 1937 1580 2003 quoque
1598 1928 1647 1974 et
1672 1919 1893 1973 aliarum
1914 1934 2036 1973 san-

528 2008 728 2052 ctorum
754 1995 989 2068 precibus
1009 1995 1078 2048 ad
1099 1993 1264 2047 Deum
1285 1993 1609 2047 conuertitur.

529 2110 589 2180 8
621 2107 673 2162 l.
701 2107 819 2162 Non
858 2106 1054 2161 mirum
1080 2104 1126 2158 si
1153 2103 1237 2158 vir
1262 2101 1397 2158 adeo
1419 2099 1696 2166 mirabilis,
1718 2108 1829 2155 tam
1856 2096 2037 2153 erudi-

460 2206 568 2264 tus,
594 2206 705 2252 tam
726 2196 895 2262 dives,
917 2202 999 2249 tot
1025 2192 1372 2262 dignitatibus
1407 2191 1723 2252 honoratus,
1747 2198 1856 2246 tam
1885 2201 2040 2256 egre-

463 2289 549 2357 gia
601 2286 780 2342 indole
825 2284 1106 2355 praeditus,
1152 2282 1480 2352 perindeque
1529 2279 1802 2344 amabilis,
1850 2286 1931 2335 tot
1976 2292 2041 2334 ac

463 2376 630 2432 tantis
672 2382 1059 2430 assectatorum
1108 2370 1278 2426 turbis
1319 2370 1605 2435 coleretur,
1646 2376 1855 2423 tantum
1899 2364 2040 2436 apud

465 2483 721 2542 proceres
746 2464 1179 2529 existimationis,
1218 2461 1362 2532 apud
1406 2459 1799 2517 multitudinem
1842 2458 2042 2513 favoris

465 2576 530 2616 ac
556 2559 777 2630 plausus
805 2555 1050 2612 haberet.
1078 2553 1205 2608 litae
1233 2553 1377 2609 enim
1401 2550 1420 2591 ί
1452 2550 1755 2622 prudentia,
1793 2548 1912 2605 haec
1948 2548 2044 2604 ho-

465 2660 646 2709 nestas
670 2661 903 2715 morum,
924 2645 1012 2699 illa
1041 2643 1240 2713 eloquii
1263 2650 1533 2707 venustas,
1562 2649 1618 2697 et
1643 2640 1889 2696 amicitiae
1909 2638 2041 2695 ﬁdes

466 2743 523 2798 in
543 2755 610 2798 eo
634 2739 796 2811 paulo
823 2723 947 2808 post
973 2735 1380 2792 conversionem
1416 2732 1654 2797 laudata,
1672 2730 1783 2801 jam
1804 2738 1928 2786 ante
1954 2730 2039 2790 in-

467 2841 640 2889 erant.
662 2830 787 2886 inde
816 2839 841 2878 κ
865 2827 1133 2884 Ausonius
1156 2825 1320 2881 animi
1347 2824 1487 2880 illius
1520 2822 1889 2879 celsitudinem
1925 2821 2042 2876 lau-

468 2926 560 2981 dat
604 2932 662 2981 et
696 2921 1093 2986 liberalitatem,
1138 2933 1246 2988 qua
1297 2916 1481 2972 mallet
1523 2915 1711 2971 amicis
1754 2910 2043 2984 gratilicari

468 3030 629 3086 quam
656 3013 815 3083 genio
842 3010 1120 3080 indulgere
1146 3024 1265 3073 suo,
1287 3016 1344 3064 et
1364 3009 1388 3045 ιι
1420 3008 1727 3064 inveteratae
1756 3020 1821 3061 ac
1844 3011 2044 3059 mutua:

2129 491 2247 546 qure
2272 474 2495 531 Paulino
2523 477 2615 531 lux
2641 476 2733 531 Dei
2761 476 3063 545 affulgebat,
3087 490 3191 546 qua
3211 484 3323 531 tam
3347 475 3620 530 humiliter
3638 476 3705 529 de

2131 582 2190 623 se
2211 567 2456 631 sentiret,
2486 567 2628 622 aliud
2657 566 2947 621 revelahat.
2979 565 3232 621 Seculum
3265 566 3543 632 dilexerat,
3575 566 3707 621 satis

2131 667 2249 714 erat
2286 658 2336 713 ei
2365 665 2424 711 ut
2451 672 2620 726 usque
2648 656 2715 712 ad
2744 658 2986 712 ultimum
3015 657 3137 711 vita:
3177 656 3422 726 spiritum
3451 656 3659 723 lugeret
3688 671 3702 707 :

2132 750 2277 817 quod
2303 747 2404 803 soli
2431 748 2543 802 Deo
2570 747 2807 803 debitum
2835 747 3130 802 tradiderat
3156 747 3391 813 diabolo,
3422 745 3574 814 cujus
3601 761 3710 799 ser-

2132 837 2355 892 vitutem
2396 836 2667 891 declinare
2707 851 2776 891 ex
2817 837 2994 907 seipso
3022 852 3130 892 non
3157 836 3390 891 valebat.
3422 835 3490 889 Et
3512 846 3539 885 ιι
3562 843 3707 890 tanta

2132 926 2358 983 fortunze
2384 926 2666 982 commoda
2712 934 2768 983 et
2804 927 3050 982 humana:
3092 926 3464 996 prosperitatis
3500 926 3708 980 blandi-

2134 1025 2336 1083 menta,
2366 1034 2473 1088 quo
2499 1018 2702 1087 majora
2728 1032 2793 1073 ac
2818 1017 2974 1087 plura
2998 1024 3171 1081 erant,
3200 1031 3267 1071 eo
3296 1015 3605 1070 fortioribus
3629 1022 3712 1069 at-

2135 1122 2241 1177 que
2264 1107 2623 1163 tenacioribus
2651 1108 2796 1162 illum
2837 1108 2939 1162 sibi
2980 1106 3285 1162 devinctum
3312 1106 3518 1161 catenis
3544 1105 3713 1161 seculi

2134 1200 2344 1254 vanitas
2370 1198 2660 1254 detinebat.
2710 1197 2834 1254 Ηωθ
2880 1206 3060 1252 tamen
3105 1197 3334 1262 vincula,
3371 1196 3587 1252 Christo
3622 1196 3714 1265 ju-

2136 1299 2317 1354 vante,
2349 1290 2606 1360 disrupit;
2638 1298 2693 1345 et
2718 1290 2840 1345 inde
2867 1288 3065 1345 Christi
3093 1290 3264 1359 gloria
3283 1297 3434 1344 tanto
3457 1288 3714 1344 illustrius

2138 1379 2512 1450 triumphavit,
2542 1380 2888 1449 ejusdemque
2923 1379 3004 1435 vis
3038 1379 3223 1449 gratia:
3248 1381 3523 1449 potentior
3546 1393 3716 1448 appa-

2136 1470 2265 1539 ruit,
2302 1485 2426 1525 cum
2472 1478 2653 1526 tantus
2698 1476 2916 1525 senator
2950 1469 3201 1524 universa
3241 1469 3331 1524 illa
3371 1482 3491 1538 qua:
3531 1468 3622 1522 alii
3656 1478 3717 1524 ut

2137 1576 2447 1631 supremum
2477 1561 2792 1632 spectabant
2816 1561 3037 1627 bonum,
3065 1576 3167 1631 pro
3195 1560 3518 1616 detrimento
3541 1559 3717 1628 duxit,

2138 1659 2195 1706 et
2221 1651 2508 1707 arbitratus
2534 1659 2616 1708 est
2650 1660 2711 1707 ut
2755 1659 3017 1720 stercora,
3045 1667 3152 1723 quo
3189 1649 3462 1707 Christum
3497 1650 3718 1707 lucrifa-

2066 1741 2112 1801 Β
2139 1748 2306 1797 ceret.

2207 1830 2262 1887 Ξ.
2292 1829 2428 1885 Cum
2456 1831 2705 1886 aerumnis
2730 1845 2871 1901 saepe
2888 1822 3039 1887 Deus
3064 1832 3237 1887 soleat
3264 1831 3450 1901 gratim
3475 1845 3584 1887 siue
3609 1829 3720 1886 effi-

2138 1924 2343 1979 caciam
2370 1932 2427 1979 et
2455 1924 2705 1979 virtutem
2733 1924 3008 1993 obtegere,
3049 1924 3132 1978 his
3160 1923 3348 1979 mediis
3375 1939 3503 1978 usus
3531 1930 3634 1991 est,
3662 1930 3719 1977 ut

2139 2012 2417 2069 Paulinum
2444 2014 2511 2068 ad
2538 2029 2597 2068 se
2623 2021 2981 2069 converteret.
3014 2012 3061 2069 ls
3084 2014 3248 2081 enim,
3277 2020 3337 2067 ut
3364 2012 3478 2082 ipse
3503 2022 3525 2050 τ
3552 2020 3720 2067 testa-

2138 2112 2245 2170 tur,
2281 2105 2334 2159 in
2368 2103 2642 2159 laboribus
2670 2115 2725 2157 et
2750 2104 2806 2173 9
2823 2104 3074 2158 arumnis
3104 2103 3201 2157 fuit
3224 2103 3534 2172 frequenter
3561 2117 3720 2157 exer-

2137 2193 2294 2248 citus.
2343 2190 2411 2247 Et
2443 2191 2601 2258 forte,
2631 2190 2889 2248 Gratiano
2928 2193 3035 2247 vita
3082 2192 3285 2260 functo,
3328 2193 3522 2249 multas
3562 2208 3721 2264 pere-

2138 2284 2470 2352 grinationes
2506 2282 2833 2353 suscipiendi
2870 2284 3163 2339 necessitas
3202 2285 3253 2340 ei
3290 2284 3411 2352 fuit,
3447 2292 3508 2339 ut
3540 2299 3721 2339 rerum

2139 2373 2550 2443 inquietantium
2577 2372 2836 2427 malitiam
2859 2373 3172 2440 declinaret,
3196 2376 3390 2445 quibus
3410 2384 3469 2431 ut
3490 2376 3718 2442 videtur,

2140 2478 2281 2519 anno
2308 2463 2414 2518 587
2440 2463 2507 2517 ad
2532 2462 2889 2519 Valentiniani
2918 2465 3095 2519 aulam
3125 2467 3382 2522 accedere
3411 2468 3721 2539 compulsus

2139 2563 2241 2617 est,
2263 2570 2384 2611 cum
2402 2554 2593 2626 Alypio
2614 2554 2774 2610 fuerit
2795 2571 2860 2611 eo
2882 2563 3125 2626 tempore
3145 2558 3407 2626 cognitus,
3429 2573 3535 2627 quo
3560 2566 3582 2594 ⁸
3611 2559 3722 2614 Με-

2138 2645 2339 2703 diolani
2378 2647 2645 2718 baptismo
2680 2647 2918 2704 initiatus
2946 2655 3028 2704 est
3068 2649 3307 2720 Alypius.
3338 2650 3538 2706 Fundis
3578 2653 3594 2687 ι
3630 2651 3722 2706 diu

2140 2747 2501 2795 commoratus
2535 2736 2635 2793 fuit
2671 2738 2946 2808 Paulinus,
2974 2739 3121 2810 quod
3150 2740 3405 2809 oppidum
3434 2742 3534 2797 sibi
3561 2741 3721 2796 fami-

2141 2834 2275 2888 liare
2294 2840 2349 2887 et
2370 2832 2614 2887 usitatius
2641 2832 2848 2887 habuit.
2870 2830 3026 2888 Curis
3052 2833 3217 2888 seculi
3239 2832 3415 2888 adhuc
3435 2834 3725 2903 implicitus

2141 2922 2363 2979 Vienna:
2394 2931 2420 2959 ιι
2453 2922 2550 2978 SS.
2595 2922 2880 2993 episcopos
2929 2922 3215 2979 Martinum
3262 2922 3626 2979 Turonensem
3669 2934 3723 2980 et

2141 3013 2452 3069 Victricium
2489 3013 2942 3082 Rotomageusem
2983 3014 3137 3069 vidit.
3189 3014 3426 3071 Labores
3469 3015 3666 3071 multos
3697 3027 3723 3051 ν

468 3107 774 3164 dilectionis
795 3105 1133 3169 suavitatem,
1166 3111 1221 3158 et
1247 3108 1629 3158 consummatae
1655 3098 1901 3154 amicitia:
1928 3110 2043 3167 spe-
2066 3103 2110 3166 c
2144 3112 2286 3160 terra
2333 3103 2574 3172 marique
2617 3110 2894 3172 expertus,
2931 3101 3137 3159 facilius
3164 3113 3189 3139 ι
3218 3104 3615 3173 procliviusque
3656 3105 3724 3160 ad

467 3199 645 3255 cimen
687 3197 743 3251 in
782 3210 850 3251 eo
891 3191 1255 3250 commendat.
1297 3190 1439 3245 Mitis
1473 3179 1622 3244 1fuit
1665 3197 1723 3244 et
1763 3188 2040 3255 benignus,

469 3290 633 3346 etiam
661 3302 782 3344 cum
808 3287 863 3341 in
890 3284 1140 3355 superbia
1165 3282 1328 3338 seculi
1359 3288 1679 3337 versaretur.
1710 3278 2044 3347 Singularem

471 3379 614 3435 hanc
636 3376 1025 3432 humanitatem
1067 3373 1515 3440 suavissimosque
1540 3384 1721 3424 mores
1746 3369 1952 3439 spirant
1979 3367 2044 3421 il-

473 3468 578 3523 lius
604 3466 865 3537 epistolae.
895 3464 967 3521 Se
995 3465 1049 3519 in
1076 3462 1258 3519 seculo
1284 3466 1297 3513 ι
1321 3463 1459 3518 bene
1482 3468 1746 3515 moratum
1773 3459 1840 3514 ab
1867 3458 2045 3513 homi-

475 3558 631 3615 nibus
656 3556 896 3613 habitum
925 3555 1148 3610 innuere
1172 3552 1401 3608 videtur.
1429 3550 1496 3605 Et
1530 3550 1742 3620 quidem
1770 3549 1814 3605 si
1843 3549 2046 3604 crimen

475 3647 693 3720 aliquod
721 3648 777 3703 in
804 3647 914 3701 vita
956 3644 1277 3709 admisisset,
1306 3656 1449 3713 saepe
1471 3641 1663 3711 saepius
1689 3639 1873 3708 lugens
1897 3654 2045 3694 com-

476 3745 831 3796 memorasset
851 3737 906 3792 in
929 3735 1143 3806 scriptis
1160 3734 1290 3800 suis,
1315 3734 1369 3788 in
1387 3732 1579 3801 quibus
1597 3738 1679 3786 tot
1704 3738 1916 3785 exstant
1933 3729 2050 3799 ejus

474 3829 790 3886 humilitatis
829 3833 1162 3897 argumenta.
1201 3823 1545 3881 Consumtam
1575 3822 1629 3877 in
1661 3821 1895 3892 peccatis
1914 3828 2048 3875 aeta-

476 3929 607 3984 tem,
624 3926 679 3975 et
703 3920 758 3974 in
781 3917 964 3974 seculo
991 3932 1050 3971 se
1075 3916 1373 3971 volutatum
1391 3913 1560 3980 dolet,
1580 3914 1633 3968 in
1658 3927 1765 3981 quo
1787 3912 1927 3967 inter
1945 3910 2048 3965 ini-

477 4010 665 4075 micos,
695 4016 755 4064 ut
774 4005 797 4045 ιε
821 4007 916 4075 ait,
947 4006 1355 4067 inveteraverat,
1382 4017 1447 4059 ac
1465 4003 1563 4057 sub
1590 4001 1607 4039 ι
1632 4017 1825 4070 magno
1845 4002 2051 4057 honore

477 4108 818 4172 peccatorem
845 4098 1113 4165 etiamque
1138 4100 1452 4150 veteranum
1491 4109 1551 4150 se
1584 4095 1637 4148 in
1678 4109 1899 4149 numero
1926 4109 2051 4164 pec-

478 4202 749 4261 catorum,
777 4190 831 4245 in
858 4198 898 4227 ω
920 4186 1168 4243 fluetibus
1192 4185 1436 4242 seculise
1462 4185 1627 4240 multa
1662 4184 1887 4240 subiisse
1913 4200 2049 4239 nau-

476 4283 647 4354 fragia
674 4295 895 4351 gemens
923 4279 1137 4344 fatetur,
1163 4286 1219 4333 et
1253 4276 1348 4333 Dei
1380 4276 1580 4347 judicia
1608 4283 1841 4332 tremens
1871 4276 2051 4332 formi-

477 4374 598 4439 dat;
620 4381 648 4409 ιι
672 4371 725 4426 in
754 4369 952 4425 inﬁdeli
979 4368 1066 4423 via
1085 4366 1405 4432 ambulasse,
1425 4375 1448 4402 ο
1472 4366 1658 4421 mortis
1677 4364 1869 4434 pabula
1889 4364 2052 4419 vixis-

2144 3201 2475 3252 contemtum
2501 3194 2684 3249 mundi
2709 3195 3127 3261 comitatumque
3154 3191 3375 3261 Christi,
3402 3193 3664 3248 subducto
3692 3209 3724 3248 a

2145 3284 2474 3341 secularibus
2499 3282 2669 3339 turbis
2697 3283 2877 3337 animo
2904 3281 3289 3351 prmceptisque
3317 3281 3623 3337 coelestibus
3642 3297 3725 3335 ae-

2145 3372 2504 3439 commodato,
2534 3373 2688 3442 quasi
2714 3371 2781 3427 de
2809 3369 3028 3426 ﬁnitima
3057 3372 3181 3427 huic
3209 3372 3485 3441 proposito
3515 3373 3599 3426 via
3628 3371 3723 3428 de-

2146 3464 2411 3531 migravit.
2454 3461 2719 3518 Pncterea
2758 3471 2788 3512 γ
2826 3477 3023 3531 corpus
3062 3461 3322 3517 infirmius
3364 3468 3419 3516 et
3450 3461 3726 3516 decoctior

2147 3570 2275 3610 caro
2321 3555 2604 3610 obterebat
2652 3553 2827 3608 studia
2880 3553 3233 3623 voluptatum.
3285 3553 3430 3608 Illius
3475 3569 3634 3620 uxor,
3670 3559 3727 3607 ut

2151 3657 2173 3683 ι
2204 3647 2446 3717 superius
2472 3646 2722 3713 diximus,
2752 3645 2821 3702 ad
2845 3646 3098 3717 pietatem
3129 3661 3251 3701 eum
3279 3646 3616 3702 hortabatur.

2217 3737 2271 3791 5.
2312 3735 2395 3790 Ad
2423 3737 2536 3791 haec
2562 3736 2729 3791 adfuit
2759 3735 2835 3790 illi
2872 3744 3202 3803 sanctorum,
3232 3751 3459 3805 quorum
3485 3750 3721 3790 consue-

2150 3828 2333 3884 tudine
2359 3827 2630 3893 utebatur,
2662 3826 2850 3897 ingens
2876 3843 3129 3882 numerus
3156 3845 3168 3880 :
3198 3828 3337 3882 inter
3362 3842 3497 3897 quos
3523 3826 3581 3882 S.
3609 3827 3729 3881 Am-

2149 3917 2358 3975 brosius
2386 3926 2467 3985 ⁸³,
2498 3916 2653 3987 cujus
2698 3916 2986 3972 dilectione
3011 3918 3077 3972 ad
3106 3915 3266 3971 ﬁdem
3298 3916 3529 3971 nutritus
3566 3923 3649 3969 cst
3675 3923 3731 3970 et

2150 4008 2313 4077 fotus,
2342 4023 2501 4078 quem
2529 4008 2910 4078 suspiciendum
2938 4015 3138 4078 patrem
3177 4015 3232 4062 et
3270 4007 3446 4062 omnis
3494 4005 3620 4060 boni
3649 4005 3733 4061 sui

2150 4100 2329 4155 meriti
2358 4108 2586 4154 autorem
2616 4098 2867 4169 appellat.
2898 4097 3030 4155 Cum
3070 4098 3126 4153 S.
3160 4096 3424 4168 Delphina
3456 4096 3732 4166 Burdega-

2151 4190 2285 4247 lensi
2305 4190 2574 4261 episcopo,
2602 4205 2633 4244 a
2653 4204 2760 4258 quo
2781 4189 3077 4259 Burdigalce
3094 4189 3393 4260 baptizatus
3412 4197 3513 4253 est,
3537 4196 3591 4243 et
3612 4204 3733 4242 cum

2153 4279 2320 4350 ipsius
2342 4278 2589 4349 Delphini
2640 4294 2954 4334 successore
2998 4276 3055 4334 S.
3087 4278 3348 4342 Amando,
3380 4293 3409 4332 a
3437 4293 3544 4348 quo
3592 4277 3735 4331 salu-

2152 4370 2338 4425 bribus
2363 4369 2636 4438 religionis
2664 4367 2978 4424 Christianae
3022 4368 3314 4438 disciplinis
3358 4367 3531 4422 fuerat
3568 4366 3736 4421 infor-

477 4483 559 4535 se,
589 4472 645 4522 et
677 4465 841 4521 stulta
873 4462 986 4520 Deo
1015 4462 1253 4532 sapuisse
1281 4461 1501 4531 ingemit
1519 4467 1575 4514 et
1593 4473 1660 4513 ex
1682 4457 1767 4513 bis
1795 4456 2043 4527 grandem

2157 4469 2352 4530 matus,
2376 4462 2551 4518 adhuc
2580 4461 2633 4517 in
2662 4460 2846 4517 seculo
2874 4474 3038 4529 agens
3062 4460 3321 4529 singulari
3351 4459 3584 4515 amicitia
3607 4458 3737 4526 jun-

477 4565 662 4629 captat
698 4555 1009 4612 humilitatis
1054 4552 1349 4609 materiam.
1388 4548 1673 4604 Veteranus
1701 4557 1747 4614 ι’,
1779 4546 1968 4616 inquit,
1998 4547 2051 4600 in

478 4663 689 4702 numero
716 4653 1061 4716 peccatorum,
1085 4641 1393 4711 sapientiam
1419 4638 1597 4694 mundi
1624 4638 1777 4692 miser
1799 4637 2054 4707 hucusque

478 4738 697 4793 miratus
716 4754 851 4803 sum,
870 4742 921 4790 et
940 4751 1032 4807 per
1049 4732 1255 4788 mutiles
1277 4732 1475 4787 litteras
1495 4727 1915 4799 reprobatamque
1934 4743 2057 4798 pru-

479 4829 709 4884 dentiam
755 4827 866 4882 Deo
911 4824 1096 4881 stultus
1136 4833 1187 4879 et
1229 4831 1398 4876 mutus
1444 4821 1539 4892 fui.
1581 4819 1651 4874 At
1678 4817 1808 4873 nihil
1839 4818 2058 4874 sceleris

479 4917 799 4975 nominatim
835 4915 1098 4985 designat.
1130 4912 1318 4983 Itaque
1346 4911 1492 4967 illum
1518 4910 1571 4964 in
1593 4909 1775 4965 seculo
1800 4923 1919 4964 eam
1947 4915 2058 4964 tra-

478 5009 696 5065 duxisse
723 5009 887 5064 vitam
911 5007 1131 5064 credere
1158 5021 1253 5078 par
1273 5011 1374 5070 est,
1402 5018 1509 5072 qua
1536 5002 1722 5061 vivunt
1747 5009 1829 5058 tot
1854 5010 2056 5057 morta-

478 5098 579 5164 ies,
603 5100 696 5169 qui
726 5097 1218 5170 irreprehensibiles
1243 5109 1363 5151 sese
1391 5093 1779 5161 existimantes,
1799 5092 1868 5148 de
1886 5094 2057 5150 salute

478 5190 697 5261 quidem
741 5206 838 5246 sua
876 5189 1095 5245 minime
1120 5186 1387 5254 dubitant,
1410 5182 1556 5255 quod
1583 5197 1678 5240 eos
1703 5183 1975 5239 sensibilia
2001 5193 2057 5242 et

552 5332 580 5361 ι
610 5321 818 5376 Paulin.
848 5319 1109 5386 c...m.10,
1138 5335 1192 5373 v.
1223 5316 1277 5371 9.
1351 5314 1378 5355 ι)
1407 5314 1588 5386 Carm.
1621 5313 1709 5386 11.

485 5394 507 5435 ί
533 5393 751 5449 Hieron.
774 5389 1018 5460 ιδῃ-105.
1090 5383 1116 5436 ἐς
1138 5389 1338 5460 Auson.
1395 5384 1597 5460 (ξιξ-21.
1654 5383 1702 5460 -ιι
1724 5383 1923 5460 Auso__n.
1957 5402 2042 5460 ep.

2158 4564 2279 4612 ctus
2296 4563 2414 4611 erat
2437 4552 2709 4620 Paulinus,
2734 4559 2793 4607 ut
2809 4567 2879 4607 ex
2895 4552 3011 4607 aliis
3033 4551 3256 4622 patebit.
3286 4550 3343 4606 S.
3367 4551 3649 4605 Martinam
3678 4548 3739 4588 ιιιι

2159 4644 2363 4698 beatum
2391 4652 2590 4710 patrem
2618 4643 2888 4705 nominat,
2913 4649 2969 4697 et
3003 4641 3200 4711 ubique
3238 4642 3305 4713 de
3342 4655 3408 4696 eo
3447 4637 3740 4694 honorifice

2158 4734 2391 4804 scripsit,
2437 4742 2494 4789 et
2538 4748 2776 4789 summos
2819 4732 2994 4787 eidem
3039 4731 3228 4787 detulit
3268 4731 3539 4786 honores:
3572 4744 3603 4782 a
3631 4743 3741 4797 quo

2163 4834 2219 4865 σε
2249 4839 2309 4880 se
2338 4832 2574 4879 amatum
2603 4830 2990 4879 commemorat
3030 4830 3086 4878 et
3114 4823 3341 4877 lmtatur.
3384 4819 3453 4874 Et
3496 4818 3742 4889 profecto

2162 4917 2443 4973 Paulinum
2488 4917 2745 4988 singulari
2782 4916 3131 4972 veneratione
3178 4931 3303 4971 eum
3350 4914 3603 4986 prosequi
3643 4929 3743 4984 par

2159 5016 2308 5074 erat;
2340 5023 2461 5063 cum
2491 5006 2634 5063 enim
2654 5003 2710 5043 αδ
2733 5005 2892 5061 oculo
2912 5004 3145 5073 graviter
3170 5004 3379 5060 doleret
3397 5003 3670 5068 Paulinus,
3688 5007 3743 5055 et

2154 5099 2266 5169 jam
2295 5098 2549 5170 pupillam
2572 5096 2689 5165 ejus
2707 5095 2940 5152 crassior
2959 5094 3128 5150 nubes
3155 5093 3477 5164 superducta
3499 5092 3739 5155 texisset,

2160 5190 2375 5247 oculum
2404 5190 2453 5245 ei
2482 5188 2740 5243 Martinus
2766 5186 3015 5257 peniculo
3056 5186 3314 5255 contigit,
3357 5186 3743 5257 pristinamquc

1785 5324 1807 5353 ε
1840 5312 2043 5372 Paulin.

2149 5363 2163 5376 .
2196 5320 2282 5386 11,
2313 5339 2367 5389 n.
2402 5321 2435 5374 5
2461 5330 2515 5376 et
2539 5336 2594 5374 n.
2629 5320 2678 5374 1.
2734 5319 2779 5389 id
2809 5319 2966 5387 Ibid.,
3012 5336 3067 5375 n.
3118 5320 3173 5375 5.
3250 5331 3274 5359 ο
3309 5319 3407 5389 Ep.
3453 5318 3540 5385 40,
3583 5316 3737 5389 n._2.

2148 5432 2162 5446 .
2246 5392 2261 5431 ί
2301 5386 2461 5447 Uran.
2487 5391 2514 5515 ξ
2544 5390 2595 5444 5.
2674 5392 2689 5441 i
2731 5385 3132 5446 Paulin.-carm.
3175 5389 3265 5456 10,
3298 5385 3505 5444 νί155.
3583 5387 3605 5423 ¹π
3636 5385 3737 5454 Ep.

2158 5461 2212 5515 4.
2288 5471 2315 5499 ιι
2343 5460 2443 5515 Ευ.
2522 5461 2574 5515 1.
2599 5478 2653 5514 n.
2709 5458 2758 5514 5.
2839 5469 2864 5497 ο
2894 5460 3071 5515 Carm.
3105 5461 3189 5515 10.
3214 5477 3266 5515 v.
3298 5459 3419 5515 155,
3494 5470 3521 5508 P
3549 5457 3646 5515 Et).
3677 5456 3737 5515 ἀ.

480 5463 570 5527 ιο,
602 5478 657 5517 ιι.
687 5461 771 5531 6.~
811 5453 965 5531 'liEp.
988 5459 1047 5531 ﬁ,
1080 5456 1216 5531 n._2,
1241 5465 1304 5531 et
1329 5453 1621 5531 ep.'2_7,mn.
1654 5453 1753 5531 5.“
1784 5454 1945 5531 m__Ep.
1976 5453 2028 5520 4,

2158 5461 2212 5516 4.
2288 5471 2315 5499 ιι
2343 5460 2443 5531 Ep.

2522 5461 2574 5525 1,
2599 5478 2653 5514 n.
2709 5458 2758 5514 5.
2839 5469 2864 5497 ο
2894 5460 3071 5515 Carm.
3105 5461 3189 5523 10,
3214 5477 3266 5515 v.
3298 5459 3419 5515 155,
3494 5470 3521 5508 P
3549 5456 3738 5527 Eli-,4.

480 5550 535 5588 ιι.
557 5522 617 5586 ’2.
694 5541 720 5580 (ι
742 5522 957 5585 Sachin.
987 5528 1095 5582 Vit.
1126 5522 1438 5610 Paulin.,p
1470 5523 1593 5578 660.
1670 5533 1691 5561 τ
1716 5522 1921 5604 Paulin.
1954 5542 2038 5596 cp.

481 5621 535 5655 ιι.
568 5602 619 5655 9.
697 5611 724 5638 ν
746 5600 924 5656 Carm.
958 5598 1042 5659 15,
1070 5614 1121 5651 v.
1148 5596 1230 5649 10.
1310 5605 1334 5631 ³
1361 5594 1459 5664 Ep.
1492 5591 1702 5664 5.11.4.
1778 5603 1804 5642 γ
1832 5592 1965 5650 lbtd.

2144 5575 2149 5594 ,
2182 5548 2234 5586 ιι.
2267 5531 2318 5584 4.
2391 5522 2422 5569 ’⁸
2464 5522 2570 5602 Ep.
2605 5531 2657 5596 5,
2689 5547 2743 5585 n.
2770 5531 2822 5584 4.
2900 5533 2918 5566 ι
2962 5530 3062 5600 Ep.
3087 5522 3183 5596 5‘2,
3208 5546 3261 5583 n.
3294 5530 3379 5585 17.
3453 5540 3481 5567 ιι
3520 5522 3617 5599 Ερζ
3652 5526 3736 5589 18,

2144 5618 2229 5664 ap.
2259 5603 2311 5664 5,
2333 5618 2385 5657 n.
2415 5601 2465 5657 1.
2543 5609 2599 5639 οι
2618 5599 2717 5664 Ep.
2740 5600 2794 5664 5,
2817 5616 2873 5656 n.
2904 5599 2955 5655 4.
3033 5599 3091 5639 ινδ
3117 5599 3211 5664 Ep.
3237 5599 3396 5664 f8,n.
3420 5602 3472 5656 9.
3552 5611 3603 5640 ιε
3634 5595 3734 5664 Ep.

481 5621 535 5655 ιι.
568 5602 619 5655 9.
697 5600 924 5656 'Carm.
958 5598 1042 5659 15,
1070 5614 1121 5651 v.
1148 5596 1230 5649 10.
1310 5605 1334 5631 ³
1361 5594 1401 5650 Ε

484 5670 571 5737 5:2,
603 5688 653 5726 v.
687 5672 775 5728 55.
851 5667 906 5709 ἀά
937 5668 1138 5738 Sulpic.
1169 5665 1275 5721 Vit.
1308 5662 1460 5720 Mart.
1503 5679 1548 5719 ς.
1582 5662 1665 5716 2L

1446 5635 1459 5648 .
1492 5591 1702 5674 5,1134.
1778 5603 1804 5642 γ
1832 5592 1965 5650 Ibid.
1988 5591 2004 5596 ’

2144 5591 2229 5674 ap.
2259 5603 2311 5671 5,
2333 5618 2385 5657 n.
2415 5601 2465 5657 1.
2509 5591 2524 5602 ’
2543 5609 2599 5639 οι
2618 5591 2717 5673 Ep.
2740 5600 2794 5667 5,
2817 5616 2873 5656 η.
2904 5599 2955 5655 4.
3010 5591 3091 5639 ἰνδ
3117 5591 3211 5672 Ep.
3237 5599 3323 5669 18,
3343 5616 3396 5655 n.
3420 5602 3472 5656 9.
3552 5591 3603 5640 ε’(
3634 5595 3734 5666 Ep.
