4066 6192
376 248 445 305 25
1756 240 2274 305 PROLEGOMENA.
3562 259 3634 312 ω

372 360 446 415 illi
486 358 799 425 sanitatem,
828 358 1040 412 sublato
1085 358 1231 413 omni
1260 358 1464 416 dolore.
1497 359 1750 414 restituit.
1777 357 1956 412 Evan-
1984 362 2034 418 A
2061 361 2155 416 lini
2179 376 2422 418 secessus
2449 362 2504 416 in
2542 361 2794 432 Hispania
2821 365 3108 435 contigisse
3129 368 3359 440 videtur,
3382 370 3471 429 ubi
3501 386 3634 440 qua-

368 449 552 516 geliae
594 448 925 517 paupertatis
973 457 1079 502 tam
1126 448 1330 504 illustre
1369 450 1673 518 exemplum
1718 449 1952 505 nondum

368 538 591 594 dederat
638 537 926 603 Paulinus,
956 539 1097 606 quod
1133 553 1253 593 cum
1306 541 1610 595 reseivisset
1638 550 1665 578 ⁸
1696 540 1954 596 Martinus

369 638 653 699 tantopere
680 629 1096 685 commendavit.
1134 629 1228 685 Ubi
1260 640 1521 687 terrarum
1561 633 1688 687 illud
1718 634 1949 688 miracu-

369 722 475 775 lum
505 721 767 784 evenerit,
800 737 906 775 non
935 730 1266 790 compertum
1292 731 1393 778 est.
1426 723 1644 778 Vienna:
1669 724 1951 779 Martinu‘m

368 820 423 865 et
450 810 766 865 Victricium
802 811 1003 866 vidisse
1035 811 1312 867 Paulinum
1341 813 1549 868 abunde
1582 822 1815 881 constat,
1838 820 1893 867 et
1922 812 1950 851 ι)

366 902 613 969 superius
637 901 1139 956 demonstravimus.
1176 900 1293 956 Jam
1320 911 1445 958 tunc
1472 919 1539 958 ex
1568 904 1951 973 gloriosissimo

374 1002 397 1029 ε
428 988 752 1045 Confessore
800 991 1083 1060 episcopus
1126 990 1301 1046 fuerat
1346 992 1565 1049 ellectus
1620 993 1947 1049 Victricius:

369 1089 703 1149 quapropter
729 1081 995 1147 gaudebat
1022 1080 1276 1136 Paulinus
1303 1083 1445 1152 quod
1486 1083 1588 1138 hoc
1618 1085 1806 1139 saltem
1835 1086 1953 1153 glo-

367 1170 495 1224 riari
524 1170 629 1224 sibi
660 1171 868 1235 liceret,
897 1172 1018 1239 quia
1050 1171 1239 1226 faciem
1268 1172 1408 1227 illius
1431 1172 1483 1226 in
1512 1189 1673 1228 carne
1703 1174 1948 1242 vidisset;

368 1262 584 1316 aliunde
610 1277 743 1317 vero
790 1263 1005 1332 lugebat
1031 1262 1356 1319 infelicitatis
1396 1278 1505 1319 sum
1548 1266 1947 1335 negligentiam,

367 1353 509 1422 quod
532 1355 877 1408 occasionem
907 1355 1039 1409 tanti
1063 1354 1191 1409 boni
1220 1355 1435 1423 ignarus
1457 1356 1741 1425 amisisset,
1770 1365 1954 1414 conte-

369 1445 721 1499 nebrantibus
749 1460 894 1511 eum,
944 1453 1003 1500 ut
1032 1446 1136 1512 ait,
1185 1446 1278 1502 illo
1326 1455 1570 1517 tempore
1622 1465 1729 1504 non
1774 1450 1949 1506 solum

367 1534 609 1603 peccatis
653 1534 850 1602 quibus
895 1535 1258 1604 premebatur,
1302 1536 1399 1591 sed
1439 1544 1495 1592 et
1536 1539 1680 1594 curis
1728 1540 1943 1596 seculi:

367 1633 568 1692 quanta
600 1631 777 1678 tamen
821 1624 973 1680 licuit
1020 1624 1175 1694 copia
1203 1639 1327 1680 eum
1354 1635 1642 1683 veneratus
1680 1636 1785 1698 est,
1813 1636 1869 1685 et
1888 1645 1948 1686 se

366 1727 428 1768 ac
446 1728 577 1766 suos
604 1713 657 1766 in
678 1721 938 1767 aeternum
960 1715 1206 1783 precibus
1229 1713 1344 1782 ejus
1366 1717 1777 1774 commendavit.

436 1800 489 1853 4.
532 1803 603 1855 At
620 1802 943 1872 przecipuum
972 1803 1158 1859 habuit
1184 1816 1466 1874 patronum
1494 1806 1553 1862 S.
1582 1808 1815 1865 Felicem
1836 1810 1947 1868 No-

365 1891 501 1945 lanae
546 1892 799 1947 Eeclesize
844 1894 1235 1965 presbyterum,
1286 1897 1377 1967 qui
1429 1901 1757 1970 temporibus
1801 1902 1949 1960 Decii

366 1985 605 2053 glorioso
633 1984 958 2041 confessoris
987 1987 1141 2043 titulo
1170 1988 1388 2044 illustris
1410 1989 1649 2059 effectus,
1673 1994 1843 2049 multo
1880 1995 1948 2049 il-

367 2075 589 2130 lustrior
617 2085 737 2135 erat
764 2078 1055 2146 miraculis,
1094 2092 1213 2148 qua:
1259 2080 1326 2135 ad
1371 2080 1488 2151 ejus
1527 2084 1785 2138 tumulum
1825 2100 1947 2141 cre-

365 2164 598 2221 berrime
628 2166 846 2232 fiebant,
878 2176 934 2222 et
960 2168 1111 2237 cujus
1131 2184 1327 2225 nomen
1356 2171 1409 2224 in
1432 2170 1668 2227 Ecclesia
1691 2174 1949 2230 latissime

366 2257 778 2312 celebrabatur:
812 2273 911 2314 nec
930 2267 1109 2315 tamen
1130 2260 1291 2315 hodie
1317 2261 1417 2317 nisi
1438 2276 1507 2317 ex
1529 2262 1694 2332 ipsius
1722 2262 1779 2319 S.
1810 2265 1950 2322 Pau-

366 2347 457 2400 lini
487 2348 704 2417 scriptis
729 2350 1032 2404 innoteseit.
1074 2347 1102 2387 τι
1131 2348 1361 2419 Hujusce
1396 2353 1566 2407 sancti
1594 2353 1815 2410 servitio
1836 2355 1947 2423 jam

367 2455 395 2493 a
427 2442 616 2509 primis
638 2442 793 2496 annis
814 2457 873 2496 se
915 2457 946 2496 a
976 2441 1191 2497 Christo
1218 2444 1581 2513 mancipatum
1615 2446 1744 2501 dicit
1771 2445 1950 2501 Pauli-

367 2545 465 2585 nus
498 2550 510 2583 :
546 2532 689 2586 unde
711 2532 1034 2601 conjectum
1062 2533 1213 2589 locus
1239 2544 1322 2589 est
1343 2536 1488 2591 illum
1515 2544 1715 2593 extunc
1736 2537 1950 2596 Christo

365 2636 565 2675 nomen
620 2621 853 2687 dedisse,
903 2622 956 2677 id
995 2632 1079 2678 est
1120 2625 1188 2679 ab
1218 2624 1463 2695 infantia,
1506 2629 1550 2683 si
1596 2629 1678 2682 his
1704 2631 1950 2700 vocibus,

368 2713 549 2782 primis
579 2712 644 2765 ab
674 2714 845 2780 annis,
879 2713 929 2768 id
978 2715 1149 2769 voluit
1176 2715 1479 2786 designare.
1528 2716 1682 2785 Quod
1708 2720 1950 2790 profecto

368 2817 471 2856 non
502 2818 532 2856 a
566 2804 797 2858 veritate
825 2804 1057 2860 alienum
1094 2807 1213 2875 quis
1240 2808 1342 2877 lo
1369 2808 1740 2878 suspicabitur,
1764 2812 1810 2866 si
1838 2811 1953 2880 ejus

370 2902 393 2930 ο
416 2902 673 2962 parentes
700 2894 1033 2950 Christianos
1062 2896 1223 2952 luisse
1246 2898 1550 2953 meminerit
1575 2918 1587 2953 :
1617 2914 1753 2969 quos
1780 2901 1835 2955 in
1860 2917 1952 2956 ca-

370 2985 815 3039 techumenorum
843 3001 1065 3041 numero
1094 2987 1328 3042 adscribi
1360 2986 1637 3044 Paulinum
1658 2993 1951 3061 curavisse,

2055 460 2179 507 tuor
2200 452 2389 506 saltem
2419 467 2589 508 annos
2617 455 2875 524 transegit
2900 453 2919 493 ι
2944 471 3113 524 usque
3140 458 3207 512 ad
3242 475 3467 516 vernum
3496 470 3630 517 tem-

2051 558 2152 613 pus
2174 542 2299 596 anni
2329 541 2435 597 594
2455 543 2639 612 sicque
2660 543 2783 597 illuc
2802 546 3093 600 accessisse
3106 563 3247 603 anno
3267 548 3373 605 589
3384 558 3477 606 aut
3502 550 3627 605 390.

2122 632 2177 686 2.
2218 632 2504 702 Hucusque
2532 633 2599 687 de
2628 632 2835 688 Paulini
2864 635 3130 705 baptismo
3166 638 3365 693 nullam
3409 639 3629 695 fecimus

2052 723 2401 787 mentionem,
2433 723 2559 791 quia
2589 724 2718 776 nihil
2740 724 2808 778 de
2835 725 2976 779 illius
3002 733 3162 781 aetate
3187 735 3416 782 constat.
3449 729 3491 782 A
3515 730 3630 783 Del-

2052 812 2218 881 phiuo
2242 822 2277 848 ιη
2308 812 2688 881 Burdegalensi
2710 814 2964 883 episcopo
2991 815 3259 885 baptismo
3285 816 3521 872 initiatus
3548 826 3629 872 est

2052 904 2376 974 Burdigalte;
2424 919 2525 960 nec
2550 905 2886 961 solummodo
2914 906 3100 962 salutis
3144 916 3533 963 sacramentum
3563 911 3630 964 ab

2052 1012 2118 1052 eo
2145 1012 2204 1051 se
2232 998 2500 1066 recepisse
2529 997 2764 1052 insinuat
2800 1007 2826 1033 ιι
2862 996 3137 1067 Paulinus,
3175 998 3271 1054 sed
3299 1008 3354 1053 et
3373 1001 3559 1069 patris,
3580 1011 3630 1053 et
3685 1022 3693 1031 -

2051 1086 2218 1153 Petri,
2248 1096 2305 1143 et
2330 1088 2613 1157 piscatoris
2636 1103 2860 1143 munere
2880 1087 3119 1144 functum
3146 1088 3463 1158 Delphinum
3490 1101 3628 1159 pra:-

2050 1179 2211 1243 dicat,
2247 1188 2272 1216 °
2319 1180 2405 1250 qui
2427 1180 2625 1232 miserit
2647 1179 2873 1242 hamum,
2900 1188 2955 1234 ut
2976 1181 3041 1234 de
3066 1181 3340 1252 profundis
3359 1192 3408 1235 et
3435 1183 3628 1236 amaris

2052 1269 2203 1339 hujus
2227 1270 2382 1323 seculi
2418 1268 2654 1337 ﬂuctibus
2678 1270 2844 1339 ipsum
2870 1270 3193 1339 extraheret,
3221 1280 3277 1325 ut
3296 1280 3511 1341 captura
3538 1288 3629 1325 sa-

2050 1358 2172 1412 lutis
2195 1359 2508 1428 efﬁceretur;
2548 1368 2597 1411 et
2637 1359 2719 1411 cui
2757 1358 2970 1424 vivebat,
3019 1369 3219 1415 natura:
3244 1369 3543 1427 moreretur,
3573 1368 3629 1414 ut

2049 1452 2131 1505 cui
2157 1460 2386 1504 mortuus
2415 1459 2544 1514 erat,
2566 1451 2751 1504 viveret
2779 1449 3024 1512 Domino.
3056 1450 3182 1507 Ilarc
3217 1452 3435 1521 quidem
3462 1453 3627 1507 verba

2050 1540 2328 1596 Paulinum
2359 1557 2481 1596 cum
2508 1548 2848 1596 sacramento
2875 1541 3131 1611 Baptismi
3156 1542 3327 1609 gratia
3360 1550 3417 1597 et
3435 1540 3628 1598 effectu

2049 1630 2304 1686 donatum
2330 1630 2461 1687 satis
2501 1638 2687 1701 aperte
2714 1630 2970 1695 indicant,
3012 1638 3068 1686 et
3093 1632 3192 1686 sub
3219 1631 3385 1699 idem,
3407 1644 3513 1700 quo
3541 1646 3627 1685 res

1972 1720 2019 1781 B
2044 1729 2202 1777 natus
2236 1729 2337 1786 est,
2376 1730 2586 1790 tempus
2632 1734 2755 1775 eum
2806 1719 2987 1775 seculo
3034 1720 3396 1785 renuntiasse;
3444 1719 3627 1788 sicque

2050 1814 2213 1885 paulo
2242 1821 2368 1868 ante
2397 1827 2668 1868 secessum
2698 1812 2750 1865 in
2784 1810 3091 1882 Hispaniam
3116 1826 3215 1883 per
3240 1812 3428 1867 vitales
3455 1812 3628 1866 undas

2047 1912 2295 1960 renatum
2348 1903 2637 1959 admodum
2666 1902 2943 1972 probabile
2971 1910 3072 1957 est.
3104 1901 3173 1956 At
3199 1902 3244 1956 si
3292 1901 3471 1958 omnia
3500 1917 3627 1972 pec-

2048 2003 2169 2050 cata
2199 2010 2295 2049 sua
2340 1995 2393 2048 in
2445 1993 2720 2063 Baptismo
2773 1992 3027 2061 absorpta
3077 1991 3423 2058 credidisset,
3451 2005 3548 2048 cur
3572 1992 3626 2046 in

2047 2085 2261 2153 scriptis
2306 2085 2417 2139 suis
2444 2092 2554 2139 tam
2583 2097 2725 2152 smpe
2777 2081 2845 2135 de
2885 2083 3125 2151 peccatis
3162 2090 3219 2137 et
3262 2084 3532 2151 praeterita
3573 2083 3627 2140 in

2047 2175 2232 2231 seculo
2271 2176 2376 2229 vita
2405 2189 2708 2231 sermonem
2732 2176 2990 2233 haberet?
3014 2173 3149 2229 Cum
3183 2182 3362 2229 autem
3391 2182 3627 2228 mutato-

2047 2280 2166 2320 rum
2207 2264 2259 2318 in
2308 2263 2498 2319 lnelius
2536 2277 2746 2320 morum
2793 2267 3028 2333 rationes
3068 2264 3307 2321 Ausonio
3355 2264 3627 2334 expendit,

2046 2355 2331 2410 sanctioris
2358 2355 2477 2409 vitae
2512 2355 2813 2410 institutum
2860 2355 3127 2423 baptismo
3153 2370 3261 2408 non
3310 2353 3514 2407 tribuit.
3545 2352 3627 2407 ld-

2048 2444 2192 2500 circo
2218 2456 2245 2495 P
2275 2444 2568 2500 Chilﬂetius
2599 2461 2721 2500 eum
2746 2445 2855 2513 jam
2884 2445 3061 2499 divina
3092 2445 3365 2499 ablutione
3397 2454 3627 2498 renoVa-

2049 2541 2162 2589 tum
2186 2535 2338 2604 ponit
2365 2551 2507 2590 anno
2537 2535 2640 2590 579
2662 2550 2759 2589 seu
2788 2535 2914 2602 580,
2946 2551 3065 2590 cum
3094 2534 3151 2589 S.
3182 2535 3346 2590 Felici
3367 2548 3429 2589 se
3457 2540 3628 2589 totum

2049 2625 2266 2682 dicavit.
2298 2627 2406 2683 Nec
2431 2629 2550 2696 qdis
2602 2628 2821 2697 objiciat
2865 2629 2968 2683 hoc
3001 2628 3179 2698 posito
3202 2636 3422 2698 peccata
3452 2643 3482 2681 a
3528 2627 3627 2681 Ba-

2049 2718 2246 2789 ptismo
2266 2728 2514 2789 suscepto
2528 2720 2758 2775 admissa
2781 2721 2927 2774 illu'm
2945 2736 2973 2773 a
2988 2721 3388 2792 presbyteratus
3407 2736 3501 2775 seu
3525 2720 3628 2788 epi-

2050 2817 2303 2879 scopatus
2331 2810 2497 2878 gradu
2527 2811 2820 2866 reddidisse
2862 2811 3114 2876 alienum,
3147 2810 3409 2880 siquidem
3451 2810 3627 2878 aliqua

2052 2916 2176 2956 eum
2200 2900 2463 2955 canonica
2485 2900 2640 2970 culpa
2672 2902 2936 2962 irretitum
2978 2902 3161 2956 nullibi
3190 2902 3428 2971 reperire
3449 2910 3552 2967 est,
3576 2909 3629 2955 et

2052 2990 2425 3060 quadriennali
2452 3006 2666 3047 secessu
2696 2999 2751 3045 et
2793 2992 3055 3045 bonorum
3084 2992 3419 3045 abdicatione
3452 2990 3629 3059 profa-

368 3076 593 3130 omnino
622 3077 900 3145 probabile
927 3085 1030 3133 est.
1060 3076 1252 3134 Posset
1289 3087 1467 3133 tamen
1498 3090 1553 3135 et
1591 3082 1659 3136 ad
1706 3083 1837 3138 illud
1864 3098 1950 3138 re-
1975 3073 2020 3135 C
2052 3098 2177 3138 nam
2214 3091 2271 3137 et
2309 3081 2604 3138 secularem
2628 3082 2794 3136 vitam
2838 3096 2958 3135 eum
2988 3081 3162 3150 piasse
3209 3094 3367 3134 nemo
3396 3080 3627 3147 negabit.

368 3165 491 3219 ferri
520 3166 672 3235 quod
697 3166 843 3232 dicit,
889 3182 1259 3237 nempe'anno
1299 3168 1447 3223 594(
1481 3179 1608 3227 ante
1646 3173 1951 3240 quindecim

371 3273 564 3322 annos,
596 3256 649 3310 id
680 3266 764 3313 est
792 3259 933 3314 circa
963 3261 1275 3329 vigesimum
1321 3263 1606 3332 septimum
1648 3266 1825 3321 anatis
1853 3281 1956 3320 an-

369 3364 519 3414 num,
550 3346 753 3403 Christi
782 3356 960 3404 autem
999 3344 1135 3418 379,
1168 3368 1291 3407 cum
1338 3353 1527 3408 Nolam
1581 3355 1649 3410 ad
1692 3357 1953 3411 tumulum

371 3437 425 3491 S.
458 3438 657 3493 Felicis
686 3441 1027 3508 accessisset,
1070 3457 1130 3497 se
1158 3442 1212 3497 in
1238 3444 1485 3500 omnibus
1531 3451 1675 3501 terra
1714 3446 1955 3516 marique

371 3529 620 3582 toleratis
641 3529 936 3598 laboribus,
959 3547 1054 3586 eor
1077 3541 1134 3588 et
1154 3541 1279 3588 vota
1300 3534 1593 3602 dicavisse;
1616 3544 1672 3590 at
1693 3551 1955 3604 nusquam

373 3631 470 3687 per
498 3618 551 3673 id
576 3628 787 3689 tempus
826 3630 850 3668 ε
882 3620 1104 3679 Paulino
1148 3624 1298 3679 licuit
1326 3624 1466 3681 illius
1491 3627 1660 3681 sancti
1682 3627 1956 3682 celebrare

375 3706 522 3764 Nolae
548 3709 743 3765 festum
772 3712 913 3768 diem
944 3712 1010 3765 14
1037 3712 1296 3783 Januarii,
1326 3724 1382 3771 et
1407 3716 1495 3787 pia
1524 3731 1705 3771 coram
1734 3716 1957 3771 reddere

380 3809 501 3854 vota
537 3802 632 3857 :in
672 3818 802 3872 agro
829 3805 970 3859 enim
1000 3801 1029 3842 ιι
1056 3804 1124 3860 ad
1172 3807 1491 3875 quingentos
1540 3808 1608 3861 ab
1647 3807 1780 3863 urbe
1821 3807 1953 3862 Nola

380 3905 568 3961 passus
617 3908 736 3949 ossa
765 3893 911 3950 beati
939 3895 1130 3952 Felicis
1156 3898 1507 3966 quiescebant
1550 3898 1816 3967 hodieque
1843 3913 1956 3953 ser-

380 3992 591 4038 vantur.
622 3984 778 4041 Hisce
803 3987 1103 4055 quindecim
1148 3988 1302 4043 annis
1336 3989 1349 4026 ί
1380 3988 1617 4044 diversas
1646 3990 1953 4059 peregrina-

382 4074 553 4132 tiones
594 4077 828 4146 suscepit
876 4076 1146 4143 Paulinus,
1176 4080 1341 4134 variis
1384 4081 1635 4136 aerumnis
1676 4080 1955 4137 confectus

382 4174 480 4230 est,
512 4176 569 4221 et
589 4176 809 4223 vocatus
829 4170 884 4224 in
910 4170 1146 4240 pericula
1175 4171 1362 4225 multa.

998 4278 1224 4333 CAPUT
1262 4279 1330 4335 V.

386 4360 449 4418 In
472 4361 783 4433 Hispaniam
803 4365 989 4419 secedit
1012 4366 1284 4432 Paulinus,
1307 4378 1363 4421 ut
1400 4369 1587 4423 mundo
1616 4368 1955 4427 abrenuntiet.

627 4432 741 4498 Quo
766 4444 989 4504 tempore
1010 4438 1162 4506 fuerit
1187 4436 1440 4506 baptismo
1473 4441 1725 4494 initiatus.

455 4522 507 4576 l.
549 4523 784 4578 Tandem
811 4527 824 4574 ἰ
862 4534 969 4577 uta
990 4525 1261 4580 calumniis
1286 4536 1336 4581 et
1359 4531 1855 4599 peregrinationibus
1877 4549 1962 4588 rc-

2056 3173 2189 3229 Utut
2232 3173 2324 3236 sit,
2357 3171 2639 3227 Paulinum
2682 3171 2793 3240 jam
2840 3179 2967 3225 ante
3014 3171 3289 3240 Baptismo
3341 3168 3629 3234 initiatum,

2053 3282 2214 3337 quam
2242 3266 2296 3321 in
2326 3264 2633 3336 Hispaniam
2676 3264 2971 3329 recederet,
3012 3262 3233 3333 perinde
3272 3265 3368 3333 ιι
3400 3269 3628 3323 constat,

2053 3357 2199 3427 quod
2252 3358 2448 3412 ibidem
2495 3365 2726 3425 quatuor
2772 3370 2944 3410 annos
2984 3361 3347 3409 commoratus
3371 3353 3563 3408 absens
3601 3364 3629 3405 a

2054 3450 2247 3521 patria,
2282 3451 2385 3505 hoc
2411 3449 2763 3517 qnadricnnio
2819 3447 3016 3517 prmdia
3065 3446 3439 3511 vendidit,.et
3488 3444 3630 3499 bona

2055 3542 2383 3613 pauperibus
2404 3540 2662 3608 erogavit,
2695 3547 2853 3608 atque
2882 3539 3244 3607 cvangelicam
3267 3542 3631 3607 paupertatem

2054 3631 2326 3703 professus
2352 3639 2433 3686 est
2458 3648 2470 3683 :
2495 3628 2639 3699 quod
2665 3630 2717 3683 in
2748 3628 3000 3698 Hispania
3041 3628 3236 3683 factum
3275 3626 3489 3694 negabit
3516 3623 3631 3677 nul-

2054 3722 2157 3776 lus.
2185 3722 2295 3777 Nec
2322 3720 2476 3776 facile
2503 3719 2623 3788 quis
2644 3720 2744 3774 sibi
2766 3719 3006 3774 suadebit
3035 3719 3147 3771 hmc
3166 3732 3285 3771 eum
3316 3716 3505 3769 fecisse
3533 3730 3631 3768 an-

2054 3820 2270 3880 tequam
2325 3810 2552 3880 spiritali
2581 3809 2796 3863 lavacro
2826 3807 2984 3861 fuerit
3013 3807 3297 3860 innovatus
3329 3822 3341 3856 :
3391 3812 3446 3859 et
3491 3804 3632 3872 quod

2056 3900 2247 3955 asserit
2274 3914 2332 3954 se
2352 3915 2381 3952 a
2412 3898 2675 3968 Delphino
2697 3907 2723 3946 (ι
2745 3897 2807 3950 de
2828 3896 3022 3949 amaris
3043 3895 3192 3965 hujus
3220 3895 3380 3948 seculi
3399 3894 3633 3963 ﬂuctibus

2055 3998 2364 4059 extractum,
2393 3988 2534 4044 haud
2573 4004 2762 4059 parum
2810 3994 3093 4056 repugnat.
3127 3986 3240 4041 Hoc
3279 3985 3633 4055 quadriennio

2056 4081 2355 4136 Barcinone
2376 4079 2442 4135 ad
2473 4078 2764 4135 Ausonium
2794 4078 3029 4147 scripsit,
3059 4086 3112 4131 et
3134 4077 3327 4132 ibidem
3368 4076 3558 4141 laicus,
3583 4081 3633 4128 et

2054 4183 2245 4246 postea
2270 4184 2291 4212 τ
2321 4172 2601 4244 presbyter
2620 4180 2835 4227 creatus
2863 4170 2929 4225 ad
2959 4169 3250 4239 Sulpicium
3280 4166 3538 4222 Severum
3564 4164 3634 4218 bi-

2057 4281 2155 4322 nas
2183 4264 2436 4335 epistolas
2465 4262 2630 4317 dedit.
2664 4260 2839 4316 Prima
2879 4261 3155 4317 intercidit
3187 4279 3200 4314 :
3242 4260 3297 4315 in
3346 4259 3516 4313 altera
3545 4256 3635 4312 ad-

2059 4363 2247 4410 monet
2273 4369 2341 4409 ne
2367 4353 2660 4424 prophanis
2686 4353 2817 4408 velit
2862 4354 3095 4422 suscepti
3119 4352 3343 4407 instituti
3372 4353 3637 4408 rationem

1984 4428 2035 4487 Ῑ)
2061 4447 2302 4511 reddere,
2334 4461 2458 4501 eum
2481 4445 2548 4500 ad
2566 4445 2922 4521 constantiam
2952 4445 3199 4499 hortatur
3218 4444 3285 4498 ad
3307 4458 3472 4512 seque
3500 4443 3638 4496 invi-

2061 4543 2159 4591 tat.
2195 4535 2382 4590 Nullus
2423 4535 2584 4601 igitur
2618 4530 2943 4601 conjectura:
2992 4531 3141 4586 locus
3187 4546 3331 4595 eum,
3382 4531 3638 4587 abdicatis

383 4615 549 4683 quiem
572 4630 758 4681 capere
785 4615 921 4667 visus
939 4624 1035 4680 est,
1063 4632 1155 4669 nec
1175 4616 1325 4670 rebus
1352 4617 1566 4685 publicis
1594 4631 1889 4693 occupatus,
1913 4631 1963 4677 et
2062 4625 2217 4682 bonis
2239 4634 2296 4680 et
2335 4625 2713 4695 dignitatibus,
2739 4620 3087 4689 Burdegalam
3114 4622 3340 4690 patriam
3368 4638 3519 4677 suam
3549 4637 3638 4677 ac~

385 4720 416 4754 a
438 4704 538 4773 fori
567 4704 781 4772 strepitu
811 4713 1056 4767 remotus,
1103 4708 1238 4760 ruris
1275 4709 1454 4775 otium,
1484 4719 1534 4762 et
1561 4709 1807 4767 Ecclesia:
1850 4714 1961 4768 cul-
2064 4717 2309 4782 cessisse,
2341 4723 2627 4783 antequam
2656 4715 3029 4784 presbyteratu
3047 4710 3206 4766 fuerit
3234 4712 3489 4767 initiatus.
3510 4711 3648 4767 Pau-

383 4805 513 4859 tum,
544 4794 735 4861 placita
761 4796 816 4848 in
845 4799 1054 4851 secretis
1082 4798 1373 4853 domesticis
1402 4802 1791 4873 tranquillitate,
1831 4806 1964 4859 cele-
2064 4808 2160 4862 lini
2192 4816 2212 4843 ⁸
2244 4810 2411 4861 frater
2438 4821 2469 4860 a
2496 4805 2759 4874 Delphino
2788 4803 2990 4873 pariter
3026 4803 3328 4872 baptizatus
3359 4801 3551 4867 fuerat,
3584 4808 3639 4857 ut

382 4882 583 4936 brarit:
605 4895 660 4936 ut
680 4884 929 4954 paulatim
951 4888 1197 4942 subducto
1218 4890 1577 4945 asecularibus
1599 4891 1759 4947 turbis
1789 4897 1962 4949 animo
2067 4908 2124 4955 et
2154 4901 2265 4969 ipse
2295 4898 2548 4953 Paulinus
2576 4897 2665 4964 qui
2692 4904 2889 4951 extunc
2924 4896 3317 4950 sanctissimum
3333 4896 3642 4965 episcopum

380 4976 754 5046 praeceptisque
801 4977 1080 5032 coalestibus
1128 4981 1511 5034 accommodato
1535 5024 1548 5046 ,
1580 4983 1852 5047 proclivius
1896 4985 1967 5037 ad
2070 4990 2384 5060 Delphinum
2418 4990 2435 5023 ι
2465 4987 2730 5041 dominum
2778 4995 2827 5039 et
2855 4994 3053 5057 patrem
3099 5002 3306 5041 summa
3334 5002 3456 5041 cum
3485 4986 3644 5041 laude

377 5072 694 5119 contemtum
723 5067 901 5127 mundi
927 5070 1322 5137 comitatumque
1358 5070 1570 5136 Christi,
1588 5073 1700 5143 jam
1723 5075 1870 5144 quasi
1903 5076 1968 5130 de
2069 5090 2125 5137 et
2145 5078 2453 5135 reverentia
2500 5077 2762 5131 nominat.
2792 5075 2849 5129 in
2891 5076 3030 5131 datis
3076 5076 3144 5131 ad
3188 5093 3307 5131 cum
3337 5086 3365 5112 ιι
3406 5076 3645 5147 epistolis

378 5159 613 5227 ﬁnitima
638 5158 755 5212 huic
778 5162 1041 5231 proposito
1066 5161 1149 5215 via
1168 5161 1493 5233 demigravit.
1534 5164 1557 5201 ιε
1590 5165 1801 5220 Primus
1827 5165 1967 5224 Pau-
2071 5170 2164 5224 ﬁlii
2192 5183 2319 5239 erga
2347 5174 2628 5238 parentem
2656 5165 2829 5236 pietas
2856 5173 2912 5221 et
2958 5167 3261 5222 reverentia
3309 5167 3383 5221 ita
3411 5167 3647 5233 elucent,

458 5342 486 5416 ξ
515 5332 721 5416 sulpic.
749 5333 853 5416 Vit.
882 5334 1043 5416 Mart.
1076 5353 1127 5416 (ξ.
1156 5338 1245 5392 26.
1288 5337 1348 5416 ηδ
1376 5338 1438 5393 Ν.
1463 5338 1520 5416 2.
1539 5408 1562 5416 Α
1595 5351 1618 5381 α
1653 5341 1865 5416 Paulin.
1886 5361 1951 5416 ep

2048 5388 2058 5412 ,
2088 5362 2141 5399 η.
2173 5345 2228 5399 9.
2307 5344 2331 5383 ἀ
2364 5344 2540 5399 Carm.
2571 5346 2660 5413 29,
2684 5364 2735 5402 v.
2767 5346 2817 5399 5.
2881 5357 2920 5416 ,θ
2947 5347 3066 5402 Vid.
3091 5362 3248 5416 supra
3280 5362 3397 5416 cap.
3430 5345 3481 5410 Ι,
3507 5344 3645 5416 ηδζ).

388 5401 409 5485 ξ
447 5400 656 5485 Paulini.
688 5414 842 5485 mart.
877 5405 964 5470 l5,
994 5424 1046 5485 γ.
1172 5478 1201 5485 _
1226 5420 1249 5453 κ
1282 5406 1459 5485 Cario.
1505 5408 1587 5485 L2,
1611 5429 1661 5485 v.
1693 5417 1777 5468 l5.
1835 5413 1883 5485 ﬁ
1911 5400 1948 5469 ὲ

2048 5400 2101 5468 'h.
2146 5416 2485 5469 Vit.Puulin.
2519 5433 2571 5485 ι).
2620 5400 2741 5470 t'st.
2828 5418 2841 5454 ι
2879 5400 3301 5472 Ρείιιίὴζέεητιηζ
3346 5400 3437 5477 '13,
3467 5400 3519 5485 'v,
3560 5413 3647 5466 to.

385 5475 409 5555 ξ
425 5470 660 5555 ΔΡειιΙίξι.
686 5490 780 5555 cp;
809 5473 841 5527 5
859 5493 953 5555 λῃ.
980 5475 1032 5530 ιι.
1059 5546 1085 5555 Α
1114 5477 1134 5514 ¹ί
1170 5475 1487 5555 Saceh_.Vit.
1513 5470 1721 5555 Paulini.
1746 5482 1951 5555 p.167!

2048 5485 2152 5555 ξπ.
2190 5554 2199 5555 ί
2237 5486 2453 5540 lChilll.
2479 5470 2534 5555 p.‘
2566 5486 2686 5554 uss,
2718 5504 2770 5540 η.
2797 5485 2847 5540 t.
2925 5470 3200 5541 mrsu...
3224 5470 3309 5554 ep.
3336 5486 3388 5547 5,
3420 5470 3647 5555 iuuet

386 5542 475 5627 ID,
510 5542 709 5627 mare
726 5542 838 5614 Ep.
859 5546 946 5608 20.
975 5564 1030 5627 nr:
1054 5546 1210 5627 suo
1235 5548 1381 5627 tum;
1449 5550 1695 5627 solum;
1713 5542 1765 5621 νζ
1798 5552 1915 5627 tto.

2051 5553 2146 5624 Ep.
2179 5554 2266 5627 ‘20,
2302 5574 2356 5611 n.
2382 5556 2436 5611 6.
2480 5542 2493 5555 ’
2516 5565 2536 5593 τ
2566 5542 2686 5627 Ερ.’
2711 5556 2762 5621 1,
2796 5574 2849 5612 η.
2878 5557 2977 5625 1ος
3011 5556 3213 5612 Paulin.
3243 5542 3331 5624 ep.
3376 5542 3442 5621 i,
3471 5542 3646 5620 nail),

384 5624 442 5669 ct
482 5630 537 5669 η.
568 5614 678 5671 2et
706 5632 854 5687 seqq.
936 5628 957 5655 ³
989 5616 1090 5687 Ep.
1117 5616 1205 5672 ⁸55.
1288 5621 1304 5655 ι
1343 5618 1440 5689 Ep.
1479 5619 1562 5686 l7,
1587 5637 1640 5676 n.
1666 5614 1729 5675 5f
1796 5632 1820 5659 υ
1852 5622 1950 5691 Ep.

2050 5614 2145 5688 ,it.
2178 5626 2227 5681 1.
