4020 6186
398 249 468 304 27
1419 242 1476 301 S.
1517 231 1859 299 PAULINUS
1901 239 2215 299 NOLANUS
2252 241 2640 304 EPISCOPUS.
3595 258 3663 314 £8

400 370 461 417 ut
504 359 639 416 nihil
665 359 897 430 gratius,
926 358 1063 415 nihil
1107 356 1403 415 modestius
1445 356 1617 427 possit
1663 353 1979 422 excogitari.
2009 355 2063 412 Α
2086 360 2358 430 raphrasis
2385 364 2712 432 evangelica,
2741 377 2801 420 se
2829 380 2936 420 non
2980 365 3051 421 ita
3082 367 3285 437 pridem
3307 364 3376 422 ad
3403 371 3659 425 attentio-

400 452 477 508 De
519 452 761 509 Amando
800 461 857 508 et
881 467 981 523 per
1010 450 1311 507 Amandum
1330 459 1359 488 ι
1385 464 1444 506 se
1471 450 1526 505 in
1553 448 1768 504 Christo
1796 456 1982 501 natum

401 544 771 612 recognoscit;
803 543 1052 614 illiusque
1080 541 1430 613 opprobrium
1470 539 1725 605 futurum,
1754 540 1798 594 si
1829 547 1982 593 tanto

399 646 554 708 patre
573 639 643 693 sit
667 637 948 707 indignus;
972 644 1066 692 aut
1082 635 1353 705 gaudium,
1383 634 1428 691 si
1455 648 1522 688 ex
1546 632 1805 688 fructibus
1824 631 1983 687 bonis

397 728 516 796 ejus
543 728 750 783 arboris
777 743 960 783 ramus
988 742 1106 782 esse
1132 735 1414 793 noscatur;
1443 725 1585 781 illius
1609 723 1638 763 ι’
1668 723 1791 778 ﬁdei
1817 723 1984 777 inter-

399 824 582 880 ventu,
600 832 698 887 per
709 818 893 885 gratia:
912 817 1243 887 baptismalis
1261 823 1676 879 sacramentum,
1699 813 1983 869 Dominum

400 910 455 963 in
499 911 798 966 naviculam
825 912 1005 967 cordis
1030 911 1113 965 sui
1155 910 1317 966 fuisse
1343 909 1672 980 impositum,
1698 915 1755 962 et
1779 921 1841 962 se
1866 905 1995 975 ejus

399 999 454 1053 in
483 998 697 1056 Christo
724 1000 1112 1071 plantationem
1155 1000 1304 1056 dicit.
1339 998 1493 1056 Unde
1536 998 1790 1067 colligere
1831 1008 1917 1051 est
1954 1008 1979 1036 ι

399 1090 696 1146 Amandum
745 1101 873 1148 tunc
898 1092 1158 1162 temporis
1186 1091 1349 1147 fuisse
1367 1090 1775 1161 Burdegalensis
1798 1086 1983 1144 Eccle-

396 1180 491 1235 sia:
517 1183 909 1253 presbyterum,
940 1197 1041 1238 uec
1085 1182 1412 1239 mediocrem
1450 1180 1501 1237 ei
1545 1181 1729 1236 deberi
1755 1194 1983 1235 conver-

395 1272 563 1326 sionis
584 1271 791 1328 Paulini
819 1274 1066 1344 gratiam,
1087 1288 1210 1329 cum
1229 1288 1353 1328 eum
1375 1271 1693 1327 Christiana:
1706 1269 1983 1338 religionis

394 1363 675 1421 elementis
702 1366 973 1432 imbuerit,
1015 1372 1072 1422 et
1099 1366 1281 1422 forsan
1333 1363 1402 1421 de
1430 1378 1585 1421 sacro
1630 1362 1785 1418 fonte
1830 1362 1979 1417 leva-

395 1453 554 1508 verit.

1010 1544 1239 1601 CAPUT
1275 1544 1365 1599 Vl.

397 1629 664 1695 Quomodo
684 1636 860 1688 statim
886 1644 999 1703 post
1026 1652 1280 1690 secessum
1306 1635 1359 1688 in
1391 1634 1703 1703 Hispaniam
1727 1648 1783 1687 se
1809 1648 1981 1704 gesse-

678 1706 745 1758 rit
777 1704 1050 1760 Paulinus.
1079 1705 1156 1758 De
1189 1705 1299 1776 [ilio
1327 1704 1440 1776 ejus
1467 1714 1688 1758 mortuo.

463 1815 516 1870 1.
558 1816 810 1873 Paulinus
840 1819 999 1887 igitur
1033 1834 1102 1874 ex
1131 1833 1269 1888 aqua
1307 1826 1528 1874 renatus
1569 1826 1625 1873 et
1650 1817 1870 1888 Spiritu,
1905 1832 1971 1873 ac

391 1907 646 1975 perfecta:
658 1909 870 1965 virtutis
897 1924 1083 1965 amore
1110 1924 1419 1975 succensus,
1446 1917 1508 1964 ut
1527 1909 1553 1947 ἀ
1576 1910 1820 1980 superius
1838 1909 1977 1963 dixi-

394 2011 531 2061 mus,
564 1998 807 2065 cogitare
855 2013 1128 2054 secessum
1158 1999 1211 2053 in
1237 1998 1548 2068 Hispaniam
1577 1999 1763 2069 coepit,
1792 2008 1855 2053 ut
1882 2013 1975 2054 ac-

388 2093 599 2156 ceptam
621 2087 676 2141 in
703 2088 970 2156 baptismo
995 2088 1223 2157 gratiam
1243 2095 1481 2157 augeret,
1509 2095 1567 2142 et
1589 2102 1650 2144 se
1671 2095 1841 2142 totum
1861 2085 1975 2141 Deo

389 2177 613 2232 dicaret.
666 2186 690 2215 ο
721 2176 937 2232 Homini
984 2177 1129 2232 enim
1182 2178 1595 2234 necessitatibus
1637 2185 1746 2230 tam
1793 2176 1977 2230 multis

391 2267 669 2335 implicito,
690 2266 830 2321 inter
847 2281 974 2321 suos
1002 2266 1076 2321 ita
1102 2266 1270 2333 culto,
1286 2266 1442 2333 cujus
1470 2266 1698 2334 gratiam
1727 2265 1974 2320 certatim

389 2372 580 2413 omnes
625 2357 912 2424 ambirent,
970 2356 1193 2413 omnino
1243 2358 1549 2413 necessaria
1578 2357 1702 2425 fuga
1748 2366 1884 2412 erat.
1915 2355 1974 2412 ln

388 2448 523 2504 locis
555 2447 576 2487 τ
606 2448 836 2505 excultis
876 2458 933 2506 et
972 2450 1294 2518 gratissimis
1338 2466 1447 2507 non
1495 2451 1653 2521 longe
1682 2466 1712 2504 a
1742 2451 1878 2505 mari
1918 2458 1976 2505 et

388 2539 610 2596 urbibus
628 2539 921 2607 habitabat,
951 2541 1117 2595 vitam
1145 2549 1327 2597 tamen
1369 2542 1666 2596 solitariam
1691 2541 1803 2610 jam
1825 2556 1974 2597 ama-

387 2628 499 2693 bat,
547 2637 604 2685 et
644 2638 859 2686 sanctos
895 2631 1250 2687 anachoretas
1290 2631 1526 2687 maximo
1567 2631 1680 2701 jam
1723 2632 1875 2687 cultu
1917 2640 1975 2687 et

386 2733 576 2776 amore
602 2721 1054 2790 prosequebatur,
1083 2719 1177 2790 qui
1203 2727 1265 2775 ut
1284 2721 1381 2788 ait,

728 2859 1124 2924 Spectantcsque
1145 2859 1327 2924 Deum,
1353 2862 1558 2924 verique
1584 2861 1815 2923 profunda

728 2874 1124 2969 Specuntcsgue
1149 2874 1327 2919 uenm,
1353 2874 1558 2924 verique

510 2919 804 2982 PerSpicere
831 2923 1003 2970 intenti
1064 2936 1093 2971 e
1118 2923 1252 2971 vanis
1271 2921 1430 2971 libera
1452 2926 1581 2973 curis

505 2982 617 3046 Qtia
642 2990 839 3046 amant;
856 2984 1190 3045 strepitusque
1207 2984 1315 3045 fori,
1336 2996 1602 3045 rerumque
1633 2986 1887 3046 tumultus,

506 3042 789 3107 Cunctaque
815 3042 991 3093 divinis
1015 3042 1202 3095 inimica
1230 3042 1429 3107 negotia
1448 3042 1605 3104 donis,

505 3105 565 3153 Et
588 3106 765 3155 Christi
793 3106 1011 3166 imperils
1032 3112 1085 3156 et
1101 3118 1264 3156 amore
1289 3105 1481 3163 salutis,
1508 3110 1792 3157 abhorrent.

505 3166 708 3231 Speque
728 3166 922 3231 fideque
947 3166 1101 3231 Deum
1120 3181 1293 3231 sponsa
1314 3169 1543 3218 mercede
1560 3180 1835 3231 sequuntur
1857 3172 1962 3221 8....

503 3226 734 3289 ᾼῐιειηιρη
758 3229 863 3289 haec
886 3226 915 3264 Ιι
936 3230 1123 3275 sedisse
1144 3226 1238 3277 illis
1258 3231 1508 3278 sententia
1529 3226 1746 3289 visa'est,

501 3287 623 3351 Iota
648 3289 828 3349 quibus
842 3288 938 3347 jam
960 3290 1040 3336 lux
1063 3291 1217 3351 patuit
1238 3292 1443 3345 verique
1469 3292 1700 3351 bonique,

508 3348 713 3413 Venturi
734 3355 974 3413 internum
992 3348 1131 3413 secli,
1156 3358 1206 3399 et
1231 3352 1490 3413 praesentis
1512 3348 1676 3401 inane.

501 3412 567 3459 At
591 3411 706 3458 milii
733 3423 830 3459 non
854 3411 1028 3459 eadem
1052 3412 1218 3473 (nunc)
1234 3411 1403 3475 gloria
1428 3414 1467 3463 ί.

448 3552 504 3609 ‘2.
545 3553 712 3609 Paulo
740 3561 866 3625 post
891 3568 1235 3624 progressum
1268 3555 1338 3611 ad
1361 3556 1526 3611 vitam
1550 3556 1878 3613 severiorem
1908 3567 1964 3615 et

381 3644 720 3716 Hispanicum
744 3662 1013 3702 secessum
1043 3655 1291 3717 poemata
1318 3648 1563 3717 quaedam
1595 3650 1964 3719 composuisse

383 3740 483 3808 12
503 3737 733 3804 videtur,
751 3752 870 3808 quae
899 3754 1003 3793 non
1032 3753 1152 3792 eam
1173 3739 1519 3795 sanctitatem
1545 3740 1775 3810 spirant,
1801 3756 1961 3810 quam

379 3829 431 3884 in
458 3829 669 3899 scriptis
689 3838 875 3899 postea
898 3830 1227 3887 carminibus
1250 3840 1306 3887 et
1334 3833 1576 3903 epistolis
1598 3835 1835 3903 reperire
1856 3844 1957 3890 est.

378 3917 501 3976 lltec
530 3919 669 3974 inter
712 3920 1036 3975 collocamus
1061 3924 1380 3977 matutinam
1406 3924 1473 3979 ad
1500 3924 1665 3979 Deum
1692 3927 1960 3995 precatio-

378 4027 521 4076 ncm,
572 4012 623 4065 in
652 4027 756 4081 qua
795 4013 1054 4067 honestos
1099 4030 1279 4068 mores
1318 4018 1576 4070 secularis
1620 4018 1721 4071 viri
1770 4033 1801 4073 a
1848 4018 1960 4074 Deo

376 4102 533 4157 enixe
561 4102 817 4172 postulat,
849 4118 917 4156 ex
950 4104 1144 4172 quibus
1185 4112 1362 4159 tamen
1397 4104 1410 4156 i
1453 4113 1709 4160 mternam
1734 4123 1959 4178 eamque

376 4193 586 4247 beatam
619 4192 718 4246 sibi
748 4192 978 4263 spondet
998 4194 1159 4247 vitam
1196 4210 1209 4245 :
1242 4193 1294 4247 in
1333 4209 1398 4249 ea
1423 4196 1668 4251 oratione
1697 4196 1725 4233 ¹ι
1748 4195 1956 4253 felicem

375 4282 474 4337 sibi
504 4291 560 4336 et
588 4284 697 4337 suis
724 4282 1049 4353 deprecatur
1093 4284 1463 4353 posteritatem
1482 4327 1498 4351 ,
1528 4286 1671 4341 unde
1708 4294 1837 4343 tunc
1856 4288 1956 4344 sibi

374 4383 532 4428 natos
549 4373 657 4442 jam
680 4389 801 4428 esse
831 4372 985 4439 filios,
1014 4382 1108 4428 aut
1130 4374 1321 4429 saltem
1343 4390 1441 4430 eos
1460 4375 1791 4432 desiderasse
1818 4393 1954 4432 con-

2082 466 2197 507 rem
2223 453 2501 521 religionis
2526 455 2729 510 cultum
2759 457 3058 524 addixisse,
3099 467 3154 514 et
3193 459 3481 515 arctiorem
3511 460 3663 515 insti-

2080 540 2250 597 tuisse
2269 542 2435 597 vitam
2480 545 2704 600 innuere
2734 546 2977 613 videtur;
3012 564 3134 603 cum
3161 552 3226 604 ab
3254 538 3509 605 historica
3538 551 3664 606 sim-

2081 634 2323 703 plicitate
2341 636 2615 706 paululum
2646 638 2936 707 digressus,
2967 638 3034 694 ad
3068 640 3391 696 narrationis
3418 641 3659 697 ordinem

2081 728 2389 794 revertitur,
2419 736 2476 783 et
2498 728 2647 783 addit
2675 746 2689 782 :

2178 838 2382 902 {Spem
2402 842 2515 895 erit,
2541 847 2595 888 ut
2620 842 2792 899 possim
2810 839 2995 889 ﬁrmato
3019 841 3195 890 robore
3216 841 3455 902 quondam

2174 898 2278 962 Hoc
2299 913 2497 960 quoque
2522 915 2609 961 per
2624 898 2839 962 'spatium
2873 904 3025 951 fortes
3048 898 3536 962 agitare’quadrigas.

2174 959 2546 1022 ﬁtinc’cmptum
2570 959 2854 1022 repetamus
2874 966 2966 1011 iter
2986 979 2997 1013 :
3020 959 3238 1012 mortalia
3255 963 3387 1012 dicat

2176 1021 2357 1084 Pagina
2381 1024 2599 1073 mortalis
2624 1039 2637 1073 :
2662 1024 2916 1074 Dominum
2938 1025 3098 1074 disina
3120 1024 3395 1085 loquantur.

2152 1144 2502 1216 Paraphrasis
2530 1158 2557 1198 ι’
2584 1148 2743 1218 primi
2772 1148 2962 1218 psalmi
2991 1163 3059 1203 ex
3096 1148 3311 1220 hymnis
3336 1148 3532 1218 opinor
3554 1157 3661 1211 est,

2082 1249 2219 1304 quos
2259 1237 2499 1293 condidit
2526 1239 2820 1293 etiamnum
2864 1239 3294 1308 theologicorum
3340 1254 3660 1294 arcanorum

2081 1325 2253 1383 rudis.
2296 1327 2481 1398 Itaque
2508 1345 2615 1385 non
2662 1331 2855 1386 mirum
2883 1331 2928 1386 si
2957 1332 3201 1386 videatur
3240 1332 3347 1387 illic
3374 1332 3662 1400 signiﬁcari

2081 1430 2237 1471 error
2255 1433 2441 1474 eorum
2464 1419 2577 1488 qui,
2599 1435 2765 1489 prave
2785 1420 3143 1490 intelligentes
3170 1421 3346 1476 locum
3376 1418 3618 1492 Apostoli
3642 1422 3662 1479 ι

2081 1503 2206 1564 Cor.
2239 1523 2316 1575 tu,
2344 1508 2606 1578 putabant
2652 1507 2986 1565 Christianos
3013 1526 3221 1576 omnes,
3272 1512 3515 1579 quamvis
3542 1528 3660 1567 ma-

2081 1596 2197 1664 los,
2253 1598 2414 1654 modo
2468 1600 2789 1656 incolumem
2827 1610 3134 1657 servassent
3187 1601 3382 1669 ﬁdem,
3429 1603 3660 1659 salutem

2007 1720 2053 1779 B
2081 1688 2366 1757 quamdam
2386 1698 2791 1759 consecuturos,
2820 1707 2923 1749 nec
2941 1692 3315 1748 damnatorum
3345 1694 3515 1764 poenis
3540 1709 3664 1751 cru-

2077 1779 2317 1836 ciandos.

2147 1872 2201 1927 '5.
2242 1873 2376 1929 Cum
2406 1873 2658 1930 Paulinus
2679 1886 2707 1925 ιι
2730 1874 2965 1930 nondum
2986 1875 3306 1945 evangelicae
3332 1878 3662 1947 paupertatis

2076 1964 2219 2020 viam
2248 1964 2429 2020 inierit
2454 1974 2742 2035 antequam
2782 1967 2835 2021 in
2866 1966 3175 2035 Hispaniam
3224 1968 3535 2035 secederet,
3565 1984 3661 2038 per

2076 2054 2131 2110 id
2158 2056 2416 2126 temporis
2445 2063 2630 2111 natum
2672 2056 2896 2113 Paulino
2944 2056 3107 2111 ﬁlium
3138 2057 3293 2113 facile
3321 2059 3660 2124 crediderim,

2075 2158 2236 2213 quem
2283 2154 2305 2181 τ
2336 2142 2607 2213 Compluti
2652 2146 2867 2216 sepeliri
2905 2147 3066 2216 jussit
3106 2146 3257 2215 juxta
3302 2163 3528 2219 corpora
3560 2149 3659 2205 SS.

2075 2240 2389 2303 martyrum,
2440 2234 2491 2287 id
2515 2244 2627 2301 est,
2658 2244 2717 2290 ut
2744 2237 2958 2306 opinor,
3005 2235 3101 2291 SS.
3132 2238 3413 2292 infantium
3441 2238 3578 2294 Justi
3608 2248 3662 2296 et

2076 2321 2315 2380 Pastoris
2368 2333 2682 2397 martyrum,
2714 2343 2943 2398 quorum
2988 2329 3247 2384 memoria
3302 2332 3529 2387 celebris
3578 2340 3661 2391 cst

2073 2415 2364 2487 Compluti,
2397 2419 2544 2488 quod
2569 2419 2760 2476 Samso
2800 2423 3140 2492 geographus
3168 2422 3452 2479 Madritum
3480 2435 3658 2481 vocat.

2073 2507 2349 2579 Baptismo
2377 2510 2554 2567 fuerat
2572 2513 2758 2584 procul
2788 2515 2950 2569 dubio
2976 2516 3217 2572 initiatus
3244 2517 3333 2571 ille
3354 2500 3515 2587 puer,’
3537 2534 3660 2575 cum

2072 2615 2197 2656 eum
2249 2600 2503 2659 Paulinus
2540 2614 2561 2640 ⁸
2590 2605 2943 2675 posteritatem
2982 2609 3123 2675 piam
3167 2615 3340 2669 vocet,
3392 2623 3661 2679 quemque

2072 2692 2294 2747 alterius
2320 2693 2575 2763 baptizati
2604 2696 2758 2764 pueri
2803 2694 2945 2753 Celsi
2976 2697 3028 2751 in
3057 2697 3227 2766 gloria
3273 2696 3403 2753 facit
3443 2709 3661 2756 aeternae

2070 2782 2194 2837 vita:
2222 2784 2555 2855 participem.
2588 2783 2741 2841 lianc
2787 2787 3058 2856 sanguinis
3113 2788 3196 2842 sui
3244 2786 3507 2857 guttulam
3557 2791 3660 2848 sibi

2070 2872 2174 2944 ipsi
2204 2876 2478 2944 peccatori
2508 2874 2807 2931 adfuturam
2830 2885 3032 2947 sperat,
3062 2886 3120 2932 ut
3148 2881 3387 2948 peccatis
3409 2881 3506 2935 sibi
3527 2897 3661 2937 con-

2071 2963 2284 3021 donatis
2325 2965 2616 3035 aliquando
2644 2966 2803 3022 detur
2852 2967 3041 3023 eadem
3075 2969 3275 3039 perfrui
3304 2970 3506 3040 requie.
3548 2970 3661 3028 Tu-

1991 3073 2039 3138 ο
2072 3057 2273 3111 mulum
2303 3057 2445 3113 illius
2465 3058 2620 3127 juxta
2643 3056 2740 3113 SS.
2770 3063 3064 3130 martyrum
3089 3076 3317 3131 corpora
3338 3078 3659 3133 composue-

2068 3156 2175 3213 rat,
2197 3155 2276 3212 ut,
2316 3150 2332 3184 ί
2360 3149 2553 3217 inquit,
2583 3148 2652 3203 de
2674 3149 2854 3205 vicino
2880 3160 3188 3206 sanctorum
3211 3153 3472 3222 sanguine
3492 3164 3549 3209 et
3575 3171 3657 3210 or-

2067 3237 2195 3293 dine
2241 3254 2438 3293 novam
2483 3239 2705 3295 duceret
2734 3239 3007 3295 virtutem.
3040 3239 3121 3296 Eo
3167 3241 3472 3313 demortuo,
3512 3245 3656 3301 nulla

2066 3327 2292 3383 Paulino
2337 3329 2551 3385 soboles
2597 3331 2890 3397 remansit;
2933 3347 3034 3387 nec
3071 3333 3234 3387 alium
3276 3333 3528 3390 habuisse
3556 3352 3657 3391 un-

2064 3434 2227 3490 quam
2256 3420 2424 3476 lilium
2450 3434 2694 3477 asserere
2737 3422 3014 3488 audemus,
3047 3439 3170 3479 cum
3195 3424 3309 3493 ipse
3337 3424 3480 3481 hunc
3511 3442 3657 3483 mor-

2065 3518 2218 3566 tuum
2244 3520 2271 3547 ιι
2296 3521 2595 3583 exoptatam
2640 3514 2727 3566 diu
2756 3512 2981 3568 sobolem
3020 3514 3180 3569 dicat.
3214 3512 3293 3568 Ex
3330 3524 3602 3585 postrema
3625 3528 3653 3558 ν

2062 3607 2326 3661 matutina
2365 3607 2678 3677 precatione
2706 3604 2914 3660 Paulini
2954 3606 3163 3662 videtur
3209 3607 3372 3661 ﬁlium
3402 3608 3655 3666 habuisse

2063 3705 2194 3754 tunc
2235 3698 2414 3753 vivum
2453 3713 2577 3753 cum
2623 3713 2740 3753 eam
2770 3699 3091 3768 composuit.
3149 3684 3280 3753 illud
3324 3709 3503 3755 autem
3552 3716 3651 3770 pro

2061 3794 2213 3843 certo
2240 3787 2567 3854 habendum,
2592 3801 2714 3841 eum
2739 3795 2763 3823 ι
2787 3785 2908 3843 filiis
2936 3786 3097 3844 fuisse
3124 3790 3371 3844 orbatum
3393 3806 3513 3846 eum
3542 3790 3652 3847 No-

2061 3877 2170 3933 lam
2212 3878 2471 3943 recessit;
2502 3886 2558 3932 et
2603 3877 2716 3932 haec
2767 3875 2996 3932 filiorum
3025 3877 3325 3934 fecunditas
3371 3882 3422 3935 ei
3458 3882 3646 3948 defuit,

2064 3983 2123 4025 ut
2150 3970 2216 4025 de
2237 3969 2524 4025 sterilitate
2549 3984 2858 4038 corporum,
2885 3969 3183 4025 fecunditas
3211 3980 3499 4041 augeretur
3526 3973 3645 4027 ani-

2060 4079 2295 4131 morum,
2342 4070 2399 4118 et
2450 4063 2729 4118 meliorem
2757 4070 2906 4118 recte
2952 4063 3214 4118 factorum
3250 4066 3561 4135 progeniem
3591 4075 3648 4122 et

2059 4155 2280 4209 minime
2323 4153 2578 4209 caducam
2615 4154 2931 4213 meritorum
2959 4155 3331 4224 posteritatem
3361 4155 3642 4212 desidera—

2056 4254 2162 4301 ret.
2193 4244 2305 4299 Sibi
2335 4253 2515 4300 autem
2545 4261 2576 4298 a
2605 4243 2718 4299 Deo
2757 4254 2787 4295 3'
2832 4254 3076 4315 ereptum
3106 4245 3273 4300 ﬁlium
3320 4247 3470 4314 dicit,
3517 4249 3644 4318 quia

2057 4342 2243 4390 sancta
2272 4334 2588 4404 posteritate
2615 4333 2850 4402 gaudere
2874 4334 3120 4402 indignus
3140 4345 3302 4391 esset.

374 4426 652 4532 εεεεεεςις.
686 4426 852 4531 iam
896 4426 1952 4532 siuas;iss'saii;;.;;;i‘n;.;;n
1983 4443 2034 4505 υ
2127 4427 2179 4481 ιο
2222 4426 2831 4532 ρυξαεηιῖςιιίέιίιηεξξι
2876 4427 2928 4481 in
2958 4426 3246 4532 Hispanico
3287 4444 3527 4532 εεῆιθξευν
3553 4431 3643 4532 ut“

374 4554 635 4624 precatio,
666 4554 807 4609 circa
835 4553 972 4607 idem
998 4562 1209 4624 tempus
1255 4556 1563 4624 conscripta
1610 4556 1846 4623 videtur;
1879 4558 1952 4613 ibi

375 4650 556 4697 tamen
580 4646 751 4714 pietas
802 4644 991 4710 major,
1025 4644 1339 4714 profundior
1367 4646 1668 4715 humilitas,
1698 4656 1753 4702 et
1781 4658 1955 4704 metus

372 4734 690 4805 iudiciorum
736 4736 830 4792 Dei
861 4739 1091 4792 elucent.
1125 4737 1277 4794 Tunc
1319 4738 1457 4793 ﬁlios
1496 4740 1599 4795 sibi
1640 4750 1955 4810 procreatos

371 4828 427 4884 in
454 4844 518 4885 ea
539 4830 777 4886 indicare
806 4830 1017 4885 videtur
1048 4848 1061 4883 :

987 4966 1087 5013 Sim
1112 4980 1255 5015 carus
1276 4967 1458 5025 amicis,

492 5027 552 5076 Et
572 5041 769 5087 semper
788 5029 981 5089 genitor
1005 5031 1113 5076 sine
1139 5029 1343 5079 mittere
1368 5029 1571 5077 nominis
1591 5026 1732 5089 hujus
1748 5028 1805 5077 "‘.

439 5152 497 5207 1n
526 5161 554 5189 τι
582 5153 818 5208 carmine
846 5152 914 5207 de
935 5152 991 5209 S.
1014 5152 1260 5209 Johaune
1286 5154 1546 5224 Baptista,
1572 5155 1719 5226 quod
1755 5164 1838 5211 cst
1866 5172 1955 5227 pa-

441 5364 466 5391 ι
490 5353 587 5420 Ep.
613 5353 667 5417 ‘2,
690 5369 748 5406 η.
771 5352 822 5405 4.
882 5352 1021 5419 l>Ep.
1042 5353 1093 5415 9,
1121 5351 1223 5406 n.‘2
1247 5361 1301 5407 et
1329 5352 1382 5407 5.
1462 5363 1484 5391 ο
1511 5352 1742 5408 Chifllet.
1763 5368 1797 5422 p

370 5493 394 5529 ⁸
426 5495 581 5558 lhid.,
608 5511 659 5547 ν.
700 5493 785 5545 17.
869 5491 883 5531 ι
917 5490 1095 5546 Carm.
1122 5490 1175 5545 5.
1254 5491 1463 5556 mlhid.,
1502 5510 1552 5545 ν.
1595 5492 1683 5547 66.

368 5642 392 5680 7
425 5630 627 5691 Paulin.
662 5649 829 5692 carm.
863 5632 948 5694 '52,
980 5649 1031 5686 v.
1057 5630 1181 5686 601.

1841 5353 1962 5424 177.
2024 5352 2195 5424 dCap.
2223 5353 2275 5421 5,
2308 5372 2360 5408 ιι.
2386 5354 2438 5408 2.
2508 5363 2532 5392 ο
2556 5354 2804 5411 Saccltin.
2825 5355 2930 5411 Vit.
2949 5355 3159 5411 Paulin.

370 5424 464 5478 lin.
493 5440 658 5479 carm.
693 5422 778 5485 10,
812 5439 863 5477 v.
894 5423 997 5475 182
1041 5431 1097 5477 et
1143 5422 1265 5475 216.
1344 5434 1368 5469 8
1397 5423 1554 5490 lhid.,
1585 5440 1635 5477 ν.
1673 5423 1796 5476 164.
1874 5422 1897 5459 ¹³
1924 5424 1970 5477 1b

2070 5468 2077 5486 .
2122 5422 2171 5479 r.
2213 5425 2332 5478 178.

370 5493 394 5529 ⁸
426 5495 581 5558 lhid.,
608 5511 659 5547 ν.
700 5493 785 5545 17.
869 5491 883 5531 ι
917 5491 1095 5546 Carm.
1122 5491 1175 5545 5.
1254 5491 1463 5556 mlhid.,
1502 5510 1552 5545 ν.
1595 5492 1683 5547 66.
1762 5502 1785 5527 π
1816 5491 1970 5548 Carm

370 5563 573 5631 'libid.,
601 5581 649 5617 v.
695 5562 818 5617 605.
895 5570 917 5598 ⁸
950 5560 1106 5631 lhid.,
1139 5578 1191 5616 ν.
1225 5562 1348 5615 662.
1428 5565 1447 5599 ί
1495 5562 1651 5627 lhid.,
1684 5563 1807 5617 606.
1885 5572 1912 5600 ιι
1961 5565 1970 5618 l

2070 5537 2074 5549 .
2153 5504 2175 5527 "
2206 5495 2360 5559 lhid.,

2080 5606 2120 5631 .,
2161 5581 2213 5618 v.
2245 5564 2367 5618 601.

1262 5644 1283 5671 ι
1315 5632 1506 5689 Sacch.
1547 5633 1652 5687 Vit.
1688 5632 1892 5690 Pauliu.
1923 5650 1976 5707 p.
2010 5634 2136 5691 608.

2054 4519 2241 4589 procul
2268 4519 2336 4573 ab
2377 4517 2565 4573 amicis
2592 4526 2647 4572 et
2690 4518 2832 4573 notis
2877 4527 3245 4574 commoratus
3290 4528 3375 4575 est
3403 4520 3423 4592 (
3452 4537 3559 4576 non
3591 4522 3643 4575 in

2053 4609 2281 4675 Nolano,
2314 4609 2404 4663 ubi
2432 4609 2667 4665 Nolanos
2688 4609 2880 4677 quibus
2906 4617 3024 4664 erat
3045 4611 3295 4678 cognitus
3322 4611 3493 4667 latere
3534 4628 3642 4667 non

2054 4698 2292 4769 potuit),
2324 4707 2435 4753 tum
2466 4698 2708 4753 evenisse
2743 4699 2842 4769 13
2882 4698 3027 4768 quod
3054 4710 3235 4753 narrat
3266 4710 3321 4738 ιιι
3352 4699 3644 4769 Gregorius

2054 4789 2384 4846 Turonensis
2411 4790 2466 4845 in
2488 4791 2602 4845 hazc
2627 4790 2789 4844 verba
2821 4807 2833 4843 :
2868 4788 3110 4844 Perrexit
3134 4809 3256 4863 ergo
3284 4807 3399 4845 cum
3426 4794 3644 4863 conjuge

2055 4884 2205 4953 quasi
2234 4885 2651 4955 peregrinaturus
2683 4884 2739 4936 in
2772 4883 2931 4936 aliam
2960 4885 3249 4953 regionem,
3290 4884 3421 4938 nihil
3451 4884 3645 4937 habens

2059 4984 2248 5043 praeter
2266 4983 2454 5028 statum
2477 4975 2758 5044 proprium.
2789 4972 2917 5027 Post
2942 4975 3157 5027 multum
3172 4978 3414 5045 temporis
3442 4992 3555 5029 cum
3581 4977 3642 5029 ab

2060 5062 2246 5117 incolis
2269 5081 2376 5119 sua:
2391 5065 2618 5136 regionis
2643 5064 3001 5135 requireretur,
3020 5080 3115 5117 nec
3141 5076 3313 5135 posset
3333 5071 3535 5136 penitus
3565 5084 3645 5119 rr-

2061 5158 2240 5226 periri,
2282 5158 2572 5228 negotiator
2598 5155 2662 5209 de
2689 5155 2894 5209 civitate
2916 5155 3008 5208 illa
3033 5155 3101 5209 ad
3128 5157 3263 5210 hanc
3288 5157 3463 5212 urbem
3493 5158 3645 5211 adve-

3193 5372 3246 5424 p.
3261 5354 3383 5410 667.
3450 5356 3469 5395 τ
3504 5358 3642 5410 Putt-

2419 5425 2669 5496 iltl_cst,
2718 5428 2993 5496 placuisse.
3071 5427 3085 5477 t'
3125 5426 3306 5481 Carm.
3342 5426 3405 5490 4,
3453 5444 3502 5480 v.
3560 5429 3641 5482 l8.

2153 5504 2175 5527 "
2206 5495 2360 5559 lhid.,
2394 5511 2442 5548 v.
2476 5492 2594 5564 175.
2672 5506 2698 5545 P
2718 5492 2906 5551 'Carm.
2929 5499 2979 5551 7.
3057 5507 3083 5545 τι
3113 5497 3291 5551 Carm.
3321 5496 3417 5564 52,
3444 5516 3493 5551 v.
3520 5497 3639 5551 509.

2444 5575 2471 5603 ν
2494 5563 2684 5639 Carm.
2731 5566 2793 5639 5,
2821 5584 2885 5639 v._
2905 5566 2995 5639 67.
3074 5577 3097 5603 ι
3129 5566 3377 5639 Ambrgs.
3422 5584 3509 5639 ep.
3552 5568 3638 5626 50.

2215 5644 2270 5672 ειη
2299 5634 2462 5705 Grcg.
2494 5634 2622 5690 Tur.
2655 5636 2721 5693 de
2746 5637 2817 5706 gl.
2849 5636 3116 5700 Confess.,
3149 5652 3195 5691 c.
3227 5636 3344 5691 107.
