  <div class='ocr_page' id='page_1' title='image "/cluster/home/n/w/nwhite01/storage/ocr_20150623/61/hvd.32044054758685/020.png"; bbox 0 0 4066 6192; ppageno 0'>
   <div class='ocr_carea' id='block_1_1' title="bbox 356 232 3645 310">
    <p class='ocr_par' dir='ltr' id='par_1_1' title="bbox 356 232 3645 310">
     <span class='ocr_line' id='line_1_1' title="bbox 356 232 3645 310; baseline 0.006 -23"><span class='ocrx_word' id='word_1_1' title='bbox 356 232 434 288; x_wconf 64' lang='grc'><strong>90</strong></span> <span class='ocrx_word' id='word_1_2' title='bbox 1735 238 2246 299; x_wconf 75' lang='lat' dir='ltr'><strong><em>PROLEGOMENA</em></strong></span> <span class='ocrx_word' id='word_1_3' title='bbox 3571 254 3645 310; x_wconf 76' lang='grc'><strong><em>50</em></strong></span> 
     </span>
    </p>
   </div>
   <div class='ocr_carea' id='block_1_2' title="bbox 354 342 3643 429">
    <p class='ocr_par' dir='ltr' id='par_1_2' title="bbox 354 342 3643 429">
     <span class='ocr_line' id='line_1_2' title="bbox 354 342 3643 429; baseline 0.007 -32"><span class='ocrx_word' id='word_1_4' title='bbox 354 346 458 406; x_wconf 86' lang='lat' dir='ltr'><strong><em>nit,</em></strong></span> <span class='ocrx_word' id='word_1_5' title='bbox 490 342 544 397; x_wconf 88' lang='lat' dir='ltr'><strong><em>in</em></strong></span> <span class='ocrx_word' id='word_1_6' title='bbox 570 359 676 416; x_wconf 82' lang='lat' dir='ltr'><strong><em>qua</em></strong></span> <span class='ocrx_word' id='word_1_7' title='bbox 701 344 777 401; x_wconf 86' lang='lat' dir='ltr'><strong><em>vir</em></strong></span> <span class='ocrx_word' id='word_1_8' title='bbox 802 342 980 400; x_wconf 88' lang='lat' dir='ltr'><strong><em>beatus</em></strong></span> <span class='ocrx_word' id='word_1_9' title='bbox 1008 346 1200 400; x_wconf 76' lang='lat' dir='ltr'><strong><em>ctelesti</em></strong></span> <span class='ocrx_word' id='word_1_10' title='bbox 1236 344 1463 403; x_wconf 87' lang='lat' dir='ltr'><strong><em>Domino</em></strong></span> <span class='ocrx_word' id='word_1_11' title='bbox 1490 350 1775 418; x_wconf 86' lang='lat' dir='ltr'><strong><em>serviebat;</em></strong></span> <span class='ocrx_word' id='word_1_12' title='bbox 1802 369 1946 407; x_wconf 84' lang='lat' dir='ltr'><strong><em>cum—</em></strong></span> <span class='ocrx_word' id='word_1_13' title='bbox 1972 357 2022 416; x_wconf 78' lang='grc' dir='ltr'>Α</span> <span class='ocrx_word' id='word_1_14' title='bbox 2048 366 2174 422; x_wconf 90' lang='lat' dir='ltr'><strong><em>gere</em></strong></span> <span class='ocrx_word' id='word_1_15' title='bbox 2194 364 2233 392; x_wconf 78' lang='grc' dir='ltr'>ω</span> <span class='ocrx_word' id='word_1_16' title='bbox 2259 353 2502 424; x_wconf 69' lang='lat' dir='ltr'><strong><em>abiectus</em></strong></span> <span class='ocrx_word' id='word_1_17' title='bbox 2520 364 2577 412; x_wconf 90' lang='lat' dir='ltr'><strong><em>et</em></strong></span> <span class='ocrx_word' id='word_1_18' title='bbox 2601 356 2816 413; x_wconf 87' lang='lat' dir='ltr'><strong><em>ultimus</em></strong></span> <span class='ocrx_word' id='word_1_19' title='bbox 2844 358 2898 415; x_wconf 87' lang='lat' dir='ltr'><strong><em>in</em></strong></span> <span class='ocrx_word' id='word_1_20' title='bbox 2926 358 3087 416; x_wconf 88' lang='lat' dir='ltr'><strong><em>domo</em></strong></span> <span class='ocrx_word' id='word_1_21' title='bbox 3113 360 3360 429; x_wconf 89' lang='lat' dir='ltr'><strong><em>Domini;</em></strong></span> <span class='ocrx_word' id='word_1_22' title='bbox 3391 362 3643 419; x_wconf 74' lang='lat' dir='ltr'><strong><em>ardenter</em></strong></span> 
     </span>
    </p>
   </div>
   <div class='ocr_carea' id='block_1_3' title="bbox 352 433 1947 510">
    <p class='ocr_par' dir='ltr' id='par_1_3' title="bbox 352 433 1947 510">
     <span class='ocr_line' id='line_1_3' title="bbox 352 433 1947 510; baseline 0.008 -25"><span class='ocrx_word' id='word_1_23' title='bbox 352 450 453 503; x_wconf 87' lang='lat' dir='ltr'><strong><em>que</em></strong></span> <span class='ocrx_word' id='word_1_24' title='bbox 467 433 675 487; x_wconf 83' lang='lat' dir='ltr'><strong><em>vidisset</em></strong></span> <span class='ocrx_word' id='word_1_25' title='bbox 701 450 815 487; x_wconf 88' lang='lat' dir='ltr'><strong><em>eum</em></strong></span> <span class='ocrx_word' id='word_1_26' title='bbox 830 435 1005 488; x_wconf 93' lang='lat' dir='ltr'><strong><em>statim</em></strong></span> <span class='ocrx_word' id='word_1_27' title='bbox 1025 452 1119 504; x_wconf 97' lang='lat' dir='ltr'><strong><em>pro</em></strong></span> <span class='ocrx_word' id='word_1_28' title='bbox 1114 435 1305 505; x_wconf 86' lang='lat' dir='ltr'><strong><em>jiciens</em></strong></span> <span class='ocrx_word' id='word_1_29' title='bbox 1321 454 1376 492; x_wconf 88' lang='lat' dir='ltr'><strong><em>se</em></strong></span> <span class='ocrx_word' id='word_1_30' title='bbox 1394 439 1524 504; x_wconf 91' lang='lat' dir='ltr'><strong><em>solo,</em></strong></span> <span class='ocrx_word' id='word_1_31' title='bbox 1547 448 1597 495; x_wconf 89' lang='lat' dir='ltr'><strong><em>et</em></strong></span> <span class='ocrx_word' id='word_1_32' title='bbox 1617 442 1768 510; x_wconf 85' lang='lat' dir='ltr'><strong><em>pedes</em></strong></span> <span class='ocrx_word' id='word_1_33' title='bbox 1780 444 1947 497; x_wconf 89' lang='lat' dir='ltr'><strong><em>sancti</em></strong></span> 
     </span>
    </p>
   </div>
   <div class='ocr_carea' id='block_1_4' title="bbox 350 521 1945 591">
    <p class='ocr_par' dir='ltr' id='par_1_4' title="bbox 350 521 1945 591">
     <span class='ocr_line' id='line_1_4' title="bbox 350 521 1945 591; baseline 0.008 -17"><span class='ocrx_word' id='word_1_34' title='bbox 350 522 669 591; x_wconf 85' lang='lat' dir='ltr'><strong><em>amplectens</em></strong></span> <span class='ocrx_word' id='word_1_35' title='bbox 681 524 756 576; x_wconf 89' lang='lat' dir='ltr'><strong><em>ait</em></strong></span> <span class='ocrx_word' id='word_1_36' title='bbox 783 539 802 577; x_wconf 90' lang='lat'><strong><em>:</em></strong></span> <span class='ocrx_word' id='word_1_37' title='bbox 831 521 929 577; x_wconf 80' lang='lat' dir='ltr'><strong><em>Hic</em></strong></span> <span class='ocrx_word' id='word_1_38' title='bbox 952 539 1049 578; x_wconf 74' lang='lat' dir='ltr'><strong><em>ssr</em></strong></span> <span class='ocrx_word' id='word_1_39' title='bbox 1062 541 1262 581; x_wconf 67' lang='lat' dir='ltr'><strong><em>nurus</em></strong></span> <span class='ocrx_word' id='word_1_40' title='bbox 1290 524 1555 584; x_wconf 71' lang='lat' dir='ltr'><strong><em>PAULINUS</em></strong></span> <span class='ocrx_word' id='word_1_41' title='bbox 1576 545 1719 585; x_wconf 81' lang='grc' dir='ltr'><strong><em>τοτο</em></strong></span> <span class='ocrx_word' id='word_1_42' title='bbox 1742 547 1945 586; x_wconf 60' lang='lat' dir='ltr'><strong><em>vum»-</em></strong></span> 
     </span>
    </p>
   </div>
   <div class='ocr_carea' id='block_1_5' title="bbox 351 615 1944 693">
    <p class='ocr_par' dir='ltr' id='par_1_5' title="bbox 351 615 1944 693">
     <span class='ocr_line' id='line_1_5' title="bbox 351 615 1944 693; baseline 0.006 -25"><span class='ocrx_word' id='word_1_43' title='bbox 351 629 456 669; x_wconf 64' lang='grc' dir='ltr'><strong><em>τηε.</em></strong></span> <span class='ocrx_word' id='word_1_44' title='bbox 483 629 643 681; x_wconf 70' lang='lat' dir='ltr'><strong><em>onus,</em></strong></span> <span class='ocrx_word' id='word_1_45' title='bbox 672 615 761 685; x_wconf 89' lang='lat' dir='ltr'><strong><em>qui</em></strong></span> <span class='ocrx_word' id='word_1_46' title='bbox 782 615 997 669; x_wconf 89' lang='lat' dir='ltr'><strong><em>multum</em></strong></span> <span class='ocrx_word' id='word_1_47' title='bbox 1020 632 1054 669; x_wconf 92' lang='lat' dir='ltr'><strong><em>a</em></strong></span> <span class='ocrx_word' id='word_1_48' title='bbox 1084 617 1190 671; x_wconf 90' lang='lat' dir='ltr'><strong><em>suis</em></strong></span> <span class='ocrx_word' id='word_1_49' title='bbox 1216 618 1409 672; x_wconf 80' lang='lat' dir='ltr'><strong><em>civibus</em></strong></span> <span class='ocrx_word' id='word_1_50' title='bbox 1434 622 1698 691; x_wconf 67' lang='lat' dir='ltr'><strong><em>quaesitus,</em></strong></span> <span class='ocrx_word' id='word_1_51' title='bbox 1729 639 1944 693; x_wconf 87' lang='lat' dir='ltr'><strong><em>prorsus</em></strong></span> 
     </span>
    </p>
   </div>
   <div class='ocr_carea' id='block_1_6' title="bbox 350 706 1943 786">
    <p class='ocr_par' dir='ltr' id='par_1_6' title="bbox 350 706 1943 786">
     <span class='ocr_line' id='line_1_6' title="bbox 350 706 1943 786; baseline 0.008 -28"><span class='ocrx_word' id='word_1_52' title='bbox 350 722 459 759; x_wconf 85' lang='lat' dir='ltr'><strong><em>non</em></strong></span> <span class='ocrx_word' id='word_1_53' title='bbox 484 707 650 776; x_wconf 88' lang='lat' dir='ltr'><strong><em>potuit</em></strong></span> <span class='ocrx_word' id='word_1_54' title='bbox 670 706 917 771; x_wconf 80' lang='lat' dir='ltr'><strong><em>inveniri;</em></strong></span> <span class='ocrx_word' id='word_1_55' title='bbox 939 717 989 760; x_wconf 89' lang='lat' dir='ltr'><strong><em>et</em></strong></span> <span class='ocrx_word' id='word_1_56' title='bbox 1009 716 1257 763; x_wconf 81' lang='lat' dir='ltr'><strong><em>narrante</em></strong></span> <span class='ocrx_word' id='word_1_57' title='bbox 1271 727 1332 765; x_wconf 89' lang='lat' dir='ltr'><strong><em>eo</em></strong></span> <span class='ocrx_word' id='word_1_58' title='bbox 1352 727 1527 768; x_wconf 89' lang='lat' dir='ltr'><strong><em>omnes</em></strong></span> <span class='ocrx_word' id='word_1_59' title='bbox 1550 715 1781 769; x_wconf 85' lang='lat' dir='ltr'><strong><em>actiones</em></strong></span> <span class='ocrx_word' id='word_1_60' title='bbox 1808 715 1943 786; x_wconf 85' lang='lat' dir='ltr'><strong><em>ejus,</em></strong></span> 
     </span>
    </p>
   </div>
   <div class='ocr_carea' id='block_1_7' title="bbox 350 795 1167 867">
    <p class='ocr_par' dir='ltr' id='par_1_7' title="bbox 350 795 1167 867">
     <span class='ocr_line' id='line_1_7' title="bbox 350 795 1167 867; baseline 0.001 -17"><span class='ocrx_word' id='word_1_61' title='bbox 350 795 724 867; x_wconf 85' lang='lat' dir='ltr'><strong><em>obstupuerunt</em></strong></span> <span class='ocrx_word' id='word_1_62' title='bbox 747 798 860 852; x_wconf 67' lang='lat' dir='ltr'><strong><em>hinc</em></strong></span> <span class='ocrx_word' id='word_1_63' title='bbox 882 799 1167 853; x_wconf 83' lang='lat' dir='ltr'><strong><em>audientes.</em></strong></span> 
     </span>
    </p>
   </div>
   <div class='ocr_carea' id='block_1_8' title="bbox 948 887 1328 944">
    <p class='ocr_par' dir='ltr' id='par_1_8' title="bbox 948 887 1328 944">
     <span class='ocr_line' id='line_1_8' title="bbox 948 887 1328 944; baseline 0.005 -2"><span class='ocrx_word' id='word_1_64' title='bbox 948 887 1179 943; x_wconf 82' lang='lat' dir='ltr'><strong><em>CAPUT</em></strong></span> <span class='ocrx_word' id='word_1_65' title='bbox 1219 888 1328 944; x_wconf 82' lang='lat' dir='ltr'><strong><em>VII.</em></strong></span> 
     </span>
    </p>
   </div>
   <div class='ocr_carea' id='block_1_9' title="bbox 348 972 1940 1051">
    <p class='ocr_par' dir='ltr' id='par_1_9' title="bbox 348 972 1940 1051">
     <span class='ocr_line' id='line_1_9' title="bbox 348 972 1940 1051; baseline 0.009 -25"><span class='ocrx_word' id='word_1_66' title='bbox 348 972 613 1029; x_wconf 79' lang='lat' dir='ltr'><strong><em>Paulinus</em></strong></span> <span class='ocrx_word' id='word_1_67' title='bbox 632 983 800 1031; x_wconf 88' lang='lat' dir='ltr'><strong><em>totum</em></strong></span> <span class='ocrx_word' id='word_1_68' title='bbox 825 995 881 1032; x_wconf 89' lang='lat' dir='ltr'><strong><em>se</em></strong></span> <span class='ocrx_word' id='word_1_69' title='bbox 899 976 1010 1051; x_wconf 86' lang='lat' dir='ltr'><strong><em>Deo</em></strong></span> <span class='ocrx_word' id='word_1_70' title='bbox 1032 979 1172 1031; x_wconf 85' lang='lat' dir='ltr'><strong><em>dicat</em></strong></span> <span class='ocrx_word' id='word_1_71' title='bbox 1191 989 1241 1033; x_wconf 90' lang='lat' dir='ltr'><strong><em>et</em></strong></span> <span class='ocrx_word' id='word_1_72' title='bbox 1268 990 1567 1051; x_wconf 84' lang='lat' dir='ltr'><strong><em>consecrat,</em></strong></span> <span class='ocrx_word' id='word_1_73' title='bbox 1597 999 1660 1037; x_wconf 91' lang='lat' dir='ltr'><strong><em>ac</em></strong></span> <span class='ocrx_word' id='word_1_74' title='bbox 1684 987 1940 1041; x_wconf 89' lang='lat' dir='ltr'><strong><em>monasti-</em></strong></span> 
     </span>
    </p>
   </div>
   <div class='ocr_carea' id='block_1_10' title="bbox 815 1050 1477 1120">
    <p class='ocr_par' dir='ltr' id='par_1_10' title="bbox 815 1050 1477 1120">
     <span class='ocr_line' id='line_1_10' title="bbox 815 1050 1477 1120; baseline 0.008 -20"><span class='ocrx_word' id='word_1_75' title='bbox 815 1064 927 1101; x_wconf 89' lang='lat' dir='ltr'><strong><em>cam</em></strong></span> <span class='ocrx_word' id='word_1_76' title='bbox 950 1050 1106 1102; x_wconf 88' lang='lat' dir='ltr'><strong><em>vitam</em></strong></span> <span class='ocrx_word' id='word_1_77' title='bbox 1134 1050 1477 1120; x_wconf 84' lang='lat' dir='ltr'><strong><em>amplectitur.</em></strong></span> 
     </span>
    </p>
   </div>
   <div class='ocr_carea' id='block_1_11' title="bbox 424 1156 1939 1236">
    <p class='ocr_par' dir='ltr' id='par_1_11' title="bbox 424 1156 1939 1236">
     <span class='ocr_line' id='line_1_11' title="bbox 424 1156 1939 1236; baseline 0.01 -27"><span class='ocrx_word' id='word_1_78' title='bbox 424 1157 473 1210; x_wconf 84' lang='grc'><strong><em>1.</em></strong></span> <span class='ocrx_word' id='word_1_79' title='bbox 515 1156 632 1213; x_wconf 83' lang='lat' dir='ltr'><strong><em>Jam</em></strong></span> <span class='ocrx_word' id='word_1_80' title='bbox 663 1168 690 1198; x_wconf 77' lang='grc' dir='ltr'>ι</span> <span class='ocrx_word' id='word_1_81' title='bbox 718 1161 965 1230; x_wconf 85' lang='lat' dir='ltr'><strong><em>superius</em></strong></span> <span class='ocrx_word' id='word_1_82' title='bbox 1001 1159 1281 1217; x_wconf 89' lang='lat' dir='ltr'><strong><em>Paulinum</em></strong></span> <span class='ocrx_word' id='word_1_83' title='bbox 1324 1163 1378 1219; x_wconf 90' lang='lat' dir='ltr'><strong><em>in</em></strong></span> <span class='ocrx_word' id='word_1_84' title='bbox 1413 1164 1722 1236; x_wconf 85' lang='lat' dir='ltr'><strong><em>Hispaniam</em></strong></span> <span class='ocrx_word' id='word_1_85' title='bbox 1758 1182 1939 1224; x_wconf 88' lang='lat' dir='ltr'><strong><em>seces-</em></strong></span> 
     </span>
    </p>
   </div>
   <div class='ocr_carea' id='block_1_12' title="bbox 345 1249 1936 1324">
    <p class='ocr_par' dir='ltr' id='par_1_12' title="bbox 345 1249 1936 1324">
     <span class='ocr_line' id='line_1_12' title="bbox 345 1249 1936 1324; baseline 0.009 -22"><span class='ocrx_word' id='word_1_86' title='bbox 345 1249 483 1304; x_wconf 85' lang='lat' dir='ltr'><strong><em>sisse</em></strong></span> <span class='ocrx_word' id='word_1_87' title='bbox 511 1250 935 1317; x_wconf 82' lang='lat' dir='ltr'><strong><em>observavimus,</em></strong></span> <span class='ocrx_word' id='word_1_88' title='bbox 964 1262 1023 1308; x_wconf 93' lang='lat' dir='ltr'><strong><em>ut</em></strong></span> <span class='ocrx_word' id='word_1_89' title='bbox 1051 1255 1306 1324; x_wconf 84' lang='lat' dir='ltr'><strong><em>paulatim</em></strong></span> <span class='ocrx_word' id='word_1_90' title='bbox 1328 1257 1591 1313; x_wconf 89' lang='lat' dir='ltr'><strong><em>subducto</em></strong></span> <span class='ocrx_word' id='word_1_91' title='bbox 1617 1275 1647 1314; x_wconf 91' lang='lat' dir='ltr'><strong><em>a</em></strong></span> <span class='ocrx_word' id='word_1_92' title='bbox 1676 1261 1936 1317; x_wconf 90' lang='lat' dir='ltr'><strong><em>seculari-</em></strong></span> 
     </span>
    </p>
   </div>
   <div class='ocr_carea' id='block_1_13' title="bbox 342 1339 1939 1415">
    <p class='ocr_par' dir='ltr' id='par_1_13' title="bbox 342 1339 1939 1415">
     <span class='ocr_line' id='line_1_13' title="bbox 342 1339 1939 1415; baseline 0.008 -22"><span class='ocrx_word' id='word_1_93' title='bbox 342 1339 447 1393; x_wconf 91' lang='lat' dir='ltr'><strong><em>bus</em></strong></span> <span class='ocrx_word' id='word_1_94' title='bbox 473 1341 643 1397; x_wconf 85' lang='lat' dir='ltr'><strong><em>turbis</em></strong></span> <span class='ocrx_word' id='word_1_95' title='bbox 662 1343 865 1407; x_wconf 90' lang='lat' dir='ltr'><strong><em>animo,</em></strong></span> <span class='ocrx_word' id='word_1_96' title='bbox 888 1345 1277 1415; x_wconf 64' lang='lat' dir='ltr'><strong><em>praeceptisque</em></strong></span> <span class='ocrx_word' id='word_1_97' title='bbox 1303 1346 1611 1405; x_wconf 79' lang='lat' dir='ltr'><strong><em>cmlestibus</em></strong></span> <span class='ocrx_word' id='word_1_98' title='bbox 1629 1364 1939 1405; x_wconf 84' lang='lat' dir='ltr'><strong><em>accommo-</em></strong></span> 
     </span>
    </p>
   </div>
   <div class='ocr_carea' id='block_1_14' title="bbox 342 1430 1936 1507">
    <p class='ocr_par' dir='ltr' id='par_1_14' title="bbox 342 1430 1936 1507">
     <span class='ocr_line' id='line_1_14' title="bbox 342 1430 1936 1507; baseline 0.011 -24"><span class='ocrx_word' id='word_1_99' title='bbox 342 1430 507 1499; x_wconf 89' lang='lat' dir='ltr'><strong><em>dato,</em></strong></span> <span class='ocrx_word' id='word_1_100' title='bbox 552 1433 843 1501; x_wconf 86' lang='lat' dir='ltr'><strong><em>proclivius</em></strong></span> <span class='ocrx_word' id='word_1_101' title='bbox 890 1433 1205 1507; x_wconf 80' lang='lat' dir='ltr'><strong><em>faciliusque</em></strong></span> <span class='ocrx_word' id='word_1_102' title='bbox 1252 1437 1321 1493; x_wconf 91' lang='lat' dir='ltr'><strong><em>ad</em></strong></span> <span class='ocrx_word' id='word_1_103' title='bbox 1369 1448 1699 1495; x_wconf 86' lang='lat' dir='ltr'><strong><em>contemtum</em></strong></span> <span class='ocrx_word' id='word_1_104' title='bbox 1750 1442 1936 1500; x_wconf 90' lang='lat' dir='ltr'><strong><em>mundi</em></strong></span> 
     </span>
    </p>
   </div>
   <div class='ocr_carea' id='block_1_15' title="bbox 341 1519 1935 1599">
    <p class='ocr_par' dir='ltr' id='par_1_15' title="bbox 341 1519 1935 1599">
     <span class='ocr_line' id='line_1_15' title="bbox 341 1519 1935 1599; baseline 0.009 -27"><span class='ocrx_word' id='word_1_105' title='bbox 341 1519 769 1592; x_wconf 85' lang='lat' dir='ltr'><strong><em>comitatumque</em></strong></span> <span class='ocrx_word' id='word_1_106' title='bbox 797 1521 994 1578; x_wconf 86' lang='lat' dir='ltr'><strong><em>Christi</em></strong></span> <span class='ocrx_word' id='word_1_107' title='bbox 1018 1523 1360 1594; x_wconf 85' lang='lat' dir='ltr'><strong><em>demigraret.</em></strong></span> <span class='ocrx_word' id='word_1_108' title='bbox 1390 1526 1587 1583; x_wconf 86' lang='lat' dir='ltr'><strong><em>Fidelis</em></strong></span> <span class='ocrx_word' id='word_1_109' title='bbox 1617 1528 1756 1586; x_wconf 88' lang='lat' dir='ltr'><strong><em>Deus</em></strong></span> <span class='ocrx_word' id='word_1_110' title='bbox 1783 1544 1935 1599; x_wconf 67' lang='lat' dir='ltr'><strong><em>qua:-</em></strong></span> 
     </span>
    </p>
   </div>
   <div class='ocr_carea' id='block_1_16' title="bbox 342 1610 1933 1687">
    <p class='ocr_par' dir='ltr' id='par_1_16' title="bbox 342 1610 1933 1687">
     <span class='ocr_line' id='line_1_16' title="bbox 342 1610 1933 1687; baseline 0.009 -26"><span class='ocrx_word' id='word_1_111' title='bbox 342 1610 589 1665; x_wconf 89' lang='lat' dir='ltr'><strong><em>rentibus</em></strong></span> <span class='ocrx_word' id='word_1_112' title='bbox 616 1627 696 1681; x_wconf 90' lang='lat' dir='ltr'><strong><em>se,</em></strong></span> <span class='ocrx_word' id='word_1_113' title='bbox 722 1621 775 1667; x_wconf 90' lang='lat' dir='ltr'><strong><em>et</em></strong></span> <span class='ocrx_word' id='word_1_114' title='bbox 794 1613 884 1681; x_wconf 89' lang='lat' dir='ltr'><strong><em>qui</em></strong></span> <span class='ocrx_word' id='word_1_115' title='bbox 914 1614 993 1669; x_wconf 90' lang='lat' dir='ltr'><strong><em>eis</em></strong></span> <span class='ocrx_word' id='word_1_116' title='bbox 1031 1615 1174 1670; x_wconf 92' lang='lat' dir='ltr'><strong><em>ultro</em></strong></span> <span class='ocrx_word' id='word_1_117' title='bbox 1204 1615 1378 1684; x_wconf 86' lang='lat' dir='ltr'><strong><em>adest,</em></strong></span> <span class='ocrx_word' id='word_1_118' title='bbox 1399 1632 1520 1672; x_wconf 89' lang='lat' dir='ltr'><strong><em>eam</em></strong></span> <span class='ocrx_word' id='word_1_119' title='bbox 1546 1632 1706 1687; x_wconf 89' lang='lat' dir='ltr'><strong><em>quam</em></strong></span> <span class='ocrx_word' id='word_1_120' title='bbox 1731 1620 1933 1678; x_wconf 82' lang='lat' dir='ltr'><strong><em>famulo</em></strong></span> 
     </span>
    </p>
   </div>
   <div class='ocr_carea' id='block_1_17' title="bbox 2045 444 3639 519">
    <p class='ocr_par' dir='ltr' id='par_1_17' title="bbox 2045 444 3639 519">
     <span class='ocr_line' id='line_1_17' title="bbox 2045 444 3639 519; baseline 0.006 -20"><span class='ocrx_word' id='word_1_121' title='bbox 2045 455 2077 482; x_wconf 69' lang='grc' dir='ltr'><strong><em>ιι</em></strong></span> <span class='ocrx_word' id='word_1_122' title='bbox 2106 445 2251 500; x_wconf 90' lang='lat' dir='ltr'><strong><em>enim</em></strong></span> <span class='ocrx_word' id='word_1_123' title='bbox 2290 447 2516 516; x_wconf 89' lang='lat' dir='ltr'><strong><em>optabat</em></strong></span> <span class='ocrx_word' id='word_1_124' title='bbox 2536 447 2668 517; x_wconf 84' lang='lat' dir='ltr'><strong><em>jugo</em></strong></span> <span class='ocrx_word' id='word_1_125' title='bbox 2705 448 2903 503; x_wconf 87' lang='lat' dir='ltr'><strong><em>Christi</em></strong></span> <span class='ocrx_word' id='word_1_126' title='bbox 2932 450 3070 505; x_wconf 85' lang='lat' dir='ltr'><strong><em>colla</em></strong></span> <span class='ocrx_word' id='word_1_127' title='bbox 3095 452 3340 519; x_wconf 86' lang='lat' dir='ltr'><strong><em>subdere,</em></strong></span> <span class='ocrx_word' id='word_1_128' title='bbox 3363 453 3430 508; x_wconf 88' lang='lat' dir='ltr'><strong><em>ad</em></strong></span> <span class='ocrx_word' id='word_1_129' title='bbox 3456 444 3639 509; x_wconf 62' lang='lat' dir='ltr'><strong><em>iuniu-</em></strong></span> 
     </span>
    </p>
   </div>
   <div class='ocr_carea' id='block_1_18' title="bbox 2047 534 3634 615">
    <p class='ocr_par' dir='ltr' id='par_1_18' title="bbox 2047 534 3634 615">
     <span class='ocr_line' id='line_1_18' title="bbox 2047 534 3634 615; baseline 0.007 -25"><span class='ocrx_word' id='word_1_130' title='bbox 2047 534 2158 591; x_wconf 91' lang='lat' dir='ltr'><strong><em>lum</em></strong></span> <span class='ocrx_word' id='word_1_131' title='bbox 2186 536 2244 592; x_wconf 93' lang='lat' dir='ltr'><strong><em>S.</em></strong></span> <span class='ocrx_word' id='word_1_132' title='bbox 2275 536 2472 593; x_wconf 87' lang='lat' dir='ltr'><strong><em>Felicis</em></strong></span> <span class='ocrx_word' id='word_1_133' title='bbox 2500 538 2612 594; x_wconf 91' lang='lat' dir='ltr'><strong><em>Deo</em></strong></span> <span class='ocrx_word' id='word_1_134' title='bbox 2650 540 2889 607; x_wconf 87' lang='lat' dir='ltr'><strong><em>servire,</em></strong></span> <span class='ocrx_word' id='word_1_135' title='bbox 2932 539 3078 596; x_wconf 78' lang='lat' dir='ltr'><strong><em>fores</em></strong></span> <span class='ocrx_word' id='word_1_136' title='bbox 3120 543 3361 598; x_wconf 76' lang='lat' dir='ltr'><strong><em>ecclesia:</em></strong></span> <span class='ocrx_word' id='word_1_137' title='bbox 3403 545 3634 615; x_wconf 88' lang='lat' dir='ltr'><strong><em>aperire,</em></strong></span> 
     </span>
    </p>
   </div>
   <div class='ocr_carea' id='block_1_19' title="bbox 2044 629 3636 700">
    <p class='ocr_par' dir='ltr' id='par_1_19' title="bbox 2044 629 3636 700">
     <span class='ocr_line' id='line_1_19' title="bbox 2044 629 3636 700; baseline 0.006 -17"><span class='ocrx_word' id='word_1_138' title='bbox 2044 643 2204 684; x_wconf 89' lang='lat' dir='ltr'><strong><em>mane</em></strong></span> <span class='ocrx_word' id='word_1_139' title='bbox 2218 629 2413 685; x_wconf 74' lang='lat' dir='ltr'><strong><em>“limina</em></strong></span> <span class='ocrx_word' id='word_1_140' title='bbox 2441 630 2704 686; x_wconf 91' lang='lat' dir='ltr'><strong><em>munditic</em></strong></span> <span class='ocrx_word' id='word_1_141' title='bbox 2741 648 2963 700; x_wconf 91' lang='lat' dir='ltr'><strong><em>curare,</em></strong></span> <span class='ocrx_word' id='word_1_142' title='bbox 2993 639 3153 688; x_wconf 88' lang='lat' dir='ltr'><strong><em>nocte</em></strong></span> <span class='ocrx_word' id='word_1_143' title='bbox 3180 648 3302 689; x_wconf 88' lang='lat' dir='ltr'><strong><em>eam</em></strong></span> <span class='ocrx_word' id='word_1_144' title='bbox 3341 636 3509 691; x_wconf 90' lang='lat' dir='ltr'><strong><em>sacris</em></strong></span> <span class='ocrx_word' id='word_1_145' title='bbox 3536 652 3636 692; x_wconf 84' lang='lat' dir='ltr'><strong><em>ex-</em></strong></span> 
     </span>
    </p>
   </div>
   <div class='ocr_carea' id='block_1_20' title="bbox 2044 719 3632 783">
    <p class='ocr_par' dir='ltr' id='par_1_20' title="bbox 2044 719 3632 783">
     <span class='ocr_line' id='line_1_20' title="bbox 2044 719 3632 783; baseline 0.005 -10"><span class='ocrx_word' id='word_1_146' title='bbox 2044 719 2217 774; x_wconf 90' lang='lat' dir='ltr'><strong><em>cubiis</em></strong></span> <span class='ocrx_word' id='word_1_147' title='bbox 2242 725 2495 783; x_wconf 85' lang='lat' dir='ltr'><strong><em>‘servare.</em></strong></span> <span class='ocrx_word' id='word_1_148' title='bbox 2526 728 2583 775; x_wconf 91' lang='lat' dir='ltr'><strong><em>et</em></strong></span> <span class='ocrx_word' id='word_1_149' title='bbox 2627 721 2680 776; x_wconf 91' lang='lat' dir='ltr'><strong><em>in</em></strong></span> <span class='ocrx_word' id='word_1_150' title='bbox 2726 722 2831 777; x_wconf 91' lang='lat' dir='ltr'><strong><em>isto</em></strong></span> <span class='ocrx_word' id='word_1_151' title='bbox 2859 737 3085 778; x_wconf 88' lang='lat' dir='ltr'><strong><em>munere</em></strong></span> <span class='ocrx_word' id='word_1_152' title='bbox 3130 723 3294 777; x_wconf 88' lang='lat' dir='ltr'><strong><em>vitam</em></strong></span> <span class='ocrx_word' id='word_1_153' title='bbox 3340 724 3632 781; x_wconf 84' lang='lat' dir='ltr'><strong><em>claudere:</em></strong></span> 
     </span>
    </p>
   </div>
   <div class='ocr_carea' id='block_1_21' title="bbox 2042 810 3635 891">
    <p class='ocr_par' dir='ltr' id='par_1_21' title="bbox 2042 810 3635 891">
     <span class='ocr_line' id='line_1_21' title="bbox 2042 810 3635 891; baseline 0.004 -26"><span class='ocrx_word' id='word_1_154' title='bbox 2042 810 2243 865; x_wconf 87' lang='lat' dir='ltr'><strong><em>etenim</em></strong></span> <span class='ocrx_word' id='word_1_155' title='bbox 2281 810 2475 865; x_wconf 88' lang='lat' dir='ltr'><strong><em>saltem</em></strong></span> <span class='ocrx_word' id='word_1_156' title='bbox 2500 811 2567 867; x_wconf 91' lang='lat' dir='ltr'><strong><em>ab</em></strong></span> <span class='ocrx_word' id='word_1_157' title='bbox 2590 820 2613 848; x_wconf 87' lang='grc' dir='ltr'>ο</span> <span class='ocrx_word' id='word_1_158' title='bbox 2635 813 2816 867; x_wconf 81' lang='lat' dir='ltr'><strong><em>aeditui</em></strong></span> <span class='ocrx_word' id='word_1_159' title='bbox 2844 813 3062 868; x_wconf 88' lang='lat' dir='ltr'><strong><em>nomine</em></strong></span> <span class='ocrx_word' id='word_1_160' title='bbox 3100 821 3157 868; x_wconf 91' lang='lat' dir='ltr'><strong><em>et</em></strong></span> <span class='ocrx_word' id='word_1_161' title='bbox 3193 814 3373 871; x_wconf 85' lang='lat' dir='ltr'><strong><em>ollicio</em></strong></span> <span class='ocrx_word' id='word_1_162' title='bbox 3413 817 3635 891; x_wconf 85' lang='lat' dir='ltr'><strong><em>optabat</em></strong></span> 
     </span>
    </p>
   </div>
   <div class='ocr_carea' id='block_1_22' title="bbox 2041 901 3632 973">
    <p class='ocr_par' dir='ltr' id='par_1_22' title="bbox 2041 901 3632 973">
     <span class='ocr_line' id='line_1_22' title="bbox 2041 901 3632 973; baseline 0.002 -16"><span class='ocrx_word' id='word_1_163' title='bbox 2041 916 2252 957; x_wconf 83' lang='lat' dir='ltr'><strong><em>sacram</em></strong></span> <span class='ocrx_word' id='word_1_164' title='bbox 2274 901 2511 972; x_wconf 87' lang='lat' dir='ltr'><strong><em>incipere</em></strong></span> <span class='ocrx_word' id='word_1_165' title='bbox 2536 903 2872 958; x_wconf 85' lang='lat' dir='ltr'><strong><em>servitutem.</em></strong></span> <span class='ocrx_word' id='word_1_166' title='bbox 2897 902 3098 959; x_wconf 87' lang='lat' dir='ltr'><strong><em>Statuit</em></strong></span> <span class='ocrx_word' id='word_1_167' title='bbox 3117 903 3377 973; x_wconf 64' lang='lat' dir='ltr'><strong><em>insuper?</em></strong></span> <span class='ocrx_word' id='word_1_168' title='bbox 3398 905 3632 960; x_wconf 89' lang='lat' dir='ltr'><strong><em>animam</em></strong></span> 
     </span>
    </p>
   </div>
   <div class='ocr_carea' id='block_1_23' title="bbox 2040 994 3632 1068">
    <p class='ocr_par' dir='ltr' id='par_1_23' title="bbox 2040 994 3632 1068">
     <span class='ocr_line' id='line_1_23' title="bbox 2040 994 3632 1068; baseline 0.006 -21"><span class='ocrx_word' id='word_1_169' title='bbox 2040 994 2289 1049; x_wconf 87' lang='lat' dir='ltr'><strong><em>castitate</em></strong></span> <span class='ocrx_word' id='word_1_170' title='bbox 2310 1002 2374 1050; x_wconf 84' lang='lat' dir='ltr'><strong><em>et</em></strong></span> <span class='ocrx_word' id='word_1_171' title='bbox 2399 995 2730 1051; x_wconf 87' lang='lat' dir='ltr'><strong><em>continentia</em></strong></span> <span class='ocrx_word' id='word_1_172' title='bbox 2755 994 2988 1063; x_wconf 81' lang='lat' dir='ltr'><strong><em>ﬁrmare,</em></strong></span> <span class='ocrx_word' id='word_1_173' title='bbox 3013 1013 3174 1068; x_wconf 90' lang='lat' dir='ltr'><strong><em>quam</em></strong></span> <span class='ocrx_word' id='word_1_174' title='bbox 3203 998 3368 1053; x_wconf 89' lang='lat' dir='ltr'><strong><em>etiam</em></strong></span> <span class='ocrx_word' id='word_1_175' title='bbox 3388 1001 3632 1058; x_wconf 85' lang='lat' dir='ltr'><strong><em>carnales</em></strong></span> 
     </span>
    </p>
   </div>
   <div class='ocr_carea' id='block_1_24' title="bbox 2039 1083 3627 1159">
    <p class='ocr_par' dir='ltr' id='par_1_24' title="bbox 2039 1083 3627 1159">
     <span class='ocr_line' id='line_1_24' title="bbox 2039 1083 3627 1159; baseline 0.005 -21"><span class='ocrx_word' id='word_1_176' title='bbox 2039 1083 2257 1139; x_wconf 69' lang='lat' dir='ltr'><strong><em>athletae</em></strong></span> <span class='ocrx_word' id='word_1_177' title='bbox 2284 1084 2569 1154; x_wconf 79' lang='lat' dir='ltr'><strong><em>diligenter</em></strong></span> <span class='ocrx_word' id='word_1_178' title='bbox 2593 1093 2815 1141; x_wconf 87' lang='lat' dir='ltr'><strong><em>tuentur</em></strong></span> <span class='ocrx_word' id='word_1_179' title='bbox 2846 1104 2859 1139; x_wconf 91' lang='lat'><strong>:</strong></span> <span class='ocrx_word' id='word_1_180' title='bbox 2891 1102 3053 1156; x_wconf 90' lang='lat' dir='ltr'><strong><em>quam</em></strong></span> <span class='ocrx_word' id='word_1_181' title='bbox 3090 1087 3419 1159; x_wconf 88' lang='lat' dir='ltr'><strong><em>impensiore</em></strong></span> <span class='ocrx_word' id='word_1_182' title='bbox 3447 1090 3627 1147; x_wconf 90' lang='lat' dir='ltr'><strong><em>studio</em></strong></span> 
     </span>
    </p>
   </div>
   <div class='ocr_carea' id='block_1_25' title="bbox 2038 1174 3627 1247">
    <p class='ocr_par' dir='ltr' id='par_1_25' title="bbox 2038 1174 3627 1247">
     <span class='ocr_line' id='line_1_25' title="bbox 2038 1174 3627 1247; baseline 0.004 -18"><span class='ocrx_word' id='word_1_183' title='bbox 2038 1174 2140 1229; x_wconf 91' lang='lat' dir='ltr'><strong><em>sibi</em></strong></span> <span class='ocrx_word' id='word_1_184' title='bbox 2166 1176 2485 1231; x_wconf 87' lang='lat' dir='ltr'><strong><em>servandam</em></strong></span> <span class='ocrx_word' id='word_1_185' title='bbox 2535 1176 2862 1231; x_wconf 82' lang='lat' dir='ltr'><strong><em>existimavit</em></strong></span> <span class='ocrx_word' id='word_1_186' title='bbox 2905 1192 3006 1247; x_wconf 92' lang='lat' dir='ltr'><strong><em>pro</em></strong></span> <span class='ocrx_word' id='word_1_187' title='bbox 3053 1177 3144 1232; x_wconf 89' lang='lat' dir='ltr'><strong><em>illa</em></strong></span> <span class='ocrx_word' id='word_1_188' title='bbox 3188 1179 3627 1235; x_wconf 77' lang='lat' dir='ltr'><strong><em>immarcescibili</em></strong></span> 
     </span>
    </p>
   </div>
   <div class='ocr_carea' id='block_1_26' title="bbox 2037 1267 3627 1340">
    <p class='ocr_par' dir='ltr' id='par_1_26' title="bbox 2037 1267 3627 1340">
     <span class='ocr_line' id='line_1_26' title="bbox 2037 1267 3627 1340; baseline 0.003 -19"><span class='ocrx_word' id='word_1_189' title='bbox 2037 1281 2240 1322; x_wconf 90' lang='lat' dir='ltr'><strong><em>corona</em></strong></span> <span class='ocrx_word' id='word_1_190' title='bbox 2284 1267 2529 1334; x_wconf 90' lang='lat' dir='ltr'><strong><em>luctanti,</em></strong></span> <span class='ocrx_word' id='word_1_191' title='bbox 2581 1282 2704 1323; x_wconf 91' lang='lat' dir='ltr'><strong><em>cum</em></strong></span> <span class='ocrx_word' id='word_1_192' title='bbox 2731 1267 2892 1322; x_wconf 89' lang='lat' dir='ltr'><strong><em>etiam</em></strong></span> <span class='ocrx_word' id='word_1_193' title='bbox 2935 1283 3034 1337; x_wconf 88' lang='lat' dir='ltr'><strong><em>pro</em></strong></span> <span class='ocrx_word' id='word_1_194' title='bbox 3057 1269 3342 1338; x_wconf 90' lang='lat' dir='ltr'><strong><em>temporali</em></strong></span> <span class='ocrx_word' id='word_1_195' title='bbox 3370 1278 3425 1324; x_wconf 93' lang='lat' dir='ltr'><strong><em>et</em></strong></span> <span class='ocrx_word' id='word_1_196' title='bbox 3454 1268 3627 1340; x_wconf 80' lang='lat' dir='ltr'><strong><em>fragili</em></strong></span> 
     </span>
    </p>
   </div>
   <div class='ocr_carea' id='block_1_27' title="bbox 2036 1357 3627 1427">
    <p class='ocr_par' dir='ltr' id='par_1_27' title="bbox 2036 1357 3627 1427">
     <span class='ocr_line' id='line_1_27' title="bbox 2036 1357 3627 1427; baseline 0.002 -14"><span class='ocrx_word' id='word_1_197' title='bbox 2036 1371 2238 1413; x_wconf 85' lang='lat' dir='ltr'><strong><em>corona</em></strong></span> <span class='ocrx_word' id='word_1_198' title='bbox 2260 1357 2675 1413; x_wconf 88' lang='lat' dir='ltr'><strong><em>decernentibus</em></strong></span> <span class='ocrx_word' id='word_1_199' title='bbox 2696 1357 2995 1413; x_wconf 83' lang='lat' dir='ltr'><strong><em>excolatur.</em></strong></span> <span class='ocrx_word' id='word_1_200' title='bbox 3017 1357 3204 1427; x_wconf 87' lang='lat' dir='ltr'><strong><em>Itaque</em></strong></span> <span class='ocrx_word' id='word_1_201' title='bbox 3224 1358 3479 1414; x_wconf 90' lang='lat' dir='ltr'><strong><em>Therasia</em></strong></span> <span class='ocrx_word' id='word_1_202' title='bbox 3499 1370 3527 1410; x_wconf 74' lang='grc' dir='ltr'><strong><em>«ι</em></strong></span> <span class='ocrx_word' id='word_1_203' title='bbox 3557 1374 3627 1416; x_wconf 79' lang='lat' dir='ltr'><strong><em>ex</em></strong></span> 
     </span>
    </p>
   </div>
   <div class='ocr_carea' id='block_1_28' title="bbox 2036 1447 3625 1517">
    <p class='ocr_par' dir='ltr' id='par_1_28' title="bbox 2036 1447 3625 1517">
     <span class='ocr_line' id='line_1_28' title="bbox 2036 1447 3625 1517; baseline 0.001 -14"><span class='ocrx_word' id='word_1_204' title='bbox 2036 1447 2265 1517; x_wconf 80' lang='lat' dir='ltr'><strong><em>conjuge</em></strong></span> <span class='ocrx_word' id='word_1_205' title='bbox 2295 1448 2435 1503; x_wconf 90' lang='lat' dir='ltr'><strong><em>illius</em></strong></span> <span class='ocrx_word' id='word_1_206' title='bbox 2478 1449 2617 1503; x_wconf 81' lang='lat' dir='ltr'><strong><em>facta</em></strong></span> <span class='ocrx_word' id='word_1_207' title='bbox 2642 1457 2726 1503; x_wconf 89' lang='lat' dir='ltr'><strong><em>est</em></strong></span> <span class='ocrx_word' id='word_1_208' title='bbox 2766 1463 2938 1503; x_wconf 89' lang='lat' dir='ltr'><strong><em>soror.</em></strong></span> <span class='ocrx_word' id='word_1_209' title='bbox 2970 1447 3221 1503; x_wconf 88' lang='lat' dir='ltr'><strong><em>Paulinus</em></strong></span> <span class='ocrx_word' id='word_1_210' title='bbox 3248 1464 3378 1504; x_wconf 89' lang='lat' dir='ltr'><strong><em>vero</em></strong></span> <span class='ocrx_word' id='word_1_211' title='bbox 3410 1459 3433 1486; x_wconf 67' lang='grc' dir='ltr'><strong><em>ν</em></strong></span> <span class='ocrx_word' id='word_1_212' title='bbox 3458 1450 3625 1506; x_wconf 78' lang='lat' dir='ltr'><strong><em>musis</em></strong></span> 
     </span>
    </p>
   </div>
   <div class='ocr_carea' id='block_1_29' title="bbox 2036 1536 3625 1607">
    <p class='ocr_par' dir='ltr' id='par_1_29' title="bbox 2036 1536 3625 1607">
     <span class='ocr_line' id='line_1_29' title="bbox 2036 1536 3625 1607; baseline 0.001 -15"><span class='ocrx_word' id='word_1_213' title='bbox 2036 1545 2092 1593; x_wconf 90' lang='lat' dir='ltr'><strong><em>et</em></strong></span> <span class='ocrx_word' id='word_1_214' title='bbox 2107 1538 2333 1607; x_wconf 89' lang='lat' dir='ltr'><strong><em>poeticis</em></strong></span> <span class='ocrx_word' id='word_1_215' title='bbox 2352 1537 2547 1593; x_wconf 83' lang='lat' dir='ltr'><strong><em>fabulis</em></strong></span> <span class='ocrx_word' id='word_1_216' title='bbox 2561 1536 2804 1591; x_wconf 91' lang='lat' dir='ltr'><strong><em>nuntium</em></strong></span> <span class='ocrx_word' id='word_1_217' title='bbox 2827 1538 3047 1591; x_wconf 90' lang='lat' dir='ltr'><strong><em>omnino</em></strong></span> <span class='ocrx_word' id='word_1_218' title='bbox 3067 1537 3306 1605; x_wconf 84' lang='lat' dir='ltr'><strong><em>remisit;</em></strong></span> <span class='ocrx_word' id='word_1_219' title='bbox 3337 1554 3458 1593; x_wconf 91' lang='lat' dir='ltr'><strong><em>cum</em></strong></span> <span class='ocrx_word' id='word_1_220' title='bbox 3480 1540 3625 1593; x_wconf 89' lang='lat' dir='ltr'><strong><em>enim</em></strong></span> 
     </span>
    </p>
   </div>
   <div class='ocr_carea' id='block_1_30' title="bbox 2034 1626 3624 1700">
    <p class='ocr_par' dir='ltr' id='par_1_30' title="bbox 2034 1626 3624 1700">
     <span class='ocr_line' id='line_1_30' title="bbox 2034 1626 3624 1700; baseline -0.001 -16"><span class='ocrx_word' id='word_1_221' title='bbox 2034 1643 2131 1684; x_wconf 92' lang='lat' dir='ltr'><strong><em>cor</em></strong></span> <span class='ocrx_word' id='word_1_222' title='bbox 2167 1626 2383 1685; x_wconf 89' lang='lat' dir='ltr'><strong><em>Christo</em></strong></span> <span class='ocrx_word' id='word_1_223' title='bbox 2411 1627 2664 1695; x_wconf 89' lang='lat' dir='ltr'><strong><em>dicasset,</em></strong></span> <span class='ocrx_word' id='word_1_224' title='bbox 2696 1636 2752 1682; x_wconf 93' lang='lat' dir='ltr'><strong><em>et</em></strong></span> <span class='ocrx_word' id='word_1_225' title='bbox 2771 1627 2865 1682; x_wconf 92' lang='lat' dir='ltr'><strong><em>uni</em></strong></span> <span class='ocrx_word' id='word_1_226' title='bbox 2895 1628 3006 1682; x_wconf 89' lang='lat' dir='ltr'><strong><em>Deo</em></strong></span> <span class='ocrx_word' id='word_1_227' title='bbox 3035 1636 3182 1682; x_wconf 87' lang='lat' dir='ltr'><strong><em>totus</em></strong></span> <span class='ocrx_word' id='word_1_228' title='bbox 3208 1629 3411 1683; x_wconf 88' lang='lat' dir='ltr'><strong><em>servire</em></strong></span> <span class='ocrx_word' id='word_1_229' title='bbox 3440 1628 3624 1700; x_wconf 83' lang='lat' dir='ltr'><strong><em>vellet,</em></strong></span> 
     </span>
    </p>
   </div>
   <div class='ocr_carea' id='block_1_31' title="bbox 338 1700 3624 1790">
    <p class='ocr_par' dir='ltr' id='par_1_31' title="bbox 338 1700 3624 1790">
     <span class='ocr_line' id='line_1_31' title="bbox 338 1700 3624 1790; baseline 0.007 -38"><span class='ocrx_word' id='word_1_230' title='bbox 338 1713 440 1753; x_wconf 90' lang='lat' dir='ltr'><strong><em>suo</em></strong></span> <span class='ocrx_word' id='word_1_231' title='bbox 470 1700 588 1769; x_wconf 90' lang='lat' dir='ltr'><strong><em>ipse</em></strong></span> <span class='ocrx_word' id='word_1_232' title='bbox 618 1702 973 1772; x_wconf 84' lang='lat' dir='ltr'><strong><em>inspiraverat</em></strong></span> <span class='ocrx_word' id='word_1_233' title='bbox 1002 1704 1198 1759; x_wconf 89' lang='lat' dir='ltr'><strong><em>bonam</em></strong></span> <span class='ocrx_word' id='word_1_234' title='bbox 1226 1706 1558 1762; x_wconf 86' lang='lat' dir='ltr'><strong><em>voluntatem</em></strong></span> <span class='ocrx_word' id='word_1_235' title='bbox 1579 1709 1855 1765; x_wconf 79' lang='lat' dir='ltr'><strong><em>benedixit</em></strong></span> <span class='ocrx_word' id='word_1_236' title='bbox 1878 1720 1933 1767; x_wconf 91' lang='lat' dir='ltr'><strong><em>et</em></strong></span> <span class='ocrx_word' id='word_1_237' title='bbox 1962 1730 2008 1790; x_wconf 70' lang='grc' dir='ltr'><strong>Β</strong></span> <span class='ocrx_word' id='word_1_238' title='bbox 2036 1732 2374 1787; x_wconf 87' lang='lat' dir='ltr'><strong><em>nequaquam</em></strong></span> <span class='ocrx_word' id='word_1_239' title='bbox 2394 1717 2546 1772; x_wconf 89' lang='lat' dir='ltr'><strong><em>vanis</em></strong></span> <span class='ocrx_word' id='word_1_240' title='bbox 2565 1724 2620 1772; x_wconf 93' lang='lat' dir='ltr'><strong><em>et</em></strong></span> <span class='ocrx_word' id='word_1_241' title='bbox 2648 1716 2902 1772; x_wconf 81' lang='lat' dir='ltr'><strong><em>fabulosis</em></strong></span> <span class='ocrx_word' id='word_1_242' title='bbox 2922 1731 3115 1771; x_wconf 88' lang='lat' dir='ltr'><strong><em>vacare</em></strong></span> <span class='ocrx_word' id='word_1_243' title='bbox 3134 1716 3326 1773; x_wconf 89' lang='lat' dir='ltr'><strong><em>litteris</em></strong></span> <span class='ocrx_word' id='word_1_244' title='bbox 3339 1717 3439 1773; x_wconf 90' lang='lat' dir='ltr'><strong><em>sibi</em></strong></span> <span class='ocrx_word' id='word_1_245' title='bbox 3463 1717 3624 1774; x_wconf 82' lang='lat' dir='ltr'><strong><em>licere</em></strong></span> 
     </span>
    </p>
   </div>
   <div class='ocr_carea' id='block_1_32' title="bbox 338 1791 1935 1864">
    <p class='ocr_par' dir='ltr' id='par_1_32' title="bbox 338 1791 1935 1864">
     <span class='ocr_line' id='line_1_32' title="bbox 338 1791 1935 1864; baseline 0.008 -20"><span class='ocrx_word' id='word_1_246' title='bbox 338 1792 647 1846; x_wconf 88' lang='lat' dir='ltr'><strong><em>coronavit.</em></strong></span> <span class='ocrx_word' id='word_1_247' title='bbox 680 1791 960 1864; x_wconf 85' lang='lat' dir='ltr'><strong><em>Postquam</em></strong></span> <span class='ocrx_word' id='word_1_248' title='bbox 979 1836 993 1861; x_wconf 87' lang='lat'><strong><em>,</em></strong></span> <span class='ocrx_word' id='word_1_249' title='bbox 1020 1793 1048 1832; x_wconf 72' lang='grc' dir='ltr'><strong><em>ι’</em></strong></span> <span class='ocrx_word' id='word_1_250' title='bbox 1076 1795 1152 1849; x_wconf 86' lang='lat' dir='ltr'><strong><em>ait</em></strong></span> <span class='ocrx_word' id='word_1_251' title='bbox 1180 1794 1451 1863; x_wconf 90' lang='lat' dir='ltr'><strong><em>Paulinus,</em></strong></span> <span class='ocrx_word' id='word_1_252' title='bbox 1496 1799 1773 1855; x_wconf 81' lang='lat' dir='ltr'><strong><em>inveteravi</em></strong></span> <span class='ocrx_word' id='word_1_253' title='bbox 1797 1802 1935 1857; x_wconf 87' lang='lat' dir='ltr'><strong><em>inter</em></strong></span> 
     </span>
    </p>
   </div>
   <div class='ocr_carea' id='block_1_33' title="bbox 338 1882 1934 1958">
    <p class='ocr_par' dir='ltr' id='par_1_33' title="bbox 338 1882 1934 1958">
     <span class='ocr_line' id='line_1_33' title="bbox 338 1882 1934 1958; baseline 0.009 -25"><span class='ocrx_word' id='word_1_254' title='bbox 338 1882 581 1936; x_wconf 84' lang='lat' dir='ltr'><strong><em>inimicos</em></strong></span> <span class='ocrx_word' id='word_1_255' title='bbox 611 1900 769 1947; x_wconf 87' lang='lat' dir='ltr'><strong><em>meos,</em></strong></span> <span class='ocrx_word' id='word_1_256' title='bbox 800 1894 849 1940; x_wconf 92' lang='lat' dir='ltr'><strong><em>et</em></strong></span> <span class='ocrx_word' id='word_1_257' title='bbox 886 1887 1070 1939; x_wconf 87' lang='lat' dir='ltr'><strong><em>evanui</em></strong></span> <span class='ocrx_word' id='word_1_258' title='bbox 1098 1886 1153 1940; x_wconf 91' lang='lat' dir='ltr'><strong><em>in</em></strong></span> <span class='ocrx_word' id='word_1_259' title='bbox 1182 1888 1576 1958; x_wconf 87' lang='lat' dir='ltr'><strong><em>cogitationibus</em></strong></span> <span class='ocrx_word' id='word_1_260' title='bbox 1597 1892 1743 1957; x_wconf 84' lang='lat' dir='ltr'><strong><em>meis,</em></strong></span> <span class='ocrx_word' id='word_1_261' title='bbox 1774 1892 1934 1948; x_wconf 86' lang='lat' dir='ltr'><strong><em>levavi</em></strong></span> 
     </span>
    </p>
   </div>
   <div class='ocr_carea' id='block_1_34' title="bbox 338 1972 1934 2052">
    <p class='ocr_par' dir='ltr' id='par_1_34' title="bbox 338 1972 1934 2052">
     <span class='ocr_line' id='line_1_34' title="bbox 338 1972 1934 2052; baseline 0.009 -27"><span class='ocrx_word' id='word_1_262' title='bbox 338 1972 519 2027; x_wconf 86' lang='lat' dir='ltr'><strong><em>oculos</em></strong></span> <span class='ocrx_word' id='word_1_263' title='bbox 563 1990 701 2028; x_wconf 88' lang='lat' dir='ltr'><strong><em>meos</em></strong></span> <span class='ocrx_word' id='word_1_264' title='bbox 727 1976 780 2028; x_wconf 88' lang='lat' dir='ltr'><strong><em>in</em></strong></span> <span class='ocrx_word' id='word_1_265' title='bbox 829 1984 1027 2031; x_wconf 88' lang='lat' dir='ltr'><strong><em>montes</em></strong></span> <span class='ocrx_word' id='word_1_266' title='bbox 1073 1977 1143 2031; x_wconf 90' lang='lat' dir='ltr'><strong><em>ad</em></strong></span> <span class='ocrx_word' id='word_1_267' title='bbox 1185 1988 1447 2049; x_wconf 68' lang='lat' dir='ltr'><strong><em>pra’cepta</em></strong></span> <span class='ocrx_word' id='word_1_268' title='bbox 1493 1981 1640 2050; x_wconf 86' lang='lat' dir='ltr'><strong><em>legis,</em></strong></span> <span class='ocrx_word' id='word_1_269' title='bbox 1669 1992 1720 2036; x_wconf 85' lang='lat' dir='ltr'><strong><em>et</em></strong></span> <span class='ocrx_word' id='word_1_270' title='bbox 1746 1985 1934 2052; x_wconf 70' lang='lat' dir='ltr'><strong><em>gratia:</em></strong></span> 
     </span>
    </p>
   </div>
   <div class='ocr_carea' id='block_1_35' title="bbox 338 2063 1931 2139">
    <p class='ocr_par' dir='ltr' id='par_1_35' title="bbox 338 2063 1931 2139">
     <span class='ocr_line' id='line_1_35' title="bbox 338 2063 1931 2139; baseline 0.009 -25"><span class='ocrx_word' id='word_1_271' title='bbox 338 2063 482 2116; x_wconf 85' lang='lat' dir='ltr'><strong><em>dona</em></strong></span> <span class='ocrx_word' id='word_1_272' title='bbox 512 2066 817 2133; x_wconf 85' lang='lat' dir='ltr'><strong><em>suscipiens,</em></strong></span> <span class='ocrx_word' id='word_1_273' title='bbox 847 2066 986 2120; x_wconf 86' lang='lat' dir='ltr'><strong><em>unde</em></strong></span> <span class='ocrx_word' id='word_1_274' title='bbox 1012 2068 1138 2122; x_wconf 84' lang='lat' dir='ltr'><strong><em>mihi</em></strong></span> <span class='ocrx_word' id='word_1_275' title='bbox 1163 2070 1417 2124; x_wconf 75' lang='lat' dir='ltr'><strong><em>auxilium</em></strong></span> <span class='ocrx_word' id='word_1_276' title='bbox 1448 2071 1584 2124; x_wconf 89' lang='lat' dir='ltr'><strong><em>venit</em></strong></span> <span class='ocrx_word' id='word_1_277' title='bbox 1605 2087 1637 2124; x_wconf 92' lang='lat' dir='ltr'><strong><em>a</em></strong></span> <span class='ocrx_word' id='word_1_278' title='bbox 1676 2071 1931 2139; x_wconf 86' lang='lat' dir='ltr'><strong><em>Domino;</em></strong></span> 
     </span>
    </p>
   </div>
   <div class='ocr_carea' id='block_1_36' title="bbox 338 2154 1934 2230">
    <p class='ocr_par' dir='ltr' id='par_1_36' title="bbox 338 2154 1934 2230">
     <span class='ocr_line' id='line_1_36' title="bbox 338 2154 1934 2230; baseline 0.008 -24"><span class='ocrx_word' id='word_1_279' title='bbox 338 2154 431 2224; x_wconf 86' lang='lat' dir='ltr'><strong><em>qui</em></strong></span> <span class='ocrx_word' id='word_1_280' title='bbox 474 2171 580 2209; x_wconf 87' lang='lat' dir='ltr'><strong><em>non</em></strong></span> <span class='ocrx_word' id='word_1_281' title='bbox 605 2158 885 2211; x_wconf 87' lang='lat' dir='ltr'><strong><em>secundum</em></strong></span> <span class='ocrx_word' id='word_1_282' title='bbox 929 2159 1227 2230; x_wconf 86' lang='lat' dir='ltr'><strong><em>iniquitates</em></strong></span> <span class='ocrx_word' id='word_1_283' title='bbox 1270 2162 1574 2229; x_wconf 88' lang='lat' dir='ltr'><strong><em>retribuens,</em></strong></span> <span class='ocrx_word' id='word_1_284' title='bbox 1624 2163 1934 2219; x_wconf 89' lang='lat' dir='ltr'><strong><em>illuminavit</em></strong></span> 
     </span>
    </p>
   </div>
   <div class='ocr_carea' id='block_1_37' title="bbox 338 2248 1932 2320">
    <p class='ocr_par' dir='ltr' id='par_1_37' title="bbox 338 2248 1932 2320">
     <span class='ocr_line' id='line_1_37' title="bbox 338 2248 1932 2320; baseline 0.006 -21"><span class='ocrx_word' id='word_1_285' title='bbox 338 2262 554 2310; x_wconf 66' lang='lat' dir='ltr'><strong><em>circum,</em></strong></span> <span class='ocrx_word' id='word_1_286' title='bbox 576 2248 724 2302; x_wconf 86' lang='lat' dir='ltr'><strong><em>solvit</em></strong></span> <span class='ocrx_word' id='word_1_287' title='bbox 751 2251 1114 2320; x_wconf 86' lang='lat' dir='ltr'><strong><em>compeditum,</em></strong></span> <span class='ocrx_word' id='word_1_288' title='bbox 1140 2251 1423 2306; x_wconf 84' lang='lat' dir='ltr'><strong><em>humiliavit</em></strong></span> <span class='ocrx_word' id='word_1_289' title='bbox 1447 2262 1672 2308; x_wconf 87' lang='lat' dir='ltr'><strong><em>erectum</em></strong></span> <span class='ocrx_word' id='word_1_290' title='bbox 1701 2255 1855 2320; x_wconf 84' lang='lat' dir='ltr'><strong><em>male,</em></strong></span> <span class='ocrx_word' id='word_1_291' title='bbox 1876 2264 1932 2309; x_wconf 87' lang='lat' dir='ltr'><strong><em>ut</em></strong></span> 
     </span>
    </p>
   </div>
   <div class='ocr_carea' id='block_1_38' title="bbox 337 2338 1930 2413">
    <p class='ocr_par' dir='ltr' id='par_1_38' title="bbox 337 2338 1930 2413">
     <span class='ocr_line' id='line_1_38' title="bbox 337 2338 1930 2413; baseline 0.008 -24"><span class='ocrx_word' id='word_1_292' title='bbox 337 2338 561 2407; x_wconf 83' lang='lat' dir='ltr'><strong><em>erigeret</em></strong></span> <span class='ocrx_word' id='word_1_293' title='bbox 589 2338 912 2394; x_wconf 84' lang='lat' dir='ltr'><strong><em>humiliatum</em></strong></span> <span class='ocrx_word' id='word_1_294' title='bbox 939 2343 1040 2409; x_wconf 89' lang='lat' dir='ltr'><strong><em>pie.</em></strong></span> <span class='ocrx_word' id='word_1_295' title='bbox 1065 2341 1242 2396; x_wconf 81' lang='lat' dir='ltr'><strong><em>Vitam</em></strong></span> <span class='ocrx_word' id='word_1_296' title='bbox 1263 2353 1284 2381; x_wconf 69' lang='grc' dir='ltr'><strong><em>ο</em></strong></span> <span class='ocrx_word' id='word_1_297' title='bbox 1310 2344 1545 2413; x_wconf 90' lang='lat' dir='ltr'><strong><em>priorem</em></strong></span> <span class='ocrx_word' id='word_1_298' title='bbox 1582 2358 1743 2413; x_wconf 88' lang='lat' dir='ltr'><strong><em>quam</em></strong></span> <span class='ocrx_word' id='word_1_299' title='bbox 1766 2347 1820 2398; x_wconf 91' lang='lat' dir='ltr'><strong><em>in</em></strong></span> <span class='ocrx_word' id='word_1_300' title='bbox 1840 2360 1930 2401; x_wconf 88' lang='lat' dir='ltr'><strong><em>se-</em></strong></span> 
     </span>
    </p>
   </div>
   <div class='ocr_carea' id='block_1_39' title="bbox 337 2428 1931 2504">
    <p class='ocr_par' dir='ltr' id='par_1_39' title="bbox 337 2428 1931 2504">
     <span class='ocr_line' id='line_1_39' title="bbox 337 2428 1931 2504; baseline 0.004 -21"><span class='ocrx_word' id='word_1_301' title='bbox 337 2428 465 2483; x_wconf 90' lang='lat' dir='ltr'><strong><em>culo</em></strong></span> <span class='ocrx_word' id='word_1_302' title='bbox 494 2438 680 2498; x_wconf 87' lang='lat' dir='ltr'><strong><em>egerat</em></strong></span> <span class='ocrx_word' id='word_1_303' title='bbox 707 2432 927 2487; x_wconf 91' lang='lat' dir='ltr'><strong><em>omnino</em></strong></span> <span class='ocrx_word' id='word_1_304' title='bbox 953 2433 1199 2499; x_wconf 85' lang='lat' dir='ltr'><strong><em>mutavit,</em></strong></span> <span class='ocrx_word' id='word_1_305' title='bbox 1231 2433 1285 2488; x_wconf 92' lang='lat' dir='ltr'><strong><em>in</em></strong></span> <span class='ocrx_word' id='word_1_306' title='bbox 1306 2450 1413 2504; x_wconf 92' lang='lat' dir='ltr'><strong><em>quo</em></strong></span> <span class='ocrx_word' id='word_1_307' title='bbox 1439 2442 1619 2489; x_wconf 91' lang='lat' dir='ltr'><strong><em>tamen</em></strong></span> <span class='ocrx_word' id='word_1_308' title='bbox 1645 2450 1931 2504; x_wconf 88' lang='lat' dir='ltr'><strong><em>perversus</em></strong></span> 
     </span>
    </p>
   </div>
   <div class='ocr_carea' id='block_1_40' title="bbox 336 2521 1929 2594">
    <p class='ocr_par' dir='ltr' id='par_1_40' title="bbox 336 2521 1929 2594">
     <span class='ocr_line' id='line_1_40' title="bbox 336 2521 1929 2594; baseline 0.004 -19"><span class='ocrx_word' id='word_1_309' title='bbox 336 2537 451 2576; x_wconf 91' lang='lat' dir='ltr'><strong><em>non</em></strong></span> <span class='ocrx_word' id='word_1_310' title='bbox 474 2521 804 2577; x_wconf 82' lang='lat' dir='ltr'><strong><em>habebatur:</em></strong></span> <span class='ocrx_word' id='word_1_311' title='bbox 828 2532 883 2578; x_wconf 91' lang='lat' dir='ltr'><strong><em>et</em></strong></span> <span class='ocrx_word' id='word_1_312' title='bbox 896 2521 922 2560; x_wconf 73' lang='grc' dir='ltr'><strong>ἀ</strong></span> <span class='ocrx_word' id='word_1_313' title='bbox 941 2524 1049 2580; x_wconf 78' lang='lat' dir='ltr'><strong><em>ha’c</em></strong></span> <span class='ocrx_word' id='word_1_314' title='bbox 1068 2540 1196 2580; x_wconf 87' lang='lat' dir='ltr'><strong><em>vere</em></strong></span> <span class='ocrx_word' id='word_1_315' title='bbox 1214 2527 1431 2580; x_wconf 86' lang='lat' dir='ltr'><strong><em>mutatio</em></strong></span> <span class='ocrx_word' id='word_1_316' title='bbox 1453 2526 1678 2580; x_wconf 73' lang='lat' dir='ltr'><strong><em>dextera:</em></strong></span> <span class='ocrx_word' id='word_1_317' title='bbox 1698 2525 1929 2594; x_wconf 74' lang='lat' dir='ltr'><strong><em>Excelsi,</em></strong></span> 
     </span>
    </p>
   </div>
   <div class='ocr_carea' id='block_1_41' title="bbox 335 2613 1939 2688">
    <p class='ocr_par' dir='ltr' id='par_1_41' title="bbox 335 2613 1939 2688">
     <span class='ocr_line' id='line_1_41' title="bbox 335 2613 1939 2688; baseline 0.008 -24"><span class='ocrx_word' id='word_1_318' title='bbox 335 2627 505 2681; x_wconf 83' lang='lat' dir='ltr'><strong><em>quam</em></strong></span> <span class='ocrx_word' id='word_1_319' title='bbox 533 2613 680 2669; x_wconf 88' lang='lat' dir='ltr'><strong><em>solus</em></strong></span> <span class='ocrx_word' id='word_1_320' title='bbox 702 2613 843 2669; x_wconf 87' lang='lat' dir='ltr'><strong><em>Dens</em></strong></span> <span class='ocrx_word' id='word_1_321' title='bbox 868 2617 1083 2685; x_wconf 89' lang='lat' dir='ltr'><strong><em>operari</em></strong></span> <span class='ocrx_word' id='word_1_322' title='bbox 1111 2625 1345 2688; x_wconf 89' lang='lat' dir='ltr'><strong><em>poterat.</em></strong></span> <span class='ocrx_word' id='word_1_323' title='bbox 1375 2616 1614 2674; x_wconf 81' lang='lat' dir='ltr'><strong><em>Extremi</em></strong></span> <span class='ocrx_word' id='word_1_324' title='bbox 1644 2620 1939 2687; x_wconf 43' lang='lat' dir='ltr'><strong><em>(it-territus.</em></strong></span> 
     </span>
    </p>
   </div>
   <div class='ocr_carea' id='block_1_42' title="bbox 335 2703 1929 2781">
    <p class='ocr_par' dir='ltr' id='par_1_42' title="bbox 335 2703 1929 2781">
     <span class='ocr_line' id='line_1_42' title="bbox 335 2703 1929 2781; baseline 0.006 -23"><span class='ocrx_word' id='word_1_325' title='bbox 335 2703 406 2759; x_wconf 91' lang='lat' dir='ltr'><strong><em>lis</em></strong></span> <span class='ocrx_word' id='word_1_326' title='bbox 424 2704 609 2773; x_wconf 88' lang='lat' dir='ltr'><strong><em>judicii</em></strong></span> <span class='ocrx_word' id='word_1_327' title='bbox 635 2714 812 2763; x_wconf 90' lang='lat' dir='ltr'><strong><em>metus</em></strong></span> <span class='ocrx_word' id='word_1_328' title='bbox 831 2722 926 2763; x_wconf 91' lang='lat' dir='ltr'><strong><em>cor</em></strong></span> <span class='ocrx_word' id='word_1_329' title='bbox 945 2709 1086 2764; x_wconf 90' lang='lat' dir='ltr'><strong><em>illius</em></strong></span> <span class='ocrx_word' id='word_1_330' title='bbox 1105 2718 1419 2778; x_wconf 88' lang='lat' dir='ltr'><strong><em>pervaserat</em></strong></span> <span class='ocrx_word' id='word_1_331' title='bbox 1449 2728 1463 2764; x_wconf 90' lang='lat'><strong>:</strong></span> <span class='ocrx_word' id='word_1_332' title='bbox 1491 2722 1840 2781; x_wconf 71' lang='lat' dir='ltr'><strong><em>quamet)er</em></strong></span> <span class='ocrx_word' id='word_1_333' title='bbox 1861 2711 1929 2770; x_wconf 78' lang='lat' dir='ltr'><strong><em>ad</em></strong></span> 
     </span>
    </p>
   </div>
   <div class='ocr_carea' id='block_1_43' title="bbox 335 2793 1929 2872">
    <p class='ocr_par' dir='ltr' id='par_1_43' title="bbox 335 2793 1929 2872">
     <span class='ocr_line' id='line_1_43' title="bbox 335 2793 1929 2872; baseline 0.008 -24"><span class='ocrx_word' id='word_1_334' title='bbox 335 2793 639 2849; x_wconf 82' lang='lat' dir='ltr'><strong><em>Ausonium</em></strong></span> <span class='ocrx_word' id='word_1_335' title='bbox 666 2797 907 2852; x_wconf 89' lang='lat' dir='ltr'><strong><em>scribens</em></strong></span> <span class='ocrx_word' id='word_1_336' title='bbox 923 2798 1019 2866; x_wconf 89' lang='lat' dir='ltr'><strong><em>ait,</em></strong></span> <span class='ocrx_word' id='word_1_337' title='bbox 1057 2798 1225 2854; x_wconf 87' lang='lat' dir='ltr'><strong><em>Deum</em></strong></span> <span class='ocrx_word' id='word_1_338' title='bbox 1254 2815 1312 2855; x_wconf 91' lang='lat' dir='ltr'><strong><em>se</em></strong></span> <span class='ocrx_word' id='word_1_339' title='bbox 1342 2801 1531 2857; x_wconf 90' lang='lat' dir='ltr'><strong><em>timere</em></strong></span> <span class='ocrx_word' id='word_1_340' title='bbox 1547 2801 1804 2872; x_wconf 85' lang='lat' dir='ltr'><strong><em>judicem,</em></strong></span> <span class='ocrx_word' id='word_1_341' title='bbox 1835 2820 1929 2860; x_wconf 90' lang='lat' dir='ltr'><strong><em>su-</em></strong></span> 
     </span>
    </p>
   </div>
   <div class='ocr_carea' id='block_1_44' title="bbox 337 2886 1928 2969">
    <p class='ocr_par' dir='ltr' id='par_1_44' title="bbox 337 2886 1928 2969">
     <span class='ocr_line' id='line_1_44' title="bbox 337 2886 1928 2969; baseline 0.008 -31"><span class='ocrx_word' id='word_1_342' title='bbox 337 2899 543 2954; x_wconf 68' lang='lat' dir='ltr'><strong><em>prema:</em></strong></span> <span class='ocrx_word' id='word_1_343' title='bbox 571 2886 715 2942; x_wconf 90' lang='lat' dir='ltr'><strong><em>illius</em></strong></span> <span class='ocrx_word' id='word_1_344' title='bbox 743 2888 883 2942; x_wconf 69' lang='lat' dir='ltr'><strong><em>tuba:</em></strong></span> <span class='ocrx_word' id='word_1_345' title='bbox 910 2889 1038 2943; x_wconf 92' lang='lat' dir='ltr'><strong><em>cieri</em></strong></span> <span class='ocrx_word' id='word_1_346' title='bbox 1069 2898 1304 2957; x_wconf 89' lang='lat' dir='ltr'><strong><em>terrore;</em></strong></span> <span class='ocrx_word' id='word_1_347' title='bbox 1329 2892 1382 2946; x_wconf 93' lang='lat' dir='ltr'><strong><em>id</em></strong></span> <span class='ocrx_word' id='word_1_348' title='bbox 1410 2893 1695 2965; x_wconf 67' lang='lat' dir='ltr'><strong><em>providere</em></strong></span> <span class='ocrx_word' id='word_1_349' title='bbox 1725 2910 1798 2966; x_wconf 62' lang='lat' dir='ltr'><strong><em>ne</em></strong></span> <span class='ocrx_word' id='word_1_350' title='bbox 1822 2895 1928 2969; x_wconf 46' lang='lat' dir='ltr'><strong><em>isne</em></strong></span> 
     </span>
    </p>
   </div>
   <div class='ocr_carea' id='block_1_45' title="bbox 338 2967 1949 3066">
    <p class='ocr_par' dir='ltr' id='par_1_45' title="bbox 338 2967 1949 3066">
     <span class='ocr_line' id='line_1_45' title="bbox 338 2967 1949 3066; baseline 0.007 -37"><span class='ocrx_word' id='word_1_351' title='bbox 338 2984 585 3043; x_wconf 83' lang='lat' dir='ltr'><strong><em>paratum</em></strong></span> <span class='ocrx_word' id='word_1_352' title='bbox 636 2992 782 3032; x_wconf 89' lang='lat' dir='ltr'><strong><em>mors</em></strong></span> <span class='ocrx_word' id='word_1_353' title='bbox 836 2980 1123 3048; x_wconf 88' lang='lat' dir='ltr'><strong><em>opprimat,</em></strong></span> <span class='ocrx_word' id='word_1_354' title='bbox 1173 2989 1229 3036; x_wconf 90' lang='lat' dir='ltr'><strong><em>et</em></strong></span> <span class='ocrx_word' id='word_1_355' title='bbox 1274 2990 1333 3036; x_wconf 93' lang='lat' dir='ltr'><strong><em>ut</em></strong></span> <span class='ocrx_word' id='word_1_356' title='bbox 1356 2983 1500 3039; x_wconf 89' lang='lat' dir='ltr'><strong><em>hunc</em></strong></span> <span class='ocrx_word' id='word_1_357' title='bbox 1528 2967 1949 3066; x_wconf 34' lang='lat' dir='ltr'><strong><em>~recognit¢iqnjsg</em></strong></span> 
     </span>
    </p>
   </div>
   <div class='ocr_carea' id='block_1_46' title="bbox 337 3064 1584 3142">
    <p class='ocr_par' dir='ltr' id='par_1_46' title="bbox 337 3064 1584 3142">
     <span class='ocr_line' id='line_1_46' title="bbox 337 3064 1584 3142; baseline 0.008 -23"><span class='ocrx_word' id='word_1_358' title='bbox 337 3064 478 3119; x_wconf 86' lang='lat' dir='ltr'><strong><em>diem</em></strong></span> <span class='ocrx_word' id='word_1_359' title='bbox 506 3080 701 3122; x_wconf 88' lang='lat' dir='ltr'><strong><em>securo</em></strong></span> <span class='ocrx_word' id='word_1_360' title='bbox 727 3066 827 3121; x_wconf 90' lang='lat' dir='ltr'><strong><em>sibi</em></strong></span> <span class='ocrx_word' id='word_1_361' title='bbox 852 3068 1011 3123; x_wconf 90' lang='lat' dir='ltr'><strong><em>liceat</em></strong></span> <span class='ocrx_word' id='word_1_362' title='bbox 1038 3071 1221 3126; x_wconf 91' lang='lat' dir='ltr'><strong><em>animo</em></strong></span> <span class='ocrx_word' id='word_1_363' title='bbox 1250 3080 1584 3142; x_wconf 83' lang='lat' dir='ltr'><strong><em>exspectare.</em></strong></span> 
     </span>
    </p>
   </div>
   <div class='ocr_carea' id='block_1_47' title="bbox 431 3174 1723 3241">
    <p class='ocr_par' dir='ltr' id='par_1_47' title="bbox 431 3174 1723 3241">
     <span class='ocr_line' id='line_1_47' title="bbox 431 3174 1723 3241; baseline 0.007 -18"><span class='ocrx_word' id='word_1_364' title='bbox 431 3174 587 3241; x_wconf 68' lang='lat' dir='ltr'><strong><em>ljuins</em></strong></span> <span class='ocrx_word' id='word_1_365' title='bbox 608 3178 633 3206; x_wconf 77' lang='grc' dir='ltr'>θ</span> <span class='ocrx_word' id='word_1_366' title='bbox 653 3178 699 3225; x_wconf 92' lang='lat' dir='ltr'><strong><em>in</em></strong></span> <span class='ocrx_word' id='word_1_367' title='bbox 717 3176 981 3227; x_wconf 79' lang='lat' dir='ltr'><strong><em>adventum</em></strong></span> <span class='ocrx_word' id='word_1_368' title='bbox 1003 3180 1335 3241; x_wconf 88' lang='lat' dir='ltr'><strong><em>trepidismihi</em></strong></span> <span class='ocrx_word' id='word_1_369' title='bbox 1362 3183 1560 3234; x_wconf 87' lang='lat' dir='ltr'><strong><em>credula</em></strong></span> <span class='ocrx_word' id='word_1_370' title='bbox 1587 3183 1723 3235; x_wconf 82' lang='lat' dir='ltr'><strong><em>libris</em></strong></span> 
     </span>
    </p>
   </div>
   <div class='ocr_carea' id='block_1_48' title="bbox 430 3235 1857 3311">
    <p class='ocr_par' dir='ltr' id='par_1_48' title="bbox 430 3235 1857 3311">
     <span class='ocr_line' id='line_1_48' title="bbox 430 3235 1857 3311; baseline 0.009 -26"><span class='ocrx_word' id='word_1_371' title='bbox 430 3235 581 3311; x_wconf 52' lang='lat' dir='ltr'><strong><em>Corda</em></strong></span> <span class='ocrx_word' id='word_1_372' title='bbox 607 3247 841 3311; x_wconf 77' lang='lat' dir='ltr'><strong><em>tremunt,</em></strong></span> <span class='ocrx_word' id='word_1_373' title='bbox 865 3235 1117 3311; x_wconf 72' lang='lat' dir='ltr'><strong><em>gestitque</em></strong></span> <span class='ocrx_word' id='word_1_374' title='bbox 1136 3245 1314 3311; x_wconf 75' lang='lat' dir='ltr'><strong><em>anima,</em></strong></span> <span class='ocrx_word' id='word_1_375' title='bbox 1338 3245 1384 3293; x_wconf 89' lang='lat' dir='ltr'><strong><em>id</em></strong></span> <span class='ocrx_word' id='word_1_376' title='bbox 1404 3247 1502 3307; x_wconf 84' lang='lat' dir='ltr'><strong><em>jam</em></strong></span> <span class='ocrx_word' id='word_1_377' title='bbox 1526 3248 1857 3311; x_wconf 6' lang='lat' dir='ltr'><strong><em>cautaqfuturi,</em></strong></span> 
     </span>
    </p>
   </div>
   <div class='ocr_carea' id='block_1_49' title="bbox 432 3296 1732 3369">
    <p class='ocr_par' dir='ltr' id='par_1_49' title="bbox 432 3296 1732 3369">
     <span class='ocr_line' id='line_1_49' title="bbox 432 3296 1732 3369; baseline 0.01 -24"><span class='ocrx_word' id='word_1_378' title='bbox 432 3296 788 3369; x_wconf 65' lang='lat' dir='ltr'><strong><em>Emmetuens,</em></strong></span> <span class='ocrx_word' id='word_1_379' title='bbox 816 3296 893 3348; x_wconf 62' lang='lat' dir='ltr'><strong><em>ne&#39;</em></strong></span> <span class='ocrx_word' id='word_1_380' title='bbox 904 3296 1056 3369; x_wconf 79' lang='lat' dir='ltr'><strong><em>vincta</em></strong></span> <span class='ocrx_word' id='word_1_381' title='bbox 1087 3307 1232 3365; x_wconf 60' lang='lat' dir='ltr'><strong><em>agris</em></strong></span> <span class='ocrx_word' id='word_1_382' title='bbox 1252 3296 1339 3369; x_wconf 71' lang='lat' dir='ltr'><strong><em>pro</em></strong></span> <span class='ocrx_word' id='word_1_383' title='bbox 1356 3296 1563 3369; x_wconf 72' lang='lat' dir='ltr'><strong><em>corpore</em></strong></span> <span class='ocrx_word' id='word_1_384' title='bbox 1585 3309 1732 3369; x_wconf 84' lang='lat' dir='ltr'><strong><em>curis,</em></strong></span> 
     </span>
    </p>
   </div>
   <div class='ocr_carea' id='block_1_50' title="bbox 431 3357 1651 3423">
    <p class='ocr_par' dir='ltr' id='par_1_50' title="bbox 431 3357 1651 3423">
     <span class='ocr_line' id='line_1_50' title="bbox 431 3357 1651 3423; baseline 0.009 -16"><span class='ocrx_word' id='word_1_385' title='bbox 431 3357 839 3423; x_wconf 68' lang='lat' dir='ltr'><strong><em>Ponderibusque</em></strong></span> <span class='ocrx_word' id='word_1_386' title='bbox 857 3366 1019 3422; x_wconf 79' lang='lat' dir='ltr'><strong><em>gravis</em></strong></span> <span class='ocrx_word' id='word_1_387' title='bbox 1038 3357 1224 3423; x_wconf 71' lang='lat' dir='ltr'><strong><em>rerum,</em></strong></span> <span class='ocrx_word' id='word_1_388' title='bbox 1249 3357 1288 3415; x_wconf 78' lang='lat' dir='ltr'><strong><em>si</em></strong></span> <span class='ocrx_word' id='word_1_389' title='bbox 1307 3368 1433 3417; x_wconf 82' lang='lat' dir='ltr'><strong><em>forte</em></strong></span> <span class='ocrx_word' id='word_1_390' title='bbox 1446 3357 1651 3418; x_wconf 68' lang='lat' dir='ltr'><strong><em>&#39;recluso</em></strong></span> 
     </span>
    </p>
   </div>
   <div class='ocr_carea' id='block_1_51' title="bbox 430 3418 1675 3485">
    <p class='ocr_par' dir='ltr' id='par_1_51' title="bbox 430 3418 1675 3485">
     <span class='ocr_line' id='line_1_51' title="bbox 430 3418 1675 3485; baseline 0.011 -21"><span class='ocrx_word' id='word_1_391' title='bbox 430 3418 701 3485; x_wconf 48' lang='lat' dir='ltr'><strong><em>increpita</em></strong></span> <span class='ocrx_word' id='word_1_392' title='bbox 724 3418 839 3471; x_wconf 79' lang='lat' dir='ltr'><strong><em>tuba</em></strong></span> <span class='ocrx_word' id='word_1_393' title='bbox 858 3418 989 3473; x_wconf 71' lang='lat' dir='ltr'><strong><em>vasta</em></strong></span> <span class='ocrx_word' id='word_1_394' title='bbox 1016 3425 1143 3485; x_wconf 85' lang='lat' dir='ltr'><strong><em>polo,</em></strong></span> <span class='ocrx_word' id='word_1_395' title='bbox 1164 3418 1258 3477; x_wconf 82' lang='lat' dir='ltr'><strong><em>non</em></strong></span> <span class='ocrx_word' id='word_1_396' title='bbox 1286 3431 1435 3485; x_wconf 82' lang='lat' dir='ltr'><strong><em>possit</em></strong></span> <span class='ocrx_word' id='word_1_397' title='bbox 1452 3431 1502 3478; x_wconf 89' lang='lat' dir='ltr'><strong><em>in</em></strong></span> <span class='ocrx_word' id='word_1_398' title='bbox 1527 3443 1675 3479; x_wconf 84' lang='lat' dir='ltr'><strong><em>auras</em></strong></span> 
     </span>
    </p>
   </div>
   <div class='ocr_carea' id='block_1_52' title="bbox 432 3479 1765 3551">
    <p class='ocr_par' dir='ltr' id='par_1_52' title="bbox 432 3479 1765 3551">
     <span class='ocr_line' id='line_1_52' title="bbox 432 3479 1765 3551; baseline 0.009 -22"><span class='ocrx_word' id='word_1_399' title='bbox 432 3479 588 3551; x_wconf 57' lang='lat' dir='ltr'><strong><em>ﬁegzs</em></strong></span> <span class='ocrx_word' id='word_1_400' title='bbox 600 3484 659 3531; x_wconf 88' lang='lat' dir='ltr'><strong><em>ad</em></strong></span> <span class='ocrx_word' id='word_1_401' title='bbox 683 3495 936 3551; x_wconf 76' lang='lat' dir='ltr'><strong><em>occursum</em></strong></span> <span class='ocrx_word' id='word_1_402' title='bbox 955 3479 1149 3551; x_wconf 73' lang='lat' dir='ltr'><strong><em>levibus</em></strong></span> <span class='ocrx_word' id='word_1_403' title='bbox 1164 3502 1221 3551; x_wconf 86' lang='lat' dir='ltr'><strong><em>se</em></strong></span> <span class='ocrx_word' id='word_1_404' title='bbox 1240 3479 1416 3540; x_wconf 75' lang='lat' dir='ltr'><strong><em>tollere</em></strong></span> <span class='ocrx_word' id='word_1_405' title='bbox 1442 3493 1616 3551; x_wconf 83' lang='lat' dir='ltr'><strong><em>pennis</em></strong></span> <span class='ocrx_word' id='word_1_406' title='bbox 1640 3490 1765 3541; x_wconf 74' lang='grc' dir='ltr'>ί</span> 
     </span>
    </p>
   </div>
   <div class='ocr_carea' id='block_1_53' title="bbox 430 3540 1798 3608">
    <p class='ocr_par' dir='ltr' id='par_1_53' title="bbox 430 3540 1798 3608">
     <span class='ocr_line' id='line_1_53' title="bbox 430 3540 1798 3608; baseline 0.01 -18"><span class='ocrx_word' id='word_1_407' title='bbox 430 3540 704 3608; x_wconf 52' lang='grc' dir='ltr'><strong><em>ῌίοίωθιιιε</em></strong></span> <span class='ocrx_word' id='word_1_408' title='bbox 728 3552 824 3605; x_wconf 80' lang='lat' dir='ltr'><strong><em>est,</em></strong></span> <span class='ocrx_word' id='word_1_409' title='bbox 850 3546 984 3595; x_wconf 84' lang='lat' dir='ltr'><strong><em>labor</em></strong></span> <span class='ocrx_word' id='word_1_410' title='bbox 1006 3550 1120 3608; x_wconf 85' lang='lat' dir='ltr'><strong><em>iste,</em></strong></span> <span class='ocrx_word' id='word_1_411' title='bbox 1146 3550 1252 3599; x_wconf 90' lang='lat' dir='ltr'><strong><em>dies</em></strong></span> <span class='ocrx_word' id='word_1_412' title='bbox 1275 3565 1338 3600; x_wconf 83' lang='lat' dir='ltr'><strong><em>ne</em></strong></span> <span class='ocrx_word' id='word_1_413' title='bbox 1361 3540 1657 3605; x_wconf 63' lang='lat' dir='ltr'><strong><em>me&#39;ultimus</em></strong></span> <span class='ocrx_word' id='word_1_414' title='bbox 1674 3540 1798 3604; x_wconf 83' lang='lat' dir='ltr'><strong><em>atris</em></strong></span> 
     </span>
    </p>
   </div>
   <div class='ocr_carea' id='block_1_54' title="bbox 429 3602 1641 3673">
    <p class='ocr_par' dir='ltr' id='par_1_54' title="bbox 429 3602 1641 3673">
     <span class='ocr_line' id='line_1_54' title="bbox 429 3602 1641 3673; baseline 0.009 -22"><span class='ocrx_word' id='word_1_415' title='bbox 429 3602 650 3666; x_wconf 82' lang='lat' dir='ltr'><strong><em>Sepitum</em></strong></span> <span class='ocrx_word' id='word_1_416' title='bbox 677 3602 902 3656; x_wconf 75' lang='lat' dir='ltr'><strong><em>tenebris</em></strong></span> <span class='ocrx_word' id='word_1_417' title='bbox 922 3608 1076 3659; x_wconf 85' lang='lat' dir='ltr'><strong><em>sterili</em></strong></span> <span class='ocrx_word' id='word_1_418' title='bbox 1100 3602 1376 3673; x_wconf 85' lang='lat' dir='ltr'><strong><em>deprendat</em></strong></span> <span class='ocrx_word' id='word_1_419' title='bbox 1400 3614 1446 3662; x_wconf 89' lang='lat' dir='ltr'><strong><em>in</em></strong></span> <span class='ocrx_word' id='word_1_420' title='bbox 1462 3602 1570 3663; x_wconf 77' lang='lat' dir='ltr'><strong><em>actu</em></strong></span> <span class='ocrx_word' id='word_1_421' title='bbox 1596 3616 1641 3662; x_wconf 77' lang='lat'><strong><em>8.</em></strong></span> 
     </span>
    </p>
   </div>
   <div class='ocr_carea' id='block_1_55' title="bbox 405 3706 1918 3779">
    <p class='ocr_par' dir='ltr' id='par_1_55' title="bbox 405 3706 1918 3779">
     <span class='ocr_line' id='line_1_55' title="bbox 405 3706 1918 3779; baseline 0.009 -17"><span class='ocrx_word' id='word_1_422' title='bbox 405 3706 513 3762; x_wconf 89' lang='lat' dir='ltr'><strong><em>Sed</em></strong></span> <span class='ocrx_word' id='word_1_423' title='bbox 541 3716 596 3764; x_wconf 89' lang='lat' dir='ltr'><strong><em>et</em></strong></span> <span class='ocrx_word' id='word_1_424' title='bbox 614 3708 745 3764; x_wconf 91' lang='lat' dir='ltr'><strong><em>illud</em></strong></span> <span class='ocrx_word' id='word_1_425' title='bbox 772 3708 839 3765; x_wconf 88' lang='lat' dir='ltr'><strong><em>de</em></strong></span> <span class='ocrx_word' id='word_1_426' title='bbox 866 3711 1035 3779; x_wconf 86' lang='lat' dir='ltr'><strong><em>gratia</em></strong></span> <span class='ocrx_word' id='word_1_427' title='bbox 1059 3710 1256 3769; x_wconf 89' lang='lat' dir='ltr'><strong><em>Christi</em></strong></span> <span class='ocrx_word' id='word_1_428' title='bbox 1276 3723 1449 3770; x_wconf 86' lang='lat' dir='ltr'><strong><em>totum</em></strong></span> <span class='ocrx_word' id='word_1_429' title='bbox 1476 3716 1790 3772; x_wconf 87' lang='lat' dir='ltr'><strong><em>immutante</em></strong></span> <span class='ocrx_word' id='word_1_430' title='bbox 1815 3718 1918 3775; x_wconf 93' lang='lat' dir='ltr'><strong><em>ho-</em></strong></span> 
     </span>
    </p>
   </div>
   <div class='ocr_carea' id='block_1_56' title="bbox 331 3799 1920 3879">
    <p class='ocr_par' dir='ltr' id='par_1_56' title="bbox 331 3799 1920 3879">
     <span class='ocr_line' id='line_1_56' title="bbox 331 3799 1920 3879; baseline 0.009 -26"><span class='ocrx_word' id='word_1_431' title='bbox 331 3799 536 3854; x_wconf 87' lang='lat' dir='ltr'><strong><em>minem</em></strong></span> <span class='ocrx_word' id='word_1_432' title='bbox 566 3799 821 3868; x_wconf 86' lang='lat' dir='ltr'><strong><em>ostendit,</em></strong></span> <span class='ocrx_word' id='word_1_433' title='bbox 851 3815 1010 3871; x_wconf 90' lang='lat' dir='ltr'><strong><em>quam</em></strong></span> <span class='ocrx_word' id='word_1_434' title='bbox 1036 3802 1211 3874; x_wconf 89' lang='lat' dir='ltr'><strong><em>ipsum</em></strong></span> <span class='ocrx_word' id='word_1_435' title='bbox 1238 3806 1341 3862; x_wconf 90' lang='lat' dir='ltr'><strong><em>sibi</em></strong></span> <span class='ocrx_word' id='word_1_436' title='bbox 1378 3804 1663 3863; x_wconf 89' lang='lat' dir='ltr'><strong><em>Paulinum</em></strong></span> <span class='ocrx_word' id='word_1_437' title='bbox 1706 3810 1920 3879; x_wconf 88' lang='lat' dir='ltr'><strong><em>penitus</em></strong></span> 
     </span>
    </p>
   </div>
   <div class='ocr_carea' id='block_1_57' title="bbox 334 3890 716 3946">
    <p class='ocr_par' dir='ltr' id='par_1_57' title="bbox 334 3890 716 3946">
     <span class='ocr_line' id='line_1_57' title="bbox 334 3890 716 3946; baseline -0.003 -2"><span class='ocrx_word' id='word_1_438' title='bbox 334 3890 671 3946; x_wconf 82' lang='lat' dir='ltr'><strong><em>vendicasset</em></strong></span> <span class='ocrx_word' id='word_1_439' title='bbox 703 3907 716 3943; x_wconf 90' lang='lat'><strong>:</strong></span> 
     </span>
    </p>
   </div>
   <div class='ocr_carea' id='block_1_58' title="bbox 517 3981 1498 4049">
    <p class='ocr_par' dir='ltr' id='par_1_58' title="bbox 517 3981 1498 4049">
     <span class='ocr_line' id='line_1_58' title="bbox 517 3981 1498 4049; baseline 0.01 -19"><span class='ocrx_word' id='word_1_440' title='bbox 517 3981 750 4049; x_wconf 62' lang='lat' dir='ltr'><strong><em>Bigergo</em></strong></span> <span class='ocrx_word' id='word_1_441' title='bbox 774 3984 953 4049; x_wconf 83' lang='lat' dir='ltr'><strong><em>nostris</em></strong></span> <span class='ocrx_word' id='word_1_442' title='bbox 974 3993 1190 4049; x_wconf 73' lang='lat' dir='ltr'><strong><em>utsuum</em></strong></span> <span class='ocrx_word' id='word_1_443' title='bbox 1216 3989 1498 4049; x_wconf 64' lang='lat' dir='ltr'><strong><em>praeordiis</em></strong></span> 
     </span>
    </p>
   </div>
   <div class='ocr_carea' id='block_1_59' title="bbox 581 4042 1189 4109">
    <p class='ocr_par' dir='ltr' id='par_1_59' title="bbox 581 4042 1189 4109">
     <span class='ocr_line' id='line_1_59' title="bbox 581 4042 1189 4109; baseline 0.01 -21"><span class='ocrx_word' id='word_1_444' title='bbox 581 4042 860 4109; x_wconf 80' lang='lat' dir='ltr'><strong><em>Vibraverit</em></strong></span> <span class='ocrx_word' id='word_1_445' title='bbox 886 4048 1008 4095; x_wconf 73' lang='lat' dir='ltr'><strong><em>cmlo</em></strong></span> <span class='ocrx_word' id='word_1_446' title='bbox 1022 4046 1189 4109; x_wconf 88' lang='lat' dir='ltr'><strong><em>jubar,</em></strong></span> 
     </span>
    </p>
   </div>
   <div class='ocr_carea' id='block_1_60' title="bbox 516 4102 1547 4175">
    <p class='ocr_par' dir='ltr' id='par_1_60' title="bbox 516 4102 1547 4175">
     <span class='ocr_line' id='line_1_60' title="bbox 516 4102 1547 4175; baseline 0.013 -25"><span class='ocrx_word' id='word_1_447' title='bbox 516 4102 773 4175; x_wconf 58' lang='lat' dir='ltr'><strong><em>Auster-git</em></strong></span> <span class='ocrx_word' id='word_1_448' title='bbox 796 4119 981 4169; x_wconf 64' lang='lat' dir='ltr'><strong><em>aegrum</em></strong></span> <span class='ocrx_word' id='word_1_449' title='bbox 1001 4102 1220 4175; x_wconf 69' lang='lat' dir='ltr'><strong><em>corporis</em></strong></span> <span class='ocrx_word' id='word_1_450' title='bbox 1238 4111 1359 4172; x_wconf 85' lang='lat' dir='ltr'><strong><em>pigri</em></strong></span> <span class='ocrx_word' id='word_1_451' title='bbox 1384 4114 1547 4175; x_wconf 88' lang='lat' dir='ltr'><strong><em>situm,</em></strong></span> 
     </span>
    </p>
   </div>
   <div class='ocr_carea' id='block_1_61' title="bbox 580 4164 1365 4228">
    <p class='ocr_par' dir='ltr' id='par_1_61' title="bbox 580 4164 1365 4228">
     <span class='ocr_line' id='line_1_61' title="bbox 580 4164 1365 4228; baseline 0.011 -17"><span class='ocrx_word' id='word_1_452' title='bbox 580 4164 907 4228; x_wconf 72' lang='lat' dir='ltr'><strong><em>Hahitumqﬁe</em></strong></span> <span class='ocrx_word' id='word_1_453' title='bbox 930 4164 1107 4218; x_wconf 78' lang='lat' dir='ltr'><strong><em>mentis</em></strong></span> <span class='ocrx_word' id='word_1_454' title='bbox 1126 4164 1325 4221; x_wconf 56' lang='lat' dir='ltr'><strong><em>innovat</em></strong></span> <span class='ocrx_word' id='word_1_455' title='bbox 1352 4186 1365 4220; x_wconf 93' lang='lat'>:</span> 
     </span>
    </p>
   </div>
   <div class='ocr_carea' id='block_1_62' title="bbox 515 4222 1441 4292">
    <p class='ocr_par' dir='ltr' id='par_1_62' title="bbox 515 4222 1441 4292">
     <span class='ocr_line' id='line_1_62' title="bbox 515 4222 1441 4292; baseline 0.013 -19"><span class='ocrx_word' id='word_1_456' title='bbox 515 4222 749 4292; x_wconf 74' lang='lat' dir='ltr'><strong><em>Exhaurit</em></strong></span> <span class='ocrx_word' id='word_1_457' title='bbox 763 4222 909 4292; x_wconf 70' lang='lat' dir='ltr'><strong><em>omne</em></strong></span> <span class='ocrx_word' id='word_1_458' title='bbox 926 4232 1049 4292; x_wconf 81' lang='lat' dir='ltr'><strong><em>quod</em></strong></span> <span class='ocrx_word' id='word_1_459' title='bbox 1073 4232 1276 4290; x_wconf 79' lang='lat' dir='ltr'><strong><em>juvshat</em></strong></span> <span class='ocrx_word' id='word_1_460' title='bbox 1293 4240 1441 4284; x_wconf 81' lang='lat' dir='ltr'><strong><em>antea</em></strong></span> 
     </span>
    </p>
   </div>
   <div class='ocr_carea' id='block_1_63' title="bbox 578 4287 1183 4349">
    <p class='ocr_par' dir='ltr' id='par_1_63' title="bbox 578 4287 1183 4349">
     <span class='ocr_line' id='line_1_63' title="bbox 578 4287 1183 4349; baseline 0.013 -16"><span class='ocrx_word' id='word_1_461' title='bbox 578 4287 732 4336; x_wconf 56' lang='lat' dir='ltr'><strong><em>Castae</em></strong></span> <span class='ocrx_word' id='word_1_462' title='bbox 756 4287 1015 4349; x_wconf 73' lang='lat' dir='ltr'><strong><em>voluptatis</em></strong></span> <span class='ocrx_word' id='word_1_463' title='bbox 1038 4287 1145 4341; x_wconf 82' lang='lat' dir='ltr'><strong><em>vice</em></strong></span> <span class='ocrx_word' id='word_1_464' title='bbox 1170 4306 1183 4340; x_wconf 93' lang='lat'>:</span> 
     </span>
    </p>
   </div>
   <div class='ocr_carea' id='block_1_64' title="bbox 516 4346 1545 4413">
    <p class='ocr_par' dir='ltr' id='par_1_64' title="bbox 516 4346 1545 4413">
     <span class='ocr_line' id='line_1_64' title="bbox 516 4346 1545 4413; baseline 0.011 -15"><span class='ocrx_word' id='word_1_465' title='bbox 516 4346 770 4413; x_wconf 81' lang='lat' dir='ltr'><strong><em>To_t_usque</em></strong></span> <span class='ocrx_word' id='word_1_466' title='bbox 792 4346 950 4400; x_wconf 79' lang='lat' dir='ltr'><strong><em>nostra</em></strong></span> <span class='ocrx_word' id='word_1_467' title='bbox 970 4353 1081 4413; x_wconf 87' lang='lat' dir='ltr'><strong><em>jure</em></strong></span> <span class='ocrx_word' id='word_1_468' title='bbox 1107 4353 1297 4402; x_wconf 87' lang='lat' dir='ltr'><strong><em>Domini</em></strong></span> <span class='ocrx_word' id='word_1_469' title='bbox 1323 4357 1545 4409; x_wconf 79' lang='lat' dir='ltr'><strong><em>\endicat</em></strong></span> 
     </span>
    </p>
   </div>
   <div class='ocr_carea' id='block_1_65' title="bbox 584 4408 1390 4487">
    <p class='ocr_par' dir='ltr' id='par_1_65' title="bbox 584 4408 1390 4487">
     <span class='ocr_line' id='line_1_65' title="bbox 584 4408 1390 4487; baseline 0.012 -31"><span class='ocrx_word' id='word_1_470' title='bbox 584 4408 641 4487; x_wconf 75' lang='lat' dir='ltr'><strong><em>Et</em></strong></span> <span class='ocrx_word' id='word_1_471' title='bbox 663 4408 827 4487; x_wconf 72' lang='lat' dir='ltr'><strong><em>corda,</em></strong></span> <span class='ocrx_word' id='word_1_472' title='bbox 854 4408 1030 4487; x_wconf 29' lang='lat' dir='ltr'><strong><em>latoris,</em></strong></span> <span class='ocrx_word' id='word_1_473' title='bbox 1053 4422 1111 4486; x_wconf 89' lang='lat' dir='ltr'><strong><em>_et</em></strong></span> <span class='ocrx_word' id='word_1_474' title='bbox 1128 4423 1348 4487; x_wconf 60' lang='lat' dir='ltr'><strong><em>tenipoi-a</em></strong></span> <span class='ocrx_word' id='word_1_475' title='bbox 1378 4433 1390 4487; x_wconf 68' lang='grc' dir='ltr'>ς</span> 
     </span>
    </p>
   </div>
   <div class='ocr_carea' id='block_1_66' title="bbox 519 4468 1419 4541">
    <p class='ocr_par' dir='ltr' id='par_1_66' title="bbox 519 4468 1419 4541">
     <span class='ocr_line' id='line_1_66' title="bbox 519 4468 1419 4541; baseline 0.012 -22"><span class='ocrx_word' id='word_1_476' title='bbox 519 4468 832 4541; x_wconf 38' lang='lat' dir='ltr'><strong><em>Sehcogitari,</em></strong></span> <span class='ocrx_word' id='word_1_477' title='bbox 859 4468 1086 4541; x_wconf 76' lang='lat' dir='ltr'><strong><em>intelligi,</em></strong></span> <span class='ocrx_word' id='word_1_478' title='bbox 1103 4468 1267 4541; x_wconf 71' lang='lat' dir='ltr'><strong><em>credi,</em></strong></span> <span class='ocrx_word' id='word_1_479' title='bbox 1296 4477 1419 4541; x_wconf 83' lang='lat' dir='ltr'><strong><em>legi,</em></strong></span> 
     </span>
    </p>
   </div>
   <div class='ocr_carea' id='block_1_67' title="bbox 576 4532 1275 4600">
    <p class='ocr_par' dir='ltr' id='par_1_67' title="bbox 576 4532 1275 4600">
     <span class='ocr_line' id='line_1_67' title="bbox 576 4532 1275 4600; baseline 0.009 -19"><span class='ocrx_word' id='word_1_480' title='bbox 576 4532 644 4581; x_wconf 87' lang='lat' dir='ltr'><strong><em>Se</em></strong></span> <span class='ocrx_word' id='word_1_481' title='bbox 670 4532 769 4583; x_wconf 81' lang='lat' dir='ltr'><strong><em>vult</em></strong></span> <span class='ocrx_word' id='word_1_482' title='bbox 802 4532 963 4586; x_wconf 78' lang='lat' dir='ltr'><strong><em>timeri</em></strong></span> <span class='ocrx_word' id='word_1_483' title='bbox 991 4532 1043 4588; x_wconf 74' lang='grc' dir='ltr'><strong><em>εἴ</em></strong></span> <span class='ocrx_word' id='word_1_484' title='bbox 1066 4532 1201 4600; x_wconf 80' lang='lat' dir='ltr'><strong><em>diligi</em></strong></span> <span class='ocrx_word' id='word_1_485' title='bbox 1228 4532 1275 4587; x_wconf 69' lang='grc' dir='ltr'><strong><em>Ιί.</em></strong></span> 
     </span>
    </p>
   </div>
   <div class='ocr_carea' id='block_1_68' title="bbox 393 4633 1909 4714">
    <p class='ocr_par' dir='ltr' id='par_1_68' title="bbox 393 4633 1909 4714">
     <span class='ocr_line' id='line_1_68' title="bbox 393 4633 1909 4714; baseline 0.013 -28"><span class='ocrx_word' id='word_1_486' title='bbox 393 4634 453 4688; x_wconf 79' lang='lat'><strong><em>2.</em></strong></span> <span class='ocrx_word' id='word_1_487' title='bbox 493 4633 696 4690; x_wconf 88' lang='lat' dir='ltr'><strong><em>Eodem</em></strong></span> <span class='ocrx_word' id='word_1_488' title='bbox 723 4636 740 4674; x_wconf 76' lang='grc' dir='ltr'><strong>ί</strong></span> <span class='ocrx_word' id='word_1_489' title='bbox 766 4645 1009 4708; x_wconf 86' lang='lat' dir='ltr'><strong><em>tempore</em></strong></span> <span class='ocrx_word' id='word_1_490' title='bbox 1036 4649 1093 4696; x_wconf 91' lang='lat' dir='ltr'><strong><em>et</em></strong></span> <span class='ocrx_word' id='word_1_491' title='bbox 1133 4651 1337 4697; x_wconf 89' lang='lat' dir='ltr'><strong><em>vestem</em></strong></span> <span class='ocrx_word' id='word_1_492' title='bbox 1359 4644 1605 4714; x_wconf 88' lang='lat' dir='ltr'><strong><em>mutavit,</em></strong></span> <span class='ocrx_word' id='word_1_493' title='bbox 1634 4654 1690 4702; x_wconf 90' lang='lat' dir='ltr'><strong><em>et</em></strong></span> <span class='ocrx_word' id='word_1_494' title='bbox 1709 4663 1909 4704; x_wconf 91' lang='lat' dir='ltr'><strong><em>novum</em></strong></span> 
     </span>
    </p>
   </div>
   <div class='ocr_carea' id='block_1_69' title="bbox 318 4725 1911 4810">
    <p class='ocr_par' dir='ltr' id='par_1_69' title="bbox 318 4725 1911 4810">
     <span class='ocr_line' id='line_1_69' title="bbox 318 4725 1911 4810; baseline 0.011 -31"><span class='ocrx_word' id='word_1_495' title='bbox 318 4725 502 4780; x_wconf 87' lang='lat' dir='ltr'><strong><em>induit</em></strong></span> <span class='ocrx_word' id='word_1_496' title='bbox 526 4728 783 4782; x_wconf 89' lang='lat' dir='ltr'><strong><em>animum.</em></strong></span> <span class='ocrx_word' id='word_1_497' title='bbox 815 4728 1028 4798; x_wconf 84' lang='lat' dir='ltr'><strong><em>Domni,</em></strong></span> <span class='ocrx_word' id='word_1_498' title='bbox 1062 4732 1077 4782; x_wconf 85' lang='lat' dir='ltr'><strong><em>l</em></strong></span> <span class='ocrx_word' id='word_1_499' title='bbox 1116 4733 1321 4802; x_wconf 81' lang='lat' dir='ltr'><strong><em>patriae,</em></strong></span> <span class='ocrx_word' id='word_1_500' title='bbox 1350 4737 1656 4803; x_wconf 86' lang='lat' dir='ltr'><strong><em>cognationi</em></strong></span> <span class='ocrx_word' id='word_1_501' title='bbox 1693 4754 1911 4810; x_wconf 87' lang='lat' dir='ltr'><strong><em>quoque</em></strong></span> 
     </span>
    </p>
   </div>
   <div class='ocr_carea' id='block_1_70' title="bbox 318 4817 1910 4900">
    <p class='ocr_par' dir='ltr' id='par_1_70' title="bbox 318 4817 1910 4900">
     <span class='ocr_line' id='line_1_70' title="bbox 318 4817 1910 4900; baseline 0.009 -30"><span class='ocrx_word' id='word_1_502' title='bbox 318 4817 627 4872; x_wconf 84' lang='lat' dir='ltr'><strong><em>valedicere</em></strong></span> <span class='ocrx_word' id='word_1_503' title='bbox 653 4827 963 4875; x_wconf 90' lang='lat' dir='ltr'><strong><em>constanter</em></strong></span> <span class='ocrx_word' id='word_1_504' title='bbox 983 4823 1168 4877; x_wconf 90' lang='lat' dir='ltr'><strong><em>statuit</em></strong></span> <span class='ocrx_word' id='word_1_505' title='bbox 1187 4831 1243 4877; x_wconf 92' lang='lat' dir='ltr'><strong><em>et</em></strong></span> <span class='ocrx_word' id='word_1_506' title='bbox 1262 4839 1292 4878; x_wconf 89' lang='lat' dir='ltr'><strong><em>a</em></strong></span> <span class='ocrx_word' id='word_1_507' title='bbox 1314 4834 1501 4880; x_wconf 88' lang='lat' dir='ltr'><strong><em>senatu</em></strong></span> <span class='ocrx_word' id='word_1_508' title='bbox 1528 4828 1776 4895; x_wconf 88' lang='lat' dir='ltr'><strong><em>migrare,</em></strong></span> <span class='ocrx_word' id='word_1_509' title='bbox 1802 4844 1910 4900; x_wconf 92' lang='lat' dir='ltr'><strong><em>quo</em></strong></span> 
     </span>
    </p>
   </div>
   <div class='ocr_carea' id='block_1_71' title="bbox 318 4906 1906 4986">
    <p class='ocr_par' dir='ltr' id='par_1_71' title="bbox 318 4906 1906 4986">
     <span class='ocr_line' id='line_1_71' title="bbox 318 4906 1906 4986; baseline 0.008 -23"><span class='ocrx_word' id='word_1_510' title='bbox 318 4908 624 4977; x_wconf 85' lang='lat' dir='ltr'><strong><em>impensius</em></strong></span> <span class='ocrx_word' id='word_1_511' title='bbox 642 4906 754 4963; x_wconf 90' lang='lat' dir='ltr'><strong><em>Deo</em></strong></span> <span class='ocrx_word' id='word_1_512' title='bbox 772 4911 1019 4974; x_wconf 89' lang='lat' dir='ltr'><strong><em>serviret,</em></strong></span> <span class='ocrx_word' id='word_1_513' title='bbox 1038 4910 1065 4948; x_wconf 64' lang='grc' dir='ltr'><em>κ</em></span> <span class='ocrx_word' id='word_1_514' title='bbox 1085 4912 1253 4966; x_wconf 90' lang='lat' dir='ltr'><strong><em>vitam</em></strong></span> <span class='ocrx_word' id='word_1_515' title='bbox 1273 4916 1625 4971; x_wconf 87' lang='lat' dir='ltr'><strong><em>monasticam</em></strong></span> <span class='ocrx_word' id='word_1_516' title='bbox 1648 4917 1906 4986; x_wconf 82' lang='lat' dir='ltr'><strong><em>proﬁteri,</em></strong></span> 
     </span>
    </p>
   </div>
   <div class='ocr_carea' id='block_1_72' title="bbox 317 4997 1910 5072">
    <p class='ocr_par' dir='ltr' id='par_1_72' title="bbox 317 4997 1910 5072">
     <span class='ocr_line' id='line_1_72' title="bbox 317 4997 1910 5072; baseline 0.008 -19"><span class='ocrx_word' id='word_1_517' title='bbox 317 5007 375 5053; x_wconf 91' lang='lat' dir='ltr'><strong><em>et</em></strong></span> <span class='ocrx_word' id='word_1_518' title='bbox 408 4997 429 5035; x_wconf 74' lang='grc' dir='ltr'><strong><em>ι</em></strong></span> <span class='ocrx_word' id='word_1_519' title='bbox 456 4998 717 5068; x_wconf 88' lang='lat' dir='ltr'><strong><em>reliquum</em></strong></span> <span class='ocrx_word' id='word_1_520' title='bbox 746 4999 848 5070; x_wconf 68' lang='grc'><strong><em>14</em></strong></span> <span class='ocrx_word' id='word_1_521' title='bbox 871 5001 995 5056; x_wconf 70' lang='lat' dir='ltr'><strong><em>vice</em></strong></span> <span class='ocrx_word' id='word_1_522' title='bbox 1021 5003 1274 5072; x_wconf 89' lang='lat' dir='ltr'><strong><em>spatium,</em></strong></span> <span class='ocrx_word' id='word_1_523' title='bbox 1305 5006 1569 5063; x_wconf 86' lang='lat' dir='ltr'><strong><em>subducto</em></strong></span> <span class='ocrx_word' id='word_1_524' title='bbox 1596 5023 1627 5062; x_wconf 90' lang='lat' dir='ltr'><strong><em>a</em></strong></span> <span class='ocrx_word' id='word_1_525' title='bbox 1650 5011 1910 5065; x_wconf 85' lang='lat' dir='ltr'><strong><em>seculari-</em></strong></span> 
     </span>
    </p>
   </div>
   <div class='ocr_carea' id='block_1_73' title="bbox 318 5089 1911 5163">
    <p class='ocr_par' dir='ltr' id='par_1_73' title="bbox 318 5089 1911 5163">
     <span class='ocr_line' id='line_1_73' title="bbox 318 5089 1911 5163; baseline 0.006 -16"><span class='ocrx_word' id='word_1_526' title='bbox 318 5090 428 5147; x_wconf 87' lang='lat' dir='ltr'><strong><em>bus</em></strong></span> <span class='ocrx_word' id='word_1_527' title='bbox 462 5089 635 5145; x_wconf 89' lang='lat' dir='ltr'><strong><em>turbis</em></strong></span> <span class='ocrx_word' id='word_1_528' title='bbox 672 5090 853 5146; x_wconf 87' lang='lat' dir='ltr'><strong><em>animo</em></strong></span> <span class='ocrx_word' id='word_1_529' title='bbox 895 5107 1068 5163; x_wconf 91' lang='lat' dir='ltr'><strong><em>prope</em></strong></span> <span class='ocrx_word' id='word_1_530' title='bbox 1096 5092 1285 5149; x_wconf 83' lang='lat' dir='ltr'><strong><em>Nolam</em></strong></span> <span class='ocrx_word' id='word_1_531' title='bbox 1316 5096 1369 5151; x_wconf 91' lang='lat' dir='ltr'><strong><em>in</em></strong></span> <span class='ocrx_word' id='word_1_532' title='bbox 1396 5098 1687 5156; x_wconf 89' lang='lat' dir='ltr'><strong><em>solitudine</em></strong></span> <span class='ocrx_word' id='word_1_533' title='bbox 1712 5101 1911 5157; x_wconf 91' lang='lat' dir='ltr'><strong><em>transi-</em></strong></span> 
     </span>
    </p>
   </div>
   <div class='ocr_carea' id='block_1_74' title="bbox 393 5270 1931 5407">
    <p class='ocr_par' dir='ltr' id='par_1_74' title="bbox 393 5272 1931 5407">
     <span class='ocr_line' id='line_1_74' title="bbox 393 5272 1931 5345; baseline 0.004 -16"><span class='ocrx_word' id='word_1_534' title='bbox 393 5284 421 5311; x_wconf 78' lang='grc'><strong>⁸</strong></span> <span class='ocrx_word' id='word_1_535' title='bbox 450 5273 584 5344; x_wconf 88' lang='lat' dir='ltr'><strong><em>Cap.</em></strong></span> <span class='ocrx_word' id='word_1_536' title='bbox 616 5272 667 5337; x_wconf 84' lang='lat'><strong><em>5,</em></strong></span> <span class='ocrx_word' id='word_1_537' title='bbox 698 5290 752 5329; x_wconf 90' lang='lat' dir='ltr'><strong><em>n.</em></strong></span> <span class='ocrx_word' id='word_1_538' title='bbox 776 5275 829 5330; x_wconf 92' lang='grc'><strong><em>1.</em></strong></span> <span class='ocrx_word' id='word_1_539' title='bbox 901 5273 929 5313; x_wconf 74' lang='grc' dir='ltr'>δ</span> <span class='ocrx_word' id='word_1_540' title='bbox 954 5272 1163 5329; x_wconf 89' lang='lat' dir='ltr'><strong><em>Paulin.</em></strong></span> <span class='ocrx_word' id='word_1_541' title='bbox 1195 5289 1281 5345; x_wconf 90' lang='lat' dir='ltr'><strong><em>ep.</em></strong></span> <span class='ocrx_word' id='word_1_542' title='bbox 1311 5274 1366 5341; x_wconf 71' lang='grc'><strong>4,</strong></span> <span class='ocrx_word' id='word_1_543' title='bbox 1393 5293 1446 5331; x_wconf 92' lang='lat' dir='ltr'><strong><em>n.</em></strong></span> <span class='ocrx_word' id='word_1_544' title='bbox 1472 5279 1527 5332; x_wconf 73' lang='grc'><strong>2.</strong></span> <span class='ocrx_word' id='word_1_545' title='bbox 1604 5291 1626 5320; x_wconf 72' lang='grc' dir='ltr'><strong>ε</strong></span> <span class='ocrx_word' id='word_1_546' title='bbox 1650 5279 1828 5335; x_wconf 87' lang='lat' dir='ltr'><strong><em>Carm.</em></strong></span> <span class='ocrx_word' id='word_1_547' title='bbox 1856 5281 1931 5338; x_wconf 89' lang='grc'><strong><em>10.</em></strong></span> 
     </span>
     <span class='ocr_line' id='line_1_75' title="bbox 393 5343 1913 5407; baseline 0.005 -9"><span class='ocrx_word' id='word_1_548' title='bbox 393 5346 548 5401; x_wconf 69' lang='lat' dir='ltr'><strong><em>tristi.</em></strong></span> <span class='ocrx_word' id='word_1_549' title='bbox 629 5343 849 5400; x_wconf 71' lang='lat' dir='ltr'><strong><em>‘Carm.</em></strong></span> <span class='ocrx_word' id='word_1_550' title='bbox 884 5344 970 5407; x_wconf 93' lang='grc'><strong><em>10,</em></strong></span> <span class='ocrx_word' id='word_1_551' title='bbox 1016 5360 1071 5398; x_wconf 89' lang='lat' dir='ltr'><strong><em>v.</em></strong></span> <span class='ocrx_word' id='word_1_552' title='bbox 1106 5344 1229 5398; x_wconf 74' lang='grc'><strong>504.</strong></span> <span class='ocrx_word' id='word_1_553' title='bbox 1308 5356 1331 5391; x_wconf 68' lang='grc' dir='ltr'><strong>κ</strong></span> <span class='ocrx_word' id='word_1_554' title='bbox 1378 5347 1543 5407; x_wconf 83' lang='lat' dir='ltr'><strong><em>lbid..</em></strong></span> <span class='ocrx_word' id='word_1_555' title='bbox 1574 5367 1625 5404; x_wconf 92' lang='lat' dir='ltr'><strong><em>v.</em></strong></span> <span class='ocrx_word' id='word_1_556' title='bbox 1683 5352 1807 5406; x_wconf 83' lang='grc'><strong>516.</strong></span> <span class='ocrx_word' id='word_1_557' title='bbox 1884 5351 1913 5390; x_wconf 69' lang='grc' dir='ltr'><strong><em>λι</em></strong></span> 
     </span>
    </p>
   </div>
   <div class='ocr_carea' id='block_1_75' title="bbox 2023 5270 3252 5407">
    <p class='ocr_par' dir='ltr' id='par_1_75' title="bbox 2023 5270 3252 5407">
     <span class='ocr_line' id='line_1_76' title="bbox 2023 5270 3252 5349; baseline -0.009 -15"><span class='ocrx_word' id='word_1_558' title='bbox 2023 5325 2025 5334; x_wconf 94' lang='grc'><strong><em>.</em></strong></span> <span class='ocrx_word' id='word_1_559' title='bbox 2052 5280 2175 5336; x_wconf 73' lang='grc'><strong>152.</strong></span> <span class='ocrx_word' id='word_1_560' title='bbox 2247 5279 2275 5319; x_wconf 76' lang='grc' dir='ltr'><strong><em>(ι</em></strong></span> <span class='ocrx_word' id='word_1_561' title='bbox 2305 5280 2402 5349; x_wconf 89' lang='lat' dir='ltr'><strong><em>Ep.</em></strong></span> <span class='ocrx_word' id='word_1_562' title='bbox 2433 5278 2487 5342; x_wconf 90' lang='lat'><strong><em>9,</em></strong></span> <span class='ocrx_word' id='word_1_563' title='bbox 2517 5294 2570 5332; x_wconf 93' lang='lat' dir='ltr'><strong><em>n.</em></strong></span> <span class='ocrx_word' id='word_1_564' title='bbox 2601 5277 2663 5344; x_wconf 75' lang='lat'><strong><em>2;</em></strong></span> <span class='ocrx_word' id='word_1_565' title='bbox 2695 5286 2751 5332; x_wconf 87' lang='lat' dir='ltr'><strong><em>et</em></strong></span> <span class='ocrx_word' id='word_1_566' title='bbox 2787 5275 2927 5331; x_wconf 90' lang='lat' dir='ltr'><strong><em>Psal.</em></strong></span> <span class='ocrx_word' id='word_1_567' title='bbox 2954 5288 3131 5334; x_wconf 79' lang='lat' dir='ltr'><strong><em>Lxxvr,</em></strong></span> <span class='ocrx_word' id='word_1_568' title='bbox 3167 5270 3252 5324; x_wconf 90' lang='grc'><strong><em>11.</em></strong></span> 
     </span>
     <span class='ocr_line' id='line_1_77' title="bbox 2023 5343 3252 5407; baseline -0.009 0"><span class='ocrx_word' id='word_1_569' title='bbox 2023 5352 2109 5407; x_wconf 90' lang='lat' dir='ltr'><strong><em>d..</em></strong></span> <span class='ocrx_word' id='word_1_570' title='bbox 2152 5368 2204 5405; x_wconf 91' lang='lat' dir='ltr'><strong><em>v.</em></strong></span> <span class='ocrx_word' id='word_1_571' title='bbox 2262 5349 2347 5403; x_wconf 80' lang='grc'><strong>57.</strong></span> <span class='ocrx_word' id='word_1_572' title='bbox 2432 5359 2445 5385; x_wconf 83' lang='grc' dir='ltr'>ι</span> <span class='ocrx_word' id='word_1_573' title='bbox 2484 5348 2630 5401; x_wconf 83' lang='lat' dir='ltr'><strong><em>Hier.</em></strong></span> <span class='ocrx_word' id='word_1_574' title='bbox 2691 5364 2778 5407; x_wconf 83' lang='lat' dir='ltr'><strong><em>ep.</em></strong></span> <span class='ocrx_word' id='word_1_575' title='bbox 2836 5347 2923 5401; x_wconf 83' lang='grc'><strong><em>15.</em></strong></span> <span class='ocrx_word' id='word_1_576' title='bbox 3004 5344 3019 5393; x_wconf 79' lang='lat' dir='ltr'><strong><em>l</em></strong></span> <span class='ocrx_word' id='word_1_577' title='bbox 3061 5343 3252 5396; x_wconf 82' lang='lat' dir='ltr'><strong><em>Ambru</em></strong></span> 
     </span>
    </p>
   </div>
   <div class='ocr_carea' id='block_1_76' title="bbox 1500 5420 2009 5493">
    <p class='ocr_par' dir='ltr' id='par_1_76' title="bbox 1500 5420 2009 5493">
     <span class='ocr_line' id='line_1_78' title="bbox 1500 5420 2009 5493; baseline 0.008 -20"><span class='ocrx_word' id='word_1_578' title='bbox 1500 5432 1534 5456; x_wconf 78' lang='grc' dir='ltr'><strong><em>ιιι</em></strong></span> <span class='ocrx_word' id='word_1_579' title='bbox 1563 5420 1769 5493; x_wconf 70' lang='lat' dir='ltr'><strong><em>Paulini.</em></strong></span> <span class='ocrx_word' id='word_1_580' title='bbox 1804 5439 1890 5493; x_wconf 85' lang='lat' dir='ltr'><strong><em>ep.</em></strong></span> <span class='ocrx_word' id='word_1_581' title='bbox 1924 5422 2009 5477; x_wconf 78' lang='lat' dir='ltr'><strong><em>M.</em></strong></span> 
     </span>
    </p>
   </div>
   <div class='ocr_carea' id='block_1_77' title="bbox 320 5482 3122 5557">
    <p class='ocr_par' dir='ltr' id='par_1_77' title="bbox 320 5482 3122 5557">
     <span class='ocr_line' id='line_1_79' title="bbox 320 5482 3122 5557; baseline -0.001 -17"><span class='ocrx_word' id='word_1_582' title='bbox 320 5502 379 5542; x_wconf 77' lang='grc' dir='ltr'><strong>η.</strong></span> <span class='ocrx_word' id='word_1_583' title='bbox 411 5485 506 5557; x_wconf 41' lang='grc'><strong><em>9,-</em></strong></span> <span class='ocrx_word' id='word_1_584' title='bbox 547 5496 573 5535; x_wconf 72' lang='grc' dir='ltr'><strong><em>τι</em></strong></span> <span class='ocrx_word' id='word_1_585' title='bbox 598 5482 731 5557; x_wconf 54' lang='lat' dir='ltr'><strong><em>Id_a&#39;t.</em></strong></span> <span class='ocrx_word' id='word_1_586' title='bbox 762 5484 1012 5557; x_wconf 66' lang='lat' dir='ltr'><strong><em>Chronic.</em></strong></span> <span class='ocrx_word' id='word_1_587' title='bbox 1094 5494 1114 5520; x_wconf 73' lang='grc' dir='ltr'><strong><em>τ</em></strong></span> <span class='ocrx_word' id='word_1_588' title='bbox 1140 5482 1344 5557; x_wconf 64' lang='lat' dir='ltr'><strong><em>Paulin.</em></strong></span> <span class='ocrx_word' id='word_1_589' title='bbox 1375 5503 1539 5544; x_wconf 88' lang='lat' dir='ltr'><strong><em>carm.</em></strong></span> <span class='ocrx_word' id='word_1_590' title='bbox 1575 5492 1652 5556; x_wconf 83' lang='grc'><strong><em>10,</em></strong></span> <span class='ocrx_word' id='word_1_591' title='bbox 1678 5509 1728 5546; x_wconf 89' lang='lat' dir='ltr'><strong><em>v.</em></strong></span> <span class='ocrx_word' id='word_1_592' title='bbox 1764 5482 1853 5546; x_wconf 59' lang='lat' dir='ltr'><strong><em>l9:</em></strong></span> <span class='ocrx_word' id='word_1_593' title='bbox 1929 5503 1950 5529; x_wconf 76' lang='grc'><strong>³</strong></span> <span class='ocrx_word' id='word_1_594' title='bbox 1982 5492 2138 5557; x_wconf 85' lang='lat' dir='ltr'><strong><em>lbid.,</em></strong></span> <span class='ocrx_word' id='word_1_595' title='bbox 2166 5508 2215 5546; x_wconf 90' lang='lat' dir='ltr'><strong><em>v.</em></strong></span> <span class='ocrx_word' id='word_1_596' title='bbox 2248 5491 2336 5553; x_wconf 74' lang='lat'><strong><em>20,</em></strong></span> <span class='ocrx_word' id='word_1_597' title='bbox 2368 5498 2475 5545; x_wconf 90' lang='lat' dir='ltr'><strong><em>etc.</em></strong></span> <span class='ocrx_word' id='word_1_598' title='bbox 2552 5492 2572 5527; x_wconf 68' lang='grc' dir='ltr'>ί</span> <span class='ocrx_word' id='word_1_599' title='bbox 2602 5482 2937 5557; x_wconf 50' lang='lat' dir='ltr'><strong><em>Baronfam</em></strong></span> <span class='ocrx_word' id='word_1_600' title='bbox 2944 5483 3069 5557; x_wconf 70' lang='grc'><strong>591,</strong></span> <span class='ocrx_word' id='word_1_601' title='bbox 3096 5482 3122 5554; x_wconf 67' lang='grc' dir='ltr'><strong>ς</strong></span> 
     </span>
    </p>
   </div>
   <div class='ocr_carea' id='block_1_78' title="bbox 319 5343 1625 5415">
    <p class='ocr_par' dir='ltr' id='par_1_78' title="bbox 319 5343 1625 5415">
     <span class='ocr_line' id='line_1_80' title="bbox 319 5343 1625 5415; baseline 0.003 -15"><span class='ocrx_word' id='word_1_602' title='bbox 319 5343 548 5401; x_wconf 61' lang='lat' dir='ltr'><strong><em>Christi;</em></strong></span> <span class='ocrx_word' id='word_1_603' title='bbox 629 5343 849 5400; x_wconf 57' lang='lat' dir='ltr'><strong><em>(Carm.</em></strong></span> <span class='ocrx_word' id='word_1_604' title='bbox 884 5344 970 5415; x_wconf 87' lang='grc'><strong><em>10,</em></strong></span> <span class='ocrx_word' id='word_1_605' title='bbox 1008 5360 1071 5415; x_wconf 15' lang='grc' dir='ltr'><strong><em>νγ.</em></strong></span> <span class='ocrx_word' id='word_1_606' title='bbox 1106 5343 1245 5398; x_wconf 62' lang='grc' dir='ltr'><strong>504ξ</strong></span> <span class='ocrx_word' id='word_1_607' title='bbox 1308 5356 1331 5391; x_wconf 68' lang='grc' dir='ltr'><strong>κ</strong></span> <span class='ocrx_word' id='word_1_608' title='bbox 1378 5347 1543 5415; x_wconf 88' lang='lat' dir='ltr'><strong><em>lbid.,</em></strong></span> <span class='ocrx_word' id='word_1_609' title='bbox 1574 5367 1625 5404; x_wconf 90' lang='lat' dir='ltr'><strong><em>v.</em></strong></span> 
     </span>
    </p>
   </div>
   <div class='ocr_carea' id='block_1_79' title="bbox 321 5414 1422 5485">
    <p class='ocr_par' dir='ltr' id='par_1_79' title="bbox 321 5414 1422 5485">
     <span class='ocr_line' id='line_1_81' title="bbox 321 5414 1422 5485; baseline 0.001 -16"><span class='ocrx_word' id='word_1_610' title='bbox 321 5415 344 5452; x_wconf 75' lang='grc' dir='ltr'><strong><em>¹ι</em></strong></span> <span class='ocrx_word' id='word_1_611' title='bbox 373 5415 615 5485; x_wconf 60' lang='lat' dir='ltr'><strong><em>Hieron.</em></strong></span> <span class='ocrx_word' id='word_1_612' title='bbox 648 5430 736 5485; x_wconf 86' lang='lat' dir='ltr'><strong><em>ep.</em></strong></span> <span class='ocrx_word' id='word_1_613' title='bbox 770 5415 854 5485; x_wconf 86' lang='grc'><strong><em>15.</em></strong></span> <span class='ocrx_word' id='word_1_614' title='bbox 935 5414 951 5453; x_wconf 82' lang='grc' dir='ltr'>ι</span> <span class='ocrx_word' id='word_1_615' title='bbox 987 5414 1171 5485; x_wconf 86' lang='lat' dir='ltr'><strong><em>Ambr_.</em></strong></span> <span class='ocrx_word' id='word_1_616' title='bbox 1204 5429 1289 5484; x_wconf 90' lang='lat' dir='ltr'><strong><em>ep.</em></strong></span> <span class='ocrx_word' id='word_1_617' title='bbox 1333 5416 1422 5470; x_wconf 92' lang='grc'><strong><em>50.</em></strong></span> 
     </span>
    </p>
   </div>
   <div class='ocr_carea' id='block_1_80' title="bbox 1951 3087 1998 3150">
    <p class='ocr_par' dir='ltr' id='par_1_80' title="bbox 1951 3087 1998 3150">
     <span class='ocr_line' id='line_1_82' title="bbox 1951 3087 1998 3150; baseline 0 0"><span class='ocrx_word' id='word_1_618' title='bbox 1951 3087 1998 3150; x_wconf 91' lang='lat' dir='ltr'><strong><em>C</em></strong></span> 
     </span>
    </p>
   </div>
   <div class='ocr_carea' id='block_1_81' title="bbox 2034 1806 3228 1880">
    <p class='ocr_par' dir='ltr' id='par_1_81' title="bbox 2034 1806 3228 1880">
     <span class='ocr_line' id='line_1_83' title="bbox 2034 1806 3228 1880; baseline -0.003 -16"><span class='ocrx_word' id='word_1_619' title='bbox 2034 1810 2273 1880; x_wconf 88' lang='lat' dir='ltr'><strong><em>putabat.</em></strong></span> <span class='ocrx_word' id='word_1_620' title='bbox 2305 1808 2386 1863; x_wconf 90' lang='lat' dir='ltr'><strong><em>lta</em></strong></span> <span class='ocrx_word' id='word_1_621' title='bbox 2415 1808 2559 1863; x_wconf 91' lang='lat' dir='ltr'><strong><em>enim</em></strong></span> <span class='ocrx_word' id='word_1_622' title='bbox 2585 1807 2654 1862; x_wconf 90' lang='lat' dir='ltr'><strong><em>ad</em></strong></span> <span class='ocrx_word' id='word_1_623' title='bbox 2680 1807 2978 1863; x_wconf 87' lang='lat' dir='ltr'><strong><em>Ausonium</em></strong></span> <span class='ocrx_word' id='word_1_624' title='bbox 3005 1806 3228 1862; x_wconf 88' lang='lat' dir='ltr'><strong><em>scribit:</em></strong></span> 
     </span>
    </p>
   </div>
   <div class='ocr_carea' id='block_1_82' title="bbox 2219 1918 3260 1983">
    <p class='ocr_par' dir='ltr' id='par_1_82' title="bbox 2219 1918 3260 1983">
     <span class='ocr_line' id='line_1_84' title="bbox 2219 1918 3260 1983; baseline -0.003 -14"><span class='ocrx_word' id='word_1_625' title='bbox 2219 1922 2343 1983; x_wconf 83' lang='lat' dir='ltr'><strong><em>Quid</em></strong></span> <span class='ocrx_word' id='word_1_626' title='bbox 2366 1922 2612 1972; x_wconf 79' lang='lat' dir='ltr'><strong><em>abdicatas</em></strong></span> <span class='ocrx_word' id='word_1_627' title='bbox 2638 1922 2685 1969; x_wconf 91' lang='lat' dir='ltr'><strong><em>in</em></strong></span> <span class='ocrx_word' id='word_1_628' title='bbox 2703 1933 2862 1969; x_wconf 87' lang='lat' dir='ltr'><strong><em>meam</em></strong></span> <span class='ocrx_word' id='word_1_629' title='bbox 2881 1931 3067 1983; x_wconf 86' lang='lat' dir='ltr'><strong><em>curam,</em></strong></span> <span class='ocrx_word' id='word_1_630' title='bbox 3086 1918 3260 1979; x_wconf 83' lang='lat' dir='ltr'><strong><em>Pater,</em></strong></span> 
     </span>
    </p>
   </div>
   <div class='ocr_carea' id='block_1_83' title="bbox 2284 1982 3243 2052">
    <p class='ocr_par' dir='ltr' id='par_1_83' title="bbox 2284 1982 3243 2052">
     <span class='ocr_line' id='line_1_85' title="bbox 2284 1982 3243 2052; baseline 0.009 -22"><span class='ocrx_word' id='word_1_631' title='bbox 2284 1984 2653 2052; x_wconf 49' lang='lat' dir='ltr'><strong><em>Redirgmums</em></strong></span> <span class='ocrx_word' id='word_1_632' title='bbox 2673 1982 2931 2052; x_wconf 65' lang='lat' dir='ltr'><strong><em>praecipis?</em></strong></span> <span class='ocrx_word' id='word_1_633' title='bbox 2988 2047 2997 2052; x_wconf 86' lang='lat'>_</span> <span class='ocrx_word' id='word_1_634' title='bbox 3043 2039 3057 2052; x_wconf 46' lang='grc' dir='ltr'>ι</span> <span class='ocrx_word' id='word_1_635' title='bbox 3232 2041 3243 2052; x_wconf 70' lang='grc'><strong><em>,</em></strong></span> 
     </span>
    </p>
   </div>
   <div class='ocr_carea' id='block_1_84' title="bbox 2217 2039 3245 2105">
    <p class='ocr_par' dir='ltr' id='par_1_84' title="bbox 2217 2039 3245 2105">
     <span class='ocr_line' id='line_1_86' title="bbox 2217 2039 3245 2105; baseline -0.005 -11"><span class='ocrx_word' id='word_1_636' title='bbox 2217 2045 2412 2105; x_wconf 77' lang='lat' dir='ltr'><strong><em>Negant</em></strong></span> <span class='ocrx_word' id='word_1_637' title='bbox 2446 2039 2697 2101; x_wconf 72' lang='lat' dir='ltr'><strong><em>Carna-nis,</em></strong></span> <span class='ocrx_word' id='word_1_638' title='bbox 2719 2055 2813 2091; x_wconf 89' lang='lat' dir='ltr'><strong><em>nec</em></strong></span> <span class='ocrx_word' id='word_1_639' title='bbox 2824 2039 3006 2103; x_wconf 81' lang='lat' dir='ltr'><strong><em>patent</em></strong></span> <span class='ocrx_word' id='word_1_640' title='bbox 3029 2039 3245 2101; x_wconf 84' lang='lat' dir='ltr'><strong><em>Apollini</em></strong></span> 
     </span>
    </p>
   </div>
   <div class='ocr_carea' id='block_1_85' title="bbox 2281 2106 2988 2166">
    <p class='ocr_par' dir='ltr' id='par_1_85' title="bbox 2281 2106 2988 2166">
     <span class='ocr_line' id='line_1_87' title="bbox 2281 2106 2988 2166; baseline -0.008 -11"><span class='ocrx_word' id='word_1_641' title='bbox 2281 2107 2448 2155; x_wconf 85' lang='lat' dir='ltr'><strong><em>Dicata</em></strong></span> <span class='ocrx_word' id='word_1_642' title='bbox 2472 2106 2663 2153; x_wconf 79' lang='lat' dir='ltr'><strong><em>Christo</em></strong></span> <span class='ocrx_word' id='word_1_643' title='bbox 2686 2112 2988 2166; x_wconf 89' lang='lat' dir='ltr'><strong><em>pectora.....</em></strong></span> 
     </span>
    </p>
   </div>
   <div class='ocr_carea' id='block_1_86' title="bbox 2216 2166 3035 2225">
    <p class='ocr_par' dir='ltr' id='par_1_86' title="bbox 2216 2166 3035 2225">
     <span class='ocr_line' id='line_1_88' title="bbox 2216 2166 3035 2225; baseline -0.007 -8"><span class='ocrx_word' id='word_1_644' title='bbox 2216 2168 2406 2217; x_wconf 84' lang='lat' dir='ltr'><strong><em>Vacare</em></strong></span> <span class='ocrx_word' id='word_1_645' title='bbox 2430 2167 2567 2215; x_wconf 83' lang='lat' dir='ltr'><strong><em>vanis</em></strong></span> <span class='ocrx_word' id='word_1_646' title='bbox 2588 2168 2689 2214; x_wconf 84' lang='lat' dir='ltr'><strong><em>otio</em></strong></span> <span class='ocrx_word' id='word_1_647' title='bbox 2706 2172 2790 2214; x_wconf 88' lang='lat' dir='ltr'><strong><em>aut</em></strong></span> <span class='ocrx_word' id='word_1_648' title='bbox 2812 2166 3035 2225; x_wconf 85' lang='lat' dir='ltr'><strong><em>negotio,</em></strong></span> 
     </span>
    </p>
   </div>
   <div class='ocr_carea' id='block_1_87' title="bbox 2284 2226 3161 2295">
    <p class='ocr_par' dir='ltr' id='par_1_87' title="bbox 2284 2226 3161 2295">
     <span class='ocr_line' id='line_1_89' title="bbox 2284 2226 3161 2295; baseline -0.006 -16"><span class='ocrx_word' id='word_1_649' title='bbox 2284 2230 2343 2279; x_wconf 79' lang='lat' dir='ltr'><strong><em>Et</em></strong></span> <span class='ocrx_word' id='word_1_650' title='bbox 2365 2228 2594 2295; x_wconf 54' lang='lat' dir='ltr'><strong><em>fabulosis</em></strong></span> <span class='ocrx_word' id='word_1_651' title='bbox 2617 2226 2810 2295; x_wconf 81' lang='lat' dir='ltr'><strong><em>litteris,</em></strong></span> <span class='ocrx_word' id='word_1_652' title='bbox 3062 2284 3076 2295; x_wconf 85' lang='lat'><em>_</em></span> <span class='ocrx_word' id='word_1_653' title='bbox 3151 2286 3161 2295; x_wconf 44' lang='lat'>.</span> 
     </span>
    </p>
   </div>
   <div class='ocr_carea' id='block_1_88' title="bbox 2217 2283 3277 2352">
    <p class='ocr_par' dir='ltr' id='par_1_88' title="bbox 2217 2283 3277 2352">
     <span class='ocr_line' id='line_1_90' title="bbox 2217 2283 3277 2352; baseline -0.006 -13"><span class='ocrx_word' id='word_1_654' title='bbox 2217 2291 2359 2340; x_wconf 83' lang='lat' dir='ltr'><strong><em>Vetat</em></strong></span> <span class='ocrx_word' id='word_1_655' title='bbox 2380 2291 2394 2347; x_wconf 91' lang='lat'><strong>(</strong></span> <span class='ocrx_word' id='word_1_656' title='bbox 2405 2289 2678 2352; x_wconf 87' lang='lat' dir='ltr'><strong><em>Deus),suis</em></strong></span> <span class='ocrx_word' id='word_1_657' title='bbox 2711 2294 2765 2337; x_wconf 84' lang='lat' dir='ltr'><strong><em>ut</em></strong></span> <span class='ocrx_word' id='word_1_658' title='bbox 2786 2283 3042 2352; x_wconf 73' lang='lat' dir='ltr'><strong><em>pareamus</em></strong></span> <span class='ocrx_word' id='word_1_659' title='bbox 3062 2283 3277 2347; x_wconf 82' lang='lat' dir='ltr'><strong><em>legibus,</em></strong></span> 
     </span>
    </p>
   </div>
   <div class='ocr_carea' id='block_1_89' title="bbox 2277 2348 3056 2412">
    <p class='ocr_par' dir='ltr' id='par_1_89' title="bbox 2277 2348 3056 2412">
     <span class='ocr_line' id='line_1_91' title="bbox 2277 2348 3056 2412; baseline -0.01 -11"><span class='ocrx_word' id='word_1_660' title='bbox 2277 2348 2570 2412; x_wconf 65' lang='lat' dir='ltr'><strong><em>Lucemque&#39;</em></strong></span> <span class='ocrx_word' id='word_1_661' title='bbox 2584 2352 2843 2399; x_wconf 81' lang='lat' dir='ltr'><strong><em>cernamus</em></strong></span> <span class='ocrx_word' id='word_1_662' title='bbox 2858 2359 2994 2395; x_wconf 90' lang='lat' dir='ltr'><strong><em>suam</em></strong></span> <span class='ocrx_word' id='word_1_663' title='bbox 3013 2348 3056 2394; x_wconf 80' lang='grc'><strong>⁸.</strong></span> 
     </span>
    </p>
   </div>
   <div class='ocr_carea' id='block_1_90' title="bbox 2100 2450 3617 2526">
    <p class='ocr_par' dir='ltr' id='par_1_90' title="bbox 2100 2450 3617 2526">
     <span class='ocr_line' id='line_1_92' title="bbox 2100 2450 3617 2526; baseline -0.004 -15"><span class='ocrx_word' id='word_1_664' title='bbox 2100 2455 2170 2511; x_wconf 86' lang='lat' dir='ltr'><strong><em>Et</em></strong></span> <span class='ocrx_word' id='word_1_665' title='bbox 2187 2456 2402 2526; x_wconf 84' lang='lat' dir='ltr'><strong><em>quidem</em></strong></span> <span class='ocrx_word' id='word_1_666' title='bbox 2429 2462 2557 2526; x_wconf 88' lang='lat' dir='ltr'><strong><em>post</em></strong></span> <span class='ocrx_word' id='word_1_667' title='bbox 2574 2453 2847 2509; x_wconf 88' lang='lat' dir='ltr'><strong><em>abdicatas</em></strong></span> <span class='ocrx_word' id='word_1_668' title='bbox 2873 2465 3055 2507; x_wconf 89' lang='lat' dir='ltr'><strong><em>musas</em></strong></span> <span class='ocrx_word' id='word_1_669' title='bbox 3076 2450 3311 2506; x_wconf 87' lang='lat' dir='ltr'><strong><em>carmina</em></strong></span> <span class='ocrx_word' id='word_1_670' title='bbox 3339 2465 3458 2520; x_wconf 66' lang='lat' dir='ltr'><strong><em>qua:</em></strong></span> <span class='ocrx_word' id='word_1_671' title='bbox 3485 2452 3617 2507; x_wconf 75' lang='lat' dir='ltr'><strong><em>seri-</em></strong></span> 
     </span>
    </p>
   </div>
   <div class='ocr_carea' id='block_1_91' title="bbox 2031 2541 3616 2619">
    <p class='ocr_par' dir='ltr' id='par_1_91' title="bbox 2031 2541 3616 2619">
     <span class='ocr_line' id='line_1_93' title="bbox 2031 2541 3616 2619; baseline -0.003 -17"><span class='ocrx_word' id='word_1_672' title='bbox 2031 2549 2159 2619; x_wconf 89' lang='lat' dir='ltr'><strong><em>psit,</em></strong></span> <span class='ocrx_word' id='word_1_673' title='bbox 2189 2550 2206 2584; x_wconf 75' lang='grc' dir='ltr'>ί</span> <span class='ocrx_word' id='word_1_674' title='bbox 2240 2554 2296 2602; x_wconf 90' lang='lat' dir='ltr'><strong><em>et</em></strong></span> <span class='ocrx_word' id='word_1_675' title='bbox 2322 2547 2440 2601; x_wconf 89' lang='lat' dir='ltr'><strong><em>sine</em></strong></span> <span class='ocrx_word' id='word_1_676' title='bbox 2462 2542 2662 2610; x_wconf 80' lang='lat' dir='ltr'><strong><em>sludio,</em></strong></span> <span class='ocrx_word' id='word_1_677' title='bbox 2692 2551 2749 2599; x_wconf 90' lang='lat' dir='ltr'><strong><em>et</em></strong></span> <span class='ocrx_word' id='word_1_678' title='bbox 2775 2559 2843 2597; x_wconf 79' lang='lat' dir='ltr'><strong><em>ex</em></strong></span> <span class='ocrx_word' id='word_1_679' title='bbox 2864 2541 3170 2610; x_wconf 90' lang='lat' dir='ltr'><strong><em>evangelica</em></strong></span> <span class='ocrx_word' id='word_1_680' title='bbox 3198 2541 3544 2611; x_wconf 85' lang='lat' dir='ltr'><strong><em>simplicitate</em></strong></span> <span class='ocrx_word' id='word_1_681' title='bbox 3566 2550 3616 2598; x_wconf 87' lang='lat' dir='ltr'><strong><em>et</em></strong></span> 
     </span>
    </p>
   </div>
   <div class='ocr_carea' id='block_1_92' title="bbox 2028 2631 3618 2710">
    <p class='ocr_par' dir='ltr' id='par_1_92' title="bbox 2028 2631 3618 2710">
     <span class='ocr_line' id='line_1_94' title="bbox 2028 2631 3618 2710; baseline -0.004 -16"><span class='ocrx_word' id='word_1_682' title='bbox 2028 2640 2231 2710; x_wconf 85' lang='lat' dir='ltr'><strong><em>pietate</em></strong></span> <span class='ocrx_word' id='word_1_683' title='bbox 2276 2636 2541 2700; x_wconf 91' lang='lat' dir='ltr'><strong><em>condidit;</em></strong></span> <span class='ocrx_word' id='word_1_684' title='bbox 2572 2643 2853 2706; x_wconf 88' lang='lat' dir='ltr'><strong><em>poetarqu</em></strong></span> <span class='ocrx_word' id='word_1_685' title='bbox 2881 2631 3018 2686; x_wconf 90' lang='lat' dir='ltr'><strong><em>adeo</em></strong></span> <span class='ocrx_word' id='word_1_686' title='bbox 3067 2631 3299 2699; x_wconf 91' lang='lat' dir='ltr'><strong><em>oblitus,</em></strong></span> <span class='ocrx_word' id='word_1_687' title='bbox 3331 2639 3391 2686; x_wconf 93' lang='lat' dir='ltr'><strong><em>ut</em></strong></span> <span class='ocrx_word' id='word_1_688' title='bbox 3428 2647 3498 2686; x_wconf 90' lang='lat' dir='ltr'><strong><em>ne</em></strong></span> <span class='ocrx_word' id='word_1_689' title='bbox 3526 2646 3618 2688; x_wconf 81' lang='lat' dir='ltr'><strong><em>eos</em></strong></span> 
     </span>
    </p>
   </div>
   <div class='ocr_carea' id='block_1_93' title="bbox 2029 2721 3615 2799">
    <p class='ocr_par' dir='ltr' id='par_1_93' title="bbox 2029 2721 3615 2799">
     <span class='ocr_line' id='line_1_95' title="bbox 2029 2721 3615 2799; baseline -0.005 -14"><span class='ocrx_word' id='word_1_690' title='bbox 2029 2729 2245 2799; x_wconf 78' lang='lat' dir='ltr'><strong><em>quidem</em></strong></span> <span class='ocrx_word' id='word_1_691' title='bbox 2271 2724 2831 2792; x_wconf 70' lang='lat' dir='ltr'><strong><em>aoroinare.apder_et,</em></strong></span> <span class='ocrx_word' id='word_1_692' title='bbox 2863 2730 2919 2778; x_wconf 91' lang='lat' dir='ltr'><strong><em>et</em></strong></span> <span class='ocrx_word' id='word_1_693' title='bbox 2938 2730 2967 2758; x_wconf 80' lang='grc' dir='ltr'>ιι</span> <span class='ocrx_word' id='word_1_694' title='bbox 2997 2722 3208 2776; x_wconf 90' lang='lat' dir='ltr'><strong><em>veniam</em></strong></span> <span class='ocrx_word' id='word_1_695' title='bbox 3232 2739 3263 2776; x_wconf 92' lang='lat' dir='ltr'><strong><em>a</em></strong></span> <span class='ocrx_word' id='word_1_696' title='bbox 3292 2721 3495 2779; x_wconf 86' lang='lat' dir='ltr'><strong><em>Severo</em></strong></span> <span class='ocrx_word' id='word_1_697' title='bbox 3516 2739 3615 2793; x_wconf 86' lang='lat' dir='ltr'><strong><em>po-</em></strong></span> 
     </span>
    </p>
   </div>
   <div class='ocr_carea' id='block_1_94' title="bbox 2028 2810 3615 2886">
    <p class='ocr_par' dir='ltr' id='par_1_94' title="bbox 2028 2810 3615 2886">
     <span class='ocr_line' id='line_1_96' title="bbox 2028 2810 3615 2886; baseline -0.005 -12"><span class='ocrx_word' id='word_1_698' title='bbox 2028 2818 2340 2883; x_wconf 75' lang='lat' dir='ltr'><strong><em>stulaverit;</em></strong></span> <span class='ocrx_word' id='word_1_699' title='bbox 2352 2815 2500 2886; x_wconf 61' lang='lat' dir='ltr'><strong><em>Quod</em></strong></span> <span class='ocrx_word' id='word_1_700' title='bbox 2521 2814 2731 2885; x_wconf 67' lang='lat' dir='ltr'><strong><em>aliquid,</em></strong></span> <span class='ocrx_word' id='word_1_701' title='bbox 2751 2813 2821 2869; x_wconf 82' lang='lat' dir='ltr'><strong><em>de</em></strong></span> <span class='ocrx_word' id='word_1_702' title='bbox 2848 2820 3011 2884; x_wconf 88' lang='lat' dir='ltr'><strong><em>poeta</em></strong></span> <span class='ocrx_word' id='word_1_703' title='bbox 3039 2810 3261 2880; x_wconf 78' lang='lat' dir='ltr'><strong><em>Virgilio</em></strong></span> <span class='ocrx_word' id='word_1_704' title='bbox 3288 2820 3615 2869; x_wconf 86' lang='lat' dir='ltr'><strong><em>assumserat</em></strong></span> 
     </span>
    </p>
   </div>
   <div class='ocr_carea' id='block_1_95' title="bbox 2026 2907 2822 2968">
    <p class='ocr_par' dir='ltr' id='par_1_95' title="bbox 2026 2907 2822 2968">
     <span class='ocr_line' id='line_1_97' title="bbox 2026 2907 2822 2968; baseline -0.014 0"><span class='ocrx_word' id='word_1_705' title='bbox 2026 2926 2067 2968; x_wconf 61' lang='grc' dir='ltr'><strong>δ</strong></span> <span class='ocrx_word' id='word_1_706' title='bbox 2086 2910 2263 2968; x_wconf 82' lang='lat' dir='ltr'><strong><em>studio</em></strong></span> <span class='ocrx_word' id='word_1_707' title='bbox 2289 2907 2539 2965; x_wconf 90' lang='lat' dir='ltr'><strong><em>monachi</em></strong></span> <span class='ocrx_word' id='word_1_708' title='bbox 2568 2907 2822 2962; x_wconf 90' lang='lat' dir='ltr'><strong><em>alienum.</em></strong></span> 
     </span>
    </p>
   </div>
   <div class='ocr_carea' id='block_1_96' title="bbox 2501 2993 3028 3061">
    <p class='ocr_par' dir='ltr' id='par_1_96' title="bbox 2501 2993 3028 3061">
     <span class='ocr_line' id='line_1_98' title="bbox 2501 2993 3028 3061; baseline 0.008 -17"><span class='ocrx_word' id='word_1_709' title='bbox 2501 3026 2512 3044; x_wconf 89' lang='lat'><strong><em>.</em></strong></span> <span class='ocrx_word' id='word_1_710' title='bbox 2559 3032 2573 3050; x_wconf 89' lang='lat'><strong><em>.</em></strong></span> <span class='ocrx_word' id='word_1_711' title='bbox 2611 2993 2880 3061; x_wconf 43' lang='lat' dir='ltr'><strong><em>.CARUT.</em></strong></span> <span class='ocrx_word' id='word_1_712' title='bbox 2894 2994 3028 3049; x_wconf 89' lang='lat' dir='ltr'><strong><em>Vlll.</em></strong></span> 
     </span>
    </p>
   </div>
   <div class='ocr_carea' id='block_1_97' title="bbox 2134 3072 3507 3156">
    <p class='ocr_par' dir='ltr' id='par_1_97' title="bbox 2134 3072 3507 3156">
     <span class='ocr_line' id='line_1_99' title="bbox 2134 3072 3507 3156; baseline -0.009 -10"><span class='ocrx_word' id='word_1_713' title='bbox 2134 3072 2349 3146; x_wconf 76' lang='lat' dir='ltr'><strong><em>Prwdia</em></strong></span> <span class='ocrx_word' id='word_1_714' title='bbox 2377 3090 2568 3154; x_wconf 76' lang='lat' dir='ltr'><strong><em>vendit;</em></strong></span> <span class='ocrx_word' id='word_1_715' title='bbox 2590 3096 2639 3140; x_wconf 76' lang='lat' dir='ltr'><strong><em>et</em></strong></span> <span class='ocrx_word' id='word_1_716' title='bbox 2665 3086 2939 3156; x_wconf 51' lang='lat' dir='ltr'><strong><em>pecuniam</em></strong></span> <span class='ocrx_word' id='word_1_717' title='bbox 2968 3083 3277 3154; x_wconf 85' lang='lat' dir='ltr'><strong><em>pauperibus</em></strong></span> <span class='ocrx_word' id='word_1_718' title='bbox 3306 3091 3507 3153; x_wconf 87' lang='lat' dir='ltr'><strong><em>erogat.</em></strong></span> 
     </span>
    </p>
   </div>
   <div class='ocr_carea' id='block_1_98' title="bbox 2097 3173 3614 3250">
    <p class='ocr_par' dir='ltr' id='par_1_98' title="bbox 2097 3173 3614 3250">
     <span class='ocr_line' id='line_1_100' title="bbox 2097 3173 3614 3250; baseline -0.005 -15"><span class='ocrx_word' id='word_1_719' title='bbox 2097 3181 2150 3235; x_wconf 89' lang='grc'><strong><em>1.</em></strong></span> <span class='ocrx_word' id='word_1_720' title='bbox 2194 3179 2345 3235; x_wconf 85' lang='lat' dir='ltr'><strong><em>Nihil</em></strong></span> <span class='ocrx_word' id='word_1_721' title='bbox 2368 3187 2445 3234; x_wconf 89' lang='lat' dir='ltr'><strong><em>est</em></strong></span> <span class='ocrx_word' id='word_1_722' title='bbox 2479 3177 2710 3250; x_wconf 86' lang='lat' dir='ltr'><strong><em>grande,</em></strong></span> <span class='ocrx_word' id='word_1_723' title='bbox 2740 3186 2767 3212; x_wconf 70' lang='grc' dir='ltr'><strong><em>τ</em></strong></span> <span class='ocrx_word' id='word_1_724' title='bbox 2800 3175 2973 3244; x_wconf 90' lang='lat' dir='ltr'><strong><em>inquit</em></strong></span> <span class='ocrx_word' id='word_1_725' title='bbox 3002 3173 3378 3244; x_wconf 86' lang='lat' dir='ltr'><strong><em>Hieronymus,</em></strong></span> <span class='ocrx_word' id='word_1_726' title='bbox 3410 3174 3543 3226; x_wconf 91' lang='lat' dir='ltr'><strong><em>tristi</em></strong></span> <span class='ocrx_word' id='word_1_727' title='bbox 3565 3182 3614 3227; x_wconf 84' lang='lat' dir='ltr'><strong><em>et</em></strong></span> 
     </span>
    </p>
   </div>
   <div class='ocr_carea' id='block_1_99' title="bbox 2020 3263 3611 3345">
    <p class='ocr_par' dir='ltr' id='par_1_99' title="bbox 2020 3263 3611 3345">
     <span class='ocr_line' id='line_1_101' title="bbox 2020 3263 3611 3345; baseline -0.008 -16"><span class='ocrx_word' id='word_1_728' title='bbox 2020 3274 2192 3330; x_wconf 89' lang='lat' dir='ltr'><strong><em>lurida</em></strong></span> <span class='ocrx_word' id='word_1_729' title='bbox 2215 3272 2348 3345; x_wconf 78' lang='lat' dir='ltr'><strong><em>facie</em></strong></span> <span class='ocrx_word' id='word_1_730' title='bbox 2375 3271 2453 3325; x_wconf 91' lang='lat' dir='ltr'><strong><em>vel</em></strong></span> <span class='ocrx_word' id='word_1_731' title='bbox 2472 3270 2718 3324; x_wconf 88' lang='lat' dir='ltr'><strong><em>simulare</em></strong></span> <span class='ocrx_word' id='word_1_732' title='bbox 2740 3266 2816 3321; x_wconf 88' lang='lat' dir='ltr'><strong><em>vel</em></strong></span> <span class='ocrx_word' id='word_1_733' title='bbox 2845 3274 3105 3320; x_wconf 86' lang='lat' dir='ltr'><strong><em>ostentare</em></strong></span> <span class='ocrx_word' id='word_1_734' title='bbox 3118 3263 3323 3334; x_wconf 85' lang='lat' dir='ltr'><strong><em>jejunio</em></strong></span> <span class='ocrx_word' id='word_1_735' title='bbox 3346 3279 3365 3329; x_wconf 90' lang='lat'><strong><em>;</em></strong></span> <span class='ocrx_word' id='word_1_736' title='bbox 3404 3280 3611 3332; x_wconf 85' lang='lat' dir='ltr'><strong><em>posses-</em></strong></span> 
     </span>
    </p>
   </div>
   <div class='ocr_carea' id='block_1_100' title="bbox 2018 3356 3610 3428">
    <p class='ocr_par' dir='ltr' id='par_1_100' title="bbox 2018 3356 3610 3428">
     <span class='ocr_line' id='line_1_102' title="bbox 2018 3356 3610 3428; baseline -0.007 -7"><span class='ocrx_word' id='word_1_737' title='bbox 2018 3367 2224 3421; x_wconf 88' lang='lat' dir='ltr'><strong><em>sionum</em></strong></span> <span class='ocrx_word' id='word_1_738' title='bbox 2248 3363 2495 3419; x_wconf 87' lang='lat' dir='ltr'><strong><em>reditibus</em></strong></span> <span class='ocrx_word' id='word_1_739' title='bbox 2522 3360 2808 3425; x_wconf 85' lang='lat' dir='ltr'><strong><em>abundare,</em></strong></span> <span class='ocrx_word' id='word_1_740' title='bbox 2854 3367 2904 3412; x_wconf 93' lang='lat' dir='ltr'><strong><em>et</em></strong></span> <span class='ocrx_word' id='word_1_741' title='bbox 2950 3357 3047 3411; x_wconf 87' lang='lat' dir='ltr'><strong><em>vile</em></strong></span> <span class='ocrx_word' id='word_1_742' title='bbox 3067 3357 3275 3428; x_wconf 88' lang='lat' dir='ltr'><strong><em>jactare</em></strong></span> <span class='ocrx_word' id='word_1_743' title='bbox 3321 3356 3610 3426; x_wconf 86' lang='lat' dir='ltr'><strong><em>palliolum.</em></strong></span> 
     </span>
    </p>
   </div>
   <div class='ocr_carea' id='block_1_101' title="bbox 2021 3448 3611 3522">
    <p class='ocr_par' dir='ltr' id='par_1_101' title="bbox 2021 3448 3611 3522">
     <span class='ocr_line' id='line_1_103' title="bbox 2021 3448 3611 3522; baseline -0.007 -11"><span class='ocrx_word' id='word_1_744' title='bbox 2021 3455 2202 3511; x_wconf 86' lang='lat' dir='ltr'><strong><em>Crates</em></strong></span> <span class='ocrx_word' id='word_1_745' title='bbox 2224 3456 2310 3509; x_wconf 88' lang='lat' dir='ltr'><strong><em>ille</em></strong></span> <span class='ocrx_word' id='word_1_746' title='bbox 2334 3454 2607 3508; x_wconf 80' lang='lat' dir='ltr'><strong><em>Thebanus</em></strong></span> <span class='ocrx_word' id='word_1_747' title='bbox 2623 3467 2724 3506; x_wconf 89' lang='lat' dir='ltr'><strong><em>non</em></strong></span> <span class='ocrx_word' id='word_1_748' title='bbox 2746 3451 2946 3522; x_wconf 86' lang='lat' dir='ltr'><strong><em>putavit</em></strong></span> <span class='ocrx_word' id='word_1_749' title='bbox 2968 3466 3022 3503; x_wconf 91' lang='lat' dir='ltr'><strong><em>se</em></strong></span> <span class='ocrx_word' id='word_1_750' title='bbox 3042 3449 3194 3502; x_wconf 86' lang='lat' dir='ltr'><strong><em>simul</em></strong></span> <span class='ocrx_word' id='word_1_751' title='bbox 3213 3464 3365 3514; x_wconf 88' lang='lat' dir='ltr'><strong><em>posse</em></strong></span> <span class='ocrx_word' id='word_1_752' title='bbox 3392 3458 3441 3501; x_wconf 88' lang='lat' dir='ltr'><strong><em>et</em></strong></span> <span class='ocrx_word' id='word_1_753' title='bbox 3464 3448 3611 3501; x_wconf 74' lang='lat' dir='ltr'><strong><em>virtu~</em></strong></span> 
     </span>
    </p>
   </div>
   <div class='ocr_carea' id='block_1_102' title="bbox 2021 3538 3611 3615">
    <p class='ocr_par' dir='ltr' id='par_1_102' title="bbox 2021 3538 3611 3615">
     <span class='ocr_line' id='line_1_104' title="bbox 2021 3538 3611 3615; baseline -0.008 -13"><span class='ocrx_word' id='word_1_754' title='bbox 2021 3556 2095 3602; x_wconf 90' lang='lat' dir='ltr'><strong><em>tes</em></strong></span> <span class='ocrx_word' id='word_1_755' title='bbox 2142 3556 2192 3601; x_wconf 91' lang='lat' dir='ltr'><strong><em>et</em></strong></span> <span class='ocrx_word' id='word_1_756' title='bbox 2218 3546 2426 3601; x_wconf 87' lang='lat' dir='ltr'><strong><em>divitias</em></strong></span> <span class='ocrx_word' id='word_1_757' title='bbox 2456 3544 2718 3615; x_wconf 86' lang='lat' dir='ltr'><strong><em>possidere</em></strong></span> <span class='ocrx_word' id='word_1_758' title='bbox 2739 3559 2757 3596; x_wconf 89' lang='lat'><em>:</em></span> <span class='ocrx_word' id='word_1_759' title='bbox 2788 3558 2883 3595; x_wconf 89' lang='lat' dir='ltr'><strong><em>nos</em></strong></span> <span class='ocrx_word' id='word_1_760' title='bbox 2913 3541 3243 3610; x_wconf 69' lang='lat' dir='ltr'><strong><em>suffarcinati</em></strong></span> <span class='ocrx_word' id='word_1_761' title='bbox 3280 3555 3410 3593; x_wconf 89' lang='lat' dir='ltr'><strong><em>auro</em></strong></span> <span class='ocrx_word' id='word_1_762' title='bbox 3459 3538 3611 3592; x_wconf 87' lang='lat' dir='ltr'><strong><em>Chri-</em></strong></span> 
     </span>
    </p>
   </div>
   <div class='ocr_carea' id='block_1_103' title="bbox 2018 3630 3613 3709">
    <p class='ocr_par' dir='ltr' id='par_1_103' title="bbox 2018 3630 3613 3709">
     <span class='ocr_line' id='line_1_105' title="bbox 2018 3630 3613 3709; baseline -0.008 -16"><span class='ocrx_word' id='word_1_763' title='bbox 2018 3648 2154 3693; x_wconf 86' lang='lat' dir='ltr'><strong><em>stum</em></strong></span> <span class='ocrx_word' id='word_1_764' title='bbox 2182 3652 2461 3709; x_wconf 88' lang='lat' dir='ltr'><strong><em>pauperem</em></strong></span> <span class='ocrx_word' id='word_1_765' title='bbox 2480 3635 2762 3706; x_wconf 87' lang='lat' dir='ltr'><strong><em>sequimur,</em></strong></span> <span class='ocrx_word' id='word_1_766' title='bbox 2784 3642 2834 3687; x_wconf 90' lang='lat' dir='ltr'><strong><em>et</em></strong></span> <span class='ocrx_word' id='word_1_767' title='bbox 2862 3630 2954 3686; x_wconf 87' lang='lat' dir='ltr'><strong><em>sub</em></strong></span> <span class='ocrx_word' id='word_1_768' title='bbox 2994 3640 3247 3701; x_wconf 72' lang='lat' dir='ltr'><strong><em>prwtextu</em></strong></span> <span class='ocrx_word' id='word_1_769' title='bbox 3275 3630 3613 3699; x_wconf 75' lang='lat' dir='ltr'><strong><em>eleemosynru</em></strong></span> 
     </span>
    </p>
   </div>
   <div class='ocr_carea' id='block_1_104' title="bbox 2017 3718 3612 3800">
    <p class='ocr_par' dir='ltr' id='par_1_104' title="bbox 2017 3718 3612 3800">
     <span class='ocr_line' id='line_1_106' title="bbox 2017 3718 3612 3800; baseline -0.004 -18"><span class='ocrx_word' id='word_1_770' title='bbox 2017 3728 2252 3800; x_wconf 87' lang='lat' dir='ltr'><strong><em>pristinis</em></strong></span> <span class='ocrx_word' id='word_1_771' title='bbox 2272 3726 2451 3797; x_wconf 87' lang='lat' dir='ltr'><strong><em>opibus</em></strong></span> <span class='ocrx_word' id='word_1_772' title='bbox 2496 3723 2823 3778; x_wconf 88' lang='lat' dir='ltr'><strong><em>incubamus.</em></strong></span> <span class='ocrx_word' id='word_1_773' title='bbox 2851 3720 2910 3775; x_wconf 90' lang='lat' dir='ltr'><strong><em>In</em></strong></span> <span class='ocrx_word' id='word_1_774' title='bbox 2939 3720 3045 3775; x_wconf 91' lang='lat' dir='ltr'><strong><em>hoc</em></strong></span> <span class='ocrx_word' id='word_1_775' title='bbox 3070 3719 3259 3773; x_wconf 88' lang='lat' dir='ltr'><strong><em>vitium</em></strong></span> <span class='ocrx_word' id='word_1_776' title='bbox 3289 3734 3397 3772; x_wconf 91' lang='lat' dir='ltr'><strong><em>non</em></strong></span> <span class='ocrx_word' id='word_1_777' title='bbox 3428 3718 3612 3775; x_wconf 76' lang='lat' dir='ltr'><strong><em>incidit</em></strong></span> 
     </span>
    </p>
   </div>
   <div class='ocr_carea' id='block_1_105' title="bbox 2018 3808 3612 3885">
    <p class='ocr_par' dir='ltr' id='par_1_105' title="bbox 2018 3808 3612 3885">
     <span class='ocr_line' id='line_1_107' title="bbox 2018 3808 3612 3885; baseline -0.006 -10"><span class='ocrx_word' id='word_1_778' title='bbox 2018 3820 2300 3885; x_wconf 85' lang='lat' dir='ltr'><strong><em>Paulinus;</em></strong></span> <span class='ocrx_word' id='word_1_779' title='bbox 2331 3817 2567 3872; x_wconf 89' lang='lat' dir='ltr'><strong><em>tunicam</em></strong></span> <span class='ocrx_word' id='word_1_780' title='bbox 2590 3815 2734 3869; x_wconf 92' lang='lat' dir='ltr'><strong><em>enim</em></strong></span> <span class='ocrx_word' id='word_1_781' title='bbox 2757 3827 2863 3867; x_wconf 90' lang='lat' dir='ltr'><strong><em>una</em></strong></span> <span class='ocrx_word' id='word_1_782' title='bbox 2881 3826 3006 3865; x_wconf 89' lang='lat' dir='ltr'><strong><em>cum</em></strong></span> <span class='ocrx_word' id='word_1_783' title='bbox 3033 3809 3210 3863; x_wconf 90' lang='lat' dir='ltr'><strong><em>animo</em></strong></span> <span class='ocrx_word' id='word_1_784' title='bbox 3230 3808 3484 3862; x_wconf 89' lang='lat' dir='ltr'><strong><em>mutavit:</em></strong></span> <span class='ocrx_word' id='word_1_785' title='bbox 3511 3825 3612 3865; x_wconf 88' lang='lat' dir='ltr'><strong><em>nec</em></strong></span> 
     </span>
    </p>
   </div>
   <div class='ocr_carea' id='block_1_106' title="bbox 2016 3898 3610 3983">
    <p class='ocr_par' dir='ltr' id='par_1_106' title="bbox 2016 3898 3610 3983">
     <span class='ocr_line' id='line_1_108' title="bbox 2016 3898 3610 3983; baseline -0.009 -17"><span class='ocrx_word' id='word_1_786' title='bbox 2016 3912 2180 3983; x_wconf 90' lang='lat' dir='ltr'><strong><em>pleno</em></strong></span> <span class='ocrx_word' id='word_1_787' title='bbox 2208 3907 2483 3978; x_wconf 90' lang='lat' dir='ltr'><strong><em>marsupio</em></strong></span> <span class='ocrx_word' id='word_1_788' title='bbox 2512 3905 2776 3975; x_wconf 88' lang='lat' dir='ltr'><strong><em>gloriosas</em></strong></span> <span class='ocrx_word' id='word_1_789' title='bbox 2821 3901 3010 3957; x_wconf 89' lang='lat' dir='ltr'><strong><em>sordes</em></strong></span> <span class='ocrx_word' id='word_1_790' title='bbox 3039 3898 3298 3969; x_wconf 90' lang='lat' dir='ltr'><strong><em>appetiit,</em></strong></span> <span class='ocrx_word' id='word_1_791' title='bbox 3343 3898 3434 3953; x_wconf 88' lang='lat' dir='ltr'><strong><em>sed</em></strong></span> <span class='ocrx_word' id='word_1_792' title='bbox 3462 3898 3610 3968; x_wconf 87' lang='lat' dir='ltr'><strong><em>puris</em></strong></span> 
     </span>
    </p>
   </div>
   <div class='ocr_carea' id='block_1_107' title="bbox 2016 3990 3609 4067">
    <p class='ocr_par' dir='ltr' id='par_1_107' title="bbox 2016 3990 3609 4067">
     <span class='ocr_line' id='line_1_109' title="bbox 2016 3990 3609 4067; baseline -0.01 -7"><span class='ocrx_word' id='word_1_793' title='bbox 2016 4003 2267 4060; x_wconf 88' lang='lat' dir='ltr'><strong><em>manibus</em></strong></span> <span class='ocrx_word' id='word_1_794' title='bbox 2317 4008 2375 4057; x_wconf 91' lang='lat' dir='ltr'><strong><em>et</em></strong></span> <span class='ocrx_word' id='word_1_795' title='bbox 2427 3997 2656 4057; x_wconf 90' lang='lat' dir='ltr'><strong><em>candido</em></strong></span> <span class='ocrx_word' id='word_1_796' title='bbox 2699 4002 2923 4067; x_wconf 89' lang='lat' dir='ltr'><strong><em>pectore</em></strong></span> <span class='ocrx_word' id='word_1_797' title='bbox 2976 4002 3270 4065; x_wconf 84' lang='lat' dir='ltr'><strong><em>pauperem</em></strong></span> <span class='ocrx_word' id='word_1_798' title='bbox 3298 4005 3359 4046; x_wconf 89' lang='lat' dir='ltr'><strong><em>se</em></strong></span> <span class='ocrx_word' id='word_1_799' title='bbox 3409 3998 3465 4046; x_wconf 90' lang='lat' dir='ltr'><strong><em>et</em></strong></span> <span class='ocrx_word' id='word_1_800' title='bbox 3508 3990 3609 4061; x_wconf 83' lang='lat' dir='ltr'><strong><em>spi-</em></strong></span> 
     </span>
    </p>
   </div>
   <div class='ocr_carea' id='block_1_108' title="bbox 2015 4081 3613 4162">
    <p class='ocr_par' dir='ltr' id='par_1_108' title="bbox 2015 4081 3613 4162">
     <span class='ocr_line' id='line_1_110' title="bbox 2015 4081 3613 4162; baseline -0.011 -11"><span class='ocrx_word' id='word_1_801' title='bbox 2015 4097 2125 4152; x_wconf 87' lang='lat' dir='ltr'><strong><em>ritu</em></strong></span> <span class='ocrx_word' id='word_1_802' title='bbox 2172 4101 2227 4149; x_wconf 90' lang='lat' dir='ltr'><strong><em>et</em></strong></span> <span class='ocrx_word' id='word_1_803' title='bbox 2284 4091 2538 4162; x_wconf 90' lang='lat' dir='ltr'><strong><em>operibus</em></strong></span> <span class='ocrx_word' id='word_1_804' title='bbox 2583 4087 2805 4158; x_wconf 86' lang='lat' dir='ltr'><strong><em>gloriari</em></strong></span> <span class='ocrx_word' id='word_1_805' title='bbox 2857 4092 3091 4156; x_wconf 90' lang='lat' dir='ltr'><strong><em>poterat.</em></strong></span> <span class='ocrx_word' id='word_1_806' title='bbox 3125 4081 3245 4138; x_wconf 86' lang='lat' dir='ltr'><strong><em>Non</em></strong></span> <span class='ocrx_word' id='word_1_807' title='bbox 3272 4081 3613 4151; x_wconf 77' lang='lat' dir='ltr'><strong><em>exspectavit</em></strong></span> 
     </span>
    </p>
   </div>
   <div class='ocr_carea' id='block_1_109' title="bbox 2016 4177 3613 4245">
    <p class='ocr_par' dir='ltr' id='par_1_109' title="bbox 2016 4177 3613 4245">
     <span class='ocr_line' id='line_1_111' title="bbox 2016 4177 3613 4245; baseline -0.01 0"><span class='ocrx_word' id='word_1_808' title='bbox 2016 4189 2194 4245; x_wconf 88' lang='lat' dir='ltr'><strong><em>donec</em></strong></span> <span class='ocrx_word' id='word_1_809' title='bbox 2235 4194 2261 4222; x_wconf 74' lang='grc' dir='ltr'><strong>ι</strong></span> <span class='ocrx_word' id='word_1_810' title='bbox 2293 4179 2751 4239; x_wconf 76' lang='lat' dir='ltr'><strong><em>turbulentissime</em></strong></span> <span class='ocrx_word' id='word_1_811' title='bbox 2781 4177 3121 4232; x_wconf 88' lang='lat' dir='ltr'><strong><em>miseriarum</em></strong></span> <span class='ocrx_word' id='word_1_812' title='bbox 3164 4178 3455 4241; x_wconf 87' lang='lat' dir='ltr'><strong><em>tempestas</em></strong></span> <span class='ocrx_word' id='word_1_813' title='bbox 3482 4185 3613 4229; x_wconf 80' lang='lat' dir='ltr'><strong><em>eum</em></strong></span> 
     </span>
    </p>
   </div>
   <div class='ocr_carea' id='block_1_110' title="bbox 2014 4261 3609 4344">
    <p class='ocr_par' dir='ltr' id='par_1_110' title="bbox 2014 4261 3609 4344">
     <span class='ocr_line' id='line_1_112' title="bbox 2014 4261 3609 4344; baseline -0.013 -10"><span class='ocrx_word' id='word_1_814' title='bbox 2014 4280 2255 4335; x_wconf 88' lang='lat' dir='ltr'><strong><em>mitteret</em></strong></span> <span class='ocrx_word' id='word_1_815' title='bbox 2300 4276 2355 4329; x_wconf 91' lang='lat' dir='ltr'><strong><em>in</em></strong></span> <span class='ocrx_word' id='word_1_816' title='bbox 2393 4281 2612 4344; x_wconf 90' lang='lat' dir='ltr'><strong><em>portum</em></strong></span> <span class='ocrx_word' id='word_1_817' title='bbox 2640 4268 2989 4340; x_wconf 89' lang='lat' dir='ltr'><strong><em>paupertatis,</em></strong></span> <span class='ocrx_word' id='word_1_818' title='bbox 3022 4273 3084 4320; x_wconf 92' lang='lat' dir='ltr'><strong><em>ut</em></strong></span> <span class='ocrx_word' id='word_1_819' title='bbox 3109 4262 3427 4334; x_wconf 86' lang='lat' dir='ltr'><strong><em>quibusdam</em></strong></span> <span class='ocrx_word' id='word_1_820' title='bbox 3456 4261 3609 4331; x_wconf 45' lang='lat' dir='ltr'><strong><em>ejus‘</em></strong></span> 
     </span>
    </p>
   </div>
   <div class='ocr_carea' id='block_1_111' title="bbox 2014 4354 3607 4430">
    <p class='ocr_par' dir='ltr' id='par_1_111' title="bbox 2014 4354 3607 4430">
     <span class='ocr_line' id='line_1_113' title="bbox 2014 4354 3607 4430; baseline -0.012 -4"><span class='ocrx_word' id='word_1_821' title='bbox 2014 4373 2139 4426; x_wconf 88' lang='lat' dir='ltr'><strong><em>dem</em></strong></span> <span class='ocrx_word' id='word_1_822' title='bbox 2168 4367 2399 4423; x_wconf 90' lang='lat' dir='ltr'><strong><em>nominis</em></strong></span> <span class='ocrx_word' id='word_1_823' title='bbox 2425 4363 2659 4429; x_wconf 90' lang='lat' dir='ltr'><strong><em>accidit;</em></strong></span> <span class='ocrx_word' id='word_1_824' title='bbox 2711 4360 2805 4416; x_wconf 87' lang='lat' dir='ltr'><strong><em>sed</em></strong></span> <span class='ocrx_word' id='word_1_825' title='bbox 2842 4359 3036 4430; x_wconf 87' lang='lat' dir='ltr'><strong><em>pelago</em></strong></span> <span class='ocrx_word' id='word_1_826' title='bbox 3082 4354 3453 4423; x_wconf 87' lang='lat' dir='ltr'><strong><em>tranquilliore</em></strong></span> <span class='ocrx_word' id='word_1_827' title='bbox 3478 4368 3607 4422; x_wconf 81' lang='lat' dir='ltr'><strong><em>per-</em></strong></span> 
     </span>
    </p>
   </div>
   <div class='ocr_carea' id='block_1_112' title="bbox 1935 4447 3604 4531">
    <p class='ocr_par' dir='ltr' id='par_1_112' title="bbox 1935 4447 3604 4531">
     <span class='ocr_line' id='line_1_114' title="bbox 1935 4447 3604 4531; baseline -0.012 -11"><span class='ocrx_word' id='word_1_828' title='bbox 1935 4462 1989 4523; x_wconf 88' lang='lat' dir='ltr'><strong><em>D</em></strong></span> <span class='ocrx_word' id='word_1_829' title='bbox 2014 4461 2235 4526; x_wconf 87' lang='lat' dir='ltr'><strong><em>meavit,</em></strong></span> <span class='ocrx_word' id='word_1_830' title='bbox 2263 4460 2389 4531; x_wconf 90' lang='lat' dir='ltr'><strong><em>quia</em></strong></span> <span class='ocrx_word' id='word_1_831' title='bbox 2411 4459 2463 4512; x_wconf 91' lang='lat' dir='ltr'><strong><em>in</em></strong></span> <span class='ocrx_word' id='word_1_832' title='bbox 2487 4458 2602 4527; x_wconf 89' lang='lat' dir='ltr'><strong><em>ipsa</em></strong></span> <span class='ocrx_word' id='word_1_833' title='bbox 2630 4452 3019 4521; x_wconf 89' lang='lat' dir='ltr'><strong><em>tranquillitate</em></strong></span> <span class='ocrx_word' id='word_1_834' title='bbox 3039 4449 3337 4521; x_wconf 89' lang='lat' dir='ltr'><strong><em>periculum</em></strong></span> <span class='ocrx_word' id='word_1_835' title='bbox 3361 4447 3604 4501; x_wconf 87' lang='lat' dir='ltr'><strong><em>videbat.</em></strong></span> 
     </span>
    </p>
   </div>
   <div class='ocr_carea' id='block_1_113' title="bbox 2011 4543 3602 4613">
    <p class='ocr_par' dir='ltr' id='par_1_113' title="bbox 2011 4543 3602 4613">
     <span class='ocr_line' id='line_1_115' title="bbox 2011 4543 3602 4613; baseline -0.011 -3"><span class='ocrx_word' id='word_1_836' title='bbox 2011 4553 2211 4609; x_wconf 83' lang='lat' dir='ltr'><strong><em>Audita</em></strong></span> <span class='ocrx_word' id='word_1_837' title='bbox 2238 4562 2268 4601; x_wconf 68' lang='grc' dir='ltr'><em>γ</em></span> <span class='ocrx_word' id='word_1_838' title='bbox 2299 4550 2567 4607; x_wconf 89' lang='lat' dir='ltr'><strong><em>sententia</em></strong></span> <span class='ocrx_word' id='word_1_839' title='bbox 2593 4546 2888 4601; x_wconf 84' lang='lat' dir='ltr'><strong><em>Salvatoris</em></strong></span> <span class='ocrx_word' id='word_1_840' title='bbox 2921 4562 2934 4597; x_wconf 90' lang='lat'><strong>:</strong></span> <span class='ocrx_word' id='word_1_841' title='bbox 2968 4544 3030 4599; x_wconf 90' lang='lat' dir='ltr'><strong><em>Si</em></strong></span> <span class='ocrx_word' id='word_1_842' title='bbox 3067 4544 3141 4598; x_wconf 90' lang='lat' dir='ltr'><strong><em>vis</em></strong></span> <span class='ocrx_word' id='word_1_843' title='bbox 3172 4543 3427 4613; x_wconf 74' lang='lat' dir='ltr'><strong><em>perfectus</em></strong></span> <span class='ocrx_word' id='word_1_844' title='bbox 3467 4557 3602 4602; x_wconf 88' lang='lat' dir='ltr'><strong><em>esse,</em></strong></span> 
     </span>
    </p>
   </div>
   <div class='ocr_carea' id='block_1_114' title="bbox 2010 4629 3602 4711">
    <p class='ocr_par' dir='ltr' id='par_1_114' title="bbox 2010 4629 3602 4711">
     <span class='ocr_line' id='line_1_116' title="bbox 2010 4629 3602 4711; baseline -0.013 -8"><span class='ocrx_word' id='word_1_845' title='bbox 2010 4648 2157 4711; x_wconf 83' lang='lat' dir='ltr'><strong><em>vade,</em></strong></span> <span class='ocrx_word' id='word_1_846' title='bbox 2175 4645 2334 4701; x_wconf 83' lang='lat' dir='ltr'><strong><em>vende</em></strong></span> <span class='ocrx_word' id='word_1_847' title='bbox 2354 4642 2530 4698; x_wconf 88' lang='lat' dir='ltr'><strong><em>omnia</em></strong></span> <span class='ocrx_word' id='word_1_848' title='bbox 2550 4655 2665 4711; x_wconf 66' lang='lat' dir='ltr'><strong><em>quas</em></strong></span> <span class='ocrx_word' id='word_1_849' title='bbox 2684 4636 2840 4691; x_wconf 85' lang='lat' dir='ltr'><strong><em>habes</em></strong></span> <span class='ocrx_word' id='word_1_850' title='bbox 2859 4645 2909 4690; x_wconf 90' lang='lat' dir='ltr'><strong><em>et</em></strong></span> <span class='ocrx_word' id='word_1_851' title='bbox 2937 4635 3005 4689; x_wconf 87' lang='lat' dir='ltr'><strong><em>da</em></strong></span> <span class='ocrx_word' id='word_1_852' title='bbox 3021 4631 3352 4705; x_wconf 87' lang='lat' dir='ltr'><strong><em>pauperibus,</em></strong></span> <span class='ocrx_word' id='word_1_853' title='bbox 3370 4640 3420 4685; x_wconf 86' lang='lat' dir='ltr'><strong><em>et</em></strong></span> <span class='ocrx_word' id='word_1_854' title='bbox 3447 4629 3602 4684; x_wconf 76' lang='lat' dir='ltr'><strong><em>habe-</em></strong></span> 
     </span>
    </p>
   </div>
   <div class='ocr_carea' id='block_1_115' title="bbox 2012 4725 3601 4799">
    <p class='ocr_par' dir='ltr' id='par_1_115' title="bbox 2012 4725 3601 4799">
     <span class='ocr_line' id='line_1_117' title="bbox 2012 4725 3601 4799; baseline -0.012 -3"><span class='ocrx_word' id='word_1_855' title='bbox 2012 4739 2089 4796; x_wconf 85' lang='lat' dir='ltr'><strong><em>bis</em></strong></span> <span class='ocrx_word' id='word_1_856' title='bbox 2111 4740 2403 4794; x_wconf 82' lang='lat' dir='ltr'><strong><em>thesaurum</em></strong></span> <span class='ocrx_word' id='word_1_857' title='bbox 2427 4737 2481 4789; x_wconf 90' lang='lat' dir='ltr'><strong><em>in</em></strong></span> <span class='ocrx_word' id='word_1_858' title='bbox 2509 4735 2636 4788; x_wconf 67' lang='lat' dir='ltr'><strong><em>caalo</em></strong></span> <span class='ocrx_word' id='word_1_859' title='bbox 2655 4749 2673 4786; x_wconf 91' lang='lat'><strong><em>:</em></strong></span> <span class='ocrx_word' id='word_1_860' title='bbox 2702 4741 2751 4786; x_wconf 89' lang='lat' dir='ltr'><strong><em>et</em></strong></span> <span class='ocrx_word' id='word_1_861' title='bbox 2773 4731 2907 4794; x_wconf 87' lang='lat' dir='ltr'><strong><em>veni,</em></strong></span> <span class='ocrx_word' id='word_1_862' title='bbox 2937 4737 2985 4783; x_wconf 88' lang='lat' dir='ltr'><strong><em>et</em></strong></span> <span class='ocrx_word' id='word_1_863' title='bbox 3018 4744 3225 4799; x_wconf 89' lang='lat' dir='ltr'><strong><em>sequere</em></strong></span> <span class='ocrx_word' id='word_1_864' title='bbox 3244 4744 3355 4791; x_wconf 86' lang='lat' dir='ltr'><strong><em>me;</em></strong></span> <span class='ocrx_word' id='word_1_865' title='bbox 3381 4736 3403 4761; x_wconf 76' lang='grc' dir='ltr'><strong>κ</strong></span> <span class='ocrx_word' id='word_1_866' title='bbox 3434 4725 3601 4778; x_wconf 82' lang='lat' dir='ltr'><strong><em>Evan-</em></strong></span> 
     </span>
    </p>
   </div>
   <div class='ocr_carea' id='block_1_116' title="bbox 2013 4817 3600 4901">
    <p class='ocr_par' dir='ltr' id='par_1_116' title="bbox 2013 4817 3600 4901">
     <span class='ocr_line' id='line_1_118' title="bbox 2013 4817 3600 4901; baseline -0.011 -14"><span class='ocrx_word' id='word_1_867' title='bbox 2013 4832 2183 4901; x_wconf 90' lang='lat' dir='ltr'><strong><em>gelica</em></strong></span> <span class='ocrx_word' id='word_1_868' title='bbox 2212 4829 2376 4884; x_wconf 88' lang='lat' dir='ltr'><strong><em>verba</em></strong></span> <span class='ocrx_word' id='word_1_869' title='bbox 2418 4827 2582 4882; x_wconf 89' lang='lat' dir='ltr'><strong><em>vertit</em></strong></span> <span class='ocrx_word' id='word_1_870' title='bbox 2630 4825 2683 4880; x_wconf 91' lang='lat' dir='ltr'><strong><em>in</em></strong></span> <span class='ocrx_word' id='word_1_871' title='bbox 2730 4838 2916 4893; x_wconf 88' lang='lat' dir='ltr'><strong><em>opera.</em></strong></span> <span class='ocrx_word' id='word_1_872' title='bbox 2947 4820 3093 4885; x_wconf 65' lang='lat' dir='ltr'><strong><em>llam,</em></strong></span> <span class='ocrx_word' id='word_1_873' title='bbox 3143 4819 3382 4887; x_wconf 88' lang='lat' dir='ltr'><strong><em>inquam,</em></strong></span> <span class='ocrx_word' id='word_1_874' title='bbox 3437 4817 3600 4871; x_wconf 85' lang='lat' dir='ltr'><strong><em>verba</em></strong></span> 
     </span>
    </p>
   </div>
   <div class='ocr_carea' id='block_1_117' title="bbox 2014 4908 3602 4991">
    <p class='ocr_par' dir='ltr' id='par_1_117' title="bbox 2014 4908 3602 4991">
     <span class='ocr_line' id='line_1_119' title="bbox 2014 4908 3602 4991; baseline -0.008 -16"><span class='ocrx_word' id='word_1_875' title='bbox 2014 4927 2227 4991; x_wconf 91' lang='lat' dir='ltr'><strong><em>promta</em></strong></span> <span class='ocrx_word' id='word_1_876' title='bbox 2267 4917 2584 4985; x_wconf 83' lang='lat' dir='ltr'><strong><em>el‘licacique</em></strong></span> <span class='ocrx_word' id='word_1_877' title='bbox 2634 4913 2737 4969; x_wconf 85' lang='lat' dir='ltr'><strong><em>ﬁde</em></strong></span> <span class='ocrx_word' id='word_1_878' title='bbox 2773 4914 2829 4967; x_wconf 93' lang='lat' dir='ltr'><strong><em>in</em></strong></span> <span class='ocrx_word' id='word_1_879' title='bbox 2854 4910 3065 4967; x_wconf 89' lang='lat' dir='ltr'><strong><em>Paulini</em></strong></span> <span class='ocrx_word' id='word_1_880' title='bbox 3105 4915 3344 4964; x_wconf 89' lang='lat' dir='ltr'><strong><em>mentem</em></strong></span> <span class='ocrx_word' id='word_1_881' title='bbox 3385 4908 3602 4978; x_wconf 89' lang='lat' dir='ltr'><strong><em>penitus</em></strong></span> 
     </span>
    </p>
   </div>
   <div class='ocr_carea' id='block_1_118' title="bbox 2016 5002 3597 5076">
    <p class='ocr_par' dir='ltr' id='par_1_118' title="bbox 2016 5002 3597 5076">
     <span class='ocr_line' id='line_1_120' title="bbox 2016 5002 3597 5076; baseline -0.01 -8"><span class='ocrx_word' id='word_1_882' title='bbox 2016 5010 2363 5075; x_wconf 87' lang='lat' dir='ltr'><strong><em>descendere,</em></strong></span> <span class='ocrx_word' id='word_1_883' title='bbox 2383 5019 2439 5065; x_wconf 91' lang='lat' dir='ltr'><strong><em>et</em></strong></span> <span class='ocrx_word' id='word_1_884' title='bbox 2466 5008 2646 5065; x_wconf 91' lang='lat' dir='ltr'><strong><em>cordis</em></strong></span> <span class='ocrx_word' id='word_1_885' title='bbox 2666 5007 2782 5076; x_wconf 86' lang='lat' dir='ltr'><strong><em>ejus</em></strong></span> <span class='ocrx_word' id='word_1_886' title='bbox 2801 5019 2960 5060; x_wconf 88' lang='lat' dir='ltr'><strong><em>aures</em></strong></span> <span class='ocrx_word' id='word_1_887' title='bbox 2979 5002 3194 5058; x_wconf 89' lang='lat' dir='ltr'><strong><em>assidue</em></strong></span> <span class='ocrx_word' id='word_1_888' title='bbox 3218 5008 3597 5072; x_wconf 84' lang='lat' dir='ltr'><strong><em>personarum.</em></strong></span> 
     </span>
    </p>
   </div>
   <div class='ocr_carea' id='block_1_119' title="bbox 2015 5090 3600 5171">
    <p class='ocr_par' dir='ltr' id='par_1_119' title="bbox 2015 5090 3600 5171">
     <span class='ocr_line' id='line_1_121' title="bbox 2015 5090 3600 5171; baseline -0.008 -11"><span class='ocrx_word' id='word_1_889' title='bbox 2015 5102 2170 5171; x_wconf 84' lang='lat' dir='ltr'><strong><em>Quod</em></strong></span> <span class='ocrx_word' id='word_1_890' title='bbox 2197 5111 2255 5140; x_wconf 68' lang='grc'><strong><em>⁸⁸</em></strong></span> <span class='ocrx_word' id='word_1_891' title='bbox 2275 5119 2344 5158; x_wconf 78' lang='lat' dir='ltr'><strong><em>ex</em></strong></span> <span class='ocrx_word' id='word_1_892' title='bbox 2370 5116 2467 5157; x_wconf 89' lang='lat' dir='ltr'><strong><em>ore</em></strong></span> <span class='ocrx_word' id='word_1_893' title='bbox 2495 5098 2706 5155; x_wconf 89' lang='lat' dir='ltr'><strong><em>Domini</em></strong></span> <span class='ocrx_word' id='word_1_894' title='bbox 2734 5112 2857 5153; x_wconf 91' lang='lat' dir='ltr'><strong><em>cum</em></strong></span> <span class='ocrx_word' id='word_1_895' title='bbox 2887 5094 3103 5149; x_wconf 89' lang='lat' dir='ltr'><strong><em>tristitia</em></strong></span> <span class='ocrx_word' id='word_1_896' title='bbox 3129 5092 3279 5148; x_wconf 90' lang='lat' dir='ltr'><strong><em>dives</em></strong></span> <span class='ocrx_word' id='word_1_897' title='bbox 3299 5090 3489 5158; x_wconf 91' lang='lat' dir='ltr'><strong><em>audiit,</em></strong></span> <span class='ocrx_word' id='word_1_898' title='bbox 3511 5091 3600 5147; x_wconf 89' lang='lat' dir='ltr'><strong><em>hic</em></strong></span> 
     </span>
    </p>
   </div>
   <div class='ocr_carea' id='block_1_120' title="bbox 3333 5270 3597 5327">
    <p class='ocr_par' dir='ltr' id='par_1_120' title="bbox 3333 5270 3597 5327">
     <span class='ocr_line' id='line_1_122' title="bbox 3333 5270 3597 5327; baseline 0.004 -3"><span class='ocrx_word' id='word_1_899' title='bbox 3333 5281 3358 5310; x_wconf 77' lang='grc' dir='ltr'><strong>ο</strong></span> <span class='ocrx_word' id='word_1_900' title='bbox 3381 5270 3597 5327; x_wconf 84' lang='lat' dir='ltr'><strong><em>Scilicet</em></strong></span> 
     </span>
    </p>
   </div>
   <div class='ocr_carea' id='block_1_121' title="bbox 2432 5339 3590 5418">
    <p class='ocr_par' dir='ltr' id='par_1_121' title="bbox 2432 5339 3590 5418">
     <span class='ocr_line' id='line_1_123' title="bbox 2432 5339 3590 5418; baseline -0.006 -17"><span class='ocrx_word' id='word_1_901' title='bbox 2432 5359 2445 5385; x_wconf 83' lang='grc' dir='ltr'>ι</span> <span class='ocrx_word' id='word_1_902' title='bbox 2475 5339 2660 5401; x_wconf 33' lang='grc' dir='ltr'><strong><em>-Ηὶθιί</em></strong></span> <span class='ocrx_word' id='word_1_903' title='bbox 2691 5364 2800 5418; x_wconf 37' lang='lat' dir='ltr'><strong><em>ep;</em></strong></span> <span class='ocrx_word' id='word_1_904' title='bbox 2836 5347 2923 5418; x_wconf 65' lang='lat'><strong><em>15.</em></strong></span> <span class='ocrx_word' id='word_1_905' title='bbox 3004 5344 3019 5393; x_wconf 71' lang='grc' dir='ltr'>Ι</span> <span class='ocrx_word' id='word_1_906' title='bbox 3061 5343 3339 5418; x_wconf 39' lang='lat' dir='ltr'><strong><em>Ambros;</em></strong></span> <span class='ocrx_word' id='word_1_907' title='bbox 3360 5356 3447 5418; x_wconf 79' lang='lat' dir='ltr'><strong><em>ep.</em></strong></span> 
     </span>
    </p>
   </div>
   <div class='ocr_carea' id='block_1_122' title="bbox 2714 5409 3590 5535">
    <p class='ocr_par' dir='ltr' id='par_1_122' title="bbox 2714 5409 3590 5535">
     <span class='ocr_line' id='line_1_124' title="bbox 2714 5409 3590 5489; baseline -0.014 -18"><span class='ocrx_word' id='word_1_908' title='bbox 2714 5409 2741 5453; x_wconf 73' lang='grc' dir='ltr'><em>δ</em></span> <span class='ocrx_word' id='word_1_909' title='bbox 2763 5416 2862 5487; x_wconf 89' lang='lat' dir='ltr'><strong><em>Ep.</em></strong></span> <span class='ocrx_word' id='word_1_910' title='bbox 2896 5416 2945 5480; x_wconf 93' lang='grc'><strong><em>1,</em></strong></span> <span class='ocrx_word' id='word_1_911' title='bbox 2989 5430 3043 5466; x_wconf 90' lang='lat' dir='ltr'><strong><em>n.</em></strong></span> <span class='ocrx_word' id='word_1_912' title='bbox 3078 5412 3163 5466; x_wconf 92' lang='grc'><strong><em>10.</em></strong></span> <span class='ocrx_word' id='word_1_913' title='bbox 3244 5424 3267 5461; x_wconf 71' lang='grc' dir='ltr'><strong><em>[ι</em></strong></span> <span class='ocrx_word' id='word_1_914' title='bbox 3298 5410 3467 5479; x_wconf 83' lang='lat' dir='ltr'><strong><em>Epist.</em></strong></span> <span class='ocrx_word' id='word_1_915' title='bbox 3498 5409 3590 5489; x_wconf 59' lang='lat' dir='ltr'><strong><em>2i,</em></strong></span> 
     </span>
     <span class='ocr_line' id='line_1_125' title="bbox 2714 5479 3590 5535; baseline -0.002 0"><span class='ocrx_word' id='word_1_916' title='bbox 2714 5503 2799 5535; x_wconf 87' lang='lat' dir='ltr'><strong><em>nn.</em></strong></span> <span class='ocrx_word' id='word_1_917' title='bbox 2833 5504 2919 5535; x_wconf 78' lang='lat' dir='ltr'><strong><em>an.</em></strong></span> <span class='ocrx_word' id='word_1_918' title='bbox 2944 5482 3121 5535; x_wconf 53' lang='grc' dir='ltr'><strong><em>ὄψις</em></strong></span> <span class='ocrx_word' id='word_1_919' title='bbox 3157 5481 3245 5535; x_wconf 77' lang='grc'><strong>85.</strong></span> <span class='ocrx_word' id='word_1_920' title='bbox 3324 5490 3348 5516; x_wconf 76' lang='grc' dir='ltr'><strong><em>υ</em></strong></span> <span class='ocrx_word' id='word_1_921' title='bbox 3382 5479 3590 5533; x_wconf 75' lang='lat' dir='ltr'><strong><em>Pauli&quot;.</em></strong></span> 
     </span>
    </p>
   </div>
   <div class='ocr_carea' id='block_1_123' title="bbox 2084 5350 2633 5482">
    <p class='ocr_par' dir='ltr' id='par_1_123' title="bbox 2084 5350 2633 5482">
     <span class='ocr_line' id='line_1_126' title="bbox 2095 5350 2630 5417; baseline -0.009 -11"><span class='ocrx_word' id='word_1_922' title='bbox 2095 5393 2109 5417; x_wconf 94' lang='lat'><strong><em>,</em></strong></span> <span class='ocrx_word' id='word_1_923' title='bbox 2152 5368 2204 5405; x_wconf 91' lang='lat' dir='ltr'><strong><em>v.</em></strong></span> <span class='ocrx_word' id='word_1_924' title='bbox 2262 5350 2347 5403; x_wconf 80' lang='grc'><strong>57.</strong></span> <span class='ocrx_word' id='word_1_925' title='bbox 2432 5359 2445 5385; x_wconf 82' lang='grc' dir='ltr'>ι</span> <span class='ocrx_word' id='word_1_926' title='bbox 2484 5350 2630 5401; x_wconf 84' lang='lat' dir='ltr'><strong><em>Hier.</em></strong></span> 
     </span>
     <span class='ocr_line' id='line_1_127' title="bbox 2084 5418 2633 5482; baseline -0.009 -7"><span class='ocrx_word' id='word_1_927' title='bbox 2084 5432 2110 5458; x_wconf 76' lang='grc' dir='ltr'><strong><em>ιι</em></strong></span> <span class='ocrx_word' id='word_1_928' title='bbox 2134 5420 2311 5476; x_wconf 88' lang='lat' dir='ltr'><strong><em>Carm.</em></strong></span> <span class='ocrx_word' id='word_1_929' title='bbox 2346 5418 2432 5482; x_wconf 72' lang='lat'><strong><em>12,</em></strong></span> <span class='ocrx_word' id='word_1_930' title='bbox 2463 5436 2515 5472; x_wconf 90' lang='lat' dir='ltr'><strong><em>v.</em></strong></span> <span class='ocrx_word' id='word_1_931' title='bbox 2547 5418 2633 5471; x_wconf 73' lang='lat'><strong><em>52.</em></strong></span> 
     </span>
    </p>
   </div>
   <div class='ocr_carea' id='block_1_124' title="bbox 320 5547 1931 5632">
    <p class='ocr_par' dir='ltr' id='par_1_124' title="bbox 320 5547 1931 5632">
     <span class='ocr_line' id='line_1_128' title="bbox 320 5547 1931 5632; baseline 0.004 -23"><span class='ocrx_word' id='word_1_932' title='bbox 320 5555 533 5632; x_wconf 38' lang='lat' dir='ltr'><strong><em>cp.n22,</em></strong></span> <span class='ocrx_word' id='word_1_933' title='bbox 559 5554 698 5632; x_wconf 76' lang='lat' dir='ltr'><strong><em>n.__3.</em></strong></span> <span class='ocrx_word' id='word_1_934' title='bbox 774 5565 800 5592; x_wconf 83' lang='lat'><strong>&#39;</strong></span> <span class='ocrx_word' id='word_1_935' title='bbox 831 5554 1050 5632; x_wconf 79' lang='lat' dir='ltr'><strong><em>llieron.</em></strong></span> <span class='ocrx_word' id='word_1_936' title='bbox 1078 5553 1295 5632; x_wconf 41' lang='grc' dir='ltr'><strong>εμὲ-15.</strong></span> <span class='ocrx_word' id='word_1_937' title='bbox 1334 5566 1397 5632; x_wconf 39' lang='grc'><strong><em>-.³</em></strong></span> <span class='ocrx_word' id='word_1_938' title='bbox 1430 5547 1652 5630; x_wconf 56' lang='lat' dir='ltr'><strong><em>August:</em></strong></span> <span class='ocrx_word' id='word_1_939' title='bbox 1679 5577 1767 5632; x_wconf 91' lang='lat' dir='ltr'><strong><em>ep.</em></strong></span> <span class='ocrx_word' id='word_1_940' title='bbox 1811 5561 1931 5631; x_wconf 76' lang='grc'><strong>149,</strong></span> 
     </span>
    </p>
   </div>
   <div class='ocr_carea' id='block_1_125' title="bbox 2023 5547 3587 5632">
    <p class='ocr_par' dir='ltr' id='par_1_125' title="bbox 2023 5547 3587 5631">
     <span class='ocr_line' id='line_1_129' title="bbox 2023 5547 3587 5631; baseline -0.008 -15"><span class='ocrx_word' id='word_1_941' title='bbox 2023 5547 2147 5616; x_wconf 69' lang='grc'><strong>,541</strong></span> <span class='ocrx_word' id='word_1_942' title='bbox 2222 5571 2249 5611; x_wconf 74' lang='grc' dir='ltr'><strong><em>γ</em></strong></span> <span class='ocrx_word' id='word_1_943' title='bbox 2278 5547 2501 5631; x_wconf 79' lang='lat' dir='ltr'><strong><em>August.</em></strong></span> <span class='ocrx_word' id='word_1_944' title='bbox 2545 5572 2632 5629; x_wconf 88' lang='lat' dir='ltr'><strong><em>cp.</em></strong></span> <span class='ocrx_word' id='word_1_945' title='bbox 2675 5555 3001 5624; x_wconf 72' lang='grc' dir='ltr'><strong>149,η.54.</strong></span> <span class='ocrx_word' id='word_1_946' title='bbox 3058 5547 3351 5606; x_wconf 59' lang='lat' dir='ltr'><strong><em>&quot;intem...</em></strong></span> <span class='ocrx_word' id='word_1_947' title='bbox 3384 5564 3470 5618; x_wconf 88' lang='lat' dir='ltr'><strong><em>cp.</em></strong></span> <span class='ocrx_word' id='word_1_948' title='bbox 3501 5547 3587 5604; x_wconf 70' lang='grc' dir='ltr'><strong><em>ιδ.</em></strong></span> 
     </span>
    </p>
   </div>
   <div class='ocr_carea' id='block_1_126' title="bbox 325 5622 1382 5695">
    <p class='ocr_par' dir='ltr' id='par_1_126' title="bbox 325 5622 1382 5695">
     <span class='ocr_line' id='line_1_130' title="bbox 325 5622 1382 5695; baseline 0.002 -18"><span class='ocrx_word' id='word_1_949' title='bbox 325 5622 382 5664; x_wconf 57' lang='lat' dir='ltr'><strong><em>ei</em></strong></span> <span class='ocrx_word' id='word_1_950' title='bbox 414 5624 576 5695; x_wconf 76' lang='lat' dir='ltr'><strong><em>Creg.</em></strong></span> <span class='ocrx_word' id='word_1_951' title='bbox 609 5625 736 5680; x_wconf 90' lang='lat' dir='ltr'><strong><em>Tur.</em></strong></span> <span class='ocrx_word' id='word_1_952' title='bbox 770 5633 825 5679; x_wconf 90' lang='lat' dir='ltr'><strong><em>ct</em></strong></span> <span class='ocrx_word' id='word_1_953' title='bbox 852 5624 985 5693; x_wconf 79' lang='lat' dir='ltr'><strong><em>Aug.</em></strong></span> <span class='ocrx_word' id='word_1_954' title='bbox 1015 5622 1224 5691; x_wconf 41' lang='lat' dir='ltr'><strong><em>cp.&#39;51,</em></strong></span> <span class='ocrx_word' id='word_1_955' title='bbox 1247 5640 1299 5679; x_wconf 89' lang='lat' dir='ltr'><strong><em>n.</em></strong></span> <span class='ocrx_word' id='word_1_956' title='bbox 1332 5625 1382 5679; x_wconf 87' lang='grc'><strong><em>5.</em></strong></span> 
     </span>
    </p>
   </div>
  </div>
