4020 6186
456 255 517 312 81
1477 248 1536 306 S.
1579 242 1917 305 PAULINUS
1956 245 2277 304 NOLANUS
2315 244 2708 301 EPISCOPUS.
3645 245 3717 301 52

455 380 579 423 cum
604 365 787 437 lmtitia
814 364 940 422 fecit
972 384 985 418 :
1016 365 1160 435 quod
1181 372 1207 401 ιι
1234 364 1334 420 sibi
1361 366 1723 421 necessarium
1755 366 2031 421 existima-
2060 370 2103 426 Α
2134 376 2379 431 moratos,
2402 367 2540 437 quod
2554 373 2667 419 orta
2689 373 2960 436 tmpestas
2986 381 3141 419 unam
3169 366 3243 420 eis
3269 383 3385 420 cum
3405 369 3573 423 tritico
3594 370 3715 424 abs-

456 457 534 511 vit
562 436 623 510 ul
642 454 977 510 advenientis
994 454 1192 511 Christi
1213 454 1475 524 justitiam
1493 456 1834 525 prmveniret.

586 587 685 657 15
716 595 807 644 Hic
823 601 983 644 metus
999 601 1091 653 est,
1111 593 1247 657 labor
1266 597 1380 654 iste,
1393 595 1501 657 dies
1520 607 1583 657 ne
1604 607 1683 642 me
1704 594 1899 644 ultimus
1914 597 2036 644 atris

580 655 801 715 ἵοιιίιυιη
825 658 1046 705 tenebris
1065 655 1217 704 sterili
1243 656 1515 715 deprendat
1540 656 1590 703 in
1612 660 1740 712 actu,

581 717 825 777 Tempora
847 719 937 765 sub
965 720 1124 766 vacuis
1144 717 1407 765 ducentem
1432 718 1617 776 perdita
1640 719 1786 765 curis.

582 777 700 840 Nam
724 778 839 840 quid
866 778 1037 839 agam?
1063 778 1207 828 lentis
1229 779 1268 824 si
1285 778 1397 840 dum
1422 780 1660 827 c0nniveo
1689 779 1832 835 votis,

527 880 534 887 .
582 838 799 900 Christus
821 840 881 886 ah
901 838 1104 888 aetheria
1123 841 1239 900 mihi
1261 838 1477 900 proditus
1495 851 1607 887 arce
1634 845 1878 900 coruscet,

579 898 639 947 Et
656 901 826 949 subitis
845 900 1035 951 Domini
1057 899 1182 950 ccelo
1205 898 1449 948 venientis
1466 908 1636 959 aperto

580 959 888 1011 Praestrictus
910 964 1073 1022 radiis,
1097 963 1301 1022 obscura
1324 965 1376 1009 et
1398 961 1558 1009 tristia
1577 962 1731 1011 noctis

578 1022 815 1084 Subfugta
842 1021 972 1071 illato
992 1021 1221 1071 confusus
1244 1021 1425 1084 lumine
1448 1022 1695 1084 quaeram?

642 1082 778 1140 Quod
802 1086 916 1131 mihi
944 1097 1007 1134 ne
1030 1093 1232 1145 pareret
1252 1082 1328 1131 vel
1352 1082 1620 1133 diiiidentia
1639 1084 1766 1145 veri,

584 1142 673 1207 Vel
701 1146 955 1207 prtesentis
979 1142 1111 1195 amor
1137 1148 1270 1205 vita,
1294 1155 1557 1205 rerumque
1582 1143 1819 1203 voluptas,

582 1203 878 1268 Qurirumve
901 1206 1054 1266 labor,
1080 1203 1263 1268 placuit
1276 1203 1577 1263 praevertere
1593 1217 1733 1253 casus

585 1265 858 1328 Pmposito,
883 1275 936 1317 et
951 1265 1093 1317 curas
1113 1268 1251 1316 ﬁnire
1273 1268 1658 1328 superstiteivita
1684 1279 1698 1314 :

579 1325 955 1389 Qonimissisque
983 1328 1088 1377 Deo
1113 1337 1319 1378 ventura
1334 1325 1392 1377 in
1416 1327 1589 1376 saecula
1612 1328 1787 1389 rebus,

582 1384 887 1450 Exspectare
906 1396 1095 1440 trucem
1120 1401 1295 1439 securo
1318 1396 1519 1452 pectore
1542 1395 1747 1439 mortem
1770 1384 1818 1437 δ.

458 1467 601 1525 Etv.
636 1470 738 1524 67:

583 1558 743 1624 .‘Estus
764 1559 957 1624 inanes,
983 1573 1107 1624 quos
1122 1566 1287 1611 movet
1309 1561 1421 1611 vita:
1443 1559 1586 1611 labor

641 1620 909 1683 Praesentis
930 1620 1024 1673 aevi
1048 1624 1263 1683 tramite,

578 1680 757 1745 Abolet
776 1683 949 1732 future
970 1697 1080 1732 cum
1105 1683 1213 1733 Deo
1235 1680 1347 1734 vita:
1370 1682 1508 1745 ﬁdes,

642 1742 781 1804 Quae,
807 1756 927 1804 quas
949 1746 1168 1793 videmur
1188 1757 1449 1805 spernere,

580 1801 687 1869 Non
711 1801 776 1869 ut
790 1801 1011 1867 profanas
1032 1807 1194 1865 abiicit
1215 1801 1302 1856 aut
1320 1801 1443 1855 viles
1461 1817 1603 1869 opes,

641 1864 739 1913 Sed
766 1864 820 1915 ut
843 1870 998 1927 magis
1020 1864 1155 1914 caras
1174 1876 1340 1916 monet

582 1922 681 1989 Coa]
690 1927 733 1975 is
758 1922 1157 1989 reponivcreditas
1177 1927 1366 1977 Christo
1385 1927 1512 1989 Deo,

642 1986 734 2045 Qui
762 1986 896 2048 plura
919 1990 1138 2048 promisit
1154 1989 1282 2038 datis
1308 2004 1323 2039 :

579 2045 831 2112 Conuenita
854 2045 1070 2112 praesens
1096 2050 1172 2112 vel
1198 2062 1341 2111 mage
1364 2049 1584 2112 deposita
1600 2048 1694 2098 sibi

642 2108 793 2172 Multo
808 2108 866 2172 ut
883 2111 1123 2172 rependat
1148 2108 1340 2160 fenor'e.

581 2166 700 2217 Sine
718 2169 887 2218 fraude
905 2166 1068 2220 custos
1087 2180 1222 2220 aucta
1244 2172 1570 2221 creditoribus

644 2230 804 2277 Bonus
826 2243 923 2278 aera
955 2232 1132 2281 reddet
1153 2233 1349 2281 debitor
1378 2245 1391 2278 :

583 2288 835 2355 multaque
855 2301 1067 2349 spretam
1084 2291 1272 2355 largior
1296 2294 1550 2355 pecuniam

643 2349 891 2402 Restituet
915 2365 1061 2401 usura
1084 2349 1235 2403 Deus.

528 2460 906 2532 Paupertatem
932 2462 1131 2519 divitiis
1169 2463 1457 2534 praetulit,c
1482 2478 1704 2520 securus
1750 2462 1816 2519 de
1843 2462 2041 2518 Christi

455 2566 727 2617 sermone,
753 2569 860 2623 quo
887 2554 1247 2623 quterentibus
1274 2555 1329 2607 in
1362 2555 1586 2610 veritate
1615 2569 1834 2623 regnum
1863 2555 1956 2609 Dei
1985 2563 2042 2609 et

2135 458 2308 511 tulerit
2333 475 2531 511 navem.
2582 456 2725 510 Tunc
2771 458 2847 510 vir
2874 455 2975 510 Dei
3010 473 3282 511 conversus
3328 458 3397 510 ad
3420 460 3717 527 mulierem,

2133 550 2207 600 ait
2238 565 2255 601 :
2290 546 2530 617 Intellige
2558 556 2606 600 te
2632 563 2770 600 nunc
2799 549 3009 617 pauperi
3039 564 3197 602 unum
3222 566 3408 617 panem
3437 552 3596 621 fuisse
3637 555 3721 623 {us

2133 648 2319 703 ratam,
2350 650 2401 692 et
2430 641 2542 694 ideo
2589 640 2722 693 hanc
2769 656 2947 695 navem
2989 659 3099 697 esse
3137 660 3377 698 mersam.
3418 644 3430 681 ί
3467 644 3723 703 Paulinus

2134 730 2296 797 igitur
2324 730 2619 785 innumeris
2648 732 2880 786 nummis
2908 740 2964 786 et
2991 732 3349 805 eleemosynis
3371 745 3593 803 peccata
3624 753 3721 791 sua

2134 823 2381 889 redemit,
2413 830 2469 877 et
2489 822 2770 877 facultates
2798 823 2850 878 in
2880 831 3023 878 terra
3046 840 3169 880 cum
3195 826 3499 895 sparsisset,
3533 829 3599 883 ad
3620 845 3726 886 ca}-

2136 913 2217 968 los
2240 915 2569 985 migravere;
2599 916 2728 985 quin
2757 916 2919 970 etiam
2949 917 3002 971 in
3032 918 3228 973 coelum
3249 927 3421 975 terras
3466 920 3595 977 fecit
3632 938 3725 978 as-

2136 1008 2391 1077 cendere,
2447 1018 2507 1063 ut
2544 1008 2617 1063 ibi
2657 1017 2917 1065 aztemam
2956 1011 3055 1065 sibi
3100 1020 3317 1081 pararet
3364 1014 3723 1069 mansionem.

2138 1099 2243 1155 Pro
2266 1101 2482 1156 Christo
2505 1101 2608 1156 sibi
2637 1100 2809 1157 iactus
2837 1110 2921 1157 est
2948 1118 3181 1172 pauper,
3210 1112 3264 1159 et
3292 1106 3406 1174 ipse
3436 1104 3538 1160 ﬁde
3564 1105 3727 1160 ditior

2136 1203 2297 1257 quam
2320 1199 2501 1257 antea,
2537 1203 2549 1242 l
2585 1191 2922 1247 Exoneratus
2949 1210 2981 1246 a
3009 1197 3204 1248 cunctis
3229 1197 3593 1266 cupiditatibus
3614 1198 3727 1251 Ma-

2136 1279 2353 1349 gistrum
2383 1280 2511 1335 liber
2540 1284 2791 1353 sequitur,
2820 1300 2911 1353 per
2938 1284 3049 1338 haec
3075 1301 3131 1339 se
3170 1296 3358 1356 putans
3384 1290 3619 1357 paradisi
3647 1291 3726 1343 di-

2137 1373 2275 1427 vitiis
2300 1369 2624 1443 locupletari,
2662 1376 2764 1445 ιθ
2792 1375 2836 1429 si
2863 1375 3120 1430 videretur
3160 1378 3291 1431 nihil
3319 1379 3382 1432 de
3416 1382 3727 1435 transitoriis

2139 1465 2421 1534 possidere.
2439 1463 2461 1501 ¹ί
2484 1464 2605 1535 Ipse
2624 1482 2819 1537 pauper
2837 1483 2902 1520 ex
2922 1467 3075 1521 divite
3096 1470 3264 1539 factus
3283 1478 3379 1535 est,
3395 1480 3451 1523 ut
3466 1480 3727 1542 tamquam

2140 1556 2447 1612 deoneratas
2478 1560 2621 1629 gravi
2648 1560 2858 1613 sarcina
2884 1558 2993 1613 Deo
3022 1562 3302 1630 impensius
3350 1564 3588 1625 serviret;
3624 1562 3637 1600 ¹
3672 1574 3728 1617 ut

2143 1650 2333 1704 nudam
2387 1668 2588 1705 crucem
2632 1653 2802 1706 nudus
2854 1668 3102 1723 sequens,
3132 1654 3421 1723 expeditior
3473 1664 3524 1708 et
3573 1655 3729 1709 levior

2066 1722 2111 1783 Β
2136 1741 2407 1795 scanderet
2436 1742 2633 1796 scalam
2659 1740 2845 1797 Iacob.
2870 1752 2908 1779 ω
2924 1722 3528 1817 Prtestantissimumque
3548 1747 3729 1801 horum

2140 1842 2425 1901 temporum
2455 1834 2552 1902 fuit
2577 1833 2791 1886 illustris
2814 1831 3027 1887 Paulini
3057 1834 3366 1903 exemplum,
3399 1836 3486 1906 qui
3515 1838 3729 1891 summis

2139 1920 2317 1987 opibus
2346 1920 2558 1991 abjectis
2606 1920 2864 1977 Christum
2893 1931 3117 1988 secutus,
3158 1925 3297 1979 solus
3326 1942 3454 1994 pene
3483 1925 3561 1979 his
3602 1935 3730 1978 tem-

2140 2011 2345 2080 poribus
2368 2011 2659 2082 evangelica
2681 2022 2937 2083 prmeepta
2962 2015 3281 2083 complesset,
3309 2023 3335 2050 η
3367 2015 3591 2068 aliorum
3621 2032 3729 2071 non

2140 2109 2298 2156 utens
2344 2102 2592 2170 exemplo
2622 2101 2713 2171 qui
2740 2103 3058 2157 attentiores
3085 2102 3150 2157 ad
3178 2112 3575 2158 sacrosanctam
3605 2105 3732 2159 reli-

2140 2192 2353 2259 gionem
2400 2191 2570 2246 videri
2612 2192 3019 2247 erubescebant.
3051 2203 3075 2230 ο
3118 2194 3331 2248 Beatum
3361 2196 3456 2266 fuit
3507 2197 3731 2249 seculum

2140 2295 2378 2356 quartum
2399 2294 2560 2340 tanta:
2586 2285 2710 2356 ﬁdei
2751 2288 3051 2357 virtutisque
3080 2288 3386 2342 documento
3408 2305 3427 2342 :
3448 2298 3475 2339 P
3505 2288 3733 2343 Paulino

2139 2377 2276 2431 enim
2304 2378 2549 2447 majestas
2579 2376 2754 2430 divina
2784 2375 2982 2441 tribuit,
3007 2387 3063 2429 ut
3086 2378 3222 2448 quod
3249 2379 3565 2448 impossibile
3592 2380 3732 2434 dixe-

2140 2476 2223 2521 rat
2251 2484 2342 2537 per
2388 2466 2747 2537 Evangelium,
2783 2466 2865 2519 hic
2913 2466 3224 2536 possibiliter
3252 2468 3535 2536 adimplere
3569 2486 3732 2523 mere-

2142 2566 2280 2611 retur
2317 2574 2409 2627 per
2438 2565 2630 2609 actum.
2663 2566 2690 2605 ει
2720 2554 3039 2624 Piscatores,
3069 2566 3280 2611 vocante
3324 2556 3568 2625 Domino,
3596 2560 3732 2631 quod

457 2642 713 2713 iustitiam
743 2645 885 2713 ejus,
918 2647 1151 2710 victum,
1189 2655 1245 2701 et
1270 2648 1519 2701 vestitum
1549 2648 1873 2729 insuper_se
1889 2646 2038 2729 adje;
2433 2654 2482 2699 et
2528 2646 2662 2699 retia
2707 2645 3030 2712 dimiserunt,
3063 2648 3237 2700 omnia
3273 2664 3329 2701 se
3377 2648 3650 2714 dimisisse,
3682 2658 3732 2703 et

456 2741 667 2789 cturum
695 2737 957 2805 promisit.
982 2736 1065 2790 An
1091 2736 1336 2813 magis,_.'t‘_
1364 2718 1851 2813 ἰξιῃεῇῐξὶιὺιιξιάίξτέ
1877 2718 2052 2813 deliis

2468 2747 2665 2793 secutos
2708 2754 2819 2791 esse
2871 2740 3026 2792 etiam
3072 2739 3516 2793 commemorando
3570 2740 3732 2794 lwtati

456 2822 602 2877 illum
632 2827 717 2896 qui
764 2835 935 2891 terrm,
964 2843 1116 2898 quam
1142 2806 1229 2897 qui
1252 2806 2057 2898 Miiﬂitfetiﬂfprbpiia;
2083 2806 2095 2810 ν
2141 2841 2279 2886 sunt.
2314 2829 2383 2885 Et
2400 2847 2589 2915 revera
2618 2840 2775 2886 ouum
2805 2842 3127 2898 CONTEMNIT,
3148 2833 3231 2900 qui
3255 2847 3356 2884 non
3385 2832 3547 2885 solum
3575 2849 3733 2902 quan-

457 2931 611 2983 quam
637 2916 723 2986 qui
748 2916 923 2969 divina
944 2918 1174 2986 pascitur
1201 2918 1364 2970 cura?
1387 2915 1521 2981 Quid
1540 2917 1644 3003 ille
1662 2920 1817 3004 miser
1831 2918 2079 3002 habent;
2265 2903 2466 3008 potuit":
2633 2923 2787 2975 etiam
2812 2931 3059 2993 quantum
3089 2923 3243 2976 voluit
3272 2922 3474 2987 habere,
3506 2935 3733 2978 contem-

457 3006 543 3076 qui
570 3022 626 3059 se
652 3023 754 3061 non
784 3006 973 3060 habet?
1015 3006 1139 3061 Non
1168 2992 1583 3089 ριξηῌβήρξεξ.
1602 2991 1839 3089 plus
2086 2991 2244 3089 -ἶὶιῖτξ
2272 2991 2391 3067 Sed
2421 2991 2579 3065 ἱῖίέδ
2608 3014 2743 3083 quod
2774 2991 3087 3083 cupiebatur,
3115 3013 3249 3066 oculi
3278 3011 3377 3067 Dei
3403 3023 3550 3067 testes
3580 3024 3756 3084 sunt,

456 3110 609 3165 quam
636 3095 701 3148 de
741 3094 852 3150 Deo
880 3106 1086 3165 sperat;
1356 3078 1462 3150 est:
1477 3079 1842 3168 iiioortittisf
1872 3108 1896 3138 ο
1938 3078 2042 3152 non

2144 3105 2201 3157 in
2229 3119 2287 3157 eo
2314 3103 2449 3174 quod
2476 3078 2774 3168 habebatur,
2820 3078 2870 3156 et
2896 3104 3177 3158 hominum.
3210 3101 3402 3157 Nescio
3442 3121 3538 3173 quo
3561 3112 3732 3159 autem

456 3185 621 3239 vivere
672 3188 832 3255 timet,
882 3190 927 3242 si
979 3197 1139 3242 totum
1178 3206 1234 3243 se
1281 3188 1390 3243 Deo
1439 3189 1644 3257 credat,
1676 3183 1882 3262 Deoque
1927 3208 2043 3261 per-

459 3281 648 3334 mittat.

526 3370 582 3426 2.
633 3370 867 3427 Venditis
887 3370 907 3411 ί
931 3372 1087 3445 igitur
1107 3373 1437 3445 facultatibus
1463 3384 1567 3429 tam
1589 3377 1695 3429 suis
1716 3392 1868 3447 quam
1888 3376 2044 3430 etiam

456 3465 833 3536 conjugalibus,
882 3483 944 3520 ea
988 3468 1039 3520 in
1082 3483 1333 3538 pauperes
1379 3469 1595 3522 contulit
1629 3485 1743 3540 qua:
1771 3470 1963 3540 redegit
1988 3469 2043 3523 in

457 3556 746 3622 pecuniam.
775 3566 801 3604 8
825 3558 1037 3627 Aperuit
1077 3558 1260 3611 horrea
1290 3574 1383 3611 sua
1412 3558 1738 3629 pauperibus,
1769 3560 2043 3629 apothecas

458 3660 584 3698 suas
611 3646 994 3702 advenientibus
1024 3649 1265 3719 patefecit
1287 3665 1304 3702 :
1324 3664 1448 3702 nam
1468 3664 1648 3719 parum
1670 3651 1715 3703 ei
1743 3660 1854 3704 erat
1874 3651 2046 3720 proxi-

457 3749 569 3788 mos
589 3735 746 3801 alere,
772 3738 874 3791 nisi
902 3739 1059 3791 etiam
1102 3739 1328 3811 undique
1365 3749 1596 3794 evocaret
1642 3757 1768 3812 quos
1812 3753 2043 3811 pasceret

457 3833 613 3896 atque
638 3828 860 3882 vestiret.
896 3826 1129 3892 Quantos
1174 3834 1399 3901 captivos
1443 3832 1695 3886 redemit!
1717 3843 1933 3904 quantos
1960 3837 2043 3888 in-

460 3915 727 3969 tritatores
773 3917 931 3971 debiti
968 3935 1000 3971 a
1038 3920 1372 3975 creditoribus
1420 3924 1558 3985 suis,
1588 3924 1791 3977 reddita
1825 3926 2042 3994 pecunia

456 4004 729 4059 liberavit!
755 4023 861 4060 una
890 4010 1083 4063 scilicet
1110 4012 1317 4080 pietatis
1351 4015 1695 4083 negotiatione
1728 4024 1778 4068 et
1804 4015 2041 4085 planctus

456 4097 743 4152 debitorum
792 4103 1023 4166 extersit,
1074 4110 1123 4155 et
1169 4103 1478 4157 creditorum
1531 4106 1720 4175 gaudia
1763 4108 2038 4177 reparavit.

462 4188 701 4252 Quadam
722 4208 839 4246 vero
868 4193 970 4258 die,
994 4193 1164 4262 inquit
1180 4191 1207 4231 ιι
1223 4194 1513 4264 Gregorius
1533 4194 1878 4263 Turonensis,
1903 4199 2041 4253 venit

456 4279 527 4332 ad
555 4296 671 4333 eum
697 4283 784 4354 qui
812 4285 995 4353 stipem
1022 4294 1233 4355 peteret,
1253 4295 1303 4341 et
1329 4288 1405 4340 ait
1425 4288 1630 4359 conjugi
1655 4305 1673 4342 :
1711 4287 1874 4352 Vade,
1899 4298 1948 4344 et
1969 4289 2038 4344 da

455 4372 501 4425 ei
531 4373 669 4442 quod
696 4373 847 4428 habet
892 4377 1257 4433 necessarium.
1301 4376 1429 4443 Quae
1457 4381 1723 4451 respondit
1763 4397 1782 4436 :
1812 4381 1932 4436 Non
1961 4392 2038 4438 est

2142 3193 2318 3260 modo,
2361 3209 2477 3245 cum
2528 3194 2789 3263 superﬂua
2841 3202 2893 3246 et
2939 3203 3139 3246 terrena
3191 3194 3501 3265 diliguntur,
3538 3197 3732 3250 arctius

2143 3284 2331 3353 adepta
2357 3300 2511 3355 quam
2535 3285 2807 3353 concupita
2831 3285 3255 3355 constringunt...
3287 3287 3443 3339 Aliud
3468 3294 3543 3341 est
3571 3289 3729 3353 enim,

2144 3375 2281 3428 nolle
2302 3374 2635 3444 incorporare
2658 3390 2773 3443 qua:
2816 3374 3037 3438 desunt;
3070 3375 3233 3436 aliud,
3257 3376 3372 3445 jam
3399 3377 3733 3448 incorporata

2143 3465 2400 3520 divellere.
2428 3465 2517 3520 Illi
2546 3465 2679 3519 velut
2707 3465 2805 3519 cibi
2832 3466 3192 3536 repudiantur,
3220 3466 3314 3521 illa
3342 3469 3476 3521 velut
3504 3468 3731 3522 membra

2142 3556 2510 3627 prteciduntur.

2213 3646 2266 3700 '5.
2308 3644 2559 3700 Paulinus
2583 3655 2604 3683 ι’
2634 3645 2813 3700 omnia
2839 3645 2980 3701 bona
3008 3662 3116 3701 uno
3138 3646 3437 3716 eodemque
3456 3660 3730 3708 momento

2143 3753 2250 3792 non
2280 3738 2565 3802 abdicavit,
2599 3736 2650 3791 id
2697 3738 2842 3792 enim
2890 3738 3218 3808 impossibile
3259 3748 3393 3806 erat,
3440 3757 3561 3796 cum
3608 3759 3731 3800 eam

2141 3842 2302 3897 quam
2323 3842 2392 3882 ex
2420 3827 2502 3881 his
2525 3826 2758 3882 venditis
2786 3827 3068 3897 redegerat
3093 3832 3371 3899 pecuniam
3402 3835 3731 3903 pauperibus

2142 3928 2421 3989 erogaret,
2447 3927 2501 3974 et
2530 3919 2730 3988 praedia
2759 3920 3015 3989 paulatim
3037 3929 3093 3975 et
3118 3932 3239 3976 cum
3269 3923 3494 3990 quadam
3519 3926 3731 3983 cautela

2142 4026 2265 4067 eum
2286 4010 2597 4065 vendidisse
2644 4009 2867 4065 credere
2897 4026 2993 4080 par
3020 4021 3122 4076 est,
3155 4020 3215 4066 ut
3242 4010 3446 4069 facilius
3465 4030 3732 4085 pauperes

2140 4102 2329 4159 aleret.
2355 4100 2436 4157 Ex
2464 4101 2581 4171 ejus
2606 4112 2626 4139 ³
2659 4102 2850 4157 litteris
2873 4117 2940 4157 ex
2968 4102 3221 4172 Hispania
3250 4105 3424 4159 missis
3446 4105 3593 4160 illum
3617 4106 3731 4175 jam

2139 4202 2349 4267 partem
2372 4194 2636 4250 bonorum
2660 4194 2711 4248 in
2729 4209 2857 4248 usus
2878 4208 3171 4264 pauperum
3186 4193 3491 4251 vendidisse
3516 4206 3731 4253 constat

2141 4294 2427 4356 antequam
2452 4302 2519 4342 ex
2542 4287 2643 4342 hac
2663 4287 2883 4354 regione
2899 4286 3217 4354 migraretet
3235 4287 3603 4358 presbyteratu
3625 4289 3730 4343 ini—

2142 4378 2386 4432 tiaretur.
2413 4377 2699 4433 lnchoasse
2720 4377 2824 4432 hoc
2853 4391 2994 4432 anno
3014 4392 3082 4431 ex
3102 4392 3167 4432 eo
3186 4378 3534 4447 probabiliter
3554 4379 3731 4434 admo-

458 4460 607 4515 nebis
636 4463 858 4534 amplius
895 4482 1049 4537 quam
1084 4484 1217 4522 unus
1255 4471 1425 4541 panis.
1453 4470 1547 4525 Cui
1588 4471 1677 4525 ille
1706 4486 1725 4525 :
1754 4471 1919 4537 Vade,
1951 4473 2036 4527 in-
2061 4451 2115 4513 Ῑ)
2143 4470 2269 4526 dum
2285 4469 2584 4537 coniicitur,
2605 4468 2749 4538 quod
2773 4470 2791 4505 ί
2819 4469 2871 4523 in
2895 4469 3120 4539 epistola
3143 4476 3333 4539 quarta
3354 4485 3493 4525 anno
3513 4468 3616 4524 394
3631 4485 3731 4525 ex-

458 4556 585 4623 quit,
610 4557 823 4626 porrige
844 4573 999 4626 eum;
1024 4559 1282 4617 Dominus
1303 4563 1445 4618 enim
1467 4563 1614 4619 dabit
1634 4565 1788 4621 nobis
1814 4566 2034 4620 victum.

459 4642 569 4697 Sed
577 4645 670 4699 illa
684 4650 830 4717 quasi
854 4659 1087 4719 strenua,
1101 4654 1353 4707 reservari
1366 4655 1575 4724 cupiens
1595 4671 1660 4709 ne
1681 4655 1879 4727 aliquid
1897 4655 2043 4710 dees-

459 4741 555 4800 set,
581 4738 844 4808 porrigere
869 4740 1052 4795 noluit.
1082 4740 1190 4795 Sed
1216 4742 1353 4797 brevi
1373 4744 1466 4797 illa
1494 4744 1675 4799 didicit
1701 4755 1891 4815 quanto
1910 4755 2045 4800 esset

459 4824 762 4896 locupletior
788 4827 999 4885 Paulini
1035 4832 1185 4901 fides,
1216 4851 1367 4905 quam
1398 4836 1578 4890 timida
1597 4853 1705 4892 sua:
1731 4853 1869 4892 curta
1895 4837 2043 4892 solli-

458 4918 653 4973 citudo.
684 4917 891 4974 Interea
920 4922 1233 4979 advenerunt
1274 4925 1487 4998 quidam
1525 4927 1751 4981 dicentes
1779 4929 1962 4982 missos
1991 4943 2047 4981 se

457 5020 490 5058 a
521 5007 743 5065 dominis
763 5013 873 5066 suis
899 5012 1060 5084 (forte
1084 5012 1291 5096 Paulini
1313 5017 1579 5073 bonorum
1600 5016 2039 5087 conductoribus)

460 5109 515 5153 ut
536 5100 617 5155 illi
645 5118 869 5159 annona:
896 5123 957 5159 ac
985 5107 1089 5160 vini
1116 5108 1376 5179 deferrent
1420 5111 1639 5180 speciem
1656 5150 1671 5176 ,
1704 5109 1796 5164 sed
1823 5126 1914 5179 per
1941 5108 2038 5163 hoc

530 5312 557 5340 -
588 5301 795 5374 Paulin.
827 5319 991 5359 carm.
1026 5305 1362 5374 lO,v.3|6.
1432 5308 1625 5365 blbid.
1704 5318 1726 5348 c
1758 5305 1968 5362 Paulin.
2018 5301 2239 5374 epuli,
2288 5318 2344 5374 ιι.
2397 5301 2483 5356 ιδ.
2558 5297 2747 5374 (tibia.

463 5372 759 5449 {Ambrog
806 5374 1023 5449 δικ-50.
1076 5370 1124 5449 ⁸ιέ
1164 5375 1328 5449 μηδι).
1375 5376 1408 5449 ᾗ
1445 5376 1497 5432 5.
1573 5370 2070 5449 h_Creg._Tur._dé
2094 5373 2166 5441 gl.
2197 5370 2519 5449 gpnfess:'c.
2554 5370 2677 5424 107.

662 5442 873 5514 i_Greg.
907 5443 1029 5499 Tur.
1059 5446 1127 5501 de
1153 5446 1237 5501 Gl.
1269 5442 1579 5504 Con'fess.c.
1612 5442 1766 5501 107C
1810 5444 1836 5484 ll
1866 5446 2048 5500 Ambr.
2082 5460 2166 5514 ep.
2200 5442 2290 5514 ξι).

462 5512 548 5585 26.
625 5509 861 5585 [Ambri
886 5514 1086 5585 ep.d30.
1152 5524 1189 5585 _°
1218 5517 1364 5585 Sulp.
1394 5518 1501 5571 Vit.
1536 5518 1691 5571 Mart.
1722 5532 1770 5572 c.
1795 5516 1858 5569 21
1894 5524 1950 5569 et
1974 5509 2169 5585 26.;2
2197 5512 2358 5585 Greg.
2389 5510 2519 5585 Tur.
2545 5509 2612 5585 de

462 5580 514 5635 Β.
596 5595 615 5621 τ
650 5583 865 5639 llieron.
897 5580 1018 5638 1⁷05.
1094 5592 1116 5621 ³
1149 5580 1353 5639 Paulini.
1388 5587 1727 5654 carm.lO,v.
1754 5586 1815 5643 Si
1842 5593 1897 5642 et
1924 5584 2050 5639 528.
2073 5582 2241 5654 Epist.
2272 5581 2395 5648 i,n.
2431 5580 2483 5635 7.

460 5441 585 5497 761.

462 5667 711 5710 duriorum
732 5655 951 5726 amplius
967 5672 1121 5726 quam
1140 5656 1503 5724 quadraginta.

2144 4570 2305 4617 eunte
2331 4560 2474 4624 data,
2493 4569 2554 4616 ut
2576 4560 2709 4615 alias
2730 4558 3044 4623 videbimus,
3059 4559 3189 4614 dicit
3212 4560 3500 4614 secundum
3516 4575 3731 4619 carnem

2143 4650 2245 4707 sibi
2288 4666 2406 4708 eam
2425 4651 2536 4720 jam
2556 4665 2676 4706 esse
2706 4658 2918 4704 mtatem
2941 4663 3046 4717 qua
3069 4648 3167 4702 fuit
3190 4649 3279 4703 ille
3298 4649 3366 4703 ab
3395 4650 3648 4718 apostolis
3678 4651 3730 4707 in

2146 4751 2303 4815 porta
2332 4743 2589 4813 Speciosa
2638 4741 2793 4797 verbi
2814 4748 3082 4811 potestate
3111 4750 3359 4806 sanatus,
3392 4740 3442 4795 id
3464 4749 3564 4805 est,
3595 4756 3732 4809 qua-

2148 4834 2394 4903 draginta
2420 4849 2683 4888 annorum
2732 4840 2788 4888 et
2815 4833 3043 4903 amplius
3073 4841 3133 4899 “;
3161 4832 3215 4887 in
3244 4833 3508 4887 natalibus
3553 4841 3731 4891 autem

2150 4926 2363 4991 animae,
2388 4924 2529 4979 illius
2571 4923 2749 4978 adhuc
2790 4922 2890 4977 sibi
2920 4936 3040 4976 esse
3086 4929 3295 4991 tempus
3334 4921 3585 4987 infantia,
3616 4937 3731 4991 qua:

2148 5014 2425 5070 intentatis
2452 5013 2667 5069 Christo
2712 5011 3026 5066 vulneribus
3072 5011 3343 5067 immolata
3363 5054 3379 5079 ,
3408 5011 3570 5080 digno
3609 5029 3732 5068 san-

2143 5107 2304 5178 guine
2334 5106 2469 5177 Agni
2498 5105 2772 5161 victimam
2801 5103 3165 5174 prtecucurrit,
3203 5113 3260 5159 et
3284 5103 3608 5159 dominicam
3637 5120 3729 5159 δυ·-

2829 5308 2853 5337 ε
2884 5298 3045 5366 Quasi
3075 5298 3179 5367 leg.
3215 5301 3356 5356 timet
3400 5319 3503 5358 non
3547 5305 3728 5360 vivere.

2762 5369 3400 5452 :Fortu‘nat..Vit_.nMa_r_t.
3437 5381 3477 5452 t.
3511 5372 3645 5452 Vill,
3671 5391 3727 5443 p.

2371 5441 2387 5479 ι
2425 5439 2570 5495 llier.
2602 5456 2632 5494 e
2675 5480 2686 5493 .
2724 5440 2810 5495 15.
2886 5450 2925 5477 ω
2960 5438 3160 5508 Sulpic.
3188 5442 3295 5495 Vit.
3325 5441 3479 5496 Mart.
3507 5459 3554 5497 c.
3586 5442 3647 5495 21
3675 5438 3730 5499 et

2389 5510 2519 5564 Tur.
2545 5509 2612 5565 de
2632 5456 2716 5564 ἓι.
2748 5509 2990 5566 Conless.
3034 5509 3155 5566 107.
3231 5522 3258 5561 q
3288 5510 3421 5566 Αυκ.
3449 5528 3533 5566 cn.
3557 5512 3648 5566 51.
3671 5529 3727 5566 ιι.

2565 5526 2612 5565 Ie
2632 5526 2716 5564 ur.
2748 5526 2990 5566 Conless.
3034 5526 3155 5566 ιυι.
3231 5526 3258 5561 q
3288 5526 3421 5580 aug.
3449 5528 3533 5582 cp.
3557 5526 3727 5577 61,1).
3777 5555 3785 5566 .

2565 5583 2584 5617 ι
2620 5579 2719 5650 Ep.
2751 5579 2802 5647 4,
2836 5596 2890 5635 n.
2912 5578 2967 5635 5.
3044 5590 3069 5617 υ
3101 5581 3283 5636 Actor.
3312 5597 3383 5650 Iv,
3407 5581 3493 5635 22.
3530 5581 3725 5637 Dii-itur
