4066 6192
340 354 415 409 33

1735 340 2261 398 PROLEGOMENA.

3528 345 3606 403 34

341 468 546 537 spicata
567 470 652 519 est
672 463 1002 534 passionem;
1034 470 1059 499 η
1083 461 1134 516 id
1156 462 1505 517 estbimatum
1520 456 1885 513 Innocentium
1906 473 1919 508 :
1950 462 2002 515 Α
2026 455 2196 509 vitiis?
2216 467 2254 493 ιη
2275 456 2415 513 Alibi
2437 458 2659 513 miratur
2676 460 2820 529 quod
2838 475 2924 515 res
2950 475 3142 529 magna
3163 469 3458 531 putaretur,
3476 466 3601 534 quia

339 555 486 626 quod
506 570 628 610 cum
657 552 725 609 de
765 552 882 621 ejus
909 552 1175 622 baptismo
1213 551 1555 622 interpretari
1595 565 1703 604 non
1732 548 1924 619 possit,

343 648 416 702 ad
439 646 725 701 strictioris
759 646 883 699 vitae
913 636 1216 699 institutum
1243 652 1299 698 et
1337 644 1503 698 seculi
1532 640 1709 709 fugam
1738 638 1927 695 referri

348 753 568 794 necesse
614 745 719 792 est.
753 737 884 791 Nam
913 737 1013 791 etsi
1037 735 1341 800 Paulinum,
1374 736 1465 791 illo
1489 742 1721 790 exeunte
1759 748 1923 799 anno,

345 830 709 885 sacerdotium
752 828 1051 897 suscepisse
1086 841 1427 896 poneremus,
1450 826 1563 880 haec
1583 825 1722 881 dicta
1751 824 1818 877 de
1843 839 1931 876 sa-

344 918 593 973 cerdotio
623 917 967 984 intelligenda
989 931 1169 980 nemo,
1203 923 1263 969 ut
1287 916 1502 985 Opinor,
1525 915 1740 969 dixerit.
1771 913 1829 967 ln
1852 912 1931 966 al-

347 1019 467 1063 tera
496 1008 743 1079 epistola,
770 1008 930 1062 etiam
971 1022 1113 1061 anno
1138 1006 1244 1061 594
1271 1008 1416 1073 data,
1447 1006 1474 1044 ιι
1504 1006 1578 1059 ait
1609 1023 1621 1058 :
1656 1005 1808 1060 Scias
1837 1021 1934 1059 an-

348 1101 694 1171 tiquissimum
732 1109 1081 1168 peccatorem,
1114 1115 1207 1151 nec
1235 1099 1311 1151 ita
1359 1098 1483 1152 oliui
1530 1098 1593 1151 de
1639 1094 1856 1149 tenebris
1886 1102 1963 1157 et.

349 1193 534 1245 umbra
558 1193 737 1245 mortis
767 1190 1024 1255 eductum,
1056 1192 1293 1259 spiritum
1319 1206 1462 1242 aura:
1480 1188 1651 1242 vitalis
1680 1188 1932 1252 hausisse,

350 1299 448 1335 nec
477 1283 549 1334 ita
578 1284 703 1334 olim
725 1283 957 1351 posuisse
986 1283 1039 1333 in
1070 1289 1247 1333 aratro
1272 1296 1498 1340 manum,
1529 1288 1577 1331 et
1605 1294 1803 1331 crucem
1827 1277 1939 1331 Do-

350 1375 481 1427 mini
519 1374 802 1427 sustulisse.
831 1372 899 1425 Et
924 1372 1048 1425 alibi
1097 1384 1118 1414 6-
1150 1388 1208 1426 se
1243 1372 1409 1424 adhuc
1430 1373 1681 1441 infantem
1706 1373 1762 1424 in
1790 1369 1937 1425 verba

352 1463 477 1530 Dei,
499 1474 546 1517 et
570 1464 795 1533 spiritali
815 1474 965 1517 celate
993 1464 1260 1517 lactentem
1281 1463 1578 1531 Augustino
1604 1461 1939 1517 educandum

356 1556 522 1609 tradit
550 1556 842 1610 humiliter.

969 1622 1198 1677 CAPUT
1236 1622 1330 1675 IX.

533 1715 596 1768 In
629 1716 873 1768 bonorum
899 1715 1226 1768 abdicatione
1245 1714 1457 1769 Paulini
1489 1714 1770 1767 humilitas.

2028 548 2096 603 de
2122 563 2183 603 re
2202 558 2461 618 pereunte
2485 550 2712 607 salutem
2736 562 3003 608 mercatus
3029 551 3217 607 fuisset
3242 562 3516 621 aeternam,
3548 564 3603 610 et

2026 641 2301 710 perpetuis
2328 642 2525 696 caduca
2554 652 2841 709 mutasset;
2881 646 3022 713 quod
3054 653 3254 701 terram
3274 647 3603 703 vendidisset

2028 742 2087 787 ut
2117 734 2309 788 emtum
2339 744 2564 801 emeret,
2606 752 2726 791 cum
2756 737 2895 793 Deus
2925 739 3153 808 imagine
3198 741 3336 795 servi
3365 741 3603 809 dejectus

2030 832 2259 878 mortem
2307 825 2479 879 crucis
2507 842 2697 895 passus
2744 829 2913 897 ipsum
2955 831 3126 885 multo
3154 832 3330 886 carius
3367 833 3604 889 emisset.

2034 912 2079 966 0
2108 914 2284 968 miseri
2311 915 2563 979 homines,
2595 918 2765 987 inquit
2807 928 2833 954 η
2877 920 3020 983 alibi,
3065 922 3246 990 largiri
3289 938 3385 976 nos
3414 923 3607 993 aliquid

2033 1005 2285 1059 credimus
2308 1023 2325 1059 :
2356 1010 2701 1077 negotiantur,
2729 1018 2778 1061 et
2806 1009 3041 1064 liberales
3081 1012 3344 1077 habemur,
3371 1016 3455 1085 qui
3482 1031 3608 1066 ava-

2032 1095 2224 1147 rissimi
2265 1112 2376 1148 esse
2413 1098 2791 1163 convincimur;
2829 1108 2877 1151 et
2918 1101 3120 1170 quidem
3168 1111 3309 1156 tanta
3349 1104 3610 1157 avariores

2034 1186 2381 1254 cupidissimis
2426 1196 2577 1241 terra:
2613 1190 3019 1259 feneratoribus,
3051 1201 3242 1263 quanto
3268 1195 3487 1260 amplius
3533 1205 3610 1249 est

2037 1273 2261 1327 caelestia
2291 1274 2354 1328 de
2376 1278 2613 1342 terrenis,
2690 1292 2738 1335 et
2774 1282 2928 1337 beata
2967 1280 3031 1333 de
3067 1283 3271 1336 miseris
3341 1288 3610 1356 egenisque

2037 1365 2187 1418 rebus
2213 1382 2396 1433 emere,
2429 1384 2582 1438 quam
2612 1380 2815 1424 terrena
2857 1374 3095 1442 terrenis,
3127 1382 3177 1427 et
3214 1374 3498 1429 labentibus
3528 1378 3606 1430 la-

2037 1471 2195 1525 psura
2224 1459 2475 1525 mercari,
2500 1469 2551 1512 et
2573 1460 2851 1516 Dominum
2875 1480 3027 1535 quam
3056 1465 3312 1520 hominem
3350 1470 3605 1538 fenerare.

2041 1547 2155 1604 Hoc
2182 1549 2284 1603 sibi
2304 1549 2371 1604 ad
2390 1551 2616 1607 salutem
2644 1556 3004 1611 necessarium
3030 1558 3192 1613 fuisse
3212 1559 3358 1613 dicit.

2107 1637 2161 1692 2.
2200 1638 2260 1693 ln
2287 1640 2513 1708 publicis
2541 1651 2565 1678 ο
2594 1643 3030 1713 inscriptionibus
3057 1649 3109 1702 in
3157 1650 3461 1718 exemplum
3508 1655 3611 1708 reis

2041 1739 2096 1785 et
2122 1734 2496 1801 peccatoribus
2536 1750 2595 1790 se
2622 1739 2894 1807 supponit,
2926 1740 3016 1808 qui
3062 1741 3190 1796 tusis
3234 1746 3465 1798 nummis
3505 1747 3611 1800 cri-

429 1828 563 1881 Tam
584 1827 609 1864 ά
631 1827 887 1896 pneclara
916 1835 971 1882 et
1000 1827 1220 1881 illustris
1250 1826 1317 1879 ab
1345 1826 1552 1896 origine
1570 1826 1741 1879 virtus
1769 1824 1936 1893 gloria
1967 1812 2014 1872 Β
2040 1824 2185 1876 mina
2214 1838 2309 1878 sua
2337 1824 2682 1891 redimerent,
2713 1829 2838 1883 dum
2866 1839 2893 1877 P
2918 1831 3007 1884 alii
3052 1831 3349 1899 perfectum
3382 1850 3501 1888 eum
3531 1836 3614 1889 di-

356 1919 559 1973 Christi
588 1928 724 1985 erat,
744 1917 994 1972 Ecclesim
1015 1918 1265 1986 gaudium
1288 1926 1342 1973 et
1362 1918 1694 1988 exemplum;
1718 1926 1774 1970 at
1793 1917 1938 1972 inani

356 2011 544 2079 gloria:
573 2008 724 2063 valde
744 2008 1006 2076 subjecta,
1030 2024 1148 2079 qum
1175 2010 1353 2063 omnia
1375 2009 1490 2077 ejus
1517 2009 1707 2062 merita
1738 2006 1941 2062 labefa-

357 2108 599 2155 ctasset:
636 2099 824 2153 Utilius
860 2101 1024 2164 enim,
1077 2101 1249 2170 inquit
1281 2112 1304 2139 ε
1335 2100 1679 2169 Augustinus,
1738 2108 1941 2154 terrena

359 2190 626 2258 opulentia
652 2197 851 2241 tenetur
879 2188 1161 2255 humiliter,
1187 2206 1336 2260 quam
1366 2189 1580 2259 superbe
1619 2190 1939 2257 relinquitur.

360 2278 592 2331 Tantum
616 2293 751 2346 opus
779 2293 887 2331 non
918 2279 1014 2351 l7
1038 2277 1149 2331 suis
1176 2277 1396 2342 viribus,
1422 2277 1515 2331 sed
1543 2278 1719 2330 divina
1747 2277 1945 2331 virtute

359 2383 418 2425 et
440 2368 805 2423 misericordia
836 2367 1000 2423 fretus
1022 2369 1261 2438 arripere
1282 2383 1443 2423 ausus
1471 2367 1643 2421 fuerat
1671 2365 1943 2431 Paulinus;

359 2468 420 2515 et
448 2460 538 2513 ille
562 2460 614 2512 in
644 2475 750 2528 quo
781 2459 1051 2528 sperabat,
1084 2467 1277 2528 potens
1316 2468 1433 2512 erat
1476 2457 1734 2528 perlicere
1786 2459 1840 2512 in
1880 2472 1947 2512 eo

359 2568 501 2622 opus
532 2550 870 2620 perfectionis
894 2565 1023 2617 sum,
1049 2562 1103 2611 et
1129 2550 1271 2619 quod
1298 2550 1521 2609 fundare
1538 2549 1647 2618 jam
1674 2565 1738 2604 ac
1758 2548 1947 2618 primis

359 2643 633 2709 machinis
658 2644 865 2711 erigere
880 2642 1129 2711 dignatus
1156 2640 1345 2707 fuerat,
1371 2641 1481 2695 suis
1508 2648 1716 2695 struere
1734 2655 1950 2694 mensu-

361 2735 443 2789 ris
465 2742 521 2787 et
549 2748 920 2789 consummare
967 2732 1197 2801 fastigio.
1232 2731 1529 2786 Humanam
1573 2731 1798 2799 gloriam
1826 2741 1885 2785 ut
1924 2728 1946 2769 ί

362 2827 641 2881 inimicum
671 2826 978 2881 cautissime
1006 2826 1314 2880 intuebatur
1344 2826 1614 2892 Paulinus,
1658 2833 1714 2879 et
1759 2832 1951 2880 cuncta

361 2918 561 2987 agebat
588 2917 724 2971 sicut
747 2918 1037 2987 discipulus
1059 2917 1256 2972 Christi
1286 2917 1504 2972 humilis
1523 2933 1587 2971 ac
1605 2917 1747 2971 mitis
1767 2914 1948 2980 corde;

363 3018 423 3063 et
452 3009 745 3079 prudenter
773 3025 837 3064 ac
855 3010 941 3077 pie
966 3008 1299 3076 intelligebat
1322 3009 1478 3065 istam
1508 3023 1616 3062 non
1640 3023 1760 3061 esse
1779 3021 1949 3070 suam,

363 3101 472 3155 hoc
502 3108 586 3154 est
614 3099 923 3165 humanam,
949 3099 1043 3154 sed
1072 3101 1125 3154 in
1154 3100 1443 3169 semetipso
1474 3098 1684 3153 Domini
1706 3098 1951 3165 gloriam.

2040 1924 2257 1981 cerent,
2289 1932 2409 1971 cum
2438 1918 2507 1971 ad
2535 1930 2561 1968 «ι
2585 1920 2879 1988 ingressum
2918 1930 2973 1976 et
3008 1924 3226 1991 januam
3275 1927 3614 1981 solummodo

2040 2019 2100 2059 se
2127 2006 2454 2073 pervenisse,
2485 2023 2593 2063 non
2632 2009 2699 2061 ad
2746 2019 2972 2077 metam,
3003 2013 3354 2068 existimaret.
3398 2016 3615 2087 Tempo-

2041 2093 2248 2158 ralium,
2282 2096 2473 2165 inquit,
2510 2107 2528 2134 τ
2554 2114 2668 2168 qua:
2696 2100 2750 2151 in
2778 2100 2873 2153 hoc
2899 2102 3067 2155 seculo
3098 2103 3348 2155 habentur
3367 2104 3614 2161 bonorum

2043 2185 2239 2239 relictio
2269 2187 2373 2239 sive
2410 2188 2712 2255 distractio,
2760 2206 2863 2242 non
2894 2190 3133 2244 decursus
3175 2195 3352 2257 stadii,
3393 2196 3483 2247 sed
3532 2199 3617 2249 in-

2046 2292 2280 2344 gressus;
2312 2292 2403 2329 nec
2426 2285 2481 2328 ut
2506 2287 2662 2344 meta,
2690 2278 2780 2331 sed
2799 2280 2967 2348 janua
2995 2290 3088 2333 est.
3121 2279 3243 2334 Non
3268 2285 3401 2337 enim
3424 2286 3617 2340 athleta

2048 2376 2153 2420 tum
2180 2367 2337 2420 vincit
2372 2385 2485 2421 cum
2513 2371 2738 2437 exuitur,
2781 2372 2869 2441 qui
2905 2372 3017 2425 ideo
3056 2373 3281 2426 nudatur
3327 2385 3384 2427 ut
3409 2377 3619 2443 incipiat

2047 2458 2326 2523 dimicare,
2352 2475 2466 2511 cum
2490 2459 2712 2530 legitime
2748 2463 3016 2515 certaverit
3050 2466 3396 2519 coronandus.
3431 2466 3498 2519 Et
3526 2485 3620 2521 na-

2048 2556 2187 2602 tator
2206 2565 2409 2603 amnem
2428 2552 2781 2620 interpositum
2801 2562 3130 2623 superaturus
3152 2559 3384 2623 exuitur;
3425 2576 3517 2611 nec
3541 2570 3621 2613 ta-

2047 2653 2162 2691 men
2178 2637 2274 2694 hoc
2287 2646 2492 2692 tantum
2507 2648 2775 2710 apparatu
2784 2642 2924 2711 quod
2941 2659 2997 2698 se
3016 2645 3364 2714 dispoliarerit
3384 2656 3622 2702 transna-

2050 2727 2200 2797 tabit,
2230 2730 2331 2783 nisi
2354 2732 2504 2784 totius
2533 2735 2763 2802 corporis
2792 2736 2929 2803 nisu,
2959 2743 3010 2789 et
3038 2739 3266 2790 omnium
3300 2741 3431 2792 scita
3460 2740 3623 2794 mobi—

2050 2819 2196 2874 litate
2223 2822 2594 2887 membrorum,
2623 2826 2870 2895 pr0pulsu
2903 2828 3120 2896 pedum,
3168 2837 3217 2883 et
3246 2833 3458 2902 remigio
3505 2833 3624 2886 bra-

2052 2910 2304 2976 chiorum,
2336 2922 2383 2965 et
2423 2912 2598 2966 lateris
2625 2915 2817 2984 illapsu
2849 2920 3087 2971 torrentis
3115 2920 3357 2988 impetum
3387 2925 3622 2989 scindat,

2052 3014 2102 3056 et
2122 3003 2350 3057 laborem
2388 3005 2672 3058 natationis
2714 3007 3007 3060 exhauriat.
3040 3007 3238 3061 Eodem
3269 3026 3427 3065 sensu
3461 3023 3482 3048 ³
3515 3029 3625 3081 per.

2054 3096 2316 3163 sequitur,
2348 3096 2634 3163 allegorice
2661 3105 2936 3166 exponens
2962 3099 3304 3155 luctationem
3336 3107 3435 3173 18
3462 3104 3624 3162 Jacob

363 3190 499 3245 lllud
525 3191 667 3244 enim
691 3190 1056 3244 testimonium
1080 3190 1195 3258 cjus
1211 3167 1393 3243 virtuti
1415 3187 1946 3257 redditAugustinus.
1975 3167 2020 3229 (ἶ
2053 3185 2119 3239 de
2140 3195 2299 3240 nocte
2335 3201 2455 3241 cum
2496 3187 2705 3255 angelo,
2741 3196 2979 3243 torrente
3021 3198 3177 3243 antea
3211 3167 3544 3256 trangnvisso,
3574 3205 3627 3252 et

366 3281 437 3334 At
461 3282 577 3349 ipse
606 3279 859 3337 Paulinus
910 3280 1043 3335 ﬁdus
1066 3290 1149 3335 est
1180 3281 1358 3345 testis;
1408 3278 1525 3348 ejus
1563 3280 1707 3333 enim
1751 3279 1951 3348 scripta

366 3374 651 3428 caritatem
691 3380 744 3425 et
790 3372 1144 3425 humilitatem
1185 3370 1406 3425 omnino
1453 3369 1711 3424 indicant.
1747 3368 1897 3424 Hanc
1925 3378 1951 3416 8

366 3463 688 3518 humilitatis
716 3463 970 3531 pietatem
999 3463 1176 3517 omnia
1205 3463 1429 3532 spirant,
1453 3477 1557 3531 qua
1584 3477 1615 3515 a
1644 3461 1755 3519 Deo
1784 3461 1954 3529 gemi-

370 3554 514 3607 tibus
541 3561 597 3606 et
625 3552 867 3621 suspiriis
896 3550 1109 3605 assidue
1156 3550 1430 3619 ﬂagitabat
1474 3566 1543 3605 ne
1588 3550 1874 3605 inferretur
1902 3550 1955 3604 in

372 3643 753 3697 tentationem.
784 3640 890 3696 Sed
920 3642 973 3694 in
998 3656 1065 3695 eo
1088 3642 1353 3711 praecipue
1382 3642 1523 3696 illius
1547 3642 1724 3696 elucet
1751 3640 1959 3695 humili—

372 3742 458 3787 tas
485 3748 609 3786 cum
651 3731 718 3786 de
760 3731 989 3786 venditis
1025 3732 1367 3787 facultatibus
1414 3747 1719 3787 sermonem
1771 3732 1951 3787 habet.

371 3822 398 3862 ⁸·
417 3824 720 3880 Conﬁtetur
738 3823 978 3878 hilariter
992 3823 1390 3879 misericordias
1405 3824 1639 3890 Domini,
1655 3835 1710 3877 et
1726 3832 1958 3878 tantum-

374 3916 539 3972 modo
565 3916 829 3986 gloriatur
852 3916 905 3969 in
926 3916 1085 3971 laude
1112 3917 1248 3985 ejus,
1266 3918 1518 3986 quoniam
1548 3919 1593 3973 si
1613 3918 1739 3989 quid
1758 3918 1959 3973 bonum

375 4010 433 4064 in
481 4010 595 4076 illo,
627 4009 694 4063 ab
723 4008 841 4078 ipso
870 4015 984 4075 est;
1036 4016 1092 4063 et
1134 4009 1179 4063 si
1207 4008 1335 4078 quid
1372 4010 1651 4078 optimum,
1699 4010 1765 4064 ab
1795 4009 1960 4077 ipsius

377 4101 663 4169 majestate
696 4110 799 4155 est.
832 4098 984 4154 Unde
1020 4099 1033 4136 ί
1071 4100 1145 4154 illi
1168 4100 1281 4168 jam
1309 4100 1452 4154 leves
1482 4098 1680 4154 fiebant
1706 4101 1962 4168 angustia:

378 4192 593 4263 quando
615 4193 937 4247 laudabatur
962 4209 975 4243 :
1009 4192 1140 4245 nihil
1168 4192 1309 4245 enim
1331 4192 1431 4246 sibi
1459 4191 1558 4260 ipsi
1579 4192 1827 4246 conscius
1847 4199 1965 4247 erat

379 4284 450 4337 de
477 4284 700 4353 proprio
738 4283 900 4349 bono,
935 4289 995 4335 ut
1032 4289 1303 4351 tamquam
1340 4281 1679 4350 agnoscentis
1706 4282 1963 4350 pudorem

378 4372 633 4427 laudator
652 4380 1002 4442 perurgeret;
1034 4371 1160 4440 quia
1199 4386 1305 4426 non
1353 4372 1607 4441 seipsum,
1655 4370 1750 4425 sed
1775 4370 1965 4425 divinae

380 4465 638 4519 bonitatis
665 4480 885 4519 munera
910 4472 1071 4533 atque
1091 4479 1257 4534 opera
1283 4463 1559 4533 praedicari
1585 4463 1961 4532 cognoscebat.

2052 3279 2338 3348 praemissis
2365 3293 2610 3333 curarum
2634 3296 2851 3335 suarum
2882 3281 3149 3335 oneribus.
3178 3282 3257 3337 Ad
3280 3284 3628 3351 Augustinum

2052 3368 2290 3423 scribens
2310 3368 2569 3422 assimilat
2589 3384 2649 3423 se
2668 3370 2892 3438 homini,
2911 3372 3002 3439 qui
3033 3373 3363 3428 vestimentis
3394 3390 3627 3429 oneran-

2055 3459 2194 3512 tibus
2219 3473 2278 3513 se
2306 3459 2454 3512 exuit
2481 3467 2539 3512 ut
2567 3458 2781 3513 ﬂuvium
2812 3460 3062 3528 trajiciat.
3114 3461 3345 3527 Idcirco,
3380 3465 3546 3534 inquit
3582 3469 3628 3534 ⁸,

2053 3566 2144 3619 ego
2167 3550 2334 3603 levare
2354 3566 2434 3603 me
2445 3551 2680 3615 sarcinis,
2696 3559 2744 3604 et
2766 3554 3075 3605 vestimentis
3103 3557 3433 3610 onerantibus
3446 3574 3630 3612 exuere

2054 3642 2251 3708 curavi,
2275 3650 2331 3693 ut
2366 3640 2620 3694 undosum
2648 3641 2743 3694 hoc
2786 3643 2919 3711 quod
2946 3645 3081 3695 inter
3122 3660 3215 3696 nos
3244 3653 3293 3696 et
3324 3644 3485 3698 Deum
3514 3663 3632 3715 pec-

2056 3736 2185 3789 catis
2222 3733 2669 3788 interlatrantibus
2718 3742 2963 3802 separat,
3008 3737 3276 3803 prwsentis
3312 3738 3428 3789 vita:
3465 3738 3630 3791 salum

2057 3829 2197 3882 omni
2236 3828 2425 3880 amictu
2451 3826 2625 3880 carnis
2654 3834 2703 3878 et
2741 3841 2864 3877 cura
2902 3826 3003 3877 diei
3028 3828 3304 3895 sequentis,
3333 3828 3543 3896 jubente
3584 3840 3633 3883 et

2059 3920 2336 3990 adjuvante
2374 3917 2595 3984 Christo,
2626 3917 2890 3987 expeditus
2918 3928 3137 3971 euntem.
3181 3918 3324 3972 Alias
3370 3930 3629 3989 pmterea

2058 4007 2297 4079 ejusdem
2341 4007 2555 4078 generis
2601 4005 2780 4062 subdit
2820 4006 3210 4061 similitudines.
3245 4007 3374 4062 Huic
3401 4016 3476 4061 est
3516 4008 3630 4073 illa,

2061 4101 2234 4170 inquit
2255 4110 2304 4165 ιι,
2327 4102 2619 4172 profligatis
2638 4102 2852 4155 emenda
2876 4102 3200 4168 patrimoniis
3218 4106 3523 4172 margarita,
3545 4105 3635 4157 sed

2061 4209 2166 4247 non
2191 4193 2367 4247 statim
2387 4193 2572 4246 emitur
2596 4207 2710 4245 cum
2739 4191 2852 4261 ejus
2887 4186 3106 4262 pretium
3132 4203 3479 4262 praeparatur,
3511 4196 3634 4265 quia

2062 4283 2300 4350 plurima:
2326 4283 2668 4336 interveniunt
2698 4283 2813 4335 huic
2841 4284 3141 4336 commercio
3170 4283 3492 4353 difficultates
3510 4328 3526 4354 ,
3548 4294 3637 4339 aut

2064 4375 2203 4428 enim
2228 4390 2372 4427 mare
2412 4373 2704 4442 interjacet,
2738 4383 2827 4426 aut
2854 4374 3029 4443 prazdo
3056 4376 3331 4445 intercipit,
3366 4384 3455 4429 aut
3493 4379 3638 4447 cupi-

2067 4465 2183 4518 dior
2202 4466 2465 4535 prtevenit,
2512 4472 2602 4517 aut
2630 4467 2903 4535 praefertur
2928 4466 3232 4533 opulentior.
3270 4464 3396 4521 Ideo
3422 4485 3484 4521 ne
3525 4470 3637 4521 exi-

381 4556 519 4611 Cum
549 4564 729 4611 tamen
758 4556 905 4610 hisce
933 4554 1183 4610 laudibus
1210 4556 1545 4618 tentareturd
1580 4554 1782 4608 amicos
1810 4553 1968 4608 enixe
1994 4530 2043 4589 υ
2068 4557 2242 4609 stimes
2264 4556 2377 4625 jam
2404 4562 2453 4609 et
2493 4571 2818 4625 comparasse
2831 4572 2921 4609 nos
2935 4559 3339 4628 gemmam,quia
3366 4559 3501 4612 vides
3522 4576 3639 4630 pre—

382 4655 543 4715 rogat
569 4655 629 4701 ut
656 4646 740 4700 his
768 4645 1104 4713 abstineant,
1157 4660 1227 4700 ne
1273 4652 1499 4714 peccent
1525 4644 1594 4699 de
1639 4644 1864 4699 caritate
1910 4643 1965 4698 in

382 4742 688 4806 caritatem,
717 4749 1064 4809 peccatorum
1093 4739 1235 4794 illius
1264 4739 1527 4794 sarcinam
1557 4736 1793 4807 pondere
1816 4737 1966 4792 inde-

384 4832 513 4887 bita:
540 4830 716 4885 laudis
743 4831 1165 4886 accumulantes.
1200 4829 1343 4884 Nam
1382 4838 1432 4882 et
1470 4830 1733 4882 inimicum
1777 4829 1966 4883 cautis-

383 4922 515 4975 sime
545 4920 855 4984 intuebatur,
880 4927 939 4973 ut
967 4918 993 4957 ¹ι
1023 4918 1302 4989 Augustini
1331 4919 1509 4973 verbis
1538 4926 1675 4984 utar,
1699 4925 1754 4971 et
1777 4916 1846 4971 ad
1870 4933 1966 4973 va-

384 5012 572 5067 nitatis
601 5011 848 5066 obtutum
890 5012 1173 5065 tremebat.
1215 5009 1338 5065 Nisi
1383 5019 1522 5064 certo
1566 5018 1703 5061 statu
1749 5006 1765 5046 ι
1802 5009 1974 5077 inquit

385 5100 662 5165 Paulinus,
696 5101 972 5171 dirigentes
998 5101 1159 5154 animi
1189 5110 1447 5154 momenta
1481 5099 1743 5166 libremus,
1774 5099 1837 5153 de
1858 5102 1972 5171 ipsa

386 5190 678 5243 humilitate
724 5193 985 5259 capiemus
1027 5190 1345 5261 superbiam;
1386 5198 1437 5243 et
1477 5197 1742 5242 evanescet
1781 5190 1974 5258 species

385 5282 618 5352 pietatis,
647 5282 693 5334 si
721 5298 812 5350 per
841 5281 1044 5333 laudem
1064 5281 1380 5350 paupertatis
1411 5279 1620 5346 obrepat
1648 5280 1871 5348 inflatio.
1904 5278 1973 5333 Et

385 5372 512 5443 quid
555 5371 787 5441 proderit
834 5373 1065 5425 caruisse
1108 5370 1321 5437 divitiis,
1351 5373 1396 5425 si
1428 5387 1751 5424 remanemus
1795 5372 1973 5425 divites

286 5564 303 5575 ο
463 5540 486 5568 ⁸
513 5530 707 5585 Sacch.
743 5527 852 5582 Vit.
886 5526 1091 5581 Paulin.

390 5601 411 5640 ί
445 5601 579 5655 Ibid.
654 5610 680 5644 κ
712 5598 846 5665 Aug.
893 5614 978 5666 ep.
1032 5595 1157 5663 186,
1192 5612 1247 5649 η.
1273 5595 1376 5666 fil.

391 5672 410 5710 ι
459 5669 663 5725 Psulin.
698 5664 903 5736 (τρέω,
928 5664 985 5720 h.
1022 5666 1106 5721 ll.
1184 5675 1226 5736 την
1260 5664 1439 5719 Carm.
1469 5666 1557 5729 2-4,
1588 5682 1641 5719 ν.
1684 5664 1808 5736 ζᾷθί.

375 5746 434 5789 et
465 5742 516 5795 3.
596 5750 622 5788 η
661 5734 818 5802 Ibid,
849 5755 901 5791 ιι.
932 5738 981 5789 'l.
1061 5748 1080 5775 τ
1124 5735 1253 5791 Ibid.
1334 5744 1354 5771 ⁵
1394 5736 1554 5801 ιυω..
1589 5752 1643 5789 n.
1686 5734 1737 5788 8.

1141 5542 1194 5597 ρ.
1226 5524 1349 5597 664,
1410 5520 1685 5597 ’bAPaulin.
1729 5540 1817 5594 ep.
1859 5526 2001 5597 ὅλη.
2045 5526 2099 5580 5.

1451 5594 1479 5634 ιι
1517 5595 1724 5650 Paulin.
1752 5610 1843 5665 ep.
1882 5596 2066 5663 40,11.
2102 5595 2186 5648 to.
2274 5595 2453 5648 ilbid.
2533 5594 2547 5642 ί

1469 5666 1622 5699 σιν
1685 5665 1777 5699 ’ζΠΙ
1884 5665 2029 5699 nli‘n
2096 5664 2371 5699 'Kinﬂ
2469 5662 2573 5699 bl“.

1884 5674 1912 5701 ιι
1951 5662 2050 5736 Ep.
2096 5665 2185 5731 32,
2217 5682 2270 5718 η.
2304 5664 2390 5717 ω.
2469 5674 2492 5699 ο
2536 5662 2575 5715 E

1821 5735 1839 5771 ί
1886 5733 1981 5809 ΕΡ.
2008 5734 2061 5802 4,
2109 5751 2159 5788 n.
2203 5734 2254 5786 4.
2334 5744 2358 5770 ιι
2399 5732 2495 5801 Ep.
2536 5733 2570 5783 2

2070 4648 2194 4700 tium
2222 4662 2578 4717 prwparasse,
2616 4663 2778 4716 neque
2818 4648 3106 4717 cedi/icasse
3144 4649 3257 4718 jam
3282 4650 3507 4715 domum,
3559 4651 3644 4703 cui

2068 4737 2392 4806 aedificanda:
2409 4736 2579 4789 locum
2595 4736 2825 4806 fecimus,
2848 4751 2963 4789 cum
2983 4737 3203 4789 visibiles
3219 4736 3447 4805 divitias,
3470 4738 3641 4807 supel—

2066 4829 2277 4891 lectiles,
2308 4830 2595 4897 pecuniam,
2634 4828 2950 4899 patrimonia
2988 4829 3120 4881 velut
3159 4829 3396 4882 sordidos
3425 4846 3640 4900 aggeres

2065 4926 2113 4971 et
2139 4920 2485 4987 importunum
2511 4918 2671 4971 rudus
2709 4919 3016 4988 egessimus,
3063 4927 3117 4970 ut
3143 4920 3195 4971 in
3223 4920 3374 4971 corde
3402 4930 3641 4990 purgato,

2073 5011 2221 5081 quasi
2242 5011 2295 5063 in
2336 5020 2473 5064 terra
2502 5012 2637 5075 viva,
2678 5011 2879 5079 firmius
2914 5009 3195 5063 stabilioris
3225 5010 3434 5079 wdiﬁcii
3463 5012 3645 5080 funda-

2074 5108 2245 5153 menta
2268 5098 2581 5168 jaceremus.
2607 5098 2897 5152 Vendendo
2920 5098 3076 5164 igitur
3098 5100 3276 5152 omnia
3299 5107 3353 5153 et
3372 5100 3643 5167 erogando

2078 5189 2398 5259 pauperibus
2424 5204 2484 5243 se
2508 5189 2844 5243 solummodo
2867 5188 3093 5257 primam
3132 5190 3382 5258 praecepti
3414 5204 3645 5256 evange-

2074 5281 2161 5335 lici
2207 5287 2413 5350 partem
2455 5278 2829 5347 adimplevisse
2870 5277 3122 5347 putabat;
3172 5285 3226 5331 et
3272 5293 3392 5333 cum
3441 5292 3646 5345 magna:

2074 5370 2234 5425 molis
2275 5383 2557 5439 superesse
2582 5368 2803 5421 verbum
2851 5373 3116 5432 cerneret,
3157 5365 3307 5433 Veni,
3349 5377 3397 5421 et
3435 5382 3645 5443 sequere

2180 5535 2201 5563 ε
2225 5524 2324 5595 Ep.
2356 5524 2408 5588 4,
2442 5541 2494 5577 n.
2528 5524 2625 5595 5._
2656 5522 2681 5561 ἀ
2713 5521 2942 5595 August._
2967 5536 3062 5595 ep._
3100 5520 3189 5595 5i,
3238 5537 3292 5574 η.
3324 5520 3377 5574 6.

2274 5590 2287 5631 ῖ
2323 5595 2453 5648 lbid.
2533 5594 2547 5642 t'
2588 5593 2683 5661 Ep.
2716 5592 2804 5653 Ἡ,
2837 5608 2890 5645 η.
2923 5590 2973 5644 1.

3051 5564 3053 5570 λ
3100 5520 3189 5588 5|,
3238 5537 3292 5574 η.
3324 5520 3377 5574 6.
3455 5518 3644 5573 οΙὺίό.

3051 5590 3074 5627 k
3124 5590 3232 5627 Δησ
3279 5606 3344 5627 οη
3394 5588 3455 5627 31
3511 5604 3542 5627 n
3590 5588 3637 5627 ﬂ

2401 5595 2453 5648 d.
2533 5594 2547 5642 i
2588 5593 2683 5661 Ep.
2716 5588 2890 5653 ἓῶζη.
2923 5590 2973 5644 Ι.
3001 5588 3016 5591 ’
3051 5590 3074 5627 ¹ί
3117 5590 3251 5657 Aug.
3279 5606 3364 5658 ep.
3394 5588 3482 5651 5i,
3511 5604 3565 5641 η.
3590 5588 3643 5641 6.

2419 5733 2438 5747 Ἰ
2469 5674 2492 5699 ο
2536 5662 2632 5783 Ep.
2680 5662 2766 5721 ‘52.
2801 5677 2853 5714 η.
2903 5661 2937 5714 5
2976 5669 3033 5716 et
3060 5659 3112 5715 4.
3189 5671 3216 5709 p
3256 5658 3355 5728 Ep.
3398 5655 3491 5724 24,
3522 5673 3578 5714 n.
3607 5657 3646 5713 Ω

2399 5732 2495 5785 bu.
2536 5733 2570 5783 2
2610 5774 2624 5785 .
2654 5748 2705 5785 Il.
2737 5730 2824 5785 9.0.

2334 5744 2358 5770 ιι
2399 5733 2495 5801 Ep.
2536 5733 2624 5798 2i,
2654 5748 2705 5785 Il.
2737 5733 2824 5785 ‘20.
