4020 6186
412 312 484 367 55
1431 307 1489 362 S.
1530 303 1868 362 PAULINUS
1904 301 2224 360 ROLANUS
2262 301 2655 359 EPISCOPUS.
3602 303 3684 361 56

413 441 493 480 me
521 420 736 495 (Matth.
760 436 883 488 xix,
912 418 1026 492 2|),
1058 419 1213 475 istam
1241 419 1489 475 altiorem
1508 418 1879 476 diﬂicultatem
1908 426 1993 472 at-
2018 421 2073 483 Α
2095 418 2210 472 dete
2248 419 2489 489 quoniam
2538 432 2632 487 ego
2681 431 2797 470 sum
2837 412 3089 469 Dominus
3126 415 3143 485 (
3174 413 3324 470 Psal.
3361 431 3484 481 xev,
3537 417 3595 471 ll
3636 422 3684 486 ).

416 514 663 582 tendens,
688 513 976 568 verebatur
1017 527 1086 567 ne
1126 511 1420 569 secundam
1468 526 1579 566 non
1606 518 1791 581 posset
1833 507 1999 580 perli-

416 619 561 660 cere.
590 603 716 658 Cum
736 602 932 668 videas,
956 602 1128 671 inquit
1149 612 1173 640 ο
1196 601 1266 657 ad
1293 601 1541 657 eumdem
1569 599 1828 656 Severum
1843 612 2001 654 suum

417 695 673 758 scribens,
726 703 932 765 quanta:
982 693 1132 747 molis
1180 693 1387 747 verbum
1436 691 1683 762 supersit,
1728 706 1843 743 cum
1890 691 2002 759 ipse

420 784 670 838 Dominus
717 784 1005 854 majestatis
1056 782 1321 852 adjiciat:
1358 779 1430 833 Et
1476 780 1609 845 veni,
1662 795 1871 850 sequere
1921 795 2003 833 me

421 872 610 943 (Ibid.)
644 890 657 924 :
693 872 857 927 Istam
902 873 1071 942 potius
1117 870 1473 940 difficultatem
1522 869 1817 935 considera,
1846 879 1895 922 et
1927 867 2007 922 di-

421 962 586 1015 latato
604 961 759 1015 corde
786 962 982 1027 metire,
1006 969 1127 1013 tunc
1155 959 1410 1032 intelliges
1430 957 1661 1028 majores
1700 958 1791 1012 tibi
1819 973 2005 1012 causas

423 1071 517 1124 pro
546 1054 692 1107 nobis
724 1068 993 1123 superesse
1018 1051 1404 1117 sollicitudinis,
1427 1067 1583 1122 quam
1627 1067 1737 1104 esse
1766 1050 2005 1121 gratula-

426 1146 599 1198 tionis.
635 1142 816 1197 Facile
837 1144 973 1197 enim
1001 1142 1147 1197 nobis
1170 1141 1304 1197 bona
1325 1141 1399 1197 vel
1427 1157 1588 1195 onera
1619 1141 1861 1210 apposita
1887 1138 2006 1210 pal-

425 1236 551 1290 lium
579 1234 948 1290 remittentibus
980 1234 1281 1289 exciderunt
1328 1249 1347 1287 :
1385 1240 1434 1287 et
1459 1248 1572 1304 qute
1610 1230 1875 1286 nobiscum
1903 1246 2008 1285 non

427 1329 766 1382 intuleramus
803 1329 855 1380 in
887 1327 1021 1381 hunc
1061 1326 1339 1391 mundum,
1370 1341 1463 1378 nec
1502 1335 1795 1395 poteramus
1824 1322 2009 1391 efferre

429 1420 714 1485 nobiscum,
758 1421 907 1491 quasi
942 1426 1177 1473 mutuata
1203 1417 1553 1479 reddidimus,
1578 1431 1669 1469 nec
1699 1422 1757 1467 ut
1784 1423 1947 1467 cutem
1974 1428 2008 1467 a

429 1526 585 1563 carne
606 1510 963 1574 distraximus,
987 1508 1077 1562 sed
1091 1516 1144 1560 ut
1165 1516 1354 1561 vestem
1374 1523 1406 1559 a
1426 1521 1641 1577 corpore
1661 1504 2005 1574 deposuimus.

501 1601 554 1653 ‘5.
598 1599 796 1654 Solerti
842 1599 1146 1653 humilitate
1190 1597 1413 1667 exponit
1455 1611 1515 1651 se
1561 1595 1800 1650 nondum
1828 1594 2009 1649 omnia

431 1689 753 1745 vendidisse.
787 1686 913 1742 Non
934 1688 1071 1742 enim
1098 1688 1371 1758 pecuniam
1402 1695 1634 1751 tantum,
1678 1683 1850 1753 inquit
1878 1681 1929 1750 δ,
1960 1689 2010 1737 et

2098 507 2290 563 Nonne
2327 517 2377 563 et
2403 508 2486 561 hic
2515 508 2711 562 videtur
2737 505 2907 560 dicere
2934 521 2951 559 :
2975 502 3101 560 Non
3123 507 3337 575 potestis
3362 507 3558 561 duobus
3586 510 3687 562 do-

2099 598 2254 652 minis
2279 598 2471 652 servire
2496 595 2709 667 (Matth.
2739 612 2811 661 vt,
2842 593 2933 665 24)
2950 597 2974 650 ‘t
2994 593 3119 649 Non
3148 596 3289 650 enim
3311 598 3471 651 otium
3497 598 3689 652 suadet

2101 688 2196 743 hoc
2234 688 2405 754 verba,
2445 688 2533 759 qui
2570 690 2828 743 instanter
2858 704 3011 742 orare
3036 696 3086 742 et
3112 689 3332 759 vigilare
3366 705 3459 743 nos
3508 700 3689 745 monet

2100 795 2169 833 ne
2192 780 2442 833 intremus
2469 780 2524 832 in
2553 779 2889 833 tentationem
2913 776 3128 849 (Matth.
3151 794 3295 844 xxvr,
3327 778 3451 850 M);
3484 780 3575 833 sed
3592 799 3690 834 va-

2103 888 2223 925 care
2239 888 2271 924 a
2296 871 2469 925 seculo
2491 878 2549 924 ut
2574 886 2882 938 occupemur
2908 869 3025 933 sibi,
3050 885 3233 923 vacare
3261 868 3327 922 ab
3355 870 3437 924 his
3466 873 3692 940 negotiis

2102 960 2283 1031 quibus
2304 960 2557 1028 implicati
2578 960 2803 1015 otiamur
2822 958 2955 1013 Deo.
2981 958 3165 1027 Itaque
3193 960 3472 1014 novitatem
3489 961 3611 1014 vita:
3632 962 3691 1015 in

2104 1048 2253 1103 nobis
2277 1049 2596 1118 aediﬁcantes
2616 1064 2821 1102 necesse
2839 1058 2934 1114 est,
2952 1056 3008 1101 ut
3029 1056 3331 1103 vetustatem
3360 1048 3692 1105 destruamus

2108 1140 2285 1213 (Rom.
2315 1157 2387 1207 γι,
2419 1139 2505 1211 6);
2548 1148 2599 1194 et
2627 1141 2750 1209 quia
2784 1142 2985 1195 nullum
3015 1141 3239 1195 tenebris
3269 1158 3384 1195 cum
3412 1144 3605 1197 lumine
3638 1153 3694 1197 et

2106 1249 2413 1289 mammona:
2458 1249 2575 1287 cum
2614 1233 2818 1287 Christo
2863 1241 3030 1303 potest
3074 1250 3186 1288 esse
3223 1236 3584 1289 commercium
3612 1234 3694 1305 (ll

2108 1326 2229 1382 Cor.
2252 1343 2326 1393 v1,
2353 1326 2461 1395 15),
2487 1334 2684 1397 oportet
2704 1335 2761 1378 ut
2796 1327 2937 1380 novis
2961 1335 3132 1379 vetera
3158 1334 3441 1391 mutemus;
3469 1337 3519 1380 et
3546 1343 3696 1380 occu-

2108 1420 2334 1490 pationis
2354 1419 2548 1488 pariter
2579 1434 2641 1471 ac
2660 1417 2943 1472 vacationis
2970 1433 3153 1488 genere
3174 1434 3435 1482 converso,
3462 1419 3699 1488 implice-

2108 1525 2243 1573 mur,
2282 1507 2461 1578 quibus
2500 1508 2822 1571 vacavimus,
2871 1516 2921 1560 et
2965 1507 3189 1561 vicissim
3216 1524 3480 1574 vacemus,
3510 1510 3698 1581 quibus

2111 1600 2301 1671 fuimus
2328 1600 2580 1667 implicati
2609 1614 2627 1651 :
2659 1599 2943 1651 moriamur
2962 1596 3144 1667 quibus
3187 1598 3439 1662 viximus,
3484 1608 3536 1653 et
3558 1600 3700 1653 viva-

2112 1706 2225 1744 mus
2245 1690 2470 1744 vicissim
2493 1689 2574 1743 his
2596 1688 2837 1753 operibus
2858 1704 2919 1741 ac
2954 1688 3141 1742 studiis
3176 1687 3355 1758 quibus
3381 1692 3569 1743 mortui
3594 1690 3696 1760 fui-

434 1782 643 1853 fundos,
674 1791 721 1834 et
747 1791 1023 1837 extraneas
1050 1779 1345 1851 facultates,
1370 1778 1462 1832 sed
1484 1780 1641 1831 etiam
1660 1776 1823 1829 animi
1851 1775 2015 1828 nostri

2128 1799 2231 1836 mus
2264 1798 2282 1836 :
2312 1798 2428 1836 cum
2466 1781 2582 1845 vivi,
2614 1795 2839 1834 essemus
2867 1780 3079 1845 mortui,
3102 1789 3152 1834 et
3188 1781 3562 1850 mortificantia
3604 1797 3692 1851 ge-

434 1878 669 1930 internas
708 1890 851 1944 apes,
882 1889 996 1945 qua:
1022 1888 1135 1926 vere
1176 1881 1355 1926 nostra
1381 1870 1673 1924 substantia
1719 1876 1824 1932 est,
1855 1865 2018 1937 possi-

432 1965 612 2019 demus
639 1980 656 2017 :
686 1963 821 2016 hanc
849 1962 1082 2027 vendere,
1115 1962 1212 2015 hoc
1240 1969 1315 2014 est
1358 1961 1590 2012 alienare
1618 1975 1651 2012 a
1671 1956 1838 2020 nobis,
1870 1964 2016 2010 tanta

434 2058 607 2127 major
629 2055 885 2117 victoria,
939 2062 1131 2125 quanto
1153 2053 1308 2106 altior
1353 2050 1625 2121 difficultas
1667 2058 1745 2103 est
1789 2049 2019 2120 ingenita

435 2164 590 2218 quam
617 2147 855 2216 apposita
874 2162 1137 2214 separare,
1163 2153 1213 2197 et
1232 2146 1370 2197 intus
1387 2142 1555 2211 inﬁxa
1584 2140 1840 2204 divellere,
1864 2154 2019 2209 quam

437 2238 598 2307 afﬁxa
635 2238 952 2290 extrinsecus
992 2236 1224 2305 rejicere.
1253 2232 1320 2286 Et
1351 2233 1478 2286 alibi
1512 2243 1556 2297 ο,
1608 2229 1765 2283 Nunc
1791 2245 1917 2298 opus
1943 2236 2020 2282 est

439 2338 496 2381 ut
515 2342 627 2398 qua:
650 2342 762 2380 vere
800 2335 980 2379 nostra
1010 2333 1128 2378 sunt
1167 2323 1519 2394 dependamus
1548 2320 1677 2386 Deo,
1704 2321 1799 2375 hoc
1827 2327 1904 2374 est
1931 2335 2022 2373 cor

442 2427 490 2473 et
520 2419 751 2472 animam
769 2426 818 2471 et
844 2434 1067 2488 corpora
1094 2426 1275 2472 nostra
1296 2414 1597 2470 exhibentes
1627 2415 1681 2467 in
1703 2414 1928 2467 hostiam
1947 2412 2023 2466 vi-

443 2526 589 2574 vam,
612 2511 935 2580 utscriptum
954 2518 1031 2563 est
1057 2509 1074 2578 (
1099 2507 1251 2562 Rom.
1286 2522 1378 2573 xu,
1412 2506 1430 2558 i
1462 2505 1507 2575 ),
1541 2503 1787 2567 Domino,
1832 2517 2023 2571 nosque

443 2599 585 2671 ipsos
611 2600 931 2669 tediﬁcantes
950 2599 999 2653 ei
1036 2598 1090 2651 in
1130 2597 1375 2668 templum
1401 2602 1657 2649 sanctum.
1702 2591 1864 2647 Orate
1887 2591 2028 2646 solli-

442 2695 554 2757 citi,
580 2694 757 2763 inquit
783 2691 955 2748 alibid
981 2700 1039 2747 ut
1060 2699 1209 2746 tanto
1230 2708 1318 2746 ore
1340 2690 1422 2746 vel
1446 2707 1660 2745 munere
1681 2690 1777 2744 Dei
1805 2690 2022 2759 dignum

440 2784 552 2840 Deo
565 2801 654 2838 cor
663 2786 981 2854 accipiamus
998 2791 1046 2838 et
1072 2784 1163 2855 qui
1190 2785 1484 2853 accepimus
1512 2790 1831 2837 contemtum
1855 2781 2027 2851 patri-

450 2875 627 2939 monii,
659 2874 972 2943 accipiamus
992 2874 1148 2927 etiam
1175 2872 1340 2925 nostri
1367 2879 1695 2925 contemtum.
1727 2866 1836 2922 Sed
1864 2873 1920 2922 et
1944 2881 2028 2921 su-

452 2982 549 3037 pra
576 2966 708 3021 satis
739 2980 808 3020 ex
837 2963 1162 3035 Hieronymo
1190 2960 1672 3017 demonstravimus
1699 2970 1724 2996 ο
1749 2958 1892 3013 hu‘nc
1917 2957 2027 3013 fer-

450 3054 775 3111 ventissimze
814 3052 938 3110 ﬁdei
967 3054 1141 3108 virum
1180 3068 1289 3108 non
1331 3051 1507 3107 solum
1551 3050 1763 3105 divitias
1786 3091 1802 3118 ,
1850 3049 1945 3105 sed
1974 3056 2032 3103 et

2117 1882 2307 1938 rentes,
2338 1889 2393 1926 ιη
2422 1873 2637 1927 mortuis
2656 1871 2952 1925 viveremus.

2187 1964 2240 2019 4.
2281 1963 2415 2018 Tam
2444 1962 2717 2018 humiliter
2736 1961 2802 2016 de
2830 1975 2890 2016 se
2936 1960 3179 2017 sentiens
3230 1959 3505 2028 Paulinus,
3536 1962 3589 2017 in
3620 1964 3695 2018 ni-

2118 2056 2232 2112 hilo
2258 2069 2318 2110 se
2338 2054 2457 2109 aliis
2485 2053 2833 2124 praeponebat
2864 2051 2955 2120 qui
2984 2066 3081 2105 sua
3123 2060 3491 2106 reservassent
3525 2052 3701 2119 bona;

2119 2157 2147 2195 s
2175 2146 2445 2217 cogitabat
2468 2145 2611 2199 enim
2648 2142 2939 2198 divisiones
2974 2156 3093 2196 esse
3121 2142 3416 2210 gratiarum
3453 2150 3509 2196 et
3544 2159 3703 2198 men-

2119 2252 2274 2293 suras
2299 2235 2675 2301 donationum,
2705 2247 2839 2302 quas
2864 2240 2924 2286 ut
2952 2232 3006 2286 in
3053 2234 3297 2304 corporis
3319 2233 3401 2288 sui
3443 2236 3705 2293 membris

2120 2343 2257 2383 unus
2284 2334 2446 2396 atque
2474 2325 2616 2380 idem
2644 2325 2984 2394 dispensator
3011 2332 3269 2393 operatur
3314 2323 3589 2392 Dominus,
3621 2327 3706 2382 di-

2121 2432 2280 2472 versa
2319 2417 2373 2471 in
2418 2431 2517 2471 suo
2570 2430 2802 2485 corpore
2830 2414 3164 2483 distinguens
3207 2415 3414 2486 placitis
3461 2418 3705 2475 membra

2123 2508 2470 2572 muneribus;
2498 2505 2592 2561 sed
2612 2513 2669 2560 et
2689 2519 2887 2573 corpus
2915 2520 3079 2558 unum
3104 2518 3173 2558 ex
3199 2504 3507 2560 diversitate
3533 2516 3693 2561 mem-

2122 2598 2345 2654 brorum
2367 2606 2603 2662 struens,
2635 2604 2695 2651 ut
2717 2596 2841 2652 hinc
2862 2610 3079 2666 quoque
3099 2597 3267 2664 gratia
3294 2598 3433 2652 sacri
3462 2599 3709 2667 corporis

2126 2698 2403 2758 augeatur,
2428 2689 2474 2744 si
2500 2688 2781 2759 multiplex
2802 2689 2973 2743 virtus
2999 2689 3052 2743 in
3081 2703 3187 2743 una
3207 2703 3466 2758 compage
3507 2706 3706 2749 nume-

2126 2789 2295 2836 retur.
2325 2779 2593 2849 Sulpicius
2620 2777 2871 2845 Severus,
2898 2792 3058 2847 quem
3080 2788 3203 2833 cum
3231 2776 3456 2837 Paulino
3476 2781 3711 2851 junctis-

2128 2874 2261 2929 sima
2285 2872 2483 2942 prioris
2529 2871 2651 2927 vitae
2699 2871 2937 2927 amicitia
2982 2871 3306 2941 signaverat,
3357 2873 3548 2930 eodem
3590 2892 3710 2947 quo

2130 2961 2385 3019 Paulinus
2420 2972 2664 3032 tempore
2704 2978 2765 3017 se
2809 2962 2921 3017 Deo
2962 2961 3189 3028 dicavit;
3220 2963 3313 3019 sed
3360 2966 3559 3034 praedia
3605 2984 3708 3025 sua

2131 3053 2415 3110 conferens
2439 3052 2711 3118 Ecclesim,
2734 3051 2823 3120 jus
2847 3052 3031 3106 utendi
3062 3052 3379 3123 fruendique
3399 3057 3499 3112 sibi
3526 3074 3709 3115 reser-

450 3145 688 3215 seipsum
716 3144 944 3199 Domino
970 3143 1259 3208 obtulisse;
1300 3142 1392 3209 qui
1419 3148 1607 3196 contra
1636 3140 1834 3194 diaboli
1863 3138 2027 3206 tersi-
2057 3156 2103 3219 ο
2131 3146 2297 3201 vavit.
2340 3141 2565 3198 Omnem
2612 3142 2811 3209 ingenii
2853 3141 2934 3195 sui
2978 3141 3254 3197 solertiam
3300 3154 3356 3199 et
3393 3145 3711 3205 industriam

451 3235 813 3290 versationem
852 3248 1188 3302 nequaquam
1218 3232 1415 3302 pellem
1444 3247 1543 3300 pro
1571 3232 1743 3301 pelle;
1789 3230 1885 3285 sed
1912 3246 2032 3285 car-

453 3341 570 3391 nes,
591 3341 686 3380 cor
706 3333 761 3380 et
789 3340 932 3392 ossa,
981 3327 1215 3379 animam
1262 3338 1416 3379 suam
1464 3331 1520 3378 et
1565 3321 1806 3376 membra
1851 3322 2032 3375 omnia

454 3415 567 3470 Deo
587 3415 938 3470 consecravit.
972 3413 1146 3468 Etiam
1167 3413 1293 3469 alibi
1320 3412 1478 3467 docet
1510 3411 1526 3450 ῐ
1552 3410 1842 3465 Paulinus:
1882 3409 2033 3463 Viam

456 3508 570 3562 vita:
595 3505 738 3561 nobis
762 3509 779 3576 (
804 3507 1062 3561 Dominus
1086 3508 1103 3575 )
1138 3507 1604 3577 perfectionemque
1629 3504 1827 3557 virtutis
1849 3520 1953 3557 non
1978 3504 2035 3557 in

454 3595 732 3649 vendendis
763 3604 959 3649 tantum
987 3594 1195 3665 prtediis
1234 3603 1285 3647 et
1320 3595 1497 3663 pretiis
1536 3592 1833 3663 erogaudis,
1864 3591 1954 3645 sed
1978 3594 2036 3645 in

454 3690 537 3741 sui
576 3690 854 3743 sectatione
891 3689 1185 3759 proposuit,
1216 3696 1266 3741 et
1304 3689 1425 3759 quia
1462 3687 1706 3741 dixerat:
1739 3684 1864 3739 Cum
1890 3685 2037 3739 exal—

452 3790 597 3834 tatus
637 3782 989 3851 fuero,omnia
1026 3780 1095 3833 ad
1132 3796 1213 3833 me
1243 3781 1446 3834 traham
1483 3778 1715 3849 (Johan.
1751 3793 1853 3842 xu,
1890 3775 2035 3846 32),

454 3873 573 3926 ideo
603 3872 767 3926 dicit:
800 3871 947 3937 Veni,
979 3889 1185 3943 sequere
1214 3888 1294 3925 me
1320 3870 1535 3943 (Matth.
1568 3886 1677 3937 xix,
1700 3868 1815 3940 2|).
1849 3866 2038 3921 Beatus

456 3965 547 4035 qui
568 3974 675 4017 tam
694 3965 930 4033 proximo
952 3963 1224 4016 intervallo
1260 3963 1487 4031 sequitur
1522 3971 1579 4014 ut
1604 3962 1741 4014 dicat
1768 3976 1785 4013 :
1808 3959 2041 4015 Adhtesit

457 4054 639 4106 anima
661 4069 774 4107 mea
810 4062 925 4123 post
951 4063 999 4105 te
1020 4054 1037 4123 (
1061 4053 1209 4106 Psal.
1238 4068 1369 4119 Lxu,
1395 4051 1428 4104 9
1455 4052 1492 4121 ).
1524 4050 1674 4115 Quod
1710 4052 1805 4105 illa
1839 4059 2042 4105 tantum

464 4146 657 4198 caritas
687 4145 855 4197 dicere
893 4153 1077 4213 potest,
1105 4160 1220 4214 qua:
1268 4144 1388 4213 finis
1427 4145 1669 4213 prwcepti
1694 4152 1744 4196 et
1778 4141 2041 4213 plenitudo

465 4235 595 4304 legis
620 4244 696 4287 est
726 4233 900 4304 (Rom.
932 4250 1052 4299 xui,
1087 4234 1209 4304 10);
1240 4235 1294 4286 id
1314 4243 1389 4288 est
1418 4236 1481 4287 de
1500 4234 1653 4288 corde
1681 4251 1809 4304 puro
1838 4244 1888 4288 et
1907 4233 2044 4289 bona

467 4324 806 4390 conscientia,
828 4334 876 4376 et
905 4324 1009 4394 fide
1038 4340 1143 4378 non
1181 4324 1304 4393 ficta
1328 4324 1346 4394 (
1374 4324 1399 4376 ι
1432 4323 1564 4378 Tim.
1598 4340 1651 4390 ι,
1685 4322 1749 4394 5)
1778 4339 1833 4377 se
1855 4324 1930 4376 ita
1967 4324 2047 4376 in-

468 4417 593 4469 serit
619 4425 669 4468 et
696 4415 857 4486 afﬁgit
886 4413 1013 4481 Deo,
1045 4425 1100 4468 ut
1122 4416 1253 4469 nihil
1280 4425 1429 4470 extra
1457 4414 1623 4470 Deum
1644 4432 1826 4470 amans
1856 4417 1994 4469 dicat
2023 4430 2043 4469 :

2134 3238 2396 3293 adhibens
2424 3234 2679 3290 Paulimls
2700 3234 2749 3287 ei
2778 3232 3010 3302 palmam
3031 3232 3304 3301 adscribit,
3336 3236 3520 3292 dicens
3545 3237 3569 3275 ιι
3593 3239 3706 3293 for-

2135 3330 2243 3384 tius
2270 3343 2390 3384 esse
2428 3325 2770 3381 manentibus
2807 3339 2967 3393 quam
3010 3324 3257 3380 alienatis
3284 3326 3444 3382 rebus
3482 3345 3713 3397 carere;

2135 3427 2191 3475 et
2218 3431 2475 3489 spernere
2517 3416 2663 3486 quod
2708 3414 2953 3480 habetur,
2984 3429 3145 3485 quam
3176 3431 3285 3470 non
3332 3417 3529 3473 habere
3566 3423 3717 3490 quod

2133 3511 2204 3565 sit
2230 3507 2624 3580 spernendum;
2674 3506 2855 3576 itaque
2880 3506 3080 3560 nullam
3110 3506 3162 3561 in
3191 3522 3250 3562 se
3280 3521 3397 3563 esse
3424 3510 3718 3580 perfectio-

2135 3616 2260 3656 nem
2297 3615 2416 3670 quze
2459 3599 2721 3663 laudetur,
2764 3597 2861 3653 sed
2908 3597 3275 3652 inﬁrmitatem
3321 3614 3441 3669 quae
3482 3616 3714 3656 excusa-

2142 3693 2290 3746 tione
2311 3698 2543 3759 tegatur.
2574 3688 2630 3743 ln
2679 3688 2923 3742 laudibus
2950 3686 3052 3741 sibi
3074 3702 3104 3741 a
3132 3687 3335 3743 Severo
3366 3690 3522 3757 datis,
3548 3695 3717 3750 variis

2136 3781 2310 3837 modis
2338 3782 2497 3835 etiam
2519 3781 2753 3849 seipsum
2773 3779 3017 3848 despicit.
3045 3776 3169 3833 Nisi
3198 3780 3347 3849 forte,
3378 3780 3551 3851 inquit
3584 3783 3627 3852 ί,
3660 3787 3717 3839 id

2138 3888 2333 3945 quoque
2376 3871 2562 3925 altiore
2594 3870 2799 3941 pietatis
2837 3870 3051 3924 consitio
3091 3870 3275 3940 facias,
3304 3880 3361 3923 ut
3389 3871 3511 3925 dum
3544 3874 3719 3928 aliena

2139 3964 2286 4019 nobis
2313 3964 2447 4016 bona
2476 3960 2637 4015 verbis
2656 3960 3186 4032 indulges,stimulum
3213 3960 3427 4032 pudoris
3447 3979 3718 4035 suggeras,

2141 4064 2197 4109 ut
2223 4055 2448 4126 legentes
2477 4052 2612 4124 quod
2641 4068 2754 4106 esse
2786 4050 3163 4115 debemus,boni
3197 4068 3308 4106 esse
3338 4052 3613 4119 discamus,
3639 4058 3721 4109 ni-

2144 4155 2409 4216 tamurque
2430 4160 2524 4198 nos
2547 4144 2703 4214 juxta
2729 4158 3012 4197 sermonem
3039 4151 3180 4195 tuum
3205 4160 3466 4213 promere;
3489 4155 3539 4199 et
3564 4147 3721 4216 forsi-

2144 4244 2234 4290 tan
2261 4236 2513 4306 possimus
2533 4234 2665 4304 eﬂici
2695 4234 2831 4305 quod
2862 4248 2966 4287 non
2998 4249 3199 4301 sumus,
3239 4233 3358 4286 dum
3381 4233 3721 4290 erubescimus

2144 4344 2249 4381 non
2268 4342 2376 4380 esse
2405 4326 2541 4397 quod
2561 4325 2799 4379 dicimur.
2833 4322 3053 4377 Interim
3079 4333 3247 4377 tamen
3269 4324 3389 4377 dum
3411 4327 3723 4381 conscientia

2146 4434 2249 4473 non
2275 4418 2508 4489 agnoscit
2532 4417 2691 4487 fidem
2719 4416 2968 4469 sermonis
2992 4416 3084 4477 tui,
3110 4413 3519 4468 blandimentum
3548 4432 3722 4486 asper-

470 4503 540 4557 Et
567 4522 658 4576 ego
679 4522 880 4577 semper
908 4514 1071 4559 tecum
1102 4505 1272 4576 (l’sal.
1302 4522 1465 4572 Lxxu,
1491 4506 1605 4577 25).
1637 4508 1737 4576 19
1764 4506 1937 4569 Quare
1974 4514 2026 4559 to

2147 4519 2303 4565 natur
2321 4508 2643 4563 verecundia.
2677 4505 2840 4560 Extra
2869 4504 3083 4573 culpam
3110 4519 3217 4559 non
3248 4512 3427 4559 essent
3453 4504 3721 4573 plerique,

463 4603 551 4648 sus
576 4593 721 4649 labor
738 4604 788 4648 et
806 4595 1017 4665 plenum
1032 4612 1163 4665 opus
1194 4596 1339 4649 nobis
1369 4597 1422 4649 in
1443 4595 1765 4651 observantia
1791 4606 1839 4650 et
1868 4596 1924 4648 in
1953 4611 2046 4648 ex-
2145 4602 2239 4671 qui
2267 4608 2430 4656 tanta:
2456 4596 2803 4669 perfectionis
2826 4596 3123 4650 institutum
3145 4595 3475 4664 arriperent;
3506 4595 3553 4649 si
3582 4596 3726 4650 enim

462 4686 778 4756 spoliatione
811 4687 979 4740 cordis
1015 4687 1179 4740 nostri
1216 4696 1327 4753 est,
1373 4686 1519 4757 cujus
1550 4686 1810 4754 tenebras,
1839 4688 1915 4740 vel
1954 4683 2026 4737 ab-

2147 4693 2437 4749 fortissima
2465 4692 2597 4746 ﬁdes
2626 4705 2735 4744 non
2760 4688 2963 4758 vigeat,
2990 4688 3212 4741 accedat
3244 4694 3426 4741 autem
3455 4686 3727 4756 quoddam

464 4785 670 4829 strusas
690 4778 743 4830 in
761 4793 823 4832 eo
852 4776 1050 4831 inimici
1070 4776 1294 4832 latebras
1316 4778 1487 4832 videre
1501 4794 1606 4831 non
1625 4793 1916 4848 possumus,
1947 4775 2050 4829 nisi

466 4864 727 4937 defwcato
746 4865 808 4919 ab
837 4878 1165 4921 externarum
1190 4884 1359 4921 rerum
1386 4869 1521 4922 curis
1541 4869 1714 4921 animo
1740 4876 1790 4922 et
1820 4868 1958 4921 intus
1981 4864 2050 4919 ad

468 4962 800 5028 semetipsum
822 4976 1083 5015 converso.
1129 4958 1204 5012 1E
1211 4960 1515 5030 dificaturus
1542 4976 1636 5015 nos
1666 4959 1851 5030 (Deus)
1880 4976 1941 5013 eo
1960 4960 2051 5013 iti-

473 5067 598 5104 nere
618 5068 716 5121 quo
744 5060 860 5118 post
888 5068 942 5105 se
962 5060 1128 5117 vocat,
1162 5053 1262 5107 isto
1291 5069 1445 5121 opere
1474 5061 1740 5123 pratparat
1777 5070 1897 5123 quo,
1920 5069 2045 5107 ven-

471 5140 598 5195 ditis
638 5141 785 5195 rebus
807 5179 825 5205 ,
878 5142 1073 5196 absolvi
1116 5144 1260 5208 prius
1297 5144 1526 5197 suadet:
1554 5161 1776 5215 quarum
1810 5160 1937 5197 cura
1972 5142 2053 5197 vel

473 5249 643 5296 antur,
665 5225 909 5303 quoniam
930 5233 1115 5287 mentis
1143 5234 1305 5303 ipsius
1327 5236 1626 5306 perstringit
1655 5237 1839 5298 aciem,
1864 5243 1915 5288 et
1942 5235 2055 5287 ani-

475 5341 616 5378 mam
636 5322 699 5377 ab
718 5322 1049 5378 interioribus
1069 5325 1175 5377 suis
1203 5322 1478 5379 abductam
1500 5325 1569 5378 ad
1603 5326 1865 5380 exteriora
1902 5323 2051 5377 solli-

476 5406 620 5482 citat,
651 5414 776 5468 dicit
794 5416 951 5470 etiam
987 5416 1133 5471 nobis
1171 5433 1262 5487 per
1300 5416 1615 5485 PrOphetam
1643 5434 1660 5472 :
1691 5417 1886 5470 Vacate
1906 5424 1953 5471 et
1976 5416 2053 5469 vi-

554 5650 579 5678 ·
618 5640 915 5713 Ep._24,n.
944 5641 999 5713 5.
1026 5711 1039 5713 Α
1072 5642 1101 5683 δ
1131 5641 1237 5713 Ep1
1272 5641 1358 5705 40,
1423 5658 1481 5695 n.
1514 5641 1599 5694 ll.

482 5708 568 5776 ει,
608 5708 680 5764 ιιξ
711 5710 768 5781 9,
798 5711 858 5766 ll
889 5720 945 5768 et
984 5711 1069 5768 η.
1146 5708 1415 5768 ίῐέιιιιίη.
1442 5727 1530 5780 ep.
1558 5711 1646 5779 24,
1676 5727 1728 5765 n.
1762 5708 1815 5763 ‘2.

1680 5651 1701 5680 ε
1729 5638 1826 5707 Ep.
1856 5638 1942 5702 9.4,
1972 5656 2025 5692 η.
2056 5639 2109 5693 6.
2184 5634 2209 5674 ά
2241 5635 2336 5707 Ep.
2362 5634 2451 5707 b0,
2482 5650 2541 5707 n.
2573 5632 2660 5690 il.

1891 5711 1917 5746 ιι
1958 5709 2115 5777 lbid.,
2145 5724 2197 5763 η.
2230 5706 2283 5762 4.

2151 4783 2575 4847 incommodum,
2607 4780 2822 4851 plurimi
2850 4777 3044 4834 animis
3072 4777 3247 4833 solent
3272 4776 3489 4845 cadere,
3527 4786 3583 4832 et
3603 4792 3728 4833 ero-

2150 4883 2398 4943 gatonun
2439 4872 2707 4927 bonorum
2743 4869 3012 4924 desiderio
3063 4868 3256 4922 teneri.
3286 4866 3393 4922 Sed
3441 4866 3497 4921 in
3545 4882 3731 4924 amore

2152 4964 2484 5036 paupertatis
2529 4972 2585 5017 et
2629 4960 2935 5023 divitiarum
2963 4966 3240 5013 contemtu
3263 4972 3477 5029 semper
3504 4975 3690 5029 parem
3714 5002 3730 5027 ,

2148 5070 2470 5126 generosum
2498 5061 2553 5109 et
2580 5058 2917 5108 constantem
2945 5064 3006 5105 se
3044 5051 3274 5119 praebuit
3300 5049 3574 5105 Paulinus.
3596 5049 3733 5108 Cum

2150 5148 2404 5213 Severus,
2435 5159 2595 5215 quem
2619 5142 2825 5213 jamdiu
2845 5140 2913 5196 ad
2942 5156 3003 5197 se
3025 5141 3288 5197 invitabat
3315 5141 3464 5198 Nolae
3490 5143 3692 5212 degens
3714 5183 3730 5209 ,

2152 5236 2219 5293 ad
2246 5252 2369 5293 eum
2397 5234 2701 5304 scripsisset
2725 5248 2785 5289 se
2827 5232 3050 5288 credere
3078 5232 3155 5287 ita
3184 5248 3307 5288 eum
3334 5231 3571 5287 futurum
3614 5248 3734 5288 esse
3766 5252 3771 5253 ί

2152 5330 2304 5386 brevi
2333 5341 2646 5399 pauperem,
2678 5333 2738 5380 ut
2762 5326 2986 5386 ulterius
3023 5341 3132 5381 non
3177 5325 3400 5382 auderet
3418 5327 3565 5381 illum
3593 5326 3734 5380 invi-

2156 5430 2273 5476 tare
2319 5437 2333 5473 :
2385 5417 2639 5473 Paulinus
2681 5416 2972 5490 respondet
3012 5428 3025 5468 J
3078 5418 3197 5475 haec
3241 5418 3511 5474 comitatis
3551 5417 3735 5488 jocum

2740 5642 2764 5671 ο
2803 5631 3023 5686 Ilieron.
3056 5644 3142 5699 cp.
3176 5628 3262 5682 5i.
3288 5627 3361 5699 ωε
3405 5626 3610 5684 Paulin.
3646 5643 3734 5699 cp.

2366 5706 2382 5745 ί
2426 5697 2581 5772 lbid.,
2606 5720 2659 5759 n.
2684 5703 2736 5759 i.
2814 5703 2828 5754 i
2876 5700 3045 5772 Epist.
3074 5698 3162 5764 il,
3189 5712 3243 5752 n.
3278 5697 3366 5754 15.
