4020 6186
320 265 381 320 57
1685 257 2209 320 PROLEGOMENA.
3509 271 3580 326 58

316 391 465 440 esse;
496 382 552 428 et
581 372 784 430 fatetur
812 370 943 427 nihil
987 385 1045 425 se
1082 377 1383 441 przcoptare
1431 377 1595 424 tanta:
1640 367 1904 425 libertatis
1929 375 1981 435 Α
2008 379 2067 427 ut
2091 372 2228 427 sciat
2250 378 2509 442 quantum
2540 371 2610 428 ibi
2651 372 2905 443 diligatur
2932 384 2988 431 et
3018 375 3371 435 desideretur.
3401 379 3462 436 in
3491 398 3582 438 se-

319 473 494 533 bono,
526 483 652 523 cum
686 474 799 520 tam
835 466 1020 520 intima
1054 464 1393 520 circumcisio
1417 463 1574 533 plena
1605 470 1747 518 esset
1779 478 1904 533 per-

322 562 494 619 fectio.
531 558 691 614 Nihil
726 557 968 612 habemus
1001 559 1111 629 2ο
1139 556 1312 626 inquit
1337 565 1382 623 δ,
1419 558 1519 611 nisi
1541 557 1831 623 Christum;
1854 567 1905 613 et

324 653 427 707 ride
444 651 494 704 si
522 650 660 703 nihil
674 649 974 715 habeamus,
996 648 1080 717 qui
1102 648 1276 701 omnia
1304 646 1570 701 habentem
1591 646 1902 702 habemus...

324 750 365 795 et
379 750 595 811 propter
617 756 761 809 quem
789 739 835 791 si
868 738 995 789 nihil
1029 737 1325 801 habeamus,
1353 738 1409 789 in
1438 738 1549 807 ipso
1578 738 1753 791 omnia
1781 753 1899 807 pos-

327 830 555 884 sitiemus
580 827 678 898 (11
706 825 827 880 Cor.
859 842 932 890 v1,
966 826 1075 895 10).
1120 824 1278 879 Νιιηο
1314 828 1369 880 in
1402 828 1504 880 ista
1546 828 1812 896 spinarum
1855 837 1907 881 et

325 917 552 972 laborum
576 918 754 982 humo,
786 932 850 967 ne
883 916 936 967 in
963 914 1153 968 hortuli
1185 915 1389 985 quidem
1417 916 1620 987 glebula
1641 934 1733 971 nos
1757 926 1909 973 terra:

326 1012 475 1065 limus
508 1018 638 1062 tenet
658 1025 677 1061 :
710 1009 803 1060 sed
827 1009 1024 1060 utinam
1043 1008 1119 1060 ita
1143 1008 1313 1061 nullus
1334 1025 1367 1061 a
1386 1018 1595 1078 peccato
1624 1008 1769 1062 nobis
1793 1009 1910 1080 pul-

326 1103 396 1155 vis
422 1100 680 1153 [κεῖθι-ει]
708 1096 775 1151 1η
806 1096 1083 1151 Dominum
1111 1100 1281 1164 ipsum
1301 1101 1573 1154 committis
1595 1100 1643 1163 ι’,
1677 1102 1720 1154 si
1757 1111 1909 1170 putas

334 1203 433 1245 tum
461 1191 670 1243 demum
702 1190 995 1260 defuturam
1018 1188 1165 1243 nobis
1186 1191 1303 1243 vita:
1322 1191 1555 1245 mortalis
1583 1192 1907 1256 alimonium,

332 1297 436 1334 cum
465 1280 617 1333 nobis
653 1279 860 1346 coeperit
893 1277 1031 1332 Deus
1058 1293 1170 1332 esse
1197 1282 1453 1349 possessio
1477 1280 1660 1350 (Psal.
1701 1296 1789 1344 xv,
1819 1278 1906 1349 5).

954 1388 1182 1445 CAPUT
1219 1390 1288 1446 X.

332 1479 404 1534 De
418 1479 635 1533 Paulini
658 1477 990 1534 conversione
1008 1489 1057 1533 et
1077 1489 1379 1551 paupertate
1407 1481 1516 1537 SS.
1534 1480 1783 1537 Ecclesia:
1810 1482 1914 1537 Pa-

936 1562 1067 1603 trum
1096 1551 1143 1602 Ε
1147 1551 1304 1621 logia.

396 1641 448 1696 l.
489 1640 631 1695 Toto
664 1651 687 1679 ε
719 1640 995 1695 laudatum
1023 1644 1156 1697 orbe
1195 1642 1476 1698 Paulinum
1515 1644 1808 1699 celebravit
1836 1646 1913 1700 fa-

2003 462 2175 517 cunda
2197 462 2426 532 epistola
2460 478 2583 518 eum
2623 464 2692 519 ad
2721 480 2783 521 se
2820 466 3059 523 invitans
3085 469 3391 526 obtestatur
3417 480 3581 542 atque

2004 552 2256 609 obsecrat
2279 554 2334 608 in
2353 554 2498 611 hunc
2524 556 2740 611 modum
2768 574 2781 610 :
2806 558 2825 609 Ι
2858 557 2982 613 Non
3003 559 3324 631 impudenter
3343 580 3435 634 ego
3455 582 3582 637 rogo

2004 661 2112 710 vos,
2134 656 2183 698 et
2202 647 2426 714 postulo,
2453 656 2502 701 et
2529 648 2710 718 ﬂagito
2733 658 2791 703 ut
2828 652 2883 704 in
2907 651 3159 722 Africam,
3185 654 3384 723 majore
3406 656 3584 711 talium

2006 734 2269 788 hominum
2296 737 2385 789 siti
2409 754 2564 807 quam
2604 740 3167 815 siccitatis’nobilitate,
3199 746 3301 815 21
3342 744 3587 799 laborati.

2008 833 2108 877 tem
2134 826 2303 878 uenire
2324 800 2626 897 dignemini.
2662 829 2773 883 Scit
2801 800 2941 883 D‘eus
2966 833 3086 901 quia
3132 800 3435 888 no;:olum
3466 852 3589 905 pro-

2006 924 2119 985 pter
2146 915 2453 970 desiderium
2470 934 2657 985 meum,
2679 935 2841 991 neque
2860 921 3027 975 solum
3043 930 3254 993 propter
3282 941 3368 978 eos
3396 927 3484 991 qui
3511 927 3588 980 vel

2008 1021 2100 1075 per
2142 1022 2235 1059 nos
2274 1015 2496 1059 uestrum
2538 1011 2857 1078 pr0positum
2879 1050 2895 1075 ,
2926 1012 3005 1064 vel
3033 1012 3412 1085 undecumque,
3446 1018 3587 1085 fama

2008 1096 2322 1166 prtedicunte
2354 1098 2671 1165 didicerunt;
2711 1101 2801 1154 sed
2846 1104 3003 1155 etiam
3031 1113 3243 1172 propter
3279 1115 3474 1159 ceteros
3502 1109 3588 1175 qui

2007 1187 2197 1255 partim
2218 1202 2319 1240 non
2345 1188 2580 1254 audiunt,
2608 1192 2800 1259 partim
2829 1192 3007 1244 audita
3030 1209 3131 1246 non
3162 1197 3395 1259 credunt,
3420 1206 3588 1249 tamen

2008 1284 2223 1345 possunt
2252 1288 2511 1347 comperta
2534 1280 2766 1350 diligere,
2798 1298 2885 1335 vos
2912 1283 3026 1336 istis
3061 1285 3213 1337 terris
3240 1285 3397 1339 etiam
3416 1303 3589 1356 corpo-

2011 1367 2189 1421 raliter
2218 1370 2399 1422 adesse
2417 1372 2670 1439 cupimus.
2690 1370 2823 1425 Tum
2846 1372 2913 1425 ad
2944 1372 3241 1427 Licentium
3270 1392 3425 1430 suum
3454 1377 3590 1430 scri-

2009 1458 2144 1513 bens
2164 1456 2191 1495 ¹ι
2212 1459 2315 1511 ait:
2342 1458 2486 1513 Vade
2514 1461 2567 1513 iu
2590 1459 2949 1530 Campaniam,
2982 1463 3121 1517 disce
3150 1464 3427 1519 Paulinum
3448 1482 3592 1536 egre-

2010 1550 2152 1620 gium
2189 1559 2237 1602 et
2281 1561 2519 1603 sanctum
2559 1549 2658 1605 Dei
2688 1568 2908 1618 servum,
2931 1570 3084 1624 quam
3122 1556 3375 1625 grandem
3401 1558 3591 1626 fastum

2013 1639 2169 1692 seculi
2193 1640 2345 1709 hujus
2376 1650 2517 1695 tanto
2545 1644 2888 1712 generosiora,
2935 1653 3125 1714 quanto
3165 1645 3439 1700 humiliore
3476 1663 3591 1700 cer-

338 1740 474 1786 cium
505 1742 612 1784 tam
646 1731 855 1785 illustre
893 1741 948 1786 et
975 1732 1290 1800 gloriosum.
1334 1733 1760 1791 Pncstantissimi
1788 1736 1911 1805 qui-
1941 1747 1988 1806 Β
2015 1732 2120 1784 vice
2155 1733 2513 1785 incunctanter
2549 1734 2856 1797 excusserit.
2886 1743 2942 1786 ιιι
2983 1750 3099 1788 eam
3138 1734 3374 1789 εαδάενει
3401 1734 3592 1789 Christi

334 1837 433 1891 que
466 1823 725 1877 Ecclesia:
755 1824 851 1876 viri
879 1825 969 1892 qui
1001 1833 1126 1879 tunc
1154 1826 1407 1881 vivebant
1435 1828 1561 1882 illud
1589 1829 1763 1882 mirati
1787 1834 1912 1881 sunt

337 1931 468 1986 pene
499 1916 758 1980 universi,
788 1924 843 1969 et
872 1916 1054 1969 amitis
1081 1916 1331 1971 laudibus
1357 1917 1721 1972 celebrarunt.
1760 1916 1915 1983 Quod

337 2007 413 2059 ubi
443 2002 751 2073 cognovitd
783 1994 1122 2073 Ambrosius,
1169 2006 1426 2062 Sabinum
1473 2005 1759 2062 Placentiae
1799 2007 1914 2077 epi-

335 2112 553 2164 sc0pum
582 2096 765 2164 gaudii
794 2099 875 2150 sui
902 2097 1217 2167 participem
1247 2114 1368 2153 esse
1397 2099 1582 2163 voluit,
1609 2114 1770 2168 quem
1799 2099 1913 2168 plu-

337 2188 445 2240 rimi
489 2188 762 2241 facturum
817 2197 1024 2243 tantum
1070 2190 1384 2245 miraculum
1416 2189 1661 2259 profecto
1688 2191 1911 2246 sciebat.

338 2276 624 2344 Conjugcm
658 2292 687 2330 a
718 2277 817 2330 viri
860 2279 1139 2347 proposito
1182 2295 1290 2334 non
1332 2280 1610 2335 discedere
1660 2288 1912 2346 testatur,

342 2374 391 2420 et
416 2368 683 2436 principue
707 2368 761 2421 in
783 2384 849 2423 eo
879 2378 1141 2436 versatur,
1158 2378 1217 2424 ut
1243 2371 1456 2439 generis
1476 2372 1760 2440 splendore
1781 2371 1917 2428 adeo

343 2457 525 2509 nobilis
554 2456 653 2509 viri
690 2459 929 2511 animum
957 2468 1013 2513 et
1039 2460 1292 2514 virtutem
1319 2461 1688 2530 commendet,
1711 2463 1802 2530 qui
1825 2478 1918 2518 co-

339 2561 446 2599 ram
479 2546 788 2601 hominibus
826 2545 1095 2602 Christum
1134 2557 1243 2603 tam
1279 2558 1596 2605 constanter
1627 2549 1916 2606 conﬁtere-

340 2644 445 2705 tur,
470 2647 525 2691 et
552 2646 751 2691 sane-tre
779 2638 1055 2706 religionis
1083 2654 1146 2694 ac
1167 2641 1457 2696 severioris
1484 2641 1777 2711 disciplina:
1801 2643 1916 2697 cul-

344 2734 448 2780 tum
492 2736 685 2796 aperte
724 2728 1088 2797 proﬁteretur.
1140 2728 1378 2799 Hujusce
1424 2732 1624 2800 egregii
1664 2732 1918 2789 facinoris

336 2818 760 2885 magnitudinem
790 2828 846 2873 et
876 2821 1125 2874 meritum
1154 2821 1347 2874 mirum
1375 2822 1430 2876 in
1458 2823 1677 2877 modum
1708 2825 1919 2879 extollit

334 2908 665 2974 Augustinus
692 2918 715 2944 ο
746 2908 888 2977 quod
921 2908 1112 2964 Christi
1148 2912 1367 2981 gloriam
1406 2913 1665 2983 appellat,
1698 2924 1754 2970 et
1779 2915 1921 2970 cari-

335 3007 494 3053 tatem
529 3000 761 3054 mirabili
799 3001 993 3070 gaudio
1025 3017 1147 3056 eum
1174 3005 1335 3058 verba
1365 3003 1576 3059 Domini
1613 3006 1917 3076 adimplen-

2007 1824 2156 1892 jugo.
2181 1820 2249 1874 Et
2267 1822 2393 1877 alibi
2422 1838 2853 1877 commemorans
2886 1821 2905 1860 ι
2929 1838 3089 1891 quam
3112 1839 3302 1879 secure
3337 1825 3593 1892 gauderet

2014 1904 2269 1966 Paulinus
2297 1912 2512 1979 quando
2538 1912 2726 1966 Nolam
2753 1911 2915 1966 Gothi
2936 1921 3304 1979 vastaverunt,
3335 1914 3467 1967 nihil
3488 1915 3588 1969 ha-

2014 2002 2151 2058 bens
2187 2002 2333 2072 quod
2373 2004 2671 2069 amitteret,
2719 2018 2844 2058 eum
2884 2012 3061 2071 vocat,
3108 2021 3173 2059 ea:
3205 2007 3592 2075 opulentissimo

2015 2096 2201 2161 divite,
2234 2095 2492 2149 voluntate
2528 2098 2950 2165 pauperrimum,
2993 2106 3043 2150 et
3088 2098 3437 2167 copiosissime
3465 2114 3593 2152 san-

2015 2197 2171 2241 ctum.
2204 2198 2243 2225 ω
2264 2187 2415 2243 Hanc
2437 2189 2705 2243 bonorum
2727 2191 3123 2245 abdicationem
3148 2191 3299 2245 miris
3325 2200 3381 2246 et
3402 2192 3595 2248 debitis

2016 2278 2261 2334 laudibus
2271 2280 2464 2334 extulit
2475 2279 2851 2350 Hieronymus,
2871 2291 2929 2336 et
2941 2282 3184 2336 adhibuit
3199 2283 3357 2352 plena
3373 2284 3595 2353 pruden-

2016 2368 2105 2423 tite
2135 2370 2357 2424 consilia
2386 2370 2579 2438 quibus
2598 2372 2876 2426 caritatem
2901 2372 3039 2427 illius
3056 2373 3428 2427 moderaretur
3452 2372 3595 2443 :jam

2021 2461 2266 2528 quaedam
2295 2462 2851 2529 commemoravimus,
2884 2464 2951 2518 de
2977 2464 3083 2519 alio
3109 2480 3208 2519 suo
3238 2465 3359 2519 loco
3387 2480 3596 2520 sermo-

2016 2566 2143 2606 nem
2172 2552 2449 2609 faciemus.
2481 2564 2506 2591 η
2533 2554 2746 2610 Juliano
2767 2556 3100 2612 nobilissimo
3120 2558 3237 2612 viro
3258 2552 3354 2612 SS.
3388 2556 3596 2612 Paulini

2017 2644 2074 2693 et
2111 2634 2437 2692 Pammachii
2481 2639 2729 2707 exempla
2767 2639 3052 2709 proponit,
3100 2643 3155 2694 et
3195 2656 3319 2695 cum
3370 2640 3597 2696 dixisset

2017 2725 2138 2782 illos
2168 2728 2417 2797 exemplo
2447 2735 2502 2782 et
2532 2729 2747 2797 eloquio
2771 2770 2787 2796 ,
2837 2729 2889 2783 id
2915 2733 2997 2785 eet
3026 2744 3193 2799 opere
3235 2738 3290 2785 et
3318 2743 3589 2794 sermone,

2017 2833 2176 2889 posse
2203 2818 2268 2872 ad
2296 2819 2501 2887 majora
2539 2835 2661 2873 eum
2690 2817 3014 2889 perducere,
3044 2820 3194 2874 addit
3218 2838 3229 2872 :
3264 2819 3473 2874 Nobilis
3502 2821 3597 2875 es?

2018 2918 2069 2962 et
2093 2908 2190 2974 illi,
2226 2909 2316 2962 sed
2354 2911 2405 2962 in
2436 2908 2641 2963 Christo
2671 2910 2980 2973 nobiliores;
3010 2909 3163 2963 Dives
3196 2920 3245 2964 et
3275 2910 3598 2964 honoratus!

2018 3006 2068 3051 et
2090 2998 2168 3051 illi
2197 3014 2217 3051 :
2246 2998 2402 3052 immo
2430 3014 2494 3052 ex
2531 2997 2775 3052 divitibus
2798 3007 2848 3052 et
2876 2999 3142 3052 honoratis
3166 3016 3417 3069 pauperes
3444 3009 3495 3055 et
3514 3001 3597 3054 in-

333 3097 437 3141 tem
478 3089 801 3158 conspicere
830 3088 981 3144 dicit.
1015 3088 1268 3159 Gaudent,
1303 3092 1475 3162 inquit
1507 3091 1562 3160 τ,
1606 3096 1988 3174 ἱηῙαιὶθαὺὶ-ιρ
2020 3088 2205 3158 glorii,
2236 3099 2287 3143 et
2328 3089 2523 3143 idcirco
2549 3088 2764 3142 ditiores
2804 3098 2855 3142 et
2895 3088 3062 3158 magis
3091 3088 3271 3159 inclyti
3294 3128 3309 3155 ,
3340 3090 3462 3158 quia
3500 3107 3597 3161 pro

329 3174 443 3231 liter
462 3189 515 3232 et
546 3178 877 3247 ine/fabiliter
912 3183 1101 3249 fratres
1131 3191 1234 3234 tant
1262 3181 1499 3236 uberibus
1537 3194 1587 3238 et
1612 3193 1715 3238 tam
1742 3185 1914 3239 excel-

328 3271 552 3326 lentibus
576 3271 729 3325 donis
760 3270 876 3339 Dei,
902 3270 1045 3327 bonis
1078 3274 1194 3327 tuis.
1221 3283 1246 3317 κ
1268 3272 1484 3328 Fratres
1512 3292 1616 3329 non
1645 3274 1811 3330 solum
1829 3278 1917 3348 qui

332 3362 603 3415 nobiscum
625 3360 879 3428 habitant,
905 3370 953 3415 et
975 3364 1060 3433 qui
1081 3361 1289 3416 ubilibet
1308 3362 1598 3417 habitantes
1631 3362 1741 3418 Deo
1770 3365 1917 3435 pari-

330 3461 403 3503 ter
431 3453 695 3516 serviunt;
718 3450 810 3504 sed
834 3468 991 3522 prope
1014 3468 1188 3505 omnes
1216 3453 1299 3523 qui
1325 3467 1420 3507 nos
1439 3454 1493 3506 in
1515 3452 1719 3508 Christo
1750 3452 1915 3507 liben-

330 3549 403 3592 ter
424 3550 697 3606 noverunt,
725 3541 973 3607 salutant,
999 3552 1323 3608 venerantur,
1357 3542 1668 3607 desiderant,
1710 3561 1916 3615 germa-

328 3633 573 3695 nitatem,
605 3631 992 3698 beatitudinem,
1025 3632 1394 3686 humanitatem
1418 3642 1579 3688 tuam.
1598 3632 1623 3669 ιι
1647 3632 1917 3689 Laudatur

328 3729 371 3772 et
400 3721 730 3774 benedicitur
756 3719 928 3785 Deus,
962 3722 1107 3791 cujus
1136 3724 1305 3793 gratia
1331 3732 1381 3776 tu
1413 3724 1531 3776 talis
1553 3740 1627 3777 es.
1660 3722 1743 3777 Ibi
1770 3725 1915 3778 exci-

326 3818 465 3862 tatur
497 3810 762 3874 Christus,
792 3819 850 3862 ut
871 3822 1045 3864 ventos
1072 3822 1120 3864 et
1146 3811 1313 3864 ntaria
1337 3811 1425 3865 tibi
1452 3813 1659 3884 placare
1680 3813 1917 3885 dignetur

328 3902 563 3954 tendenti
610 3901 680 3953 ad
716 3900 1052 3955 stabilitatem
1091 3919 1256 3956 suam.
1311 3902 1524 3957 Videtur
1562 3922 1594 3957 a
1634 3904 1917 3975 legentibus

326 3988 393 4041 ibi
419 3991 629 4059 coriqu
657 4008 763 4044 non
792 3992 905 4044 duo:
935 3992 1002 4044 ad
1034 3993 1299 4047 mollitiem
1326 3996 1433 4059 viro
1462 4012 1553 4049 suo
1582 3995 1673 4049 sed
1700 3996 1769 4049 ad
1807 3998 1918 4067 for-

328 4080 607 4134 titudinem
630 4083 795 4135 redux
828 4085 883 4137 in
917 4100 1035 4138 ossa
1055 4088 1149 4140 viri
1178 4088 1324 4141 sui...
1361 4086 1443 4141 Ibi
1469 4091 1608 4143 cedri
1638 4088 1827 4143 Libani
1848 4091 1917 4144 ad

326 4177 520 4223 terram
543 4171 816 4241 depositas,
848 4182 896 4226 et
924 4174 978 4227 in
1006 4192 1142 4229 (ter
1164 4176 1414 4247 fabricam
1448 4181 1752 4251 compagine
1775 4181 1916 4234 cari-

326 4263 446 4313 tatis
476 4274 691 4326 erectaz,
718 4265 897 4317 mundi
920 4265 1069 4337 hujus
1099 4268 1283 4336 ﬂuctus
1314 4270 1690 4339 imputrt'biliter
1716 4282 1915 4328 secant.

324 4349 408 4404 Ibi
434 4353 619 4423 gloria
646 4361 707 4406 ut
744 4357 1060 4426 acquiratur,
1084 4361 1425 4413 contemnitur
1462 4377 1479 4414 :
1514 4370 1562 4413 et
1604 4364 1821 4416 mundus
1861 4371 1918 4417 ut

2021 3174 2223 3232 Christo
2245 3195 2495 3249 pauperes
2523 3189 2571 3231 et
2591 3179 2910 3234 inhonorati.

2088 3268 2141 3322 5.
2174 3267 2331 3324 Hisce
2358 3250 2528 3324 tribus
2555 3268 2810 3324 Ecclesiae
2858 3268 3062 3323 Latina:
3106 3268 3420 3324 doctoribus
3465 3269 3598 3325 sub-

2011 3358 2314 3429 jungendus
2342 3368 2425 3415 est
2452 3358 2687 3415 miriﬁca:
2706 3359 3007 3414 sanctitatis
3028 3357 3356 3413 Turonensis
3377 3360 3600 3414 antistes

2020 3461 2045 3488 ο
2074 3451 2350 3518 Martinus,
2378 3451 2470 3520 qui
2502 3451 2721 3506 beatum
2748 3451 3091 3505 existimabat
3115 3450 3354 3505 seculum
3382 3451 3469 3505 cui
3495 3450 3601 3504 tale

2019 3541 2141 3597 ﬁdei
2172 3551 2227 3597 et
2254 3542 2461 3596 virtutis
2486 3541 2792 3611 exemplum
2820 3542 3156 3607 contigisset,
3179 3540 3360 3609 illique
3384 3541 3601 3595 videba-

2020 3641 2103 3688 tur
2124 3631 2396 3695 Paulinus,
2419 3631 2639 3686 summis
2665 3631 2855 3700 opibus
2880 3624 3121 3698 abjectis,
3151 3629 3421 3683 Christum
3449 3645 3603 3683 secun

2015 3732 2134 3788 tus,
2164 3724 2310 3778 solus
2338 3738 2476 3792 pene
2515 3723 2597 3775 his
2639 3721 2969 3789 temporibus
2996 3718 3304 3786 evangelica
3333 3728 3602 3788 princepta

2016 3816 2385 3885 complevisse.
2430 3811 2535 3866 Eos
2573 3812 2663 3882 qui
2692 3826 2751 3865 se
2777 3810 3013 3875 adirent,
3042 3817 3097 3863 et
3124 3809 3390 3879 praecipue
3432 3808 3602 3863 Seve-

2018 3922 2155 3969 rum,
2204 3905 2493 3959 autoritate
2538 3912 2697 3972 atque
2742 3902 3095 3956 admiratione
3136 3899 3344 3955 Paulini
3386 3916 3604 3969 semper

2019 3998 2338 4062 lacessebat,
2370 3997 2517 4051 illum
2544 3995 2896 4064 sequendum,
2925 3993 3074 4047 illum
3096 3993 3364 4048 clamabat
3391 3993 3606 4046 imitan-

2018 4088 2177 4155 dum;
2209 4088 2430 4157 ejusque
2478 4087 2784 4156 exemplum
2833 4086 3115 4153 ingerens,
3160 4084 3371 4138 dicebat
3415 4084 3603 4138 mundi

2018 4182 2177 4251 hujus
2198 4181 2477 4235 illecebras
2498 4188 2553 4234 et
2574 4179 2738 4234 seculi
2761 4193 2923 4232 onera
2946 4177 3314 4246 relinquenda,
3343 4185 3400 4231 ut
3417 4175 3599 4234 Jesum

2020 4270 2172 4326 liberi
2203 4270 2545 4340 expeditique
2572 4275 2941 4337 sequerentur.
2970 4264 3105 4320 Cum
3146 4265 3335 4321 Nolam
3362 4282 3421 4321 se
3450 4281 3603 4321 rece-

2022 4360 2185 4429 pisset
2214 4370 2240 4409 ι)
2271 4375 2406 4429 opus
2433 4358 2528 4412 Dei
2572 4360 2624 4412 in
2649 4372 2716 4412 eo
2755 4355 3044 4426 Campania
3076 4362 3189 4409 tota
3217 4362 3471 4410 venerata
3500 4366 3603 4410 est.

323 4444 657 4510 obtineatur,
698 4447 1023 4517 relinquitur.
1054 4447 1134 4501 Ibi
1175 4452 1402 4519 parvuli,
1435 4452 1538 4505 sive
1574 4453 1728 4505 etiam
1766 4470 1918 4524 gran-
1949 4475 1995 4533 ο
2020 4449 2164 4503 Inter
2192 4449 2501 4519 Hieronymi
2532 4462 2695 4517 opera
2724 4454 2899 4500 exstat
2927 4446 3183 4515 epistola,
3214 4458 3332 4514 qua:
3362 4444 3461 4513 ipsi
3488 4460 3605 4499 me-

319 4532 549 4587 diusculi
578 4532 686 4603 ﬁlii
721 4533 999 4607 Babylonis
1028 4538 1289 4593 eliduntur
1308 4540 1377 4594 ad
1413 4544 1781 4611 petram,vitia
1815 4546 1919 4598 sci-

317 4624 434 4678 licet
470 4628 815 4697 confusionis
844 4628 1190 4701 superbithue
1210 4632 1474 4687 secularis.

383 4715 438 4771 2.
484 4717 565 4771 At
609 4717 810 4772 ardens
849 4719 1129 4789 Augustini
1166 4722 1219 4775 in
1251 4719 1530 4778 Paulinum
1560 4740 1728 4792 amor,
1760 4740 1919 4796 quem

314 4807 370 4862 in
402 4811 420 4847 ι
457 4810 657 4881 prima
690 4824 788 4864 sua
816 4812 881 4865 ad
904 4827 1026 4866 eum
1050 4830 1192 4869 anno
1221 4813 1327 4868 595
1344 4816 1466 4871 data
1490 4818 1715 4888 epistola
1743 4819 1923 4873 videre

314 4910 425 4971 est,
463 4901 697 4957 nullum
746 4909 938 4970 potest
979 4904 1373 4959 incrementum
1414 4909 1686 4976 recipere,
1728 4916 1785 4962 et
1821 4908 1924 4963 sibi

312 4999 650 5053 carissimos
676 5003 877 5051 extunc
905 4997 955 5052 ei
984 4999 1419 5068 commendavit,
1453 5016 1677 5071 sperans
1705 5017 1827 5056 eum
1867 5010 1924 5057 et

312 5088 683 5144 sermonibus
707 5094 760 5141 et
781 5087 1033 5157 precibus
1055 5089 1283 5146 salutem
1307 5091 1519 5149 illorum
1541 5100 1918 5162 operaturum;

314 5178 461 5233 illum
487 5184 669 5248 rogat
698 5185 754 5233 et
782 5176 988 5248 ﬂagitat
1011 5187 1070 5233 ut
1094 5179 1150 5234 in
1177 5180 1411 5237 Africam
1436 5184 1622 5238 venire
1648 5183 1919 5252 dignetur,

2024 4544 2128 4598 rito
2157 4542 2509 4611 abjudicatur.
2541 4538 2607 4592 Et
2634 4539 2849 4607 quidem
2876 4552 2940 4591 ea
2967 4537 3165 4605 scripta
3192 4544 3275 4589 est
3301 4535 3426 4589 dum
3468 4534 3607 4590 Pau-

2026 4635 2164 4689 linus
2184 4634 2434 4702 illiusque
2456 4646 2590 4685 uxor
2603 4630 2776 4684 adhuc
2795 4629 2959 4682 vitam
2980 4634 3234 4695 agerent:
3255 4626 3395 4681 hanc
3415 4636 3443 4675 (ι
3465 4626 3608 4681 Cen-

2026 4724 2217 4779 nadius
2245 4722 2499 4778 adscribit
2528 4719 2787 4790 Eutropio
2813 4719 3128 4790 presbytero
3149 4731 3310 4786 quem
3339 4718 3394 4771 in
3421 4717 3610 4772 ordine

2026 4812 2267 4881 Catalogi
2298 4810 2524 4866 Paulino
2552 4809 2842 4880 subjungit.
2871 4820 2892 4847 τ
2925 4808 3096 4863 Antor
3122 4808 3210 4863 ille
3239 4823 3358 4863 cum
3388 4808 3611 4864 dixisset

2028 4905 2225 4975 duplex
2253 4903 2556 4973 sepulcrum
2584 4901 2728 4970 quod
2775 4901 2875 4957 sibi
2904 4900 3141 4972 providit
3183 4900 3471 4965 Abraham,
3499 4916 3610 4955 non

2026 4995 2199 5051 solum
2228 4993 2593 5065 praeﬁgurasse
2621 4992 2927 5062 sepulcrum
2954 4992 3011 5046 in
3056 5005 3165 5060 quo
3204 5007 3432 5061 corpora
3461 5006 3608 5046 mor-

2026 5094 2241 5141 tuorum
2288 5084 2562 5139 hominmn
2610 5082 2983 5151 sepelirentur,
3037 5081 3133 5137 sed
3184 5082 3347 5136 etiam
3373 5082 3611 5149 signasse

2027 5180 2264 5250 quietem
2293 5192 2454 5247 quam
2480 5176 2582 5230 sibi
2608 5175 2711 5230 lide
2740 5190 2835 5229 sua
2864 5185 2919 5230 et
2947 5189 3111 5245 opum
3155 5182 3431 5229 contemtu
3458 5188 3608 5228 com-

380 5364 405 5392 ι
438 5353 636 5424 Epist.
662 5349 749 5414 ll,
782 5366 838 5405 ιι.
863 5349 948 5405 14.
970 5351 1053 5424 μδ
1084 5352 1140 5406 id
1167 5362 1274 5424 est,
1298 5371 1501 5424 peccas.
1580 5366 1602 5393 ε
1643 5354 1846 5424 Snlpic.
1893 5354 2089 5424 dialog.
2135 5355 2187 5417 5,
2220 5369 2268 5408 c.
2290 5351 2378 5404 20.
2454 5349 2765 5424 “Ambros.
2799 5366 2883 5419 ep.
2920 5350 3035 5424 50_._
3088 5360 3111 5386 θ
3143 5351 3365 5424 Augusl.
3398 5364 3495 5424 c_p._
3517 5349 3605 5410 5i,

423 5463 438 5477 .
489 5421 502 5424 ⁷
530 5424 549 5461 ί
585 5424 938 5491 Αυδυδῑτοι).
962 5421 1052 5489 27,
1079 5440 1131 5475 ιι.
1156 5422 1208 5475 2.
1287 5421 1480 5487 81bid.,
1508 5443 1561 5478 ιι.
1591 5426 1642 5478 6.
1721 5421 1927 5491 h'lbid.,
1953 5441 2004 5478 ιι.
2038 5421 2090 5478 ‘2.

683 5434 827 5543 gnat.
847 5436 938 5542 ex.
962 5434 1052 5489 τι,
1079 5440 1131 5475 ιι.
1156 5434 1208 5475 2.
1287 5435 1309 5471 Β
1328 5434 1480 5487 ιιιιϋ..
1508 5443 1561 5478 ιι.
1591 5434 1642 5478 6.
1721 5434 1745 5460 υ
1771 5434 1927 5491 lbid.,
1953 5441 2004 5478 ιι.
2038 5434 2090 5478 2.
2173 5434 2189 5462 ι
2221 5434 2355 5490 Aug.
2382 5437 2445 5505 ep

819 5487 835 5527 ι
906 5506 1006 5563 _ug.
1036 5493 1126 5563 lib.
1161 5494 1227 5546 de
1256 5492 1413 5547 Civit.
1468 5495 1582 5558 Dei,
1613 5510 1662 5549 c.
1697 5493 1780 5547 lO.
1820 5558 1825 5563 1
1861 5504 1895 5529 ω
1953 5493 2168 5548 Hieron.
2223 5510 2307 5563 ep.
2362 5492 2445 5543 lo.

318 5425 438 5477 n.6,
530 5425 635 5473 (Α

317 5511 397 5557 ep.
443 5493 539 5557 26,
580 5508 643 5544 [ι.

368 5574 471 5617 art.
530 5578 589 5616 c.
827 5568 855 5608 Ρ
902 5558 1104 5616 Paulin.
1140 5578 1226 5631 ep.
1276 5562 1328 5627 5,

323 5631 571 5688 Geruntii
606 5628 773 5682 ﬁlias.

2173 5426 2189 5462 ί
2221 5425 2468 5507 Aug-ep.
2494 5420 2674 5507 2η.ηοὶ
2709 5421 2842 5507 Aug.
2864 5438 2951 5507 cp.
2978 5421 3066 5507 Fili,
3091 5420 3275 5507 infert
3296 5419 3444 5507 in:

2525 5501 2549 5524 ιι
2584 5489 2813 5557 Hieron.
2856 5487 2941 5557 cp.
2994 5491 3079 5543 5t.
3159 5487 3606 5557 °,Sulpic.*V'it.

1382 5579 1436 5617 ιι.
1480 5555 1576 5618 15.
1648 5574 1674 5614 (ι
1704 5558 1918 5618 Gennad

2017 5565 2159 5619 latal.
2222 5555 2308 5619 49.
2390 5571 2407 5598 τ
2442 5560 2602 5615 inter.
2655 5576 2741 5628 ep.
2795 5555 2940 5612 llicr.
3001 5569 3127 5614 tom.
3179 5556 3268 5618 lx,
3318 5572 3403 5624 ep.
3457 5555 3493 5610 '5
3544 5558 3613 5613 ad
