4020 6186
336 282 401 336 ιι
1328 312 1333 317 ·
1686 292 2211 350 PROLEGOMENA.
3516 316 3592 369 tu

334 398 546 451 eitatem
570 411 740 458 suam,
788 394 935 449 nobis
973 397 1200 466 inopiam
1245 406 1494 462 nostram,
1526 408 1582 452 ut
1611 412 1811 469 putant,
1857 412 1907 457 et
1935 408 1983 464 Α
2009 404 2263 471 datorem,
2290 404 2463 477 diligit
2490 404 2646 473 Deus,
2672 409 2891 478 proinde
2915 410 3128 469 stabiles
3154 416 3207 469 in
3226 416 3332 485 ﬁde
3359 419 3589 474 veritatis

332 486 609 539 stultitiam
634 494 867 537 nostram
897 486 1205 554 relinquant.
1239 486 1358 541 Sint
1393 488 1768 557 prudentiores,
1794 490 1916 543 dum

330 592 438 629 non
458 576 561 627 sint
583 574 685 643 ﬁlii
713 575 861 626 lucis.
885 574 1006 627 Sint
1027 575 1081 626 in
1110 575 1206 627 hac
1233 591 1328 628 sua
1356 578 1681 645 generatione
1707 580 1916 647 sapien-

332 673 431 728 tes,
452 664 573 716 dum
596 665 654 717 in
682 664 775 716 illa
796 663 1180 731 regeneratione
1200 672 1377 716 nostra
1397 665 1718 719 inveniantur
1736 682 1919 720 excor-

330 754 443 806 des.
474 752 596 807 Sint
625 768 760 805 nunc
787 751 922 805 beati
967 753 1044 806 vel
1085 754 1252 823 magis
1297 757 1565 825 fortunati,
1614 773 1705 826 per
1743 757 1917 811 omnia

329 859 599 911 prospera,
619 841 913 895 blandiente
931 841 1119 906 seculo,
1137 844 1429 911 deﬂuentes,
1446 846 1681 899 mollibus
1700 849 1918 900 vestian-

286 923 301 935 ’
330 943 438 996 tur,
458 934 511 985 in
541 930 777 985 domibus
806 948 978 1002 regum
1000 933 1122 997 sint,
1146 933 1267 985 dum
1288 934 1341 985 in
1362 934 1617 988 laboribus
1645 936 1908 989 hominum

329 1039 437 1075 non
458 1024 562 1075 sint
581 1030 631 1074 et
650 1036 763 1074 cum
784 1020 1073 1074 hominibus
1100 1038 1207 1075 non
1221 1023 1564 1093 flagellentur.
1592 1024 1711 1078 Sint
1730 1025 1907 1080 divites

330 1112 526 1173 seculo,
557 1112 674 1181 quia
702 1119 822 1163 sunt
848 1118 1050 1180 egentes
1080 1109 1266 1165 Dei....
1301 1121 1325 1148 ⁸
1353 1111 1591 1180 Utinam,
1621 1115 1690 1167 mi
1720 1117 1904 1185 frater,

334 1201 487 1271 digni
515 1200 791 1253 habeamur
821 1203 906 1270 qui
945 1202 1332 1267 maledicamur,
1359 1212 1408 1255 et
1436 1212 1684 1269 notemur,
1714 1214 1763 1257 et
1788 1221 1913 1258 con-

332 1288 581 1355 teramur,
627 1300 776 1359 atque
818 1293 973 1344 etiam
1020 1291 1393 1360 interﬁciamur
1439 1293 1494 1346 in
1540 1295 1744 1347 nomine
1788 1294 1912 1347 Jesu

330 1381 544 1446 Christi,
567 1383 689 1436 dum
717 1400 819 1436 non
843 1384 950 1451 ipse
970 1383 1243 1437 occidatur
1254 1381 1484 1437 Christus
1506 1386 1560 1438 in
1583 1384 1750 1439 nobis.
1784 1384 1911 1439 Tum

328 1472 534 1523 demum
562 1488 714 1539 super
739 1471 969 1541 aspidem
1014 1481 1064 1525 et
1090 1471 1389 1526 basiliscum
1434 1474 1828 1536 ambularemus,
1860 1485 1911 1528 et

326 1562 743 1616 conculcaremus
770 1572 924 1632 caput
967 1562 1209 1617 draconis
1246 1565 1443 1634 antiqui
1474 1563 1641 1634 (Psal.
1674 1581 1760 1629 xc,
1793 1564 1904 1635 15).

326 1653 439 1706 Sed
467 1652 632 1705 adhuc
660 1651 848 1718 antica,
878 1652 1012 1723 quod
1055 1653 1201 1722 pejus
1228 1662 1323 1715 est,
1366 1653 1535 1707 seculo
1560 1654 1823 1718 solvimur,
1855 1663 1906 1709 et

2018 501 2069 544 et
2108 495 2401 561 operatione
2436 494 2685 562 justitiaz,
2727 498 2907 551 talium
2949 500 3026 553 vel
3067 503 3187 557 odia
3240 507 3320 559 vel
3365 510 3586 565 convitia

2015 582 2245 649 vivendo,
2268 583 2447 637 melius
2473 602 2627 654 quam
2649 587 2920 659 loquendo,
2954 592 3237 662 arguimus.

2016 779 2302 858 Paulinum
2339 791 2598 858 tamquam
2626 788 2800 843 leviter
2822 792 3147 848 immutatum
3180 796 3384 853 incusat
3408 802 3581 858 Auso-

2086 853 2233 914 nius,
2258 863 2312 926 et
2348 853 2636 923 expostulat
2664 873 2779 911 cum
2803 875 2860 913 eo
2887 860 2951 914 de
2977 863 3352 922 intermissione
3387 853 3584 926 littera-

2084 936 2219 972 rum.
2234 923 2470 976 Amorem
2488 933 2536 976 et
2550 928 2882 982 reverentiam
2902 931 2949 983 ei
2970 942 3284 988 contestatur
3302 923 3580 995 Paulinus.

2087 1007 2143 1079 1.
2170 1009 2301 1064 Cum
2330 1012 2382 1065 in
2407 1014 2694 1070 solitudine
2721 1016 2939 1086 degeret
2958 1018 3230 1092 Paulinus,
3255 1028 3421 1082 seculi
3448 1032 3583 1084 ami-

2014 1111 2200 1152 corum
2228 1102 2739 1159 contradictionibus
2776 1107 2953 1164 minus
2988 1111 3235 1179 patebat;
3266 1123 3500 1172 attamen
3528 1118 3583 1173 in

2014 1200 2137 1242 eum
2176 1191 2412 1245 carmine
2454 1194 2663 1263 scriptis
2691 1197 2930 1266 epistolis
2969 1200 3254 1258 oblatravit
3296 1206 3580 1275 Ausonius,

2011 1290 2171 1345 quem
2194 1286 2251 1332 ut
2278 1288 2483 1363 patrem
2509 1281 2761 1341 Paulinus
2787 1289 3176 1345 venerabatur:
3199 1295 3288 1362 qui
3319 1294 3583 1355 Ausonius

2013 1376 2037 1413 ι
2061 1368 2184 1422 licet
2201 1367 2550 1437 Christianus,
2569 1381 2685 1427 erat
2704 1377 2931 1432 carnalis
2952 1379 3125 1435 adhuc
3140 1382 3321 1450 homo,
3341 1388 3582 1445 nesciens

2009 1473 2129 1527 qua:
2155 1470 2279 1515 sunt
2306 1463 2539 1532 spiritus.
2570 1464 2782 1523 Crebris
2810 1478 2965 1526 antea
2997 1471 3023 1509 ³³
3052 1473 3242 1531 litteris
3269 1493 3327 1533 se
3355 1480 3580 1538 invicem

2009 1552 2310 1608 salutabant
2334 1553 2599 1612 Ausonius
2627 1566 2679 1613 et
2708 1557 2986 1628 Paulinus;
3016 1572 3071 1618 at
3092 1576 3214 1636 post
3243 1567 3580 1640 Hispanicum

2009 1656 2277 1696 secessum
2322 1643 2453 1697 nihil
2494 1646 2734 1702 scribens
2779 1647 3032 1707 Paulinus
3077 1664 3278 1723 noster,
3322 1668 3417 1713 aut
3459 1677 3579 1716 cum

326 1746 384 1797 in
414 1744 619 1797 Christo
648 1744 970 1805 deliciamur,
988 1738 1202 1798 laudari
1218 1753 1413 1797 tantum
1431 1745 1485 1797 in
1512 1745 1719 1798 nomine
1744 1745 1906 1814 ipsius
1936 1751 1983 1813 Β
2009 1732 2199 1786 “Hem
2226 1750 2330 1789 ηοη
2353 1735 2717 1803 redderentur:
2741 1738 2918 1809 “iam
2950 1738 2966 1779 ί
3001 1742 3139 1798 fama
3162 1746 3581 1807 increbresceret

324 1846 593 1899 montes;
624 1835 924 1889 contristari
942 1844 991 1888 et
1012 1834 1269 1901 tribulari,
1293 1836 1428 1905 quod
1445 1846 1520 1889 est
1542 1835 1737 1899 utilius,
1762 1852 1909 1889 recu-

322 1933 521 1978 santes.
546 1924 807 1979 Memento
825 1942 878 1995 gr
891 1929 1046 1977 anuni
1066 1926 1283 1995 sinapis,
1302 1925 1367 1978 de
1386 1942 1484 1997 quo
1507 1927 1697 1980 sentiae
1714 1942 1909 2001 sumus,

323 2016 369 2069 si
400 2025 718 2081 conteratur,
764 2006 974 2068 accendi
1020 2016 1216 2085 magis,
1264 2024 1315 2068 et
1348 2023 1456 2068 tum
1504 2015 1705 2069 demum
1730 2018 1783 2069 in
1810 2020 1909 2071 vim

322 2120 471 2156 suam
530 2106 773 2157 excitari.
825 2102 1160 2166 Quamobrem
1218 2105 1455 2159 debemus
1501 2107 1648 2177 quasi
1702 2116 1905 2162 natura:

323 2204 514 2247 nostra
532 2195 587 2246 in
609 2194 706 2247 hoc
722 2195 1041 2263 respondere,
1058 2203 1113 2247 ut
1127 2195 1354 2249 adversis
1373 2194 1685 2249 sermonibus
1705 2198 1910 2251 contriti

322 2284 711 2335 inardescamus
737 2283 806 2334 ad
819 2278 1004 2346 ﬁdem;
1025 2292 1074 2336 et
1094 2300 1180 2336 eos
1201 2285 1340 2353 ipsos
1360 2285 1445 2355 qui
1467 2300 1558 2337 nos
1584 2290 1639 2336 ut
1666 2286 1908 2338 minimos

320 2372 607 2437 hominum,
628 2371 819 2424 scilicet
838 2373 984 2441 quasi
1007 2389 1228 2443 granum
1250 2376 1469 2443 sinapis,
1492 2374 1626 2445 quod
1645 2376 1909 2428 minimum

320 2472 400 2515 est
419 2464 692 2529 seminum,
716 2465 959 2534 frangere
983 2474 1257 2528 conantur,
1285 2481 1518 2519 uramus.
1545 2466 1604 2521 Si
1633 2482 1746 2519 vero
1767 2467 1804 2519 ii
1823 2467 1907 2536 qui

319 2553 513 2621 deforis
542 2562 664 2607 sunt
701 2554 955 2607 rationem
993 2570 1026 2606 a
1057 2564 1103 2607 te
1129 2555 1298 2608 sancti
1338 2556 1507 2625 operis
1548 2557 1828 2626 inquirunt,
1858 2564 1907 2609 et

320 2651 598 2695 venenatas
619 2643 679 2695 de
698 2648 852 2696 corde
872 2644 1096 2713 viperino
1118 2643 1323 2714 linguas
1342 2646 1395 2698 in
1418 2661 1508 2699 cor
1529 2654 1667 2698 tuum
1683 2646 1906 2711 vibrant;

319 2732 427 2784 noli
453 2731 581 2785 dare
606 2741 843 2785 sanctum
887 2733 1097 2787 canibus
1115 2772 1131 2796 ,
1179 2742 1231 2788 et
1277 2735 1589 2805 margaritas
1636 2743 1751 2788 tuas
1801 2751 1905 2790 non

319 2822 564 2891 projicias
592 2831 713 2875 ante
737 2838 917 2891 porcos
939 2822 1151 2893 (Matth.
1190 2840 1281 2888 vn,
1305 2824 1382 2896 6).
1412 2824 1478 2878 Et
1506 2825 1559 2879 in
1588 2825 1756 2880 altera
1781 2824 1809 2864 δ
1838 2825 1905 2881 ad

320 2913 567 2967 eumdem
598 2913 853 2968 Severum
881 2914 1110 2983 epistola
1155 2931 1169 2968 :
1210 2915 1435 2969 Mundus
1463 2932 1556 2970 nos
1585 2933 1688 2971 non
1737 2925 1902 2985 amat,

318 3002 408 3055 sed
434 3011 577 3055 amat
624 3002 1065 3057 Christus:homo
1106 3004 1338 3075 negligit,
1388 3005 1478 3059 sed
1523 3004 1663 3059 Deus
1710 3004 1898 3076 diligit.

2011 1835 2134 1875 eum
2163 1823 2411 1879 abdicare
2454 1827 2695 1881 seculum
2740 1837 2796 1884 et
2837 1830 3157 1899 patrimonia
3186 1835 3417 1894 vendere
3444 1855 3578 1895 con-

2008 1916 2215 1965 stanter
2237 1913 2506 1979 statuisse,
2535 1921 2592 1968 et
2618 1914 2751 1970 falso
2771 1931 2840 1971 ex
2859 1933 3071 1974 rumore
3099 1921 3407 1979 crederetur
3434 1925 3451 1977 ἰ
3488 1942 3579 1981 va-

2008 2011 2119 2055 stas
2164 2003 2419 2071 quasdam
2473 2005 2772 2062 inhabitare
2819 2008 3131 2065 solitudines
3183 2012 3252 2067 ab
3302 2014 3577 2072 hominum

2007 2092 2268 2146 societate
2295 2093 2697 2160 remotissimas,
2719 2095 2785 2149 ad
2804 2110 2926 2151 eum
2945 2098 3198 2165 grandem
3226 2099 3350 2157 fecit
3376 2103 3576 2172 episto-

2008 2180 2113 2235 lam
2144 2179 2189 2248 ι,
2222 2182 2274 2237 in
2302 2196 2407 2251 qua
2434 2198 2584 2238 suam
2605 2186 2845 2254 queritur
2870 2185 3177 2243 labefactari
3204 2191 3487 2248 amicitiam
3514 2210 3577 2251 ac

2007 2272 2246 2338 dissolvi,
2277 2281 2332 2327 et
2359 2289 2481 2328 eum
2507 2274 2636 2329 dicit
2662 2276 2901 2346 impium.
2934 2276 3069 2332 Tum
3097 2278 3243 2333 illum
3277 2281 3575 2339 obtestatur

2006 2374 2168 2434 atque
2195 2367 2441 2422 obsecrat
2464 2375 2520 2422 ut
2554 2367 2694 2423 illius
2719 2368 2956 2425 criminis
2982 2385 3087 2425 non
3118 2369 3210 2425 liat
3235 2363 3499 2441 conscius,
3521 2386 3577 2432 et

2005 2456 2246 2523 queritur
2271 2456 2415 2524 quod
2444 2455 2496 2510 in
2520 2456 2774 2527 Hispania
2794 2466 2902 2513 tam
2930 2467 3167 2516 remotus
3188 2471 3389 2529 ageret.
3412 2463 3575 2530 Quie-

2006 2554 2116 2597 tem
2140 2550 2195 2598 et
2221 2544 2439 2600 delicias
2466 2545 2605 2600 villae
2649 2561 2757 2601 sua:
2782 2547 2922 2615 apud
2948 2548 3210 2605 Santones
3237 2551 3489 2609 describit
3517 2555 3573 2610 in

2004 2631 2234 2697 Novero,
2262 2634 2354 2702 qui
2381 2631 2394 2671 ¹
2429 2629 2741 2690 Novalarius
2768 2650 2936 2706 pagus
2954 2652 3072 2693 esse
3097 2639 3349 2707 creditur,
3373 2640 3575 2700 Gallice

2003 2724 2077 2777 les
2105 2720 2373 2790 Nouliers,
2396 2740 2565 2797 prope
2590 2724 2647 2781 S.
2674 2725 2969 2783 Johannem
2991 2728 3058 2784 de
3084 2728 3399 2798 Angeriaco.
3430 2734 3575 2791 Inter

2002 2815 2223 2886 hujusce
2242 2818 2381 2873 villae
2401 2818 2681 2874 cemmoda
2705 2820 2945 2876 ecclesiae
2966 2821 3289 2879 vicinitatem
3309 2828 3571 2896 enuntiat,

2001 2905 2099 2961 sed
2128 2907 2210 2963 bis
2235 2907 2481 2963 omnibus
2508 2909 2740 2963 amicam
2782 2925 2936 2965 suum
2964 2910 3212 2979 praeferre
3250 2928 3311 2969 se
3352 2918 3567 2983 asserit,

2000 3009 2161 3065 quem
2181 2996 2318 3051 votis
2338 2997 2690 3066 precibusque
2711 3006 2883 3053 vocat.
2908 2998 3094 3055 lstbtec
3112 3001 3338 3070 epistola
3353 3013 3390 3040 ἰι
3410 3018 3571 3073 quar-

321 3090 531 3146 Inimici
583 3093 807 3147 hominis
868 3094 1132 3149 domestici
1172 3097 1283 3166 ejus
1307 3136 1323 3161 ,
1379 3097 1471 3150 sed
1518 3113 1695 3152 rursus
1745 3099 1898 3152 amici
1924 3101 1969 3164 C
2000 3092 2113 3140 ῑυηι
2136 3084 2249 3154 iam
2277 3101 2473 3140 annum
2502 3085 2556 3140 ίη
2584 3099 2796 3142 5m“
2822 3085 3110 3157 Hispanico
3133 3090 3309 3158 θεειιιὶ
3347 3090 3570 3151 Paulino

321 3182 545 3235 hominis
602 3184 867 3237 domestici
918 3184 1038 3239 Dei.
1095 3185 1248 3252 Quod
1291 3186 1381 3242 hic
1425 3186 1626 3242 Severo
1675 3187 1896 3255 scribit,

320 3270 547 3339 idipsum
576 3272 773 3341 repetit
792 3274 1029 3330 scribens
1050 3276 1114 3330 ad
1136 3277 1359 3345 Aprum,
1383 3277 1473 3347 qui
1497 3278 1551 3331 in
1570 3277 1755 3333 eadem
1778 3293 1901 3348 per-

324 3361 604 3415 secutione
632 3362 837 3431 positus
863 3365 1042 3418 omnia
1073 3364 1281 3420 lortiter
1309 3366 1591 3421 tolerabat.
1617 3366 1739 3421 Jam
1766 3368 1899 3421 hanc

320 3452 558 3520 gratiam,
591 3451 765 3519 inquit
797 3462 820 3490 ο
846 3492 860 3516 ,
906 3455 1116 3507 mereris
1162 3470 1195 3507 a
1241 3454 1465 3510 Domino
1508 3465 1565 3510 ut
1610 3468 1658 3512 te
1697 3459 1900 3515 oderint

317 3558 493 3597 omnes
514 3558 533 3595 :
556 3544 693 3611 quod
712 3559 814 3597 non
843 3545 989 3613 ﬁeret
1018 3545 1118 3597 nisi
1147 3561 1291 3599 verus
1317 3546 1549 3601 imitator
1576 3546 1766 3602 Christi
1790 3565 1900 3604 esse

318 3635 555 3702 cepisses
579 3650 598 3686 :
628 3650 732 3686 non
759 3636 895 3687 enim
926 3634 1113 3688 odisset
1134 3636 1217 3688 hic
1252 3634 1470 3689 mundus
1497 3636 1598 3690 nisi
1630 3638 1765 3708 quod
1784 3637 1899 3708 jam

318 3740 351 3776 α
372 3740 427 3776 se
442 3725 668 3779 alienum
685 3734 735 3777 et
756 3725 852 3779 sibi
873 3726 1060 3780 videret
1086 3727 1368 3781 adversum.
1399 3727 1577 3782 Gaude
1598 3739 1648 3783 et
1665 3730 1896 3784 exsulta:

321 3815 426 3881 iam
445 3816 499 3867 in
520 3816 826 3869 rudimentis
853 3818 951 3869 tuis
971 3816 1127 3869 virtus
1145 3818 1474 3887 perfectionis
1493 3828 1751 3886 operatur.
1771 3819 1901 3873 Per-

319 3905 550 3971 spicuum
578 3913 655 3956 est
681 3920 836 3974 quam
880 3906 1083 3974 fortiter
1132 3906 1412 3959 credideris
1458 3908 1515 3959 in
1544 3905 1769 3972 Christo,
1817 3908 1900 3961 cui

322 3994 431 4059 iam
456 3993 707 4046 donatum
744 4004 818 4047 est
856 4012 950 4064 pro
992 3995 1193 4049 Christo
1219 3996 1422 4064 pati....
1456 3996 1500 4049 0
1529 3997 1678 4051 beata
1704 3998 1901 4069 injuria

319 4086 592 4155 displicere
619 4078 736 4139 cum
763 4086 871 4157 24
894 4085 1142 4141 Christo!
1169 4086 1315 4141 nobis
1343 4089 1507 4159 magis
1537 4088 1787 4143 timendus
1824 4098 1901 4143 est

319 4193 467 4229 arnor
510 4176 692 4230 talium
739 4176 920 4245 quibus
959 4178 1073 4231 sine
1114 4175 1316 4232 Christo
1358 4178 1678 4247 placetur....
1707 4177 1733 4217 ἀ
1770 4178 1901 4234 Vide

318 4265 386 4316 ab
415 4265 563 4319 initio
591 4268 727 4319 unde
754 4265 1086 4318 ceciderimus
1105 4304 1121 4330 ,
1167 4275 1217 4319 et
1243 4267 1494 4337 intelliges
1535 4268 1670 4337 quod
1715 4267 1900 4322 divina:

319 4357 589 4424 sapientite
635 4357 936 4425 pietatisque
979 4356 1196 4410 consilio
1241 4357 1580 4426 reformemur
1606 4358 1675 4410 ad
1703 4358 1857 4411 vitam
1878 4372 1896 4409 :

1998 3172 2205 3228 reddita
2229 3172 2327 3228 fuit
2363 3190 2376 3227 :
2409 3174 2588 3244 itaque
2614 3190 2734 3230 cum
2763 3175 2893 3230 nihil
2932 3176 3251 3234 rescriberet
3292 3179 3567 3249 Paulinus,

1999 3264 2156 3318 aliam
2187 3265 2316 3320 item
2335 3264 2401 3320 ad
2428 3280 2549 3321 eum
2578 3266 2722 3320 misit
2741 3265 3021 3336 epistolam
3042 3276 3069 3304 ιι
3097 3268 3366 3327 Ausonius
3393 3272 3447 3327 in
3467 3288 3571 3344 qua

1998 3352 2066 3408 de
2112 3353 2253 3409 illius
2278 3355 2494 3411 silentio
2508 3363 2861 3425 conquestus,
2878 3358 3068 3412 iterum
3096 3358 3321 3429 proditae
3364 3363 3571 3419 crimen

1998 3444 2245 3500 amicitia:
2266 3445 2516 3515 objectat,
2541 3449 2824 3516 variosque
2843 3450 3078 3504 ostendit
3096 3451 3363 3507 scribendi
3383 3455 3573 3511 modos

1998 3536 2191 3606 quibus
2217 3537 2295 3592 uti
2323 3545 2507 3608 posset
2532 3538 2577 3593 si
2605 3538 2757 3608 prodi
2791 3540 3028 3605 timeret;
3058 3547 3114 3594 at
3141 3549 3294 3609 rogat
3320 3552 3380 3596 ut
3406 3543 3572 3613 ipsius

2000 3636 2026 3666 ο
2052 3628 2313 3702 Tanaquil
2349 3630 2478 3686 illud
2517 3631 2741 3696 nesciat,
2785 3632 2864 3687 sic
2908 3631 3053 3686 enim
3094 3630 3299 3687 Paulini
3348 3649 3571 3689 uxorem

1999 3725 2142 3779 malo
2178 3726 2395 3780 nomine
2421 3726 2666 3781 vocabat.
2706 3724 2894 3780 Nescio
2924 3740 2991 3779 an
3030 3725 3097 3779 ad
3133 3725 3444 3781 Therasiam
3484 3743 3572 3782 re-

1997 3814 2232 3884 spexerit
2244 3812 2529 3876 Ausonius,
2544 3827 2611 3867 an
2631 3813 2699 3868 ad
2707 3812 2926 3879 Eugenii
2945 3813 3126 3868 turbas
3138 3812 3228 3881 qui
3239 3811 3569 3882 Hispaniam,

1999 3912 2058 3959 ut
2083 3903 2367 3966 credimus,
2416 3902 2651 3959 nondum
2698 3901 3104 3971 subjugaverat,
3135 3918 3257 3958 cum
3287 3902 3568 3960 Paulinum

2000 4002 2241 4049 metuere
2286 3991 2421 4048 dixit
2462 4006 2532 4049 ne
2587 3992 3032 4063 interciperentur
3075 3994 3284 4049 litterae.
3335 3992 3572 4050 Tertiam

2000 4093 2027 4133 ρ
2055 4084 2183 4138 item
2211 4082 2426 4153 scripsit
2450 4081 2732 4153 epistolam
2758 4096 2878 4151 qua:
2915 4082 3184 4137 intercidit
3210 4099 3224 4136 :
3267 4082 3321 4138 in
3348 4083 3481 4147 hac,
3512 4094 3575 4139 ut

1998 4183 2150 4246 puto,
2178 4173 2610 4243 conquerebatur
2635 4172 2902 4228 Ausonius
2928 4171 3072 4240 quod
3113 4171 3225 4240 jam
3265 4172 3498 4227 triennio
3539 4188 3572 4228 ι

1997 4264 2170 4335 patria
2200 4264 2411 4318 abesset
2438 4261 2712 4326 Paulinus,
2742 4269 2798 4317 et
2819 4261 2886 4315 ad
2922 4274 3102 4316 musas
3127 4259 3354 4316 reditum
3378 4275 3571 4332 preca-

1999 4354 2174 4409 batur.
2203 4351 2455 4419 Quartam
2486 4352 2591 4423 a5
2620 4361 2647 4401 ιι
2675 4352 2892 4420 insuper
2929 4350 3157 4415 addidit,
3182 4352 3235 4405 in
3263 4366 3367 4419 qua
3400 4353 3576 4421 pergit

320 4446 373 4497 in
404 4445 569 4497 Adam
595 4446 781 4514 quippe
808 4445 1048 4512 superbia
1073 4446 1293 4513 ruimus,
1338 4454 1488 4517 atque
1514 4447 1629 4500 ideo
1658 4447 1899 4501 huniitia-
1930 4458 1978 4519 ι)
2000 4443 2153 4514 queri
2181 4441 2249 4497 de
2268 4440 2407 4497 fastu
2432 4456 2539 4510 quo
2559 4438 2811 4494 Paulinus
2836 4440 3132 4494 rescribere
3159 4439 3568 4507 dedignaretur:

319 4554 435 4589 mur
460 4537 513 4588 in
539 4536 764 4600 Christo,
792 4544 847 4586 ut
886 4544 1145 4604 peccatum
1167 4537 1370 4590 sceleris
1405 4538 1602 4607 antiqui
1630 4538 1902 4591 contrarie

320 4626 520 4678 virtutis
549 4625 788 4693 obsequio
816 4624 1103 4689 diluamus;
1133 4633 1181 4678 et
1209 4627 1294 4694 qui
1321 4624 1903 4695 superbiendum/{endi-

320 4731 433 4767 mus
459 4756 475 4779 ,
525 4714 790 4768 serviendo
837 4715 1118 4784 placemus.
1149 4725 1198 4752 -θ
1255 4714 1586 4769 Exsullemus
1634 4718 1805 4787 itaque
1853 4725 1904 4770 et

321 4805 603 4873 glariemur
647 4805 702 4856 in
748 4805 881 4873 ipso,
933 4806 1019 4875 qui
1073 4822 1168 4859 nos
1206 4815 1256 4859 et
1282 4823 1506 4876 pugnam
1548 4816 1596 4859 et
1641 4808 1904 4861 victoriam

322 4908 475 4944 suam
524 4893 732 4961 fecit....
784 4891 899 4946 Nos
951 4893 1109 4963 igitur
1164 4903 1421 4948 taceamus
1475 4896 1589 4949 istis
1646 4895 1906 4967 loquentes

322 4981 397 5033 ad
422 4979 699 5033 Dominum
720 4980 926 5035 silentio
952 4983 1277 5047 humilitatis,
1306 4994 1357 5039 et
1384 5002 1502 5039 voce
1528 4986 1829 5056 patientiae:
1858 4994 1908 5039 et

326 5082 465 5120 nunc
484 5070 593 5138 ipse
605 5071 691 5124 aui
718 5072 937 5125 invictus
964 5081 1040 5125 est
1066 5073 1313 5143 pugnabit
1349 5091 1442 5144 pro
1471 5073 1636 5139 nobis,
1660 5083 1709 5128 et
1748 5074 1912 5129 vincet

324 5159 381 5211 in
410 5157 647 5215 nobis....
678 5156 699 5197 ¹
726 5158 1150 5232 lnconfusibilem
1175 5173 1515 5233 operatorem,
1538 5166 1667 5219 sicut
1696 5164 1911 5218 hilarem

388 5414 413 5442 ι
445 5402 765 5477 Paulinep.
786 5403 839 5477 l_,
858 5420 914 5477 nm.
940 5405 991 5460 8.
1067 5404 1095 5445 δ
1123 5406 1220 5477 Ep.
1240 5407 1329 5477 ll,
1351 5424 1406 5461 η.
1435 5406 1487 5462 4.

326 5489 413 5547 an.
444 5470 568 5540 59b,
596 5473 625 5543 ᾗ
819 5471 848 5510 h
875 5474 1077 5547 _Au_son_.
1110 5470 1197 5547 ep.
1227 5476 1316 5531 24.

330 5543 529 5615 Aeson.
564 5541 619 5611 ρΣ
647 5541 797 5615 ηξξὸ.
875 5541 1159 5615 "Paulini
1178 5561 1346 5615 carm.
1379 5546 1468 5615 10,
1498 5563 1547 5602 v.
1580 5547 1628 5600 l.

330 5620 383 5667 et
401 5611 525 5668 Not.
554 5610 609 5682 p.
644 5610 767 5664 568.
845 5622 873 5663 tt
904 5614 1105 5668 Auson.
1134 5631 1219 5686 ep.
1250 5614 1336 5668 25.

606 5699 879 5764 Ρηίοι.
929 5705 1091 5765 LXI.

1566 5418 1586 5446 ε
1615 5406 1713 5477 Ep.
1741 5405 1873 5477 8,3.
1897 5404 1975 5477 2.7
2025 5401 2223 5469 dlbid.,
2244 5420 2298 5458 n.
2318 5402 2371 5457 5.

1399 5469 1882 5551 i‘Auson.'ep._25.
1964 5476 1978 5525 i
2019 5476 2220 5551 Auson.
2252 5470 2460 5551 epzjfi.
2538 5470 2563 5508 ¹ι
2592 5471 2794 5551 l_\pson.
2815 5484 2915 5551 ει).
3110 5470 3127 5509 ι
3163 5469 3480 5551 νίηειλςιοι.
3511 5469 3580 5551 ad

1705 5541 1732 5583 ῐι
1762 5545 1963 5603 Auson.
1992 5558 2083 5615 ep.
2107 5541 2195 5598 24.

2001 4541 2115 4588 tum
2140 4531 2355 4586 demum
2381 4529 2650 4599 subiungit
2676 4528 2942 4598 Hispania:
2968 4542 3152 4597 pagos,
3195 4528 3442 4597 ninguida
3471 4529 3575 4601 Py—

2002 4621 2163 4676 renaei
2192 4620 2311 4676 loca
2336 4625 2395 4675 et
2412 4620 2707 4675 Vasconum
2732 4617 2899 4674 saltus
2938 4632 3117 4671 mores
3146 4616 3351 4671 Paulini
3377 4618 3578 4674 dulcis-

2004 4712 2168 4766 simos
2191 4709 2449 4764 vertisse:
2479 4721 2707 4776 eumque
2734 4706 2928 4761 mentis
2954 4706 3189 4775 inopem,
3217 4715 3386 4762 cattus
3404 4707 3577 4763 homi-

2006 4816 2133 4854 num
2159 4800 2437 4861 vitantem,
2462 4804 2517 4851 et
2544 4804 2673 4850 atra:
2699 4795 2821 4850 bilis
2848 4796 3037 4850 morbo
3067 4795 3399 4851 laborantem
3425 4796 3576 4862 dicit,

2008 4905 2072 4944 ac
2094 4888 2306 4943 tandem
2335 4886 2512 4943 Musas
2555 4894 2805 4956 precatur
2850 4892 2909 4941 ut
2956 4884 3235 4940 Paulinum
3280 4886 3348 4942 ad
3387 4890 3577 4958 poesin

2008 4985 2279 5034 revocent.

2538 5078 2673 5118 uno
2698 5078 2901 5118 CHRISTI
2932 5061 3050 5116 593.

2083 5159 2136 5213 2.
2176 5156 2485 5227 lgnoramus
2523 5168 2592 5207 an
2637 5152 2770 5208 alias
2814 5152 2882 5207 ad
2920 5151 2979 5207 S.
3020 5149 3299 5207 Paulinum
3324 5152 3579 5222 epistolas

2449 5400 2644 5467 elbid.,
2664 5416 2719 5455 n.
2746 5399 2799 5454 4.
2881 5398 2902 5439 ί
2926 5399 3083 5468 lbid.,
3109 5416 3163 5456 n.
3188 5400 3241 5455 5.
3319 5410 3345 5448 s
3376 5401 3569 5453 Baron.

2274 5537 2303 5579 δ
2324 5539 2479 5608 lbid.,
2508 5555 2562 5595 v.
2595 5540 2685 5595 51.
2760 5550 2787 5591 P
2815 5537 2937 5595 Vid.
2966 5538 3168 5596 Auson.
3200 5554 3288 5608 ep.
3318 5537 3489 5613 25,:v.
3526 5539 3577 5605 i,
