4020 6186
463 299 535 358 ιε
1472 294 1527 351 8.
1570 293 1909 351 PAULINUS
1948 294 2267 351 NOLANUS
2305 294 2692 352 EPISCOPUS.
3645 285 3712 338 Η

461 426 731 497 scripserit
778 424 1081 489 Ausonius,
1122 430 1180 479 ut
1226 438 1254 477 a
1300 422 1586 478 strictioris
1631 424 1755 477 vita:
1782 423 2029 478 instituto

2142 404 2441 461 l‘herasiam
2470 422 2589 461 esse
2616 406 2962 472 'l‘anaquilam
2985 446 2999 469 ,
3050 412 3109 459 ut
3151 406 3568 475 exprobraverat
3590 405 3709 464 Au-

458 532 583 573 eum
612 522 891 572 revocaret
915 533 927 565 :
960 522 1015 569 at
1041 528 1160 582 qua:
1197 513 1421 569 diversis
1459 515 1613 567 annis
1640 513 1875 567 carmina
1894 553 1909 579 ,
1937 529 2035 568 seu

459 609 640 677 potius
682 606 1077 660 incantamenta
1104 638 1139 669 ,-
1163 601 1377 656 fuerunt
1421 602 1583 656 missa
1606 642 1621 666 ,
1649 601 1782 656 fecit
1809 601 1951 656 Deus
1978 610 2038 656 ut

462 709 585 750 sero
626 692 912 747 admodum
957 690 1336 757 redderentur,
1370 698 1398 729 ι
1423 698 1617 759 quarto
1655 690 1861 744 scilicet
1897 704 2038 744 anno

463 796 530 837 ex
558 796 665 850 quo
692 778 824 833 nihil
852 778 919 831 ab
943 792 1010 832 eo
1031 778 1331 832 litterarum
1361 786 1648 848 acceperat
1678 776 1949 842 Paulinus,
1981 786 2041 831 ut

462 883 593 924 sane
622 866 845 921 validior
884 865 1054 920 factus
1082 865 1341 919 latitantis
1387 865 1584 920 diaboli
1612 865 1817 921 insidiis
1841 873 1897 919 et
1926 873 2040 920 ten-

464 956 759 1011 tationibus
805 953 1110 1009 obsisteret.
1178 953 1417 1008 Tandem
1461 953 1489 992 b
1518 954 1874 1023 quadriennio
1919 963 2042 1022 post

465 1056 577 1102 tres
604 1045 763 1101 simul
807 1044 1009 1112 recepit
1053 1043 1341 1112 epistolas,
1393 1058 1509 1099 eam
1539 1058 1734 1112 nempe
1764 1042 2043 1112 cujus'ini-

464 1135 599 1189 tium
644 1140 746 1199 est,
780 1142 801 1171 ε
832 1131 1083 1186 Proxima
1128 1147 1241 1203 qua:
1285 1140 1506 1197 nostra,
1550 1139 1609 1185 ut
1650 1131 1786 1185 infra
1815 1131 2039 1201 patebit,

465 1238 585 1280 eam
632 1236 845 1291 quoque
885 1234 1004 1290 quae
1049 1219 1128 1274 sic
1176 1220 1475 1284 inchoatur,
1507 1216 1533 1256 δ
1567 1217 1765 1283 Quarta
1795 1218 1887 1272 tibi
1912 1220 2039 1284 hinc,

467 1328 592 1369 cum
638 1311 807 1365 altera
854 1323 972 1379 quae
1019 1308 1308 1364 intercidit.
1374 1307 1532 1363 Hisce
1591 1308 1760 1363 tribus
1805 1308 2045 1377 epistolis

467 1401 647 1457 etiam
672 1399 897 1455 metrica
942 1397 1170 1467 epistola
1194 1406 1217 1433 ε
1244 1395 1519 1465 respondit
1562 1393 1814 1449 Paulinus
1837 1434 1853 1460 ,
1894 1394 2045 1463 cujus

468 1491 677 1545 initium
721 1487 891 1556 elegia
916 1528 931 1555 ,
981 1494 1064 1541 est
1110 1485 1272 1539 veluti
1317 1485 1559 1554 quaedam
1592 1483 1853 1555 praefatio,
1884 1498 2044 1552 quam

465 1588 763 1649 sequuntur
788 1594 977 1632 versus
1004 1577 1215 1632 iambici
1245 1577 1474 1631 trimetri
1501 1585 1556 1631 et
1580 1578 1822 1645 dimetri,
1852 1578 1907 1632 in
1931 1579 2047 1646 qui.

464 1672 567 1726 bus
611 1671 663 1725 ei
710 1668 890 1723 reddit
932 1669 1168 1723 rationes
1211 1684 1307 1724 cur
1352 1668 1516 1723 musis
1557 1669 1963 1733 renuntiaverit,
1993 1676 2049 1723 et

465 1764 607 1818 bona
652 1758 927 1815 abdicarit.
977 1757 1112 1812 Tum
1158 1758 1393 1812 ostendit
1435 1772 1594 1827 quam
1634 1759 1805 1826 gratia
1841 1757 2040 1813 Christi
2075 1751 2118 1811 Β

466 1861 642 1908 totum
669 1851 956 1905 immutans
984 1850 1257 1903 hominem
1292 1849 1461 1919 ipsum
1486 1848 1585 1902 sibi
1612 1849 1823 1918 penitus
1852 1849 2040 1902 vendi-

466 1951 661 1999 casset.
694 1942 912 1996 Fatetur
953 1955 1013 1995 se
1042 1940 1278 1995 Ausonio
1315 1940 1493 1995 omnia
1521 1939 1749 2004 debere,
1780 1947 1834 1993 et
1862 1949 2042 2009 prote-

465 2042 636 2089 statur
662 2047 721 2087 se
747 2046 961 2101 semper
987 2046 1108 2086 eum
1137 2031 1397 2097 coluisse,
1429 2030 1606 2084 colere
1624 2069 1639 2094 ,
1670 2030 2042 2098 culturumque

466 2125 628 2179 etiam
673 2124 872 2193 pietate
926 2138 1173 2177 mansura
1219 2129 1339 2192 post
1389 2129 1618 2175 mortem
1656 2137 1667 2169 τ
1720 2120 2044 2190 tandemque

468 2212 602 2267 alias
628 2211 849 2265 Ausonii
869 2211 1116 2278 querelas
1137 2210 1219 2263 his
1241 2207 1480 2264 confutat
1511 2208 1748 2262 versibus
1775 2206 1792 2243 ί
1823 2226 1834 2257 :

597 2318 721 2367 Huic
749 2319 772 2355 8
798 2324 1070 2377 vacantem,
1098 2316 1174 2364 vel
1195 2318 1489 2375 studentem,
1514 2323 1565 2365 et
1584 2315 1824 2377 deditum,

658 2378 711 2427 lii
738 2378 828 2426 hoc
852 2384 1174 2437 reponentem
1191 2380 1367 2435 omnia,

590 2438 664 2487 Ne
682 2450 846 2500 quaeso
860 2450 1084 2498 segnem,
1111 2450 1237 2500 neve
1261 2448 1546 2500 perversum
1573 2442 1769 2500 putes...

652 2497 750 2549 Sed
767 2511 853 2547 cur
870 2497 1085 2546 reinotus
1101 2497 1278 2546 tamdiu
1300 2498 1477 2558 degam
1500 2498 1685 2560 arguis,

652 2560 985 2620 l‘ioquemotu
1009 2561 1232 2607 irasceris
1256 2571 1269 2605 :

588 2617 819 2670 Conducit
836 2618 984 2676 istud,
1008 2626 1092 2668 aut
1109 2630 1316 2669 necesse
1343 2623 1440 2678 est,
1458 2624 1541 2666 aut
1563 2617 1726 2680 placet
1751 2630 1763 2663 :

650 2680 852 2729 \v'eniale
876 2680 1103 2740 quidquid
1126 2681 1297 2728 horum
1322 2684 1434 2728 erit.

590 2740 795 2803 Ignosce
815 2738 1023 2803 amanti,
1036 2741 1075 2787 si
1101 2752 1270 2803 gerant
1292 2741 1418 2803 quod
1439 2738 1642 2802 expedit

649 2800 877 2861 Gratare,
896 2801 940 2848 si
960 2798 1122 2849 vivam
1137 2808 1190 2849 ut
1205 2798 1327 2850 libet
1349 2798 1394 2847 ιι.

1048 2901 1276 2959 CAPUT
1316 2888 1447 2957 xm.

640 2994 856 3048 Ausonii
884 2994 1116 3065 querelas
1147 2996 1351 3063 fortiter
1376 2999 1566 3064 refutat
1588 2994 1841 3050 Paulinus

2138 498 2339 563 sonius,
2366 497 2461 552 sed
2490 496 2807 551 Lucretiam.
2842 496 2976 550 Hinc
3001 497 3131 551 dicit
3158 496 3413 551 Paulinus
3440 509 3499 551 ιιι

2574 604 2764 653 Utinam
2780 606 2933 666 justus
2957 619 3036 654 me
3054 617 3258 667 carpere
3284 606 3409 655 livor

2262 665 2480 727 Incipiat,
2504 665 2679 715 Christi
2702 665 2793 712 sub
2810 671 3003 715 nomine
3025 665 3196 727 probra
3220 666 3498 727 placebunt.

2263 726 2375 789 [Son
2395 728 2571 789 patitur
2590 737 2815 774 tenerum
2837 742 2975 789 mens
2994 726 3353 789 Nnminelirtna
3370 729 3598 789 pudorem

2264 786 2325 835 Et
2343 786 2446 835 laus
2465 788 2543 835 bic
2561 793 2837 847 contempta
2855 786 2973 835 redi;
3004 788 3117 835 mitti
3135 788 3301 848 judice
3322 786 3529 837 Christo.

2141 886 2292 942 Tunc
2318 885 2493 941 locum
2522 896 2543 924 τ
2574 886 2932 954 gratissimum
2960 902 3067 942 non
3098 888 3255 955 longe
3290 904 3321 942 a
3350 892 3485 943 mari
3517 890 3718 945 incoie-
3752 916 3767 929 ο

2140 979 2234 1034 bat
2261 977 2540 1044 Paulinus,
2571 986 2627 1032 et
2656 978 3037 1044 Barcinonein,
3070 988 3127 1033 ut
3153 980 3381 1048 videtur,
3411 981 3499 1034 ubi
3531 983 3633 1036 hoc
3661 995 3717 1036 et

2142 1068 2443 1136 insequenti
2471 1083 2612 1122 anno
2634 1069 2891 1122 mansisse
2918 1068 3050 1122 alias
3078 1077 3098 1104 ³
3121 1068 3587 1124 demonstrabitur.
3607 1070 3718 1126 Sed

2142 1166 2197 1214 et
2241 1160 2287 1213 si
2338 1157 2620 1226 ninguidos
2673 1155 2958 1228 Pyrenzeos
2997 1167 3239 1227 montes,
3286 1169 3341 1213 et
3389 1162 3720 1217 vastissiititis

2144 1251 2295 1322 (tunc
2322 1250 2375 1304 in
2404 1249 2680 1319 Hispania)
2705 1248 3006 1305 Vasconum
3024 1253 3190 1305 saltus
3208 1252 3518 1315 habitasset,
3556 1259 3565 1287 ι
3597 1255 3719 1306 bar-

2143 1336 2360 1395 baricos
2405 1356 2515 1395 non
2561 1341 2823 1396 induisset
2864 1356 3061 1395 mores.
3121 1341 3231 1396 llos
3271 1341 3370 1396 sibi
3414 1342 3568 1409 jocos
3610 1359 3721 1396 non

2144 1432 2383 1501 placere,
2428 1431 2758 1502 eosdemque
2785 1433 2886 1488 sibi
2914 1432 3283 1489 licitosfuisse
3311 1434 3494 1489 scribit
3515 1437 3580 1487 ad
3611 1434 3719 1488 Au-

2144 1528 2355 1583 sonium
2374 1546 2387 1580 :

2267 1620 2416 1669 Multa
2434 1621 2553 1680 jocis
2576 1626 2802 1681 pateant;
2827 1620 2973 1667 liceat
2996 1628 3196 1681 quoque
3208 1613 3384 1681 ludere
3397 1614 3465 1662 lict
3477 1616 3533 1662 is.

2272 1682 2371 1729 Sed
2390 1677 2549 1742 lingua
2574 1677 2817 1729 mulcente
2837 1677 3033 1742 gravent
3060 1677 3576 1742 interlideredentetn,

2268 1736 2723 1791 Ludere'blanditiis
2743 1736 3017 1794 urentibus,
3051 1744 3104 1788 et
3126 1737 3254 1784 male
3279 1736 3447 1785 dulces

2267 1803 2587 1853 Fermentare
2605 1802 2739 1861 jocos
2757 1803 2913 1850 sat'trai
2934 1800 3170 1848 mordacis
3191 1805 3328 1845 aceto
3348 1831 3362 1855 ,

2264 1867 2407 1927 Sepe
2433 1859 2704 1927 poetarum,
2725 1873 2966 1929 nunquam
2990 1862 3133 1908 decet
3152 1872 3261 1907 esse
3285 1865 3538 1937 parentum
3555 1859 3603 1906 “.

2214 1967 2406 2023 Uxoris
2436 1977 2460 2004 ν
2488 1968 2750 2021 honorem
2775 1963 3043 2027 defendit,
3076 1970 3131 2016 et
3158 1961 3372 2015 tandem
3401 1962 3717 2015 conversio.

2144 2058 2226 2112 nis
2253 2073 2361 2112 snte
2383 2072 2570 2112 causas
2598 2055 2835 2110 Ausonio
2863 2052 3100 2122 exponit,
3132 2050 3317 2106 dicens
3349 2060 3372 2087 ι
3402 2066 3459 2105 se
3480 2051 3723 2104 secnlum

2142 2149 2325 2216 fugere
2348 2157 2403 2202 et
2440 2149 2580 2201 bona
2610 2146 2858 2199 abdicare
2880 2138 3043 2205 velle,
3094 2151 3153 2197 ut
3182 2140 3392 2196 Christo
3424 2141 3585 2210 judici
3626 2158 3721 2195 se-

2145 2253 2302 2292 curus
2329 2237 2503 2305 possit
2530 2249 2832 2290 occurrere.
2860 2232 3012 2299 Quod
3040 2234 3085 2286 si
3115 2233 3235 2300 quis
3263 2233 3453 2286 mentis
3479 2247 3723 2286 errorem

2144 2340 2262 2380 esse
2286 2324 2487 2393 judicet
2512 2324 2591 2378 sic
2612 2324 2763 2392 juxta
2793 2321 2990 2377 Christi
3019 2321 3165 2390 leges
3194 2321 3376 2376 vivere
3401 2340 3412 2373 :

2543 2432 2684 2495 Juvat
2700 2433 2813 2495 hoc,
2851 2444 2943 2480 nec
2966 2432 3168 2493 pmnitet
3192 2431 3333 2495 hujus

2264 2493 2459 2555 Erroris
2486 2507 2497 2537 :
2526 2494 2702 2542 stultus
2721 2493 2917 2542 divorsa
2952 2494 3280 2555 sequentibus
3301 2496 3410 2555 esse

2265 2554 2342 2603 Nil
2363 2567 2543 2614 moror,
2566 2564 2752 2605 aeterno
2775 2566 2886 2603 mea
2909 2555 3022 2602 dum
3046 2553 3291 2602 senten’ia
3318 2553 3443 2613 11ρεί

2267 2616 2343 2665 Sit
2373 2616 2569 2678 sapiens
2590 2617 2617 2656 Υ
2629 2650 2641 2663 .

2212 2714 2453 2786 Denique
2480 2716 2790 2785 pmdamm
2816 2714 3013 2772 Christi
3052 2711 3442 2769 confessionem
3472 2714 3542 2768 ita
3566 2713 3728 2770 clau—

2140 2808 2237 2873 dit,
2266 2817 2325 2865 et
2347 2808 2502 2877 quasi
2522 2806 2713 2861 trabali
2742 2806 2894 2860 clavO
2919 2804 3060 2873 ﬁgit:

2267 2916 2321 2965 Si
2342 2915 2498 2977 placet
2520 2917 2630 2973 hoc,
2656 2923 2849 2977 gratare
2874 2915 2942 2963 tui
2966 2925 3055 2975 spe
3070 2913 3223 2977 divite
3240 2914 3377 2962 amici
3394 2928 3408 2975 ;

2260 2978 2314 3026 Si
2336 2976 2501 3026 contra
2524 2986 2619 3037 est,
2643 2976 2839 3034 Christo.
2853 2982 3037 3025 tantum
3060 2987 3140 3022 me
3165 2976 3330 3031 linque
3359 2977 3552 3036 probari
3576 2976 3622 3013 '-

534 3083 586 3137 1.
632 3082 826 3138 Versus
865 3084 1125 3139 iambicos
1169 3085 1533 3152 sequebantur
1569 3085 1582 3121 ί
1637 3084 1931 3139 hexametri
1979 3084 2030 3137 in
2059 3098 2105 3160 ρ
2210 3080 2262 3134 2.
2296 3080 2533 3135 Ausonio
2560 3079 2777 3148 insuper
2799 3077 3073 3147 respondit
3098 3077 3203 3132 alio
3236 3079 3473 3133 carmine
3495 3089 3549 3116 ιιι
3581 3078 3717 3133 Con

464 3174 659 3241 quibus
685 3187 875 3242 aspera
923 3172 1145 3228 Ausonii
1175 3175 1315 3228 dicta
1354 3174 1564 3228 fortiter
1590 3174 1786 3228 refutat
1822 3176 2039 3229 heroico

468 3265 483 3313 t
522 3262 725 3316 scilicet
769 3261 1022 3325 carmine,
1069 3261 1262 3332 Defore
1307 3280 1387 3316 me
1430 3265 1638 3333 patriis,
1689 3279 1794 3331 quo
1840 3272 2041 3333 quarta:

464 3352 751 3421 respondet
797 3352 1016 3405 Ausonii
1064 3354 1323 3421 epistolae,
1361 3352 1384 3391 ιι
1418 3352 1613 3417 Quarta
1664 3356 1752 3408 tibi
1802 3356 1935 3418 haec,
1986 3364 2041 3410 et

467 3443 638 3496 tertiac
684 3457 802 3511 qua:
849 3443 1048 3496 excidit
1092 3445 1145 3497 in
1183 3459 1287 3514 qua
1330 3446 1596 3500 Ausonius
1624 3444 1903 3499 Paulinum
1926 3446 2037 3515 jam

470 3530 488 3571 ι
522 3533 752 3587 triennio
795 3533 1070 3588 absentem
1116 3535 1457 3611 querebatur,
1504 3552 1605 3593 nec
1649 3553 1755 3591 non
1793 3538 2040 3593 secunda:

465 3634 504 3661 ω
539 3622 791 3677 Proxima
826 3639 939 3694 qua:
964 3634 1176 3687 nostrai,
1220 3625 1271 3679 in
1295 3640 1405 3701 qua
1434 3625 1740 3681 Therasiam
1775 3627 2041 3683 Ausonius

467 3713 805 3785 Tanaquilam
851 3714 1094 3769 vocabat.
1147 3714 1389 3785 Cumque
1416 3716 1666 3773 Paulinus
1692 3726 1717 3753 υ
1747 3719 1890 3774 dicat
1932 3720 2039 3773 Au-

463 3805 673 3860 senium
701 3802 967 3873 Hispania:
996 3804 1251 3875 oppidula
1278 3808 1557 3863 nominare
1576 3848 1590 3872 ,
1614 3810 1789 3865 tacitis
1829 3810 2039 3865 urbium

465 3893 773 3948 nominibus
818 3894 1074 3948 Caesareae
1104 3898 1382 3963 Augustae,
1430 3899 1746 3956 Tarraconis
1783 3910 1837 3957 et
1861 3902 2040 3958 Barci-

463 3981 637 4044 nonis,
668 3994 787 4049 quae
815 3995 934 4034 cum
964 3982 1264 4036 habeantur
1291 3985 1343 4037 in
1373 3986 1599 4053 epistola
1638 3989 1859 4043 Ausonii
1879 4001 1903 4025 ο
1932 3992 2038 4060 pri-

461 4087 547 4125 ma
572 4111 588 4137 ,
636 4071 776 4127 hanc
818 4071 1055 4125 nondum
1102 4070 1383 4128 Paulinum
1430 4084 1555 4130 tunc
1604 4081 1871 4147 recepisse
1917 4081 2040 4138 inde

461 4158 800 4213 manifestum
825 4167 927 4213 est.
963 4157 1248 4227 Postquam
1279 4162 1439 4230 igitur
1465 4174 1491 4213 ρ
1519 4166 1691 4233 primo
1717 4178 2040 4237 conquestus

462 4256 545 4302 est
573 4247 825 4303 Paulinus
868 4248 1011 4316 quod
1058 4249 1323 4305 Ausonius
1361 4268 1467 4308 non
1496 4254 1764 4311 Christum
1791 4260 1913 4313 vitm
1942 4278 2039 4315 no-

460 4347 584 4393 strae
614 4347 852 4394 antorem
872 4377 887 4401 ,
918 4340 1011 4395 sed
1034 4339 1210 4396 Musas
1235 4343 1549 4412 deprecatus
1575 4347 1745 4402 fuerat
1774 4359 1831 4404 ut
1858 4350 2035 4406 Pauli-

2143 3172 2343 3226 tinttata
2371 3185 2515 3234 meae,
2544 3170 2598 3222 in
2620 3183 2728 3238 quo
2756 3183 2862 3223 non
2883 3167 2994 3237 jam
3026 3169 3260 3237 suscepti
3291 3169 3520 3224 instituti
3542 3170 3730 3225 reddit

2142 3260 2413 3325 rationes;
2461 3258 2555 3315 sed
2600 3261 2928 3328 protestatur
2968 3271 3028 3311 se
3072 3272 3283 3326 semper
3317 3272 3440 3311 eum
3470 3258 3721 3312 omnibus

2141 3348 2330 3405 ciliciis
2358 3349 2689 3413 excoluisse,
2732 3348 2941 3413 colere,
2984 3347 3354 3417 culturumque
3390 3349 3550 3402 etiam
3595 3350 3714 3417 pie-

2140 3446 2253 3493 tate
2279 3453 2527 3493 mansura
2552 3447 2673 3509 post
2699 3445 2956 3503 mortem,
2997 3438 3215 3492 easdem
3243 3438 3297 3491 in
3326 3439 3515 3493 animis
3542 3454 3572 3493 a
3600 3456 3721 3493 cor-

2141 3544 2272 3599 pore
2295 3530 2556 3598 separatis
2583 3527 2893 3582 all‘ectiones
2921 3542 3197 3581 mansuras
3221 3527 3549 3582 existimans.
3581 3528 3721 3583 illud

2141 3635 2332 3691 poema
2346 3619 2404 3657 δι’
2422 3622 2604 3688 prima:
2630 3619 2849 3673 Ausonii
2875 3619 3113 3688 epistola:
3132 3620 3439 3688 reSpondet,
3468 3629 3523 3674 et
3544 3622 3721 3677 cuit'is

2142 3710 2295 3763 alteri
2323 3709 2375 3762 in
2399 3724 2505 3777 qua
2532 3709 2671 3763 idem
2695 3709 2959 3763 Ausonius
2982 3708 3290 3763 Thct-asiam
3319 3711 3512 3764 marito
3543 3711 3717 3778 impe—

2140 3799 2302 3853 ritare
2331 3799 2610 3852 incusabat
2634 3817 2645 3850 :
2676 3798 2958 3866 aliquando
2981 3808 3101 3868 post
3127 3809 3235 3853 tres
3262 3800 3560 3867 alias,du:'is
3587 3801 3715 3855 has—

2139 3905 2202 3945 ce
2230 3889 2386 3943 simul
2414 3890 2618 3943 litteras
2644 3887 2821 3943 forsan
2852 3891 3053 3958 recepit
3076 3888 3345 3945 Paulinus.

2720 4011 2946 4077 CAPUT
2984 4022 3119 4076 xw.

2280 4134 2615 4189 Junctissima
2642 4134 2852 4187 Paulini
2872 4151 2984 4189 cum
3015 4134 3201 4189 Severo
3223 4120 3577 4194 necessitudo.

2211 4267 2260 4319 1.
2281 4265 2395 4319 Jam
2425 4280 2583 4335 supra
2614 4277 2665 4304 οε
2687 4269 3087 4321 observavimus
3109 4268 3497 4336 junctissimant
3528 4270 3707 4327 Pauli-

2142 4373 2265 4412 num
2294 4358 2434 4411 inter
2454 4366 2508 4411 et
2535 4356 2791 4410 Severum
2828 4357 2880 4409 in
2909 4358 3091 4412 seculo
3132 4359 3495 4414 intercessisse
3520 4363 3702 4417 amici-

461 4444 589 4505 nnm
632 4428 699 4482 ad
738 4430 925 4497 poesin
955 4441 1303 4496 revocarent,
1346 4435 1420 4487 ait
1447 4438 1853 4493 conversionem
1882 4456 2032 4494 suam
2064 4455 2110 4511 ο
2138 4449 2263 4501 tiam
2288 4488 2302 4512 ,
2352 4462 2509 4516 quam
2553 4455 2740 4516 postea
2789 4456 2977 4501 neuter
3015 4463 3247 4516 unquam
3276 4450 3549 4518 dissolvit,
3582 4454 3706 4520 quia

459 4537 579 4576 esse
608 4536 730 4577 vere
758 4523 1110 4578 mutationem
1138 4524 1346 4581 Excelsi
1376 4541 1535 4595 quam
1564 4529 1709 4583 solus
1737 4529 1878 4585 Deus
1897 4547 2027 4600 0pc—

460 4614 567 4666 rari
614 4620 861 4683 poterat:
913 4624 966 4669 et
1014 4615 1059 4669 si
1104 4617 1230 4684 quid
1279 4619 1331 4671 in
1379 4618 1592 4674 alumno
1630 4623 1845 4691 26cm
1886 4625 2029 4691 quod

458 4705 705 4760 Christus
732 4716 894 4771 amet,
925 4708 1090 4762 lictari
1119 4718 1172 4763 et
1200 4710 1369 4778 ipsum
1399 4718 1669 4779 oportere,
1700 4713 1765 4766 ad
1792 4728 1951 4781 quem
1975 4722 2030 4768 ut

455 4797 521 4849 ad
557 4797 865 4864 magistrum
895 4812 1020 4866 pars
1049 4798 1221 4853 laudis
1268 4808 1323 4853 et
1361 4801 1562 4869 praemii
1604 4804 1932 4871 pertineret,
1963 4820 2031 4859 ne

454 4886 690 4939 maxima
738 4886 927 4953 perdat
975 4889 1220 4955 prtemia,
1262 4889 1577 4944 detestando
1606 4892 1747 4946 bona
1776 4894 1886 4947 suis
1911 4902 2027 4948 orta

454 4975 726 5029 fontibus:
759 4990 817 5030 se
846 4992 951 5030 non
992 4979 1223 5032 incolere
1251 4980 1486 5033 solitaria
1520 4980 1636 5036 ioca
1677 4983 1874 5037 sanctis
1901 4998 2031 5037 ana—

454 5064 694 5119 choretis
739 5066 931 5120 usitata
974 5080 1202 5134 quorum
1244 5068 1426 5121 virtuti
1461 5070 1678 5124 minime
1717 5072 2023 5137 accedebat,

452 5167 556 5213 nec
584 5154 1032 5225 Bellerophonteo
1080 5157 1212 5213 vitio
1258 5159 1529 5226 laborare,
1584 5176 1755 5229 neque
1802 5178 2025 5218 uxorem

460 5284 473 5293 ”
527 5295 554 5324 ι
583 5285 788 5341 Paulin.
821 5300 985 5340 carm.
1028 5286 1114 5341 10.
1182 5287 1217 5335 νδ
1236 5286 1381 5343 Ibid.

454 5362 484 5404 ι
512 5354 644 5411 Deo.
716 5352 747 5392 δ
774 5353 927 5415 lbid.,
945 5366 999 5409 v.
1025 5355 1112 5409 97.

452 5436 512 5481 ν.
544 5424 662 5481 105.
738 5433 776 5462 ω
799 5425 998 5478 Auson.
1023 5441 1109 5481 en.
1129 5425 1217 5479 24.

456 5575 509 5616 v.
536 5563 657 5616 190.

1197 5292 1217 5365 ξ)
1246 5292 1391 5369 Ibid._
1460 5301 1480 5328 ε
1511 5292 1709 5361 Auson.
1743 5307 1828 5361 ep.
1861 5292 1949 5347 24.
2024 5292 2050 5332 δ
2082 5296 2280 5351 Auson.
2324 5310 2410 5417 ep.
2454 5294 2543 5349 25.

1197 5368 1211 5395 ι
1247 5355 1451 5412 Paulin.
1480 5375 1647 5414 carm.
1670 5360 1754 5417 10.
1784 5379 1834 5414 v.
1868 5363 1955 5416 14.
2033 5366 2048 5413 1
2084 5364 2240 5417 lbid..
2268 5381 2319 5417 v.
2388 5362 2474 5417 03.

1196 5356 1211 5395 ί
1247 5355 1754 5433 Paulin._carm.10,
1868 5363 1965 5433 14.
1994 5432 2003 5433 7
2028 5366 2048 5433 i
2084 5364 2240 5429 lbid.,
2268 5381 2319 5419 v.
2355 5355 2474 5419 105.
2554 5361 2578 5400 κ
2609 5363 2809 5433 Auson.
2842 5378 2927 5433 ep.
2956 5364 3045 5418 25.

732 5563 931 5635 “ibid,
952 5579 1011 5635 Av.
1032 5564 1153 5619 295.
1198 5573 1257 5635 ,ξ
1283 5562 1441 5635 lbid.,
1472 5581 1518 5619 ν.
1545 5564 1667 5619 285.
1746 5577 1767 5605 ι
1798 5568 1953 5635 lbid.,
1972 5586 2023 5624 v.

2142 5579 2168 5624 ι.
2242 5562 2299 5607 ιλ
2326 5570 2713 5625 Paulin.carm.
2744 5570 2826 5623 11.

2139 4535 2194 4574 -ιδ
2220 4538 2378 4592 ambo
2403 4544 2543 4606 part
2566 4552 2604 4590 »r
2619 4536 2684 4591 ad
2712 4537 2875 4590 Deum
2898 4538 3165 4599 conversi,
3192 4536 3245 4591 in
3264 4536 3475 4593 Christo
3497 4557 3709 4610 semper

2138 4626 2502 4690 cohmserunt,
2547 4627 2749 4695 pariter
2796 4626 2849 4679 in
2895 4627 3170 4680 caritatem
3209 4627 3323 4695 ejus
3350 4630 3569 4684 animati
3600 4647 3706 4687 una

2138 4723 2191 4768 et
2219 4724 2406 4771 tenore
2445 4716 2701 4785 propositi
2743 4727 2799 4770 et
2829 4724 3067 4785 tempore
3095 4719 3486 4783 conversionis;
3519 4721 3590 4773 ita
3623 4731 3705 4788 ut,

2138 4823 2259 4862 cum
2303 4807 2567 4877 Sulpicius
2607 4807 2837 4862 Severus
2875 4809 2965 4876 qui
2995 4824 3114 4863 cum
3144 4809 3336 4876 gaudio
3364 4811 3619 4878 majorem
3651 4813 3704 4866 in

2138 4894 2363 4951 Paulino
2390 4898 2572 4965 gratiae
2609 4898 2819 4966 copiam
2856 4897 3299 4964 recognoscebat,
3330 4899 3395 4951 ad
3424 4898 3704 4956 Paulinum

2128 4986 2425 5055 scripsisset
2447 4996 2501 5023 οε
2521 5001 2588 5039 ex
2612 4986 2821 5039 duobus
2840 4986 2931 5051 qui
2956 4986 3164 5039 inerant
3192 4987 3243 5039 in
3272 5000 3400 5053 agro
3429 5003 3590 5041 unum
3614 5005 3700 5043 as-

2126 5083 2413 5142 sumptum,
2441 5074 2682 5128 relictum
2707 5074 2955 5139 alterum,
2972 5073 3222 5128 Paulinus
3242 5076 3318 5130 sic
3343 5078 3698 5145 respondeat:

2126 5166 2229 5221 Cur
2252 5167 2306 5220 in
2336 5182 2429 5220 nos
2462 5180 2701 5229 onerare,
2728 5164 2863 5217 etde
2888 5172 2933 5217 te
2953 5165 3087 5235 falso
3117 5165 3354 5236 loqueris.
3380 5167 3399 5206 ί
3415 5167 3431 5206 τ
3452 5166 3699 5235 Εναιηιιε,

2626 5260 2649 5331 ὲ
2682 5293 2888 5349 Paulin.
2933 5310 3099 5351 carm.
3132 5296 3218 5350 10.
3300 5297 3319 5336 ι
3349 5298 3504 5363 ιω,
3527 5318 3577 5353 v.
3608 5300 3697 5354 8t-

3127 5364 3142 5402 ¹
3171 5365 3377 5422 Paulin.
3409 5384 3577 5424 carm.
3610 5370 3697 5423 10.

1014 5441 1109 5500 ep:
1121 5425 1217 5500 μ.
1293 5425 1548 5500 {Paulin.
1573 5444 1738 5500 carni.
1771 5430 1853 5496 10,
1872 5448 1924 5484 v.
1948 5432 2052 5485 222
2070 5425 2254 5500 etseq.
2356 5434 2588 5486 °Auson.
2610 5447 2696 5500 ep.
2713 5431 2801 5485 25.
2876 5425 3123 5489 iiPaulin.
3143 5450 3311 5489 carm.
3333 5437 3418 5490 10.
3496 5448 3523 5488 ιι
3539 5438 3695 5493 Ibid..

452 5450 513 5549 ἔιζ
543 5450 664 5548 iis:
739 5450 1217 5555 ῗιῖἷῖῗΐζῖᾇέἴ
1243 5502 1263 5529 ο
1293 5450 1738 5564 ἱςζξῗῖἷῖρῖἻὲῗ
1771 5450 2040 5555 ¹ἓ”ἔ;;ιιῗῗέ

2142 5450 2288 5566 icit),
2319 5519 2351 5556 v

2357 5543 2370 5555 .
2401 5501 2522 5555 201.
2602 5509 2628 5537 υ
2662 5501 2867 5556 Paulin.
2897 5518 3063 5559 carm.
3087 5504 3172 5569 10,
3203 5521 3252 5557 ν.
3283 5501 3404 5559 260.
3480 5517 3514 5557 V.
3536 5506 3693 5561 Ibid”

2903 5570 2961 5612 δι’
2984 5574 3188 5630 Auson.
3205 5588 3293 5643 ep.
3310 5573 3399 5629 25.
3483 5586 3536 5615 η
3558 5574 3695 5642 Cap.

458 5627 514 5683 9.
543 5647 596 5685 n.
627 5631 680 5684 4.
753 5631 807 5670 δά
838 5630 1041 5689 Paulin.
1073 5648 1159 5690 eo.
1189 5632 1276 5701 11,
1308 5649 1363 5688 ii.
1393 5634 1447 5688 6.
1525 5645 1577 5674 οε
1606 5635 1734 5712 Ibid.
1792 5656 1843 5692 n.
1875 5627 1952 5689 6.’
2007 5640 2040 5677 ιλ

2142 5639 2241 5700 ιὶᾱ..
2270 5654 2325 5693 n.
2357 5640 2390 5694 5
2417 5649 2471 5694 et
2499 5640 2550 5693 6.
