4020 6186
347 228 415 282 ιδ
1712 241 1924 298 Ρηοιε

2027 245 2079 301 Μ
2088 245 2240 303 ENA.
3540 271 3609 326 ιο

338 342 582 409 quidem,
609 349 661 393 et
681 342 988 412 singillatim
1007 347 1109 417 27
1140 348 1263 412 duo,
1303 365 1417 402 cum
1444 353 1499 402 in
1526 350 1670 405 nobis
1698 369 1819 407 caro
1844 370 1926 407 re-
1954 361 2002 418 Α
2032 374 2061 412 a
2084 360 2276 416 Tolosa
2300 364 2579 420 duodecim
2606 366 2715 425 fere
2741 371 2919 429 leucas
2936 372 3244 442 distantem,
3268 386 3325 433 et
3346 380 3605 437 tredecim

341 434 490 487 bellis
516 450 549 485 a
571 434 755 503 spiritu
785 435 1087 491 dissideret.
1116 478 1127 491 .
1158 480 1171 492 .
1210 439 1325 494 Duo
1354 442 1575 511 fuimus,
1607 443 1696 495 sed
1722 446 1927 513 quando

341 538 461 575 cum
481 523 587 575 illis
613 523 862 593 fratribus
886 527 1335 595 combinabamus;
1360 548 1573 601 quorum
1604 550 1635 585 a
1661 534 1807 588 nobis
1837 552 1932 605 per

339 614 435 667 hoc
455 616 777 684 propositum
796 619 939 687 facta
960 619 1143 674 divisio
1165 631 1240 675 est
1262 661 1276 675 .
1306 662 1319 675 .
1338 662 1355 676 .
1391 622 1545 677 Nunc
1566 641 1680 677 vero
1711 628 1934 695 prapitio

336 702 569 768 Christo,
600 708 686 775 qui
714 697 834 776 fecit
860 718 1130 780 utrumque
1148 726 1326 776 unum,
1354 724 1403 767 et
1430 715 1531 769 duo
1554 732 1712 768 unum
1734 732 1927 780 stnnus,

337 794 461 862 quia
489 810 621 847 unus
642 797 856 865 spiritus
890 800 944 850 in
975 798 1171 853 duobus
1189 840 1203 854 .
1224 840 1236 853 .
1265 841 1279 854 .
1322 800 1435 865 Quo
1472 806 1806 874 impensiores
1836 807 1924 859 de-

338 879 518 935 bemus
541 884 673 938 bono
712 884 939 941 Domino
969 891 1196 958 gratias,
1247 892 1382 961 quod
1410 896 1663 962 respicere
1689 894 1930 965 dignatus

337 973 393 1023 in
424 973 768 1028 humilitatem
808 988 1071 1043 nostram,
1115 996 1229 1032 cum
1256 983 1450 1050 pariter
1480 985 1533 1036 in
1563 1002 1689 1054 agro
1718 987 1932 1039 iuvenis-

336 1070 435 1123 set,
459 1065 656 1132 pariter
682 1076 739 1118 ut
768 1069 996 1136 geminos
1017 1068 1082 1121 ab
1114 1080 1259 1124 utero
1285 1072 1459 1126 carnis
1476 1077 1730 1139 extraxit,
1763 1088 1813 1128 et
1835 1093 1929 1145 pa-

336 1153 472 1204 riter
502 1154 805 1223 assumpsit.
831 1155 947 1209 Duo
973 1158 1109 1210 enim
1130 1160 1320 1227 fuimus
1348 1161 1400 1213 in
1426 1178 1571 1231 agro,
1589 1164 1681 1215 sed
1707 1166 1933 1232 omnipo-

340 1242 504 1294 tentia
529 1241 644 1305 Dei,
671 1245 840 1297 ausim
860 1245 1046 1310 dicere,
1089 1248 1163 1299 ita
1196 1247 1258 1301 de
1290 1246 1435 1302 nobis
1467 1266 1597 1303 unus
1627 1262 1922 1321 assumptus

337 1340 437 1391 est,
454 1331 605 1399 quod
632 1341 812 1385 neuter
830 1344 906 1386 est
934 1335 1170 1388 relictus.
1196 1374 1208 1389 .
1230 1376 1243 1389 .
1278 1336 1402 1391 Non
1426 1340 1585 1392 simus
1606 1342 1795 1411 ingrati
1821 1340 1929 1396 Deo

335 1420 428 1486 qui
448 1435 549 1472 non
570 1437 725 1473 unum
745 1438 811 1474 ea:
835 1423 1001 1485 nobis,
1020 1426 1111 1478 sed
1130 1443 1289 1481 unum
1310 1434 1587 1496 assumpsit
1608 1433 1659 1484 iu
1689 1432 1853 1486 nobis.

410 1508 463 1561 2.
508 1508 632 1564 Haec
654 1512 902 1565 amicitia:
932 1523 957 1549 ιι
986 1517 1323 1571 necessitudo
1345 1520 1590 1575 omnibus
1623 1536 1750 1575 vere
1770 1522 1926 1577 Chri-

333 1599 529 1652 stianis
552 1603 855 1656 communis
884 1613 994 1669 est,
1029 1606 1121 1659 sed
1146 1607 1197 1663 in
1228 1605 1452 1664 Paulino
1477 1618 1532 1665 et
1570 1611 1771 1667 Severo
1800 1629 1926 1683 spe-

2031 450 2218 503 saltem
2262 466 2291 504 a
2332 450 2661 510 Carcassona
2687 499 2703 524 ,
2746 460 2887 515 circa
2931 462 3115 517 urbem
3146 464 3367 522 Podium
3392 468 3458 523 ad
3480 468 3612 527 Ler-

2033 542 2183 603 tium,
2216 542 2269 597 in
2298 539 2491 599 ﬁnibus
2520 545 2801 602 Tolosanm
2830 550 3100 607 dimcesis.

2624 677 2849 735 CAPUT
2889 681 3000 739 XV.

2104 761 2388 820 Barcinone
2414 765 2665 824 Paulinus
2692 774 3041 842 presbyteratu
3065 776 3301 833 initiatur
3326 780 3536 836 invitus.
3588 786 3596 792 ⁴

2101 893 2150 946 l.
2192 893 2249 948 ln
2279 895 2417 951 votis
2456 897 2716 953 habuerat
2754 898 3035 969 Paulinus,
3062 913 3121 959 ut
3147 909 3391 975 superius
3415 910 3605 967 obser-

2028 990 2209 1035 vatum
2256 983 2416 1051 est",
2447 985 2692 1040 ultimum
2736 987 2835 1043 lin
2880 990 3116 1048 Ecclesia
3162 1005 3349 1052 tenere
3396 999 3599 1066 locum,

2029 1068 2299 1135 indignum
2320 1085 2379 1125 se
2405 1082 2598 1140 putans
2625 1084 2660 1110 ω
2684 1077 2830 1131 inter
2854 1082 3160 1138 sacerdotes
3188 1089 3295 1156 28
3322 1088 3604 1159 collocari,

2030 1166 2090 1211 ut
2116 1158 2205 1228 qui
2234 1159 2286 1212 in
2336 1160 2499 1216 domo
2546 1163 2757 1219 Domini
2785 1168 3104 1225 domesticus
3137 1172 3269 1229 ﬁeri.
3291 1191 3355 1232 ac
3383 1158 3605 1234 benedL

2029 1261 2155 1300 cere
2210 1248 2523 1305 solemniter
2582 1251 2866 1309 Dominum
2912 1274 3019 1312 non
3071 1262 3291 1317 auderet
3335 1265 3600 1336 recipere.

2029 1334 2184 1400 Quod
2212 1337 2257 1391 si
2288 1339 2500 1394 tandem
2529 1341 2597 1395 ad
2628 1344 2984 1400 sacerdotium
3010 1349 3334 1419 adigeretur,
3365 1334 3487 1410 cum
3516 1356 3602 1412 in-

2028 1424 2243 1493 dignum
2272 1443 2331 1482 se
2360 1436 2466 1483 tam
2495 1438 2716 1499 augusta
2762 1437 3000 1492 muneris
3037 1442 3320 1497 sanctitate
3358 1444 3598 1510 duceret.

2028 1529 2125 1583 per
2151 1516 2347 1583 gradus
2374 1519 2629 1586 paulatim
2659 1524 2811 1577 evehi
2837 1564 2851 1588 ,
2896 1542 3095 1595 perque
3124 1530 3333 1599 longam
3375 1536 3599 1591 servitu-

2029 1612 2134 1658 tem
2162 1620 2221 1661 se
2248 1606 2472 1663 reddere
2499 1608 2793 1676 digniorem
2819 1615 3051 1679 volebat,
3084 1626 3138 1672 et
3157 1620 3223 1673 ad
3250 1623 3509 1677 tumulum
3538 1624 3577 1680 S

333 1688 494 1743 cialis
516 1698 633 1743 erat
659 1698 716 1744 et
742 1693 1044 1760 peculiaris.
1092 1694 1246 1751 Multi
1274 1698 1539 1766 spiritales
1563 1700 1684 1767 viri,
1708 1710 1763 1755 et
1789 1717 1916 1756 san-
1950 1698 1994 1757 Β
2021 1694 2211 1750 FeliCiS
2242 1694 2353 1751 Deo
2382 1699 2581 1753 εθΐνίτθ
2618 1708 2912 1771 Statuerat.
2940 1715 2966 1741 ¹¹
2996 1706 3137 1762 fores
3178 1711 3418 1767 θεείθεὶίυ
3466 1729 3599 1783 ape-

334 1779 412 1833 cti
443 1796 551 1834 non
580 1782 775 1849 pauci,
826 1784 895 1838 ob
924 1783 1120 1840 Christi
1150 1788 1373 1854 gratiam
1414 1789 1692 1845 Paulinum
1733 1793 1923 1861 dilige-

332 1870 490 1933 bant,
519 1886 747 1938 quorum
776 1872 999 1928 affectus
1025 1876 1245 1931 maximi
1274 1893 1373 1947 pro
1408 1880 1583 1950 patria
1601 1920 1615 1946 ,
1645 1889 1701 1936 et
1727 1898 1924 1952 paren-

332 1960 483 2013 tibus
507 2001 523 2024 ,
572 1969 628 2015 et
670 1962 1010 2035 patrimoniis
1040 1964 1155 2034 ipsi
1179 1975 1367 2030 erant,
1405 1983 1472 2023 ea
1502 1976 1679 2024 tamen
1706 1987 1826 2040 qua:
1855 1972 1923 2028 ab

334 2049 447 2104 illis
495 2060 779 2121 acceperat
822 2053 963 2108 bona
1010 2055 1208 2124 largius
1245 2065 1409 2126 atque
1436 2060 1723 2128 pretiosius
1751 2061 1802 2115 in
1825 2077 1925 2117 suo

333 2139 544 2194 Severo
577 2152 925 2210 compensata
973 2147 1271 2215 reputabat.
1324 2146 1464 2201 Illud
1492 2150 1543 2202 in
1577 2159 1648 2215 te,
1684 2150 1922 2219 inquitb,

333 2230 562 2297 speciale
587 2230 730 2285 nobis
760 2232 948 2287 donum
982 2244 1084 2301 est,
1132 2238 1269 2307 quod
1296 2240 1685 2309 prwdestinatos
1716 2259 1809 2296 nos
1841 2244 1924 2299 iu-

332 2320 501 2371 ricem
527 2319 671 2373 nobis
697 2322 749 2374 in
780 2325 997 2377 caritate
1023 2324 1214 2379 Christi
1236 2327 1569 2395 junctissima
1592 2332 1778 2400 prioris
1806 2350 1927 2402 quo-

336 2423 438 2476 que
484 2408 601 2461 vitae
638 2411 870 2464 amicitia
918 2413 1199 2483 signavit..
1372 2415 1515 2471 Nam
1557 2419 1611 2471 in
1653 2419 1784 2473 hanc
1823 2438 1925 2491 qua

338 2498 501 2551 modo
530 2499 810 2553 interventu
837 2500 934 2555 Dei
953 2505 1203 2557 nectimur
1231 2507 1497 2575 copulam,
1530 2525 1622 2576 per
1651 2521 1921 2564 consuetu-

333 2587 517 2642 dinem
540 2590 678 2643 illius
708 2591 1076 2661 familiaritatis
1117 2595 1414 2649 inolevimus
1435 2636 1448 2651 .
1467 2636 1481 2651 .
1498 2636 1511 2649 .
1530 2637 1545 2651 .
1575 2608 1598 2635 °
1628 2598 1695 2652 In
1726 2609 1772 2652 te
1798 2616 1921 2664 uno,

336 2694 455 2747 quae
483 2680 769 2748 accepimus
795 2680 925 2735 bona
960 2682 1007 2736 si
1033 2694 1409 2754 computemus,
1442 2688 1616 2741 omnia
1655 2688 1801 2742 nobis
1830 2705 1924 2743 no-

338 2778 450 2822 stra
478 2770 534 2823 in
565 2780 613 2823 te
639 2771 837 2842 largius
863 2782 1014 2844 atque
1042 2776 1315 2845 pretiosius
1346 2790 1675 2848 compensata
1713 2788 1923 2849 reputa-

342 2857 508 2913 bimus
527 2900 540 2913 .
563 2900 578 2913 .
602 2900 615 2913 .
634 2859 679 2914 .4
725 2860 834 2917 Pro
861 2866 1185 2934 parentibus,
1215 2875 1265 2920 et
1287 2867 1561 2938 fratribus,
1593 2878 1643 2924 et
1670 2872 1847 2925 amicis
1871 2880 1925 2926 tu

341 2950 490 3005 nobis
511 2954 679 3022 factus
704 2970 737 3006 a
757 2953 979 3010 Domino
1005 2973 1080 3021 es,
1102 2957 1189 3027 qui
1207 2966 1256 3011 et
1275 2969 1547 3028 parentum
1565 2977 1689 3014 cura
1711 2961 1920 3027 anxius,

2027 1786 2154 1851 rire,
2186 1801 2344 1841 mane
2372 1787 2553 1842 limina
2582 1791 2854 1846 munditiis
2881 1809 3089 1857 curare,
3122 1806 3278 1853 nocte
3304 1802 3473 1855 sacris
3493 1817 3598 1856 ser-

2026 1889 2154 1927 vare
2192 1875 2431 1929 excubiis
2459 1915 2475 1939 ,
2525 1883 2581 1929 et
2628 1878 2681 1931 in
2733 1894 2954 1935 munere
2983 1883 3083 1937 isto
3118 1886 3367 1943 claudere
3393 1890 3595 1943 vitam:

2028 1962 2135 2016 Sed
2159 1964 2240 2015 cui
2278 1963 2470 2031 placuit
2516 1981 2782 2035 segregare
2825 1985 2922 2031 me,
2967 1970 3135 2040 inquit
3175 1972 3427 2034 Paulinus
3457 1987 3509 2039 °,
3536 1981 3599 2032 ab

2026 2061 2169 2105 utero
2199 2054 2378 2105 matris
2407 2070 2554 2121 mete,
2582 2063 2631 2108 et
2649 2056 2713 2108 ab
2737 2058 2963 2111 amicitia
2987 2064 3157 2114 carnis
3178 2071 3226 2116 et
3243 2067 3511 2135 sanguinis
3530 2068 3599 2121 ad

2025 2142 2247 2209 gratiam
2270 2158 2419 2195 suam
2456 2144 2657 2197 trahere
2686 2143 2824 2215 (Gal.
2857 2162 2894 2210 ι,
2924 2146 3033 2217 15),
3066 2151 3226 2204 eidem
3259 2154 3454 2221 placuit
3481 2158 3598 2209 ino-

2025 2247 2140 2299 pem
2160 2247 2240 2284 me
2268 2233 2436 2285 omnis
2464 2231 2583 2286 boni
2604 2236 2773 2289 meriti
2795 2239 3042 2293 suscitare
3062 2241 3125 2293 de
3146 2250 3301 2309 terra,
3327 2254 3377 2297 et
3397 2246 3460 2299 de
3480 2247 3598 2301 lacu

2024 2321 2347 2373 miseriarum
2385 2337 2447 2373 ac
2474 2322 2539 2375 de
2577 2322 2683 2376 luto
2712 2326 2852 2394 faecis
2881 2327 3114 2395 educere,
3144 2340 3199 2382 ut
3219 2333 3493 2387 collocaret
3518 2352 3599 2388 me

2024 2424 2141 2462 cum
2178 2410 2493 2480 principibus
2528 2413 2705 2481 populi
2742 2414 2823 2467 sui
2861 2414 3031 2484 (Psal.
3057 2434 3183 2482 cxn,
3207 2419 3284 2485 8),
3324 2432 3372 2475 ct
3400 2430 3599 2489 partem

2024 2516 2192 2553 nteant
2220 2500 2273 2553 in
2296 2501 2623 2555 sacerdotum
2644 2513 2781 2557 sorte
2808 2514 3049 2573 poneret:
3090 2518 3116 2555 P
3144 2518 3198 2561 ut
3226 2510 3346 2563 dum
3365 2529 3516 2568 curro
3544 2515 3599 2566 in

2023 2590 2232 2644 odorem
2268 2600 2639 2661 unguentorum
2667 2594 2777 2662 ejus
2800 2635 2816 2660 ,
2845 2595 3021 2663 ﬁerem
3052 2606 3196 2668 gutta
3222 2600 3334 2668 ejus
3354 2605 3599 2671 unguenti

2024 2681 2159 2752 quod
2197 2682 2463 2735 descendit
2505 2683 2560 2735 in
2608 2681 2821 2736 barbam
2857 2686 3034 2739 Aaron
3081 2686 3253 2755 (Psal.
3288 2704 3486 2755 cxxxn,
3518 2690 3594 2757 2}.

2024 2769 2158 2825 Cum
2185 2771 2346 2839 igitur
2372 2783 2397 2821 (ι
2426 2772 2478 2825 in
2500 2771 2723 2826 ecclesia
2744 2772 3128 2830 Barcinonensi
3147 2775 3339 2832 divinis
3372 2778 3599 2834 interes-

2024 2867 2109 2914 set
2134 2858 2324 2914 ol'liciis
2346 2861 2429 2913 die
2453 2859 2663 2913 Domini
2698 2876 2795 2927 quo
2834 2863 2979 2915 nasci
3017 2879 3173 2917 carne
3218 2866 3459 2934 dignatus
3496 2877 3594 2929 est,

2025 2955 2304 3024 repentina
2325 2953 2377 3007 vi
2397 2950 2735 3006 inﬂammata;
2758 2953 2930 3021 plebis
2955 2964 3235 3023 correptus
3261 2965 3344 3010 est
3371 2964 3429 3011 ut
3451 2973 3599 3027 pres-

339 3052 392 3095 et
418 3044 655 3111 fraterna
669 3044 946 3100 dilectione
972 3048 1220 3101 sollicitus
1240 3089 1256 3115 ,
1286 3058 1336 3102 et
1363 3060 1469 3104 tota
1493 3067 1597 3104 non
1618 3051 1755 3121 ﬁcu!
1784 3054 1919 3106 ami-
1945 3050 1991 3112 ϐ
2021 3046 2175 3116 byter
2201 3050 2501 3109 crearetur,
2531 3041 2943 3112 sicutHippone
2977 3050 3103 3098 ante
3139 3052 3249 3100 tres
3296 3061 3466 3101 annos
3492 3048 3551 3103 Α·
3575 3079 3600 3091 ο

342 3133 481 3187 cilia:
502 3133 609 3201 fide
638 3133 851 3188 sedulus
869 3176 885 3201 ,
916 3136 1243 3207 omnibusque
1270 3138 1325 3191 in
1364 3154 1457 3193 nos
1484 3139 1687 3209 pietatis
1723 3140 1925 3194 visceri-

344 3221 436 3274 bus
478 3222 703 3290 eiusus,
732 3224 957 3278 assiduis
997 3242 1093 3280 nos
1132 3226 1315 3281 litteris
1364 3228 1542 3293 adeas,
1574 3229 1923 3283 blandissimis

343 3312 547 3365 solatiis
574 3312 796 3365 mulcens
825 3329 843 3366 :
867 3322 892 3351 ο
918 3312 1038 3368 Tuis
1059 3332 1183 3385 erga
1208 3316 1543 3370 humilitatem
1564 3326 1794 3371 nostram
1821 3317 1926 3386 ofﬁ-

342 3403 440 3457 ciis
461 3402 593 3456 alios
615 3413 981 3471 anteverteras,
1012 3405 1246 3459 omnibus
1276 3408 1489 3473 nostris,
1517 3416 1573 3459 ut
1598 3423 1734 3475 stepe
1756 3406 1926 3460 testati

344 3511 543 3558 simus,
562 3505 612 3548 et
639 3496 818 3550 amicis
840 3496 1137 3562 studiosior,
1166 3505 1216 3551 et
1249 3487 1498 3568 proximis
1527 3498 1837 3567 religiosior,
1877 3506 1926 3550 et

345 3586 597 3655 fratribus
621 3585 931 3655 diligentior.
962 3586 1087 3642 Ideo
1115 3602 1237 3642 eum
1264 3587 1496 3643 maxime
1523 3587 1758 3642 amabat.
1790 3585 1927 3650 Quid

340 3684 648 3744 extorques,
692 3675 864 3743 inquit
896 3675 964 3731 ad
993 3676 1241 3731 eumdem
1266 3674 1286 3714 ι
1306 3714 1323 3741 ,
1348 3684 1405 3729 ut
1435 3685 1482 3730 te
1511 3676 1627 3746 plus
1660 3678 1928 3731 amemus?

342 3778 580 3816 crescere
611 3780 812 3817 summa
842 3780 947 3818 non
989 3766 1200 3834 recipit.
1220 3804 1235 3819 .
1254 3804 1269 3819 .
1288 3804 1303 3817 .
1335 3767 1527 3820 amoris
1558 3767 1632 3819 tui
1670 3766 1929 3819 cumulum

346 3855 523 3923 facere
545 3870 649 3907 non
670 3870 958 3921 possumus.
990 3854 1052 3909 Si
1076 3863 1241 3924 potest
1266 3871 1409 3909 mare
1435 3856 1743 3925 superﬂuere
1762 3853 1930 3909 obices

345 3958 469 3995 suos
517 3952 566 3996 et
612 3960 934 4014 quacumque
980 3945 1269 3999 naturalem
1318 3946 1685 4015 plenitudinem
1729 3954 1931 3999 servant

344 4034 721 4087 incrementum
752 4033 1036 4102 temporale
1066 4036 1287 4099 sentire,
1317 4043 1481 4104 potest
1516 4044 1565 4088 et
1593 4037 1782 4088 caritas
1803 4035 1860 4087 in
1886 4043 1933 4087 te

345 4134 532 4177 nostra
574 4125 823 4179 cumulari
859 4140 877 4178 :
917 4141 1068 4196 quam
1100 4142 1191 4179 suo
1220 4127 1326 4195 fine
1356 4126 1691 4196 complemus,
1732 4142 1847 4179 cum
1884 4134 1934 4179 te

342 4218 485 4268 sicut
510 4217 843 4285 nosmetipsos
874 4217 1169 4288 diligamus.
1202 4217 1409 4273 Idcirco
1432 4228 1456 4266 ε
1486 4232 1752 4273 summum
1782 4217 1835 4272 in
1864 4231 1932 4272 eo

340 4305 433 4374 jus
453 4308 619 4361 animi
640 4323 699 4362 se
714 4308 916 4362 habere
935 4310 1286 4378 praesumebat
1304 4308 1573 4364 Paulinus.

415 4397 473 4450 5.
515 4395 737 4451 Paulino
781 4397 808 4433 h
855 4409 909 4452 et
953 4397 1155 4453 Severo
1196 4398 1370 4454 fuerat
1415 4415 1700 4455 commune
1742 4408 1925 4455 votum
1957 4408 2007 4468 ι)
2034 4403 2120 4446 ma
2158 4392 2253 4461 βαι
2299 4389 2448 4461 (Luc.
2499 4405 2628 4453 3"".
2655 4388 2790 4457 ’ΨΜ
2833 4398 2888 4443 ει
2921 4392 3133 4444 tandem
3163 4407 3222 4445 88
3250 4394 3548 4446 consecrari
3579 4403 3603 4429 “
3696 4402 3703 4409 ’

338 4499 466 4538 sese
494 4483 683 4539 Nolam
705 4486 1014 4554 recipiendi.
1057 4486 1236 4542 Hocce
1264 4502 1405 4542 anno
1435 4486 1538 4541 595
1564 4488 1764 4543 Severo
1792 4489 1927 4543 scri~

338 4572 451 4641 psit
484 4569 734 4627 Paulinus
768 4572 782 4610 ί
815 4574 1096 4643 epistolam
1125 4590 1244 4644 qua:
1270 4576 1487 4636 excidit.
1518 4578 1569 4631 in
1591 4593 1696 4646 qua
1716 4577 1929 4633 dicebat

338 4678 402 4716 se
433 4663 488 4716 in
519 4662 898 4719 Barcinonensi
937 4666 1156 4721 civitate
1199 4667 1521 4733 consistere;
1550 4669 1638 4723 ubi
1661 4668 1751 4723 diu
1779 4684 1927 4723 com-

335 4764 585 4810 moratus
614 4754 774 4810 fuerit
796 4772 917 4811 cum
947 4756 1213 4826 Sulpicius
1241 4756 1473 4813 Severus
1502 4759 1568 4813 ad
1596 4773 1719 4813 eum
1745 4758 1758 4808 i
1790 4759 1927 4814 litte-

334 4859 431 4897 ras
480 4845 813 4914 rescripserit
856 4845 1089 4901 Elusone
1142 4863 1238 4917 per
1283 4849 1554 4903 hominem
1596 4864 1785 4914 suum,
1831 4850 1923 4917 qui

330 4940 531 4989 octava
561 4934 648 4987 die
680 4934 1033 4991 Barcinonem
1076 4937 1318 5005 pervenit
1345 4938 1619 5004 octoginta
1648 4936 1781 4992 duas
1808 4938 1919 4992 cir-

328 5028 478 5080 citer
504 5026 682 5081 leucas
708 5028 775 5081 ah
798 5026 1027 5081 Elusoue
1052 5027 1313 5081 dissitam.
1354 5027 1525 5093 Quam
1550 5026 1837 5082 Elusonem
1864 5028 1918 5081 in

325 5113 511 5169 Gallia
538 5114 870 5172 Narbonensi
898 5116 1237 5173 itinerarium
1265 5117 1659 5187 Burdegaleuse
1687 5118 1919 5174 collocat

2021 3137 2233 3208 gustino
2278 3135 2597 3201 contigerat.
2656 3133 2781 3189 Haec
2824 3134 3007 3204 populi
3055 3138 3330 3192 contentio
3376 3139 3601 3193 multum

2021 3242 2153 3281 sane
2180 3224 2380 3292 negotii
2401 3223 2765 3291 molestiasque
2792 3221 3014 3279 Paulino
3044 3226 3301 3290 concivit,
3337 3228 3459 3294 quia
3490 3227 3600 3283 No-

2022 3317 2128 3370 lam
2167 3314 2420 3369 secedere
2457 3322 2736 3378 statuerat,
2770 3323 2825 3369 et
2852 3313 2981 3368 illud
3010 3324 3260 3385 tanquam
3292 3332 3488 3372 novum
3524 3318 3601 3373 in-

2023 3411 2401 3474 speratumque
2422 3403 2674 3472 placitum
2702 3402 2896 3458 divina:
2918 3404 3208 3460 voluntatis
3235 3410 3451 3476 expavit
3472 3419 3515 3462 τ.
3539 3408 3604 3464 Et

2023 3496 2147 3565 quia
2170 3495 2215 3550 si
2241 3494 2294 3548 in
2322 3493 2705 3548 Barcinonensi
2751 3492 2987 3550 Ecclesia
3024 3496 3395 3566 presbyteratu
3434 3498 3605 3551 initia-

2025 3596 2191 3650 retur,
2242 3585 2414 3639 eidem
2462 3583 2713 3639 Ecclesiae
2737 3584 2888 3652 juxta
2934 3600 3169 3641 canones
3202 3601 3262 3642 se
3297 3588 3502 3655 alligari
3532 3589 3602 3642 in-

2026 3676 2301 3742 telligebat
2322 3714 2337 3739 ,
2385 3683 2441 3728 et
2484 3675 2610 3743 quia
2639 3675 2948 3729 monasticae
2976 3675 3098 3727 vitae
3126 3676 3408 3730 consilium
3440 3678 3602 3731 lixum

2028 3764 2263 3820 haerebat
2288 3764 2493 3832 pectori
2517 3801 2533 3826 ,
2582 3762 2907 3831 promotioni
2936 3778 3044 3817 sua:
3068 3766 3374 3819 consentire
3400 3767 3603 3831 noluit;

2027 3854 2120 3908 sed
2148 3853 2359 3906 tandem
2405 3852 2481 3905 illi
2521 3866 2834 3906 concessum
2868 3861 2890 3889 ³
2921 3860 3004 3906 est
3029 3852 3161 3922 ejus,
3182 3867 3343 3921 quam
3373 3863 3605 3924 optaret,

2029 3941 2283 3997 Ecclesia:
2308 3940 2526 3995 servitio
2553 3954 2612 3994 se
2639 3940 2964 4009 mancipare.
2989 3941 3175 4010 Itaque
3202 3943 3447 4012 quamvis
3474 3947 3487 3978 ι
3520 3961 3607 3998 cu-

2029 4038 2183 4100 peret
2223 4030 2444 4084 calicem
2503 4029 2662 4084 istum
2715 4044 2747 4082 a
2809 4044 2869 4084 se
2924 4032 3187 4096 transire,
3264 4032 3606 4088 nihilominus

2030 4122 2205 4176 sciens
2249 4118 2517 4173 Christum
2565 4117 2803 4173 dixisse:
2852 4118 2977 4174 Non
3017 4122 3130 4174 veni
3158 4122 3476 4187 ministrari,
3516 4126 3606 4177 sed

2031 4210 2327 4263 ministrare
2370 4206 2583 4275 (Matt/1.
2612 4224 2701 4269 xx,
2734 4206 2847 4277 ‘28),
2889 4224 3113 4264 necesse
3140 4210 3242 4264 sibi
3282 4210 3443 4266 fuisse
3463 4211 3605 4281 judi-

2033 4302 2174 4355 cavit
2200 4300 2377 4354 dicere
2414 4300 2641 4353 Domino
2684 4318 2698 4351 :
2739 4299 2926 4352 Verum
2955 4316 3058 4354 non
3092 4317 3205 4355 mea
3233 4303 3487 4367 uoluntas,
3519 4305 3609 4357 sed

2032 4482 2276 4553 pemiisit
2302 4496 2365 4535 ea
2390 4481 2505 4548 lege
2533 4488 2592 4533 ut
2620 4481 2838 4534 dioecesi
2867 4490 3027 4535 certe
3056 4496 3162 4535 non
3194 4483 3519 4549 alligaretur,
3550 4486 3604 4537 in

2030 4573 2369 4627 sacerdotium
2404 4579 2600 4622 tantum
2628 4569 2859 4631 Domini,
2903 4587 3007 4623 non
3044 4573 3200 4625 etiam
3233 4574 3285 4625 in
3309 4574 3474 4626 locum
3503 4572 3601 4625 Ec-

2028 4664 2198 4715 clesia:
2244 4661 2528 4714 dedicatus.
2585 4658 2663 4711 Ita
2712 4658 3009 4713 Antiochiae
3060 4659 3116 4713 S.
3166 4661 3524 4732 Hieronymus
3574 4678 3604 4715 a

2030 4752 2251 4807 Paulino
2280 4750 2519 4819 ejusdem
2549 4750 2696 4804 urbis
2721 4750 2975 4819 episc0po
3009 4753 3299 4822 presbyter
3329 4752 3428 4807 fuit
3455 4769 3604 4808 crea-

2025 4850 2111 4895 tus
2139 4842 2279 4895 circa
2307 4854 2503 4901 annum
2533 4836 2657 4891 578.
2698 4840 2767 4891 At
2794 4849 2820 4876 ν
2852 4837 3102 4896 Paulinus
3127 4852 3312 4896 noster
3337 4858 3479 4898 anno
3502 4842 3607 4895 595

2024 4931 2306 5001 presbyter
2348 4928 2517 4981 factus
2566 4936 2678 4990 est,
2727 4928 2773 4982 si
2820 4928 3009 4982 Nolam
3042 4932 3123 4999 (ut
3150 4931 3424 4999 putamus)
3459 4947 3604 4984 anno

2022 5022 2132 5077 594
2155 5036 2213 5075 se
2242 5019 2542 5088 receperit;
2574 5026 2668 5071 aut
2695 5034 2835 5073 anno
2865 5019 3000 5082 59‘2,
3031 5020 3076 5074 si
3106 5020 3293 5075 Nolam
3323 5037 3464 5075 anno
3499 5020 3604 5074 595

2022 5113 2324 5175 secesserit,
2348 5126 2417 5165 eo
2448 5119 2472 5146 ι
2496 5109 2699 5164 scilicet
2727 5126 2869 5166 anno
2896 5126 3005 5180 quo
3033 5127 3091 5167 se
3119 5114 3187 5169 ad
3214 5115 3319 5169 iter
3338 5115 3602 5170 Nolanum

406 5318 443 5381 -_
459 5309 675 5381 Paulin.
707 5327 793 5381 ep.
826 5311 997 5379 l'l,n.
1030 5314 1081 5367 5.
1156 5300 1363 5368 blbid.
1419 5314 1710 5376 chid.,n.
1743 5314 1795 5368 t.
1872 5303 2835 5381 εἸ]ιί(1.,η.ἒ⁷›.,εεΕ-ιιςιιᾷςᾰμιλἈ
2876 5309 3234 5381 flbid.,n.l.
3312 5311 3599 5381 sEpist.{i,

328 5378 503 5449 n.}2.
582 5378 788 5449 “Epist
834 5378 1074 5443 1.11.40.
1158 5382 1339 5437 ilhid.
1420 5383 1795 5447 ilbid.,n.ll.

328 5455 362 5520 ξ
393 5447 575 5520 Ep._l,
607 5447 789 5520 11.10;
826 5460 883 5504 et
909 5466 1074 5520 carm.
1108 5452 1196 5520 12,
1228 5469 1276 5506 v.
1309 5452 1396 5505 56.

326 5513 387 5578 2,
420 5513 474 5569 ἡ.
504 5518 556 5570 2.

337 5582 409 5639 10
438 5596 490 5640 et
518 5588 603 5639 H.

1877 5381 1899 5418 κ
1931 5371 2069 5441 liap.
2091 5380 2144 5441 7,
2175 5394 2229 5430 n.
2256 5374 2309 5427 2.

1475 5464 1499 5489 °
1531 5452 1626 5520 ΕΡ·
1660 5452 1711 5528 ἐν
1741 5469 1795 5506 ιι·
1828 5451 1880 5528 ἑο
1957 5462 1984 5499 ¹⁵
2014 5451 2109 5528 EP-
2155 5451 2211 5528 ἓν
2267 5451 2422 5528 "2?-
2486 5455 2526 5528 1³
2545 5451 2723 5528 E912!-
2754 5451 2802 5502 ¹·
2834 5451 3014 5528 ’.³ιὲθὲ
3043 5463 3134 5528 9P;
3164 5451 3240 5528 ‘z.

634 5530 657 5558 ι
692 5511 862 5590 Epist.
906 5519 955 5583 1,
995 5538 1049 5575 n.
1084 5511 1194 5576 10.,
1245 5530 1266 5558 ³
1299 5522 1428 5577 Ibid.
1508 5525 1527 5560 ί
1750 5538 1801 5580 n.
1836 5521 1885 5573 2.

2027 5511 2114 5588 Ep.
2149 5520 2200 5585 l,
2235 5534 2286 5571 ιι.
2322 5511 2404 5566 10.
2486 5523 2509 5549 ν
2541 5511 2715 5569 Cliiﬂl.
2750 5533 2801 5586 p.
2839 5517 2960 5571 158.
3003 5511 3009 5513 ”
3038 5511 3300 5572 ll"Paulin.
3332 5530 3421 5585 ep.
3456 5517 3505 5584 1,
3543 5511 3599 5575 i1.

2396 5374 2411 5449 ξ
2449 5372 2656 5449 Paulin.
2690 5394 2776 5449 ep.
2810 5378 2862 5445 4,
2894 5379 3031 5449 nsi.
3070 5372 3076 5375 ’
3112 5390 3149 5417 ω
3180 5381 3353 5449 Epist.
3380 5372 3432 5439 ἶ,
3464 5396 3519 5433 n.
3544 5379 3599 5435 2.

2060 5466 2109 5518 p.
2160 5449 2211 5511 ἓ,
2267 5442 2422 5518 n._
2502 5455 2526 5492 (ι
2551 5442 2802 5518 Δξῆρὶίιξὶ.
2922 5447 3014 5513 10;
3046 5463 3132 5518 ep.
3164 5442 3303 5510 ιιίη.
3333 5448 3398 5509 4;
3430 5458 3484 5518 et
3512 5465 3601 5518 ep.
