4066 6192
347 305 411 359 47
1353 296 1409 351 S.
1450 293 1788 351 PAULINUS
1825 292 2139 349 NOLANUS
2178 291 2583 350 EPISCOPUS.
3533 294 3602 349 48

348 412 569 484 parabat
588 412 686 467 sub
712 410 1013 483 proximum
1041 409 1262 465 Pascha.
1291 409 1442 477 Quod
1463 411 1507 465 si
1538 421 1561 448 ιι
1586 411 1693 464 dies
1722 408 1929 464 Domini
1956 412 2002 470 Α
2029 417 2216 471 terra,
2246 416 2301 461 et
2326 414 2470 461 scuta
2493 406 2758 461 catholicae
2776 406 2899 475 ﬁdei
2928 405 3102 459 omnia
3125 404 3306 475 jacula
3329 405 3601 461 candentia

349 518 457 572 quo
482 502 762 572 presbyter
787 509 999 556 creatus
1025 508 1110 555 est
1137 500 1277 555 diem
1307 498 1630 553 dominicam
1656 498 1917 566 designet,

352 605 462 645 non
507 590 699 644 festum
749 590 892 644 diem
943 588 1170 644 Domino
1216 601 1426 642 sacrum
1450 627 1465 651 ,
1516 587 1755 642 dicemus
1798 600 1921 640 eum

354 696 495 735 anno
536 680 642 734 395
686 687 1058 734 consecratum
1107 678 1370 733 dominica
1401 677 1487 732 die
1528 691 1701 745 eaque
1726 674 1922 730 Christi

354 770 628 825 Nativitati
657 784 810 824 sacra
832 807 846 833 ,
895 783 1014 821 cum
1044 783 1111 822 eo
1139 766 1337 822 Christi
1364 780 1506 820 anno
1535 764 1640 819 595
1667 772 1812 819 esset
1839 764 1926 818 Iit-

354 868 471 915 tera
498 860 833 914 dominicalis
858 859 919 925 Β,
944 867 998 913 et
1024 858 1321 912 incurreret
1348 857 1401 912 in
1432 874 1520 912 Vtu
1550 856 1799 912 calendas
1823 855 1915 910 Ja-

355 950 572 1004 nuarias
600 949 865 1003 dominica
890 948 1021 1002 dies.
1072 946 1315 1001 Initiatus
1342 961 1471 1014 ergo
1500 948 1598 1001 fuit
1621 947 1926 1003 sacerdotio

356 1052 388 1091 a
413 1038 436 1076 δ
468 1038 691 1106 Lampio
720 1036 1098 1091 Barcinonensi
1127 1037 1406 1105 episcopo,
1443 1036 1584 1106 qui,"
1614 1043 1672 1089 ut
1698 1036 1925 1101 videtur,

355 1128 609 1184 suITectus
655 1127 832 1182 fuerat
879 1126 935 1182 S.
970 1126 1200 1182 Paciano
1226 1127 1326 1182 sub
1351 1125 1655 1181 Theodosio
1692 1134 1816 1181 ante
1843 1142 1931 1181 an-
1974 1126 1984 1135 “

356 1235 485 1274 num
515 1217 619 1272 592
639 1220 750 1285 vita
780 1217 984 1272 functo.

424 1310 478 1363 2.
518 1308 637 1363 Jam
666 1324 795 1363 vero
823 1323 930 1376 quo
974 1307 1139 1361 animi
1170 1321 1327 1362 sensu
1346 1347 1361 1373 ,
1391 1314 1595 1376 quanta
1622 1304 1933 1361 submissio-

358 1414 457 1463 ne,
484 1406 685 1466 quanta
728 1397 1026 1451 reverentia
1054 1395 1251 1449 Christi
1274 1395 1405 1464 jugo
1446 1395 1588 1449 colla
1617 1393 1931 1460 subdiderit,

358 1488 473 1557 ipse
517 1486 852 1556 persequitur
886 1503 897 1537 :
929 1486 955 1521 ά
1000 1484 1159 1550 Data,
1208 1485 1400 1552 inquit,
1440 1485 1629 1537 cervice
1664 1485 1719 1537 in
1751 1486 1936 1555 jugum

360 1580 549 1633 Christi
569 1580 708 1633 video
730 1579 931 1648 majora
953 1593 1030 1631 me
1047 1578 1240 1631 meritis
1254 1585 1302 1629 et
1323 1575 1551 1629 sensibus
1567 1592 1722 1645 opera
1750 1585 1937 1629 tracta-

358 1686 434 1733 re;
440 1671 649 1739 jamque
670 1668 875 1720 arcanis
904 1676 952 1719 et
981 1665 1324 1734 penetralibus
1352 1665 1450 1718 Dei
1472 1664 1658 1719 summi
1684 1675 1938 1729 receptum

2022 499 2321 571 nequissimi
2348 500 2673 568 exstinguere
2708 507 2759 551 et
2784 499 3063 552 certamine
3097 497 3383 561 decertata,
3414 513 3595 551 cursu-

2020 606 2117 659 que
2155 589 2390 651 decurso,
2421 588 2527 658 fide
2554 596 2787 652 servata,
2828 588 3113 641 ministeria
3155 587 3382 656 impleto,
3427 602 3605 656 exspe-

2021 689 2161 733 ctare
2186 680 2317 733 illud
2337 679 2473 750 quod
2495 678 2749 732 Dominus
2769 678 2822 731 in
2842 678 2934 731 illa
2957 677 3040 730 die
3053 676 3222 747 justus
3238 676 3404 746 judea:
3426 676 3606 730 reddet

2023 768 2257 823 omnibus
2286 770 2371 839 qui
2400 769 2631 839 diligunt
2672 768 2944 822 adventum
2982 768 3094 837 ejus
3134 766 3224 838 (II
3259 767 3391 822 Tim.
3424 782 3499 831 tv,
3522 765 3599 837 8).

2025 859 2234 913 Paulini
2261 859 2424 913 etiam
2472 857 2743 913 humilitas
2784 857 2841 912 in
2886 872 2953 913 eo
2979 858 3156 913 elucet
3181 857 3327 926 quod
3356 856 3606 925 Augusti-

2027 964 2154 1003 num
2199 948 2479 1019 presbyter
2527 950 2740 1019 fratrem
2781 948 2872 1002 vix
2912 947 3133 1002 auderet
3175 947 3484 1017 appellare;
3528 947 3602 1000 ita

2026 1040 2167 1093 enim
2195 1037 2264 1093 ad
2290 1053 2413 1092 eum
2440 1037 2625 1093 scribit
2648 1054 2660 1089 :
2687 1034 2713 1073 ιι
2734 1035 3144 1107 Prwsumptione
3161 1038 3319 1107 igitur
3340 1052 3444 1090 non
3471 1051 3606 1099 mea,

2024 1126 2117 1179 sed
2152 1126 2342 1195 placito
2387 1134 2437 1179 et
2476 1125 2799 1179 ordinatione
2837 1124 3080 1190 Domini,
3129 1125 3476 1195 fraternitatis
3507 1132 3607 1178 tute

2029 1216 2155 1269 mihi
2182 1215 2348 1287 fmdus
2385 1230 2643 1284 usurpans
2665 1252 2681 1277 ,
2728 1222 2870 1268 tanto
2914 1214 3161 1286 indignus
3199 1216 3392 1268 honore
3415 1230 3497 1266 me
3522 1212 3619 1265 di-'

2030 1323 2180 1377 gnor,
2209 1307 2329 1375 quia
2349 1314 2398 1358 te
2424 1321 2519 1376 pro
2553 1314 2641 1359 tua
2675 1305 2951 1359 sanctitate
2975 1313 3113 1359 certo
3141 1305 3247 1358 scio
3269 1320 3374 1358 non
3401 1302 3509 1357 alta
3528 1318 3607 1356 sa-

2032 1412 2169 1466 pere,
2193 1397 2282 1451 sed
2311 1395 2586 1451 humilibus
2611 1412 2911 1467 congruere.

2559 1519 2695 1561 anno
2723 1520 2928 1560 cnutsrt
2955 1503 3078 1559 594.

2609 1616 2836 1673 CAPUT
2888 1616 3025 1671 XVI.

359 1766 407 1809 et
428 1759 673 1810 insertum
697 1756 1074 1808 communicare
1100 1754 1340 1819 caelestia,
1372 1763 1421 1807 et
1454 1752 1567 1808 Deo
1592 1755 1803 1824 propius
1834 1754 1933 1807 ad-

2042 1730 2597 1824 Su'lpictum‘Severum
2620 1730 2688 1784 ad
2709 1728 2761 1783 Ν
2766 1730 2973 1824 olanum
2992 1747 3241 1824 secessum
3262 1727 3445 1824 invitqt
3469 1729 3607 1824 Pa:-

359 1858 551 1901 motum
574 1848 630 1900 in
669 1848 851 1916 spiritu
878 1847 989 1914 ipso
1020 1843 1228 1907 Christi,
1260 1854 1308 1898 et
1326 1860 1564 1913 corpore,
1599 1852 1647 1897 et
1666 1844 1939 1913 splendore

359 1938 571 1991 uersari.
622 1934 724 1989 Via:
743 1935 908 1986 adhuc
930 1934 1242 1987 intellectum
1263 1949 1428 1987 sacra:
1451 1933 1599 1987 molis
1621 1935 1768 2003 capio
1797 1950 1939 1987 men-

360 2030 426 2081 tis
454 2026 734 2096 angustiis;
764 2033 813 2077 et
842 2039 970 2076 onus
996 2025 1222 2077 muneris
1244 2024 1341 2077 mei
1360 2025 1593 2077 conscius
1620 2024 1938 2093 infirmitatis

360 2116 597 2169 horresco
630 2130 647 2167 :
691 2113 781 2167 sed
809 2114 852 2167 is
876 2114 958 2182 qui
991 2113 1298 2180 sapientiam
1336 2113 1560 2182 parvulis
1589 2113 1729 2166 dedit
1765 2112 1935 2183 (Psal.

359 2222 505 2268 xvm,
528 2203 606 2273 8),
648 2213 697 2257 et
720 2219 785 2256 ea:
828 2219 917 2256 ore
958 2203 1235 2271 infantium
1256 2212 1405 2270 atque
1426 2203 1720 2257 lactentium
1739 2205 1940 2273 perficit

361 2294 565 2347 laudem
590 2292 705 2355 sibi,
732 2300 912 2361 potens
940 2300 1015 2344 est
1029 2292 1082 2344 in
1103 2308 1184 2345 me
1205 2307 1331 2361 opus
1345 2308 1491 2345 suum
1511 2293 1755 2361 perﬁcere
1765 2302 1814 2346 et
1828 2309 1940 2345 nut-

362 2400 458 2437 nus
485 2399 705 2447 ornare;
747 2390 804 2435 ut
831 2398 886 2436 se
913 2381 1123 2451 dignum
1155 2382 1317 2450 faciat
1343 2398 1491 2453 quem
1522 2380 1589 2435 ab
1618 2382 1829 2454 indigno
1860 2400 1941 2437 vo-

362 2475 515 2526 cavit.
569 2472 736 2540 Digna
781 2471 940 2539 digno
981 2473 1089 2542 29
1123 2478 1179 2525 et
1217 2471 1403 2525 humili
1430 2472 1713 2528 sacerdote
1737 2474 1935 2528 verba!

364 2563 571 2630 Quanta
600 2572 779 2618 autem
816 2562 1116 2617 humilitate
1143 2562 1298 2617 altari
1326 2562 1618 2619 deserviret
1658 2573 1713 2619 et
1740 2572 1941 2620 tracta-

362 2663 447 2709 ret
492 2654 744 2725 mysteria
790 2652 1044 2723 pietatis,
1090 2666 1156 2707 ex
1200 2653 1282 2707 his
1328 2667 1447 2722 quae
1472 2663 1860 2721 pmcesserunt
1886 2664 1943 2711 et

364 2747 606 2816 proxime
630 2753 925 2815 sequuntur
952 2744 1205 2814 colligere
1232 2753 1332 2800 est.
1382 2744 1474 2800 Sic
1497 2746 1641 2800 enim
1661 2746 1846 2801 scribit
1873 2747 1942 2801 ad

364 2835 660 2889 Amandum
689 2834 849 2904 paulo
877 2842 999 2903 post
1034 2834 1491 2890 consecrationem
1517 2849 1667 2889 suam
1693 2853 1705 2889 :
1741 2846 1765 2873 ο
1794 2834 1942 2891 Prte-

364 2926 498 2978 venti
526 2925 683 2994 igitur
704 2941 735 2977 a
757 2922 1002 2991 Domino,
1047 2933 1097 2977 et
1136 2924 1440 2994 apprehensi
1466 2924 1530 2977 ab
1568 2941 1627 2979 eo
1653 2942 1800 2996 quem
1822 2942 1942 2980 nec-

365 3015 485 3067 dum
512 3014 961 3084 apprehendimus,
992 3015 1301 3068 deseruimus
1323 3016 1512 3070 altario
1538 3015 1650 3081 Dei,
1672 3026 1723 3071 et
1748 3019 1942 3073 mensis

367 3103 683 3157 salutaribus
712 3105 1084 3168 ministramus,
1120 3105 1234 3174 jam
1261 3107 1464 3159 nomine
1485 3107 1746 3176 officioque
1766 3109 1939 3161 senio-
1965 3110 2013 3171 C

364 3211 464 3259 res,
490 3211 639 3249 sensu
678 3205 847 3248 autem
875 3195 1042 3247 adhuc
1069 3195 1266 3263 parvuli
1284 3235 1298 3257 ,
1330 3205 1378 3248 et
1410 3212 1644 3249 srmone
1672 3197 1933 3250 lactentes.

368 3283 388 3321 ί
424 3283 572 3348 Quod
600 3286 936 3338 ministerium
963 3295 1018 3338 ut
1042 3286 1169 3340 bene
1188 3286 1501 3349 ministrem,
1524 3296 1573 3339 et
1601 3288 1815 3356 gradum
1844 3288 1937 3342 bo-

364 3390 485 3427 num
511 3375 633 3427 mihi
647 3376 925 3443 acquiram,
949 3383 997 3427 et
1018 3374 1174 3427 sciam
1197 3376 1415 3445 qualiter
1433 3383 1665 3443 oporteat
1684 3393 1765 3430 me
1782 3377 1835 3429 in
1854 3377 1942 3431 do-

364 3481 447 3518 mo
466 3463 558 3517 Dei
581 3466 870 3518 conversari
884 3472 931 3518 et
952 3474 1171 3519 tractare
1198 3467 1493 3535 mysterium
1507 3469 1730 3537 pietatis,
1751 3478 1821 3535 tu,
1841 3469 1938 3523 do-

365 3556 501 3607 mine
530 3554 829 3608 venerabilis
857 3564 907 3608 et
935 3557 1116 3625 frater,
1149 3565 1197 3609 et
1224 3556 1430 3610 domine
1456 3560 1511 3611 in
1545 3558 1746 3612 Christo
1769 3558 1937 3622 nobis,

365 3661 457 3697 ora
496 3643 775 3698 Dominum
810 3646 863 3698 in
894 3646 1032 3699 omni
1071 3647 1204 3701 bono
1243 3646 1445 3701 divitem
1468 3686 1483 3712 ,
1531 3657 1587 3700 ut
1625 3646 1938 3702 abundamus

364 3735 485 3804 fide,
517 3742 566 3788 et
592 3749 840 3798 sermone,
882 3744 932 3789 et
958 3737 1203 3803 scientia,
1232 3746 1283 3790 et
1316 3739 1453 3791 omni
1475 3736 1854 3793 sollicitudine.
1886 3779 1899 3793 .
1921 3779 1935 3792 .

364 3824 625 3879 Prwterea
655 3826 763 3895 ipse
797 3826 1025 3895 epistolis
1055 3828 1155 3882 tuis
1183 3844 1276 3882 nos
1308 3844 1447 3899 saepe
1473 3830 1673 3883 instrue
1698 3846 1935 3884 necessa-

364 3916 453 3971 riis
480 3914 873 3983 supplementis;
919 3917 1170 3968 enutritus
1194 3918 1329 3969 enim
1369 3918 1686 3972 sermonibus
1726 3919 1851 3988 ﬁdei
1888 3929 1939 3973 et

361 4005 510 4056 bona?
536 4002 801 4067 doctrinas,
830 4018 981 4071 quam
1008 4019 1041 4055 a
1059 4019 1216 4072 puero
1242 4006 1298 4057 in
1332 4007 1495 4059 sacris
1530 4005 1737 4060 Litteris
1762 4007 1937 4061 subse-

362 4100 507 4144 cutus
531 4106 608 4156 es,
628 4091 855 4160 informa
881 4106 973 4145 nos
998 4092 1067 4143 ad
1083 4093 1313 4162 regulam
1332 4093 1648 4160 directionis,
1670 4112 1824 4163 pasce
1844 4113 1936 4151 nos

362 4181 586 4249 spiritali
616 4180 746 4243 cibo,
786 4180 841 4234 id
877 4190 955 4234 est
978 4181 1126 4234 verbo
1153 4180 1252 4234 Dei
1270 4220 1285 4245 ,
1314 4183 1400 4252 qui
1429 4193 1506 4236 est
1528 4201 1671 4239 verus
1693 4194 1743 4239 et
1769 4187 1938 4240 vivens

361 4272 533 4339 panis,
562 4280 611 4324 et
638 4287 752 4325 esca
775 4272 1030 4342 justomm
1050 4274 1135 4342 qui
1162 4288 1226 4326 ea:
1247 4274 1352 4342 fide
1376 4276 1565 4331 vivunt.
1586 4288 1611 4325 ις
1636 4276 1802 4349 Igitur
1818 4281 1937 4350 quia

363 4364 489 4431 facti
518 4378 690 4416 sumus
718 4363 783 4416 de
808 4362 983 4416 ovibus
1009 4374 1270 4433 pastores,
1302 4373 1351 4417 et
1376 4368 1530 4434 positi
1550 4384 1722 4422 sumus
1750 4370 1803 4421 in
1825 4372 1939 4441 fun-

2109 1799 2286 1922 tinuit.‘
2298 1799 2375 1854 De
2401 1816 2496 1855 sua
2523 1799 2592 1852 ad
2637 1800 2980 1854 sacerdotium
3016 1801 3333 1871 promotione
3376 1800 3608 1855 Amantio

2109 1886 2209 1922 scn
2244 1886 2262 1922 ι

2108 1886 2262 1923 εει-ενι

2109 1985 2160 2039 1.
2192 1984 2306 2041 Hoc
2334 1984 2349 2023 ί
2382 1999 2525 2041 anno
2550 2000 2673 2041 cum
2694 1984 2948 2041 Paulinus
2974 1983 3161 2039 Nolam
3183 1980 3482 2045 secesserit,
3503 1980 3609 2049 pri-

2038 2089 2185 2128 mum
2214 2074 2268 2129 in
2289 2074 2502 2129 laudem
2527 2073 2585 2130 S.
2611 2073 2803 2130 Felicis
2823 2088 3041 2129 cannea
3068 2073 3370 2127 natalitium
3399 2070 3467 2125 ad
3485 2070 3609 2125 anni

2037 2162 2235 2217 Christi
2263 2162 2367 2217 594
2396 2177 2633 2218 mensem
2671 2161 2980 2218 Ianuarium
3010 2162 3281 2232 pertinere
3309 2161 3609 2230 opinamur,

1986 2290 1991 2292 τ
2043 2250 2058 2301 i
2096 2251 2462 2320 scriptumque
2490 2248 2652 2306 fuisse
2680 2251 2735 2306 in
2764 2250 3035 2322 Hispania,
3077 2250 3217 2306 unde
3261 2249 3447 2304 Nolam
3492 2255 3609 2318 post

2038 2338 2241 2395 Pascha
2286 2339 2588 2410 proximum
2631 2338 2967 2410 profecturus
3011 2340 3090 2397 sic
3134 2348 3420 2412 patronum
3456 2353 3607 2394 suum

2036 2429 2269 2486 Felicem
2293 2430 2581 2500 alloquitur
2604 2428 2630 2468 ι
2656 2448 2671 2483 :

2158 2541 2264 2606 {am
2283 2542 2546 2606 desideriis
2567 2544 2802 2593 immenso
2825 2549 3047 2606 tempore
3077 2543 3218 2593 fessis

2162 2602 2373 2665 Consule
2394 2617 2407 2651 :
2427 2604 2522 2665 jam
2542 2606 2618 2655 vel
2635 2617 2749 2653 sero
2770 2602 2956 2653 memor
2975 2605 3212 2665 miserere
3231 2612 3421 2653 tuorum
3441 2613 3457 2649 :

2164 2663 2359 2728 Perque
2382 2663 2573 2728 orbem,
2598 2668 2756 2724 magni
2779 2667 2862 2727 qui
2883 2678 2970 2728 nos
2987 2664 3152 2727 procul
3174 2676 3371 2728 equore
3391 2664 3520 2726 ponti

2161 2724 2406 2788 Dispersi,
2430 2726 2623 2788 obtritis
2643 2739 2753 2786 qua
2778 2724 2863 2775 nos
2881 2724 3069 2774 inimica
3093 2724 3362 2788 retardant,

2165 2784 2331 2849 Pande
2353 2787 2451 2849 vias
2468 2784 2748 2849 facilem‘et,
2774 2788 2817 2849 si
2838 2787 3209 2849 prOperantibus
3228 2786 3297 2849 ad
3312 2784 3363 2834 te

2165 2844 2360 2909 [nvidus
2386 2848 2540 2896 boetia
2559 2844 2718 2905 obest,
2736 2844 2939 2907 'objecta'
2954 2846 3187 2909 repagula
3203 2846 3337 2908 pelle

2164 2905 2355 2969 fortior
2378 2909 2617 2967 adversis,
2644 2917 2695 2957 et
2709 2905 2888 2958 amicos
2909 2905 3126 2969 proveho
3147 2905 3335 2957 cui-sus.

2162 2966 2264 3030 Seu
2290 2967 2478 3030 placeat
2499 2970 2689 3018 telluris
2710 2971 2826 3028 iter,
2847 2966 3011 3018 comes
3035 2980 3219 3028 aggere
3236 2977 3340 3016 tuto

2162 3028 2270 3146 ἕο
2292 3028 2414 3110 Esto
2432 3038 2532 3087 tuis
2555 3051 2567 3085 :
2591 3050 2681 3086 seu
2698 3050 2870 3097 magna
2890 3040 2957 3086 tui
2977 3037 3141 3110 ﬁducia
3163 3036 3316 3097 longo,

2204 3098 2382 3146 uadeat
2404 3110 2478 3146 tre
2498 3100 2637 3146 mari.
2662 3098 2722 3145 da
2746 3110 2948 3146 currere
2967 3097 3189 3146 mollibus
3210 3097 3316 3145 undi

2204 3098 2382 3147 uadeat
2404 3101 2478 3147 ire
2498 3100 2637 3157 mari,
2662 3098 2722 3145 da
2746 3110 2948 3147 currere
2967 3097 3189 3146 mollibus
3210 3097 3363 3156 undis,

2164 3157 2225 3219 Et
2245 3157 2435 3219 famulis
2457 3157 2657 3207 famulos
2676 3169 2705 3219 _a
2730 3159 2874 3219 puppi
2897 3171 3115 3219 suggere
3137 3165 3326 3214 ventos,

2163 3216 2228 3279 Ut
2245 3217 2482 3279 Campana
2504 3219 2641 3279 simul
2664 3216 2855 3268 Christo
2875 3216 3015 3279 duc'e'
3026 3218 3182 3267 littora
3204 3220 3349 3277 vecti,

2165 3277 2235 3327 Ad
2262 3285 2341 3328 tua
2365 3277 2473 3327 mox
2500 3278 2643 3327 alacri
2667 3281 2908 3339 rapiamur
2927 3278 3133 3328 culmina
3155 3291 3315 3336 cursu,

2166 3339 2320 3403 Inque
2347 3345 2430 3389 tuo
2454 3339 2665 3403 placidus
2688 3340 2828 3389 nobis
2849 3340 2914 3389 sit
2937 3340 3103 3388 limine
3126 3346 3310 3402 portus.

2109 3482 2220 3539 Nec
2246 3483 2418 3540 solum
2464 3483 2687 3540 Paulino
2714 3486 2998 3540 metuenda
3028 3491 3183 3539 erant
3210 3483 3407 3538 diaboli
3436 3498 3601 3538 cona-

2039 3574 2203 3639 mina,
2233 3573 2327 3628 sed
2356 3582 2412 3629 et
2438 3574 2675 3644 pericula
2704 3574 2980 3629 commissi
3008 3572 3367 3628 Theodosium
3396 3572 3532 3626 inter
3558 3581 3606 3631 et

2039 3662 2333 3731 Eugenium
2361 3662 2713 3719 Occidentalis
2741 3663 2948 3733 imperii
2993 3671 3363 3734 usurpatorem
3414 3660 3433 3702 ι
3465 3663 3607 3732 belli,

2038 3751 2181 3820 quod
2210 3752 2424 3806 nonnisi
2452 3766 2637 3806 mense
2663 3751 2966 3821 Septembri
2994 3751 3215 3820 hujusce
3243 3753 3366 3806 anni
3396 3750 3607 3806 absolu-
3689 3803 3704 3812 ,

2039 3849 2150 3894 tum
2177 3848 2281 3895 est.
2319 3839 2412 3895 Ille
2438 3849 2519 3894 est
2545 3839 2723 3894 forsan
2752 3841 3033 3911 hymnus'n
3060 3855 3219 3910 quem
3264 3841 3482 3911 Alypius
3510 3843 3608 3897 hoc

2037 3932 2226 3987 eodem
2254 3945 2395 3985 anno
2423 3930 2643 3999 legerat.
2685 3930 2923 3986 Vidimus
2947 3946 3107 4001 supra
3136 3942 3161 3968 ιι
3191 3930 3483 4001 Sulpicium
3510 3932 3609 3987 Sc-

2036 4036 2221 4077 vcrum
2266 4020 2499 4075 Elusone
2527 4035 2668 4075 anno
2713 4021 3032 4090 praecedenti
3060 4020 3284 4077 Paulino
3311 4022 3607 4089 scripsisse,

2037 4111 2180 4180 quod
2207 4111 2346 4165 bona
2376 4110 2625 4165 abdicare
2651 4118 2914 4166 statuerat
2953 4125 3015 4165 ac
3054 4112 3293 4165 seculunt
3322 4110 3528 4179 fugere,
3556 4120 3609 4164 et

1988 4214 1991 4219 '
2038 4200 2317 4255 laborabat
2342 4200 2566 4254 multum
2594 4207 2652 4253 ut
2678 4214 2776 4269 pro
2802 4214 2901 4253 suo
2926 4213 2991 4253 ac
3034 4196 3239 4253 Paulini
3264 4201 3404 4254 facto
3441 4200 3607 4253 ratio-

2038 4305 2159 4343 nem
2205 4288 2469 4343 redderet.
2518 4287 2813 4357 Respondit
2841 4295 2867 4323 ο
2908 4288 2959 4342 ei
3005 4288 3258 4342 Paulinus
3285 4288 3445 4358 paulo
3484 4297 3611 4343 ante

2037 4376 2264 4442 Pascha,
2295 4385 2350 4432 et
2375 4378 2665 4432 maximum
2694 4377 2768 4431 illi
2787 4377 3035 4445 gaudium
3061 4386 3289 4433 testatus
3310 4386 3393 4432 est
3421 4379 3487 4433 de
3514 4393 3609 4433 ac-

302 4470 307 4477 '
365 4454 606 4507 damento
618 4453 966 4523 apostolorum
986 4464 1034 4507 et
1052 4454 1438 4523 prophetarum,
1465 4458 1661 4511 erudite
1686 4468 1733 4512 et
1747 4461 1935 4529 conﬁr-
1964 4454 2013 4514 1)
2037 4477 2193 4537 cepta
2224 4468 2338 4537 ejus
2374 4468 2618 4538 epistola,
2646 4482 2751 4537 qua
2798 4468 2940 4523 illius
2981 4470 3034 4523 in
3074 4470 3275 4538 pietate
3310 4469 3607 4539 profectum

361 4550 500 4593 male
522 4557 705 4595 manus
732 4542 800 4595 ad
828 4544 1121 4611 aedificandi
1150 4545 1435 4611 scientiam,
1463 4556 1518 4599 ut
1545 4548 1717 4616 lapide
1742 4551 1828 4619 qui
1857 4552 1937 4619 fa-

363 4640 475 4683 ctus
517 4640 594 4684 est
638 4632 693 4684 in
732 4642 885 4701 caput
932 4636 1109 4704 anguli
1157 4636 1355 4690 discam
1391 4638 1636 4706 parietem
1674 4647 1939 4710 utrumque

364 4730 694 4783 connectere,
725 4732 773 4775 et
799 4724 852 4775 in
882 4725 1119 4792 templum
1147 4735 1383 4780 sanctum
1418 4737 1569 4798 atque
1591 4730 1646 4781 in
1674 4728 1937 4783 habitacu-

366 4810 471 4861 lum
503 4810 634 4875 Dei,
667 4828 884 4881 corpora
928 4823 975 4866 et
1015 4814 1176 4867 corda
1205 4816 1309 4883 fide
1338 4817 1583 4870 mundata
1603 4828 1934 4887 construere;

364 4915 456 4967 per
484 4917 631 4953 arma
660 4902 888 4970 Apostoli
915 4906 1143 4970 potentia
1172 4904 1282 4959 Deo
1310 4921 1511 4960 omnem
1539 4908 1813 4971 elationem
1845 4927 1935 4964 ea:-

368 4989 626 5043 tollentem
654 5006 710 5044 se
745 4991 985 5045 adrersus
1015 4994 1281 5047 scientiam
1314 4994 1413 5048 Dei
1448 4998 1701 5066 captivam
1730 5000 1931 5066 ducere,

366 5094 567 5132 omnem
590 5080 899 5133 intellectum
928 5082 996 5133 ad
1028 5080 1361 5137 obedientiam
1401 5082 1601 5139 Christo
1639 5087 1931 5156 perducere,

365 5169 714 5239 evangelicum
746 5173 967 5224 securim
1001 5171 1241 5226 arborum
1278 5174 1535 5229 radicibus
1564 5177 1854 5242 admovere,
1887 5190 1937 5233 et

362 5261 537 5332 gladio
561 5261 791 5330 spiritus,
820 5262 876 5314 id
902 5271 977 5315 est
1005 5262 1150 5319 verba
1172 5263 1296 5329 Dei,
1324 5265 1614 5334 interficere
1640 5278 1934 5340 peccatores

2036 4566 2406 4627 cognosceret,
2431 4573 2661 4628 eumque
2697 4558 2856 4614 docet
2876 4559 3145 4626 quomodo
3173 4559 3520 4629 responderet
3546 4560 3609 4615 iis

2035 4650 2126 4718 qui
2157 4649 2301 4717 ipsos
2327 4649 2603 4718 despectui
2643 4648 2925 4715 haberent,
2965 4656 3023 4702 ut
3050 4658 3076 4698 ιι
3103 4664 3262 4718 supra
3309 4648 3607 4702 retulimus.

2037 4737 2235 4791 Scribit
2280 4752 2341 4792 se
2386 4737 2458 4791 ita
2500 4745 2869 4791 consecratum
2910 4736 3276 4808 presbyterum
3305 4735 3448 4805 quod
3477 4737 3607 4792 nulli

2037 4825 2290 4881 Ecclesiae
2317 4827 2388 4881 sit
2415 4826 2675 4894 alligatus,
2700 4826 2882 4894 sicque
2906 4828 3015 4882 voti
3038 4827 3333 4882 communis
3357 4841 3478 4882 sese
3502 4826 3610 4882 No-

2041 4917 2145 4970 lam
2179 4916 2468 4985 recipiendi
2513 4917 2715 4970 salvam
2763 4932 2879 4972 esse
2922 4918 3204 4972 rationem.
3254 4919 3439 4987 Itaque
3483 4934 3607 4974 eum

2040 5005 2285 5059 hortatur
2312 5013 2373 5058 ut
2408 5005 2761 5060 Barcinonem
2790 5007 2968 5060 veniat
3012 5015 3138 5061 ante
3165 5006 3357 5062 festum
3382 5006 3606 5074 Pascha,

2039 5093 2131 5161 qui
2159 5093 2276 5147 dies
2304 5108 2445 5147 anno
2472 5092 2576 5147 594
2618 5102 2736 5147 erat
2761 5093 2797 5145 2
2823 5095 3037 5163 Aprilis,
3077 5097 3122 5150 si
3170 5096 3286 5165 ipso
3332 5099 3611 5153 sacerdote

2039 5197 2222 5236 sacras
2263 5181 2423 5237 ferias
2449 5182 2828 5237 concelebrare
2857 5185 3045 5250 vellet;
3094 5194 3186 5239 aut
3213 5188 3402 5241 saltem
3431 5189 3476 5242 si
3499 5189 3609 5257 jam

2042 5272 2095 5325 in
2125 5272 2314 5326 itinere
2341 5271 2545 5327 Nolano
2572 5272 2735 5327 vellet
2758 5288 3059 5342 occurrere,
3104 5277 3283 5333 statim
3330 5288 3455 5352 post
3505 5279 3609 5334 Pa-

325 5403 333 5447 '
437 5423 462 5450 α
497 5411 700 5467 Paultn.
730 5426 816 5481 ep.
851 5414 897 5476 1,
932 5430 985 5467 n.
1018 5414 1101 5469 I0.
1178 5416 1203 5454 δ
1234 5415 1276 5470 Ε
1319 5458 1331 5471 .
1359 5418 1412 5482 5,
1445 5436 1497 5474 n.
1529 5420 1581 5473 4.
1663 5432 1686 5461 ε
1717 5421 1934 5478 Hieron.

365 5481 552 5552 “Ibid.
576 5497 630 5535 n.
652 5482 713 5552 ζ).
791 5491 815 5528 κ
839 5482 994 5552 Ibid.,
1026 5502 1078 5537 n.
1110 5484 1160 5538 4.
1238 5434 1383 5552 llEp.
1428 5489 1479 5552 4,
1510 5506 1562 5544 n.
1594 5489 1645 5544 5.
1728 5490 1937 5546 iCbilll.

2030 5425 2132 5479 ital.
2166 5427 2365 5483 ο.106.
2440 5426 2466 5465 δ
2496 5428 2702 5484 Paulin.
2736 5446 2768 5485 e
2810 5473 2824 5486 .
2856 5432 2919 5496 1,
2953 5450 3005 5488 n.
3040 5435 3125 5491 10.
3206 5448 3230 5476 ⁸
3253 5437 3294 5491 Ε
3337 5478 3351 5492 .
3384 5438 3419 5492 2
3468 5458 3522 5494 ιι.
3553 5442 3605 5494 2.

2050 5493 2173 5549 I45.
2252 5498 2267 5547 i
2301 5496 2504 5552 Paulin.
2531 5514 2697 5552 carm.
2722 5447 2808 5552 ἡ
2885 5500 3079 5552 ιιιιίά-.
3103 5522 3154 5552 ν-
3188 5506 3274 5552 18-
3297 5455 3371 5545 pl
3409 5482 3605 5552 ὴιιηὶη-

365 5482 386 5513 ⁸
420 5481 552 5536 Ibid.
576 5497 630 5535 η.
660 5482 713 5534 5.
791 5491 815 5528 κ
839 5482 994 5549 Ibid.,
1026 5502 1078 5537 n.
1110 5484 1160 5538 4.
1238 5484 1263 5523 ιι

1333 5489 1479 5563 pL},
1510 5506 1562 5563 ῃ.
1594 5489 1645 5544 5.
1728 5490 1937 5563 iChii“.
1970 5510 2023 5563 p.
2050 5493 2173 5563 145.
2252 5498 2267 5547 i
2301 5496 2504 5552 Paulin.
2531 5514 2697 5553 carm.
2722 5500 2747 5552 1

2885 5500 3080 5567 λιθία..
3103 5522 3154 5559 ν.
3188 5506 3274 5559 18.
3297 5500 3315 5509 ’
3355 5506 3371 5545 ι
3409 5500 3606 5561 Rullin.

357 5550 538 5646 ξιξ.λέ
568 5551 744 5646 2355“,
769 5558 823 5646 et
846 5551 1090 5618 Ambros.
1112 5554 1178 5609 de
1200 5550 1622 5615 Fuu.'Theodos.
1699 5570 1738 5600 ω
1764 5560 1937 5616 Pauli:

2030 5579 2090 5633 ap.
2120 5562 2175 5631 3,
2206 5581 2260 5622 n.
2293 5568 2345 5621 ti.
2418 5550 2610 5638 scas;
2626 5550 2807 5638 11,3:
2825 5572 2877 5627 :5.
2929 5550 3333 5646 ῖῖὲυἰίιιῗὲρ.
3352 5550 3610 5644 thyio:

362 5630 392 5665 P
416 5618 547 5689 Cap.
583 5618 668 5679 11.
701 5636 752 5672 n.
785 5620 837 5672 2.

3410 5794 3437 5802 κ
