4020 6186
291 310 354 365 49
1663 312 2186 369 PROLEGOMENA.
3485 321 3554 380 50

287 425 412 478 scha
444 421 845 493 proﬁciscatur;
876 432 1140 480 statuerat
1177 425 1318 480 enim
1362 423 1632 500 Paulinus,
1679 425 1875 494 elapsis
1903 430 1950 488 Α
1979 426 2257 482 Paulinum
2280 430 2490 485 venisse
2517 429 2872 487 Mediolanum
2899 444 3220 491 censuerunt
3248 445 3304 491 ut
3329 438 3398 493 ibi
3425 418 3554 494 Am-

291 514 431 567 feriis
473 511 840 577 Paschalibus,
874 514 1171 569 Barcinone
1214 529 1311 584 per
1337 512 1536 570 Gallias
1575 515 1628 568 in
1668 513 1874 568 Italiam
1980 521 2216 576 brosium
2262 524 2493 590 videret;
2526 535 2551 574 q
2582 526 2765 582 melius
2811 527 3070 584 dixissem
3097 529 3419 585 Florentiam
3448 549 3557 601 quo

289 603 576 673 proficisci.
613 603 748 658 Dicit
775 619 835 658 se
861 620 1078 674 sperare
1103 605 1250 674 quod
1283 607 1541 660 Severum
1571 604 1880 674 flagrantius
1975 613 2087 682 jam
2118 614 2186 669 ab
2214 630 2355 670 anno
2399 615 2502 669 395
2531 631 2589 670 se
2616 626 2894 687 receperat
2935 618 3248 674 Ambrosius
3277 629 3336 675 ιη
3371 629 3556 692 qua-

291 693 614 747 desiderium
640 693 803 761 ipsius
841 692 1137 761 inspirabit,
1174 708 1242 748 ne
1265 694 1405 748 ultra
1429 693 1635 749 Pascha
1665 702 1877 762 tempus

292 780 510 835 differat
539 799 554 846 ;
583 781 837 851 additque
877 782 981 836 iter
1008 783 1171 836 breve
1199 797 1318 838 esse
1352 791 1407 837 et
1434 782 1608 850 facile,
1650 798 1771 836 cum
1801 783 1880 852 ip-

290 871 400 926 sius
430 869 618 926 Severi
647 886 781 941 puer
816 870 887 926 de
932 870 1164 926 Elusone
1192 881 1377 928 octava
1401 873 1490 928 die
1530 873 1879 929 Barcinonem

292 961 618 1028 pervenerit.
657 959 845 1014 Verum
870 961 994 1031 quid
1024 961 1088 1014 de
1111 963 1280 1031 spatio
1317 963 1536 1032 agimus,
1576 963 1746 1031 inquit
1767 973 1813 1029 ⁸,
1837 964 1883 1019 si

293 1067 382 1104 nos
414 1050 702 1115 desideras,
733 1051 816 1103 via
839 1049 1002 1104 brevis
1029 1059 1104 1103 est
1127 1067 1145 1104 :
1168 1052 1340 1122 longa,
1366 1053 1410 1104 si
1426 1052 1663 1124 negligis.

356 1141 412 1194 2.
458 1141 572 1195 Sub
602 1141 740 1194 idem
771 1148 980 1210 tempus
1004 1142 1217 1211 scripsit
1253 1142 1322 1196 ad
1350 1142 1648 1196 Amandum
1690 1143 1887 1214 episto.

294 1232 397 1284 lam
446 1230 741 1286 secundam
780 1231 834 1284 in
879 1245 986 1299 qua
1026 1231 1094 1286 de
1131 1233 1542 1288 consecratione
1590 1248 1686 1286 sua
1716 1233 1882 1288 multa

295 1319 506 1386 scribit,
537 1334 656 1388 qua:
695 1320 870 1390 capite
897 1318 925 1358 δ
955 1321 1223 1390 superiori
1268 1322 1653 1377 enarravimus.
1704 1321 1884 1387 Quan-

296 1409 472 1478 doque
500 1417 754 1478 tanquam
774 1419 796 1447 ε
821 1407 888 1463 ad
912 1409 1095 1478 plures
1115 1410 1168 1462 in
1197 1423 1261 1464 ea
1294 1424 1600 1464 sermonem
1629 1408 1773 1474 facit,
1805 1410 1886 1464 in-

301 1497 552 1565 telligens
588 1496 830 1566 profecto
858 1504 950 1549 aut
987 1496 1213 1551 clericos
1252 1495 1658 1564 Burdegalensis
1697 1496 1887 1551 Eccle-

297 1587 408 1651 size,
439 1593 537 1638 aut
563 1585 735 1654 ipsum
758 1584 1075 1653 Delphinum
1096 1585 1429 1654 episcOpum.
1453 1583 1586 1639 Cum
1609 1584 1886 1641 Amandod

301 1675 626 1729 commercia
677 1674 970 1728 litterarum
1025 1674 1276 1728 habuisse
1334 1673 1545 1728 videtur
1599 1674 1885 1740 Paulinus,

298 1780 570 1833 unamque
599 1765 666 1818 ab
692 1764 937 1818 Amando
963 1765 1234 1834 accepisse
1269 1764 1358 1819 diu
1386 1764 1740 1820 desideratam
1767 1766 1872 1834 epi-

298 1855 508 1908 stolam.
532 1852 682 1907 llanc
703 1853 771 1908 de
792 1851 998 1907 Paulini
1019 1854 1349 1922 episcopatu,
1370 1870 1476 1908 non
1493 1856 1886 1926 presbyteratu,

303 1949 701 2014 interpretatur
719 1958 740 1982 ε’
763 1943 1077 1999 Chiﬂletius.
1106 1944 1370 1999 Nonnulla
1398 1946 1539 2000 illius
1558 1947 1796 2015 opinioni
1821 1945 1896 1999 fa-

301 2045 455 2100 vent;
491 2050 594 2089 nec
621 2035 813 2088 mirum
840 2041 983 2088 esset
1009 2033 1288 2087 Paulinum
1317 2034 1511 2088 eadem
1555 2035 1609 2088 vi
1647 2035 1888 2089 multitu-

301 2125 442 2178 dinis
468 2133 724 2178 coactum
755 2123 1053 2192 suscepisse
1081 2123 1469 2191 episcopatum,
1503 2138 1609 2192 qua
1636 2123 1890 2178 sacerdo-

304 2214 451 2266 tium.
487 2212 559 2264 At
605 2212 734 2265 satis
759 2219 946 2280 aperte
983 2210 1264 2265 declarat‘
1293 2212 1406 2282 ipse
1447 2211 1701 2266 Paulinus
1729 2226 1788 2266 se
1823 2226 1890 2267 ex

301 2316 398 2356 ove
424 2310 699 2370 pastorem
723 2300 938 2366 factum,
961 2308 1015 2356 et
1035 2300 1229 2356 laicum
1253 2302 1306 2356 in
1323 2301 1684 2372 apostolorum
1704 2300 1892 2356 funda-

302 2403 482 2446 mento
517 2391 786 2460 positum;
817 2405 981 2459 seque
1007 2391 1377 2461 presbyterum
1418 2391 1592 2446 innuit
1611 2400 1636 2439 ε
1666 2391 1749 2446 his
1773 2405 1892 2446 ver-

303 2481 384 2539 bis
416 2501 432 2535 :
466 2482 590 2536 1am
618 2483 826 2537 nomine
848 2483 1112 2553 ofﬁcioque
1146 2481 1374 2535 seniores

832 2639 834 2641 >
889 2609 1118 2666 CAPUT
1154 2610 1314 2666 XVII.

307 2699 368 2755 In
393 2699 616 2755 Italiam
643 2701 777 2755 venit
799 2698 1071 2755 Paulinus.
1101 2701 1145 2754 Α
1180 2701 1240 2756 S.
1266 2702 1531 2756 Ambrosio
1570 2711 1805 2756 amanter
1832 2719 1893 2756 ac

374 2772 665 2909 lignoriﬁce
700 2772 973 2840 excipitur,
1015 2771 1150 2825 male
1195 2788 1229 2824 a
1272 2771 1462 2826 Siricio
1503 2771 1738 2826 Romano
1765 2789 1894 2844 pon-

374 2851 410 2893 ts
461 2857 541 2894 ce.

372 2851 541 2894 tiﬁce.

375 2927 426 2982 1.
465 2926 660 2981 Omnia
687 2927 992 2982 conducunt
1019 2935 1078 2982 ut
1103 2926 1383 2983 credamus
1404 2926 1682 2983 Paulinum
1711 2929 1892 2986 statim

307 3026 431 3089 post
458 3016 695 3084 Pascha,
724 3017 863 3073 sicut
888 3025 1169 3082 statuerat,
1215 3033 1312 3088 per
1350 3017 1552 3073 Gallias
1579 3017 1766 3072 Nolam
1795 3033 1890 3074 ve-

309 3110 484 3174 nisse;
536 3109 754 3178 quidam
778 3108 804 3146 ιι
834 3109 974 3164 enim
1004 3110 1312 3165 existimant
1351 3111 1496 3164 illum
1534 3111 1586 3164 in
1631 3112 1769 3166 hanc
1808 3127 1895 3166 re-

307 3215 522 3255 measse
575 3200 847 3268 regionem
893 3210 953 3255 ut
998 3201 1323 3270 reliquorum
1362 3203 1626 3257 bonorum
1672 3218 1893 3257 suorum

313 3291 628 3344 auctionem
657 3287 954 3344 faciendam
974 3299 1202 3344 curaret.
1236 3290 1428 3344 Vinum
1467 3299 1618 3344 vetus
1647 3290 1896 3346 Narbone

310 3383 408 3437 sibi
437 3397 565 3437 esse
582 3381 768 3437 scribit
793 3379 811 3420 ί
835 3383 938 3452 31
961 3381 1028 3436 ad
1052 3381 1312 3436 Severum
1334 3397 1495 3450 quem
1521 3391 1676 3453 rogat
1705 3392 1764 3436 ut
1789 3381 1895 3436 No-

311 3471 415 3526 lam
439 3472 842 3543 pervehendum
863 3480 1130 3540 procuret.
1163 3471 1410 3527 Narbone
1436 3472 1490 3526 in
1514 3472 1722 3527 Italiam
1741 3481 1897 3542 parat

312 3562 414 3616 iter
441 3561 602 3624 mari,
646 3561 735 3615 ubi
764 3561 990 3629 quadam
1023 3569 1338 3630 tempestate
1363 3570 1665 3617 commotus
1706 3569 1894 3631 patro-

309 3669 442 3708 num
471 3652 708 3707 Felicem
745 3652 1074 3718 reclamavit,
1103 3660 1162 3707 ut
1191 3653 1430 3709 natalitio
1468 3653 1596 3708 anni
1625 3655 1899 3722 sequentis

311 3745 560 3799 carmine
588 3751 740 3814 patet
769 3743 784 3794 i
827 3760 842 3796 :

437 3836 503 3907 Et
525 3837 675 3907 maria
694 3835 886 3907 intravi,
909 3834 1033 3884 duce
1056 3840 1126 3907 te,
1149 3836 1264 3905 quia
1283 3847 1397 3884 cura
1420 3835 1589 3896 pericli

438 3896 604 3956 Cessit
626 3909 792 3944 amore
812 3895 882 3944 tui
904 3909 916 3943 :
941 3909 1032 3944 nec
1054 3903 1105 3945 te
1127 3895 1263 3956 sine;
1291 3909 1399 3944 nam
1422 3907 1500 3943 tua
1522 3895 1656 3944 sensi

439 3955 695 4022 Prasidia,
716 3959 762 4003 in
785 3956 989 4022 Domino
1012 3970 1247 4017 superans
1270 3959 1414 4004 maris
1433 3969 1602 4017 aspera
1623 3957 1839 4022 lihristo,

437 4018 664 4080 semper
689 4030 751 4067 eo
775 4025 828 4066 et
851 4020 999 4066 terris
1014 4026 1063 4066 te
1083 4025 1283 4079 promer
1306 4023 1439 4067 tutus
1463 4027 1515 4067 et
1539 4018 1697 4066 undis.

383 4141 602 4196 Italiam
649 4141 922 4212 ingressus
951 4139 977 4179 ¹ι
1027 4141 1082 4196 S.
1132 4141 1472 4198 Ambrosium
1514 4143 1664 4207 vidit,
1695 4157 1815 4196 cum
1853 4142 1906 4196 in

311 4232 555 4302 epistola
591 4229 610 4269 ι
643 4232 747 4286 hoc
783 4232 972 4286 eodem
1000 4247 1140 4287 anno
1167 4233 1364 4301 scripta
1405 4231 1547 4287 dicat
1573 4231 1823 4286 Paulinus
1850 4245 1911 4286 se

314 4324 382 4375 ab
413 4338 487 4378 eo
516 4323 573 4376 in
602 4321 708 4377 fide
733 4324 1048 4378 innutritum
1078 4333 1132 4378 et
1178 4325 1233 4378 in
1272 4323 1558 4378 sacerdotii
1602 4322 1788 4379 ordine
1829 4324 1912 4377 fo-

313 4421 456 4477 tum,
489 4428 556 4467 ac
580 4428 702 4468 eum
730 4413 798 4467 de
819 4429 916 4468 suo
944 4414 1088 4468 clero
1117 4415 1327 4469 censeri
1350 4414 1582 4468 voluisse
1611 4413 1710 4470 etsi
1735 4413 1912 4467 diver-

1981 722 2108 760 num
2154 705 2446 774 Eugenium
2475 707 2701 776 fugeret,
2743 719 2798 765 et
2825 726 2921 780 per
2948 711 3000 766 id
3043 720 3254 782 tempus
3283 722 3342 768 ut
3388 715 3558 782 pluri-

1983 817 2126 856 mum
2184 801 2466 857 Florentiae
2519 815 2880 862 commoratus
2935 807 3246 864 Ambrosius
3271 847 3286 871 ,
3344 810 3559 868 nonnisi

1983 912 2165 952 mense
2190 897 2426 965 Augusto
2455 900 2577 953 anni
2605 899 2707 952 594
2737 911 2757 938 τ
2783 899 3138 956 Mediolanum
3165 901 3340 956 rediit.

2054 987 2106 1042 2.
2156 986 2406 1042 Paulinus
2435 989 2647 1044 tandem
2677 989 2899 1045 Romam
2930 991 3162 1054 advenit,
3209 991 3298 1046 ubi
3337 1006 3433 1061 pro
3459 1006 3558 1046 suo

1985 1077 2178 1130 merito
2207 1085 2260 1130 et
2285 1079 2497 1145 generis
2522 1080 2779 1147 qualitate
2801 1075 2901 1134 fuit
2931 1081 3138 1136 honore
3166 1096 3228 1136 ac
3253 1083 3557 1135 veneratio-

1985 1182 2054 1221 ne
2084 1168 2280 1235 ingenti
2311 1177 2564 1237 exceptus
2593 1185 2622 1223 a
2651 1172 2869 1240 populo,
2892 1181 2947 1227 et
2968 1173 3232 1242 praecipue
3256 1187 3285 1226 a
3308 1171 3364 1226 S.
3392 1172 3557 1225 Dom-

1987 1258 2148 1312 nione
2176 1258 2426 1312 Romanae
2446 1257 2694 1314 Ecclesiae
2716 1262 3050 1332 presbytero,
3071 1276 3227 1329 quem
3251 1270 3271 1297 ⁸
3296 1263 3557 1316 sanctissi-

1986 1368 2124 1404 mum
2152 1361 2412 1420 parentem
2437 1360 2612 1416 vocat,
2635 1367 2664 1405 a
2690 1353 3000 1422 proceribus
3027 1354 3152 1407 viris
3180 1353 3434 1408 Romanis
3457 1353 3554 1407 SS.

1989 1439 2329 1496 Pammachio
2377 1449 2431 1494 et
2472 1441 2720 1504 Macario,
2757 1444 2772 1477 ί
2809 1443 3030 1511 aliisque
3075 1444 3306 1498 maximo
3336 1457 3558 1497 numero

1991 1532 2085 1586 Dei
2113 1532 2298 1588 servis.
2329 1530 2401 1586 At
2429 1541 2455 1568 τι
2493 1533 2843 1600 quorumdam
2869 1534 3186 1588 clericorum
3225 1533 3390 1588 sensit
3419 1531 3556 1585 invi-

1989 1622 2151 1686 diam,
2196 1621 2465 1691 ipsiusque
2499 1623 2659 1676 etiam
2705 1622 3075 1691 Urbicipapw,
3107 1631 3163 1676 ut
3190 1629 3348 1677 vocat
3375 1620 3556 1674 Pauli-

1992 1727 2107 1772 nus,
2139 1712 2243 1766 hoc
2288 1719 2372 1766 est
2417 1710 2591 1766 Siricii
2641 1711 2864 1766 Romani
2894 1711 3179 1782 pontiﬁcis,
3210 1718 3556 1776 commotam,

1911 1786 1955 1845 Β
1983 1809 2040 1854 ιιι
2069 1809 2219 1869 putat
2247 1801 2527 1856 cardinalis
2550 1811 2573 1838 ν
2605 1802 2880 1864 Baronius,
2912 1802 3053 1870 quod
3083 1801 3299 1856 Siricius
3325 1800 3558 1870 repenti-

1991 1906 2113 1945 nam
2136 1891 2344 1944 Paulini
2365 1892 2825 1946 consecrationem
2851 1907 2954 1944 non
2978 1892 3224 1959 probaret
3247 1908 3259 1942 :
3279 1890 3559 1944 vehemen¢

1991 1988 2074 2034 ter
2098 1980 2239 2034 enim
2289 1979 2603 2034 incubuerat
2629 1988 2686 2033 ut
2716 1987 3042 2047 grassantem
3072 1994 3168 2046 per
3212 1993 3274 2032 ea
3318 1985 3558 2046 tempora

1989 2086 2212 2141 pravum
2237 2085 2439 2123 morem
2463 2069 2707 2136 elideret,
2730 2080 2836 2138 quo
2871 2068 2990 2121 laici
3014 2067 3259 2121 homines
3283 2073 3372 2119 aut
3397 2066 3559 2120 etiam

1990 2161 2245 2232 neophyti
2292 2160 2486 2230 raptim
2534 2160 2586 2214 in
2637 2159 2942 2214 sacerdotes
2985 2157 3466 2221 consecrabantur;
3506 2163 3561 2210 et

1989 2260 2137 2308 certa
2185 2259 2447 2306 statuerat
2501 2249 2776 2304 intervalla
2831 2264 2928 2318 per
2979 2263 3097 2318 quae
3137 2247 3333 2302 sensim
3371 2245 3436 2299 ad
3474 2261 3561 2300 sa-

1991 2360 2096 2401 cra:
2124 2345 2328 2399 militia:
2356 2342 2571 2398 ordines
2599 2340 2975 2398 ascendéretur
2993 2342 3145 2409 juxta
3179 2338 3563 2394 ecclesiasticas

1990 2433 2237 2502 regulas;
2285 2441 2341 2488 et
2367 2427 2487 2488 ideo
2517 2431 2654 2488 forte
2679 2431 2873 2486 dixerit
2902 2441 2927 2468 ι
2957 2445 3018 2486 se
3045 2429 3249 2485 Paulini
3278 2437 3562 2484 consuetu-

1993 2523 2174 2578 dinem
2205 2523 2367 2588 nolle,
2397 2530 2490 2576 aut
2517 2522 2698 2577 forsan
2727 2531 2753 2570 γ
2786 2522 2926 2576 inter
2952 2521 3292 2591 presbyteros
3320 2519 3369 2572 ei
3398 2518 3564 2572 dene-

1991 2613 2198 2682 gaverit
2219 2613 2272 2666 in
2296 2611 2532 2667 Ecclesia
2553 2611 2749 2675 locum,
2779 2624 2846 2665 ne
2866 2611 3070 2667 scilicet
3093 2609 3428 2678 repentinam
3449 2607 3565 2676 ejus

1992 2703 2452 2759 consecrationem
2495 2701 2745 2771 probare,
2777 2708 2833 2755 et
2859 2700 2995 2754 latas
3024 2715 3053 2754 a
3083 2714 3141 2754 se
3169 2699 3313 2766 leges
3341 2699 3565 2766 ipsemet

1993 2809 2251 2850 enervare
2271 2793 2557 2848 videretur.
2581 2791 2834 2859 Quamvis
2852 2791 3017 2859 siqua
3040 2790 3223 2844 fuisset
3240 2789 3292 2842 in
3309 2788 3414 2842 hac
3437 2801 3566 2841 con-

1993 2883 2296 2942 secratione
2323 2882 2498 2950 culpa,
2529 2881 2582 2935 in
2613 2879 2892 2934 Paulinum
2933 2886 3080 2934 certe
3109 2878 3302 2931 cadere
3337 2889 3446 2928 non
3475 2873 3569 2927 de-

1993 2973 2127 3036 buit,
2149 2972 2239 3041 qui
2263 2971 2393 3025 nihil
2416 2986 2512 3039 per
2529 2969 2920 3024 contumaciam
2949 2967 3308 3026 commiserat,
3331 2970 3386 3016 et
3408 2976 3568 3031 quem

2001 3074 2021 3101 ι
2053 3063 2276 3118 invitum
2322 3076 2386 3117 ac
2423 3059 2762 3115 inflammatas
2805 3059 2976 3129 plebis
3021 3054 3376 3119 multitudine,
3417 3060 3471 3107 et
3517 3054 3571 3108 vi

1921 3131 1967 3194 ο
1997 3161 2244 3209 coactum
2273 3151 2436 3207 fuisse
2473 3150 2846 3222 presbyteratu
2892 3147 3157 3202 initiatum
3201 3159 3387 3200 omnes
3430 3143 3570 3198 scie-

1995 3245 2142 3311 bant,
2173 3244 2426 3314 legesque
2452 3241 2729 3310 geherales
2757 3242 2809 3296 in
2853 3240 2954 3295 hac
2993 3238 3246 3306 singulari
3292 3235 3574 3292 occasione

1994 3336 2206 3399 cedere,
2228 3341 2288 3388 ut
2311 3334 2362 3387 in
2385 3333 2664 3388 Ambrosio
2691 3331 2887 3386 factum
2914 3329 3104 3385 fuerat.
3126 3327 3311 3397 Itaque
3335 3335 3388 3362 ια
3413 3325 3465 3379 in
3493 3324 3575 3378 Si-

1997 3427 2130 3482 ricio
2178 3425 2370 3481 saltem
2417 3423 2844 3480 inconsideratus
2892 3422 3037 3476 zelus
3066 3424 3308 3474 excusari
3337 3433 3442 3472 non
3471 3431 3576 3485 po-

1996 3525 2119 3572 test.
2152 3516 2221 3570 At
2248 3531 2312 3570 ex
2352 3516 2546 3584 scripta
2572 3513 2778 3568 Paulini
2816 3510 2881 3566 aii
2913 3512 3166 3568 Severum
3195 3509 3253 3547 δι’
3281 3506 3506 3578 epistola
3547 3503 3577 3557 5

1999 3598 2157 3660 facile
2179 3605 2448 3673 colligitur
2473 3603 2822 3672 quorumdam
2851 3602 3166 3656 cleri¢orum
3196 3599 3466 3668 ipsiusque
3493 3596 3577 3650 Si-

1999 3696 2115 3751 rieii
2164 3695 2413 3749 invidiam
2453 3709 2521 3748 ex
2567 3708 2633 3748 eo
2682 3691 3026 3752 comniotam,
3072 3689 3214 3757 quod
3259 3689 3579 3743 adveniente

2003 3782 2224 3838 Paulino
2252 3783 2476 3836 Romam
2517 3789 2640 3851 poSt
2669 3789 2772 3834 tam
2803 3780 3017 3847 longum
3047 3779 3304 3848 temporis
3346 3779 3578 3847 spatium

2003 3872 2239 3926 omnium
2262 3869 2402 3925 oculi
2429 3870 2482 3923 in
2505 3870 2676 3938 ipsum
2702 3876 2877 3924 essent
2901 3869 3165 3933 converSi,
3197 3869 3581 3938 obstupescen-

2006 3963 2138 4016 tium
2167 3976 2274 4030 pne
2305 3960 2560 4015 miraculo
2589 3975 2710 4015 cum
2738 3959 2984 4014 viderent
3028 3967 3348 4022 senatorem,
3385 3971 3581 4014 consu-

2007 4050 2171 4105 larem
2196 4049 2390 4105 virum.
2414 4048 2739 4118 prefectum,
2764 4049 2874 4117 jam
2904 4049 3270 4119 presbyterdm
3300 4047 3494 4103 factum
3525 4056 3581 4102 et

2008 4140 2348 4203 monachum,
2371 4140 2461 4207 qui
2479 4138 2660 4208 gloriae
2681 4147 2989 4207 contemptu
3011 4139 3232 4206 gloriam
3253 4139 3579 4208 adipiscere-

2009 4239 2125 4293 tur;
2151 4229 2380 4299 indeque
2405 4228 2548 4283 idem
2577 4229 2776 4284 celebri
2796 4244 3059 4284 concursu
3089 4238 3198 4283 tum
3229 4229 3442 4293 civium,
3466 4236 3582 4282 tum

2010 4328 2339 4382 exterorum,
2371 4319 2686 4384 antistitum,
2711 4319 3046 4382 clericorum,
3076 4321 3477 4383 monachorum,
3503 4329 3582 4373 at-

2013 4424 2118 4478 que
2153 4409 2408 4464 laicorum
2436 4407 2864 4476 frequentaretur
2890 4408 3079 4464 oﬂiciis
3119 4425 3183 4464 ac
3210 4410 3579 4478 legationibus.

312 4501 388 4555 sis
416 4501 648 4569 degeret
675 4501 823 4556 locis.
857 4499 1004 4556 Hanc
1031 4502 1256 4569 gratiam
1293 4501 1496 4570 legibus
1521 4500 1771 4555 Ecclesia:
1801 4515 1906 4554 non
1938 4489 1986 4549 Ι)
2010 4498 2363 4566 Quamobrem
2393 4499 2506 4567 ipse
2529 4509 2582 4537 οε
2603 4500 2750 4568 pacis
2779 4497 2933 4564 filius,
2958 4514 3076 4552 cum
3106 4499 3188 4554 his
3215 4501 3320 4570 32
3343 4500 3430 4569 qui
3455 4500 3586 4554 ode~

312 4597 768 4653 consentaneam,
802 4599 840 4625 ω
874 4587 1150 4643 Paulinum
1180 4599 1454 4659 acceptam
1482 4589 1731 4644 habuisse
1760 4597 1912 4658 putat

315 4678 614 4743 Baronius,
658 4680 912 4749 additque
941 4696 1062 4735 eum
1092 4681 1317 4737 fortasse
1346 4681 1400 4735 in
1435 4682 1632 4736 clerum
1658 4680 1912 4735 Mediola-

313 4787 554 4826 nensem
587 4771 706 4826 ideo
734 4780 1045 4840 cooptatum
1071 4773 1138 4828 ab
1164 4772 1464 4836 Ambrosio,
1490 4779 1549 4826 ut
1575 4779 1697 4842 post
1724 4787 1782 4826 se
1813 4771 1911 4824 ha-

315 4862 480 4915 beret
512 4861 568 4915 in
595 4861 724 4916 sede
751 4877 1135 4917 successorem.
1168 4862 1391 4918 Constat
1417 4870 1596 4916 tamen
1629 4872 1654 4898 η
1682 4862 1912 4916 Ambro-

313 4953 462 5005 sium
499 4951 604 5006 sibi
633 4967 1001 5006 successorem
1039 4952 1343 5020 designasse
1389 4952 1446 5007 S.
1491 4951 1910 5022 Simplicianum.

313 5039 456 5096 Post
475 5049 505 5076 ο
533 5040 873 5101 Baronium,P
899 5039 1217 5095 Sacchinum
1244 5049 1299 5096 et
1325 5039 1647 5095 Chiflletium
1677 5041 1916 5095 nonnulli

399 5248 425 5274 ⁸
459 5236 682 5289 Paulin.
704 5250 836 5304 cap.
855 5234 944 5301 Il,
967 5250 1020 5288 ιι.
1042 5234 1128 5304 ll.

315 5323 791 5429 vi:
815 5323 1260 5441 ὲίὲἓιιιῗκλῗιςεοῗ

320 5456 343 5478 ο
376 5442 526 5497 Ibid.
597 5441 841 5512 r_Saech_.
865 5441 971 5512 Vit.
1000 5442 1206 5512 Paulin.
1239 5459 1293 5512 p.
1321 5441 1424 5512 680
1452 5449 1507 5512 et
1530 5441 1627 5496 Chi

1208 5235 1233 5274 δ
1251 5235 1379 5303 Cap.
1400 5234 1483 5286 15.
1567 5245 1588 5273 ε
1608 5232 1809 5287 Paulin.
1826 5248 1912 5301 ep.
1929 5233 1981 5299 2,
2004 5249 2058 5286 ιι.
2079 5234 2129 5285 4.
2208 5235 2233 5270 ά
2257 5231 2482 5303 ιιῄὐηιι.
2504 5231 2553 5284 I.

449 5306 511 5370 2,
550 5320 604 5359 ιι.
633 5304 688 5358 4.
767 5303 792 5351 3
823 5303 978 5372 Ibid.,
1013 5319 1068 5357 ιι.
1101 5303 1152 5356 2.
1240 5304 1265 5340 δ
1296 5303 1544 5372 Sacchin.
1578 5303 1683 5356 Vit.
1713 5303 2006 5372 Paulin.p.
2037 5303 2157 5372 67$).

1353 5372 1366 5410 ι
1394 5371 1606 5425 'Paulin.
1638 5387 1667 5425 e
1709 5411 1722 5425 .
1755 5371 1807 5437 5,
1841 5388 1893 5425 n.
1925 5369 1976 5424 ιζ
2053 5380 2093 5408 ιη
2115 5371 2308 5425 Baron.
2339 5386 2425 5424 an.
2452 5369 2618 5434 394,1

1355 5442 1424 5493 80
1452 5449 1506 5493 et
1530 5389 1706 5493 ChiﬂI).
1738 5456 1789 5493 ι).
1821 5440 1942 5493 H2.
2019 5452 2046 5491 (ι
2068 5441 2175 5493 Vit.
2223 5440 2466 5493 Ambros.
2499 5426 2618 5493 lib.'

1693 5481 1706 5494 .
1738 5456 1789 5509 p.
1821 5440 1942 5494 H2.
2019 5441 2175 5509 qVit.
2223 5440 2466 5509 Ambros.
2499 5439 2592 5493 lib.
2625 5455 2738 5504 vm,
2794 5453 2853 5509 c.
2885 5439 2981 5509 ll.

2012 4598 2134 4645 rant
2161 4605 2345 4660 pacem
2372 4597 2552 4644 mente
2579 4588 2854 4658 pacificus,
2897 4590 2974 4643 sic
3018 4591 3156 4644 male
3185 4591 3389 4644 affectis
3417 4591 3587 4647 livore

2013 4681 2203 4735 animis
2232 4696 2338 4735 non
2361 4679 2633 4749 respondit
2654 4679 3104 4743 contentionibus,
3128 4678 3219 4733 sed
3248 4680 3460 4734 silentio
3490 4681 3588 4733 hu-

2014 4771 2274 4835 militatis,
2307 4771 2360 4824 in
2389 4769 2551 4825 corde
2579 4771 2778 4825 habens
2808 4770 2933 4824 illud
2963 4769 3203 4838 Apostoli
3233 4787 3244 4820 :
3271 4770 3332 4824 Si
3353 4771 3465 4839 quis
3486 4770 3592 4824 vult

2013 4862 2356 4915 contentiosus
2385 4877 2513 4922 esse,
2553 4861 2646 4914 hoc
2691 4870 2869 4915 nostra
2912 4861 3218 4915 consuetudo
3265 4877 3367 4914 non
3412 4863 3592 4928 recipit

2022 4947 2072 5018 (I
2105 4947 2222 5003 Cor.
2258 4965 2331 5016 ιι,
2372 4949 2495 5017 16);
2527 4950 2707 5019 itaque
2750 4949 2896 5004 nullo
2935 4950 3305 5019 opportuniori
3351 4950 3591 5004 remedio

2023 5041 2105 5096 his
2150 5045 2536 5096 occurrendum
2581 5042 2809 5108 putavit,
2839 5055 2998 5109 quam
3043 5048 3304 5095 maturata
3350 5040 3418 5094 ab
3450 5039 3592 5094 Urbe

2633 5241 2654 5271 ε
2673 5229 2847 5300 οιιῑιιι.
2868 5246 2914 5284 c.
2937 5231 3024 5294 2'5,
3052 5246 3103 5300 p.
3128 5233 3248 5286 177.
3331 5234 3343 5270 ί
3381 5233 3589 5286 Paulin.

2255 5301 2269 5339 ί
2304 5300 2507 5355 Paulin.
2535 5315 2636 5370 ep.
2673 5299 2740 5370 ξ,
2775 5316 2828 5355 ιι.
2869 5301 2956 5353 22.
3043 5299 3065 5351 Ι
3093 5302 3271 5356 Carm.
3304 5303 3390 5367 15,
3416 5318 3467 5354 v.
3503 5301 3590 5352 M.

2607 5371 2634 5439 §
2664 5369 2749 5422 89.
2828 5378 2855 5405 η
2880 5371 2986 5424 Vit.
3030 5371 3276 5427 Ambros.
3309 5370 3398 5437 69,
3428 5387 3474 5424 c.
3503 5370 3590 5422 Η.

3065 5451 3084 5477 τ
3119 5442 3312 5495 Baron.
3345 5455 3432 5491 an.
3466 5439 3595 5500 594,

320 5515 348 5584 §
383 5512 559 5584 89_7et
585 5510 692 5575 92;
723 5517 779 5564 et
803 5510 1082 5584 Sacch._p.
1110 5508 1256 5584 680.:
1310 5511 1571 5584 '_Paul_i_n.
1601 5526 1688 5584 ep.
1711 5508 1772 5584 ὃς.-
1793 5527 1845 5564 ιι.
1870 5510 1922 5563 5.
1955 5508 2150 5584 __‘AEp.
2185 5509 2236 5584 ᾗ,
2261 5527 2312 5563 ιι.
2347 5508 2642 5584 14;__e_t_ep.
2657 5509 2724 5584 1:)
2751 5508 2917 5584 (δεμ).
2992 5517 3018 5544 ιι
3040 5508 3141 5584 Ep:
3172 5510 3223 5575 5,
3249 5526 3302 5584 ρ.
3332 5508 3398 5560 15
3422 5509 3593 5584 et__lls.

395 5592 421 5617 ν
451 5580 661 5650 Baron.
686 5595 775 5650 an.
796 5577 928 5650 δεμ,
951 5580 976 5650 §
1001 5577 1086 5632 9].
1166 5590 1192 5617 ι
1213 5579 1459 5650 Sacchin.
1493 5580 1594 5634 Vit.

1670 5580 1831 5634 aulin.
1861 5596 1913 5650 p.
1947 5579 2068 5636 680.
2100 5577 2114 5580 ’
2144 5579 2407 5650 Y_llaron.,
2439 5577 2617 5650 ibid);
2643 5577 3004 5650 zPat_ilin._ep.
3033 5577 3153 5650 1,72“
3169 5586 3224 5632 et
3250 5577 3362 5650 5.__
3381 5586 3436 5614 Μ
3468 5579 3599 5635 Saos

323 5651 509 5714 duim,
562 5649 688 5705 ibid.
763 5647 822 5689 δι’
854 5644 1060 5705 Paulin.
1093 5664 1160 5721 ep
1222 5649 1278 5718 5,
1303 5666 1356 5707 ιι.
1391 5649 1496 5716 l4;
1529 5660 1584 5704 et
1628 5644 2003 5709 Baron..'ibid.
2085 5660 2138 5690 ετ
2163 5648 2408 5705 Sacchin.
2443 5663 2494 5720 p.
2527 5647 2649 5712 681,
2679 5656 2734 5703 et
2762 5644 2968 5702 Paulin.
2998 5661 3083 5716 ep.
3122 5645 3172 5712 5,
3204 5662 3258 5702 ιι.
3298 5644 3390 5701 15.
