4020 6186
439 231 503 293 ει
1462 220 1519 276 S.
1561 216 1902 274 PAULINUS
1938 214 2253 274 NOLANUS
2291 216 2683 274 EPISCOPUS.
3631 213 3700 271 52

438 346 782 401 discessione.
816 348 841 379 ⁸
868 338 1094 395 Romam
1118 335 1281 407 igitur
1305 334 1607 402 relinquere
1636 347 1930 402 properans
1960 347 2012 385 ιιι
2041 334 2088 392 Α
2118 335 2206 385 hor
2219 338 2303 387 tus
2333 340 2357 369 '
2391 334 2681 401 pomarius,
2713 346 2776 387 ex
2806 347 2913 411 quo
2943 332 3183 402 privatus
3213 335 3267 388 in
3295 333 3353 390 S.
3386 333 3579 392 Felicis
3605 337 3699 391 ba-

438 435 519 489 sui
546 432 738 487 Felicis
765 436 1009 499 optatum
1035 428 1211 482 sinum
1242 440 1301 481 se
1339 423 1561 490 abdidit,
1590 431 1649 477 ut
1672 421 1868 476 invidia
1896 434 2016 489 qua:

437 528 730 591 conspectu
757 527 812 574 et
834 518 1117 588 praesentia
1146 531 1241 571 sua
1265 515 1523 576 alebatur,
1548 511 1809 566 subducto
1833 511 2018 565 fomite

438 610 889 675 exstingueretur.
940 605 1168 675 Denique
1210 621 1242 657 a
1280 602 1445 667 nobis,
1495 601 1666 669 inquit
1692 599 1718 637 δ
1746 601 2018 667 aliquanto

438 708 579 768 post,
616 697 792 749 Roma:
834 696 1175 765 zelotyporum
1206 691 1443 745 incendia
1482 692 1781 743 clericorum
1811 687 2016 759 longin-

440 789 608 856 quitas
644 787 786 839 urbis
813 786 1109 854 exstinguit,
1138 792 1184 835 et
1209 782 1374 834 omnis
1402 780 1509 833 illic
1535 780 1777 849 iniquitas
1806 777 2020 831 obstruit

442 893 497 929 os
526 891 693 937 suum,
723 875 843 942 quia
862 890 953 943 per
979 873 1263 925 absentiam
1291 869 1409 924 inde
1452 878 1700 931 nostram,
1732 867 1875 936 quasi
1895 865 2016 919 sub-

442 966 593 1018 ducto
620 965 817 1035 fomite,
848 964 1019 1032 segnis
1049 962 1284 1015 odiorum
1309 960 1519 1028 ﬂamma
1548 956 1806 1028 frigescit;
1837 970 1927 1008 nec
1963 956 2019 1007 in

442 1070 612 1109 uocem
654 1053 807 1105 audet
834 1068 1095 1121 erumpere
1141 1051 1255 1103 licet
1284 1046 1515 1101 dentibus
1546 1046 1776 1117 frendeat
1805 1045 2016 1110 invidia,
2052 1100 2059 1103 ,

443 1149 564 1202 dum
603 1146 890 1217 iniquitatis
918 1159 1025 1198 sua:
1061 1143 1267 1197 conscia
1296 1142 1410 1210 ipsa
1437 1156 1491 1192 se
1517 1138 1785 1202 erubescit,
1832 1152 1921 1189 nec
1966 1136 2020 1187 in

442 1248 679 1308 promptu
704 1238 852 1291 habet
872 1236 958 1290 ubi
989 1239 1127 1306 faces
1156 1234 1324 1289 livida
1352 1233 1535 1286 mentis
1559 1229 1873 1283 accendat...
1908 1227 2020 1281 Ho-

443 1344 555 1381 rum
594 1329 677 1381 vix
707 1328 775 1379 ad
817 1343 908 1380 nos
940 1328 1102 1379 tenuis
1134 1328 1274 1395 fama
1302 1322 1599 1393 perlabitur,
1631 1329 1679 1374 et
1720 1318 1784 1371 ab
1813 1316 2021 1370 auribus

444 1419 634 1471 nostris
663 1418 928 1485 spinarum
956 1431 1076 1485 sepe
1109 1414 1339 1478 munitis,
1360 1420 1416 1463 ut
1445 1426 1574 1462 aura
1604 1407 1795 1480 frigida
1826 1406 1901 1460 vel
1923 1408 2021 1459 im-

443 1514 715 1575 portunum
745 1504 887 1557 vacui
926 1502 1101 1555 culicis
1140 1516 1368 1553 murmur
1407 1496 1711 1552 excluditur.
1764 1494 1844 1548 Ad
1870 1509 2019 1548 eam-

443 1595 565 1648 dem
596 1592 731 1647 forte
759 1592 1189 1662 persecutionem
1224 1588 1547 1658 spectaverit
1582 1586 1635 1640 in
1673 1585 1863 1640 eadem
1901 1585 2019 1655 epi-

2119 422 2327 476 silieam
2358 423 2703 491 aperiebatur
2731 423 3023 491 ingressus.
3049 423 3182 478 Cum
3224 422 3449 479 Paulino
3488 424 3704 479 habita-

2118 511 2249 566 bant
2276 513 2379 582 33
2403 512 2617 581 quidam
2648 514 2788 567 servi
2826 513 2940 577 Dei,
2972 514 3113 568 inter
3139 529 3274 583 quos
3306 517 3324 551 ι
3361 512 3616 589 Proforus
3647 521 3705 567 et

2119 602 2415 656 Restitutus
2444 602 2669 656 Hebraei.
2704 602 3035 656 Domicilium
3062 619 3216 657 suum
3246 601 3500 657 Paulinus
3522 601 3655 657 dicit
3679 613 3707 640 ιι

2120 693 2504 755 monasterium,
2536 700 2592 746 et
2614 691 2928 746 societatem
2975 706 3128 745 suam
3156 700 3312 746 vocat
3341 702 3364 726 ν
3399 693 3707 761 fraternita-

2120 792 2220 835 tem
2248 782 2579 845 monacham,
2616 781 2741 848 quia
2762 796 2950 836 omnes
2978 781 3339 835 inhabitantes
3368 781 3563 848 regulis
3592 795 3709 832 mo-

2120 871 2338 925 nasticis
2387 869 2585 924 addicti
2632 871 2757 924 vita:
2801 870 3060 924 severiori
3114 869 3531 933 incumbebant;
3577 870 3649 924 ibi
3683 878 3709 907 ι

2122 961 2441 1017 adveniente
2463 962 2580 1017 luce
2601 960 3174 1016 matutinumofticium
3195 961 3559 1026 celebrabant,
3584 975 3707 1015 ves»

2122 1052 2390 1121 pertinum
2420 1051 2488 1105 ad
2511 1052 2784 1109 incensum
2814 1052 3065 1105 lucernas.

2190 1143 2243 1196 2.
2276 1142 2453 1197 Facile
2479 1143 2745 1211 colligitur
2773 1158 2958 1197 eorum
2983 1142 3189 1196 vivendi
3212 1144 3350 1195 ratio
3370 1156 3435 1195 ex
3466 1138 3701 1209 quadam

2122 1232 2328 1289 Paulini
2356 1234 2580 1303 epistola
2607 1243 2655 1293 γ,
2687 1235 2739 1288 in
2767 1249 2870 1302 qua
2897 1249 3019 1288 cum
3047 1233 3270 1289 dixisset
3305 1234 3406 1287 sibi
3444 1247 3549 1286 non
3590 1231 3709 1300 pla-

2120 1339 2247 1380 cere
2266 1324 2510 1379 homines
2529 1324 2797 1379 seculares
2818 1323 3015 1377 habere
3038 1322 3298 1391 hospites,
3325 1321 3470 1376 addit
3494 1340 3505 1374 :
3534 1331 3555 1357 ι
3594 1319 3710 1374 Nos

2121 1415 2313 1468 adeant
2337 1422 2387 1467 et
2414 1414 2637 1466 revisant
2664 1414 2947 1467 conservati
2975 1420 3024 1465 et
3048 1412 3342 1481 compallidi
3382 1411 3567 1471 nostri,
3601 1420 3707 1463 no‘n

2120 1503 2348 1558 vestibus
2376 1504 2528 1573 pictis
2559 1503 2784 1573 superbi,
2835 1503 2924 1555 sed
2964 1501 3285 1555 horrentibus
3323 1501 3503 1554 ciliciis
3542 1502 3711 1554 humi-

2120 1596 2230 1659 les;
2273 1609 2364 1648 nec
2390 1592 2647 1646 chlamide
2674 1592 2938 1658 curtalini,
2979 1591 3069 1644 sed
3115 1590 3311 1660 sagulis
3349 1589 3585 1660 palliati;
3619 1606 3711 1642 nec

442 1686 581 1740 stola
599 1685 730 1738 illud
751 1684 893 1753 quod
913 1683 1152 1752 sequitur
1177 1700 1189 1734 :
1218 1692 1240 1720 ε
1266 1680 1437 1733 Etiam
1465 1680 1519 1732 in
1548 1679 1715 1732 causis
1744 1679 2029 1747 uociferan-
2063 1685 2105 1746 Β
2131 1681 2353 1746 balineo,
2381 1681 2471 1735 sed
2500 1690 2633 1734 reste
2658 1681 2938 1744 succincti;
2968 1696 3061 1733 nec
3088 1678 3321 1748 improba
3350 1679 3540 1732 attonsi
3560 1678 3711 1747 capi—

445 1775 524 1828 dis
552 1775 706 1828 silere
729 1790 821 1827 nos
849 1773 1020 1826 docuit
1052 1773 1161 1841 ipse
1184 1771 1433 1824 Dominus
1464 1785 1480 1822 :
1504 1770 1667 1838 ipsius
1692 1783 1813 1837 ergo
1841 1766 2021 1820 volun-

446 1874 602 1919 tatem
630 1876 678 1918 et
699 1864 953 1933 judicium
993 1863 1135 1915 taciti
1166 1862 1491 1923 sustinemus,
1532 1859 1617 1926 qui
1653 1866 1832 1926 potens
1873 1867 1949 1909 est
1975 1866 2025 1909 et

446 1970 581 2007 nunc
608 1954 662 2006 in
693 1952 836 2006 nobis
864 1959 1050 2017 tacere,
1095 1958 1282 2003 etcum
1322 1949 1533 2002 voluerit
1572 1946 1899 2012 interpellare
1932 1962 2025 2015 pro

445 2043 613 2096 nobis.
656 2039 888 2110 Idipsum
917 2037 942 2076 ἀ
987 2040 1040 2092 in
1068 2051 1316 2106 magnum
1358 2036 1550 2090 divinae
1585 2034 1766 2102 glorim
1804 2034 2029 2087 cedebat

445 2130 907 2199 Impedimeutum,
932 2136 986 2181 et
1010 2127 1299 2180 Dominicze
1337 2124 1521 2191 gratiae
1548 2122 1925 2175 detrimentum
1950 2121 2025 2174 fa-

446 2220 645 2281 ciebat,
674 2233 795 2273 cum
837 2218 903 2271 ab
932 2216 1218 2284 sequendis
1245 2214 1451 2268 Paulini
1480 2212 1717 2278 vestigiis
1745 2227 1852 2265 non
1895 2225 2027 2279 pau-

447 2325 540 2369 Cus
568 2326 753 2363 rumor
781 2310 871 2364 ille
889 2308 956 2363 de
979 2308 1156 2362 alieno
1186 2306 1411 2361 Romani
1443 2304 1707 2374 pontiticis
1735 2303 1913 2357 animo
1937 2317 2024 2357 re-

448 2400 703 2457 tardaret.
734 2399 897 2453 lianc‘
912 2407 1093 2453 tamen
1120 2396 1297 2451 Siricii
1343 2394 1662 2465 zelotypiam
1702 2394 1861 2462 paqu
1903 2398 2025 2462 post

444 2487 608 2547 fuisse
636 2488 873 2543 sedatam
906 2495 930 2524 ⁸
959 2501 1027 2541 ex
1057 2485 1192 2540 infra
1215 2483 1562 2553 sequentibus
1589 2481 1811 2552 patebit.

1009 2615 1235 2674 CAPUT
1274 2613 1455 2669 XVIII.

428 2713 607 2771 ‘Nolte
629 2714 862 2770 consistit
893 2712 1163 2766 Paulinus.
1194 2707 1360 2773 Quam
1397 2706 1506 2760 illic
1545 2705 1701 2759 vitam
1726 2703 2022 2757 instituerit.

521 2848 573 2902 I.
617 2847 841 2902 Amoene
886 2843 906 2883 ί
939 2845 991 2899 in
1020 2857 1149 2912 agro
1178 2842 1245 2897 ad
1273 2841 1592 2911 quingentos
1619 2836 1687 2891 ab
1724 2836 1857 2891 urbe
1891 2833 2023 2888 Nola

449 2954 638 3010 passus
680 2953 801 2993 ossa
838 2936 982 2992 beati
1024 2935 1218 2991 Felicis
1264 2931 1560 3003 presbyteri
1607 2936 1662 2984 et
1702 2926 2023 2983 confessoris

2129 1772 2195 1824 tis
2222 1773 2391 1841 fronte
2430 1771 2624 1836 criniti,
2664 1770 2757 1823 sed
2804 1779 2950 1823 casta
2998 1769 3320 1839 informitate
3364 1769 3609 1838 capillum
3641 1768 3710 1819 ad

2126 1868 2292 1913 cutem
2320 1861 2457 1926 ctesi,
2481 1868 2531 1912 et
2552 1859 2874 1930 inaequaliter
2894 1858 3183 1925 semitonsl,
3208 1866 3255 1911 et
3276 1858 3518 1911 destituta
3542 1860 3712 1929 fronte

2126 1952 2375 2020 prterasi;
2403 1960 2451 2003 et
2480 1960 2667 2003 ornatu
2697 1948 2955 2017 pudicitia:
2994 1949 3223 2001 inornati
3262 1957 3310 2000 et
3358 1948 3597 2000 decenter
3624 1947 3709 1998 in—

2124 2041 2249 2094 culti
2277 2042 2382 2094 sint
2407 2047 2456 2093 et
2489 2038 2859 2093 honorabiliter
2888 2036 3243 2106 despicabiles,
3272 2052 3387 2089 cum
3423 2038 3711 2106 ingenitam

2123 2147 2320 2201 quoque
2354 2129 2569 2198 speciem
2609 2129 2839 2193 corporis
2867 2144 2957 2197 pro
2987 2127 3231 2181 interiore
3259 2127 3395 2181 cultu
3423 2143 3711 2196 aspernan-

2126 2229 2222 2283 tes,
2258 2219 2413 2272 etiam
2456 2218 2626 2272 studio
2657 2217 3034 2288 deformantur,
3064 2225 3121 2269 ut
3148 2216 3279 2285 ﬁant
3349 2215 3603 2280 pudenter
3629 2217 3707 2268 in-

2124 2308 2324 2363 honesti
2359 2306 2597 2369 vultibus,
2642 2307 2764 2360 dum
2810 2307 3147 2376 perficiantur
3183 2305 3483 2359 salutariter
3508 2305 3711 2358 honesti

2124 2398 2440 2452 mentibus...
2486 2396 2625 2462 Quid
2659 2395 2806 2451 nobis
2839 2398 2961 2467 jure
3006 2403 3358 2459 succenseant,
3402 2398 3447 2449 si
3484 2397 3710 2450 uicissim

2126 2488 2270 2543 nobis
2307 2491 2482 2560 faeteat
2522 2488 2652 2543 odor
2688 2489 2809 2542 υἱιιε
2847 2503 3041 2549 eorum,
3074 2488 3251 2559 quibus
3282 2488 3410 2542 odor
3437 2496 3632 2542 nostra:
3655 2489 3710 2540 in

2127 2588 2340 2632 mortem
2368 2579 2480 2631 est?
2510 2577 2606 2631 Ille
2623 2578 2880 2648 jejunium
2909 2594 3073 2631 meum
3105 2577 3293 2641 horret,
3316 2593 3407 2647 ego
3428 2576 3565 2629 illius
3588 2592 3710 2629 cra-

2125 2668 2300 2738 pulam
2323 2670 2457 2739 ferre
2481 2684 2583 2721 non
2612 2683 2837 2737 possum.
2871 2665 2971 2720 Ille
2998 2667 3213 2719 halitum
3240 2665 3477 2719 monachi
3499 2666 3709 2735 loquen-

2127 2758 2191 2811 lis
2240 2760 2414 2819 euitat,
2456 2772 2548 2827 ego
2598 2758 2777 2824 ﬂatum
2818 2755 3099 2808 Thrasonis
3138 2755 3386 2808 ructantis
3413 2753 3620 2824 e/fugio.
3651 2752 3711 2808 Si

2123 2848 2228 2902 illis
2255 2847 2487 2917 displicet
2515 2846 2733 2916 gutturis
2755 2846 2918 2898 nostri
2944 2847 3167 2910 siccitas,
3199 2853 3249 2898 et
3282 2844 3426 2898 nobis
3457 2843 3589 2915 gula:
3618 2861 3712 2897 eo-

2125 2954 2240 2991 rum
2269 2936 2519 2991 cruditas.
2562 2935 2625 2989 Si
2651 2935 2769 2989 illos
2800 2935 3016 3003 offendit
3045 2933 3357 3004 frugalitatis
3386 2933 3630 2998 ariditas,
3664 2941 3713 2985 et

450 3028 817 3098 quiescebant,
844 3027 1111 3095 hodieque
1137 3031 1437 3079 servantur.
1468 3020 1527 3074 In
1555 3034 1675 3074 eum
1706 3018 1867 3071 veluti
1894 3032 2022 3085 por-

2131 3043 2226 3080 nos
2253 3027 2502 3080 ventrium
2529 3022 2743 3092 offendit
2776 3023 3048 3093 ingluvies.
3085 3021 3306 3075 Videant
3331 3039 3453 3093 ergo
3482 3030 3712 3075 nos‘non

451 3127 564 3173 tum
592 3116 683 3171 ubi
723 3115 979 3169 Paulinus
1024 3115 1090 3168 ab
1120 3112 1300 3167 saaculi
1345 3117 1479 3164 aestu
1508 3107 1700 3163 fessam
1748 3116 1914 3160 ratem
1946 3106 2026 3159 in-

448 3207 615 3271 vexit,
646 3205 751 3260 dici
778 3219 886 3258 non
917 3187 1203 3273 potest,'ut
1243 3199 1541 3269 respirarit,
1586 3197 1778 3267 quibus
1823 3198 2029 3264 gaudiis

452 3295 754 3359 exundarit,
786 3302 846 3347 ut
872 3291 1240 3346 amantissimo
1267 3297 1497 3358 patrono
1542 3302 1601 3342 se
1640 3295 1811 3340 totum
1840 3287 2029 3340 dicavit

449 3384 882 3456 permiseritque,
913 3397 976 3436 ac
1002 3389 1174 3435 totum
1204 3380 1257 3433 in
1286 3394 1500 3433 omnem
1545 3376 1845 3431 sanctitatis
1889 3392 2024 3445 pra:-

352 3484 353 3487 ‘
450 3477 702 3531 stantiam
746 3472 1010 3528 effuderit.
1060 3468 1197 3525 Urbs
1228 3480 1253 3517 κ
1280 3469 1413 3523 Nola
1442 3467 1664 3523 celebris
1692 3475 1772 3520 est
1817 3466 2027 3520 colonia

449 3568 506 3622 in
532 3564 839 3634 Campania,
874 3578 1045 3632 eaque
1072 3562 1375 3627 maritima;
1407 3569 1530 3616 octo
1574 3560 1757 3614 lcucas
1786 3574 1814 3612 a
1844 3558 2023 3628 Capua

449 3658 673 3719 distans,
706 3670 800 3710 seu
828 3653 855 3692 δ
885 3655 1073 3723 viginti
1119 3653 1266 3708 mille
1310 3667 1518 3723 passus,
1550 3667 1714 3706 unum
1756 3666 1913 3720 supra
1946 3650 2024 3704 vi—

450 3750 582 3819 ginti
601 3748 751 3818 juxta
764 3742 1485 3808 Antoninuminltinerario;
1510 3753 1565 3799 ct
1585 3742 1649 3797 ad
1675 3758 1837 3797 unum
1866 3756 2025 3807 supra

450 3848 664 3895 centum
692 3838 969 3904 sexaginta
999 3850 1251 3904 passuum
1279 3834 1444 3887 millia
1474 3834 1541 3887 ab
1564 3834 1695 3887 urbe
1714 3832 1900 3895 Roma,
1932 3848 2025 3885 seu

450 3928 725 3995 sexaginta
753 3933 989 3994 quatuor
1017 3924 1224 3987 lcucas;
1255 3937 1413 3990 quam
1444 3930 1622 3975 tamen
1661 3921 1676 3957 ί
1712 3930 1923 3975 centum
1973 3929 2027 3975 et

448 4017 638 4084 viginti
668 4015 814 4069 mille
841 4028 1031 4084 passus
1058 4010 1394 4065 solummodo
1421 4025 1449 4061 a
1480 4009 1649 4062 Roma
1679 4009 1917 4064 dissitam
1946 4010 2027 4062 di—

447 4109 524 4162 cit
562 4106 831 4160 Paulinus.
874 4102 1024 4156 Ilanc
1070 4100 1254 4154 urbem
1301 4099 1535 4153 maxime
1567 4102 1581 4149 l
1620 4099 2028 4154 commendabat

447 4196 505 4250 S.
540 4194 732 4249 Felicis
772 4190 1301 4260 tumulus,paululum
1334 4187 1354 4225 ¹ι
1382 4189 1450 4242 ab
1478 4189 1610 4243 urbe
1638 4197 1895 4243 remotus.
1926 4190 2027 4244 Su-

448 4299 547 4355 per
575 4283 834 4338 tumulum
863 4288 977 4334 erat
1011 4278 1026 4316 ι
1060 4285 1368 4334 constructa
1392 4279 1632 4344 basilica,
1660 4287 1715 4333 et
1732 4279 1883 4346 juxta
1907 4296 2023 4333 eam

2128 3132 2280 3171 mane
2306 3116 2453 3177 ebrii,
2476 3115 2567 3168 sed
2592 3130 2796 3185 uespere
2810 3114 2978 3184 jejuni
3011 3130 3029 3177 ;
3059 3128 3150 3167 nec
3178 3113 3412 3166 hesterno
3440 3112 3611 3181 inﬂati
3638 3112 3714 3165 vi-

2129 3224 2217 3270 no,
2250 3205 2337 3260 sed
2368 3206 2612 3259 hodierno
2639 3205 2902 3267 abstemii;
2930 3220 3021 3257 nec
3043 3205 3106 3257 de
3129 3203 3341 3274 crapula
3369 3203 3600 3257 libidinis
3622 3204 3712 3256 de-

2127 3309 2321 3353 menter
2346 3298 2631 3363 instabiles,
2662 3296 2751 3350 sed
2778 3296 2967 3367 vigiliis
2998 3296 3282 3352 honestatis
3314 3297 3511 3366 integre
3546 3296 3713 3348 saucii

2124 3401 2176 3445 et
2195 3389 2364 3445 sobrie
2385 3389 2663 3453 temulenti,
2692 3402 2816 3457 quos
2839 3387 3160 3456 parcimonia
3184 3386 3472 3455 faciat,non
3498 3400 3713 3454 vorago,
3758 3380 3761 3384 ⁴

2128 3481 2365 3535 titubare.
2389 3478 2505 3534 Non
2536 3479 2709 3534 solum
2726 3478 2946 3544 singulis
2975 3486 3032 3514 ιι
3065 3476 3493 3545 Quadragesima:
3519 3474 3715 3530 diebus

2126 3571 2197 3625 ad
2223 3584 2502 3638 vesperam
2528 3582 2696 3636 usque
2727 3566 3011 3639 differebat
3042 3566 3295 3621 Paulinus
3322 3567 3499 3621 cibum
3528 3580 3713 3619 sume-

2124 3674 2205 3722 re,
2228 3673 2410 3712 verum
2427 3656 2663 3711 etiambb
2680 3655 2920 3709 Paschali
2942 3663 3184 3725 tempore
3211 3663 3337 3709 ante
3367 3670 3561 3709 nonam
3583 3654 3733 3709 nulo.

2128 3748 2208 3803 lus
2236 3747 2288 3801 in
2318 3745 2512 3799 familia
2533 3744 2695 3799 edere
2723 3746 3076 3814 praesumebat
3100 3762 3112 3796 :
3136 3752 3252 3799 toto
3281 3745 3405 3797 anui
3433 3744 3708 3799 curriculo

2132 3847 2188 3876 οε
2207 3836 2273 3892 ad
2296 3852 2569 3905 vesperam
2587 3835 2835 3899 edebant,
2861 3842 3120 3890 eteorum
3143 3835 3246 3890 cibi
3267 3835 3509 3890 consueti
3530 3834 3714 3888 herba:

2126 3936 2183 3982 et
2197 3924 2251 3963 ἀά
2266 3927 2501 3981 oluscula
2523 3933 2693 3979 erant.
2713 3925 2844 3980 Cum
2862 3940 3053 3994 panem
3067 3925 3363 3993 siligineum
3381 3924 3629 3978 Paulinus
3651 3933 3672 3959 ε
3685 3935 3712 3961 ο

2127 4034 2226 4090 pro
2254 4017 2464 4085 eulogia
2493 4018 2727 4070 mitteret
2752 4017 2816 4070 ad
2856 4017 3134 4083 Severum,
3162 4017 3292 4071 dicit
3314 4018 3456 4086 quod
3480 4017 3527 4071 ei
3559 4016 3709 4070 vide-

2137 4107 2282 4160 bitur
2303 4106 2518 4161 modum
2546 4122 2655 4160 sua:
2680 4106 2995 4171 humilitatis
3020 4106 3279 4161 excedere
3309 4125 3321 4159 :
3354 4121 3420 4161 ex
3448 4121 3555 4174 quo
3579 4122 3712 4160 con-

2129 4196 2304 4251 ficitur
2323 4204 2430 4249 tam
2460 4196 2743 4251 delicatum
2774 4212 2879 4251 non
2910 4196 3073 4251 fuisse
3098 4213 3290 4267 panem
3321 4198 3577 4252 cibariqu
3598 4212 3711 4264 quo

2126 4294 2451 4341 vesceretur.
2501 4286 2717 4341 Summa
2763 4295 2879 4341 erat
2907 4288 3021 4355 ejus
3061 4288 3110 4341 in
3157 4288 3294 4341 victu
3343 4288 3701 4356 temperantia

449 4372 734 4431 mditicium
760 4380 799 4409 ιι
830 4386 860 4424 a
887 4377 1030 4424 terra
1056 4384 1371 4439 suspensum
1405 4369 1701 4433 caenaculo,
1730 4385 1831 4422 una
1860 4371 2023 4438 porti-
2056 4385 2106 4444 Ῑ)
2140 4387 2250 4431 tum
2268 4378 2317 4431 in
2336 4378 2575 4434 ciborum
2599 4386 2707 4432 tum
2726 4378 2776 4432 in
2806 4387 2965 4447 potus
2983 4379 3239 4445 qualitate
3268 4387 3323 4432 et
3347 4380 3521 4447 copia,
3555 4376 3604 4415 τί
3630 4378 3712 4431 Io-

448 4480 517 4520 cu
545 4462 755 4519 cellulis
777 4460 1129 4531 hospitalibus
1158 4460 1493 4529 interposita,
1522 4459 1732 4527 longius
1770 4459 2020 4514 tendeba-

448 4562 558 4609 tur.
590 4562 618 4590 ιι
644 4554 686 4606 Ε
727 4554 940 4608 diverso
983 4551 1327 4606 habitationis
1365 4550 1603 4620 ejusdem
1640 4551 1865 4603 alterum
1906 4558 2024 4603 erat

408 4662 415 4669 λ
452 4644 782 4699 domicilium
827 4644 882 4696 in
909 4657 1016 4710 quo
1041 4642 1309 4696 seculares
1337 4641 1435 4694 viri
1464 4640 1748 4710 aliquando
1783 4641 2023 4709 hospita-

449 4733 647 4787 bantur
678 4749 691 4783 ε
723 4740 779 4785 et
806 4732 917 4785 bmc
945 4733 1123 4785 omnia
1145 4738 1170 4767 ο
1200 4730 1516 4784 videbantur
1539 4730 1665 4784 urbs
1705 4731 1891 4784 altera.
1924 4731 2033 4786 Illic

452 4830 482 4870 9
511 4820 755 4875 hortulus
783 4828 919 4883 erat,
962 4835 1119 4888 quem
1163 4819 1219 4874 S.
1261 4819 1452 4874 Felicis
1480 4831 1508 4869 τι
1546 4819 1757 4874 hortum
1806 4822 2029 4874 vocabat

449 4909 724 4972 Paulinus,
755 4924 985 4977 eumque
1030 4918 1139 4963 tam
1167 4920 1188 4947 τ
1218 4919 1500 4977 angustum
1538 4910 1813 4973 describit,
1841 4919 1899 4964 ut
1941 4912 2027 4965 vix

449 5002 597 5059 unici
618 5001 784 5057 caulis
806 5001 952 5056 ferax
978 5010 1034 5056 et
1054 5016 1220 5071 capax
1252 5010 1413 5056 esset.
1436 5000 1515 5054 Ex
1536 5002 1702 5055 altera
1732 5010 1884 5071 parte
1911 5011 2028 5056 erat

2126 4482 2299 4537 quens
2325 4468 2464 4521 enim
2495 4468 2561 4522 dc
2589 4467 2907 4522 Cardamate
2935 4474 3095 4520 tante
3131 4466 3436 4522 sobrietatis
3466 4469 3705 4535 insueto,

2126 4557 2254 4611 dicit
2282 4572 2403 4609 eum
2431 4573 2568 4626 pene
2601 4558 2963 4611 immutatum:
2985 4555 3127 4609 Nam
3155 4557 3413 4623 assiduus,
3436 4556 3607 4625 inquit
3628 4566 3709 4620 εδ,

2133 4648 2378 4700 mensqu
2405 4658 2595 4701 nostra:
2621 4649 2899 4717 particeps,
2926 4647 2999 4700 ita
3022 4663 3077 4701 se
3105 4648 3173 4699 ad
3206 4663 3499 4700 mensuram
3545 4648 3714 4700 nostri

2133 4737 2351 4805 gutturis
2397 4737 2631 4800 arctavit,
2673 4746 2729 4788 ut
2773 4752 2865 4788 nec
2910 4736 3160 4799 oluscula,
3195 4752 3286 4787 nec
3324 4735 3505 4804 pocula
3535 4745 3714 4787 nostra

2132 4826 2367 4877 vitaverit
2395 4825 2528 4893 quod
2554 4826 2738 4895 poterit
2767 4824 3115 4877 attenuatione
3152 4825 3231 4876 sui
3260 4824 3487 4892 corporis
3522 4832 3572 4874 et
3610 4823 3714 4875 oris

2129 4914 2328 4982 pallore
2353 4916 2550 4968 testari.
2586 4912 2653 4968 Et
2677 4914 2827 4977 alibi,
2853 4913 2907 4949 Μ’
2931 4912 3057 4965 Cum
3082 4913 3216 4966 raris
3236 4922 3283 4965 et
3310 4913 3518 4965 minutis
3538 4911 3715 4963 talici~

2129 5005 2220 5057 bus
2248 5015 2615 5076 aspergeretur
2634 5004 2812 5074 quibus
2843 5002 2987 5065 labra
3008 5018 3205 5055 summa
3225 5003 3309 5055 vix
3332 5002 3564 5072 tingeret,
3589 5000 3716 5052 nihil

523 5144 550 5173 ⁸
582 5132 803 5203 Paulin.
825 5148 912 5201 ep.
942 5131 1036 5203 29,
1067 5149 1121 5185 ιι.
1145 5131 1253 5203 _i'5;
1284 5132 1481 5203 Baron.
1509 5140 1563 5186 et
1592 5132 1802 5203 Sacch.J
1837 5133 1937 5187 Ioc.
1980 5150 2141 5203 supra
2168 5136 2259 5189 cit.
2336 5135 2361 5174 ι)
2392 5135 2594 5189 Paulin.
2627 5150 2712 5203 ep.
2740 5134 2790 5199 5,
2824 5150 2877 5189 ιι.
2896 5134 2990 5203 I5.
3066 5146 3090 5173 ο
3122 5134 3278 5200 Ibid.,
3308 5135 3429 5188 n.7.
3504 5132 3529 5172 ἀ
3560 5134 3715 5195 Ibid.,

445 5220 512 5260 ιι.
545 5203 630 5255 ιι.
713 5211 740 5270 ς
768 5200 897 5270 cap.
930 5201 1020 5267 22,
1050 5217 1108 5255 ιι.
1138 5200 1189 5253 2.

455 5272 475 5310 ί
506 5272 688 5328 Carm.
722 5269 805 5335 I4,
829 5269 884 5324 v.
908 5270 994 5324 67.

446 5356 612 5395 carm.
636 5338 727 5406 25,
748 5355 802 5393 v.
827 5339 949 5392 400.
1025 5348 1051 5375 ιι
1082 5339 1212 5395 Ibid.

444 5425 501 5463 ιι.
534 5409 619 5477 1⁸2.
698 5408 844 5477 ‘Ep.
875 5407 928 5473 5,
963 5426 1016 5462 ιι.
1050 5409 1133 5461 i9.
1177 5406 1416 5477 “aliud”
1450 5425 1501 5462 ιι.
1535 5409 1616 5463 l5.

446 5476 574 5548 me.
653 5474 827 5548 flEp.
858 5476 1096 5548 15,113}.
1175 5474 1376 5548 δξιιὶιίᾱ.

446 5545 540 5611 19,
570 5562 623 5601 ιι.
649 5547 701 5599 ι.
775 5545 836 5587 lli
859 5546 955 5618 Ep.
989 5546 1080 5612 2|,
1108 5561 1161 5600 ιι.
1194 5546 1244 5599 6.

1280 5200 1298 5238 ί
1337 5201 1581 5257 Saccbin.
1615 5202 1721 5255 Vit.
1770 5200 1975 5255 Paulin.

1077 5221 1108 5255 I.
1138 5205 1189 5253 2.
1280 5205 1298 5238 ί
1337 5205 1581 5257 Saccbin.
1615 5205 1721 5255 Vit.
1771 5205 1975 5255 Paulin.
2012 5219 2024 5270 ι

1077 5270 1301 5342 t'__Carm.
1327 5270 1414 5342 I8,
1449 5287 1500 5324 ν.
1544 5271 1665 5342 106.
1740 5270 1968 5342 {Cara}.
1995 5273 2024 5325 Ξ

2126 5205 2225 5258 ἱ81.
2317 5205 2547 5259 κιριιιο.
2598 5205 2806 5257 Ferrar.
2894 5205 2922 5240 ιι
2952 5205 3104 5259 Paul.
3188 5219 3357 5257 carm.
3382 5205 3470 5266 21,
3502 5220 3555 5256 v.
3596 5205 3716 5255 404.

2126 5290 2156 5325 ι.
2190 5273 2311 5326 465.
2394 5272 2411 5311 ι
2443 5274 2541 5342 Ep.
2571 5273 2657 5336 '52,
2681 5290 2734 5326 ιι.
2770 5274 2836 5327 10
2895 5282 2949 5327 et
2987 5273 3071 5327 I5.
3136 5282 3175 5309 ιη
3205 5271 3305 5341 Ep.
3336 5272 3425 5342 29,
3456 5272 3636 5342 n.7i5;
3666 5281 3721 5342 et

1290 5346 1314 5373 ο
1337 5339 1514 5397 Carm.
1542 5340 1625 5393 I8.
1652 5356 1699 5392 v.
1734 5339 1854 5393 169.
1931 5352 1959 5389 ιι
1988 5341 2024 5394 Ε

1290 5408 1416 5464 bid..
1450 5425 1501 5462 ιι.
1535 5409 1616 5463 l5.
1694 5420 1714 5443 ν
1752 5408 1845 5464 Et).
1877 5409 1966 5464 ‘25.
1999 5428 2024 5464 ιι

2126 5342 2202 5407 II,
2230 5360 2283 5396 ιι.
2314 5342 2398 5396 Μ.
2472 5339 2504 5392 ιι
2528 5343 2625 5412 Ep.
2655 5342 2706 5406 5,
2739 5360 2791 5396 ιι.
2820 5343 2903 5395 Η.
2984 5353 3005 5381 ι’
3030 5342 3129 5411 Ep.
3149 5342 3235 5403 '59,
3254 5339 3307 5395 Il.
3332 5341 3383 5395 4.
3462 5351 3482 5376 ⁸
3507 5341 3606 5409 Ep.
3630 5341 3718 5403 5‘2,

2126 5453 2136 5464 .
2218 5423 2237 5447 κ
2276 5411 2433 5464 Uran.
2493 5430 2546 5464 ιι.
2596 5413 2646 5464 '5.
2722 5422 2749 5461 γ
2780 5412 2984 5464 Paulin.
3033 5427 3119 5464 en.
3167 5409 3256 5464 22.
3296 5427 3352 5464 ιι.
3384 5410 3437 5464 1.
3515 5410 3718 5464 ιΙιιίιι..

1457 5425 1501 5462 ιι.
1535 5425 1616 5463 ta.
1696 5425 1713 5443 ν
1752 5425 1845 5476 np.
1877 5425 1966 5476 ‘Zb,
1999 5428 2051 5464 ιι.
2084 5425 2136 5464 δ.
2218 5425 2237 5447 ι
2278 5425 2433 5466 Uran.
2493 5430 2546 5467 ιι.
2596 5425 2646 5465 'o.
2722 5425 2749 5461 γ
2780 5425 2948 5466 Paulli

1457 5489 1509 5518 τε
1528 5478 1626 5548 Ep.
1647 5478 1737 5543 25,
1766 5494 1818 5531 ιι.
1842 5478 1894 5533 8.
1974 5479 2026 5518 αα
2053 5478 2260 5550 ΕΡΛΕ),
2281 5499 2335 5535 ιι.
2366 5482 2417 5536 4.
2497 5493 2551 5521 ρο
2574 5482 2670 5553 Ep.
2701 5481 2749 5547 5,
2776 5499 2829 5536 ιι.
2862 5481 2948 5535 21.

2317 5215 2342 5247 κ
2366 5204 2547 5259 Lexic.
2598 5202 2806 5257 Ferrar.
2894 5202 2922 5240 ιι
2952 5202 3104 5259 Paul.
3188 5219 3357 5257 carm.
3382 5204 3470 5266 21,
3502 5220 3555 5256 v.
3596 5203 3716 5255 404.

2218 5423 2237 5447 κ
2276 5411 2433 5466 Uran.
2493 5430 2546 5467 ιι.
2722 5412 2984 5491 γΡιιιιΙίιι.
3033 5409 3119 5519 ep.
3167 5409 3256 5470 ιιι.
3296 5427 3352 5464 ιι.
3384 5410 3437 5464 1.
3515 5421 3537 5447 ι
3564 5410 3718 5474 Ibid.,

2218 5482 2258 5534 ).
2281 5499 2335 5534 ιι.
2366 5482 2417 5534 4.
2497 5493 2551 5521 εν
2574 5482 2670 5534 Eo.
2701 5481 2749 5534 Σ).
2776 5499 2829 5534 ιι.
2862 5481 2948 5534 2i.
3028 5480 3046 5519 ί
3110 5480 3206 5534 En.
3234 5478 3318 5534 15.
3347 5496 3402 5534 ιι.
3422 5479 3475 5533 4.
3550 5478 3718 5534 εκΕιν.

3156 5496 3206 5550 p.
3234 5478 3318 5545 15,
3347 5496 3402 5534 n.
3422 5479 3475 5533 4.
3550 5478 3719 5551 “Ep.
