4020 6186
327 270 400 326 53
1689 277 2207 340 PROLEGOMENA.
2394 302 2403 309 ’
2688 236 2693 237 7
3492 293 3563 349 54

325 385 389 436 de
404 381 549 436 vacui
564 382 757 436 ventris
776 390 864 435 aut
878 382 1001 437 sicci
1012 385 1228 454 gutturis
1241 383 1434 453 injuria
1454 385 1772 455 querebatur.
1793 386 1905 442 Mo-
1931 394 1985 452 Α

324 474 446 527 dico
468 480 648 526 tamen
679 481 707 509 ι
736 476 861 527 vino
887 470 1202 527 usus‘fuisse
1231 472 1439 527 videtur
1472 472 1722 528 Paulinus
1743 476 1905 530 etiam

324 562 775 631 quadragesimali
803 571 1064 631 tempore,
1088 562 1229 631 quod
1260 562 1327 616 ab
1357 562 1514 630 hujus
1540 564 1640 617 aevi
1671 564 1906 634 disciplic

326 668 396 705 na
425 652 785 706 ecclesiastica
812 667 1035 721 prorsus
1056 651 1288 706 alienum
1312 661 1427 706 erat
1452 670 1463 704 :
1490 653 1590 706 nisi
1618 654 1907 709 dixerimus

326 755 454 793 cum
483 739 751 794 inﬁrmum
780 748 837 794 et
860 740 1110 802 debilem,
1144 750 1200 794 ut
1221 742 1445 810 ipsemet
1471 750 1694 797 testatur
1714 743 1767 798 in
1788 745 1905 813 epi-

325 830 468 883 stola
498 828 522 865 δ
547 828 614 882 ad
643 828 1039 883 Pammachium
1060 828 1147 893 15,
1171 830 1404 899 potuisse
1424 831 1498 883 uti
1520 830 1760 900 Apostoli
1780 847 1907 886 con-

324 918 469 971 silio.
504 917 637 970 Tum
667 916 735 971 de
761 916 1074 987 quibusdam
1099 926 1121 956 ο
1146 917 1375 972 inventis
1396 918 1634 972 hilariter
1652 919 1906 988 loquitur,

324 1007 522 1075 quibus
554 1006 751 1071 Victor,
788 1007 856 1061 de
899 1021 1008 1075 quo
1042 1004 1067 1043 δ
1098 1007 1231 1062 alias
1277 1007 1444 1063 fusius
1493 1007 1749 1072 dicemus.
1786 1025 1908 1065 eum

327 1096 677 1158 instruxerat,
701 1104 760 1149 ut
785 1096 1015 1164 parcius,
1036 1095 1331 1164 simplicius
1346 1104 1401 1151 et
1420 1098 1660 1167 asperius
1681 1100 1902 1155 viveret.

326 1185 435 1239 Sua
482 1185 682 1239 fercula
723 1196 747 1224 ο
786 1183 1038 1239 Paulinus
1065 1185 1277 1241 dicebat
1321 1201 1440 1241 esse
1485 1188 1759 1256 aptissima
1799 1204 1908 1258 quo

324 1276 593 1330 senatoris
618 1283 906 1345 poneretur
928 1275 1197 1331 fastidium
1232 1294 1245 1329 :
1269 1286 1326 1331 at
1349 1275 1368 1315 τ
1394 1278 1603 1334 inﬁrmo
1630 1282 1907 1336 stomacho

326 1367 684 1437 probabiliter
724 1366 974 1421 fortiores
1016 1366 1165 1422 fuere
1200 1368 1305 1423 cibi
1339 1369 1531 1439 quibus
1578 1380 1903 1426 vesceretur.

326 1456 544 1509 Divinas
570 1465 595 1503 ε
626 1454 810 1509 laudes
852 1453 1064 1509 videtur
1104 1455 1173 1511 de
1209 1464 1369 1510 nocte
1404 1457 1728 1523 celebrasse;
1758 1462 1907 1526 gravi

325 1541 355 1581 δ
382 1558 542 1599 sacco
582 1544 925 1613 caprigenum
971 1553 1191 1609 tectum,
1230 1559 1295 1599 ac
1337 1552 1574 1600 setarum
1619 1549 1907 1616 asperitate

324 1647 449 1690 eum
477 1633 806 1687 stimulatum
835 1642 891 1686 et
926 1641 1305 1702 compunctum
1338 1633 1499 1690 fuisse
1538 1637 1668 1691 satis
1696 1638 1903 1707 colligi-

431 1724 671 1827 exnillins
696 1724 928 1827 scriptis.
957 1723 1321 1825 animmque
1345 1725 1503 1827 hujus
1522 1727 1730 1827 generis
1765 1727 1781 1766 ί
1810 1730 1905 1784 de-
1932 1759 1980 1820 Β
2006 1772 2062 1827 in

322 1814 478 1868 licias
505 1812 737 1868 Severus
765 1812 987 1869 Paulino
1018 1814 1271 1881 misisset,
1299 1814 1506 1870 scilicet
1532 1816 1689 1885 pallia
1718 1833 1900 1873 came-

323 1904 500 1956 lorum
528 1904 649 1973 pilis
670 1912 835 1968 texta,
862 1918 930 1958 ex
951 1903 1031 1958 his
1050 1904 1359 1959 muneribus
1385 1906 1640 1972 grandem
1668 1909 1902 1977 captavit

322 1994 759 2062 compunctionis
803 2002 860 2047 et
913 1994 1225 2048 humilitatis
1279 1996 1578 2049 materiam.
1629 1995 1770 2051 Sane
1820 2006 1905 2053 est

322 2082 468 2148 quod
496 2083 755 2136 miremur
776 2091 977 2136 tantam
1000 2084 1367 2138 austeritatem
1390 2084 1442 2137 in
1464 2093 1614 2139 tanto
1633 2096 1899 2153 senatore,

323 2175 415 2242 qui
438 2188 547 2227 non
577 2172 750 2228 solum
779 2174 1095 2227 naturaliter
1119 2174 1377 2228 delicatus
1399 2183 1533 2238 erat,
1564 2175 1658 2229 sed
1678 2184 1732 2230 et
1751 2182 1902 2245 cujus

328 2264 344 2314 i
383 2279 580 2333 corpus
619 2278 833 2332 semper
868 2263 1153 2317 inﬁrmum.
1197 2263 1273 2318 De
1301 2263 1323 2301 ιι
1357 2265 1517 2319 variis
1552 2265 1667 2333 ejus
1702 2267 1901 2322 morbis

325 2354 459 2410 alias
479 2369 790 2409 sermonem
817 2354 1147 2409 habebimus.

910 2463 1136 2519 CAPUT
1175 2463 1313 2518 XIX.

324 2575 455 2641 Quis
467 2578 971 2650 fueritpaupertatis,
983 2577 1285 2650 voluntarii;
1294 2582 1525 2650 corporis
1534 2581 1899 2650 aﬂiictationis,

397 2648 758 2719 solitudinis“
779 2646 969 2703 silentii
989 2662 1135 2704 amor
1152 2652 1206 2704 in
1231 2646 1471 2704 Paulino.
1494 2646 1700 2719 nam
1720 2652 1901 2707 litteris

390 2717 648 2790 judicium
676 2714 737 2776 S.
768 2721 1061 2791 Augustini.

2130 393 2347 469 simodo
2372 393 2624 469 lugentem
2644 402 2808 469 gravis
2829 402 2957 455 hirto
2977 410 3196 469 tegmine
3213 421 3385 467 Saccus

2191 456 2515 525 Caprjgenum
2532 462 2654 507 setis
2670 460 2787 525 dum
2800 470 2940 525 teget
2962 456 3262 523 etstimulat

2131 513 2434 592 Tutin—fitﬁt
2461 519 2649 592 placato
2666 513 3366 592 ιιιθῆιίγῖῥόᾴἷιιίἱιῗιῖὁῖιῦτθσ.

2191 574 2495 641 Αιιιιιιιιιιιιέι
2517 582 2683 641 cinget
2703 594 2784 630 me
2804 574 2925 632 stola
2948 574 3144 638 laetitiae.

2129 632 2921 717 “41°19?!'l‘lfiﬁtfixiwlum
2944 632 3175 717 έιῖέέῐὲιῑίε
3189 654 3416 717 opimum.

2190 695 2240 760 si
2267 698 2408 760 nando
2424 698 2621 759 ieiunus
2637 701 2868 760 justitiam
2890 695 3119 758 esuriam:

2132 754 2599 836 “ﬂolmmempanis
2617 754 2935 836 quamsancti
2956 754 3144 836 ducere
3161 772 3297 822 verbi
3322 786 3337 821 :

2192 816 2311 865 Nolo
2334 816 2527 885 domum
2554 816 2808 885 vini,_lucis
2827 816 3145 885 aquam'sitiov.

2129 871 2225 953 Hic
2235 879 2425 953 faciet
2439 892 2519 929 me
2539 871 3332 953 ἀίηζειιιρᾳιιῖἶᾶὶῇἦὶἶέεθςωι

2192 923 3176 1009 egi.(an;ni'pzaasgfésilbmséiﬁaif

2131 992 2223 1062 Hic
2242 997 2359 1048 licet
2383 1008 2495 1049 ante
2516 992 2630 1062 suas
2644 1004 2783 1052 dives
2804 992 3269 1062 diiidﬁé’éaﬁdes

2191 1056 2443 1120 Spernens
2461 1060 2539 1109 vel
2563 1065 2701 1113 micis
2716 1076 2801 1112 me
2822 1056 3176 1120 saturare'suis.

2128 1115 2250 1183 Nolo
2273 1121 2383 1183 mihi
2410 1119 2556 1181 Tyrio
2577 1126 2719 1173 modo
2734 1127 2898 1175 serica
2921 1115 3279 1183 maric‘é"€ésus

2194 1178 2392 1252 Ardent,
2412 1178 2563 1232 arsuri
2586 1186 2800 1252 corporis
2823 1185 3029 1252 invidia;

2132 1235 2720 1320 Ne‘pfstq‘mr_pii_res_qsriie
2736 1235 3181 1320 flammaipei-ennls
3200 1255 3401 1304 amictus

2177 1299 2400 1371 gAmbiat,
2423 1299 2473 1371 et
2495 1305 2703 1371 pretium
2722 1308 2932 1371 vestis‘in
2948 1299 3067 1371 igne
3089 1299 3237 1371 tum,

2128 1355 2220 1430 Hic
2235 1355 2575 1430 potiusmis'eri
2600 1365 2843 1430 iaceamus
2863 1355 2912 1416 in
2923 1355 3267 1430 signia—Eia

2188 1419 2450 1494 Silequis_,
2476 1430 2528 1493 et
2550 1419 2758 1476 lambant
2775 1427 2939 1494 ulcera
2958 1419 3119 1479 ἤδειιέ
3143 1419 3322 1494 canes;

2133 1477 2401 1545 Ut_placida
2428 1485 2611 1531 tristem
2637 1493 2743 1545 post
2762 1489 2905 1536 vitam
2927 1477 3082 1539 morte
3096 1477 3284 1544 solut-ns

2241 1542 2321 1590 itis
2337 1543 2393 1591 ad
2419 1542 2648 1594 occursus
2671 1547 2877 1608 angelus
2901 1552 3113 1613 excipiat
3136 1554 3179 1601 τ.

2075 1682 2181 1753 35
2205 1683 2259 1737 2.
2287 1685 2537 1741 Hilaritas
2561 1688 2650 1742 illa
2678 1696 2735 1744 et
2759 1696 2910 1759 grata
2938 1691 3174 1748 suavitas
3192 1708 3349 1763 quam
3369 1695 3575 1764 spirant

2068 1773 2148 1829 ius
2174 1775 2432 1843 epistolae,
2464 1777 2622 1846 plane
2641 1778 3007 1835 demonstrant
3024 1795 3182 1850 quam
3205 1784 3434 1839 maxime
3458 1787 3554 1840 stri

2002 1866 2189 1922 ctioris
2217 1870 2339 1922 vitae
2364 1876 2525 1934 statu,
2555 1885 2715 1939 quem
2752 1871 3009 1940 elegerat,
3049 1873 3425 1930 delectaretur.
3466 1876 3571 1930 lta-

2002 1973 2108 2027 que
2135 1958 2458 2027 Augustinus
2486 1960 2671 2029 paucis
2700 1960 2874 2014 verbis
2908 1961 3073 2015 vitam
3112 1977 3387 2031 exponens
3412 1980 3574 2033 quam

2003 2047 2057 2101 in
2104 2047 2395 2116 Campania
2439 2047 2691 2103 Paulinus
2738 2058 2922 2104 noster
2961 2050 3172 2117 agebat,
3213 2051 3288 2105 ait
3315 2061 3337 2088 ·
3374 2071 3386 2104 :
3420 2052 3575 2106 Nune

2002 2135 2207 2189 Christo
2235 2137 2556 2191 moderatore
2582 2137 2779 2192 ilineris
2805 2139 2887 2192 sui
2911 2140 3107 2210 quietus
3130 2148 3180 2194 et
3205 2141 3461 2195 modestus
3478 2159 3574 2195 ea:-

2002 2225 2179 2278 sultat.
2211 2224 2395 2293 Neque
2420 2225 2563 2279 enim
2591 2227 2966 2303 ecclesiasticis
3000 2228 3160 2284 rebus
3195 2237 3311 2284 erat
3350 2231 3575 2286 multum

2002 2321 2313 2381 occupatus,
2345 2312 2472 2368 licet
2498 2318 2678 2369 tamen
2700 2315 2890 2370 eodem
2916 2325 3157 2386 tempore
3179 2333 3285 2387 quo
3312 2319 3369 2373 S.
3396 2317 3574 2388 Augu-

2001 2400 2171 2454 stinus
2205 2403 2223 2437 ι
2256 2416 2378 2471 eum
2414 2402 2637 2472 putabat
2674 2412 2861 2459 sancto
2895 2403 3095 2474 perfrui
3128 2418 3263 2470 otio,
3292 2406 3367 2461 illi
3399 2419 3574 2465 essent

2004 2500 2026 2533 υ
2061 2491 2396 2550 incredibiles
2416 2494 2820 2567 occupationes;
2850 2509 2950 2553 nec
2973 2496 3151 2555 minus
3176 2497 3448 2555 solitudini
3476 2514 3574 2556 va-

2001 2585 2160 2638 cabat
2182 2599 2341 2653 quam
2384 2584 2503 2639 aliis
2532 2588 2863 2655 pmnitentite
2897 2587 3150 2658 operibus
3172 2606 3190 2643 :
3210 2591 3407 2660 quippe
3430 2593 3575 2651 enim

2001 2687 2121 2726 cum
2146 2672 2285 2741 apud
2313 2672 2711 2729 Pammachium
2733 2682 2792 2731 se
2822 2685 3073 2747 purgaret
3099 2677 3240 2747 quod
3279 2678 3418 2735 illius
3441 2697 3576 2736 conn

1996 2759 2139 2828 jugis
2176 2760 2409 2815 Paulina:
2446 2772 2669 2817 mortem
2708 2765 2878 2820 serius
2915 2768 3273 2836 cognovisset,
3300 2769 3375 2823 ait
3400 2778 3429 2808 ν
3457 2769 3528 2824 illi
3558 2789 3571 2823 :

397 2836 449 2888 i.
483 2834 569 2888 Ab
605 2833 723 2903 ejus
761 2832 1071 2889 austeritate
1119 2846 1225 2887 non
1270 2830 1609 2901 discrepabat
1649 2841 1904 2889 externus

2008 2847 2183 2920 Neque
2201 2850 2374 2904 videar
2395 2850 2457 2903 de
2479 2860 2527 2904 te
2554 2855 2867 2924 negligentia
2894 2830 3011 2909 med
3034 2873 3178 2911 serus
3207 2830 3429 2919 audisse.
3461 2877 3576 2915 cum
3644 2909 3650 2915 .

327 2933 638 2998 apparatus.
668 2922 856 2978 Omnia
883 2922 1146 2992 simplicia
1166 2930 1340 2992 erant,
1363 2923 1506 2988 vilia,
1528 2924 1785 2992 spirantia
1804 2924 1904 2978 hn-

327 3018 630 3073 militatem.
659 3013 1056 3095 supellectilem
1085 3020 1395 3080 argenteam
1423 3028 1454 3067 a
1482 3013 1747 3082 principio
1772 3028 1902 3068 con-

2002 2938 2115 3005 ipsa
2142 2954 2223 2991 me
2248 2948 2297 2992 et
2324 2940 2426 2993 loci
2453 2942 2663 2996 remotio
2690 2952 2737 2995 et
2757 2945 3006 3013 propositi
3032 2947 3165 2999 ratio
3189 2946 3451 3016 defendat.
3477 2965 3575 3015 quo

2005 3035 2226 3079 secretus
2253 3036 2301 3081 et
2331 3029 2512 3081 tacitus
2555 3045 2711 3099 agens
2749 3046 2908 3100 neque
2934 3032 3101 3085 videre
3126 3033 3228 3087 nisi
3265 3050 3415 3087 raros
3441 3052 3577 3103 prae-

327 3106 591 3160 versionis
618 3104 671 3158 in
701 3104 930 3172 ligneam
970 3102 1198 3155 ωυῑθνίῐ
1222 3116 1287 3157 ac
1314 3100 1550 3166 ῧοῐίιθω,
1580 3117 1741 3172 quam
1779 3102 1901 3156 ideo
1928 3109 1973 3171 C
2004 3119 2309 3171 tereuntium
2338 3135 2562 3188 possum,
2596 3137 2755 3191 neque
2783 3122 3103 3192 interrogare
3140 3121 3205 3177 de
3244 3100 3450 3177 sanctis
3465 3126 3577 3195 fra-

328 3211 510 3251 amare
545 3209 606 3250 se
630 3194 762 3249 dixit
790 3192 834 3260 ι,
865 3194 988 3261 quia
1035 3209 1157 3246 vasa
1204 3193 1385 3262 ﬁctilia
1424 3193 1699 3247 secundum
1736 3193 1905 3246 Adam

328 3295 548 3357 cognata
568 3286 649 3340 illi
675 3292 861 3347 essent,
893 3291 941 3337 et
967 3282 1178 3336 Domini
1204 3283 1499 3336 thesaurum
1526 3285 1581 3336 in
1606 3282 1790 3335 talibus
1816 3300 1904 3335 va-

329 3379 397 3431 sis
435 3378 766 3431 commissum
804 3374 1027 3426 haberet.
1060 3371 1347 3427 Scutellam
1378 3381 1416 3409 ω
1445 3373 1672 3426 buxeam
1704 3370 1904 3427 Severo

326 3468 472 3523 misit
497 3475 754 3534 tanquam
781 3462 1072 3533 spiritualis
1098 3462 1329 3516 convivii
1354 3476 1568 3525 munus,
1592 3469 1653 3514 ut
1678 3461 1903 3515 docere-

327 3567 414 3612 tur
439 3555 601 3611 simili
623 3564 848 3622 argento
876 3554 973 3608 nti.
1003 3553 1082 3605 Ad
1110 3552 1321 3619 qualem
1349 3552 1682 3620 paupertatis
1707 3559 1941 3615 statum.

326 3662 386 3703 se
412 3644 685 3713 redegerit
712 3643 963 3698 Paulinus
1001 3640 1174 3711 colligi
1204 3649 1383 3711 potest
1408 3656 1474 3695 ex
1505 3648 1531 3675 ιι
1559 3640 1784 3709 epistola
1814 3640 1902 3702 59,

328 3752 453 3791 cum
479 3736 675 3805 inopina
694 3734 1012 3789 necessitate
1031 3748 1091 3787 se
1110 3731 1398 3800 aliquando
1421 3732 1533 3786 sale
1553 3745 1710 3799 egere
1731 3731 1901 3801 ponit.

326 3824 453 3892 Ejus
478 3826 660 3894 itaque
690 3833 713 3861 ο
739 3832 1110 3894 paupertatem
1146 3822 1504 3876 admirabatur
1531 3814 1780 3887 Severus,
1812 3821 1907 3876 sed

327 3914 527 3969 imitari
555 3928 615 3968 se
642 3913 872 3980 negabat
898 3926 1074 3981 posse.
1106 3908 1174 3963 Et
1199 3910 1415 3978 quidem
1446 3910 1575 3964 nihil
1600 3909 1850 3964 Paulinus
1879 3920 1906 3958 ι)

329 4002 566 4057 habebat
594 4002 695 4056 nisi
716 4001 1009 4067 Christum,
1039 4008 1095 4053 at
1117 3999 1297 4052 omnia
1328 3998 1603 4068 possidere
1630 4014 1690 4054 se
1719 3999 1927 4075 existi;

327 4092 512 4147 mabat
537 4092 593 4146 in
615 4107 682 4146 eo
700 4092 791 4161 qui
820 4091 999 4145 omnia
1028 4089 1311 4143 habentem
1340 4089 1579 4143 haberet.
1602 4088 1659 4142 In
1680 4104 1907 4159 pauper-

329 4193 445 4238 tate
486 4199 597 4238 non
644 4182 932 4237 ﬁuctuabat
976 4188 1070 4235 aut
1106 4179 1399 4246 difﬁdebat,
1444 4179 1572 4233 nihil
1618 4195 1814 4234 curans
1842 4179 1910 4233 de

328 4273 605 4329 crastinas
620 4290 636 4336 ;
654 4286 753 4327 nec
774 4281 950 4326 tamen
967 4270 1168 4326 amicos
1187 4269 1253 4323 ad
1273 4284 1331 4323 se
1353 4268 1575 4323 invitare
1595 4268 1902 4323 dubitabat:

329 4364 539 4417 sciebat
562 4362 701 4416 enim
732 4361 898 4415 Deum
925 4360 1025 4415 sibi
1053 4359 1357 4413 adfuturum
1386 4360 1475 4427 qui
1502 4374 1562 4413 se
1593 4365 1762 4413 totum
1789 4358 1903 4412 Deo

2007 3205 2166 3260 tribus
2210 3208 2310 3262 nisi
2354 3225 2502 3262 caros
2550 3211 2682 3265 volo.
2730 3210 2857 3266 Inde
2904 3210 3207 3282 frequentes
3251 3213 3577 3270 advenarum

2004 3307 2248 3353 catervas
2275 3299 2365 3369 qui
2394 3299 2462 3353 ad
2509 3300 2566 3355 S.
2614 3300 2807 3356 Felicis
2847 3302 3108 3356 tumulum
3136 3303 3422 3359 veniebant
3445 3305 3577 3360 nihil

2004 3390 2305 3445 solitudinis
2345 3390 2459 3458 ejus
2486 3399 2541 3445 et
2569 3391 2765 3446 silentii
2792 3393 3045 3448 minuisse
3073 3393 3366 3463 colligitur;
3397 3411 3577 3451 remo-

2004 3487 2092 3533 tus
2126 3480 2268 3533 enim
2292 3482 2499 3548 agebat,
2533 3490 2590 3534 ut
2619 3481 2744 3536 alibi
2772 3491 2798 3519 ³
2823 3482 2937 3552 ipse
2970 3491 3220 3552 testatur,
3249 3492 3305 3539 et
3337 3494 3577 3541 secretus

2003 3571 2214 3637 silebat,
2252 3586 2422 3639 eaque
2459 3571 2671 3626 vivendi
2697 3572 2904 3627 ratione
2929 3578 2958 3623 γ
2989 3572 3172 3628 Romae
3208 3573 3578 3643 zelotyporum

2007 3660 2248 3715 incendia
2288 3662 2607 3716 clericorum
2637 3662 2910 3715 exstinxit.
2942 3661 3173 3717 Maxime
3200 3672 3377 3717 autem
3406 3665 3459 3716 in
3488 3676 3579 3718 sol

2006 3749 2243 3803 litudinis
2268 3749 2648 3817 tranquillitate
2668 3756 2723 3803 et
2750 3749 2928 3801 laetitia
2959 3749 3106 3816 pacis
3126 3763 3310 3802 coram
3330 3749 3441 3803 Deo
3462 3764 3578 3818 gra—

2006 3839 2202 3892 tiarum
2239 3838 2538 3891 actionibus
2582 3837 2822 3901 vacabat,
2866 3838 3006 3891 unde
3043 3838 3368 3906 Augustinus
3396 3841 3461 3895 ad
3491 3841 3579 3895 Li-

2007 3926 2239 3981 centium
2286 3940 2439 3978 suum
2484 3925 2742 3993 scribens,
2787 3925 2902 3980 ait:
2939 3926 3084 3981 Vade
3122 3928 3178 3981 in
3219 3926 3577 3999 Campaniam,

2008 4016 2145 4069 disce
2165 4013 2533 4079 Paulinum...,
2558 4014 2696 4068 disce
2716 4013 2894 4085 quibus
2915 4014 3093 4085 opibus
3112 4017 3303 4087 ingenii
3323 4018 3580 4088 sacriﬁcia

2008 4105 2177 4159 laudis
2207 4103 2412 4157 Christo
2450 4104 2655 4173 offerat,
2688 4105 2968 4175 refundens
2996 4105 3075 4159 illi
3101 4104 3346 4176 quidquid
3384 4108 3580 4177 accepit

2009 4211 2073 4248 ea:
2100 4194 2211 4258 illo,
2242 4210 2306 4247 ne
2333 4195 2536 4247 amittat
2562 4195 2735 4248 omnia
2760 4195 2804 4248 si
2834 4210 2937 4248 non
2973 4195 3029 4249 in
3064 4211 3124 4249 eo
3168 4205 3383 4265 reponat
3418 4210 3451 4247 a
3481 4211 3581 4266 quo

2010 4285 2119 4338 hazc
2159 4282 2325 4336 habet.
2364 4282 2422 4336 ln
2467 4283 2806 4338 observ’antia
2844 4290 2899 4338 et
2930 4292 2952 4320 ι
2984 4284 3371 4354 exspoliatione
3404 4282 3581 4339 cordis

2010 4374 2091 4427 sui
2121 4380 2265 4427 totus
2293 4380 2426 4435 erat,
2458 4380 2516 4425 ut
2540 4371 2738 4425 diaboli
2769 4371 2872 4426 tela
2894 4371 3206 4426 declinaret.
3229 4371 3433 4427 Idcirco
3455 4386 3585 4441 pm

330 4452 637 4509 οτθάίάεηι
662 4462 718 4507 ει
752 4451 1088 4521 Ρθηηίεθνδῑν
1120 4464 1295 4518 neque
1325 4458 1435 4503 tum
1470 4449 1771 4503 defuturam
1804 4448 1909 4503 illis
1938 4466 1987 4525 Ι)
2013 4463 2099 4517 dia
2122 4460 2457 4525 vendiderat,
2488 4468 2544 4514 et
2569 4461 2637 4514 ab
2668 4461 2915 4513 omnibus
2940 4460 3060 4515 aliis
3086 4475 3145 4515 se
3169 4459 3477 4529 expedierat
3498 4474 3590 4516 eos

332 4544 459 4597 vitae
485 4542 727 4598 mortalis
752 4541 1079 4604 alimoniam,
1110 4555 1338 4608 quorum
1378 4540 1517 4593 Deus
1542 4539 1766 4608 coeperit
1791 4554 1910 4594 esse

334 4631 625 4702 possessio.
668 4630 818 4685 Hanc
861 4637 1252 4699 paupertatem,
1282 4627 1634 4683 voluntariam
1669 4628 1911 4698 corporis

332 4719 758 4785 amictationem,
782 4718 1206 4785 humiliationem
1239 4718 1473 4783 amabat,
1504 4732 1722 4786 sperans
1747 4732 1804 4772 se
1824 4717 1907 4770 di-

331 4812 514 4876 vitias,
542 4810 768 4878 gloriam
794 4819 850 4866 et
875 4810 1068 4878 gaudia
1094 4820 1296 4865 aeterna
1325 4810 1449 4865 inde
1475 4816 1904 4864 consecuturum.

460 4901 533 4951 Da
556 4900 670 4949 mihi
690 4912 815 4951 nunc
837 4902 1012 4961 lugere
1032 4899 1168 4950 Dens
1192 4902 1413 4961 ﬂetuque
1432 4899 1618 4949 salubri

528 4961 807 5011 Praeserere
832 4960 1031 5011 eterna;
1047 4964 1228 5010 semina
1250 4960 1445 5010 latinae.
1618 4964 1621 4967 '

464 5020 565 5088 Hoc
586 5033 790 5088 precor,
806 5022 902 5088 hoc;
913 5025 1070 5088 potius
1092 5028 1283 5088 maneat
1306 5021 1420 5088 mihi
1444 5018 1662 5088 luctusin
1681 5030 1800 5076 tevo,

528 5081 691 5144 inan
708 5083 937 5144 quicquid
961 5083 1100 5132 adest
1124 5096 1211 5143 per
1236 5083 1389 5144 breve
1407 5081 1575 5144 transit
1598 5081 1710 5128 iter.

464 5140 535 5191 lte
554 5140 740 5231 procul;
762 5140 877 5201 laeti,
898 5144 1095 5190 llentum
1116 5140 1351 5191 consortia
1375 5141 1519 5201 malo,

526 5202 543 5231 1
570 5209 587 5231 ι
613 5205 843 5231 Iunonibus.
863 5204 1083 5231 Ιιηκπηῖα
1107 5204 1276 5231 ηο-υΙῖσι
1305 5202 1443 5231 Innna
1466 5214 1519 5231 ml

526 5202 590 5252 Ut
611 5202 845 5253 brevibus
862 5204 1084 5265 lacrymis
1105 5204 1277 5264 gaudia
1305 5202 1444 5262 longa
1465 5206 1661 5250 metam.

2014 4551 2406 4622 cupationihus,
2437 4558 2496 4604 ut
2523 4550 2647 4604 huic
2674 4550 2764 4603 uni
2793 4557 3030 4604 vacaret.

2083 4644 2136 4698 '5.
2171 4643 2229 4697 ln
2252 4651 2306 4680 ⁸η
2337 4640 2629 4697 scribendis
2666 4639 2857 4694 litteris
2883 4639 2999 4707 ejus
3026 4639 3297 4694 humilitas
3333 4637 3591 4696 ﬂuentem

2012 4736 2137 4807 styli
2161 4749 2353 4790 venam
2381 4749 2449 4788 ex
2478 4747 2581 4787 una
2610 4738 2760 4801 parte
2782 4730 3191 4802 comprimebat,
3214 4729 3475 4784 interdum
3498 4729 3586 4785 ab-

2011 4829 2114 4897 ripi
2141 4842 2201 4881 se
2228 4824 2466 4880 caritatis
2501 4831 2633 4877 testu
2669 4822 2879 4891 longius
2917 4821 3151 4889 sinebat,
3176 4836 3297 4876 cum
3335 4820 3588 4889 loquendi

2013 4918 2386 4974 necessitatem
2417 4922 2733 4983 agnosceret
2759 4933 2771 4967 :
2795 4914 2983 4984 quanti
3011 4921 3190 4969 autem
3213 4911 3462 4967 faciendze
3480 4912 3589 4967 sint

2013 5025 2081 5064 ex
2111 5008 2406 5076 Augustino
2427 5004 2715 5069 discamus,
2740 5004 2830 5073 qui
2850 5003 3036 5072 primis
3057 5016 3087 5056 a
3109 5000 3334 5055 Paulino
3356 5000 3591 5069 acceptis

1902 5094 1905 5097 ⁷
2004 5097 2207 5157 litteris
2234 5096 2313 5151 sic
2341 5092 2625 5162 respondet
2645 5091 2702 5131 Μ)
2726 5111 2737 5145 :
2762 5093 2885 5163 Legi
2910 5092 3107 5147 litteras
3133 5099 3247 5144 tuas
3273 5091 3485 5159 ﬂuentes
3507 5091 3593 5144 lac

2016 5198 2066 5240 et
2112 5185 2232 5250 mel,
2279 5185 2610 5255 prteferentes
2656 5183 3029 5252 simplicitatem
3075 5180 3244 5235 cordis
3269 5179 3363 5246 tui,
3398 5180 3454 5233 in
3490 5194 3595 5252 qua

410 5344 685 5416 939.15,
711 5346 836 5401 n.t.
911 5345 1069 5416 sep.
1101 5346 1188 5410 ιδ,
1220 5363 1274 5401 ιι.
1306 5346 1393 5416 ι,
1442 5357 1463 5384 π
1494 5345 1591 5414 Ep.
1624 5345 1793 5416 es.»
1820 5343 1902 5416 6e

2008 5390 2027 5416 γ.
2057 5336 2279 5416 1939-.
2300 5335 2387 5416 33.3.
2417 5333 2554 5416 5?.“
2576 5334 2673 5416 ‘7;
2743 5332 2889 5416 °..Ei’-
2911 5329 3156 5416 .93;1'-.§:
3198 5328 3591 5416 ,ἱὶινίάςνξξςὲθα

334 5425 361 5485 ε
395 5415 495 5485 Ep.
514 5411 613 5485 '29,
634 5411 687 5469 n.
712 5416 797 5485 i3.
873 5415 900 5453 ιι
929 5411 1105 5471 Carm.
1133 5416 1222 5471 52.
1255 5434 1305 5469 v.
1328 5415 1451 5485 451;
1480 5411 1644 5485 et'ep.
1677 5414 1776 5485 29ὲ
1796 5428 1849 5466 ιι.
1876 5411 1934 5485 _l_.

2017 5398 2279 5464 ilbid.'i
2322 5398 2693 5473 np.is,u.2.
2769 5398 3321 5473 kdcqp.26,§5ei5§._
3398 5398 3591 5473 ιιξεειις

334 5465 800 5555 ιίιῖτέοἷὲξιιξέᾇ
815 5526 831 5555 τ
906 5465 1105 5555 quid;
1138 5465 1451 5555 '312‘5539,‘
1466 5465 1531 5555 ιῖξ
1553 5465 1619 5536 t.’
1633 5465 1642 5468 ⁷
1681 5465 1839 5555 {1:ng
1853 5480 1908 5555 __t

2008 5497 2041 5555 ιζ
2073 5477 2157 5531 12.
2199 5485 2264 5555 ’δ’
2292 5465 2451 5555 Ibid,
2484 5465 2537 5528 n.
2732 5465 2961 5555 anbid;
2999 5470 3231 5555 'UCarm;
3259 5468 3347 5555 54:
3379 5465 3588 5555 χτμῇ

340 5535 363 5590 ἰ
395 5535 858 5624 angustans,
890 5571 946 5617 η.
974 5535 1127 5606 Em!
1154 5535 1380 5624 Epist,
1400 5535 1600 5624 infit.”
1627 5563 1652 5589 ιι
1679 5535 1908 5624 spias,

2008 5548 2065 5624 _S_)_.
2142 5557 2167 5583 ν
2197 5544 2402 5624 _P_aulin.
2439 5535 2533 5624 ει).
2684 5558 2736 5598 n.
2894 5539 3015 5624 ἕρ..
3029 5537 3081 5605 5,
3109 5556 3164 5594 n.
3196 5535 3509 5624 7.‘_3_lh;d.
3535 5541 3593 5589 et

339 5593 623 5678 11.72"";
647 5593 1029 5694 Ᾰῖἒὶςὲὶιῗὲξξ
1052 5641 1105 5679 ιι.
1132 5593 1637 5691 5Ϊ⁴¹”ι”ιὶἐιιῖίὶιῖἐι›.
1668 5593 1781 5688 ᾖξ’
1801 5593 1908 5675 εἶ

2008 5593 2079 5684 Ινέ,
2109 5626 2161 5673 et
2195 5593 2411 5668 lli—"ene
2566 5593 2654 5679 l3:
2680 5593 2736 5666 ἱίζ
2770 5593 2819 5665 Ῑξ
2894 5593 2961 5649 δέ
2984 5593 3209 5679 Augep.
3238 5605 3327 5671 27,
3360 5621 3413 5661 ιι.
3433 5593 3495 5657 1.
