4020 6186
465 327 543 390 55
1489 308 1546 364 ς.
1586 302 1924 360 PAULINUS
1951 294 2265 353 NOLANUS
2294 287 2681 346 EPISCOPUS.
3635 270 3694 327 56

466 441 651 508 quieris
689 438 964 492 Dominum
1003 432 1226 487 sentiens
1255 429 1318 481 de
1344 425 1434 479 illo
1462 426 1516 478 in
1554 425 1799 483 bonitate,
1829 429 1879 473 et
1905 417 2026 485 aﬂ'e-
2061 416 2108 471 Α
2136 413 2579 508 anastropet'tore
2593 398 2948 508 temporalium

469 541 636 588 rentes
663 532 708 583 ei
735 528 1021 581 claritatem
1055 532 1104 577 et
1149 521 1456 574 honorem...
1500 513 1754 584 Quotquot
1783 527 1871 565 eas
1901 511 2038 580 lege-

469 628 590 677 runt
622 618 848 686 rapiunt,
874 614 991 684 quia
1017 611 1286 680 rapiuntur
1313 623 1426 660 cum
1451 607 1640 674 legunt.
1675 601 1842 666 Quam
1867 602 2039 654 suavis

471 708 599 762 odor
626 704 836 766 Christi,
867 709 915 753 et
943 714 1095 769 quam
1124 699 1324 767 fragrat
1364 708 1428 746 ea:
1467 693 1541 745 eis
1580 691 1682 743 dici
1717 706 1819 742 non
1853 695 2035 756 potest.

473 795 590 848 ιιιω
619 794 804 847 litterae
828 805 944 842 cum
978 797 1024 840 te
1065 786 1288 854 offerunt
1314 790 1370 835 ut
1405 781 1644 842 videaris,
1675 787 1919 850 quantum
1947 793 2040 830 nos

474 887 702 940 excitant
729 891 784 935 ut
811 879 1061 951 quaeraris
1091 893 1109 930 :
1141 891 1262 929 nam
1287 883 1334 927 et
1356 870 1744 942 perspicabilem
1773 870 1966 939 faciunt
1995 876 2044 921 et

475 973 893 1036 desiderabilem;
940 978 1130 1041 quanto
1175 968 1311 1020 enim
1347 964 1674 1034 prtesentiam
1718 970 1859 1014 tuam
1898 959 2046 1014 nobis

477 1061 852 1137 quodammodo
871 1059 1132 1121 exhibent,
1167 1064 1308 1108 tanto
1337 1052 1621 1107 absentiam
1658 1068 1753 1105 nos
1780 1053 1914 1121 ferre
1943 1066 2047 1103 non

477 1157 670 1210 sinunt.
699 1153 886 1205 Amant
909 1158 1146 1202 teomnes
1172 1147 1228 1198 in
1249 1145 1340 1208 eis,
1363 1151 1413 1196 et
1432 1141 1596 1195 amari
1621 1139 1712 1192 abs
1743 1147 1792 1192 te
1817 1139 2045 1207 cupiunt.

482 1243 746 1296 Laudatur
782 1249 829 1293 et
859 1237 1170 1293 benedicitur
1199 1234 1337 1288 Deus
1365 1234 1508 1302 cujus
1538 1232 1706 1302 gratia
1737 1238 1788 1281 tu
1827 1230 1944 1284 talis
1971 1246 2046 1282 es.

479 1342 506 1370 ι
537 1331 745 1385 Litterce
763 1330 884 1393 illa,
907 1329 1090 1382 litterae
1109 1325 1231 1395 fidei
1259 1341 1360 1377 non
1380 1324 1535 1392 ﬁctae,
1557 1322 1740 1374 litterte
1758 1322 1862 1390 spei
1884 1319 2048 1386 bonae,

397 1451 406 1461 ο
481 1426 664 1477 littera:
701 1435 846 1490 puris
885 1418 1141 1482 caritatis,
1170 1413 1422 1485 quomodo
1449 1411 1593 1465 nobis
1632 1410 1879 1464 anhelant
1913 1411 2052 1462 sitim

483 1524 638 1574 tatam,
663 1521 710 1564 et
747 1508 1056 1563 desiderium
1096 1506 1447 1575 defectumque
1475 1501 1664 1555 anima:
1703 1510 1802 1555 tua:
1828 1501 1884 1552 in
1915 1501 2053 1553 atria

483 1601 726 1654 Domini!
765 1595 901 1662 Quid
948 1596 1138 1649 amoris
1179 1593 1493 1646 sanctissimi
1537 1584 1772 1660 spirant!
1807 1599 2054 1660 quantam

483 1690 798 1759 opulentiam
832 1687 1020 1740 sinceri
1048 1684 1217 1737 cordis
1244 1675 1562 1736 esttuant!
1592 1697 1718 1750 quas
1744 1689 1906 1750 agunt
1932 1696 2053 1749 gra-

485 1781 585 1833 tias
614 1778 720 1830 Deo
747 1772 765 1822 .'
779 1793 908 1846 quas
948 1777 1224 1843 impetrant
1255 1789 1287 1825 a
1316 1771 1425 1825 Deo
1447 1765 1468 1815 -'
1486 1770 1790 1824 Blandiores
1817 1780 1956 1834 sunt,
1985 1787 2052 1824 an

485 1866 837 1920 ardentiores?
866 1865 1242 1924 luminosiores,
1277 1879 1344 1914 an
1374 1860 1734 1931 fecundiores?
1761 1857 1898 1923 Quid
1921 1862 2058 1913 enim

485 1968 561 2012 est
585 1957 718 2028 quod
743 1958 816 2009 ita
845 1971 938 2008 nos
968 1955 1208 2019 mulcent,
1239 1954 1314 2006 ita
1343 1951 1651 2017 accendunt,
1671 1950 1744 2003 ita
1767 1950 2059 2016 compluunt

487 2055 532 2099 et
555 2047 629 2098 ita
656 2059 849 2098 serente
877 2042 1031 2096 sunt?

1074 2171 1300 2228 CAPUT
1328 2172 1443 2226 XX.

490 2288 821 2358 Importunas
877 2283 1281 2358 concupiscentis
1335 2281 1518 2358 carnis.
1554 2279 1835 2358 molestias.
1867 2279 2061 2358 patitur

630 2355 903 2416 Paulinus,
932 2351 1096 2403 Deum
1119 2351 1341 2411 invocat,
1372 2356 1421 2401 et
1445 2350 1666 2417 seipsum
1693 2348 1927 2418 despicit.

560 2467 668 2536 36
698 2463 748 2516 l.
778 2463 1102 2532 Augustinus
1127 2474 1366 2530 sparsam
1387 2460 1581 2527 ubique
1610 2460 1662 2512 in
1692 2459 1894 2512 Paulini
1925 2459 2062 2513 scri-

491 2558 597 2626 ptis
624 2556 649 2594 b
678 2553 1063 2624 gemebundam
1091 2552 1340 2606 observat
1367 2550 1643 2620 pietatem,
1671 2565 1776 2618 qua
1816 2549 2065 2603 Paulinus

493 2647 660 2699 Deum
689 2644 877 2697 orabat
900 2649 950 2695 et
977 2640 1262 2709 gemitibus
1295 2637 1565 2706 ﬂagitabat
1593 2653 1661 2692 ne
1697 2638 1981 2692 inferretur
2010 2639 2063 2692 in

493 2734 862 2788 tentationem.
891 2729 1045 2783 Omni
1077 2739 1099 2768 σ
1133 2728 1371 2783 custodia
1416 2728 1662 2782 servabat
1689 2743 1782 2782 cor
1808 2743 1980 2792 suum,
2011 2737 2066 2782 et

496 2833 641 2878 totus
670 2821 822 2876 labor
849 2830 903 2874 et
927 2820 1142 2889 plenum
1172 2833 1305 2887 opus
1333 2818 1407 2872 illi
1435 2819 1486 2871 in
1516 2818 1851 2873 observantia
1883 2827 1936 2872 et
1973 2834 2065 2872 ex-

492 2911 811 2981 spoliatione
831 2909 1007 2964 cordis
1027 2909 1107 2963 sui
1124 2915 1257 2973 erat,
1282 2917 1341 2961 ut
1359 2907 1614 2962 delmcato
1637 2907 1703 2961 ab
1726 2916 2064 2962 extemarum

494 3018 669 3057 rerum
691 3001 833 3056 curis
854 3003 1056 3067 animo,
1078 3008 1132 3054 et
1157 3000 1298 3054 intus
1325 3000 1392 3054 ad
1413 3000 1757 3068 semetipsum
1781 3015 2064 3067 converso,

2131 501 2244 570 jam
2264 496 2408 550 nobis
2434 493 2746 564 inspectione
2768 490 2941 544 cordis
2964 488 3124 542 nostri
3155 493 3390 538 vacantes
3411 481 3470 532 ab
3498 481 3573 531 his
3593 495 3696 548 quae

2139 606 2231 642 nos
2263 591 2402 658 foras
2427 582 2783 642 extrahebant,
2815 581 3210 632 inueteratorum
3237 573 3501 625 criminum
3525 570 3695 632 nodos,

2138 687 2188 730 et
2217 673 2540 729 inimicorum
2567 669 2910 740 spiritualium
2938 665 3161 718 latebras
3187 665 3240 715 in
3271 672 3457 713 nostris
3479 659 3700 710 sensibus

2141 768 2440 819 invenimus.
2470 761 2621 814 Nunc
2643 759 2787 813 nobis
2810 772 3057 826 apparere
3075 755 3257 822 incipit
3278 751 3489 804 interior
3510 749 3701 808 domus,

2142 864 2192 908 et
2220 855 2326 906 illic
2363 851 2592 921 repentia
2636 863 2847 919 quorum
2888 861 2990 898 non
3032 852 3104 896 est
3134 857 3394 894 numerus.
3426 837 3578 891 Nunc
3605 847 3704 892 tota

2143 943 2462 1014 infelicitatis
2503 949 2694 994 nostra:
2739 936 2951 1006 patescit
2989 932 3293 987 obscuritas.
3329 927 3483 981 Nunc
3515 928 3706 980 demum

2145 1051 2298 1106 quam
2318 1030 2582 1101 longinqui
2608 1046 2639 1080 a
2669 1027 2776 1080 Deo
2802 1041 2996 1086 sumus,
3027 1032 3075 1076 et
3101 1037 3252 1091 quam
3282 1019 3466 1071 mortui
3493 1019 3548 1070 in
3576 1033 3706 1070 com-

2147 1122 2420 1192 paratione
2465 1122 2708 1178 vivorum,
2751 1115 2994 1169 videmus.
3033 1111 3050 1150 ί
3090 1111 3330 1178 lntellige
3359 1109 3485 1169 hwc,
3513 1117 3561 1160 et
3596 1122 3710 1158 cura

2150 1214 2314 1266 nostri
2339 1212 2500 1264 anxio
2535 1208 2686 1262 corde
2725 1208 2946 1275 suspira.
2979 1202 3110 1257 Cum
3139 1201 3422 1270 aliquando
3453 1200 3712 1269 postulas-

2149 1310 2231 1356 set
2253 1301 2484 1355 Severus
2513 1308 2536 1345 ις
2569 1296 2774 1350 Paulini
2805 1294 3112 1361 imaginem,
3140 1293 3264 1346 hinc
3294 1291 3576 1359 abjiciendi
3603 1306 3714 1344 sese

2152 1403 2312 1461 atque
2339 1389 2665 1460 dcspiciendi
2703 1403 2918 1442 causam
2948 1387 3036 1440 ille
3063 1393 3285 1438 venatus
3312 1391 3413 1446 est,
3447 1391 3499 1435 et
3536 1391 3716 1450 postu-

2153 1484 2317 1537 latum
2346 1481 2413 1534 de
2442 1479 2657 1533 homine
2686 1477 2938 1530 interiore
2972 1475 3350 1543 interpretans,
3392 1487 3454 1526 ac
3493 1471 3717 1523 hominis

2155 1572 2386 1627 cmlcstis
2415 1569 2697 1635 imaginem
2725 1567 2779 1620 in
2807 1580 2866 1619 se
2895 1565 3010 1633 ipso
3032 1571 3243 1617 terrena
3273 1560 3615 1629 corruptione
3639 1559 3718 1612 in-

2158 1661 2386 1716 tlciatam
2435 1668 2733 1730 praetexens
2778 1656 3052 1724 ingeniose
3097 1654 3256 1708 elusit
3310 1651 3580 1704 Paulinus.
3635 1650 3719 1707 His

2086 1773 2131 1832 Β
2157 1766 2282 1804 usus
2301 1757 2384 1803 est
2412 1749 2606 1811 verbis,
2637 1762 2756 1815 qua:
2796 1745 3119 1812 Augustinus
3146 1741 3369 1811 epistola
3402 1740 3521 1832 18b,
3557 1758 3606 1793 n.
3637 1740 3720 1802 40,

2157 1846 2544 1895 commemorat
2569 1855 2581 1890 :
2617 1836 2642 1872 ιι
2678 1835 2886 1902 Pauper
2913 1851 3003 1904 ego
3029 1841 3076 1886 et
3105 1833 3278 1885 dolens
3307 1832 3391 1899 qui
3420 1830 3588 1881 adhuc
3625 1839 3721 1882 ter-

2157 1946 2295 1984 rente
2320 1930 2561 1999 imaginis
2585 1927 2822 1995 squalore
2843 1932 3108 1978 concretus
3127 1939 3256 1987 sum,
3280 1932 3330 1975 et
3351 1922 3463 1989 plus
3488 1921 3550 1973 de
3567 1922 3722 1990 primo

2155 2038 2309 2095 quam
2349 2018 2409 2071 de
2448 2016 2669 2070 secundo
2717 2015 2881 2067 Adam
2928 2013 3127 2066 carneis
3169 2009 3402 2066 sensibus
3437 2018 3484 2062 et
3514 2011 3723 2062 terrenis

2158 2109 2357 2164 actibus
2399 2109 2596 2176 refero;
2642 2103 2890 2174 quomodo
2915 2101 3111 2155 audebo
3139 2118 3218 2154 me
3248 2100 3334 2153 tibi
3362 2102 3591 2170 pingere,
3621 2115 3725 2150 cum

2160 2198 2372 2250 cotlestis
2402 2195 2676 2263 imaginem
2705 2193 2928 2260 inﬁciari
2949 2190 3135 2260 prober
3153 2191 3254 2260 37
3281 2191 3609 2259 corruptione
3635 2198 3722 2241 ter-

2158 2291 2322 2343 rena?
2346 2286 2614 2356 Utrimque
2639 2301 2719 2337 me
2746 2282 3002 2338 concludit
3028 2282 3193 2350 pudor
3219 2299 3235 2334 :
3265 2281 3500 2334 erubesco
3527 2282 3728 2349 pingere

2160 2379 2294 2450 quod
2321 2394 2453 2440 sum,
2487 2393 2590 2428 non
2619 2375 2782 2428 audeo
2808 2375 3016 2444 pingere
3035 2376 3168 2442 quod
3196 2377 3296 2427 hon
3321 2389 3468 2436 sum;
3489 2373 3579 2424 odi
3605 2383 3728 2442 quoa

2161 2485 2291 2531 sum,
2323 2477 2370 2520 et
2414 2483 2517 2520 non
2564 2475 2676 2520 s'um
2723 2465 2858 2534 quod
2887 2481 3022 2517 amo.
3069 2463 3174 2517 Sed
3218 2464 3337 2532 quid
3383 2464 3508 2515 mihi
3549 2465 3730 2514 misero

2161 2559 2388 2628 proderit
2417 2557 2584 2611 odisse
2609 2556 2931 2626 iniquitatem
2967 2564 3015 2608 et
3057 2571 3232 2607 amare
3259 2555 3514 2620 virtutem,
3541 2571 3658 2606 cum
3684 2555 3732 2606 id

2161 2651 2331 2718 potius
2361 2665 2516 2718 agam
2548 2649 2681 2716 quod
2709 2647 2816 2710 odi,
2857 2664 2952 2700 nec
2988 2647 3244 2700 elaborem
3291 2647 3432 2715 piger
3470 2647 3524 2698 id
3571 2648 3733 2714 potius

2164 2757 2317 2809 agere
2358 2739 2494 2810 quod
2533 2739 2688 2791 amo?
2718 2736 2835 2806 Ipse
2862 2738 3055 2790 discors
3081 2739 3181 2789 mei
3205 2738 3443 2789 intestino
3474 2735 3606 2789 bello
3635 2738 3727 2789 dis-

2163 2831 2356 2897 trahor,
2390 2830 2509 2882 dum
2543 2829 2752 2898 spiritus
2780 2827 3020 2879 adversus
3043 2843 3245 2878 carnem
3268 2839 3316 2878 et
3351 2831 3474 2878 curo
3494 2826 3735 2879 adversus

2165 2922 2402 2990 spiritum
2442 2921 2674 2982 dimicat,
2706 2924 2754 2970 et
2801 2919 2885 2971 lea:
2933 2918 3158 2985 corporis
3196 2918 3305 2986 lege
3341 2914 3534 2984 peccaii
3579 2919 3734 2987 legem

2168 3012 2350 3063 mentis
2365 3011 2650 3079 impugnat.
2668 3007 2863 3077 Infelix
2878 3025 2968 3076 ego
2983 3008 3065 3074 qui
3084 3012 3381 3058 venenatum
3407 3008 3631 3061 inimica:
3653 3025 3734 3060 ar-

493 3095 765 3146 abstrusas
806 3090 859 3144 in
905 3090 1065 3144 corde
1108 3105 1206 3144 suo
1246 3089 1446 3143 inimici
1486 3089 1716 3143 latebras
1752 3089 1977 3156 videret,
2012 3099 2058 3144 et

2169 3101 2304 3154 boris
2327 3109 2531 3170 gustum
2559 3115 2650 3152 nec
2677 3100 2840 3150 crucis
2870 3098 3010 3167 ligno
3030 3097 3252 3166 digessi;
3283 3097 3434 3149 durat
3463 3100 3599 3150 enim
3621 3099 3738 3150 mila

492 3173 612 3250 qua:
651 3181 755 3235 illic
787 3180 1034 3233 vitiorum
1062 3179 1248 3241 virtus,
1281 3194 1344 3232 ac
1371 3179 1545 3231 carnis
1575 3179 1874 3243 inﬁrmitas,
1902 3193 2061 3245 quam

491 3285 661 3339 prona
684 3268 799 3336 ejus
821 3275 963 3321 esset
982 3267 1046 3320 ad
1069 3266 1384 3335 pravitatem
1414 3266 1661 3335 relapsio,
1685 3276 1740 3321 et
1760 3283 1877 3335 qua:
1897 3268 2061 3323 Deum

493 3361 749 3413 continuo
779 3357 1038 3412 exorandi
1075 3358 1366 3411 necessitas
1409 3358 1769 3423 incumberet;
1798 3361 2062 3426 quamob-

492 3463 603 3504 rem
633 3448 698 3501 ad
727 3447 985 3501 Severum
1021 3446 1047 3484 ά
1086 3447 1271 3502 scribit
1315 3465 1326 3499 :
1360 3447 1520 3501 Credo
1560 3447 1673 3516 jam
1717 3459 1953 3517 expertus
1993 3452 2063 3503 sis

492 3554 642 3609 quam
686 3536 999 3590 laboriosum
1037 3536 1204 3600 nobis,
1237 3545 1286 3589 et
1318 3537 1580 3589 assiduum
1610 3537 1685 3589 vel
1712 3537 2062 3605 quotidianum

492 3643 605 3679 cum
632 3626 725 3679 hoc
754 3627 897 3679 hoste
924 3635 1180 3679 certamen
1208 3627 1294 3689 sit,
1317 3635 1366 3678 et
1393 3635 1594 3696 quanta:
1620 3628 1674 3679 in
1708 3643 1767 3679 eo
1807 3637 2064 3680 versentur

492 3717 714 3778 insidite,
746 3733 859 3786 qua:
895 3717 1000 3770 illic
1031 3717 1270 3770 vitiorum
1307 3717 1465 3769 virtus
1502 3724 1552 3769 et
1591 3726 1783 3787 quanta
1825 3717 2063 3770 virtutum

491 3807 767 3876 infirmitas
788 3807 873 3870 sit,
897 3823 1048 3877 quam
1073 3823 1236 3876 prona
1256 3807 1366 3877 ejus
1395 3807 1464 3859 ad
1491 3807 1793 3877 pravitatem
1821 3808 2062 3875 relapsio,

491 3914 642 3968 quam
662 3899 804 3969 piger
823 3898 890 3949 ad
915 3897 1075 3951 Deum
1096 3900 1254 3952 nisus.
1280 3897 1434 3951 Nunc
1460 3900 1582 3951 mihi
1607 3898 1697 3952 illa
1721 3900 1864 3968 prius
1884 3899 2064 3951 clausa

492 3988 630 4039 intra
658 4003 738 4038 me
766 3987 1024 4038 discordia
1053 3987 1265 4040 diversa:
1293 3988 1421 4056 legis
1448 3990 1675 4054 aperitur
1696 4004 1712 4040 :
1737 4004 1871 4040 nunc
1899 3990 2063 4041 sentio

493 4076 592 4127 vim
619 4075 745 4144 legis
772 4075 1023 4137 adversm,
1051 4091 1183 4143 quae,
1215 4077 1345 4127 velut
1375 4076 1565 4144 injecta
1611 4092 1786 4139 manu,
1812 4080 2065 4143 captivum

493 4181 572 4217 me
615 4164 816 4216 trahere
844 4163 1105 4216 contendit
1135 4164 1188 4214 in
1219 4163 1382 4232 legem
1409 4165 1602 4231 peccati
1633 4181 1650 4216 :
1680 4173 1728 4216 et
1758 4181 2064 4234 recognosco

495 4269 734 4320 quoniam
764 4253 937 4304 beatus
973 4252 1061 4304 ille
1090 4253 1166 4304 vir
1194 4267 1307 4304 mea
1335 4252 1505 4320 potius
1547 4253 1850 4322 infelicitate
1875 4255 2060 4317 uritur,

496 4339 623 4392 etde
646 4357 756 4391 mea
785 4340 1055 4407 aﬂ'ectioue
1077 4357 1169 4406 pro
1193 4356 1271 4393 me
1298 4339 1474 4392 dolens
1501 4340 1690 4393 clamat
1713 4359 1730 4394 :
1758 4342 1952 4412 Infelix
1971 4362 2064 4415 ego

2165 3191 2296 3245 illud
2326 3190 2390 3242 ab
2419 3190 2586 3242 Adam
2615 3190 2751 3242 virus
2793 3197 3084 3256 paternum,
3115 3205 3212 3257 quo
3240 3190 3624 3242 unirersitatem
3655 3208 3739 3259 ge-

2165 3283 2303 3335 neris
2331 3284 2407 3334 sui
2437 3290 2583 3351 pater
2616 3279 2980 3350 prwvaricatus
3019 3282 3216 3349 infecit.
3251 3281 3387 3334 Nihil
3416 3283 3656 3350 pulcrius
3680 3285 3741 3338 dc

2165 3371 2384 3438 originis
2411 3370 2542 3424 vitio
2570 3371 2729 3424 scribi
2775 3377 2972 3437 potest,
3006 3377 3177 3437 neque
3209 3371 3423 3424 uberius
3452 3380 3505 3423 et
3533 3373 3745 3439 plenius

2164 3461 2380 3529 agnosci
2424 3468 2667 3514 naturam
2710 3467 2946 3513 nostram
2975 3474 3070 3527 per
3107 3459 3254 3513 illum
3286 3461 3497 3527 generis
3523 3462 3748 3516 humani

2087 3597 2103 3610 ,
2163 3559 2369 3620 patrem
2399 3551 2640 3604 vitiatam
2675 3556 2813 3613 esse,
2858 3565 2954 3603 nec
2998 3551 3257 3604 mansisse
3288 3559 3344 3604 ut
3385 3551 3598 3605 condita
3637 3563 3743 3606 est.

2170 3639 2187 3678 ί
2220 3641 2293 3694 De
2313 3640 2542 3694 humana
2562 3639 2771 3692 miseria
2797 3638 2881 3692 hic
2901 3638 3064 3692 multa
3087 3639 3305 3708 insuper
3319 3641 3590 3693 connectit
3611 3639 3749 3694 Pau-

2164 3729 2301 3783 linus
2323 3727 2737 3796 ingemiscendo,
2763 3736 3074 3795 exspectans
3094 3728 3514 3797 redemptionem
3545 3745 3745 3797 carpo-

2163 3823 2239 3879 ris
2283 3821 2398 3887 sui,
2446 3828 2500 3875 et
2550 3819 2782 3873 nondum
2828 3833 2916 3882 rc,
2971 3818 3066 3874 s'ed
3111 3825 3233 3888 spe,
3281 3819 3486 3873 salvum
3529 3836 3588 3875 se
3623 3836 3749 3875 esse

2164 3920 2508 3978 cognoscens.
2567 3907 2855 3976 Postquam
2909 3910 3021 3964 hinc
3085 3910 3359 3964 humiliter
3412 3909 3746 3979 deploravit,

2169 4007 2184 4052 ι
2222 4001 2530 4072 proficiendi
2551 4016 2614 4055 ac
2635 4009 2778 4054 recte
2796 4000 3004 4054 vivendi
3029 4001 3348 4069 adiutorium
3376 4001 3439 4054 iis
3459 4000 3749 4067 gemitibus

2164 4088 2415 4158 postulat,
2445 4086 2470 4123 κ
2500 4087 2692 4154 quibus
2730 4101 2916 4141 omnes
2958 4089 3163 4156 possint
3207 4091 3525 4157 permoveri.
3558 4088 3613 4142 In
3641 4091 3749 4144 alia

2165 4178 2388 4248 epistola
2420 4177 2495 4230 ait
2523 4195 2533 4228 :
2562 4176 2690 4240 Quis
2719 4194 2814 4230 nos
2843 4178 3024 4246 eripiet
3052 4177 3116 4230 ab
3142 4180 3222 4230 ira
3245 4180 3494 4231 ventura?
3518 4180 3627 4249 quis
3652 4195 3750 4232 nos

2167 4287 2199 4322 a
2229 4269 2375 4322 nobis
2417 4270 2541 4338 ipsis
2570 4278 2730 4331 eruet,
2759 4279 2812 4321 ut
2840 4270 3103 4323 emundati
3129 4287 3160 4322 a
3185 4271 3413 4323 sensibus
3440 4273 3652 4333 nostris,
3681 4271 3749 4323 ab

2171 4359 2264 4412 ira:
2292 4359 2508 4411 caelestis
2535 4359 2751 4411 materia
2773 4359 2877 4426 ﬁde
2904 4369 3156 4429 purgante
3182 4362 3484 4412 vacuantur?
3507 4361 3568 4412 In
3600 4361 3749 4414 nobis

496 4431 667 4495 homo,
699 4430 811 4499 quis
839 4446 920 4482 me
947 4429 1182 4482 liberabit
1212 4430 1272 4482 de
1298 4447 1510 4499 corpore
1537 4433 1714 4484 mortis
1746 4433 1934 4502 hujus?
1956 4433 2058 4488 Sed

2169 4450 2303 4501 enim
2339 4449 2508 4501 inesse
2543 4450 2787 4500 sentimus
2815 4465 3000 4500 causas
3037 4466 3302 4515 poenarum
3330 4460 3637 4503 cternarum
3675 4452 3749 4503 ri-

496 4519 628 4573 idem
654 4518 906 4588 Magister
926 4537 1006 4572 me
1027 4531 1218 4574 recreat
1239 4531 1284 4573 et
1309 4522 1489 4590 reﬁcit,
1516 4522 1787 4576 ostendens
1817 4524 1941 4576 mihi
1961 4526 2068 4578 exi-

497 4619 602 4661 tum
640 4610 937 4674 salutarem,
963 4612 1006 4662 si
1037 4620 1204 4662 tamen
1237 4612 1362 4664 velle
1390 4612 1630 4681 adjaceat
1667 4614 1791 4666 mihi
1815 4624 1870 4666 ut
1898 4618 2068 4685 perfe-

498 4698 710 4750 ctionem
726 4715 924 4751 merear
945 4701 1186 4764 inuenire,
1207 4703 1374 4770 gratia
1398 4701 1494 4754 Dei
1513 4719 1602 4770 per
1619 4702 1653 4754 J
1657 4720 1795 4756 esum
1816 4705 2068 4758 Christum

501 4787 779 4841 Dominum
817 4799 1065 4853 nostrum,
1096 4791 1182 4859 qui
1220 4792 1511 4844 exorandus
1542 4803 1618 4846 est
1651 4804 1706 4845 ut
1740 4796 2069 4863 prtevalescat

501 4877 721 4929 inimicis
749 4879 957 4939 nostris,
990 4888 1040 4930 et
1069 4881 1284 4933 tenebris
1311 4881 1684 4950 superabundet
1708 4900 1724 4936 :
1756 4884 1988 4937 destruat
2013 4887 2067 4938 in

501 4966 644 5019 nobis
673 4967 844 5021 aliena
873 4970 950 5022 vel
977 4978 1172 5034 nostra,
1203 4980 1252 5022 et
1279 4973 1495 5040 wdiﬁcet
1526 4991 1636 5026 sua.
1667 4983 1689 5012 ε
1718 4975 1860 5028 Sicut
1881 4977 2070 5030 exhau-

501 5056 666 5109 stione
702 5057 942 5112 ruderum
989 5061 1184 5113 nudata
1225 5063 1376 5115 hunto
1423 5063 1512 5116 sub
1552 5065 1825 5119 immundis
1855 5069 2068 5122 molibus

503 5145 663 5198 multa
692 5155 780 5198 aut
810 5148 1118 5202 nodamenta
1159 5160 1474 5215 truncorum,
1516 5163 1604 5205 aut
1646 5155 1847 5208 residua
1890 5159 2068 5225 spina-

504 5252 636 5301 rum,
659 5245 748 5288 aut
773 5241 1014 5308 pleraque
1043 5241 1187 5293 noxii
1214 5244 1412 5311 generis
1441 5245 1714 5307 animalia,
1744 5256 1792 5298 et
1821 5249 2073 5317 praecipue

505 5329 636 5398 fetus
663 5337 753 5380 aut
779 5328 968 5382 cubilia
991 5332 1275 5401 viperarum
1298 5334 1762 5402 deprehenduntur,
1785 5339 1858 5390 sic
1880 5349 2076 5392 remota

578 5446 604 5474 ⁸
623 5438 755 5507 Aug.
780 5454 866 5562 ep).
896 5440 985 5505 27,
1014 5458 1067 5496 η.
1095 5443 1147 5497 5.
1223 5443 1251 5482 b
1275 5444 1413 5511 Aug.
1435 5460 1521 5513 ep.
1547 5445 1666 5510 186,
1700 5464 1751 5500 n.
1771 5448 1856 5501 41.

594 5503 682 5560 2i.
760 5519 785 5556 ε
860 5511 1020 5562 aulin.
1051 5527 1138 5562 en.
1171 5513 1262 5562 30.
1293 5530 1346 5562 n.
1378 5514 1412 5562 2
1439 5525 1493 5562 et
1523 5514 1572 5562 5.
1653 5517 1675 5554 b
1707 5517 1856 5562 Ibid”

508 5522 562 5559 n.
594 5503 682 5560 Ἦ.
711 5503 729 5507 ⁷
760 5519 785 5556 ις
815 5503 1020 5565 Pauliu.
1051 5527 1083 5566 e
1125 5553 1138 5565 .
1171 5513 1262 5576 50,
1293 5503 1412 5566 n.v2
1439 5503 1493 5568 et
1523 5514 1572 5567 5.

509 5589 596 5636 ep.
629 5576 750 5636 186.
779 5594 832 5636 n.
863 5579 948 5632 Διί.
1034 5581 1049 5620 ι
1085 5527 1289 5636 Baulin.
1319 5598 1404 5636 eo.
1428 5583 1516 5636 28.
1548 5601 1572 5636 n

509 5522 562 5559 n.
594 5517 682 5560 lt.
760 5519 785 5556 ις
817 5517 1020 5565 Pauliu.
1051 5527 1083 5566 e
1125 5553 1138 5565 .
1171 5517 1262 5576 30,
1293 5530 1346 5566 η.
1378 5517 1412 5565 2
1439 5525 1493 5568 et
1523 5517 1572 5567 5.
1653 5517 1675 5554 δ
1707 5517 1860 5578 lbid..
1886 5536 1936 5572 n.
1961 5521 2013 5574 2.

509 5589 596 5643 ep.
629 5576 750 5644 £86,
779 5594 832 5636 ιι.
863 5579 948 5632 Διί.
1034 5581 1049 5620 ι
1085 5527 1289 5638 Baulin.
1319 5598 1404 5644 ep.
1428 5583 1516 5644 28.
1548 5601 1598 5638 n.
1632 5586 1683 5640 ι.
1761 5597 1798 5623 οι
1828 5587 1922 5644 Ευ.
1961 5590 2013 5643 lC

1162 5583 1289 5638 ulin.
1319 5598 1404 5652 ep.
1428 5583 1516 5648 28,
1548 5601 1598 5638 η.
1632 5586 1683 5640 4.

1935 5451 2299 5528 c‘Paulin.’ep.
2328 5459 2413 5522 2-5,
2441 5477 2471 5513 n
2493 5459 2565 5512 .9.
2640 5459 2664 5497 δ
2684 5460 2840 5528 lbid.,
2865 5463 3023 5516 n.10.

2170 4537 2396 4590 ventibus
2429 4538 2483 4590 in
2514 4538 2666 4591 corde
2693 4547 2868 4592 nostro
2898 4538 3156 4591 radicibus
3184 4541 3452 4608 spinarum
3481 4551 3630 4610 atque
3655 4543 3750 4594 tri-

2170 4625 2426 4679 bulorum.

2237 4713 2290 4766 2.
2331 4715 2443 4770 Hac
2470 4717 2581 4784 ipsa
2610 4716 2929 4779 humilitate,
2953 4731 3069 4784 qua:
3097 4717 3149 4771 in
3179 4719 3423 4773 omnibus
3446 4702 3585 4774 illius
3609 4722 3746 4775 scri-

2170 4806 2276 4875 ptis
2296 4822 2478 4874 sparsa
2505 4814 2604 4869 est,
2630 4805 2760 4861 dicit
2792 4805 2807 4844 ι
2843 4823 2900 4863 se
2935 4810 3114 4862 mirari
3145 4811 3439 4865 amicorum
3471 4812 3752 4868 caritatem

2169 4904 2328 4964 atque
2355 4898 2667 4966 patientiam
2694 4900 2746 4952 in
2776 4900 3108 4968 perferendis
3137 4901 3459 4970 scriptorum
3509 4917 3752 4968 suorum,

2167 5003 2281 5051 seu,
2315 4996 2372 5041 ut
2399 4997 2578 5053 vocat,
2603 4989 2923 5057 ineptiarum
2953 5007 3192 5056 suarum,
3221 4993 3506 5047 molestiis.
3532 4992 3611 5046 Ad
3635 4993 3752 5047 Del-

2169 5079 2406 5148 phinum,
2438 5095 2468 5132 a
2496 5094 2604 5147 quo
2644 5081 2941 5149 baptizatus
2981 5081 3172 5145 fuerat,
3201 5085 3386 5139 scribit
3414 5095 3452 5121 ω
3482 5101 3538 5140 se
3569 5086 3752 5140 timere

2171 5184 2239 5221 ne
2261 5169 2401 5223 illius
2421 5170 2652 5223 animum
2675 5171 2829 5224 bonae
2848 5170 2912 5224 de
2934 5172 3047 5240 ipso
3069 5175 3180 5241 spei
3203 5177 3616 5244 praesumptione
3637 5190 3752 5244 gau-

2179 5252 2420 5320 dentem,
2472 5258 2696 5327 decepta
2725 5263 3148 5329 exspectatione,
3195 5267 3491 5330 contristet,
3518 5267 3660 5335 quod
3691 5283 3752 5322 ex

2182 5347 2323 5403 illius
2348 5349 2702 5414 documentis,
2732 5353 3010 5423 exemplis,
3043 5364 3098 5409 et
3126 5357 3192 5409 ab
3222 5373 3288 5411 eo
3317 5359 3526 5414 collatis
3549 5359 3648 5413 sibi
3671 5374 3752 5412 επις

3103 5475 3124 5501 θ
3147 5466 3278 5519 lhid.
3309 5484 3359 5520 η.
3389 5468 3474 5520 20.
3557 5468 3573 5505 -'
3599 5468 3752 5530 lbid.,

2069 5525 2275 5647 nl.
2308 5545 2393 5598 ep.
2431 5529 2546 5596 186,
2579 5530 2742 5585 1].“).
2821 5525 2835 5582 t
2875 5531 3081 5588 Paulin.
3115 5550 3200 5605 ep.
3231 5537 3316 5603 50,
3347 5555 3400 5593 n.
3437 5536 3486 5591 5.
3563 5538 3589 5578 κ
3619 5525 3748 5607 Aug.
