4066 6192
299 310 364 367 ετ
1653 296 2178 371 pnomcousus.
3492 314 3562 379 58

299 417 592 476 cramentis
618 417 822 473 nullum
852 417 1041 475 fecisse
1070 418 1125 474 in
1152 419 1349 475 virtute
1376 402 1745 491 progressum;
1778 433 1879 477 Ita-
1913 431 1956 487 Α
1988 444 2092 482 non
2112 433 2265 499 ficta;
2295 430 2429 502 quod
2456 438 2625 485 autem
2649 432 2994 489 abundantius
3014 442 3109 501 est,
3140 452 3173 488 a
3213 436 3353 493 malo
3378 445 3471 491 est.
3503 435 3562 491 In

298 524 403 578 que
444 507 582 563 dicit
634 508 782 563 illum
830 508 1006 564 adhuc
1042 509 1245 564 habere
1287 510 1430 578 quod
1454 526 1552 580 pro
1581 512 1699 581 ipso
1726 511 1887 566 faciat

212 622 215 633 -
300 597 608 652 imitatione
654 597 797 651 illius
843 597 937 666 qui
978 598 1175 654 sterilis
1208 598 1447 654 ﬁculnea:
1468 608 1827 655 commeatum
1855 617 1886 656 a

301 687 534 742 Domino
561 687 733 741 vinea:
753 686 1072 756 deprecatus
1093 696 1194 743 est.
1221 688 1353 744 Cum
1375 688 1577 744 Severo
1596 689 1664 744 de
1689 690 1888 759 pietate

301 778 353 831 in
376 777 633 831 familiam
663 785 717 832 et
744 794 930 833 servos
954 778 1142 834 luisset
1187 781 1503 849 gratulatus,
1536 780 1652 850 ejus
1679 782 1890 836 extollit

298 866 639 935 felicitatem,
665 877 721 923 et
747 869 893 922 addit
921 878 947 907 ι
978 887 991 922 :
1026 868 1276 924 Fatemur
1299 873 1550 941 gemuisse
1573 889 1667 926 nos
1695 876 1769 925 ad
1808 874 1891 925 in-

302 959 603 1027 felicitatem
642 966 891 1023 nostram,
924 959 1105 1029 quibus
1124 959 1188 1013 ab
1216 961 1467 1031 ejusmodi
1485 962 1616 1031 filiis
1639 963 1858 1016 sterilita

302 1058 400 1101 tem
422 1049 667 1118 graviora
695 1058 906 1118 peccata
934 1051 1207 1119 fecissent;
1247 1051 1341 1104 sed
1369 1052 1496 1123 facti
1522 1068 1695 1106 sumus
1742 1056 1891 1123 quasi

304 1138 582 1197 consolati.
608 1139 728 1208 quia
748 1140 966 1192 vicinum
985 1156 1097 1193 esse
1115 1141 1260 1194 nobis
1286 1151 1385 1195 tua
1413 1141 1675 1212 felicitatis
1703 1143 1889 1197 bonum

305 1227 618 1297 iudicamus.
640 1225 666 1264 δ
703 1226 893 1280 Verum
922 1245 987 1281 ne
1006 1229 1237 1300 longiore
1261 1230 1533 1285 interuallo
1573 1239 1750 1285 nostra
1786 1232 1892 1285 ini-

306 1318 478 1385 quitas
500 1318 638 1369 inter
659 1334 752 1371 nos
768 1328 819 1371 et
840 1328 889 1371 te
910 1327 1131 1389 separet,
1156 1328 1318 1372 totum
1341 1320 1492 1384 hunc,
1524 1336 1622 1391 quo
1646 1319 1819 1374 diebus
1841 1328 1892 1373 et

306 1409 542 1461 noctibus
577 1406 740 1461 Deum
767 1409 974 1472 mulces,
1005 1425 1170 1463 sacrae
1195 1408 1341 1479 pubis
1384 1412 1593 1480 accinge
1619 1410 1887 1471 delectum,

307 1506 360 1547 ut
380 1497 653 1550 advenam
669 1507 880 1566 peccata
903 1509 1083 1552 nostra
1110 1516 1202 1569 pro
1222 1498 1370 1553 nobis
1398 1500 1557 1553 aciem
1597 1501 1890 1553 orationum

308 1588 560 1657 dirigant,
588 1599 635 1641 et
663 1598 874 1642 exorent
926 1598 984 1642 ut
1011 1590 1279 1659 confirmet
1323 1591 1419 1643 hoc
1458 1588 1712 1643 Dominus
1754 1589 1889 1659 quod

310 1688 554 1746 operatus
600 1687 675 1731 est
715 1678 879 1744 nobis,
910 1678 965 1731 id
990 1689 1064 1733 est
1091 1688 1147 1732 ut
1174 1666 1389 1733 caritate
1418 1688 1524 1744 tua,
1549 1681 1603 1732 in
1623 1696 1724 1751 qua
1752 1696 1889 1733 nunc

1990 519 2091 573 hac
2116 526 2295 575 tamen
2340 521 2497 575 laude
2520 522 2845 578 admittenda
2874 523 3083 579 facilem
3102 540 3162 580 se
3189 527 3479 595 praebebat,
3507 532 3564 579 et

1988 609 2231 663 eamdem
2262 612 2532 665 tribuebat
2556 628 2678 667 cum
2708 614 2773 668 iis
2793 628 2955 683 agens
2977 615 3171 683 quibus
3208 616 3381 669 minus
3410 614 3563 670 fami-

1988 700 2195 755 liariter
2238 703 2503 768 utebatur,
2548 705 2599 757 in
2652 721 2713 759 re
2764 721 2903 774 pene
2938 706 3258 761 indiﬁ'erenti
3280 720 3483 761 morem
3507 715 3565 762 et

1988 790 2431 846 consuetudinem
2455 794 2710 858 retinens,
2738 803 2792 849 et
2819 810 3039 849 servans
3061 797 3342 851 honorem.
3374 794 3566 851 Convi«

1987 896 2173 934 varum
2204 884 2451 937 manibus
2484 883 2497 920 ί
2533 899 2725 953 aquam
2748 884 3103 952 ministrabat,
3134 894 3192 938 ut
3213 886 3265 939 in
3314 886 3413 939 hac
3454 886 3565 939 sal-

1988 978 2097 1025 tem
2145 972 2360 1025 minima
2390 973 2723 1027 humanitate
2762 973 2819 1027 S.
2852 973 3081 1029 Martino
3110 975 3445 1043 aliquatenus
3473 990 3565 1029 ac-

1989 1066 2235 1131 cederet;
2260 1066 2352 1121 sed
2380 1075 2521 1121 etes
2559 1066 2749 1121 eadem
2776 1067 3364 1134 submissione,‘suique
3380 1066 3566 1119 existi-

1990 1155 2227 1210 matione
2275 1153 2454 1209 inﬁma
2496 1156 2595 1211 sibi
2619 1156 2776 1210 vilior
2801 1156 2989 1218 factus,
3023 1156 3295 1211 immensis
3322 1156 3567 1211 laudibus

1990 1245 2261 1301 Victorem
2288 1247 2497 1301 extollit
2520 1264 2681 1301 unum
2712 1263 2743 1302 e
2766 1248 2947 1314 vulgo,
2972 1250 3062 1317 qui
3102 1248 3201 1301 sibi
3228 1246 3471 1316 quaedam
3500 1262 3565 1301 ex

1987 1336 2212 1391 caritate
2233 1337 2524 1391 ministeria
2554 1338 2902 1392 exhibuisset.
2931 1338 3126 1403 Audeo,
3156 1338 3327 1406 inquit
3374 1336 3419 1401 ἱ,
3460 1352 3566 1389 rem

1988 1426 2158 1478 oneris
2187 1428 2349 1479 nostri
2380 1428 2550 1493 fateri,
2576 1427 2696 1479 dum
2728 1426 2816 1480 tibi
2870 1427 3001 1479 nihil
3029 1428 3093 1480 de
3142 1427 3254 1496 ejus
3299 1425 3447 1479 bonis
3488 1436 3567 1478 ta-

1988 1532 2129 1569 ceam
2152 1532 2267 1587 qua:
2291 1517 2533 1587 gaudium
2560 1526 2699 1571 tuum
2728 1534 2837 1571 esse
2856 1526 2992 1572 certo
3019 1519 3143 1579 scio,
3176 1519 3417 1588 quoniam
3442 1532 3568 1585 por-

1986 1610 2058 1662 tio
2079 1617 2165 1661 tua
2192 1618 2269 1662 est
2296 1607 2480 1663 bonum
2507 1610 2781 1679 familiaris
2812 1610 2902 1660 tui.
2931 1608 2958 1646 ι
2988 1608 3205 1662 Ser-vivit
3253 1624 3374 1678 ergo
3420 1606 3565 1670 mihi,

1984 1699 2208 1761 servivit,
2239 1700 2467 1769 inquam,
2489 1710 2537 1752 et
2565 1715 2640 1752 ea:
2668 1700 2793 1752 mihi
2815 1704 3018 1761 misero,
3051 1699 3186 1770 quod
3205 1715 3389 1768 passus
3428 1715 3566 1762 sum;

312 1768 681 1836 acquiescimus
710 1776 758 1820 et
777 1784 878 1837 qua
906 1768 1211 1839 gloriamur,
1228 1770 1281 1821 in
1300 1769 1392 1821 illa
1419 1769 1503 1822 die
1529 1770 1890 1840 refrigeremur

1995 1788 2194 1841 servivit
2218 1796 2266 1840 et
2294 1768 2568 1856 peccaturi,
2594 1789 2679 1857 qui
2708 1805 2811 1841 non
2842 1768 3092 1841 serviebat
3113 1795 3343 1856 peccato,
3398 1796 3448 1840 et
3474 1803 3568 1855 ego

310 1857 723 1928 et~gaudeamus.
774 1858 1001 1913 Amandi
1030 1859 1279 1929 precibus
1331 1860 1565 1929 seipsum
1613 1875 1890 1915 commen-

311 1947 444 2002 dans
492 1949 571 2001 ait
602 1959 623 1985 ο
647 1963 707 2002 se
756 1949 1029 2017 indignum
1073 1949 1227 2019 cujus
1267 1965 1464 2005 nomen
1494 1966 1523 2004 a
1544 1952 1744 2007 sanctis
1764 1951 1895 2007 viris

312 2038 502 2092 divinis
532 2038 753 2093 auribus
782 2040 1072 2106 ingeratur,
1103 2055 1172 2095 ne
1205 2040 1344 2096 forte
1370 2042 1511 2097 labia
1564 2057 1751 2097 eorum
1802 2044 1897 2098 im-

313 2125 504 2178 munda
538 2124 671 2179 ﬁant
694 2142 815 2181 cum
846 2128 1016 2197 ipsum
1038 2129 1449 2184 nominaverint.
1476 2130 1608 2185 Item
1636 2130 1703 2184 ad
1730 2132 1893 2187 alium

316 2215 681 2285 presbyterum
735 2214 920 2271 scribit
945 2216 1009 2271 δε
1053 2216 1241 2272 Verum
1280 2221 1401 2290 quia
1447 2221 1724 2274 novissima
1769 2222 1896 2275 hora

315 2312 403 2367 cst,
435 2312 483 2357 el
504 2306 703 2358 securis
720 2305 836 2374 jam
864 2305 933 2358 ad
959 2307 1159 2361 radices
1179 2308 1422 2363 arborum
1442 2310 1629 2377 posita,
1662 2310 1825 2363 aridis
1846 2318 1894 2363 et

314 2394 605 2463 infelicibus
635 2397 790 2466 lignis
804 2397 1000 2466 justum
1021 2399 1250 2453 minatur
1268 2400 1543 2465 excidium,
1574 2417 1744 2469 quiusa
1773 2410 1821 2453 te
1840 2412 1896 2455 ut

317 2486 693 2558 indulgentiam
734 2489 859 2541 mihi
880 2497 929 2542 et
948 2490 1300 2545 laxamentum
1320 2488 1560 2561 temporis
1588 2492 1895 2561 depreceris,

315 2588 368 2630 ut
387 2587 551 2631 morte
586 2578 744 2631 dilata
776 2580 994 2648 forsitan
1018 2596 1224 2634 succum
1252 2583 1533 2652 feracitatis
1561 2583 1807 2651 accipiam
1833 2584 1898 2637 de

316 2672 550 2723 caritatis
580 2679 683 2725 tum
710 2672 977 2742 diligentia
1015 2682 1065 2725 et
1101 2673 1462 2727 sollicitudinis
1497 2690 1625 2727 mea
1652 2674 1810 2737 cultu,
1840 2683 1896 2728 ut

315 2775 399 2813 cor
421 2776 593 2813 meum
631 2762 835 2814 divinus
864 2762 1015 2815 timor
1042 2762 1207 2833 fodiat
1228 2771 1277 2815 et
1298 2765 1510 2832 stirpem
1530 2778 1702 2817 meam
1719 2780 1895 2817 neces-

316 2850 453 2902 saria
478 2850 748 2919 plenitudo
772 2860 994 2904 stercore
1020 2852 1324 2904 humilitatis
1352 2852 1634 2922 impinguet
1658 2868 1675 2905 :
1712 2852 1899 2906 deinde

317 2954 402 3007 ego
430 2939 501 2991 ad
529 2939 858 3008 vigilantiam
886 2940 1249 2993 sollicitudinis
1275 2941 1530 2994 excitatus
1577 2943 1717 2995 omni
1765 2942 1896 2996 hora

316 3038 526 3096 paratus
567 3029 829 3091 assistam,
852 3038 902 3083 et
927 3026 1150 3084 Domino
1178 3030 1387 3084 absente
1412 3032 1511 3083 sim
1556 3032 1804 3099 trepidus,
1837 3041 1894 3085 ut

1993 1876 2235 1946 indignus
2276 1893 2307 1929 a
2354 1893 2498 1929 servo
2514 1877 2736 1946 justitiie
2762 1877 3118 1931 ministrabar.
3169 1877 3275 1931 Sed
3298 1878 3416 1930 hinc
3444 1878 3569 1929 mihi

1993 1968 2218 2021 leuamen
2245 1969 2456 2038 aliquod
2482 1971 2613 2021 tanti
2642 1970 2885 2039 ponderis
2922 1986 3088 2039 spero,
3111 1970 3248 2039 quod
3266 1970 3433 2022 sancti
3456 1972 3569 2039 fra-

1995 2060 2088 2113 tris
2104 2058 2408 2130 famulatum
2433 2076 2536 2113 non
2561 2061 2798 2129 superbia
2821 2060 3095 2124 rendicari,
3114 2061 3205 2113 sed
3222 2060 3569 2114 contestandc

1994 2152 2227 2204 caritatis
2276 2167 2421 2214 mete,
2468 2159 2518 2204 et
2543 2151 2648 2219 fide
2677 2150 2940 2220 capienda:
2968 2150 3331 2204 benedictionis
3360 2151 3566 2203 admisi.

1997 2238 2291 2293 Benedictio
2318 2243 2453 2293 enim
2480 2241 2605 2293 mihi
2626 2250 2736 2293 erat
2758 2250 2937 2292 sancta
2958 2242 3012 2292 in
3041 2243 3247 2293 nomine
3273 2240 3367 2292 Dei
3398 2244 3569 2309 famu-

1995 2329 2145 2395 latio,
2170 2337 2219 2382 et
2246 2331 2299 2382 in
2346 2328 2602 2383 libertatis
2650 2330 2835 2397 spiritu
2864 2328 3059 2399 famula
3098 2330 3320 2383 dilectio.
3356 2329 3433 2381 0b
3476 2331 3570 2385 hoc

1997 2426 2336 2478 toluntarium
2361 2426 2473 2495 ejus
2500 2424 2685 2478 bonum
2714 2433 2764 2477 et
2788 2440 2882 2493 pro
2908 2424 3069 2490 ipsius
3096 2424 3321 2477 utilitate
3346 2427 3569 2495 suscepi,

1994 2532 2309 2585 prwsumens
2344 2532 2403 2569 eo
2444 2515 2778 2583 potentiorem
2816 2513 3067 2567 exorandi
3095 2527 3189 2583 pro
3216 2527 3296 2567 me
3322 2515 3569 2584 futurum,

1996 2624 2094 2677 quo
2124 2607 2237 2675 plus
2264 2607 2429 2659 meriti
2450 2605 2513 2658 de
2534 2605 2800 2675 religionis
2837 2602 3071 2673 operibus
3100 2605 3418 2675 acquisisset.
3445 2606 3573 2675 Aget

1996 2699 2229 2768 profecto
2249 2694 2570 2751 orationibus
2592 2698 2719 2760 suis,
2751 2712 2815 2749 ne
2841 2696 2967 2749 meis
2995 2695 3233 2749 oneribus
3274 2698 3570 2758 accreverit,

1996 2786 2132 2856 quod
2153 2789 2307 2839 etiam
2334 2803 2400 2839 ex
2425 2802 2508 2839 me
2526 2786 2739 2839 accessit
2759 2784 3007 2855 fructibus
3035 2784 3159 2837 suis.
3194 2783 3367 2838 Dilexi
3413 2787 3572 2852 enim,

1998 2878 2182 2947 fateor,
2210 2879 2265 2929 in
2290 2878 2401 2947 ejus
2424 2876 2659 2946 obsequio
2688 2875 3112 2941 benedictionem,
3137 2878 3321 2929 timens
3342 2893 3405 2929 ne
3432 2894 3573 2944 repu-

1998 2966 2141 3018 diata
2160 2965 2484 3036 elongaretur
2503 2982 2535 3018 a
2563 2982 2661 3019 me.
2693 2965 2856 3019 Addit
2883 2964 2897 3001 ι
2932 2965 3056 3034 quia
3084 2972 3137 3018 et
3178 2964 3277 3018 sibi
3306 2964 3470 3033 pedes
3495 2966 3573 3019 la.

1996 3070 2123 3109 vare
2152 3055 2321 3109 voluit
2341 3054 2538 3114 Victor.
2564 3055 2731 3110 semel
2751 3069 2810 3109 se
2832 3062 3037 3107 tantum
3066 3054 3361 3122 apostolico
3384 3062 3570 3109 esem-

315 3118 616 3172 adreniente
649 3135 859 3172 securus
884 3121 1002 3174 sim.
1042 3118 1109 3173 Et
1137 3120 1262 3174 alibi
1290 3130 1312 3157 °
1350 3136 1363 3173 :
1398 3120 1679 3173 Adventum
1706 3122 1817 3191 ejus
1844 3128 1892 3175 et

1995 3145 2086 3214 plo
2131 3145 2374 3208 cessisse,
2418 3144 2563 3212 quod
2611 3144 2663 3197 in
2709 3143 2926 3199 Victore
2965 3118 3236 3197 Christum
3287 3153 3572 3198 veneratus

318 3208 580 3280 diligimus
608 3211 782 3263 miseri
809 3227 899 3279 spe
928 3212 1296 3265 misericordiae
1323 3211 1457 3281 ejus,
1478 3219 1527 3264 et
1556 3212 1896 3265 horrescimus

317 3301 419 3370 38
445 3313 745 3371 peccatores
774 3304 955 3357 timore
974 3305 1193 3374 justitia:
1215 3304 1347 3373 ejus.
1384 3303 1636 3358 Eamdem
1663 3322 1821 3375 quam
1845 3307 1897 3360 in

321 3392 556 3458 epistolis
570 3400 757 3445 servat
776 3393 827 3446 in
848 3394 1173 3448 carminibus
1193 3394 1583 3459 humilitatem;
1612 3408 1730 3449 cum
1754 3396 1898 3449 enim

320 3480 369 3534 in
412 3482 649 3551 quodam
677 3491 927 3551 poemate
978 3482 1047 3537 de
1098 3493 1342 3539 extremo
1365 3484 1575 3553 judicio
1604 3493 1658 3540 et
1684 3484 1900 3543 Davidis

321 3575 627 3644 ptenitentia
655 3576 783 3645 egit,
811 3576 990 3632 subdit
1020 3575 1039 3615 ί
1066 3595 1081 3631 :

409 3686 533 3755 Quid
558 3686 726 3755 facere
745 3688 870 3755 heu!
896 3690 1076 3755 misero
1094 3690 1211 3739 mihi
1237 3692 1504 3753 competit?
1523 3692 1651 3741 unde
1673 3693 1873 3755 piabor?

469 3745 611 3814 Unde
627 3748 945 3797 satisfaciam?
960 3763 1166 3814 quanam
1186 3765 1283 3814 ope
1304 3745 1465 3802 salvus
1490 3755 1613 3804 ero?

407 3806 697 3875 Pupieeum
722 3822 809 3875 cor
831 3822 948 3870 eget
974 3806 1364 3873 lacrymis,'cinis
1388 3815 1554 3865 horret
1576 3816 1635 3863 ad
1656 3828 1834 3875 escam,

468 3867 775 3931 Deliclaqne
793 3867 959 3931 juv'snt
981 3867 1233 3923 esuriente
1253 3875 1431 3922 anima.

409 3929 528 3998 Quis
549 3932 667 3979 mihi
691 3929 930 3998 suggeret
945 3935 1008 3998 sd_
1029 3934 1341 3995 lserymarum
1363 3935 1557 3998 ﬁumina
1574 3936 1781 3998 fontem,

467 3989 575 4047 Quo
595 4005 708 4057 mea
726 3989 963 4041 diellerem
986 3995 1105 4043 facta
1123 3989 1359 4057 meosque
1381 3996 1523 4045 dies?

422 4048 537 4118 liam
559 4052 674 4100 mihi
688 4067 791 4118 pro
811 4056 997 4118 meritis
1017 4062 1137 4104 actae
1161 4070 1249 4118 per
1264 4048 1464 4105 crimina
1486 4059 1595 4107 vim

475 4110 714 4172 Ingentes
731 4114 895 4177 plagas
916 4117 1109 4164 ﬂumina
1134 4110 1258 4165 ll'ere
1278 4131 1402 4177 opus
1430 4125 1527 4167 est.

420 4169 608 4240 Rumpe
632 4169 959 4240 mei'lapidem
977 4179 1154 4240 contis,
1178 4169 1384 4227 salvaior
1404 4177 1538 4240 Iesu,

474 4232 742 4283 Ut'mollils
768 4232 844 4294 pio
865 4238 1052 4286 viscera
1075 4232 1207 4287 fonte
1232 4240 1395 4288 ﬂuant.

421 4292 514 4357 Ta,
543 4308 734 4357 precor,
761 4292 792 4344 ὸ
813 4296 919 4346 fons
942 4299 1151 4357 Christe,
1178 4301 1301 4348 meis
1321 4302 1577 4351 innascere
1595 4300 1744 4351 ﬁbris.

479 4354 675 4406 Ut’mihi
700 4360 803 4408 vivs
821 4364 918 4408 tua;
941 4373 1064 4408 vena
1086 4354 1291 4410 resultet
1312 4376 1469 4424 aqua.

1995 3244 2207 3306 optaret
2225 3245 2280 3289 ut
2302 3237 2370 3289 ad
2389 3237 2705 3306 infirmitatis
2726 3236 3003 3290 remedium
3022 3236 3199 3290 melior
3227 3250 3285 3289 se
3305 3253 3573 3291 censemus

1996 3343 2129 3396 aqua
2157 3328 2447 3396 attingeret.
2478 3325 2729 3392 Quamvis
2757 3327 2998 3381 eminens
3043 3324 3250 3381 Paulini
3298 3327 3467 3382 virtus
3518 3329 3572 3382 in

1996 3415 2113 3485 ejus
2141 3416 2546 3470 admirationem
2590 3416 2828 3471 omnium
2858 3417 3044 3471 oculos
3088 3424 3145 3471 et
3172 3432 3266 3470 ora
3293 3425 3575 3472 converte-

1997 3517 2102 3577 ret,
2154 3510 2294 3563 inter
2340 3509 2439 3563 hos
2494 3517 2673 3563 tamen
2722 3509 2940 3577 plausus
2969 3518 3005 3545 ιη
3037 3500 3168 3561 nihil
3198 3508 3298 3563 sibi
3326 3508 3394 3561 de
3421 3507 3576 3563 bonis

1997 3599 2249 3669 operibus
2267 3598 2546 3653 blandiens
2566 3614 2625 3652 se
2653 3609 2865 3653 servum
2894 3598 3135 3653 inutilem
3174 3598 3466 3651 asserebat.
3516 3597 3575 3652 In

1998 3688 2192 3743 virtute
2220 3687 2315 3741 Dei
2341 3696 2397 3741 et
2422 3687 2785 3742 misericordia
2814 3686 2930 3754 ejus
2955 3701 3106 3754 spem
3159 3701 3309 3739 suam
3359 3700 3575 3739 omnem

1997 3778 2316 3841 collocabat,
2366 3792 2396 3831 a
2447 3794 2555 3847 quo
2602 3778 2929 3831 intellectum
2975 3775 3181 3829 itineris
3228 3775 3309 3829 sui
3365 3783 3573 3843 petens,

1997 3868 2253 3923 auxilium
2278 3882 2386 3935 quo
2406 3867 2547 3921 hanc
2568 3874 2809 3920 curreret
2830 3865 2969 3918 viam
2992 3863 3421 3933 praestolabatur.
3436 3864 3575 3930 Quin

1998 3960 2162 4014 etiam
2183 3958 2240 4011 in
2259 3957 2388 4027 ipsis
2415 3956 2669 4026 operibus
2689 3955 2847 4009 bonis
2867 3952 2961 4008 Dei
2979 3953 3177 4022 judicia
3207 3953 3451 4008 timebat.
3474 3952 3578 4008 Po-

1997 4050 2115 4103 terit
2142 4064 2257 4113 nos,
2288 4045 2562 4117 inquiebat
2586 4054 2632 4111 ",
2662 4045 2739 4099 vel
2786 4044 3048 4097 humilitas
3098 4045 3433 4115 confessionis
3485 4060 3576 4098 as-

1998 4157 2169 4195 serere
2196 4141 2304 4211 39
2322 4141 2471 4211 quasi
2491 4138 2746 4192 modestos
2768 4135 2908 4206 apud
2937 4135 3230 4201 Dominum,
3261 4152 3386 4207 quos
3432 4151 3578 4189 com-

1996 4232 2242 4287 mendare
2270 4248 2373 4287 non
2400 4231 2588 4301 poterit
2614 4238 2670 4282 ut
2690 4231 2903 4296 ignavos
2935 4237 3160 4283 strenua:
3184 4227 3443 4283 seruitutis
3470 4229 3577 4282 uti-

1996 4323 2141 4377 litus.

2580 4385 2813 4447 CAPUT
2854 4390 2990 4445 XXI.

388 4498 522 4554 Cum
553 4511 579 4545 ιι
611 4501 662 4555 in
691 4502 843 4559 ιίιυιο
871 4505 1109 4574 epistola,
1136 4504 1415 4561 paulinum
1459 4508 1691 4562 severus
1727 4506 1893 4560 άοηιε,
1924 4496 1974 4558 ι)
2034 4483 2107 4538 Se
2132 4491 2277 4553 putat
2311 4482 2581 4554 indignum
2600 4485 2685 4555 qui
2713 4500 2919 4538 sacram
2948 4482 3273 4551 Scripturam
3297 4487 3524 4549 exponat

318 4606 439 4643 sum
495 4592 841 4661 appellasset,
889 4603 944 4649 ct
980 4611 1039 4650 se
1088 4596 1229 4651 illius
1280 4613 1478 4651 seruum
1507 4596 1892 4666 adscripsisset,

322 4682 458 4737 hanc
516 4682 729 4736 laudem
784 4685 1004 4740 omnino
1034 4687 1263 4741 exclusit
1286 4685 1557 4751 Paulinus,
1588 4702 1688 4742 nec
1715 4686 1766 4739 in
1809 4701 1896 4740 re-

320 4772 524 4839 scripto
544 4770 714 4825 voluit
740 4787 857 4825 eam
881 4773 1081 4828 Severo
1106 4775 1327 4835 referre.
1359 4777 1499 4845 quia,
1523 4776 1693 4843 inquit
1718 4773 1768 4840 ³³,
1824 4784 1904 4827 tu-

322 4862 421 4911 tius
467 4861 664 4913 credidi
720 4878 833 4915 vere
880 4862 1119 4917 scribere.
1178 4864 1309 4919 Cave
1352 4883 1473 4935 ergo
1498 4866 1711 4935 posthac
1731 4882 1905 4919 servus

321 4948 514 5003 Christi
542 4952 596 5003 in
626 4950 911 5005 libertatem
952 4965 1177 5020 uocatus,
1227 4956 1466 5018 hominis,
1516 4965 1566 5008 et
1609 4956 1809 5023 fratris,
1858 4964 1909 5009 et

320 5041 550 5092 conserui
593 5041 862 5109 inferioris
890 5059 1091 5095 servum
1135 5052 1184 5097 te
1211 5045 1463 5108 scribere;
1499 5046 1620 5114 quia
1646 5053 1907 5113 peccatum

320 5130 643 5185 adulationis
697 5142 774 5185 est
829 5137 995 5205 magis
1048 5152 1200 5205 quam
1249 5122 1553 5189 humilitatis
1575 5136 1904 5206 justiﬁcatio,

322 5221 567 5276 honorem
594 5224 683 5276 uni
714 5222 957 5289 Domino,
989 5227 1080 5279 uni
1109 5224 1365 5298 Magistro
1393 5244 1547 5297 super
1576 5237 1786 5289 terram,
1817 5228 1909 5279 uni

322 5310 432 5366 Deo
459 5312 711 5377 debitum,
742 5314 935 5368 homini
953 5316 1179 5378 cuilibet,
1210 5334 1275 5370 ne
1300 5317 1469 5370 dicam
1495 5318 1781 5371 miserrimo
1800 5333 1914 5385 pec-

324 5403 511 5470 caturi,
544 5403 766 5475 deferre.
815 5405 1014 5474 Sufficit
1054 5409 1254 5461 caritas
1282 5409 1345 5461 de
1372 5408 1528 5461 corde
1573 5425 1701 5478 puro
1728 5419 1777 5461 et
1803 5407 1909 5477 fide

396 5544 427 5605 ἐκ
453 5534 663 5591 Paulin.
690 5553 776 5605 ep.
806 5538 895 5600 ‘17.
923 5556 975 5593 n.
1006 5540 1059 5593 3.
1138 5541 1149 5576 ‘
1188 5541 1341 5605 Ibid.,
1367 5560 1421 5596 n.
1444 5542 1495 5596 4.

331 5602 453 5676 iis.
531 5616 559 5676 εξ
589 5602 757 5676 Epist.
789 5608 842 5672 5,
876 5628 928 5665 n.
961 5610 1048 5661 ~20.
1131 5611 1153 5647 ιι
1185 5609 1316 5669 Ibid.

331 5672 425 5743 Ἃ),
452 5691 505 5729 n.
534 5675 585 5730 4.
634 5672 690 5714 ⁷³³
719 5676 851 5733 Ibid.
930 5691 954 5717 υ
978 5678 1183 5737 Paulin.
1217 5698 1302 5748 ep.
1335 5681 1422 5744 l5.
1450 5672 1511 5737 n.'
1535 5684 1587 5739 5.
1658 5672 1691 5733 ἰ’
1720 5682 1852 5739 Ibid.

2066 4598 2119 4653 I.
2161 4596 2411 4653 Paulinus
2436 4613 2650 4668 semper
2686 4597 2887 4653 latendi
2916 4595 3162 4666 cupidus,
3208 4610 3310 4649 nec
3360 4610 3420 4651 se
3468 4593 3558 4648 ido

1999 4706 2158 4746 neum
2186 4690 2387 4746 ducens
2413 4691 2507 4759 qui
2557 4690 2874 4746 Christianae
2925 4687 3197 4756 religionis
3240 4692 3579 4740 sacramenta

2001 4780 2237 4835 doctoris
2259 4780 2548 4835 autoritate
2577 4788 2852 4844 tractaret,
2874 4777 3143 4849 cpusculis
3160 4775 3377 4830 levioris
3405 4788 3585 4843 operte

2006 4881 2289 4927 contentus
2325 4881 2461 4928 erat.
2510 4872 2784 4927 Desiderio
2824 4881 2849 4908 ο
2884 4871 3195 4941 presbytero
3221 4868 3314 4937 qui
3340 4867 3583 4937 explica-

2011 4961 2212 5015 tionem
2242 4964 2539 5032 postularat
2568 4964 2856 5018 verborum
2882 4961 3075 5031 quibus
3100 4958 3398 5029 patriarcha
3418 4957 3586 5013 Jacob

2012 5048 2134 5104 ﬁliis
2172 5050 2469 5117 benedixit,
2497 5053 2775 5107 humiliter
2802 5049 3091 5121 respondet
3117 5057 3384 5103 tantorum
3412 5046 3586 5102 nomi-

2009 5155 2134 5192 num
2165 5149 2223 5193 et
2250 5143 2625 5211 mysteriorum
2657 5142 2895 5212 pondera
2931 5156 2990 5195 se
3032 5155 3101 5195 ne
3151 5138 3317 5208 digito
3369 5136 3585 5207 quidem

2009 5244 2194 5283 ausum
2244 5237 2487 5298 tangere.
2536 5230 2615 5285 De
2641 5248 2765 5301 quo,
2810 5231 2982 5298 inquit
3017 5240 3067 5294 Ρ,
3113 5229 3238 5282 mihi
3282 5228 3584 5297 scripseras,

2009 5335 2195 5389 aquam
2216 5319 2414 5373 dulcem
2434 5328 2483 5372 et
2502 5321 2763 5390 copiosam
2796 5320 2851 5373 in
2891 5335 3073 5373 amaro
3116 5327 3166 5371 et
3208 5325 3383 5370 arente
3425 5313 3584 5368 rivulc

2009 5425 2265 5480 quierens,
2299 5418 2398 5463 tua:
2416 5411 2584 5480 potius
2613 5410 2799 5482 gratim
2816 5408 3179 5478 explicandum
3208 5404 3443 5477 refundo;
3465 5417 3585 5456 nam
3603 5460 3615 5471 ,

1578 5542 1731 5619 ξββ.
1763 5542 1848 5619 12.
1879 5560 1932 5598 n.
1968 5544 2049 5619 [0.
2128 5545 2153 5584 ἀ
2174 5546 2283 5619 _Ep.
2317 5548 2403 5609 45,
2438 5545 2589 5619 πεδί
2620 5557 2670 5619 γε
2702 5546 2799 5616 Ep.
2834 5545 2920 5619 l9,
2953 5544 3119 5619 n.__2_._
3172 5543 3191 5581 ί
3217 5541 3393 5619 Carm.

1402 5603 1841 5687 ‘Epﬂsiat.
1900 5603 2249 5687 -1Ειιίδμ23ξ
2283 5635 2334 5674 n.
2368 5603 2419 5674 3'.
2498 5615 2714 5681 una.
2741 5603 2793 5672 ιί.
2823 5603 3253 5678 6.ἰ1ὺὶ(1.,ιι.
3286 5609 3338 5662 5.
3413 5603 3584 5677 map.
