  <div class='ocr_page' id='page_1' title='image "/cluster/home/n/w/nwhite01/storage/ocr_20150623/61/hvd.32044054758685/035.png"; bbox 0 0 4020 6186; ppageno 0'>
   <div class='ocr_carea' id='block_1_1' title="bbox 473 280 3726 359">
    <p class='ocr_par' dir='ltr' id='par_1_1' title="bbox 473 280 3726 359">
     <span class='ocr_line' id='line_1_1' title="bbox 473 280 3726 359; baseline 0.006 -20"><span class='ocrx_word' id='word_1_1' title='bbox 473 280 543 339; x_wconf 79' lang='lat'><strong><em>59</em></strong></span> <span class='ocrx_word' id='word_1_2' title='bbox 1487 287 1541 343; x_wconf 91' lang='lat' dir='ltr'><strong><em>S.</em></strong></span> <span class='ocrx_word' id='word_1_3' title='bbox 1587 284 1927 342; x_wconf 65' lang='lat' dir='ltr'><strong><em>PAULINUS</em></strong></span> <span class='ocrx_word' id='word_1_4' title='bbox 1965 285 2283 343; x_wconf 78' lang='lat' dir='ltr'><strong><em>NOLANUS</em></strong></span> <span class='ocrx_word' id='word_1_5' title='bbox 2320 287 2704 349; x_wconf 82' lang='lat' dir='ltr'><strong><em>EPISCOPUS.</em></strong></span> <span class='ocrx_word' id='word_1_6' title='bbox 3657 304 3726 359; x_wconf 80' lang='lat'><strong><em>60</em></strong></span> 
     </span>
    </p>
   </div>
   <div class='ocr_carea' id='block_1_2' title="bbox 473 396 3728 471">
    <p class='ocr_par' dir='ltr' id='par_1_2' title="bbox 473 396 3728 471">
     <span class='ocr_line' id='line_1_2' title="bbox 473 396 3728 471; baseline 0.007 -22"><span class='ocrx_word' id='word_1_7' title='bbox 473 410 554 449; x_wconf 86' lang='lat' dir='ltr'><strong><em>me</em></strong></span> <span class='ocrx_word' id='word_1_8' title='bbox 576 396 743 465; x_wconf 73' lang='lat' dir='ltr'><strong><em>fateor</em></strong></span> <span class='ocrx_word' id='word_1_9' title='bbox 767 404 1023 450; x_wconf 84' lang='lat' dir='ltr'><strong><em>tantorum</em></strong></span> <span class='ocrx_word' id='word_1_10' title='bbox 1054 398 1315 451; x_wconf 83' lang='lat' dir='ltr'><strong><em>nominum</em></strong></span> <span class='ocrx_word' id='word_1_11' title='bbox 1334 405 1382 450; x_wconf 91' lang='lat' dir='ltr'><strong><em>et</em></strong></span> <span class='ocrx_word' id='word_1_12' title='bbox 1415 399 1770 467; x_wconf 74' lang='lat' dir='ltr'><strong><em>mysteriorum</em></strong></span> <span class='ocrx_word' id='word_1_13' title='bbox 1820 397 2048 467; x_wconf 83' lang='lat' dir='ltr'><strong><em>pondera</em></strong></span> <span class='ocrx_word' id='word_1_14' title='bbox 2074 404 2124 461; x_wconf 76' lang='grc' dir='ltr'><strong>Α</strong></span> <span class='ocrx_word' id='word_1_15' title='bbox 2151 396 2421 461; x_wconf 73' lang='lat' dir='ltr'><strong><em>ltetiﬁcans</em></strong></span> <span class='ocrx_word' id='word_1_16' title='bbox 2462 402 2716 456; x_wconf 81' lang='lat' dir='ltr'><strong><em>civitatem</em></strong></span> <span class='ocrx_word' id='word_1_17' title='bbox 2764 403 2881 458; x_wconf 87' lang='lat' dir='ltr'><strong><em>Dei.</em></strong></span> <span class='ocrx_word' id='word_1_18' title='bbox 2916 404 2941 442; x_wconf 75' lang='grc'><strong><em>⁸·</em></strong></span> <span class='ocrx_word' id='word_1_19' title='bbox 2968 403 3094 469; x_wconf 78' lang='lat' dir='ltr'><strong><em>Qute</em></strong></span> <span class='ocrx_word' id='word_1_20' title='bbox 3122 419 3291 463; x_wconf 84' lang='lat' dir='ltr'><strong><em>autem</em></strong></span> <span class='ocrx_word' id='word_1_21' title='bbox 3318 412 3474 465; x_wconf 88' lang='lat' dir='ltr'><strong><em>virtus</em></strong></span> <span class='ocrx_word' id='word_1_22' title='bbox 3496 414 3634 467; x_wconf 80' lang='lat' dir='ltr'><strong><em>hanc</em></strong></span> <span class='ocrx_word' id='word_1_23' title='bbox 3671 420 3728 471; x_wconf 89' lang='lat' dir='ltr'><strong><em>in</em></strong></span> 
     </span>
    </p>
   </div>
   <div class='ocr_carea' id='block_1_3' title="bbox 474 488 2048 561">
    <p class='ocr_par' dir='ltr' id='par_1_3' title="bbox 474 488 2048 561">
     <span class='ocr_line' id='line_1_3' title="bbox 474 488 2048 561; baseline 0.001 -21"><span class='ocrx_word' id='word_1_24' title='bbox 474 504 566 540; x_wconf 86' lang='lat' dir='ltr'><strong><em>nec</em></strong></span> <span class='ocrx_word' id='word_1_25' title='bbox 591 488 754 558; x_wconf 90' lang='lat' dir='ltr'><strong><em>digito</em></strong></span> <span class='ocrx_word' id='word_1_26' title='bbox 776 504 958 541; x_wconf 90' lang='lat' dir='ltr'><strong><em>ausum</em></strong></span> <span class='ocrx_word' id='word_1_27' title='bbox 977 497 1207 560; x_wconf 90' lang='lat' dir='ltr'><strong><em>tangere.</em></strong></span> <span class='ocrx_word' id='word_1_28' title='bbox 1233 489 1360 559; x_wconf 87' lang='lat' dir='ltr'><strong><em>Legi</em></strong></span> <span class='ocrx_word' id='word_1_29' title='bbox 1380 491 1515 543; x_wconf 90' lang='lat' dir='ltr'><strong><em>enim</em></strong></span> <span class='ocrx_word' id='word_1_30' title='bbox 1534 491 1654 561; x_wconf 91' lang='lat' dir='ltr'><strong><em>quia</em></strong></span> <span class='ocrx_word' id='word_1_31' title='bbox 1677 490 1730 543; x_wconf 88' lang='lat' dir='ltr'><strong><em>in</em></strong></span> <span class='ocrx_word' id='word_1_32' title='bbox 1741 490 2048 543; x_wconf 82' lang='lat' dir='ltr'><strong><em>malevolam</em></strong></span> 
     </span>
    </p>
   </div>
   <div class='ocr_carea' id='block_1_4' title="bbox 475 578 2045 648">
    <p class='ocr_par' dir='ltr' id='par_1_4' title="bbox 475 578 2045 648">
     <span class='ocr_line' id='line_1_4' title="bbox 475 578 2045 648; baseline 0.004 -21"><span class='ocrx_word' id='word_1_33' title='bbox 475 579 701 630; x_wconf 90' lang='lat' dir='ltr'><strong><em>animam</em></strong></span> <span class='ocrx_word' id='word_1_34' title='bbox 747 593 849 631; x_wconf 65' lang='lat' dir='ltr'><strong><em>non</em></strong></span> <span class='ocrx_word' id='word_1_35' title='bbox 906 579 1136 633; x_wconf 77' lang='lat' dir='ltr'><strong><em>introibit</em></strong></span> <span class='ocrx_word' id='word_1_36' title='bbox 1182 581 1437 648; x_wconf 72' lang='lat' dir='ltr'><strong><em>sapientia</em></strong></span> <span class='ocrx_word' id='word_1_37' title='bbox 1484 578 1635 647; x_wconf 90' lang='lat' dir='ltr'><strong><em>(Sap.</em></strong></span> <span class='ocrx_word' id='word_1_38' title='bbox 1661 578 1810 647; x_wconf 68' lang='lat'><strong><em>1,4);</em></strong></span> <span class='ocrx_word' id='word_1_39' title='bbox 1853 589 1903 632; x_wconf 91' lang='lat' dir='ltr'><strong><em>et</em></strong></span> <span class='ocrx_word' id='word_1_40' title='bbox 1931 579 2045 634; x_wconf 86' lang='lat' dir='ltr'><strong><em>ideo</em></strong></span> 
     </span>
    </p>
   </div>
   <div class='ocr_carea' id='block_1_5' title="bbox 476 668 2046 739">
    <p class='ocr_par' dir='ltr' id='par_1_5' title="bbox 476 668 2046 739">
     <span class='ocr_line' id='line_1_5' title="bbox 476 668 2046 739; baseline 0.004 -21"><span class='ocrx_word' id='word_1_41' title='bbox 476 668 689 720; x_wconf 73' lang='lat' dir='ltr'><strong><em>malitia:</em></strong></span> <span class='ocrx_word' id='word_1_42' title='bbox 733 684 859 721; x_wconf 72' lang='lat' dir='ltr'><strong><em>mea:</em></strong></span> <span class='ocrx_word' id='word_1_43' title='bbox 895 672 1128 733; x_wconf 80' lang='lat' dir='ltr'><strong><em>conscius</em></strong></span> <span class='ocrx_word' id='word_1_44' title='bbox 1175 687 1277 723; x_wconf 88' lang='lat' dir='ltr'><strong><em>non</em></strong></span> <span class='ocrx_word' id='word_1_45' title='bbox 1306 671 1447 739; x_wconf 90' lang='lat' dir='ltr'><strong><em>potui</em></strong></span> <span class='ocrx_word' id='word_1_46' title='bbox 1488 670 1675 723; x_wconf 69' lang='lat' dir='ltr'><strong><em>divina:</em></strong></span> <span class='ocrx_word' id='word_1_47' title='bbox 1721 671 2046 724; x_wconf 88' lang='lat' dir='ltr'><strong><em>revelatiouis</em></strong></span> 
     </span>
    </p>
   </div>
   <div class='ocr_carea' id='block_1_6' title="bbox 475 758 2046 828">
    <p class='ocr_par' dir='ltr' id='par_1_6' title="bbox 475 758 2046 828">
     <span class='ocr_line' id='line_1_6' title="bbox 475 758 2046 828; baseline 0.003 -19"><span class='ocrx_word' id='word_1_48' title='bbox 475 758 660 812; x_wconf 87' lang='lat' dir='ltr'><strong><em>habere</em></strong></span> <span class='ocrx_word' id='word_1_49' title='bbox 685 759 949 828; x_wconf 84' lang='lat' dir='ltr'><strong><em>ﬁduciam,</em></strong></span> <span class='ocrx_word' id='word_1_50' title='bbox 973 776 1093 813; x_wconf 41' lang='lat' dir='ltr'><strong><em>cum.</em></strong></span> <span class='ocrx_word' id='word_1_51' title='bbox 1106 761 1393 827; x_wconf 72' lang='lat' dir='ltr'><strong><em>prudentia:</em></strong></span> <span class='ocrx_word' id='word_1_52' title='bbox 1419 761 1581 814; x_wconf 86' lang='lat' dir='ltr'><strong><em>lucem</em></strong></span> <span class='ocrx_word' id='word_1_53' title='bbox 1606 758 1867 814; x_wconf 87' lang='lat' dir='ltr'><strong><em>tenebroso</em></strong></span> <span class='ocrx_word' id='word_1_54' title='bbox 1895 762 2046 815; x_wconf 89' lang='lat' dir='ltr'><strong><em>corde</em></strong></span> 
     </span>
    </p>
   </div>
   <div class='ocr_carea' id='block_1_7' title="bbox 476 850 2045 919">
    <p class='ocr_par' dir='ltr' id='par_1_7' title="bbox 476 850 2045 919">
     <span class='ocr_line' id='line_1_7' title="bbox 476 850 2045 919; baseline 0.001 -16"><span class='ocrx_word' id='word_1_55' title='bbox 476 865 579 904; x_wconf 82' lang='lat' dir='ltr'><strong><em>non</em></strong></span> <span class='ocrx_word' id='word_1_56' title='bbox 605 866 854 919; x_wconf 88' lang='lat' dir='ltr'><strong><em>caperem.</em></strong></span> <span class='ocrx_word' id='word_1_57' title='bbox 884 850 957 903; x_wconf 89' lang='lat' dir='ltr'><strong><em>Tu</em></strong></span> <span class='ocrx_word' id='word_1_58' title='bbox 978 868 1094 904; x_wconf 85' lang='lat' dir='ltr'><strong><em>vero</em></strong></span> <span class='ocrx_word' id='word_1_59' title='bbox 1118 850 1394 915; x_wconf 89' lang='lat' dir='ltr'><strong><em>benedicte,</em></strong></span> <span class='ocrx_word' id='word_1_60' title='bbox 1408 867 1497 904; x_wconf 85' lang='lat' dir='ltr'><strong><em>vas</em></strong></span> <span class='ocrx_word' id='word_1_61' title='bbox 1518 850 1763 904; x_wconf 86' lang='lat' dir='ltr'><strong><em>mundum</em></strong></span> <span class='ocrx_word' id='word_1_62' title='bbox 1795 861 1845 904; x_wconf 90' lang='lat' dir='ltr'><strong><em>et</em></strong></span> <span class='ocrx_word' id='word_1_63' title='bbox 1870 860 2045 919; x_wconf 89' lang='lat' dir='ltr'><strong><em>aptum</em></strong></span> 
     </span>
    </p>
   </div>
   <div class='ocr_carea' id='block_1_8' title="bbox 475 939 2042 1013">
    <p class='ocr_par' dir='ltr' id='par_1_8' title="bbox 475 939 2042 1013">
     <span class='ocr_line' id='line_1_8' title="bbox 475 939 2042 1013; baseline 0.002 -19"><span class='ocrx_word' id='word_1_64' title='bbox 475 939 605 1004; x_wconf 88' lang='lat' dir='ltr'><strong><em>Deo,</em></strong></span> <span class='ocrx_word' id='word_1_65' title='bbox 635 944 680 994; x_wconf 91' lang='lat' dir='ltr'><strong><em>si</em></strong></span> <span class='ocrx_word' id='word_1_66' title='bbox 704 943 943 1008; x_wconf 86' lang='lat' dir='ltr'><strong><em>accepisti</em></strong></span> <span class='ocrx_word' id='word_1_67' title='bbox 969 943 1280 995; x_wconf 83' lang='lat' dir='ltr'><strong><em>intellectum</em></strong></span> <span class='ocrx_word' id='word_1_68' title='bbox 1308 940 1671 995; x_wconf 73' lang='lat' dir='ltr'><strong><em>benedictionis</em></strong></span> <span class='ocrx_word' id='word_1_69' title='bbox 1694 943 1832 997; x_wconf 89' lang='lat' dir='ltr'><strong><em>illius</em></strong></span> <span class='ocrx_word' id='word_1_70' title='bbox 1858 960 1958 1013; x_wconf 86' lang='lat' dir='ltr'><strong><em>qua</em></strong></span> <span class='ocrx_word' id='word_1_71' title='bbox 1973 945 2042 1013; x_wconf 81' lang='lat' dir='ltr'><strong><em>[i-</em></strong></span> 
     </span>
    </p>
   </div>
   <div class='ocr_carea' id='block_1_9' title="bbox 473 1031 2045 1101">
    <p class='ocr_par' dir='ltr' id='par_1_9' title="bbox 473 1031 2045 1101">
     <span class='ocr_line' id='line_1_9' title="bbox 473 1031 2045 1101; baseline 0.001 -17"><span class='ocrx_word' id='word_1_72' title='bbox 473 1031 574 1085; x_wconf 90' lang='lat' dir='ltr'><strong><em>lios</em></strong></span> <span class='ocrx_word' id='word_1_73' title='bbox 594 1048 711 1085; x_wconf 90' lang='lat' dir='ltr'><strong><em>suos</em></strong></span> <span class='ocrx_word' id='word_1_74' title='bbox 738 1032 1031 1100; x_wconf 86' lang='lat' dir='ltr'><strong><em>prophetico</em></strong></span> <span class='ocrx_word' id='word_1_75' title='bbox 1058 1032 1242 1100; x_wconf 75' lang='lat' dir='ltr'><strong><em>spiritu</em></strong></span> <span class='ocrx_word' id='word_1_76' title='bbox 1263 1032 1556 1101; x_wconf 63' lang='lat' dir='ltr'><strong><em>patriarcha</em></strong></span> <span class='ocrx_word' id='word_1_77' title='bbox 1596 1032 1648 1084; x_wconf 90' lang='lat' dir='ltr'><strong><em>in</em></strong></span> <span class='ocrx_word' id='word_1_78' title='bbox 1674 1034 1903 1085; x_wconf 57' lang='lat' dir='ltr'><strong><em>caecitate</em></strong></span> <span class='ocrx_word' id='word_1_79' title='bbox 1926 1049 2045 1087; x_wconf 88' lang='lat' dir='ltr'><strong><em>cor-</em></strong></span> 
     </span>
    </p>
   </div>
   <div class='ocr_carea' id='block_1_10' title="bbox 474 1122 2045 1195">
    <p class='ocr_par' dir='ltr' id='par_1_10' title="bbox 474 1122 2045 1195">
     <span class='ocr_line' id='line_1_10' title="bbox 474 1122 2045 1195; baseline 0.003 -20"><span class='ocrx_word' id='word_1_80' title='bbox 474 1124 614 1193; x_wconf 86' lang='lat' dir='ltr'><strong><em>poris</em></strong></span> <span class='ocrx_word' id='word_1_81' title='bbox 642 1122 919 1178; x_wconf 89' lang='lat' dir='ltr'><strong><em>luminatus</em></strong></span> <span class='ocrx_word' id='word_1_82' title='bbox 941 1124 1235 1192; x_wconf 79' lang='lat' dir='ltr'><strong><em>alloquitur,</em></strong></span> <span class='ocrx_word' id='word_1_83' title='bbox 1266 1138 1463 1191; x_wconf 74' lang='lat' dir='ltr'><strong><em>expone</em></strong></span> <span class='ocrx_word' id='word_1_84' title='bbox 1490 1124 1613 1177; x_wconf 88' lang='lat' dir='ltr'><strong><em>mihi</em></strong></span> <span class='ocrx_word' id='word_1_85' title='bbox 1661 1126 1906 1194; x_wconf 86' lang='lat' dir='ltr'><strong><em>rescripto</em></strong></span> <span class='ocrx_word' id='word_1_86' title='bbox 1934 1143 2045 1195; x_wconf 81' lang='lat' dir='ltr'><strong><em>my-</em></strong></span> 
     </span>
    </p>
   </div>
   <div class='ocr_carea' id='block_1_11' title="bbox 472 1212 2044 1283">
    <p class='ocr_par' dir='ltr' id='par_1_11' title="bbox 472 1212 2044 1283">
     <span class='ocr_line' id='line_1_11' title="bbox 472 1212 2044 1283; baseline 0.002 -17"><span class='ocrx_word' id='word_1_87' title='bbox 472 1213 634 1267; x_wconf 90' lang='lat' dir='ltr'><strong><em>steria</em></strong></span> <span class='ocrx_word' id='word_1_88' title='bbox 661 1214 823 1282; x_wconf 85' lang='lat' dir='ltr'><strong><em>regni,</em></strong></span> <span class='ocrx_word' id='word_1_89' title='bbox 847 1220 951 1267; x_wconf 90' lang='lat' dir='ltr'><strong><em>etc.</em></strong></span> <span class='ocrx_word' id='word_1_90' title='bbox 984 1212 1233 1279; x_wconf 89' lang='lat' dir='ltr'><strong><em>Ejusdem</em></strong></span> <span class='ocrx_word' id='word_1_91' title='bbox 1274 1214 1375 1268; x_wconf 93' lang='lat' dir='ltr'><strong><em>loci</em></strong></span> <span class='ocrx_word' id='word_1_92' title='bbox 1431 1215 1843 1282; x_wconf 68' lang='lat' dir='ltr'><strong><em>erplicationem</em></strong></span> <span class='ocrx_word' id='word_1_93' title='bbox 1885 1216 2044 1283; x_wconf 89' lang='lat' dir='ltr'><strong><em>paulo</em></strong></span> 
     </span>
    </p>
   </div>
   <div class='ocr_carea' id='block_1_12' title="bbox 471 1300 2046 1372">
    <p class='ocr_par' dir='ltr' id='par_1_12' title="bbox 471 1300 2046 1372">
     <span class='ocr_line' id='line_1_12' title="bbox 471 1300 2046 1372; baseline 0.001 -17"><span class='ocrx_word' id='word_1_94' title='bbox 471 1308 596 1370; x_wconf 87' lang='lat' dir='ltr'><strong><em>post</em></strong></span> <span class='ocrx_word' id='word_1_95' title='bbox 617 1316 647 1354; x_wconf 88' lang='lat' dir='ltr'><strong><em>a</em></strong></span> <span class='ocrx_word' id='word_1_96' title='bbox 680 1300 891 1355; x_wconf 76' lang='lat' dir='ltr'><strong><em>Rulﬁno</em></strong></span> <span class='ocrx_word' id='word_1_97' title='bbox 922 1301 1229 1369; x_wconf 75' lang='lat' dir='ltr'><strong><em>postulavit,</em></strong></span> <span class='ocrx_word' id='word_1_98' title='bbox 1256 1310 1311 1353; x_wconf 92' lang='lat' dir='ltr'><strong><em>ut</em></strong></span> <span class='ocrx_word' id='word_1_99' title='bbox 1337 1310 1382 1354; x_wconf 90' lang='lat' dir='ltr'><strong><em>te</em></strong></span> <span class='ocrx_word' id='word_1_100' title='bbox 1410 1318 1613 1371; x_wconf 77' lang='lat' dir='ltr'><strong><em>magna:</em></strong></span> <span class='ocrx_word' id='word_1_101' title='bbox 1642 1303 1840 1372; x_wconf 68' lang='lat' dir='ltr'><strong><em>gratiae,</em></strong></span> <span class='ocrx_word' id='word_1_102' title='bbox 1875 1304 2046 1371; x_wconf 81' lang='lat' dir='ltr'><strong><em>inquit</em></strong></span> 
     </span>
    </p>
   </div>
   <div class='ocr_carea' id='block_1_13' title="bbox 471 1391 2044 1463">
    <p class='ocr_par' dir='ltr' id='par_1_13' title="bbox 471 1391 2044 1463">
     <span class='ocr_line' id='line_1_13' title="bbox 471 1391 2044 1463; baseline 0.001 -17"><span class='ocrx_word' id='word_1_103' title='bbox 471 1393 543 1455; x_wconf 87' lang='lat' dir='ltr'><strong><em>ei,</em></strong></span> <span class='ocrx_word' id='word_1_104' title='bbox 566 1410 627 1445; x_wconf 91' lang='lat' dir='ltr'><strong><em>ac</em></strong></span> <span class='ocrx_word' id='word_1_105' title='bbox 655 1393 823 1445; x_wconf 73' lang='lat' dir='ltr'><strong><em>laudis</em></strong></span> <span class='ocrx_word' id='word_1_106' title='bbox 845 1401 1102 1446; x_wconf 86' lang='lat' dir='ltr'><strong><em>auctorem</em></strong></span> <span class='ocrx_word' id='word_1_107' title='bbox 1128 1391 1363 1457; x_wconf 82' lang='lat' dir='ltr'><strong><em>habeam,</em></strong></span> <span class='ocrx_word' id='word_1_108' title='bbox 1395 1392 1442 1446; x_wconf 91' lang='lat' dir='ltr'><strong><em>si</em></strong></span> <span class='ocrx_word' id='word_1_109' title='bbox 1469 1393 1546 1446; x_wconf 82' lang='lat' dir='ltr'><strong><em>Itis</em></strong></span> <span class='ocrx_word' id='word_1_110' title='bbox 1574 1395 1659 1461; x_wconf 90' lang='lat' dir='ltr'><strong><em>qui</em></strong></span> <span class='ocrx_word' id='word_1_111' title='bbox 1688 1392 1751 1445; x_wconf 89' lang='lat' dir='ltr'><strong><em>de</em></strong></span> <span class='ocrx_word' id='word_1_112' title='bbox 1779 1411 1859 1447; x_wconf 93' lang='lat' dir='ltr'><strong><em>me</em></strong></span> <span class='ocrx_word' id='word_1_113' title='bbox 1887 1411 2044 1463; x_wconf 87' lang='lat' dir='ltr'><strong><em>supra</em></strong></span> 
     </span>
    </p>
   </div>
   <div class='ocr_carea' id='block_1_14' title="bbox 470 1483 2045 1556">
    <p class='ocr_par' dir='ltr' id='par_1_14' title="bbox 470 1483 2045 1556">
     <span class='ocr_line' id='line_1_14' title="bbox 470 1483 2045 1556; baseline 0.002 -20"><span class='ocrx_word' id='word_1_114' title='bbox 470 1499 551 1536; x_wconf 90' lang='lat' dir='ltr'><strong><em>me</em></strong></span> <span class='ocrx_word' id='word_1_115' title='bbox 578 1484 847 1552; x_wconf 87' lang='lat' dir='ltr'><strong><em>apinantes</em></strong></span> <span class='ocrx_word' id='word_1_116' title='bbox 869 1483 1235 1537; x_wconf 89' lang='lat' dir='ltr'><strong><em>consulendum</em></strong></span> <span class='ocrx_word' id='word_1_117' title='bbox 1262 1500 1342 1537; x_wconf 91' lang='lat' dir='ltr'><strong><em>me</em></strong></span> <span class='ocrx_word' id='word_1_118' title='bbox 1372 1492 1696 1556; x_wconf 87' lang='lat' dir='ltr'><strong><em>putaverunt,</em></strong></span> <span class='ocrx_word' id='word_1_119' title='bbox 1738 1483 1910 1537; x_wconf 85' lang='lat' dir='ltr'><strong><em>divina</em></strong></span> <span class='ocrx_word' id='word_1_120' title='bbox 1948 1502 2045 1554; x_wconf 87' lang='lat' dir='ltr'><strong><em>po-</em></strong></span> 
     </span>
    </p>
   </div>
   <div class='ocr_carea' id='block_1_15' title="bbox 469 1574 2045 1647">
    <p class='ocr_par' dir='ltr' id='par_1_15' title="bbox 469 1574 2045 1647">
     <span class='ocr_line' id='line_1_15' title="bbox 469 1574 2045 1647; baseline 0.003 -21"><span class='ocrx_word' id='word_1_121' title='bbox 469 1574 570 1627; x_wconf 88' lang='lat' dir='ltr'><strong><em>tius</em></strong></span> <span class='ocrx_word' id='word_1_122' title='bbox 599 1574 662 1627; x_wconf 89' lang='lat' dir='ltr'><strong><em>de</em></strong></span> <span class='ocrx_word' id='word_1_123' title='bbox 687 1582 770 1628; x_wconf 91' lang='lat' dir='ltr'><strong><em>tuo</em></strong></span> <span class='ocrx_word' id='word_1_124' title='bbox 799 1576 983 1643; x_wconf 83' lang='lat' dir='ltr'><strong><em>spiritu</em></strong></span> <span class='ocrx_word' id='word_1_125' title='bbox 1011 1592 1161 1647; x_wconf 89' lang='lat' dir='ltr'><strong><em>quam</em></strong></span> <span class='ocrx_word' id='word_1_126' title='bbox 1185 1575 1248 1629; x_wconf 88' lang='lat' dir='ltr'><strong><em>de</em></strong></span> <span class='ocrx_word' id='word_1_127' title='bbox 1276 1592 1385 1629; x_wconf 89' lang='lat' dir='ltr'><strong><em>meo</em></strong></span> <span class='ocrx_word' id='word_1_128' title='bbox 1414 1593 1565 1629; x_wconf 88' lang='lat' dir='ltr'><strong><em>sensu</em></strong></span> <span class='ocrx_word' id='word_1_129' title='bbox 1591 1578 1785 1646; x_wconf 89' lang='lat' dir='ltr'><strong><em>inepta,</em></strong></span> <span class='ocrx_word' id='word_1_130' title='bbox 1834 1594 2045 1647; x_wconf 86' lang='lat' dir='ltr'><strong><em>respon-</em></strong></span> 
     </span>
    </p>
   </div>
   <div class='ocr_carea' id='block_1_16' title="bbox 470 1664 2041 1733">
    <p class='ocr_par' dir='ltr' id='par_1_16' title="bbox 470 1664 2041 1733">
     <span class='ocr_line' id='line_1_16' title="bbox 470 1664 2041 1733; baseline 0.004 -17"><span class='ocrx_word' id='word_1_131' title='bbox 470 1664 640 1717; x_wconf 86' lang='lat' dir='ltr'><strong><em>deam.</em></strong></span> <span class='ocrx_word' id='word_1_132' title='bbox 693 1664 824 1719; x_wconf 90' lang='lat' dir='ltr'><strong><em>Cum</em></strong></span> <span class='ocrx_word' id='word_1_133' title='bbox 882 1665 935 1718; x_wconf 91' lang='lat' dir='ltr'><strong><em>in</em></strong></span> <span class='ocrx_word' id='word_1_134' title='bbox 989 1665 1223 1733; x_wconf 90' lang='lat' dir='ltr'><strong><em>quodam</em></strong></span> <span class='ocrx_word' id='word_1_135' title='bbox 1262 1666 1500 1720; x_wconf 85' lang='lat' dir='ltr'><strong><em>carmine</em></strong></span> <span class='ocrx_word' id='word_1_136' title='bbox 1546 1668 1714 1720; x_wconf 87' lang='lat' dir='ltr'><strong><em>multa</em></strong></span> <span class='ocrx_word' id='word_1_137' title='bbox 1740 1667 1808 1720; x_wconf 90' lang='lat' dir='ltr'><strong><em>de</em></strong></span> <span class='ocrx_word' id='word_1_138' title='bbox 1847 1668 2041 1722; x_wconf 84' lang='lat' dir='ltr'><strong><em>Christi</em></strong></span> 
     </span>
    </p>
   </div>
   <div class='ocr_carea' id='block_1_17' title="bbox 2147 487 3727 569">
    <p class='ocr_par' dir='ltr' id='par_1_17' title="bbox 2147 487 3727 569">
     <span class='ocr_line' id='line_1_17' title="bbox 2147 487 3727 569; baseline 0.013 -30"><span class='ocrx_word' id='word_1_139' title='bbox 2147 487 2295 540; x_wconf 88' lang='lat' dir='ltr'><strong><em>nobis</em></strong></span> <span class='ocrx_word' id='word_1_140' title='bbox 2314 491 2462 558; x_wconf 68' lang='lat' dir='ltr'><strong><em>efﬁcit</em></strong></span> <span class='ocrx_word' id='word_1_141' title='bbox 2477 501 2709 557; x_wconf 91' lang='lat' dir='ltr'><strong><em>mortem,</em></strong></span> <span class='ocrx_word' id='word_1_142' title='bbox 2726 495 2828 546; x_wconf 89' lang='lat' dir='ltr'><strong><em>nisi</em></strong></span> <span class='ocrx_word' id='word_1_143' title='bbox 2856 498 3045 551; x_wconf 89' lang='lat' dir='ltr'><strong><em>caritas</em></strong></span> <span class='ocrx_word' id='word_1_144' title='bbox 3065 515 3179 568; x_wconf 71' lang='lat' dir='ltr'><strong><em>qua!</em></strong></span> <span class='ocrx_word' id='word_1_145' title='bbox 3199 502 3349 569; x_wconf 79' lang='lat' dir='ltr'><strong><em>fortis</em></strong></span> <span class='ocrx_word' id='word_1_146' title='bbox 3374 512 3451 554; x_wconf 86' lang='lat' dir='ltr'><strong><em>est</em></strong></span> <span class='ocrx_word' id='word_1_147' title='bbox 3473 514 3530 556; x_wconf 89' lang='lat' dir='ltr'><strong><em>ut</em></strong></span> <span class='ocrx_word' id='word_1_148' title='bbox 3549 522 3688 559; x_wconf 89' lang='lat' dir='ltr'><strong><em>mors</em></strong></span> <span class='ocrx_word' id='word_1_149' title='bbox 3706 508 3727 560; x_wconf 80' lang='lat'><strong><em>.’</em></strong></span> 
     </span>
    </p>
   </div>
   <div class='ocr_carea' id='block_1_18' title="bbox 2147 575 3728 655">
    <p class='ocr_par' dir='ltr' id='par_1_18' title="bbox 2147 575 3728 655">
     <span class='ocr_line' id='line_1_18' title="bbox 2147 575 3728 655; baseline 0.013 -27"><span class='ocrx_word' id='word_1_150' title='bbox 2147 575 2239 628; x_wconf 84' lang='lat' dir='ltr'><strong><em>Sic</em></strong></span> <span class='ocrx_word' id='word_1_151' title='bbox 2264 578 2402 629; x_wconf 87' lang='lat' dir='ltr'><strong><em>enim</em></strong></span> <span class='ocrx_word' id='word_1_152' title='bbox 2430 577 2665 632; x_wconf 86' lang='lat' dir='ltr'><strong><em>obliterat</em></strong></span> <span class='ocrx_word' id='word_1_153' title='bbox 2693 583 2839 637; x_wconf 89' lang='lat' dir='ltr'><strong><em>nobis</em></strong></span> <span class='ocrx_word' id='word_1_154' title='bbox 2867 592 2916 636; x_wconf 87' lang='lat' dir='ltr'><strong><em>et</em></strong></span> <span class='ocrx_word' id='word_1_155' title='bbox 2943 588 3148 653; x_wconf 85' lang='lat' dir='ltr'><strong><em>perimit</em></strong></span> <span class='ocrx_word' id='word_1_156' title='bbox 3166 588 3262 641; x_wconf 89' lang='lat' dir='ltr'><strong><em>hoc</em></strong></span> <span class='ocrx_word' id='word_1_157' title='bbox 3287 591 3531 655; x_wconf 88' lang='lat' dir='ltr'><strong><em>seculum,</em></strong></span> <span class='ocrx_word' id='word_1_158' title='bbox 3562 605 3618 646; x_wconf 89' lang='lat' dir='ltr'><strong><em>ut</em></strong></span> <span class='ocrx_word' id='word_1_159' title='bbox 3639 596 3728 648; x_wconf 88' lang='lat' dir='ltr'><strong><em>im-</em></strong></span> 
     </span>
    </p>
   </div>
   <div class='ocr_carea' id='block_1_19' title="bbox 2144 666 3726 755">
    <p class='ocr_par' dir='ltr' id='par_1_19' title="bbox 2144 666 3726 755">
     <span class='ocr_line' id='line_1_19' title="bbox 2144 666 3726 755; baseline 0.014 -38"><span class='ocrx_word' id='word_1_160' title='bbox 2144 666 2282 733; x_wconf 90' lang='lat' dir='ltr'><strong><em>pleat</em></strong></span> <span class='ocrx_word' id='word_1_161' title='bbox 2326 670 2506 722; x_wconf 89' lang='lat' dir='ltr'><strong><em>mortis</em></strong></span> <span class='ocrx_word' id='word_1_162' title='bbox 2555 670 2791 738; x_wconf 73' lang='lat' dir='ltr'><strong><em>eﬂ’cctum</em></strong></span> <span class='ocrx_word' id='word_1_163' title='bbox 2836 690 2929 741; x_wconf 89' lang='lat' dir='ltr'><strong><em>per</em></strong></span> <span class='ocrx_word' id='word_1_164' title='bbox 2979 676 3214 742; x_wconf 73' lang='lat' dir='ltr'><strong><em>effectum</em></strong></span> <span class='ocrx_word' id='word_1_165' title='bbox 3243 678 3465 745; x_wconf 79' lang='lat' dir='ltr'><strong><em>Christi;</em></strong></span> <span class='ocrx_word' id='word_1_166' title='bbox 3494 685 3549 736; x_wconf 92' lang='lat' dir='ltr'><strong><em>in</em></strong></span> <span class='ocrx_word' id='word_1_167' title='bbox 3578 702 3726 755; x_wconf 83' lang='lat' dir='ltr'><strong><em>quem</em></strong></span> 
     </span>
    </p>
   </div>
   <div class='ocr_carea' id='block_1_20' title="bbox 2144 759 3726 829">
    <p class='ocr_par' dir='ltr' id='par_1_20' title="bbox 2144 759 3726 829">
     <span class='ocr_line' id='line_1_20' title="bbox 2144 759 3726 829; baseline 0.014 -22"><span class='ocrx_word' id='word_1_168' title='bbox 2144 759 2395 822; x_wconf 79' lang='lat' dir='ltr'><strong><em>conversi,</em></strong></span> <span class='ocrx_word' id='word_1_169' title='bbox 2445 761 2719 813; x_wconf 80' lang='lat' dir='ltr'><strong><em>avertimur</em></strong></span> <span class='ocrx_word' id='word_1_170' title='bbox 2745 760 2809 813; x_wconf 93' lang='lat' dir='ltr'><strong><em>ab</em></strong></span> <span class='ocrx_word' id='word_1_171' title='bbox 2839 763 2932 817; x_wconf 82' lang='lat' dir='ltr'><strong><em>hoc</em></strong></span> <span class='ocrx_word' id='word_1_172' title='bbox 2954 766 3160 826; x_wconf 87' lang='lat' dir='ltr'><strong><em>mundo,</em></strong></span> <span class='ocrx_word' id='word_1_173' title='bbox 3190 776 3238 818; x_wconf 89' lang='lat' dir='ltr'><strong><em>et</em></strong></span> <span class='ocrx_word' id='word_1_174' title='bbox 3264 770 3346 821; x_wconf 91' lang='lat' dir='ltr'><strong><em>cui</em></strong></span> <span class='ocrx_word' id='word_1_175' title='bbox 3369 770 3587 826; x_wconf 79' lang='lat' dir='ltr'><strong><em>virentes</em></strong></span> <span class='ocrx_word' id='word_1_176' title='bbox 3615 791 3726 829; x_wconf 84' lang='lat' dir='ltr'><strong><em>mo-</em></strong></span> 
     </span>
    </p>
   </div>
   <div class='ocr_carea' id='block_1_21' title="bbox 2142 848 3725 932">
    <p class='ocr_par' dir='ltr' id='par_1_21' title="bbox 2142 848 3725 932">
     <span class='ocr_line' id='line_1_21' title="bbox 2142 848 3725 932; baseline 0.013 -34"><span class='ocrx_word' id='word_1_177' title='bbox 2142 848 2306 900; x_wconf 87' lang='lat' dir='ltr'><strong><em>rimur</em></strong></span> <span class='ocrx_word' id='word_1_178' title='bbox 2327 848 2391 900; x_wconf 88' lang='lat' dir='ltr'><strong><em>ab</em></strong></span> <span class='ocrx_word' id='word_1_179' title='bbox 2409 850 2669 905; x_wconf 88' lang='lat' dir='ltr'><strong><em>elementis</em></strong></span> <span class='ocrx_word' id='word_1_180' title='bbox 2692 854 2844 923; x_wconf 85' lang='lat' dir='ltr'><strong><em>hujus</em></strong></span> <span class='ocrx_word' id='word_1_181' title='bbox 2866 856 3061 909; x_wconf 87' lang='lat' dir='ltr'><strong><em>mundi.</em></strong></span> <span class='ocrx_word' id='word_1_182' title='bbox 3090 855 3203 910; x_wconf 87' lang='lat' dir='ltr'><strong><em>Nec</em></strong></span> <span class='ocrx_word' id='word_1_183' title='bbox 3227 868 3486 932; x_wconf 85' lang='lat' dir='ltr'><strong><em>tamquam</em></strong></span> <span class='ocrx_word' id='word_1_184' title='bbox 3508 866 3725 920; x_wconf 68' lang='lat' dir='ltr'><strong><em>nitentes</em></strong></span> 
     </span>
    </p>
   </div>
   <div class='ocr_carea' id='block_1_22' title="bbox 2142 938 3724 1024">
    <p class='ocr_par' dir='ltr' id='par_1_22' title="bbox 2142 938 3724 1024">
     <span class='ocr_line' id='line_1_22' title="bbox 2142 938 3724 1024; baseline 0.014 -36"><span class='ocrx_word' id='word_1_185' title='bbox 2142 938 2197 989; x_wconf 91' lang='lat' dir='ltr'><strong><em>in</em></strong></span> <span class='ocrx_word' id='word_1_186' title='bbox 2225 954 2397 991; x_wconf 87' lang='lat' dir='ltr'><strong><em>eorum</em></strong></span> <span class='ocrx_word' id='word_1_187' title='bbox 2422 949 2692 1009; x_wconf 85' lang='lat' dir='ltr'><strong><em>conspectu</em></strong></span> <span class='ocrx_word' id='word_1_188' title='bbox 2738 945 2945 1015; x_wconf 65' lang='lat' dir='ltr'><strong><em>visuQue</em></strong></span> <span class='ocrx_word' id='word_1_189' title='bbox 2991 946 3326 1015; x_wconf 83' lang='lat' dir='ltr'><strong><em>decernimus,</em></strong></span> <span class='ocrx_word' id='word_1_190' title='bbox 3383 955 3505 1022; x_wconf 83' lang='lat' dir='ltr'><strong><em>quia</em></strong></span> <span class='ocrx_word' id='word_1_191' title='bbox 3555 959 3724 1024; x_wconf 88' lang='lat' dir='ltr'><strong><em>portio</em></strong></span> 
     </span>
    </p>
   </div>
   <div class='ocr_carea' id='block_1_23' title="bbox 2142 1030 3724 1107">
    <p class='ocr_par' dir='ltr' id='par_1_23' title="bbox 2142 1030 3724 1107">
     <span class='ocr_line' id='line_1_23' title="bbox 2142 1030 3724 1107; baseline 0.013 -26"><span class='ocrx_word' id='word_1_192' title='bbox 2142 1039 2321 1083; x_wconf 88' lang='lat' dir='ltr'><strong><em>nostra</em></strong></span> <span class='ocrx_word' id='word_1_193' title='bbox 2349 1047 2485 1085; x_wconf 88' lang='lat' dir='ltr'><strong><em>mors</em></strong></span> <span class='ocrx_word' id='word_1_194' title='bbox 2515 1030 2705 1086; x_wconf 84' lang='lat' dir='ltr'><strong><em>Christi</em></strong></span> <span class='ocrx_word' id='word_1_195' title='bbox 2731 1039 2987 1107; x_wconf 83' lang='lat' dir='ltr'><strong><em>est,cujus</em></strong></span> <span class='ocrx_word' id='word_1_196' title='bbox 3008 1056 3040 1091; x_wconf 92' lang='lat' dir='ltr'><strong><em>a</em></strong></span> <span class='ocrx_word' id='word_1_197' title='bbox 3060 1043 3273 1094; x_wconf 87' lang='lat' dir='ltr'><strong><em>mortuis</em></strong></span> <span class='ocrx_word' id='word_1_198' title='bbox 3304 1047 3724 1101; x_wconf 85' lang='lat' dir='ltr'><strong><em>resurrectionem</em></strong></span> 
     </span>
    </p>
   </div>
   <div class='ocr_carea' id='block_1_24' title="bbox 2142 1120 3723 1204">
    <p class='ocr_par' dir='ltr' id='par_1_24' title="bbox 2142 1120 3723 1204">
     <span class='ocr_line' id='line_1_24' title="bbox 2142 1120 3723 1204; baseline 0.013 -35"><span class='ocrx_word' id='word_1_199' title='bbox 2142 1134 2247 1171; x_wconf 87' lang='lat' dir='ltr'><strong><em>non</em></strong></span> <span class='ocrx_word' id='word_1_200' title='bbox 2294 1120 2728 1188; x_wconf 87' lang='lat' dir='ltr'><strong><em>apprehendimus</em></strong></span> <span class='ocrx_word' id='word_1_201' title='bbox 2773 1126 2826 1177; x_wconf 87' lang='lat' dir='ltr'><strong><em>in</em></strong></span> <span class='ocrx_word' id='word_1_202' title='bbox 2878 1126 3067 1194; x_wconf 86' lang='lat' dir='ltr'><strong><em>gloria,</em></strong></span> <span class='ocrx_word' id='word_1_203' title='bbox 3125 1131 3225 1182; x_wconf 89' lang='lat' dir='ltr'><strong><em>nisi</em></strong></span> <span class='ocrx_word' id='word_1_204' title='bbox 3272 1140 3486 1185; x_wconf 90' lang='lat' dir='ltr'><strong><em>mortem</em></strong></span> <span class='ocrx_word' id='word_1_205' title='bbox 3527 1135 3639 1204; x_wconf 86' lang='lat' dir='ltr'><strong><em>ejus</em></strong></span> <span class='ocrx_word' id='word_1_206' title='bbox 3667 1138 3723 1190; x_wconf 91' lang='lat' dir='ltr'><strong><em>in</em></strong></span> 
     </span>
    </p>
   </div>
   <div class='ocr_carea' id='block_1_25' title="bbox 2142 1210 3719 1289">
    <p class='ocr_par' dir='ltr' id='par_1_25' title="bbox 2142 1210 3719 1289">
     <span class='ocr_line' id='line_1_25' title="bbox 2142 1210 3719 1289; baseline 0.013 -32"><span class='ocrx_word' id='word_1_207' title='bbox 2142 1221 2292 1260; x_wconf 81' lang='lat' dir='ltr'><strong><em>cruce</em></strong></span> <span class='ocrx_word' id='word_1_208' title='bbox 2318 1210 2645 1278; x_wconf 81' lang='lat' dir='ltr'><strong><em>mortiﬁcatis</em></strong></span> <span class='ocrx_word' id='word_1_209' title='bbox 2665 1212 2903 1268; x_wconf 86' lang='lat' dir='ltr'><strong><em>membris</em></strong></span> <span class='ocrx_word' id='word_1_210' title='bbox 2925 1224 2974 1267; x_wconf 89' lang='lat' dir='ltr'><strong><em>et</em></strong></span> <span class='ocrx_word' id='word_1_211' title='bbox 2996 1216 3228 1270; x_wconf 87' lang='lat' dir='ltr'><strong><em>sensibus</em></strong></span> <span class='ocrx_word' id='word_1_212' title='bbox 3249 1222 3420 1273; x_wconf 90' lang='lat' dir='ltr'><strong><em>carnis</em></strong></span> <span class='ocrx_word' id='word_1_213' title='bbox 3441 1223 3719 1289; x_wconf 85' lang='lat' dir='ltr'><strong><em>imitemur,</em></strong></span> 
     </span>
    </p>
   </div>
   <div class='ocr_carea' id='block_1_26' title="bbox 2142 1297 3724 1386">
    <p class='ocr_par' dir='ltr' id='par_1_26' title="bbox 2142 1297 3724 1386">
     <span class='ocr_line' id='line_1_26' title="bbox 2142 1297 3724 1386; baseline 0.016 -39"><span class='ocrx_word' id='word_1_214' title='bbox 2142 1306 2198 1348; x_wconf 94' lang='lat' dir='ltr'><strong><em>ut</em></strong></span> <span class='ocrx_word' id='word_1_215' title='bbox 2216 1297 2331 1366; x_wconf 88' lang='lat' dir='ltr'><strong><em>jam</em></strong></span> <span class='ocrx_word' id='word_1_216' title='bbox 2358 1316 2462 1353; x_wconf 91' lang='lat' dir='ltr'><strong><em>non</em></strong></span> <span class='ocrx_word' id='word_1_217' title='bbox 2487 1312 2663 1355; x_wconf 87' lang='lat' dir='ltr'><strong><em>nostra</em></strong></span> <span class='ocrx_word' id='word_1_218' title='bbox 2690 1308 2949 1359; x_wconf 80' lang='lat' dir='ltr'><strong><em>voluntate</em></strong></span> <span class='ocrx_word' id='word_1_219' title='bbox 2988 1308 3233 1373; x_wconf 89' lang='lat' dir='ltr'><strong><em>vivamus,</em></strong></span> <span class='ocrx_word' id='word_1_220' title='bbox 3278 1312 3369 1364; x_wconf 80' lang='lat' dir='ltr'><strong><em>sed</em></strong></span> <span class='ocrx_word' id='word_1_221' title='bbox 3413 1312 3550 1368; x_wconf 90' lang='lat' dir='ltr'><strong><em>illius</em></strong></span> <span class='ocrx_word' id='word_1_222' title='bbox 3575 1317 3724 1386; x_wconf 82' lang='lat' dir='ltr'><strong><em>cujus</em></strong></span> 
     </span>
    </p>
   </div>
   <div class='ocr_carea' id='block_1_27' title="bbox 2142 1386 3725 1469">
    <p class='ocr_par' dir='ltr' id='par_1_27' title="bbox 2142 1386 3725 1469">
     <span class='ocr_line' id='line_1_27' title="bbox 2142 1386 3725 1469; baseline 0.015 -31"><span class='ocrx_word' id='word_1_223' title='bbox 2142 1386 2375 1442; x_wconf 88' lang='lat' dir='ltr'><strong><em>voluntas</em></strong></span> <span class='ocrx_word' id='word_1_224' title='bbox 2429 1393 2772 1463; x_wconf 82' lang='lat' dir='ltr'><strong><em>sanctiﬁcatio</em></strong></span> <span class='ocrx_word' id='word_1_225' title='bbox 2820 1404 2999 1448; x_wconf 90' lang='lat' dir='ltr'><strong><em>nostra</em></strong></span> <span class='ocrx_word' id='word_1_226' title='bbox 3041 1408 3133 1452; x_wconf 86' lang='lat' dir='ltr'><strong><em>est.</em></strong></span> <span class='ocrx_word' id='word_1_227' title='bbox 3165 1397 3220 1452; x_wconf 91' lang='lat' dir='ltr'><strong><em>S.</em></strong></span> <span class='ocrx_word' id='word_1_228' title='bbox 3255 1399 3619 1469; x_wconf 70' lang='lat' dir='ltr'><strong><em>Augustinus‘</em></strong></span> <span class='ocrx_word' id='word_1_229' title='bbox 3656 1406 3725 1461; x_wconf 87' lang='lat' dir='ltr'><strong><em>ad</em></strong></span> 
     </span>
    </p>
   </div>
   <div class='ocr_carea' id='block_1_28' title="bbox 2145 1482 3725 1551">
    <p class='ocr_par' dir='ltr' id='par_1_28' title="bbox 2145 1482 3725 1551">
     <span class='ocr_line' id='line_1_28' title="bbox 2145 1482 3725 1551; baseline 0.013 -20"><span class='ocrx_word' id='word_1_230' title='bbox 2145 1491 2361 1532; x_wconf 90' lang='lat' dir='ltr'><strong><em>sensum</em></strong></span> <span class='ocrx_word' id='word_1_231' title='bbox 2384 1482 2762 1538; x_wconf 86' lang='lat' dir='ltr'><strong><em>modestissimi</em></strong></span> <span class='ocrx_word' id='word_1_232' title='bbox 2795 1486 2890 1539; x_wconf 90' lang='lat' dir='ltr'><strong><em>viri</em></strong></span> <span class='ocrx_word' id='word_1_233' title='bbox 2919 1502 2977 1540; x_wconf 87' lang='lat' dir='ltr'><strong><em>se</em></strong></span> <span class='ocrx_word' id='word_1_234' title='bbox 3002 1492 3445 1546; x_wconf 79' lang='lat' dir='ltr'><strong><em>accommodavit.</em></strong></span> <span class='ocrx_word' id='word_1_235' title='bbox 3497 1496 3578 1549; x_wconf 83' lang='lat' dir='ltr'><strong><em>Ab</em></strong></span> <span class='ocrx_word' id='word_1_236' title='bbox 3609 1497 3725 1551; x_wconf 82' lang='lat' dir='ltr'><strong><em>Ale-</em></strong></span> 
     </span>
    </p>
   </div>
   <div class='ocr_carea' id='block_1_29' title="bbox 2143 1569 3720 1646">
    <p class='ocr_par' dir='ltr' id='par_1_29' title="bbox 2143 1569 3720 1646">
     <span class='ocr_line' id='line_1_29' title="bbox 2143 1569 3720 1646; baseline 0.013 -24"><span class='ocrx_word' id='word_1_237' title='bbox 2143 1569 2257 1624; x_wconf 87' lang='lat' dir='ltr'><strong><em>thio</em></strong></span> <span class='ocrx_word' id='word_1_238' title='bbox 2279 1573 2551 1626; x_wconf 89' lang='lat' dir='ltr'><strong><em>consultus</em></strong></span> <span class='ocrx_word' id='word_1_239' title='bbox 2582 1572 2829 1631; x_wconf 87' lang='lat' dir='ltr'><strong><em>Paulinus</em></strong></span> <span class='ocrx_word' id='word_1_240' title='bbox 2857 1579 3131 1646; x_wconf 85' lang='lat' dir='ltr'><strong><em>respondit</em></strong></span> <span class='ocrx_word' id='word_1_241' title='bbox 3163 1581 3178 1631; x_wconf 81' lang='lat' dir='ltr'><strong><em>i</em></strong></span> <span class='ocrx_word' id='word_1_242' title='bbox 3216 1582 3269 1635; x_wconf 90' lang='lat' dir='ltr'><strong><em>in</em></strong></span> <span class='ocrx_word' id='word_1_243' title='bbox 3294 1583 3436 1639; x_wconf 89' lang='lat' dir='ltr'><strong><em>hunc</em></strong></span> <span class='ocrx_word' id='word_1_244' title='bbox 3462 1587 3678 1642; x_wconf 90' lang='lat' dir='ltr'><strong><em>modum</em></strong></span> <span class='ocrx_word' id='word_1_245' title='bbox 3707 1608 3720 1643; x_wconf 87' lang='lat'>:</span> 
     </span>
    </p>
   </div>
   <div class='ocr_carea' id='block_1_30' title="bbox 2144 1658 3726 1748">
    <p class='ocr_par' dir='ltr' id='par_1_30' title="bbox 2144 1658 3726 1748">
     <span class='ocr_line' id='line_1_30' title="bbox 2144 1658 3726 1748; baseline 0.013 -36"><span class='ocrx_word' id='word_1_246' title='bbox 2144 1658 2210 1712; x_wconf 88' lang='lat' dir='ltr'><strong><em>In</em></strong></span> <span class='ocrx_word' id='word_1_247' title='bbox 2239 1661 2303 1714; x_wconf 88' lang='lat' dir='ltr'><strong><em>iis</em></strong></span> <span class='ocrx_word' id='word_1_248' title='bbox 2323 1678 2436 1731; x_wconf 76' lang='lat' dir='ltr'><strong><em>qua:</em></strong></span> <span class='ocrx_word' id='word_1_249' title='bbox 2462 1664 2586 1717; x_wconf 87' lang='lat' dir='ltr'><strong><em>mihi</em></strong></span> <span class='ocrx_word' id='word_1_250' title='bbox 2616 1666 2933 1737; x_wconf 88' lang='lat' dir='ltr'><strong><em>injungenda</em></strong></span> <span class='ocrx_word' id='word_1_251' title='bbox 2962 1668 3100 1723; x_wconf 87' lang='lat' dir='ltr'><strong><em>dives</em></strong></span> <span class='ocrx_word' id='word_1_252' title='bbox 3122 1672 3310 1742; x_wconf 70' lang='lat' dir='ltr'><strong><em>inopiae</em></strong></span> <span class='ocrx_word' id='word_1_253' title='bbox 3326 1678 3609 1732; x_wconf 68' lang='lat' dir='ltr'><strong><em>aestimator</em></strong></span> <span class='ocrx_word' id='word_1_254' title='bbox 3627 1696 3726 1748; x_wconf 83' lang='lat' dir='ltr'><strong><em>pu-</em></strong></span> 
     </span>
    </p>
   </div>
   <div class='ocr_carea' id='block_1_31' title="bbox 468 1752 3723 1836">
    <p class='ocr_par' dir='ltr' id='par_1_31' title="bbox 468 1752 3723 1836">
     <span class='ocr_line' id='line_1_31' title="bbox 468 1752 3723 1836; baseline 0.005 -30"><span class='ocrx_word' id='word_1_255' title='bbox 468 1762 644 1808; x_wconf 88' lang='lat' dir='ltr'><strong><em>morte</em></strong></span> <span class='ocrx_word' id='word_1_256' title='bbox 669 1754 948 1821; x_wconf 79' lang='lat' dir='ltr'><strong><em>magniﬁco</em></strong></span> <span class='ocrx_word' id='word_1_257' title='bbox 969 1763 1025 1807; x_wconf 87' lang='lat' dir='ltr'><strong><em>et</em></strong></span> <span class='ocrx_word' id='word_1_258' title='bbox 1050 1755 1260 1809; x_wconf 86' lang='lat' dir='ltr'><strong><em>sublimi</em></strong></span> <span class='ocrx_word' id='word_1_259' title='bbox 1285 1755 1424 1825; x_wconf 85' lang='lat' dir='ltr'><strong><em>stylo</em></strong></span> <span class='ocrx_word' id='word_1_260' title='bbox 1450 1764 1749 1821; x_wconf 81' lang='lat' dir='ltr'><strong><em>tractasset,</em></strong></span> <span class='ocrx_word' id='word_1_261' title='bbox 1776 1771 1835 1811; x_wconf 88' lang='lat' dir='ltr'><strong><em>se</em></strong></span> <span class='ocrx_word' id='word_1_262' title='bbox 1861 1758 2038 1813; x_wconf 88' lang='lat' dir='ltr'><strong><em>statim</em></strong></span> <span class='ocrx_word' id='word_1_263' title='bbox 2076 1753 2116 1811; x_wconf 87' lang='grc' dir='ltr'><strong>Β</strong></span> <span class='ocrx_word' id='word_1_264' title='bbox 2142 1752 2283 1814; x_wconf 60' lang='lat' dir='ltr'><strong><em>tam.</em></strong></span> <span class='ocrx_word' id='word_1_265' title='bbox 2310 1763 2542 1807; x_wconf 61' lang='lat' dir='ltr'><strong><em>unctam</em></strong></span> <span class='ocrx_word' id='word_1_266' title='bbox 2569 1756 2772 1826; x_wconf 75' lang='lat' dir='ltr'><strong><em>quidem</em></strong></span> <span class='ocrx_word' id='word_1_267' title='bbox 2791 1759 3084 1828; x_wconf 70' lang='lat' dir='ltr'><strong><em>purissime</em></strong></span> <span class='ocrx_word' id='word_1_268' title='bbox 3104 1765 3335 1819; x_wconf 87' lang='lat' dir='ltr'><strong><em>caritatis</em></strong></span> <span class='ocrx_word' id='word_1_269' title='bbox 3363 1767 3605 1836; x_wconf 77' lang='lat' dir='ltr'><strong><em>fiduciam</em></strong></span> <span class='ocrx_word' id='word_1_270' title='bbox 3628 1771 3723 1822; x_wconf 89' lang='lat' dir='ltr'><strong><em>de-</em></strong></span> 
     </span>
    </p>
   </div>
   <div class='ocr_carea' id='block_1_32' title="bbox 467 1844 2049 1914">
    <p class='ocr_par' dir='ltr' id='par_1_32' title="bbox 467 1844 2049 1914">
     <span class='ocr_line' id='line_1_32' title="bbox 467 1844 2049 1914; baseline 0.004 -18"><span class='ocrx_word' id='word_1_271' title='bbox 467 1844 618 1911; x_wconf 87' lang='lat' dir='ltr'><strong><em>quasi</em></strong></span> <span class='ocrx_word' id='word_1_272' title='bbox 641 1854 666 1879; x_wconf 82' lang='grc' dir='ltr'>ἰ</span> <span class='ocrx_word' id='word_1_273' title='bbox 696 1845 1012 1899; x_wconf 80' lang='lat' dir='ltr'><strong><em>temeritatis</em></strong></span> <span class='ocrx_word' id='word_1_274' title='bbox 1033 1854 1088 1898; x_wconf 90' lang='lat' dir='ltr'><strong><em>et</em></strong></span> <span class='ocrx_word' id='word_1_275' title='bbox 1107 1845 1369 1912; x_wconf 68' lang='lat' dir='ltr'><strong><em>superbite</em></strong></span> <span class='ocrx_word' id='word_1_276' title='bbox 1387 1846 1662 1900; x_wconf 85' lang='lat' dir='ltr'><strong><em>conscium</em></strong></span> <span class='ocrx_word' id='word_1_277' title='bbox 1688 1847 1880 1914; x_wconf 79' lang='lat' dir='ltr'><strong><em>arguit,</em></strong></span> <span class='ocrx_word' id='word_1_278' title='bbox 1904 1862 1968 1903; x_wconf 91' lang='lat' dir='ltr'><strong><em>ac</em></strong></span> <span class='ocrx_word' id='word_1_279' title='bbox 1989 1864 2049 1903; x_wconf 89' lang='lat' dir='ltr'><strong><em>se</em></strong></span> 
     </span>
    </p>
   </div>
   <div class='ocr_carea' id='block_1_33' title="bbox 467 1932 2051 2005">
    <p class='ocr_par' dir='ltr' id='par_1_33' title="bbox 467 1932 2051 2005">
     <span class='ocr_line' id='line_1_33' title="bbox 467 1932 2051 2005; baseline 0.004 -18"><span class='ocrx_word' id='word_1_280' title='bbox 467 1932 495 1971; x_wconf 70' lang='grc' dir='ltr'>δ</span> <span class='ocrx_word' id='word_1_281' title='bbox 519 1936 812 2003; x_wconf 66' lang='lat' dir='ltr'><strong><em>praesentia:</em></strong></span> <span class='ocrx_word' id='word_1_282' title='bbox 838 1935 1035 1990; x_wconf 66' lang='lat' dir='ltr'><strong><em>Niceta:</em></strong></span> <span class='ocrx_word' id='word_1_283' title='bbox 1062 1936 1410 1990; x_wconf 81' lang='lat' dir='ltr'><strong><em>excusatione</em></strong></span> <span class='ocrx_word' id='word_1_284' title='bbox 1433 1935 1695 2001; x_wconf 87' lang='lat' dir='ltr'><strong><em>delendit,</em></strong></span> <span class='ocrx_word' id='word_1_285' title='bbox 1713 1953 1831 2005; x_wconf 73' lang='lat' dir='ltr'><strong><em>quae</em></strong></span> <span class='ocrx_word' id='word_1_286' title='bbox 1873 1939 2051 1993; x_wconf 90' lang='lat' dir='ltr'><strong><em>insoli-</em></strong></span> 
     </span>
    </p>
   </div>
   <div class='ocr_carea' id='block_1_34' title="bbox 466 2025 1865 2092">
    <p class='ocr_par' dir='ltr' id='par_1_34' title="bbox 466 2025 1865 2092">
     <span class='ocr_line' id='line_1_34' title="bbox 466 2025 1865 2092; baseline 0.001 -13"><span class='ocrx_word' id='word_1_287' title='bbox 466 2034 579 2080; x_wconf 87' lang='lat' dir='ltr'><strong><em>tum</em></strong></span> <span class='ocrx_word' id='word_1_288' title='bbox 607 2026 707 2080; x_wconf 88' lang='lat' dir='ltr'><strong><em>sibi</em></strong></span> <span class='ocrx_word' id='word_1_289' title='bbox 738 2026 879 2081; x_wconf 88' lang='lat' dir='ltr'><strong><em>hunc</em></strong></span> <span class='ocrx_word' id='word_1_290' title='bbox 903 2025 1234 2081; x_wconf 85' lang='lat' dir='ltr'><strong><em>incitavisset</em></strong></span> <span class='ocrx_word' id='word_1_291' title='bbox 1255 2025 1522 2092; x_wconf 88' lang='lat' dir='ltr'><strong><em>ardorem,</em></strong></span> <span class='ocrx_word' id='word_1_292' title='bbox 1551 2034 1606 2082; x_wconf 87' lang='lat' dir='ltr'><strong><em>et</em></strong></span> <span class='ocrx_word' id='word_1_293' title='bbox 1628 2027 1775 2081; x_wconf 83' lang='lat' dir='ltr'><strong><em>addit</em></strong></span> <span class='ocrx_word' id='word_1_294' title='bbox 1802 2040 1821 2061; x_wconf 65' lang='grc' dir='ltr'><em>ο</em></span> <span class='ocrx_word' id='word_1_295' title='bbox 1852 2046 1865 2081; x_wconf 90' lang='grc'>;</span> 
     </span>
    </p>
   </div>
   <div class='ocr_carea' id='block_1_35' title="bbox 586 2158 1951 2219">
    <p class='ocr_par' dir='ltr' id='par_1_35' title="bbox 586 2158 1951 2219">
     <span class='ocr_line' id='line_1_35' title="bbox 586 2158 1951 2219; baseline 0 -12"><span class='ocrx_word' id='word_1_296' title='bbox 586 2158 683 2207; x_wconf 78' lang='lat' dir='ltr'><strong><em>Sed</em></strong></span> <span class='ocrx_word' id='word_1_297' title='bbox 705 2161 973 2219; x_wconf 81' lang='lat' dir='ltr'><strong><em>reprimam</em></strong></span> <span class='ocrx_word' id='word_1_298' title='bbox 990 2159 1197 2207; x_wconf 85' lang='lat' dir='ltr'><strong><em>tumidos</em></strong></span> <span class='ocrx_word' id='word_1_299' title='bbox 1216 2160 1383 2219; x_wconf 79' lang='lat' dir='ltr'><strong><em>ﬂatus;</em></strong></span> <span class='ocrx_word' id='word_1_300' title='bbox 1406 2172 1498 2207; x_wconf 89' lang='lat' dir='ltr'><strong><em>nec</em></strong></span> <span class='ocrx_word' id='word_1_301' title='bbox 1512 2171 1685 2212; x_wconf 67' lang='lat' dir='ltr'><strong><em>manna</em></strong></span> <span class='ocrx_word' id='word_1_302' title='bbox 1705 2172 1854 2219; x_wconf 86' lang='lat' dir='ltr'><strong><em>super</em></strong></span> <span class='ocrx_word' id='word_1_303' title='bbox 1873 2173 1951 2207; x_wconf 83' lang='lat' dir='ltr'><strong><em>me</em></strong></span> 
     </span>
    </p>
   </div>
   <div class='ocr_carea' id='block_1_36' title="bbox 588 2219 1721 2280">
    <p class='ocr_par' dir='ltr' id='par_1_36' title="bbox 588 2219 1721 2280">
     <span class='ocr_line' id='line_1_36' title="bbox 588 2219 1721 2280; baseline 0.002 -15"><span class='ocrx_word' id='word_1_304' title='bbox 588 2220 810 2279; x_wconf 73' lang='lat' dir='ltr'><strong><em>Exiguus</em></strong></span> <span class='ocrx_word' id='word_1_305' title='bbox 825 2223 1019 2278; x_wconf 85' lang='lat' dir='ltr'><strong><em>spirabo</em></strong></span> <span class='ocrx_word' id='word_1_306' title='bbox 1042 2220 1190 2280; x_wconf 80' lang='lat' dir='ltr'><strong><em>loqui,</em></strong></span> <span class='ocrx_word' id='word_1_307' title='bbox 1220 2220 1506 2280; x_wconf 79' lang='lat' dir='ltr'><strong><em>referat-que</em></strong></span> <span class='ocrx_word' id='word_1_308' title='bbox 1534 2219 1721 2267; x_wconf 68' lang='lat' dir='ltr'><strong><em>relicta:</em></strong></span> 
     </span>
    </p>
   </div>
   <div class='ocr_carea' id='block_1_37' title="bbox 586 2277 1886 2340">
    <p class='ocr_par' dir='ltr' id='par_1_37' title="bbox 586 2277 1886 2340">
     <span class='ocr_line' id='line_1_37' title="bbox 586 2277 1886 2340; baseline -0.001 -12"><span class='ocrx_word' id='word_1_309' title='bbox 586 2277 771 2328; x_wconf 57' lang='lat' dir='ltr'><strong><em>Parvus</em></strong></span> <span class='ocrx_word' id='word_1_310' title='bbox 792 2277 953 2337; x_wconf 74' lang='lat' dir='ltr'><strong><em>homo,</em></strong></span> <span class='ocrx_word' id='word_1_311' title='bbox 972 2288 1024 2327; x_wconf 80' lang='lat' dir='ltr'><strong><em>et</em></strong></span> <span class='ocrx_word' id='word_1_312' title='bbox 1048 2277 1188 2340; x_wconf 72' lang='lat' dir='ltr'><strong><em>plano</em></strong></span> <span class='ocrx_word' id='word_1_313' title='bbox 1206 2279 1376 2327; x_wconf 90' lang='lat' dir='ltr'><strong><em>modici</em></strong></span> <span class='ocrx_word' id='word_1_314' title='bbox 1398 2277 1524 2339; x_wconf 74' lang='lat' dir='ltr'><strong><em>pede</em></strong></span> <span class='ocrx_word' id='word_1_315' title='bbox 1550 2282 1775 2327; x_wconf 80' lang='lat' dir='ltr'><strong><em>carminis</em></strong></span> <span class='ocrx_word' id='word_1_316' title='bbox 1791 2280 1886 2327; x_wconf 88' lang='lat' dir='ltr'><strong><em>ibo.</em></strong></span> 
     </span>
    </p>
   </div>
   <div class='ocr_carea' id='block_1_38' title="bbox 542 2399 2043 2468">
    <p class='ocr_par' dir='ltr' id='par_1_38' title="bbox 542 2399 2043 2468">
     <span class='ocr_line' id='line_1_38' title="bbox 542 2399 2043 2468; baseline 0.002 -15"><span class='ocrx_word' id='word_1_317' title='bbox 542 2400 619 2454; x_wconf 82' lang='lat' dir='ltr'><strong><em>Ad</em></strong></span> <span class='ocrx_word' id='word_1_318' title='bbox 673 2399 1022 2468; x_wconf 81' lang='lat' dir='ltr'><strong><em>Augustinum</em></strong></span> <span class='ocrx_word' id='word_1_319' title='bbox 1051 2400 1238 2455; x_wconf 86' lang='lat' dir='ltr'><strong><em>scribit</em></strong></span> <span class='ocrx_word' id='word_1_320' title='bbox 1277 2414 1337 2454; x_wconf 88' lang='lat' dir='ltr'><strong><em>se</em></strong></span> <span class='ocrx_word' id='word_1_321' title='bbox 1378 2400 1511 2454; x_wconf 86' lang='lat' dir='ltr'><strong><em>nihil</em></strong></span> <span class='ocrx_word' id='word_1_322' title='bbox 1551 2400 1795 2455; x_wconf 87' lang='lat' dir='ltr'><strong><em>debeata</em></strong></span> <span class='ocrx_word' id='word_1_323' title='bbox 1818 2400 2043 2456; x_wconf 81' lang='lat' dir='ltr'><strong><em>Melania</em></strong></span> 
     </span>
    </p>
   </div>
   <div class='ocr_carea' id='block_1_39' title="bbox 463 2492 2042 2561">
    <p class='ocr_par' dir='ltr' id='par_1_39' title="bbox 463 2492 2042 2561">
     <span class='ocr_line' id='line_1_39' title="bbox 463 2492 2042 2561; baseline 0.001 -15"><span class='ocrx_word' id='word_1_324' title='bbox 463 2492 678 2546; x_wconf 85' lang='lat' dir='ltr'><strong><em>seniore</em></strong></span> <span class='ocrx_word' id='word_1_325' title='bbox 733 2493 970 2546; x_wconf 88' lang='lat' dir='ltr'><strong><em>sanctius</em></strong></span> <span class='ocrx_word' id='word_1_326' title='bbox 1009 2497 1110 2545; x_wconf 79' lang='lat' dir='ltr'><strong><em>‘aut</em></strong></span> <span class='ocrx_word' id='word_1_327' title='bbox 1163 2492 1351 2547; x_wconf 90' lang='lat' dir='ltr'><strong><em>melius</em></strong></span> <span class='ocrx_word' id='word_1_328' title='bbox 1385 2507 1544 2561; x_wconf 84' lang='lat' dir='ltr'><strong><em>posse</em></strong></span> <span class='ocrx_word' id='word_1_329' title='bbox 1572 2492 1860 2561; x_wconf 76' lang='lat' dir='ltr'><strong><em>przedicare</em></strong></span> <span class='ocrx_word' id='word_1_330' title='bbox 1881 2508 2042 2560; x_wconf 86' lang='lat' dir='ltr'><strong><em>quam</em></strong></span> 
     </span>
    </p>
   </div>
   <div class='ocr_carea' id='block_1_40' title="bbox 464 2579 2045 2654">
    <p class='ocr_par' dir='ltr' id='par_1_40' title="bbox 464 2579 2045 2654">
     <span class='ocr_line' id='line_1_40' title="bbox 464 2579 2045 2654; baseline -0.001 -17"><span class='ocrx_word' id='word_1_331' title='bbox 464 2585 555 2637; x_wconf 91' lang='lat' dir='ltr'><strong><em>ille</em></strong></span> <span class='ocrx_word' id='word_1_332' title='bbox 584 2584 635 2636; x_wconf 91' lang='lat' dir='ltr'><strong><em>in</em></strong></span> <span class='ocrx_word' id='word_1_333' title='bbox 665 2597 784 2637; x_wconf 88' lang='lat' dir='ltr'><strong><em>eam</em></strong></span> <span class='ocrx_word' id='word_1_334' title='bbox 812 2579 1055 2653; x_wconf 79' lang='lat' dir='ltr'><strong><em>profatus</em></strong></span> <span class='ocrx_word' id='word_1_335' title='bbox 1077 2582 1268 2648; x_wconf 81' lang='lat' dir='ltr'><strong><em>fuerat,</em></strong></span> <span class='ocrx_word' id='word_1_336' title='bbox 1296 2592 1352 2635; x_wconf 90' lang='lat' dir='ltr'><strong><em>ut</em></strong></span> <span class='ocrx_word' id='word_1_337' title='bbox 1379 2584 1517 2654; x_wconf 89' lang='lat' dir='ltr'><strong><em>quia,</em></strong></span> <span class='ocrx_word' id='word_1_338' title='bbox 1542 2582 1713 2649; x_wconf 91' lang='lat' dir='ltr'><strong><em>inquit</em></strong></span> <span class='ocrx_word' id='word_1_339' title='bbox 1740 2581 1789 2645; x_wconf 78' lang='grc' dir='ltr'><strong><em>ά,</em></strong></span> <span class='ocrx_word' id='word_1_340' title='bbox 1813 2600 1904 2652; x_wconf 89' lang='lat' dir='ltr'><strong><em>ego</em></strong></span> <span class='ocrx_word' id='word_1_341' title='bbox 1925 2599 2045 2652; x_wconf 88' lang='lat' dir='ltr'><strong><em>pec-</em></strong></span> 
     </span>
    </p>
   </div>
   <div class='ocr_carea' id='block_1_41' title="bbox 454 2673 2043 2744">
    <p class='ocr_par' dir='ltr' id='par_1_41' title="bbox 454 2673 2043 2744">
     <span class='ocr_line' id='line_1_41' title="bbox 454 2673 2043 2744; baseline 0.001 -17"><span class='ocrx_word' id='word_1_342' title='bbox 454 2684 611 2739; x_wconf 66' lang='lat' dir='ltr'><strong><em>,cator</em></strong></span> <span class='ocrx_word' id='word_1_343' title='bbox 628 2674 893 2728; x_wconf 89' lang='lat' dir='ltr'><strong><em>immunda</em></strong></span> <span class='ocrx_word' id='word_1_344' title='bbox 919 2673 1056 2727; x_wconf 90' lang='lat' dir='ltr'><strong><em>labia</em></strong></span> <span class='ocrx_word' id='word_1_345' title='bbox 1082 2674 1273 2728; x_wconf 81' lang='lat' dir='ltr'><strong><em>habens</em></strong></span> <span class='ocrx_word' id='word_1_346' title='bbox 1304 2674 1435 2727; x_wconf 85' lang='lat' dir='ltr'><strong><em>nihil</em></strong></span> <span class='ocrx_word' id='word_1_347' title='bbox 1460 2674 1669 2744; x_wconf 89' lang='lat' dir='ltr'><strong><em>dignum</em></strong></span> <span class='ocrx_word' id='word_1_348' title='bbox 1690 2675 1828 2744; x_wconf 90' lang='lat' dir='ltr'><strong><em>loqui</em></strong></span> <span class='ocrx_word' id='word_1_349' title='bbox 1866 2684 2043 2744; x_wconf 89' lang='lat' dir='ltr'><strong><em>potue-</em></strong></span> 
     </span>
    </p>
   </div>
   <div class='ocr_carea' id='block_1_42' title="bbox 462 2764 2039 2837">
    <p class='ocr_par' dir='ltr' id='par_1_42' title="bbox 462 2764 2039 2837">
     <span class='ocr_line' id='line_1_42' title="bbox 462 2764 2039 2837; baseline 0.001 -20"><span class='ocrx_word' id='word_1_350' title='bbox 462 2780 596 2829; x_wconf 89' lang='lat' dir='ltr'><strong><em>ram,</em></strong></span> <span class='ocrx_word' id='word_1_351' title='bbox 627 2773 684 2817; x_wconf 91' lang='lat' dir='ltr'><strong><em>ut</em></strong></span> <span class='ocrx_word' id='word_1_352' title='bbox 709 2765 1014 2834; x_wconf 88' lang='lat' dir='ltr'><strong><em>longinquus</em></strong></span> <span class='ocrx_word' id='word_1_353' title='bbox 1042 2781 1075 2817; x_wconf 94' lang='lat' dir='ltr'><strong><em>a</em></strong></span> <span class='ocrx_word' id='word_1_354' title='bbox 1112 2766 1307 2817; x_wconf 88' lang='lat' dir='ltr'><strong><em>meritis</em></strong></span> <span class='ocrx_word' id='word_1_355' title='bbox 1336 2764 1458 2833; x_wconf 78' lang='lat' dir='ltr'><strong><em>ﬁdei</em></strong></span> <span class='ocrx_word' id='word_1_356' title='bbox 1486 2764 1599 2833; x_wconf 89' lang='lat' dir='ltr'><strong><em>ejus</em></strong></span> <span class='ocrx_word' id='word_1_357' title='bbox 1622 2766 1907 2837; x_wconf 72' lang='lat' dir='ltr'><strong><em>animmque</em></strong></span> <span class='ocrx_word' id='word_1_358' title='bbox 1932 2767 2039 2818; x_wconf 82' lang='lat' dir='ltr'><strong><em>vir-</em></strong></span> 
     </span>
    </p>
   </div>
   <div class='ocr_carea' id='block_1_43' title="bbox 465 2852 2039 2917">
    <p class='ocr_par' dir='ltr' id='par_1_43' title="bbox 465 2852 2039 2917">
     <span class='ocr_line' id='line_1_43' title="bbox 465 2852 2039 2917; baseline 0 -11"><span class='ocrx_word' id='word_1_359' title='bbox 465 2853 687 2917; x_wconf 85' lang='lat' dir='ltr'><strong><em>tutibus;</em></strong></span> <span class='ocrx_word' id='word_1_360' title='bbox 716 2863 767 2905; x_wconf 85' lang='lat' dir='ltr'><strong><em>tu</em></strong></span> <span class='ocrx_word' id='word_1_361' title='bbox 788 2854 877 2907; x_wconf 85' lang='lat' dir='ltr'><strong><em>ille</em></strong></span> <span class='ocrx_word' id='word_1_362' title='bbox 900 2856 976 2907; x_wconf 89' lang='lat' dir='ltr'><strong><em>vir</em></strong></span> <span class='ocrx_word' id='word_1_363' title='bbox 1002 2852 1211 2916; x_wconf 87' lang='lat' dir='ltr'><strong><em>Christi,</em></strong></span> <span class='ocrx_word' id='word_1_364' title='bbox 1241 2853 1421 2907; x_wconf 79' lang='lat' dir='ltr'><strong><em>doctor</em></strong></span> <span class='ocrx_word' id='word_1_365' title='bbox 1447 2856 1500 2907; x_wconf 89' lang='lat' dir='ltr'><strong><em>in</em></strong></span> <span class='ocrx_word' id='word_1_366' title='bbox 1531 2852 1765 2907; x_wconf 84' lang='lat' dir='ltr'><strong><em>Ecclesia</em></strong></span> <span class='ocrx_word' id='word_1_367' title='bbox 1810 2856 2039 2908; x_wconf 78' lang='lat' dir='ltr'><strong><em>veritatis</em></strong></span> 
     </span>
    </p>
   </div>
   <div class='ocr_carea' id='block_1_44' title="bbox 460 2943 2042 3015">
    <p class='ocr_par' dir='ltr' id='par_1_44' title="bbox 460 2943 2042 3015">
     <span class='ocr_line' id='line_1_44' title="bbox 460 2943 2042 3015; baseline 0.002 -20"><span class='ocrx_word' id='word_1_368' title='bbox 460 2953 770 3013; x_wconf 80' lang='lat' dir='ltr'><strong><em>procurante</em></strong></span> <span class='ocrx_word' id='word_1_369' title='bbox 795 2945 849 2997; x_wconf 90' lang='lat' dir='ltr'><strong><em>in</em></strong></span> <span class='ocrx_word' id='word_1_370' title='bbox 877 2944 1059 2998; x_wconf 88' lang='lat' dir='ltr'><strong><em>melius</em></strong></span> <span class='ocrx_word' id='word_1_371' title='bbox 1084 2943 1187 2997; x_wconf 90' lang='lat' dir='ltr'><strong><em>Dei</em></strong></span> <span class='ocrx_word' id='word_1_372' title='bbox 1205 2947 1397 3015; x_wconf 90' lang='lat' dir='ltr'><strong><em>gratia,</em></strong></span> <span class='ocrx_word' id='word_1_373' title='bbox 1424 2946 1684 3014; x_wconf 87' lang='lat' dir='ltr'><strong><em>parareris</em></strong></span> <span class='ocrx_word' id='word_1_374' title='bbox 1711 2944 1917 3015; x_wconf 90' lang='lat' dir='ltr'><strong><em>dignior</em></strong></span> <span class='ocrx_word' id='word_1_375' title='bbox 1936 2953 2042 2998; x_wconf 92' lang='lat' dir='ltr'><strong><em>tam</em></strong></span> 
     </span>
    </p>
   </div>
   <div class='ocr_carea' id='block_1_45' title="bbox 458 3033 2041 3107">
    <p class='ocr_par' dir='ltr' id='par_1_45' title="bbox 458 3033 2041 3107">
     <span class='ocr_line' id='line_1_45' title="bbox 458 3033 2041 3107; baseline 0.001 -20"><span class='ocrx_word' id='word_1_376' title='bbox 458 3035 622 3088; x_wconf 81' lang='lat' dir='ltr'><strong><em>virilis</em></strong></span> <span class='ocrx_word' id='word_1_377' title='bbox 649 3035 703 3087; x_wconf 92' lang='lat' dir='ltr'><strong><em>in</em></strong></span> <span class='ocrx_word' id='word_1_378' title='bbox 727 3033 929 3088; x_wconf 87' lang='lat' dir='ltr'><strong><em>Christo</em></strong></span> <span class='ocrx_word' id='word_1_379' title='bbox 952 3036 1143 3088; x_wconf 76' lang='lat' dir='ltr'><strong><em>anima:</em></strong></span> <span class='ocrx_word' id='word_1_380' title='bbox 1160 3034 1490 3105; x_wconf 68' lang='lat' dir='ltr'><strong><em>praedicator,</em></strong></span> <span class='ocrx_word' id='word_1_381' title='bbox 1512 3035 1599 3107; x_wconf 90' lang='lat' dir='ltr'><strong><em>qui</em></strong></span> <span class='ocrx_word' id='word_1_382' title='bbox 1624 3043 1672 3088; x_wconf 92' lang='lat' dir='ltr'><strong><em>et</em></strong></span> <span class='ocrx_word' id='word_1_383' title='bbox 1692 3044 1911 3088; x_wconf 89' lang='lat' dir='ltr'><strong><em>mentem</em></strong></span> <span class='ocrx_word' id='word_1_384' title='bbox 1929 3035 2041 3104; x_wconf 87' lang='lat' dir='ltr'><strong><em>ejus</em></strong></span> 
     </span>
    </p>
   </div>
   <div class='ocr_carea' id='block_1_46' title="bbox 2148 1846 3724 1925">
    <p class='ocr_par' dir='ltr' id='par_1_46' title="bbox 2148 1846 3724 1925">
     <span class='ocr_line' id='line_1_46' title="bbox 2148 1846 3724 1925; baseline 0.013 -31"><span class='ocrx_word' id='word_1_385' title='bbox 2148 1846 2466 1909; x_wconf 87' lang='lat' dir='ltr'><strong><em>monstrasti,</em></strong></span> <span class='ocrx_word' id='word_1_386' title='bbox 2522 1848 2664 1916; x_wconf 80' lang='lat' dir='ltr'><strong><em>fama</em></strong></span> <span class='ocrx_word' id='word_1_387' title='bbox 2692 1857 2861 1902; x_wconf 88' lang='lat' dir='ltr'><strong><em>tamen</em></strong></span> <span class='ocrx_word' id='word_1_388' title='bbox 2900 1862 3145 1921; x_wconf 89' lang='lat' dir='ltr'><strong><em>quantum</em></strong></span> <span class='ocrx_word' id='word_1_389' title='bbox 3182 1854 3432 1925; x_wconf 88' lang='lat' dir='ltr'><strong><em>intelligo,</em></strong></span> <span class='ocrx_word' id='word_1_390' title='bbox 3477 1858 3724 1914; x_wconf 72' lang='lat' dir='ltr'><strong><em>dominici</em></strong></span> 
     </span>
    </p>
   </div>
   <div class='ocr_carea' id='block_1_47' title="bbox 2146 1934 3724 2018">
    <p class='ocr_par' dir='ltr' id='par_1_47' title="bbox 2146 1934 3724 2018">
     <span class='ocr_line' id='line_1_47' title="bbox 2146 1934 3724 2018; baseline 0.011 -31"><span class='ocrx_word' id='word_1_391' title='bbox 2146 1936 2313 2002; x_wconf 88' lang='lat' dir='ltr'><strong><em>operis</em></strong></span> <span class='ocrx_word' id='word_1_392' title='bbox 2361 1937 2702 2005; x_wconf 84' lang='lat' dir='ltr'><strong><em>persuadente</em></strong></span> <span class='ocrx_word' id='word_1_393' title='bbox 2721 1934 2959 1995; x_wconf 83' lang='lat' dir='ltr'><strong><em>inductus</em></strong></span> <span class='ocrx_word' id='word_1_394' title='bbox 2995 1958 3048 1996; x_wconf 88' lang='lat' dir='ltr'><strong><em>es</em></strong></span> <span class='ocrx_word' id='word_1_395' title='bbox 3074 1951 3132 1996; x_wconf 90' lang='lat' dir='ltr'><strong><em>ut</em></strong></span> <span class='ocrx_word' id='word_1_396' title='bbox 3161 1946 3430 2013; x_wconf 77' lang='lat' dir='ltr'><strong><em>fecundum</em></strong></span> <span class='ocrx_word' id='word_1_397' title='bbox 3457 1966 3583 2018; x_wconf 92' lang='lat' dir='ltr'><strong><em>opus</em></strong></span> <span class='ocrx_word' id='word_1_398' title='bbox 3613 1951 3724 2005; x_wconf 86' lang='lat' dir='ltr'><strong><em>Do-</em></strong></span> 
     </span>
    </p>
   </div>
   <div class='ocr_carea' id='block_1_48' title="bbox 2148 2026 3724 2109">
    <p class='ocr_par' dir='ltr' id='par_1_48' title="bbox 2148 2026 3724 2109">
     <span class='ocr_line' id='line_1_48' title="bbox 2148 2026 3724 2109; baseline 0.011 -31"><span class='ocrx_word' id='word_1_399' title='bbox 2148 2026 2294 2090; x_wconf 89' lang='lat' dir='ltr'><strong><em>mini,</em></strong></span> <span class='ocrx_word' id='word_1_400' title='bbox 2332 2044 2431 2097; x_wconf 88' lang='lat' dir='ltr'><strong><em>quo</em></strong></span> <span class='ocrx_word' id='word_1_401' title='bbox 2459 2028 2609 2082; x_wconf 89' lang='lat' dir='ltr'><strong><em>nobis</em></strong></span> <span class='ocrx_word' id='word_1_402' title='bbox 2649 2046 2827 2083; x_wconf 87' lang='lat' dir='ltr'><strong><em>curam</em></strong></span> <span class='ocrx_word' id='word_1_403' title='bbox 2864 2030 3230 2102; x_wconf 78' lang='lat' dir='ltr'><strong><em>redemplionis</em></strong></span> <span class='ocrx_word' id='word_1_404' title='bbox 3254 2047 3443 2091; x_wconf 65' lang='lat' dir='ltr'><strong><em>nostris</em></strong></span> <span class='ocrx_word' id='word_1_405' title='bbox 3469 2040 3724 2109; x_wconf 87' lang='lat' dir='ltr'><strong><em>inspirare</em></strong></span> 
     </span>
    </p>
   </div>
   <div class='ocr_carea' id='block_1_49' title="bbox 2148 2115 3724 2198">
    <p class='ocr_par' dir='ltr' id='par_1_49' title="bbox 2148 2115 3724 2198">
     <span class='ocr_line' id='line_1_49' title="bbox 2148 2115 3724 2198; baseline 0.012 -32"><span class='ocrx_word' id='word_1_406' title='bbox 2148 2115 2393 2184; x_wconf 89' lang='lat' dir='ltr'><strong><em>dignatus</em></strong></span> <span class='ocrx_word' id='word_1_407' title='bbox 2422 2127 2519 2181; x_wconf 90' lang='lat' dir='ltr'><strong><em>est,</em></strong></span> <span class='ocrx_word' id='word_1_408' title='bbox 2547 2119 2743 2187; x_wconf 76' lang='lat' dir='ltr'><strong><em>ingenii</em></strong></span> <span class='ocrx_word' id='word_1_409' title='bbox 2768 2137 2965 2190; x_wconf 88' lang='lat' dir='ltr'><strong><em>quoque</em></strong></span> <span class='ocrx_word' id='word_1_410' title='bbox 2988 2132 3038 2176; x_wconf 87' lang='lat' dir='ltr'><strong><em>et</em></strong></span> <span class='ocrx_word' id='word_1_411' title='bbox 3058 2126 3163 2178; x_wconf 84' lang='lat' dir='ltr'><strong><em>oris</em></strong></span> <span class='ocrx_word' id='word_1_412' title='bbox 3193 2143 3312 2195; x_wconf 89' lang='lat' dir='ltr'><strong><em>opes</em></strong></span> <span class='ocrx_word' id='word_1_413' title='bbox 3336 2138 3603 2198; x_wconf 86' lang='lat' dir='ltr'><strong><em>suppetere</em></strong></span> <span class='ocrx_word' id='word_1_414' title='bbox 3629 2148 3724 2185; x_wconf 85' lang='lat' dir='ltr'><strong><em>no-</em></strong></span> 
     </span>
    </p>
   </div>
   <div class='ocr_carea' id='block_1_50' title="bbox 2146 2202 3724 2288">
    <p class='ocr_par' dir='ltr' id='par_1_50' title="bbox 2146 2202 3724 2288">
     <span class='ocr_line' id='line_1_50' title="bbox 2146 2202 3724 2288; baseline 0.012 -33"><span class='ocrx_word' id='word_1_415' title='bbox 2146 2202 2225 2255; x_wconf 77' lang='lat' dir='ltr'><strong><em>bis</em></strong></span> <span class='ocrx_word' id='word_1_416' title='bbox 2267 2205 2615 2269; x_wconf 75' lang='lat' dir='ltr'><strong><em>arbitrarer-is,</em></strong></span> <span class='ocrx_word' id='word_1_417' title='bbox 2669 2207 2761 2260; x_wconf 91' lang='lat' dir='ltr'><strong><em>sed</em></strong></span> <span class='ocrx_word' id='word_1_418' title='bbox 2803 2208 2991 2263; x_wconf 85' lang='lat' dir='ltr'><strong><em>bonam</em></strong></span> <span class='ocrx_word' id='word_1_419' title='bbox 3043 2215 3504 2282; x_wconf 87' lang='lat' dir='ltr'><strong><em>concupiscentiam</em></strong></span> <span class='ocrx_word' id='word_1_420' title='bbox 3530 2235 3724 2288; x_wconf 88' lang='lat' dir='ltr'><strong><em>magna</em></strong></span> 
     </span>
    </p>
   </div>
   <div class='ocr_carea' id='block_1_51' title="bbox 2145 2294 3723 2373">
    <p class='ocr_par' dir='ltr' id='par_1_51' title="bbox 2145 2294 3723 2373">
     <span class='ocr_line' id='line_1_51' title="bbox 2145 2294 3723 2373; baseline 0.012 -28"><span class='ocrx_word' id='word_1_421' title='bbox 2145 2294 2251 2361; x_wconf 75' lang='lat' dir='ltr'><strong><em>ﬁde</em></strong></span> <span class='ocrx_word' id='word_1_422' title='bbox 2278 2296 2449 2349; x_wconf 90' lang='lat' dir='ltr'><strong><em>vacuis</em></strong></span> <span class='ocrx_word' id='word_1_423' title='bbox 2476 2296 2800 2364; x_wconf 79' lang='lat' dir='ltr'><strong><em>opinionibus</em></strong></span> <span class='ocrx_word' id='word_1_424' title='bbox 2819 2315 2933 2368; x_wconf 92' lang='lat' dir='ltr'><strong><em>spes</em></strong></span> <span class='ocrx_word' id='word_1_425' title='bbox 2962 2302 3117 2355; x_wconf 90' lang='lat' dir='ltr'><strong><em>illusa</em></strong></span> <span class='ocrx_word' id='word_1_426' title='bbox 3160 2304 3374 2373; x_wconf 86' lang='lat' dir='ltr'><strong><em>decepit.</em></strong></span> <span class='ocrx_word' id='word_1_427' title='bbox 3412 2306 3561 2361; x_wconf 87' lang='lat' dir='ltr'><strong><em>Unde</em></strong></span> <span class='ocrx_word' id='word_1_428' title='bbox 3586 2312 3723 2363; x_wconf 88' lang='lat' dir='ltr'><strong><em>enim</em></strong></span> 
     </span>
    </p>
   </div>
   <div class='ocr_carea' id='block_1_52' title="bbox 2144 2385 3720 2468">
    <p class='ocr_par' dir='ltr' id='par_1_52' title="bbox 2144 2385 3720 2468">
     <span class='ocr_line' id='line_1_52' title="bbox 2144 2385 3720 2468; baseline 0.011 -32"><span class='ocrx_word' id='word_1_429' title='bbox 2144 2385 2270 2438; x_wconf 85' lang='lat' dir='ltr'><strong><em>mihi</em></strong></span> <span class='ocrx_word' id='word_1_430' title='bbox 2301 2395 2501 2439; x_wconf 89' lang='lat' dir='ltr'><strong><em>tantum</em></strong></span> <span class='ocrx_word' id='word_1_431' title='bbox 2527 2404 2692 2459; x_wconf 64' lang='lat' dir='ltr'><strong><em>aqua&#39;,</em></strong></span> <span class='ocrx_word' id='word_1_432' title='bbox 2722 2400 2968 2460; x_wconf 87' lang='lat' dir='ltr'><strong><em>quantum</em></strong></span> <span class='ocrx_word' id='word_1_433' title='bbox 2987 2394 3137 2447; x_wconf 86' lang='lat' dir='ltr'><strong><em>sitis?</em></strong></span> <span class='ocrx_word' id='word_1_434' title='bbox 3165 2394 3312 2449; x_wconf 88' lang='lat' dir='ltr'><strong><em>Unde</em></strong></span> <span class='ocrx_word' id='word_1_435' title='bbox 3337 2398 3441 2451; x_wconf 91' lang='lat' dir='ltr'><strong><em>tale</em></strong></span> <span class='ocrx_word' id='word_1_436' title='bbox 3460 2402 3720 2468; x_wconf 89' lang='lat' dir='ltr'><strong><em>poculum,</em></strong></span> 
     </span>
    </p>
   </div>
   <div class='ocr_carea' id='block_1_53' title="bbox 2144 2475 3723 2557">
    <p class='ocr_par' dir='ltr' id='par_1_53' title="bbox 2144 2475 3723 2557">
     <span class='ocr_line' id='line_1_53' title="bbox 2144 2475 3723 2557; baseline 0.011 -31"><span class='ocrx_word' id='word_1_437' title='bbox 2144 2475 2279 2544; x_wconf 91' lang='lat' dir='ltr'><strong><em>quod</em></strong></span> <span class='ocrx_word' id='word_1_438' title='bbox 2304 2477 2459 2546; x_wconf 84' lang='lat' dir='ltr'><strong><em>digne</em></strong></span> <span class='ocrx_word' id='word_1_439' title='bbox 2480 2477 2660 2532; x_wconf 82' lang='lat' dir='ltr'><strong><em>bibas?</em></strong></span> <span class='ocrx_word' id='word_1_440' title='bbox 2684 2478 2833 2534; x_wconf 88' lang='lat' dir='ltr'><strong><em>Unde</em></strong></span> <span class='ocrx_word' id='word_1_441' title='bbox 2855 2484 2985 2535; x_wconf 87' lang='lat' dir='ltr'><strong><em>tanti</em></strong></span> <span class='ocrx_word' id='word_1_442' title='bbox 3015 2500 3191 2552; x_wconf 87' lang='lat' dir='ltr'><strong><em>panes,</em></strong></span> <span class='ocrx_word' id='word_1_443' title='bbox 3214 2495 3427 2555; x_wconf 88' lang='lat' dir='ltr'><strong><em>quantos</em></strong></span> <span class='ocrx_word' id='word_1_444' title='bbox 3455 2490 3723 2557; x_wconf 79' lang='lat' dir='ltr'><strong><em>postulas?</em></strong></span> 
     </span>
    </p>
   </div>
   <div class='ocr_carea' id='block_1_54' title="bbox 2144 2562 3722 2650">
    <p class='ocr_par' dir='ltr' id='par_1_54' title="bbox 2144 2562 3722 2650">
     <span class='ocr_line' id='line_1_54' title="bbox 2144 2562 3722 2650; baseline 0.011 -34"><span class='ocrx_word' id='word_1_445' title='bbox 2144 2562 2252 2617; x_wconf 85' lang='lat' dir='ltr'><strong><em>Sed</em></strong></span> <span class='ocrx_word' id='word_1_446' title='bbox 2276 2566 2385 2634; x_wconf 89' lang='lat' dir='ltr'><strong><em>ipse</em></strong></span> <span class='ocrx_word' id='word_1_447' title='bbox 2404 2566 2493 2619; x_wconf 85' lang='lat' dir='ltr'><strong><em>tibi</em></strong></span> <span class='ocrx_word' id='word_1_448' title='bbox 2512 2576 2692 2621; x_wconf 86' lang='lat' dir='ltr'><strong><em>auctor</em></strong></span> <span class='ocrx_word' id='word_1_449' title='bbox 2715 2569 2921 2638; x_wconf 77' lang='lat' dir='ltr'><strong><em>injuria:</em></strong></span> <span class='ocrx_word' id='word_1_450' title='bbox 2948 2580 3049 2624; x_wconf 71' lang='lat' dir='ltr'><strong><em>tua:</em></strong></span> <span class='ocrx_word' id='word_1_451' title='bbox 3071 2576 3173 2627; x_wconf 91' lang='lat' dir='ltr'><strong><em>eris</em></strong></span> <span class='ocrx_word' id='word_1_452' title='bbox 3202 2575 3390 2628; x_wconf 89' lang='lat' dir='ltr'><strong><em>diutius</em></strong></span> <span class='ocrx_word' id='word_1_453' title='bbox 3418 2580 3612 2631; x_wconf 89' lang='lat' dir='ltr'><strong><em>esurire</em></strong></span> <span class='ocrx_word' id='word_1_454' title='bbox 3635 2581 3722 2650; x_wconf 88' lang='lat' dir='ltr'><strong><em>qui</em></strong></span> 
     </span>
    </p>
   </div>
   <div class='ocr_carea' id='block_1_55' title="bbox 2143 2652 3722 2732">
    <p class='ocr_par' dir='ltr' id='par_1_55' title="bbox 2143 2652 3722 2732">
     <span class='ocr_line' id='line_1_55' title="bbox 2143 2652 3722 2732; baseline 0.012 -29"><span class='ocrx_word' id='word_1_455' title='bbox 2143 2652 2464 2721; x_wconf 79' lang='lat' dir='ltr'><strong><em>euangelicos</em></strong></span> <span class='ocrx_word' id='word_1_456' title='bbox 2485 2654 2613 2708; x_wconf 90' lang='lat' dir='ltr'><strong><em>lucis</em></strong></span> <span class='ocrx_word' id='word_1_457' title='bbox 2642 2668 2691 2709; x_wconf 89' lang='lat' dir='ltr'><strong><em>et</em></strong></span> <span class='ocrx_word' id='word_1_458' title='bbox 2712 2658 2828 2711; x_wconf 75' lang='lat' dir='ltr'><strong><em>vitta</em></strong></span> <span class='ocrx_word' id='word_1_459' title='bbox 2845 2659 2983 2712; x_wconf 90' lang='lat' dir='ltr'><strong><em>cibos</em></strong></span> <span class='ocrx_word' id='word_1_460' title='bbox 3010 2663 3063 2713; x_wconf 88' lang='lat' dir='ltr'><strong><em>in</em></strong></span> <span class='ocrx_word' id='word_1_461' title='bbox 3085 2661 3195 2715; x_wconf 90' lang='lat' dir='ltr'><strong><em>alta</em></strong></span> <span class='ocrx_word' id='word_1_462' title='bbox 3216 2663 3365 2732; x_wconf 87' lang='lat' dir='ltr'><strong><em>hujus</em></strong></span> <span class='ocrx_word' id='word_1_463' title='bbox 3392 2668 3547 2719; x_wconf 88' lang='lat' dir='ltr'><strong><em>seculi</em></strong></span> <span class='ocrx_word' id='word_1_464' title='bbox 3575 2679 3722 2723; x_wconf 84' lang='lat' dir='ltr'><strong><em>nocte</em></strong></span> 
     </span>
    </p>
   </div>
   <div class='ocr_carea' id='block_1_56' title="bbox 2143 2740 3721 2828">
    <p class='ocr_par' dir='ltr' id='par_1_56' title="bbox 2143 2740 3721 2828">
     <span class='ocr_line' id='line_1_56' title="bbox 2143 2740 3721 2828; baseline 0.013 -35"><span class='ocrx_word' id='word_1_465' title='bbox 2143 2740 2459 2806; x_wconf 90' lang='lat' dir='ltr'><strong><em>desiderans,</em></strong></span> <span class='ocrx_word' id='word_1_466' title='bbox 2473 2747 2782 2800; x_wconf 88' lang='lat' dir='ltr'><strong><em>somnolenti</em></strong></span> <span class='ocrx_word' id='word_1_467' title='bbox 2800 2758 2849 2801; x_wconf 89' lang='lat' dir='ltr'><strong><em>et</em></strong></span> <span class='ocrx_word' id='word_1_468' title='bbox 2867 2752 3106 2819; x_wconf 88' lang='lat' dir='ltr'><strong><em>pauperis</em></strong></span> <span class='ocrx_word' id='word_1_469' title='bbox 3125 2754 3277 2806; x_wconf 89' lang='lat' dir='ltr'><strong><em>amici</em></strong></span> <span class='ocrx_word' id='word_1_470' title='bbox 3302 2771 3512 2825; x_wconf 88' lang='lat' dir='ltr'><strong><em>egenam</em></strong></span> <span class='ocrx_word' id='word_1_471' title='bbox 3533 2776 3721 2828; x_wconf 89' lang='lat' dir='ltr'><strong><em>penum</em></strong></span> 
     </span>
    </p>
   </div>
   <div class='ocr_carea' id='block_1_57' title="bbox 2142 2831 3721 2910">
    <p class='ocr_par' dir='ltr' id='par_1_57' title="bbox 2142 2831 3721 2910">
     <span class='ocr_line' id='line_1_57' title="bbox 2142 2831 3721 2910; baseline 0.014 -27"><span class='ocrx_word' id='word_1_472' title='bbox 2142 2831 2337 2900; x_wconf 88' lang='lat' dir='ltr'><strong><em>pulsas,</em></strong></span> <span class='ocrx_word' id='word_1_473' title='bbox 2388 2836 2474 2904; x_wconf 85' lang='lat' dir='ltr'><strong><em>qui</em></strong></span> <span class='ocrx_word' id='word_1_474' title='bbox 2501 2837 2719 2904; x_wconf 85' lang='lat' dir='ltr'><strong><em>flumina</em></strong></span> <span class='ocrx_word' id='word_1_475' title='bbox 2745 2856 2891 2909; x_wconf 67' lang='lat' dir='ltr'><strong><em>aquae</em></strong></span> <span class='ocrx_word' id='word_1_476' title='bbox 2917 2843 3042 2895; x_wconf 82' lang='lat' dir='ltr'><strong><em>viva:</em></strong></span> <span class='ocrx_word' id='word_1_477' title='bbox 3067 2845 3264 2910; x_wconf 78' lang='lat' dir='ltr'><strong><em>sitiens,</em></strong></span> <span class='ocrx_word' id='word_1_478' title='bbox 3308 2857 3538 2902; x_wconf 87' lang='lat' dir='ltr'><strong><em>arentem</em></strong></span> <span class='ocrx_word' id='word_1_479' title='bbox 3563 2868 3721 2905; x_wconf 87' lang='lat' dir='ltr'><strong><em>venu-</em></strong></span> 
     </span>
    </p>
   </div>
   <div class='ocr_carea' id='block_1_58' title="bbox 2140 2918 3717 3009">
    <p class='ocr_par' dir='ltr' id='par_1_58' title="bbox 2140 2918 3717 3009">
     <span class='ocr_line' id='line_1_58' title="bbox 2140 2918 3717 3009; baseline 0.015 -37"><span class='ocrx_word' id='word_1_480' title='bbox 2140 2918 2245 2974; x_wconf 86' lang='lat' dir='ltr'><strong><em>lam</em></strong></span> <span class='ocrx_word' id='word_1_481' title='bbox 2267 2924 2475 2992; x_wconf 89' lang='lat' dir='ltr'><strong><em>scalpis,</em></strong></span> <span class='ocrx_word' id='word_1_482' title='bbox 2504 2933 2555 2978; x_wconf 90' lang='lat' dir='ltr'><strong><em>et</em></strong></span> <span class='ocrx_word' id='word_1_483' title='bbox 2577 2926 2840 2982; x_wconf 85' lang='lat' dir='ltr'><strong><em>humorem</em></strong></span> <span class='ocrx_word' id='word_1_484' title='bbox 2863 2930 2926 2983; x_wconf 89' lang='lat' dir='ltr'><strong><em>de</em></strong></span> <span class='ocrx_word' id='word_1_485' title='bbox 2953 2934 3152 3001; x_wconf 88' lang='lat' dir='ltr'><strong><em>pumice</em></strong></span> <span class='ocrx_word' id='word_1_486' title='bbox 3177 2939 3382 2991; x_wconf 89' lang='lat' dir='ltr'><strong><em>conaris</em></strong></span> <span class='ocrx_word' id='word_1_487' title='bbox 3409 2942 3717 3009; x_wconf 76' lang='lat' dir='ltr'><strong><em>exprimere.</em></strong></span> 
     </span>
    </p>
   </div>
   <div class='ocr_carea' id='block_1_59' title="bbox 2139 3010 3721 3096">
    <p class='ocr_par' dir='ltr' id='par_1_59' title="bbox 2139 3010 3721 3096">
     <span class='ocr_line' id='line_1_59' title="bbox 2139 3010 3721 3096; baseline 0.016 -34"><span class='ocrx_word' id='word_1_488' title='bbox 2139 3010 2242 3064; x_wconf 82' lang='lat' dir='ltr'><strong><em>Aut</em></strong></span> <span class='ocrx_word' id='word_1_489' title='bbox 2287 3016 2424 3067; x_wconf 90' lang='lat' dir='ltr'><strong><em>enim</em></strong></span> <span class='ocrx_word' id='word_1_490' title='bbox 2471 3016 2645 3071; x_wconf 88' lang='lat' dir='ltr'><strong><em>nullus</em></strong></span> <span class='ocrx_word' id='word_1_491' title='bbox 2691 3020 2816 3073; x_wconf 90' lang='lat' dir='ltr'><strong><em>mihi</em></strong></span> <span class='ocrx_word' id='word_1_492' title='bbox 2863 3022 2929 3074; x_wconf 90' lang='lat' dir='ltr'><strong><em>de</em></strong></span> <span class='ocrx_word' id='word_1_493' title='bbox 2974 3023 3298 3093; x_wconf 75' lang='lat' dir='ltr'><strong><em>inspirantiae</em></strong></span> <span class='ocrx_word' id='word_1_494' title='bbox 3341 3030 3587 3096; x_wconf 89' lang='lat' dir='ltr'><strong><em>siccitate,</em></strong></span> <span class='ocrx_word' id='word_1_495' title='bbox 3629 3043 3721 3087; x_wconf 89' lang='lat' dir='ltr'><strong><em>aut</em></strong></span> 
     </span>
    </p>
   </div>
   <div class='ocr_carea' id='block_1_60' title="bbox 459 3102 2039 3193">
    <p class='ocr_par' dir='ltr' id='par_1_60' title="bbox 459 3102 2039 3193">
     <span class='ocr_line' id='line_1_60' title="bbox 459 3102 2039 3193; baseline 0.002 -20"><span class='ocrx_word' id='word_1_496' title='bbox 459 3121 637 3176; x_wconf 86' lang='lat' dir='ltr'><strong><em>divina</em></strong></span> <span class='ocrx_word' id='word_1_497' title='bbox 662 3122 847 3175; x_wconf 89' lang='lat' dir='ltr'><strong><em>virtute</em></strong></span> <span class='ocrx_word' id='word_1_498' title='bbox 865 3123 1145 3190; x_wconf 76' lang='lat' dir='ltr'><strong><em>firmatam,</em></strong></span> <span class='ocrx_word' id='word_1_499' title='bbox 1161 3102 1232 3174; x_wconf 18' lang='lat' dir='ltr'><strong><em>rut</em></strong></span> <span class='ocrx_word' id='word_1_500' title='bbox 1252 3123 1382 3187; x_wconf 69' lang='lat' dir='ltr'><strong><em>dixi,</em></strong></span> <span class='ocrx_word' id='word_1_501' title='bbox 1405 3102 1589 3192; x_wconf 80' lang='lat' dir='ltr'><strong><em>spiritu</em></strong></span> <span class='ocrx_word' id='word_1_502' title='bbox 1634 3125 1874 3193; x_wconf 90' lang='lat' dir='ltr'><strong><em>propiore</em></strong></span> <span class='ocrx_word' id='word_1_503' title='bbox 1918 3102 2039 3176; x_wconf 83' lang='lat' dir='ltr'><strong><em>con-</em></strong></span> 
     </span>
    </p>
   </div>
   <div class='ocr_carea' id='block_1_61' title="bbox 2141 3102 3719 3193">
    <p class='ocr_par' dir='ltr' id='par_1_61' title="bbox 2144 3104 3719 3190">
     <span class='ocr_line' id='line_1_61' title="bbox 2144 3104 3719 3190; baseline 0.016 -36"><span class='ocrx_word' id='word_1_504' title='bbox 2144 3119 2353 3158; x_wconf 88' lang='lat' dir='ltr'><strong><em>amarus</em></strong></span> <span class='ocrx_word' id='word_1_505' title='bbox 2374 3104 2437 3158; x_wconf 87' lang='lat' dir='ltr'><strong><em>de</em></strong></span> <span class='ocrx_word' id='word_1_506' title='bbox 2475 3107 2690 3161; x_wconf 77' lang='lat' dir='ltr'><strong><em>malitite</em></strong></span> <span class='ocrx_word' id='word_1_507' title='bbox 2718 3111 2839 3180; x_wconf 79' lang='lat' dir='ltr'><strong><em>felle</em></strong></span> <span class='ocrx_word' id='word_1_508' title='bbox 2888 3115 3004 3182; x_wconf 78' lang='lat' dir='ltr'><strong><em>fons</em></strong></span> <span class='ocrx_word' id='word_1_509' title='bbox 3032 3116 3170 3170; x_wconf 90' lang='lat' dir='ltr'><strong><em>intus</em></strong></span> <span class='ocrx_word' id='word_1_510' title='bbox 3198 3126 3292 3181; x_wconf 90' lang='lat' dir='ltr'><strong><em>est,</em></strong></span> <span class='ocrx_word' id='word_1_511' title='bbox 3322 3136 3469 3190; x_wconf 88' lang='lat' dir='ltr'><strong><em>quem</em></strong></span> <span class='ocrx_word' id='word_1_512' title='bbox 3520 3127 3719 3179; x_wconf 85' lang='lat' dir='ltr'><strong><em>utinam</em></strong></span> 
     </span>
    </p>
   </div>
   <div class='ocr_carea' id='block_1_62' title="bbox 467 3212 2042 3283">
    <p class='ocr_par' dir='ltr' id='par_1_62' title="bbox 467 3212 2042 3283">
     <span class='ocr_line' id='line_1_62' title="bbox 467 3212 2042 3283; baseline 0.001 -18"><span class='ocrx_word' id='word_1_513' title='bbox 467 3213 710 3279; x_wconf 88' lang='lat' dir='ltr'><strong><em>spiceres,</em></strong></span> <span class='ocrx_word' id='word_1_514' title='bbox 741 3220 789 3263; x_wconf 92' lang='lat' dir='ltr'><strong><em>et</em></strong></span> <span class='ocrx_word' id='word_1_515' title='bbox 840 3212 1056 3264; x_wconf 80' lang='lat' dir='ltr'><strong><em>mixtam</em></strong></span> <span class='ocrx_word' id='word_1_516' title='bbox 1104 3227 1218 3263; x_wconf 90' lang='lat' dir='ltr'><strong><em>cum</em></strong></span> <span class='ocrx_word' id='word_1_517' title='bbox 1264 3212 1447 3265; x_wconf 84' lang='lat' dir='ltr'><strong><em>virtute</em></strong></span> <span class='ocrx_word' id='word_1_518' title='bbox 1470 3214 1713 3282; x_wconf 88' lang='lat' dir='ltr'><strong><em>pietatem</em></strong></span> <span class='ocrx_word' id='word_1_519' title='bbox 1733 3213 1931 3283; x_wconf 90' lang='lat' dir='ltr'><strong><em>eloquio</em></strong></span> <span class='ocrx_word' id='word_1_520' title='bbox 1956 3213 2042 3266; x_wconf 79' lang='lat' dir='ltr'><strong><em>di-</em></strong></span> 
     </span>
    </p>
   </div>
   <div class='ocr_carea' id='block_1_63' title="bbox 459 3301 926 3372">
    <p class='ocr_par' dir='ltr' id='par_1_63' title="bbox 459 3301 926 3372">
     <span class='ocr_line' id='line_1_63' title="bbox 459 3301 926 3372; baseline 0 -18"><span class='ocrx_word' id='word_1_521' title='bbox 459 3303 638 3372; x_wconf 88' lang='lat' dir='ltr'><strong><em>gniore</em></strong></span> <span class='ocrx_word' id='word_1_522' title='bbox 666 3301 926 3354; x_wconf 89' lang='lat' dir='ltr'><strong><em>laudares.</em></strong></span> 
     </span>
    </p>
   </div>
   <div class='ocr_carea' id='block_1_64' title="bbox 526 3408 2042 3480">
    <p class='ocr_par' dir='ltr' id='par_1_64' title="bbox 526 3408 2042 3480">
     <span class='ocr_line' id='line_1_64' title="bbox 526 3408 2042 3480; baseline 0.003 -19"><span class='ocrx_word' id='word_1_523' title='bbox 526 3410 580 3462; x_wconf 73' lang='lat'><strong><em>2.</em></strong></span> <span class='ocrx_word' id='word_1_524' title='bbox 614 3408 826 3474; x_wconf 88' lang='lat' dir='ltr'><strong><em>Quanto</em></strong></span> <span class='ocrx_word' id='word_1_525' title='bbox 847 3417 964 3463; x_wconf 88' lang='lat' dir='ltr'><strong><em>erat</em></strong></span> <span class='ocrx_word' id='word_1_526' title='bbox 989 3410 1148 3464; x_wconf 90' lang='lat' dir='ltr'><strong><em>vilior</em></strong></span> <span class='ocrx_word' id='word_1_527' title='bbox 1173 3410 1255 3464; x_wconf 90' lang='lat' dir='ltr'><strong><em>sui</em></strong></span> <span class='ocrx_word' id='word_1_528' title='bbox 1304 3409 1467 3480; x_wconf 86' lang='lat' dir='ltr'><strong><em>ipsius</em></strong></span> <span class='ocrx_word' id='word_1_529' title='bbox 1496 3411 1839 3475; x_wconf 85' lang='lat' dir='ltr'><strong><em>existimatio,</em></strong></span> <span class='ocrx_word' id='word_1_530' title='bbox 1890 3419 2042 3466; x_wconf 87' lang='lat' dir='ltr'><strong><em>tanto</em></strong></span> 
     </span>
    </p>
   </div>
   <div class='ocr_carea' id='block_1_65' title="bbox 463 3498 2043 3568">
    <p class='ocr_par' dir='ltr' id='par_1_65' title="bbox 463 3498 2043 3568">
     <span class='ocr_line' id='line_1_65' title="bbox 463 3498 2043 3568; baseline 0.002 -16"><span class='ocrx_word' id='word_1_531' title='bbox 463 3499 638 3567; x_wconf 87' lang='lat' dir='ltr'><strong><em>major</em></strong></span> <span class='ocrx_word' id='word_1_532' title='bbox 683 3507 799 3551; x_wconf 91' lang='lat' dir='ltr'><strong><em>erat</em></strong></span> <span class='ocrx_word' id='word_1_533' title='bbox 844 3500 983 3568; x_wconf 88' lang='lat' dir='ltr'><strong><em>apud</em></strong></span> <span class='ocrx_word' id='word_1_534' title='bbox 1026 3500 1161 3553; x_wconf 89' lang='lat' dir='ltr'><strong><em>alios</em></strong></span> <span class='ocrx_word' id='word_1_535' title='bbox 1202 3500 1342 3554; x_wconf 90' lang='lat' dir='ltr'><strong><em>illius</em></strong></span> <span class='ocrx_word' id='word_1_536' title='bbox 1370 3498 1507 3553; x_wconf 84' lang='lat' dir='ltr'><strong><em>fama</em></strong></span> <span class='ocrx_word' id='word_1_537' title='bbox 1538 3501 1629 3568; x_wconf 91' lang='lat' dir='ltr'><strong><em>qui</em></strong></span> <span class='ocrx_word' id='word_1_538' title='bbox 1657 3516 1778 3554; x_wconf 90' lang='lat' dir='ltr'><strong><em>eum</em></strong></span> <span class='ocrx_word' id='word_1_539' title='bbox 1801 3501 1853 3554; x_wconf 90' lang='lat' dir='ltr'><strong><em>in</em></strong></span> <span class='ocrx_word' id='word_1_540' title='bbox 1884 3501 2043 3555; x_wconf 87' lang='lat' dir='ltr'><strong><em>rebus</em></strong></span> 
     </span>
    </p>
   </div>
   <div class='ocr_carea' id='block_1_66' title="bbox 460 3588 2045 3659">
    <p class='ocr_par' dir='ltr' id='par_1_66' title="bbox 460 3588 2045 3659">
     <span class='ocr_line' id='line_1_66' title="bbox 460 3588 2045 3659; baseline 0.001 -17"><span class='ocrx_word' id='word_1_541' title='bbox 460 3588 859 3642; x_wconf 87' lang='lat' dir='ltr'><strong><em>obscurioribus</em></strong></span> <span class='ocrx_word' id='word_1_542' title='bbox 909 3589 1281 3653; x_wconf 85' lang='lat' dir='ltr'><strong><em>consulebant,</em></strong></span> <span class='ocrx_word' id='word_1_543' title='bbox 1333 3598 1388 3644; x_wconf 89' lang='lat' dir='ltr'><strong><em>et</em></strong></span> <span class='ocrx_word' id='word_1_544' title='bbox 1416 3590 1683 3659; x_wconf 80' lang='lat' dir='ltr'><strong><em>praecipue</em></strong></span> <span class='ocrx_word' id='word_1_545' title='bbox 1712 3590 1850 3658; x_wconf 90' lang='lat' dir='ltr'><strong><em>apud</em></strong></span> <span class='ocrx_word' id='word_1_546' title='bbox 1873 3589 2045 3657; x_wconf 68' lang='lat' dir='ltr'><strong><em>Augu-</em></strong></span> 
     </span>
    </p>
   </div>
   <div class='ocr_carea' id='block_1_67' title="bbox 457 3679 2043 3751">
    <p class='ocr_par' dir='ltr' id='par_1_67' title="bbox 457 3679 2043 3751">
     <span class='ocr_line' id='line_1_67' title="bbox 457 3679 2043 3751; baseline 0.001 -17"><span class='ocrx_word' id='word_1_547' title='bbox 457 3681 676 3746; x_wconf 85' lang='lat' dir='ltr'><strong><em>stinum,</em></strong></span> <span class='ocrx_word' id='word_1_548' title='bbox 721 3681 811 3749; x_wconf 90' lang='lat' dir='ltr'><strong><em>qui</em></strong></span> <span class='ocrx_word' id='word_1_549' title='bbox 851 3679 1127 3734; x_wconf 87' lang='lat' dir='ltr'><strong><em>Paulinum</em></strong></span> <span class='ocrx_word' id='word_1_550' title='bbox 1176 3681 1540 3750; x_wconf 81' lang='lat' dir='ltr'><strong><em>interrogavit,</em></strong></span> <span class='ocrx_word' id='word_1_551' title='bbox 1596 3691 1618 3718; x_wconf 74' lang='grc' dir='ltr'>ε</span> <span class='ocrx_word' id='word_1_552' title='bbox 1647 3696 1889 3749; x_wconf 76' lang='lat' dir='ltr'><strong><em>quamam</em></strong></span> <span class='ocrx_word' id='word_1_553' title='bbox 1921 3690 2043 3751; x_wconf 88' lang='lat' dir='ltr'><strong><em>post</em></strong></span> 
     </span>
    </p>
   </div>
   <div class='ocr_carea' id='block_1_68' title="bbox 460 3770 2039 3826">
    <p class='ocr_par' dir='ltr' id='par_1_68' title="bbox 460 3770 2039 3826">
     <span class='ocr_line' id='line_1_68' title="bbox 460 3770 2039 3826; baseline 0.001 -3"><span class='ocrx_word' id='word_1_554' title='bbox 460 3771 906 3825; x_wconf 81' lang='lat' dir='ltr'><strong><em>resurrectionem</em></strong></span> <span class='ocrx_word' id='word_1_555' title='bbox 935 3772 1114 3826; x_wconf 87' lang='lat' dir='ltr'><strong><em>carnis</em></strong></span> <span class='ocrx_word' id='word_1_556' title='bbox 1137 3771 1189 3825; x_wconf 92' lang='lat' dir='ltr'><strong><em>in</em></strong></span> <span class='ocrx_word' id='word_1_557' title='bbox 1212 3771 1304 3825; x_wconf 93' lang='lat' dir='ltr'><strong><em>illo</em></strong></span> <span class='ocrx_word' id='word_1_558' title='bbox 1325 3772 1509 3826; x_wconf 89' lang='lat' dir='ltr'><strong><em>seculo</em></strong></span> <span class='ocrx_word' id='word_1_559' title='bbox 1535 3771 1815 3825; x_wconf 83' lang='lat' dir='ltr'><strong><em>beatorum</em></strong></span> <span class='ocrx_word' id='word_1_560' title='bbox 1862 3770 2039 3825; x_wconf 78' lang='lat' dir='ltr'><strong><em>futura</em></strong></span> 
     </span>
    </p>
   </div>
   <div class='ocr_carea' id='block_1_69' title="bbox 456 3862 2040 3934">
    <p class='ocr_par' dir='ltr' id='par_1_69' title="bbox 456 3862 2040 3934">
     <span class='ocr_line' id='line_1_69' title="bbox 456 3862 2040 3934; baseline -0.002 -16"><span class='ocrx_word' id='word_1_561' title='bbox 456 3872 602 3918; x_wconf 86' lang='lat' dir='ltr'><strong><em>esset</em></strong></span> <span class='ocrx_word' id='word_1_562' title='bbox 627 3863 786 3918; x_wconf 89' lang='lat' dir='ltr'><strong><em>actio.</em></strong></span> <span class='ocrx_word' id='word_1_563' title='bbox 820 3863 899 3917; x_wconf 88' lang='lat' dir='ltr'><strong><em>Ad</em></strong></span> <span class='ocrx_word' id='word_1_564' title='bbox 928 3863 1041 3919; x_wconf 64' lang='lat' dir='ltr'><strong><em>haec</em></strong></span> <span class='ocrx_word' id='word_1_565' title='bbox 1094 3864 1183 3919; x_wconf 90' lang='lat' dir='ltr'><strong><em>ille</em></strong></span> <span class='ocrx_word' id='word_1_566' title='bbox 1212 3864 1486 3932; x_wconf 87' lang='lat' dir='ltr'><strong><em>respondit</em></strong></span> <span class='ocrx_word' id='word_1_567' title='bbox 1514 3863 1529 3901; x_wconf 72' lang='grc' dir='ltr'><strong>ί</strong></span> <span class='ocrx_word' id='word_1_568' title='bbox 1559 3881 1573 3918; x_wconf 87' lang='lat'><strong>:</strong></span> <span class='ocrx_word' id='word_1_569' title='bbox 1604 3865 1671 3917; x_wconf 83' lang='lat' dir='ltr'><strong><em>At</em></strong></span> <span class='ocrx_word' id='word_1_570' title='bbox 1694 3880 1786 3934; x_wconf 90' lang='lat' dir='ltr'><strong><em>ego</em></strong></span> <span class='ocrx_word' id='word_1_571' title='bbox 1816 3862 1878 3915; x_wconf 88' lang='lat' dir='ltr'><strong><em>dc</em></strong></span> <span class='ocrx_word' id='word_1_572' title='bbox 1905 3879 2040 3932; x_wconf 74' lang='lat' dir='ltr'><strong><em>pra:-</em></strong></span> 
     </span>
    </p>
   </div>
   <div class='ocr_carea' id='block_1_70' title="bbox 456 3956 2035 4024">
    <p class='ocr_par' dir='ltr' id='par_1_70' title="bbox 456 3956 2035 4024">
     <span class='ocr_line' id='line_1_70' title="bbox 456 3956 2035 4024; baseline -0.001 -15"><span class='ocrx_word' id='word_1_573' title='bbox 456 3958 589 4009; x_wconf 85' lang='lat' dir='ltr'><strong><em>senti</em></strong></span> <span class='ocrx_word' id='word_1_574' title='bbox 612 3958 727 4009; x_wconf 77' lang='lat' dir='ltr'><strong><em>vita:</em></strong></span> <span class='ocrx_word' id='word_1_575' title='bbox 755 3970 881 4007; x_wconf 74' lang='lat' dir='ltr'><strong><em>mea:</em></strong></span> <span class='ocrx_word' id='word_1_576' title='bbox 910 3964 1048 4007; x_wconf 89' lang='lat' dir='ltr'><strong><em>statu</em></strong></span> <span class='ocrx_word' id='word_1_577' title='bbox 1076 3966 1124 4008; x_wconf 91' lang='lat' dir='ltr'><strong><em>et</em></strong></span> <span class='ocrx_word' id='word_1_578' title='bbox 1152 3958 1453 4024; x_wconf 88' lang='lat' dir='ltr'><strong><em>magistrum</em></strong></span> <span class='ocrx_word' id='word_1_579' title='bbox 1476 3965 1523 4008; x_wconf 90' lang='lat' dir='ltr'><strong><em>et</em></strong></span> <span class='ocrx_word' id='word_1_580' title='bbox 1545 3958 1797 4009; x_wconf 84' lang='lat' dir='ltr'><strong><em>medicum</em></strong></span> <span class='ocrx_word' id='word_1_581' title='bbox 1822 3956 2035 4024; x_wconf 86' lang='lat' dir='ltr'><strong><em>spirita-</em></strong></span> 
     </span>
    </p>
   </div>
   <div class='ocr_carea' id='block_1_71' title="bbox 457 4043 2037 4111">
    <p class='ocr_par' dir='ltr' id='par_1_71' title="bbox 457 4043 2037 4111">
     <span class='ocr_line' id='line_1_71' title="bbox 457 4043 2037 4111; baseline -0.003 -11"><span class='ocrx_word' id='word_1_582' title='bbox 457 4044 556 4101; x_wconf 89' lang='lat' dir='ltr'><strong><em>lem</em></strong></span> <span class='ocrx_word' id='word_1_583' title='bbox 581 4043 810 4107; x_wconf 90' lang='lat' dir='ltr'><strong><em>consulo,</em></strong></span> <span class='ocrx_word' id='word_1_584' title='bbox 835 4051 889 4095; x_wconf 93' lang='lat' dir='ltr'><strong><em>ut</em></strong></span> <span class='ocrx_word' id='word_1_585' title='bbox 909 4043 1088 4096; x_wconf 91' lang='lat' dir='ltr'><strong><em>doceat</em></strong></span> <span class='ocrx_word' id='word_1_586' title='bbox 1119 4058 1198 4094; x_wconf 89' lang='lat' dir='ltr'><strong><em>me</em></strong></span> <span class='ocrx_word' id='word_1_587' title='bbox 1219 4045 1388 4111; x_wconf 74' lang='lat' dir='ltr'><strong><em>facere</em></strong></span> <span class='ocrx_word' id='word_1_588' title='bbox 1409 4046 1723 4097; x_wconf 84' lang='lat' dir='ltr'><strong><em>voluntatem</em></strong></span> <span class='ocrx_word' id='word_1_589' title='bbox 1774 4043 1888 4105; x_wconf 90' lang='lat' dir='ltr'><strong><em>Dei,</em></strong></span> <span class='ocrx_word' id='word_1_590' title='bbox 1939 4045 2037 4096; x_wconf 89' lang='lat' dir='ltr'><strong><em>tuis</em></strong></span> 
     </span>
    </p>
   </div>
   <div class='ocr_carea' id='block_1_72' title="bbox 456 4125 2038 4201">
    <p class='ocr_par' dir='ltr' id='par_1_72' title="bbox 456 4125 2038 4201">
     <span class='ocr_line' id='line_1_72' title="bbox 456 4125 2038 4201; baseline -0.002 -15"><span class='ocrx_word' id='word_1_591' title='bbox 456 4133 680 4201; x_wconf 86' lang='lat' dir='ltr'><strong><em>vestigiis</em></strong></span> <span class='ocrx_word' id='word_1_592' title='bbox 701 4132 965 4184; x_wconf 89' lang='lat' dir='ltr'><strong><em>ambulare</em></strong></span> <span class='ocrx_word' id='word_1_593' title='bbox 994 4138 1107 4201; x_wconf 89' lang='lat' dir='ltr'><strong><em>post</em></strong></span> <span class='ocrx_word' id='word_1_594' title='bbox 1141 4125 1421 4194; x_wconf 77' lang='lat' dir='ltr'><strong><em>Christum,</em></strong></span> <span class='ocrx_word' id='word_1_595' title='bbox 1450 4140 1499 4183; x_wconf 93' lang='lat' dir='ltr'><strong><em>et</em></strong></span> <span class='ocrx_word' id='word_1_596' title='bbox 1528 4141 1691 4185; x_wconf 89' lang='lat' dir='ltr'><strong><em>morte</em></strong></span> <span class='ocrx_word' id='word_1_597' title='bbox 1733 4131 1833 4183; x_wconf 89' lang='lat' dir='ltr'><strong><em>ista</em></strong></span> <span class='ocrx_word' id='word_1_598' title='bbox 1864 4129 2038 4183; x_wconf 87' lang='lat' dir='ltr'><strong><em>Evan-</em></strong></span> 
     </span>
    </p>
   </div>
   <div class='ocr_carea' id='block_1_73' title="bbox 457 4220 2035 4293">
    <p class='ocr_par' dir='ltr' id='par_1_73' title="bbox 457 4220 2035 4293">
     <span class='ocr_line' id='line_1_73' title="bbox 457 4220 2035 4293; baseline -0.002 -18"><span class='ocrx_word' id='word_1_599' title='bbox 457 4225 618 4293; x_wconf 86' lang='lat' dir='ltr'><strong><em>gelica</em></strong></span> <span class='ocrx_word' id='word_1_600' title='bbox 638 4223 780 4291; x_wconf 89' lang='lat' dir='ltr'><strong><em>prius</em></strong></span> <span class='ocrx_word' id='word_1_601' title='bbox 807 4221 985 4285; x_wconf 86' lang='lat' dir='ltr'><strong><em>emori,</em></strong></span> <span class='ocrx_word' id='word_1_602' title='bbox 1023 4237 1124 4291; x_wconf 90' lang='lat' dir='ltr'><strong><em>qua</em></strong></span> <span class='ocrx_word' id='word_1_603' title='bbox 1170 4220 1432 4273; x_wconf 86' lang='lat' dir='ltr'><strong><em>carnalem</em></strong></span> <span class='ocrx_word' id='word_1_604' title='bbox 1460 4221 1817 4275; x_wconf 88' lang='lat' dir='ltr'><strong><em>resolutionem</em></strong></span> <span class='ocrx_word' id='word_1_605' title='bbox 1855 4220 2035 4273; x_wconf 86' lang='lat' dir='ltr'><strong><em>volun-</em></strong></span> 
     </span>
    </p>
   </div>
   <div class='ocr_carea' id='block_1_74' title="bbox 458 4310 2039 4382">
    <p class='ocr_par' dir='ltr' id='par_1_74' title="bbox 458 4310 2039 4382">
     <span class='ocr_line' id='line_1_74' title="bbox 458 4310 2039 4382; baseline -0.001 -17"><span class='ocrx_word' id='word_1_606' title='bbox 458 4315 592 4366; x_wconf 90' lang='lat' dir='ltr'><strong><em>tario</em></strong></span> <span class='ocrx_word' id='word_1_607' title='bbox 618 4313 956 4382; x_wconf 71' lang='lat' dir='ltr'><strong><em>prazvenimus</em></strong></span> <span class='ocrx_word' id='word_1_608' title='bbox 981 4328 1211 4373; x_wconf 75' lang='lat' dir='ltr'><strong><em>excessu,</em></strong></span> <span class='ocrx_word' id='word_1_609' title='bbox 1239 4328 1341 4364; x_wconf 92' lang='lat' dir='ltr'><strong><em>non</em></strong></span> <span class='ocrx_word' id='word_1_610' title='bbox 1363 4310 1519 4374; x_wconf 90' lang='lat' dir='ltr'><strong><em>obitu,</em></strong></span> <span class='ocrx_word' id='word_1_611' title='bbox 1542 4312 1633 4365; x_wconf 88' lang='lat' dir='ltr'><strong><em>sed</em></strong></span> <span class='ocrx_word' id='word_1_612' title='bbox 1670 4312 1923 4365; x_wconf 87' lang='lat' dir='ltr'><strong><em>sententia</em></strong></span> <span class='ocrx_word' id='word_1_613' title='bbox 1962 4328 2039 4364; x_wconf 89' lang='lat' dir='ltr'><strong><em>re-</em></strong></span> 
     </span>
    </p>
   </div>
   <div class='ocr_carea' id='block_1_75' title="bbox 456 4400 2033 4475">
    <p class='ocr_par' dir='ltr' id='par_1_75' title="bbox 456 4400 2033 4475">
     <span class='ocr_line' id='line_1_75' title="bbox 456 4400 2033 4475; baseline -0.001 -21"><span class='ocrx_word' id='word_1_614' title='bbox 456 4402 689 4454; x_wconf 84' lang='lat' dir='ltr'><strong><em>cedentes</em></strong></span> <span class='ocrx_word' id='word_1_615' title='bbox 737 4400 799 4452; x_wconf 88' lang='lat' dir='ltr'><strong><em>ab</em></strong></span> <span class='ocrx_word' id='word_1_616' title='bbox 853 4401 1005 4470; x_wconf 87' lang='lat' dir='ltr'><strong><em>hujus</em></strong></span> <span class='ocrx_word' id='word_1_617' title='bbox 1055 4400 1211 4454; x_wconf 88' lang='lat' dir='ltr'><strong><em>seculi</em></strong></span> <span class='ocrx_word' id='word_1_618' title='bbox 1255 4402 1357 4453; x_wconf 85' lang='lat' dir='ltr'><strong><em>vita</em></strong></span> <span class='ocrx_word' id='word_1_619' title='bbox 1408 4418 1520 4471; x_wconf 75' lang='lat' dir='ltr'><strong><em>qua:</em></strong></span> <span class='ocrx_word' id='word_1_620' title='bbox 1562 4411 1667 4453; x_wconf 90' lang='lat' dir='ltr'><strong><em>tota</em></strong></span> <span class='ocrx_word' id='word_1_621' title='bbox 1684 4403 2033 4475; x_wconf 33' lang='lat' dir='ltr'><strong><em>Itentationum</em></strong></span> 
     </span>
    </p>
   </div>
   <div class='ocr_carea' id='block_1_76' title="bbox 457 4491 2033 4564">
    <p class='ocr_par' dir='ltr' id='par_1_76' title="bbox 457 4491 2033 4564">
     <span class='ocr_line' id='line_1_76' title="bbox 457 4491 2033 4564; baseline -0.001 -19"><span class='ocrx_word' id='word_1_622' title='bbox 457 4493 627 4563; x_wconf 87' lang='lat' dir='ltr'><strong><em>plena,</em></strong></span> <span class='ocrx_word' id='word_1_623' title='bbox 656 4492 749 4557; x_wconf 88' lang='lat' dir='ltr'><strong><em>vel,</em></strong></span> <span class='ocrx_word' id='word_1_624' title='bbox 772 4502 827 4545; x_wconf 92' lang='lat' dir='ltr'><strong><em>ut</em></strong></span> <span class='ocrx_word' id='word_1_625' title='bbox 857 4502 881 4539; x_wconf 80' lang='grc' dir='ltr'><strong><em>ες</em></strong></span> <span class='ocrx_word' id='word_1_626' title='bbox 910 4500 963 4545; x_wconf 86' lang='lat' dir='ltr'><strong><em>tu</em></strong></span> <span class='ocrx_word' id='word_1_627' title='bbox 984 4491 1261 4564; x_wconf 86' lang='lat' dir='ltr'><strong><em>aliquando</em></strong></span> <span class='ocrx_word' id='word_1_628' title='bbox 1285 4491 1354 4544; x_wconf 92' lang='lat' dir='ltr'><strong><em>ad</em></strong></span> <span class='ocrx_word' id='word_1_629' title='bbox 1374 4509 1452 4545; x_wconf 90' lang='lat' dir='ltr'><strong><em>me</em></strong></span> <span class='ocrx_word' id='word_1_630' title='bbox 1472 4492 1670 4545; x_wconf 89' lang='lat' dir='ltr'><strong><em>locutus</em></strong></span> <span class='ocrx_word' id='word_1_631' title='bbox 1697 4509 1772 4557; x_wconf 88' lang='lat' dir='ltr'><strong><em>es,</em></strong></span> <span class='ocrx_word' id='word_1_632' title='bbox 1796 4501 1900 4545; x_wconf 91' lang='lat' dir='ltr'><strong><em>tota</em></strong></span> <span class='ocrx_word' id='word_1_633' title='bbox 1922 4498 2033 4544; x_wconf 89' lang='lat' dir='ltr'><strong><em>ten-</em></strong></span> 
     </span>
    </p>
   </div>
   <div class='ocr_carea' id='block_1_77' title="bbox 457 4583 2031 4654">
    <p class='ocr_par' dir='ltr' id='par_1_77' title="bbox 457 4583 2031 4654">
     <span class='ocr_line' id='line_1_77' title="bbox 457 4583 2031 4654; baseline -0.001 -17"><span class='ocrx_word' id='word_1_634' title='bbox 457 4585 583 4637; x_wconf 82' lang='lat' dir='ltr'><strong><em>tatio</em></strong></span> <span class='ocrx_word' id='word_1_635' title='bbox 603 4593 698 4638; x_wconf 90' lang='lat' dir='ltr'><strong><em>est.</em></strong></span> <span class='ocrx_word' id='word_1_636' title='bbox 726 4583 937 4637; x_wconf 89' lang='lat' dir='ltr'><strong><em>Utinam</em></strong></span> <span class='ocrx_word' id='word_1_637' title='bbox 960 4600 1080 4653; x_wconf 85' lang='lat' dir='ltr'><strong><em>ergo</em></strong></span> <span class='ocrx_word' id='word_1_638' title='bbox 1108 4583 1182 4636; x_wconf 89' lang='lat' dir='ltr'><strong><em>sic</em></strong></span> <span class='ocrx_word' id='word_1_639' title='bbox 1209 4583 1503 4653; x_wconf 88' lang='lat' dir='ltr'><strong><em>dirigantur</em></strong></span> <span class='ocrx_word' id='word_1_640' title='bbox 1532 4585 1628 4637; x_wconf 68' lang='lat' dir='ltr'><strong><em>viae</em></strong></span> <span class='ocrx_word' id='word_1_641' title='bbox 1663 4600 1790 4638; x_wconf 77' lang='lat' dir='ltr'><strong><em>mea:</em></strong></span> <span class='ocrx_word' id='word_1_642' title='bbox 1813 4591 1927 4654; x_wconf 89' lang='lat' dir='ltr'><strong><em>post</em></strong></span> <span class='ocrx_word' id='word_1_643' title='bbox 1946 4600 2031 4636; x_wconf 85' lang='lat' dir='ltr'><strong><em>ve-</em></strong></span> 
     </span>
    </p>
   </div>
   <div class='ocr_carea' id='block_1_78' title="bbox 455 4676 2031 4747">
    <p class='ocr_par' dir='ltr' id='par_1_78' title="bbox 455 4676 2031 4747">
     <span class='ocr_line' id='line_1_78' title="bbox 455 4676 2031 4747; baseline 0.001 -19"><span class='ocrx_word' id='word_1_644' title='bbox 455 4677 609 4747; x_wconf 90' lang='lat' dir='ltr'><strong><em>stigia</em></strong></span> <span class='ocrx_word' id='word_1_645' title='bbox 632 4685 737 4741; x_wconf 88' lang='lat' dir='ltr'><strong><em>tua,</em></strong></span> <span class='ocrx_word' id='word_1_646' title='bbox 767 4685 822 4729; x_wconf 92' lang='lat' dir='ltr'><strong><em>ut</em></strong></span> <span class='ocrx_word' id='word_1_647' title='bbox 849 4676 1082 4747; x_wconf 80' lang='lat' dir='ltr'><strong><em>exemplo</em></strong></span> <span class='ocrx_word' id='word_1_648' title='bbox 1113 4684 1198 4729; x_wconf 92' lang='lat' dir='ltr'><strong><em>tuo</em></strong></span> <span class='ocrx_word' id='word_1_649' title='bbox 1220 4676 1418 4730; x_wconf 87' lang='lat' dir='ltr'><strong><em>solvens</em></strong></span> <span class='ocrx_word' id='word_1_650' title='bbox 1445 4676 1844 4729; x_wconf 90' lang='lat' dir='ltr'><strong><em>calceamentum</em></strong></span> <span class='ocrx_word' id='word_1_651' title='bbox 1890 4684 2031 4729; x_wconf 86' lang='lat' dir='ltr'><strong><em>vetus</em></strong></span> 
     </span>
    </p>
   </div>
   <div class='ocr_carea' id='block_1_79' title="bbox 456 4765 2032 4837">
    <p class='ocr_par' dir='ltr' id='par_1_79' title="bbox 456 4765 2032 4837">
     <span class='ocr_line' id='line_1_79' title="bbox 456 4765 2032 4837; baseline 0.001 -17"><span class='ocrx_word' id='word_1_652' title='bbox 456 4785 489 4820; x_wconf 84' lang='grc' dir='ltr'><em>ιι</em></span> <span class='ocrx_word' id='word_1_653' title='bbox 509 4765 718 4835; x_wconf 86' lang='lat' dir='ltr'><strong><em>pedibus</em></strong></span> <span class='ocrx_word' id='word_1_654' title='bbox 746 4767 854 4837; x_wconf 72' lang='grc' dir='ltr'>ω</span> <span class='ocrx_word' id='word_1_655' title='bbox 895 4769 1021 4821; x_wconf 89' lang='lat' dir='ltr'><strong><em>meis</em></strong></span> <span class='ocrx_word' id='word_1_656' title='bbox 1049 4768 1364 4837; x_wconf 88' lang='lat' dir='ltr'><strong><em>disrumpam</em></strong></span> <span class='ocrx_word' id='word_1_657' title='bbox 1394 4768 1596 4821; x_wconf 89' lang='lat' dir='ltr'><strong><em>vincula</em></strong></span> <span class='ocrx_word' id='word_1_658' title='bbox 1642 4784 1773 4833; x_wconf 90' lang='lat' dir='ltr'><strong><em>mea,</em></strong></span> <span class='ocrx_word' id='word_1_659' title='bbox 1807 4777 1856 4821; x_wconf 90' lang='lat' dir='ltr'><strong><em>et</em></strong></span> <span class='ocrx_word' id='word_1_660' title='bbox 1902 4768 2032 4822; x_wconf 91' lang='lat' dir='ltr'><strong><em>liber</em></strong></span> 
     </span>
    </p>
   </div>
   <div class='ocr_carea' id='block_1_80' title="bbox 454 4857 2029 4929">
    <p class='ocr_par' dir='ltr' id='par_1_80' title="bbox 454 4857 2029 4929">
     <span class='ocr_line' id='line_1_80' title="bbox 454 4857 2029 4929; baseline 0.001 -18"><span class='ocrx_word' id='word_1_661' title='bbox 454 4858 706 4911; x_wconf 66' lang='lat' dir='ltr'><strong><em>exsultem</em></strong></span> <span class='ocrx_word' id='word_1_662' title='bbox 733 4857 801 4909; x_wconf 91' lang='lat' dir='ltr'><strong><em>ad</em></strong></span> <span class='ocrx_word' id='word_1_663' title='bbox 823 4857 1127 4911; x_wconf 85' lang='lat' dir='ltr'><strong><em>currendum</em></strong></span> <span class='ocrx_word' id='word_1_664' title='bbox 1147 4859 1281 4911; x_wconf 88' lang='lat' dir='ltr'><strong><em>viam</em></strong></span> <span class='ocrx_word' id='word_1_665' title='bbox 1311 4875 1408 4929; x_wconf 92' lang='lat' dir='ltr'><strong><em>quo</em></strong></span> <span class='ocrx_word' id='word_1_666' title='bbox 1435 4859 1627 4928; x_wconf 89' lang='lat' dir='ltr'><strong><em>possim</em></strong></span> <span class='ocrx_word' id='word_1_667' title='bbox 1655 4859 1855 4929; x_wconf 89' lang='lat' dir='ltr'><strong><em>assequi</em></strong></span> <span class='ocrx_word' id='word_1_668' title='bbox 1884 4876 2029 4913; x_wconf 86' lang='lat' dir='ltr'><strong><em>mor-</em></strong></span> 
     </span>
    </p>
   </div>
   <div class='ocr_carea' id='block_1_81' title="bbox 456 4948 2025 5016">
    <p class='ocr_par' dir='ltr' id='par_1_81' title="bbox 456 4948 2025 5016">
     <span class='ocr_line' id='line_1_81' title="bbox 456 4948 2025 5016; baseline 0.002 -16"><span class='ocrx_word' id='word_1_669' title='bbox 456 4956 555 5000; x_wconf 91' lang='lat' dir='ltr'><strong><em>tem</em></strong></span> <span class='ocrx_word' id='word_1_670' title='bbox 578 4950 733 5000; x_wconf 88' lang='lat' dir='ltr'><strong><em>istam</em></strong></span> <span class='ocrx_word' id='word_1_671' title='bbox 753 4964 853 5016; x_wconf 89' lang='lat' dir='ltr'><strong><em>qua</em></strong></span> <span class='ocrx_word' id='word_1_672' title='bbox 874 4956 927 4999; x_wconf 91' lang='lat' dir='ltr'><strong><em>tu</em></strong></span> <span class='ocrx_word' id='word_1_673' title='bbox 948 4957 1177 5001; x_wconf 80' lang='lat' dir='ltr'><strong><em>mortuus</em></strong></span> <span class='ocrx_word' id='word_1_674' title='bbox 1196 4966 1249 5002; x_wconf 88' lang='lat' dir='ltr'><strong><em>es</em></strong></span> <span class='ocrx_word' id='word_1_675' title='bbox 1278 4949 1395 5002; x_wconf 90' lang='lat' dir='ltr'><strong><em>huic</em></strong></span> <span class='ocrx_word' id='word_1_676' title='bbox 1418 4949 1607 5013; x_wconf 85' lang='lat' dir='ltr'><strong><em>seculo,</em></strong></span> <span class='ocrx_word' id='word_1_677' title='bbox 1644 4957 1700 5002; x_wconf 90' lang='lat' dir='ltr'><strong><em>ut</em></strong></span> <span class='ocrx_word' id='word_1_678' title='bbox 1747 4951 1887 5003; x_wconf 87' lang='lat' dir='ltr'><strong><em>vivas</em></strong></span> <span class='ocrx_word' id='word_1_679' title='bbox 1914 4948 2025 5004; x_wconf 89' lang='lat' dir='ltr'><strong><em>Deo</em></strong></span> 
     </span>
    </p>
   </div>
   <div class='ocr_carea' id='block_1_82' title="bbox 454 5035 2031 5107">
    <p class='ocr_par' dir='ltr' id='par_1_82' title="bbox 454 5035 2031 5107">
     <span class='ocr_line' id='line_1_82' title="bbox 454 5035 2031 5107; baseline 0.002 -18"><span class='ocrx_word' id='word_1_680' title='bbox 454 5038 508 5089; x_wconf 88' lang='lat' dir='ltr'><strong><em>in</em></strong></span> <span class='ocrx_word' id='word_1_681' title='bbox 539 5035 738 5089; x_wconf 90' lang='lat' dir='ltr'><strong><em>Christo</em></strong></span> <span class='ocrx_word' id='word_1_682' title='bbox 759 5038 952 5090; x_wconf 66' lang='lat' dir='ltr'><strong><em>vivente</em></strong></span> <span class='ocrx_word' id='word_1_683' title='bbox 971 5037 1025 5090; x_wconf 87' lang='lat' dir='ltr'><strong><em>in</em></strong></span> <span class='ocrx_word' id='word_1_684' title='bbox 1055 5046 1119 5101; x_wconf 89' lang='lat' dir='ltr'><strong><em>te,</em></strong></span> <span class='ocrx_word' id='word_1_685' title='bbox 1143 5039 1289 5107; x_wconf 87' lang='lat' dir='ltr'><strong><em>cujus</em></strong></span> <span class='ocrx_word' id='word_1_686' title='bbox 1317 5046 1366 5091; x_wconf 93' lang='lat' dir='ltr'><strong><em>et</em></strong></span> <span class='ocrx_word' id='word_1_687' title='bbox 1387 5055 1522 5091; x_wconf 90' lang='lat' dir='ltr'><strong><em>mors</em></strong></span> <span class='ocrx_word' id='word_1_688' title='bbox 1551 5049 1599 5092; x_wconf 88' lang='lat' dir='ltr'><strong><em>et</em></strong></span> <span class='ocrx_word' id='word_1_689' title='bbox 1622 5040 1723 5092; x_wconf 87' lang='lat' dir='ltr'><strong><em>vita</em></strong></span> <span class='ocrx_word' id='word_1_690' title='bbox 1742 5039 1796 5092; x_wconf 90' lang='lat' dir='ltr'><strong><em>in</em></strong></span> <span class='ocrx_word' id='word_1_691' title='bbox 1817 5055 2031 5107; x_wconf 87' lang='lat' dir='ltr'><strong><em>corpore</em></strong></span> 
     </span>
    </p>
   </div>
   <div class='ocr_carea' id='block_1_83' title="bbox 454 5127 2030 5200">
    <p class='ocr_par' dir='ltr' id='par_1_83' title="bbox 454 5127 2030 5200">
     <span class='ocr_line' id='line_1_83' title="bbox 454 5127 2030 5200; baseline 0.003 -21"><span class='ocrx_word' id='word_1_692' title='bbox 454 5136 541 5179; x_wconf 85' lang='lat' dir='ltr'><strong><em>tuo</em></strong></span> <span class='ocrx_word' id='word_1_693' title='bbox 587 5137 637 5179; x_wconf 91' lang='lat' dir='ltr'><strong><em>et</em></strong></span> <span class='ocrx_word' id='word_1_694' title='bbox 690 5127 842 5179; x_wconf 90' lang='lat' dir='ltr'><strong><em>corde</em></strong></span> <span class='ocrx_word' id='word_1_695' title='bbox 888 5137 938 5181; x_wconf 90' lang='lat' dir='ltr'><strong><em>et</em></strong></span> <span class='ocrx_word' id='word_1_696' title='bbox 978 5143 1067 5181; x_wconf 91' lang='lat' dir='ltr'><strong><em>ore</em></strong></span> <span class='ocrx_word' id='word_1_697' title='bbox 1118 5131 1461 5197; x_wconf 74' lang='lat' dir='ltr'><strong><em>cognoscitur,</em></strong></span> <span class='ocrx_word' id='word_1_698' title='bbox 1492 5131 1611 5200; x_wconf 89' lang='lat' dir='ltr'><strong><em>quia</em></strong></span> <span class='ocrx_word' id='word_1_699' title='bbox 1639 5146 1740 5183; x_wconf 89' lang='lat' dir='ltr'><strong><em>non</em></strong></span> <span class='ocrx_word' id='word_1_700' title='bbox 1769 5131 1905 5199; x_wconf 88' lang='lat' dir='ltr'><strong><em>sapit</em></strong></span> <span class='ocrx_word' id='word_1_701' title='bbox 1941 5146 2030 5183; x_wconf 89' lang='lat' dir='ltr'><strong><em>cor</em></strong></span> 
     </span>
    </p>
   </div>
   <div class='ocr_carea' id='block_1_84' title="bbox 454 5218 2028 5290">
    <p class='ocr_par' dir='ltr' id='par_1_84' title="bbox 454 5218 2028 5290">
     <span class='ocr_line' id='line_1_84' title="bbox 454 5218 2028 5290; baseline 0.002 -19"><span class='ocrx_word' id='word_1_702' title='bbox 454 5228 594 5271; x_wconf 91' lang='lat' dir='ltr'><strong><em>tuum</em></strong></span> <span class='ocrx_word' id='word_1_703' title='bbox 622 5226 841 5282; x_wconf 89' lang='lat' dir='ltr'><strong><em>terrena,</em></strong></span> <span class='ocrx_word' id='word_1_704' title='bbox 865 5234 956 5271; x_wconf 89' lang='lat' dir='ltr'><strong><em>nec</em></strong></span> <span class='ocrx_word' id='word_1_705' title='bbox 975 5235 1031 5272; x_wconf 94' lang='lat' dir='ltr'><strong><em>os</em></strong></span> <span class='ocrx_word' id='word_1_706' title='bbox 1055 5227 1192 5271; x_wconf 89' lang='lat' dir='ltr'><strong><em>tuum</em></strong></span> <span class='ocrx_word' id='word_1_707' title='bbox 1212 5218 1611 5290; x_wconf 78' lang='lat' dir='ltr'><strong><em>loquituropera</em></strong></span> <span class='ocrx_word' id='word_1_708' title='bbox 1633 5222 1912 5285; x_wconf 89' lang='lat' dir='ltr'><strong><em>hominum,</em></strong></span> <span class='ocrx_word' id='word_1_709' title='bbox 1936 5222 2028 5274; x_wconf 89' lang='lat' dir='ltr'><strong><em>sed</em></strong></span> 
     </span>
    </p>
   </div>
   <div class='ocr_carea' id='block_1_85' title="bbox 452 5308 2027 5381">
    <p class='ocr_par' dir='ltr' id='par_1_85' title="bbox 452 5308 2027 5381">
     <span class='ocr_line' id='line_1_85' title="bbox 452 5308 2027 5381; baseline 0.001 -18"><span class='ocrx_word' id='word_1_710' title='bbox 452 5309 654 5363; x_wconf 86' lang='lat' dir='ltr'><strong><em>verbum</em></strong></span> <span class='ocrx_word' id='word_1_711' title='bbox 679 5308 870 5362; x_wconf 88' lang='lat' dir='ltr'><strong><em>Christi</em></strong></span> <span class='ocrx_word' id='word_1_712' title='bbox 894 5309 1121 5363; x_wconf 88' lang='lat' dir='ltr'><strong><em>abundat</em></strong></span> <span class='ocrx_word' id='word_1_713' title='bbox 1148 5312 1203 5364; x_wconf 89' lang='lat' dir='ltr'><strong><em>in</em></strong></span> <span class='ocrx_word' id='word_1_714' title='bbox 1229 5320 1431 5381; x_wconf 87' lang='lat' dir='ltr'><strong><em>pectore</em></strong></span> <span class='ocrx_word' id='word_1_715' title='bbox 1458 5322 1564 5379; x_wconf 92' lang='lat' dir='ltr'><strong><em>tuo,</em></strong></span> <span class='ocrx_word' id='word_1_716' title='bbox 1587 5322 1635 5365; x_wconf 92' lang='lat' dir='ltr'><strong><em>et</em></strong></span> <span class='ocrx_word' id='word_1_717' title='bbox 1656 5314 1867 5381; x_wconf 89' lang='lat' dir='ltr'><strong><em>spiritus</em></strong></span> <span class='ocrx_word' id='word_1_718' title='bbox 1895 5314 2027 5365; x_wconf 87' lang='lat' dir='ltr'><strong><em>veri-</em></strong></span> 
     </span>
    </p>
   </div>
   <div class='ocr_carea' id='block_1_86' title="bbox 454 5399 2024 5473">
    <p class='ocr_par' dir='ltr' id='par_1_86' title="bbox 454 5399 2024 5473">
     <span class='ocr_line' id='line_1_86' title="bbox 454 5399 2024 5473; baseline 0.001 -19"><span class='ocrx_word' id='word_1_719' title='bbox 454 5401 574 5454; x_wconf 88' lang='lat' dir='ltr'><strong><em>tatis</em></strong></span> <span class='ocrx_word' id='word_1_720' title='bbox 618 5399 899 5468; x_wconf 74' lang='lat' dir='ltr'><strong><em>e/funditur</em></strong></span> <span class='ocrx_word' id='word_1_721' title='bbox 948 5401 1003 5453; x_wconf 91' lang='lat' dir='ltr'><strong><em>in</em></strong></span> <span class='ocrx_word' id='word_1_722' title='bbox 1032 5400 1209 5470; x_wconf 87' lang='lat' dir='ltr'><strong><em>lingua</em></strong></span> <span class='ocrx_word' id='word_1_723' title='bbox 1238 5409 1327 5454; x_wconf 88' lang='lat' dir='ltr'><strong><em>tua</em></strong></span> <span class='ocrx_word' id='word_1_724' title='bbox 1354 5402 1563 5473; x_wconf 89' lang='lat' dir='ltr'><strong><em>superni</em></strong></span> <span class='ocrx_word' id='word_1_725' title='bbox 1595 5403 1805 5456; x_wconf 86' lang='lat' dir='ltr'><strong><em>luminis</em></strong></span> <span class='ocrx_word' id='word_1_726' title='bbox 1833 5404 2024 5471; x_wconf 83' lang='lat' dir='ltr'><strong><em>impetu</em></strong></span> 
     </span>
    </p>
   </div>
   <div class='ocr_carea' id='block_1_87' title="bbox 526 5589 1611 5655">
    <p class='ocr_par' dir='ltr' id='par_1_87' title="bbox 526 5589 1611 5655">
     <span class='ocr_line' id='line_1_87' title="bbox 526 5589 1611 5655; baseline 0.003 -11"><span class='ocrx_word' id='word_1_727' title='bbox 526 5602 548 5627; x_wconf 83' lang='grc'><strong><em>⁸</em></strong></span> <span class='ocrx_word' id='word_1_728' title='bbox 580 5592 759 5644; x_wconf 87' lang='lat' dir='ltr'><strong><em>Carm.</em></strong></span> <span class='ocrx_word' id='word_1_729' title='bbox 787 5589 874 5655; x_wconf 65' lang='lat'><strong><em>24,</em></strong></span> <span class='ocrx_word' id='word_1_730' title='bbox 899 5606 949 5642; x_wconf 92' lang='lat' dir='ltr'><strong><em>v.</em></strong></span> <span class='ocrx_word' id='word_1_731' title='bbox 975 5589 1096 5643; x_wconf 80' lang='lat'><strong><em>507.</em></strong></span> <span class='ocrx_word' id='word_1_732' title='bbox 1172 5590 1198 5629; x_wconf 64' lang='grc' dir='ltr'><strong><em>ι)</em></strong></span> <span class='ocrx_word' id='word_1_733' title='bbox 1222 5590 1372 5653; x_wconf 91' lang='lat' dir='ltr'><strong><em>lbid.,</em></strong></span> <span class='ocrx_word' id='word_1_734' title='bbox 1404 5609 1452 5645; x_wconf 91' lang='lat' dir='ltr'><strong><em>v.</em></strong></span> <span class='ocrx_word' id='word_1_735' title='bbox 1486 5593 1611 5647; x_wconf 75' lang='grc'><strong><em>315.</em></strong></span> 
     </span>
    </p>
   </div>
   <div class='ocr_carea' id='block_1_88' title="bbox 1703 5594 2640 5665">
    <p class='ocr_par' dir='ltr' id='par_1_88' title="bbox 1703 5594 2640 5665">
     <span class='ocr_line' id='line_1_88' title="bbox 1703 5594 2640 5665; baseline 0.004 -16"><span class='ocrx_word' id='word_1_736' title='bbox 1703 5606 1723 5633; x_wconf 74' lang='grc' dir='ltr'>ε</span> <span class='ocrx_word' id='word_1_737' title='bbox 1759 5594 1913 5665; x_wconf 67' lang='lat' dir='ltr'><strong><em>lbid.,</em></strong></span> <span class='ocrx_word' id='word_1_738' title='bbox 1946 5610 1997 5649; x_wconf 91' lang='lat' dir='ltr'><strong><em>v.</em></strong></span> <span class='ocrx_word' id='word_1_739' title='bbox 2027 5596 2148 5651; x_wconf 60' lang='lat'><strong><em>530.</em></strong></span> <span class='ocrx_word' id='word_1_740' title='bbox 2224 5596 2250 5634; x_wconf 72' lang='grc' dir='ltr'><em>δ</em></span> <span class='ocrx_word' id='word_1_741' title='bbox 2276 5596 2370 5665; x_wconf 83' lang='lat' dir='ltr'><strong><em>Ep.</em></strong></span> <span class='ocrx_word' id='word_1_742' title='bbox 2396 5596 2483 5663; x_wconf 75' lang='grc'><strong><em>43,</em></strong></span> <span class='ocrx_word' id='word_1_743' title='bbox 2509 5614 2561 5651; x_wconf 92' lang='lat' dir='ltr'><strong><em>n.</em></strong></span> <span class='ocrx_word' id='word_1_744' title='bbox 2589 5605 2640 5653; x_wconf 71' lang='grc' dir='ltr'><strong><em>ζ).</em></strong></span> 
     </span>
    </p>
   </div>
   <div class='ocr_carea' id='block_1_89' title="bbox 452 5657 2039 5740">
    <p class='ocr_par' dir='ltr' id='par_1_89' title="bbox 452 5657 2039 5731">
     <span class='ocr_line' id='line_1_89' title="bbox 452 5657 2039 5731; baseline 0.003 -15"><span class='ocrx_word' id='word_1_745' title='bbox 452 5673 539 5731; x_wconf 73' lang='lat' dir='ltr'><strong><em>ep.</em></strong></span> <span class='ocrx_word' id='word_1_746' title='bbox 570 5660 655 5727; x_wconf 74' lang='lat'><strong><em>95,</em></strong></span> <span class='ocrx_word' id='word_1_747' title='bbox 681 5677 714 5717; x_wconf 79' lang='grc' dir='ltr'>ιι</span> <span class='ocrx_word' id='word_1_748' title='bbox 761 5659 801 5716; x_wconf 70' lang='grc'><strong>2</strong></span> <span class='ocrx_word' id='word_1_749' title='bbox 890 5657 914 5696; x_wconf 77' lang='grc'><strong><em>¹³</em></strong></span> <span class='ocrx_word' id='word_1_750' title='bbox 939 5660 1093 5723; x_wconf 84' lang='lat' dir='ltr'><strong><em>Ibid.,</em></strong></span> <span class='ocrx_word' id='word_1_751' title='bbox 1128 5678 1181 5715; x_wconf 92' lang='lat' dir='ltr'><strong><em>n.</em></strong></span> <span class='ocrx_word' id='word_1_752' title='bbox 1217 5660 1247 5713; x_wconf 78' lang='lat'><strong>5</strong></span> <span class='ocrx_word' id='word_1_753' title='bbox 1352 5664 1546 5727; x_wconf 83' lang='lat' dir='ltr'><strong><em>&#39;lbid.,</em></strong></span> <span class='ocrx_word' id='word_1_754' title='bbox 1598 5681 1649 5718; x_wconf 89' lang='grc' dir='ltr'><strong>η.</strong></span> <span class='ocrx_word' id='word_1_755' title='bbox 1683 5664 1733 5717; x_wconf 75' lang='grc'><strong><em>2.</em></strong></span> <span class='ocrx_word' id='word_1_756' title='bbox 1818 5668 1830 5714; x_wconf 80' lang='lat' dir='ltr'><strong><em>i</em></strong></span> <span class='ocrx_word' id='word_1_757' title='bbox 1872 5664 2039 5721; x_wconf 72' lang='lat' dir='ltr'><strong><em>I’aulit</em></strong></span> 
     </span>
    </p>
   </div>
   <div class='ocr_carea' id='block_1_90' title="bbox 2141 5657 3013 5740">
    <p class='ocr_par' dir='ltr' id='par_1_90' title="bbox 2143 5657 3013 5740">
     <span class='ocr_line' id='line_1_90' title="bbox 2143 5657 3013 5740; baseline 0.01 -19"><span class='ocrx_word' id='word_1_758' title='bbox 2143 5685 2196 5740; x_wconf 90' lang='lat' dir='ltr'><strong><em>p.</em></strong></span> <span class='ocrx_word' id='word_1_759' title='bbox 2229 5657 2480 5730; x_wconf 43' lang='lat' dir='ltr'><strong><em>55,&#39;n.2.&#39;</em></strong></span> <span class='ocrx_word' id='word_1_760' title='bbox 2534 5671 2552 5706; x_wconf 68' lang='grc' dir='ltr'><strong>ι</strong></span> <span class='ocrx_word' id='word_1_761' title='bbox 2581 5668 2749 5739; x_wconf 86' lang='lat' dir='ltr'><strong><em>Epist.</em></strong></span> <span class='ocrx_word' id='word_1_762' title='bbox 2775 5657 2861 5737; x_wconf 74' lang='lat'><strong><em>28,</em></strong></span> <span class='ocrx_word' id='word_1_763' title='bbox 2886 5657 2938 5729; x_wconf 80' lang='lat' dir='ltr'><strong><em>n.</em></strong></span> <span class='ocrx_word' id='word_1_764' title='bbox 2963 5657 3013 5729; x_wconf 34' lang='grc'><strong><em>(5⁷.</em></strong></span> 
     </span>
    </p>
   </div>
   <div class='ocr_carea' id='block_1_91' title="bbox 2142 3196 3720 3277">
    <p class='ocr_par' dir='ltr' id='par_1_91' title="bbox 2142 3196 3720 3277">
     <span class='ocr_line' id='line_1_91' title="bbox 2142 3196 3720 3277; baseline 0.015 -30"><span class='ocrx_word' id='word_1_765' title='bbox 2142 3196 2397 3251; x_wconf 88' lang='lat' dir='ltr'><strong><em>orationes</em></strong></span> <span class='ocrx_word' id='word_1_766' title='bbox 2426 3208 2475 3251; x_wconf 89' lang='lat' dir='ltr'><strong><em>et</em></strong></span> <span class='ocrx_word' id='word_1_767' title='bbox 2499 3200 2683 3254; x_wconf 75' lang='lat' dir='ltr'><strong><em>littera:</em></strong></span> <span class='ocrx_word' id='word_1_768' title='bbox 2704 3210 2803 3255; x_wconf 69' lang='lat' dir='ltr'><strong><em>tua:</em></strong></span> <span class='ocrx_word' id='word_1_769' title='bbox 2822 3207 3013 3274; x_wconf 66' lang='lat' dir='ltr'><strong><em>saepius</em></strong></span> <span class='ocrx_word' id='word_1_770' title='bbox 3039 3207 3284 3277; x_wconf 75' lang='lat' dir='ltr'><strong><em>impensa:</em></strong></span> <span class='ocrx_word' id='word_1_771' title='bbox 3306 3213 3430 3265; x_wconf 86' lang='lat' dir='ltr'><strong><em>mihi</em></strong></span> <span class='ocrx_word' id='word_1_772' title='bbox 3457 3216 3720 3271; x_wconf 71' lang='lat' dir='ltr'><strong><em>emundare</em></strong></span> 
     </span>
    </p>
   </div>
   <div class='ocr_carea' id='block_1_92' title="bbox 2142 3285 3715 3371">
    <p class='ocr_par' dir='ltr' id='par_1_92' title="bbox 2142 3285 3715 3371">
     <span class='ocr_line' id='line_1_92' title="bbox 2142 3285 3715 3371; baseline 0.015 -36"><span class='ocrx_word' id='word_1_773' title='bbox 2142 3300 2204 3336; x_wconf 90' lang='lat' dir='ltr'><strong><em>ac</em></strong></span> <span class='ocrx_word' id='word_1_774' title='bbox 2225 3285 2509 3341; x_wconf 87' lang='lat' dir='ltr'><strong><em>dulcescere</em></strong></span> <span class='ocrx_word' id='word_1_775' title='bbox 2529 3291 2725 3359; x_wconf 79' lang='lat' dir='ltr'><strong><em>faciant</em></strong></span> <span class='ocrx_word' id='word_1_776' title='bbox 2744 3293 2865 3361; x_wconf 81' lang='lat' dir='ltr'><strong><em>ﬁdei</em></strong></span> <span class='ocrx_word' id='word_1_777' title='bbox 2891 3304 2989 3349; x_wconf 68' lang='lat' dir='ltr'><strong><em>tua:</em></strong></span> <span class='ocrx_word' id='word_1_778' title='bbox 3008 3296 3148 3367; x_wconf 89' lang='lat' dir='ltr'><strong><em>ligno</em></strong></span> <span class='ocrx_word' id='word_1_779' title='bbox 3168 3308 3216 3351; x_wconf 90' lang='lat' dir='ltr'><strong><em>et</em></strong></span> <span class='ocrx_word' id='word_1_780' title='bbox 3236 3300 3422 3371; x_wconf 89' lang='lat' dir='ltr'><strong><em>eloquii</em></strong></span> <span class='ocrx_word' id='word_1_781' title='bbox 3447 3306 3715 3359; x_wconf 86' lang='lat' dir='ltr'><strong><em>suavitate.</em></strong></span> 
     </span>
    </p>
   </div>
   <div class='ocr_carea' id='block_1_93' title="bbox 2141 3374 3720 3460">
    <p class='ocr_par' dir='ltr' id='par_1_93' title="bbox 2141 3374 3720 3460">
     <span class='ocr_line' id='line_1_93' title="bbox 2141 3374 3720 3460; baseline 0.016 -33"><span class='ocrx_word' id='word_1_782' title='bbox 2141 3374 2217 3430; x_wconf 87' lang='lat' dir='ltr'><strong><em>De</em></strong></span> <span class='ocrx_word' id='word_1_783' title='bbox 2256 3376 2463 3433; x_wconf 89' lang='lat' dir='ltr'><strong><em>duobus</em></strong></span> <span class='ocrx_word' id='word_1_784' title='bbox 2494 3380 2685 3437; x_wconf 88' lang='lat' dir='ltr'><strong><em>libellis</em></strong></span> <span class='ocrx_word' id='word_1_785' title='bbox 2713 3399 2745 3437; x_wconf 89' lang='lat' dir='ltr'><strong><em>a</em></strong></span> <span class='ocrx_word' id='word_1_786' title='bbox 2772 3399 2831 3439; x_wconf 90' lang='lat' dir='ltr'><strong><em>se</em></strong></span> <span class='ocrx_word' id='word_1_787' title='bbox 2860 3389 3192 3457; x_wconf 88' lang='lat' dir='ltr'><strong><em>compositis,</em></strong></span> <span class='ocrx_word' id='word_1_788' title='bbox 3218 3391 3369 3460; x_wconf 90' lang='lat' dir='ltr'><strong><em>cujus</em></strong></span> <span class='ocrx_word' id='word_1_789' title='bbox 3423 3395 3561 3450; x_wconf 89' lang='lat' dir='ltr'><strong><em>alter</em></strong></span> <span class='ocrx_word' id='word_1_790' title='bbox 3602 3408 3720 3453; x_wconf 86' lang='lat' dir='ltr'><strong><em>erat</em></strong></span> 
     </span>
    </p>
   </div>
   <div class='ocr_carea' id='block_1_94' title="bbox 2140 3463 3718 3552">
    <p class='ocr_par' dir='ltr' id='par_1_94' title="bbox 2140 3463 3718 3552">
     <span class='ocr_line' id='line_1_94' title="bbox 2140 3463 3718 3552; baseline 0.014 -34"><span class='ocrx_word' id='word_1_791' title='bbox 2140 3463 2498 3538; x_wconf 69' lang='lat' dir='ltr'><strong><em>Panegyricus</em></strong></span> <span class='ocrx_word' id='word_1_792' title='bbox 2524 3486 2619 3525; x_wconf 89' lang='lat' dir='ltr'><strong><em>seu</em></strong></span> <span class='ocrx_word' id='word_1_793' title='bbox 2640 3472 2896 3543; x_wconf 76' lang='lat' dir='ltr'><strong><em>Apologia</em></strong></span> <span class='ocrx_word' id='word_1_794' title='bbox 2922 3492 3019 3545; x_wconf 90' lang='lat' dir='ltr'><strong><em>pro</em></strong></span> <span class='ocrx_word' id='word_1_795' title='bbox 3043 3476 3344 3535; x_wconf 79' lang='lat' dir='ltr'><strong><em>Theodosio</em></strong></span> <span class='ocrx_word' id='word_1_796' title='bbox 3372 3481 3718 3552; x_wconf 84' lang='lat' dir='ltr'><strong><em>imperatore,</em></strong></span> 
     </span>
    </p>
   </div>
   <div class='ocr_carea' id='block_1_95' title="bbox 2140 3557 3719 3632">
    <p class='ocr_par' dir='ltr' id='par_1_95' title="bbox 2140 3557 3719 3632">
     <span class='ocr_line' id='line_1_95' title="bbox 2140 3557 3719 3632; baseline 0.015 -24"><span class='ocrx_word' id='word_1_797' title='bbox 2140 3562 2196 3608; x_wconf 91' lang='lat' dir='ltr'><strong><em>et</em></strong></span> <span class='ocrx_word' id='word_1_798' title='bbox 2220 3559 2372 3621; x_wconf 83' lang='lat' dir='ltr'><strong><em>cujus</em></strong></span> <span class='ocrx_word' id='word_1_799' title='bbox 2400 3557 2723 3615; x_wconf 88' lang='lat' dir='ltr'><strong><em>desiderium</em></strong></span> <span class='ocrx_word' id='word_1_800' title='bbox 2749 3563 2922 3619; x_wconf 88' lang='lat' dir='ltr'><strong><em>doctis</em></strong></span> <span class='ocrx_word' id='word_1_801' title='bbox 2953 3567 3078 3620; x_wconf 87' lang='lat' dir='ltr'><strong><em>viris</em></strong></span> <span class='ocrx_word' id='word_1_802' title='bbox 3109 3568 3497 3628; x_wconf 88' lang='lat' dir='ltr'><strong><em>intolerabilius</em></strong></span> <span class='ocrx_word' id='word_1_803' title='bbox 3544 3576 3719 3632; x_wconf 87' lang='lat' dir='ltr'><strong><em>reddit</em></strong></span> 
     </span>
    </p>
   </div>
   <div class='ocr_carea' id='block_1_96' title="bbox 2140 3645 3717 3725">
    <p class='ocr_par' dir='ltr' id='par_1_96' title="bbox 2140 3645 3717 3725">
     <span class='ocr_line' id='line_1_96' title="bbox 2140 3645 3717 3725; baseline 0.015 -27"><span class='ocrx_word' id='word_1_804' title='bbox 2140 3645 2418 3713; x_wconf 83' lang='lat' dir='ltr'><strong><em>magniﬁca</em></strong></span> <span class='ocrx_word' id='word_1_805' title='bbox 2450 3649 2538 3703; x_wconf 88' lang='lat' dir='ltr'><strong><em>illa</em></strong></span> <span class='ocrx_word' id='word_1_806' title='bbox 2568 3649 2623 3703; x_wconf 94' lang='lat' dir='ltr'><strong><em>S.</em></strong></span> <span class='ocrx_word' id='word_1_807' title='bbox 2659 3649 2966 3724; x_wconf 85' lang='lat' dir='ltr'><strong><em>Hieronymi</em></strong></span> <span class='ocrx_word' id='word_1_808' title='bbox 2997 3658 3337 3725; x_wconf 86' lang='lat' dir='ltr'><strong><em>approbatio,</em></strong></span> <span class='ocrx_word' id='word_1_809' title='bbox 3365 3662 3436 3716; x_wconf 90' lang='lat' dir='ltr'><strong><em>ita</em></strong></span> <span class='ocrx_word' id='word_1_810' title='bbox 3462 3664 3530 3717; x_wconf 88' lang='lat' dir='ltr'><strong><em>ad</em></strong></span> <span class='ocrx_word' id='word_1_811' title='bbox 3553 3664 3717 3721; x_wconf 86' lang='lat' dir='ltr'><strong><em>Seve-</em></strong></span> 
     </span>
    </p>
   </div>
   <div class='ocr_carea' id='block_1_97' title="bbox 2138 3739 3717 3823">
    <p class='ocr_par' dir='ltr' id='par_1_97' title="bbox 2138 3739 3717 3823">
     <span class='ocr_line' id='line_1_97' title="bbox 2138 3739 3717 3823; baseline 0.015 -36"><span class='ocrx_word' id='word_1_812' title='bbox 2138 3749 2255 3788; x_wconf 90' lang='lat' dir='ltr'><strong><em>rum</em></strong></span> <span class='ocrx_word' id='word_1_813' title='bbox 2284 3751 2437 3790; x_wconf 89' lang='lat' dir='ltr'><strong><em>suum</em></strong></span> <span class='ocrx_word' id='word_1_814' title='bbox 2467 3739 2650 3793; x_wconf 87' lang='lat' dir='ltr'><strong><em>scribit</em></strong></span> <span class='ocrx_word' id='word_1_815' title='bbox 2672 3744 2696 3776; x_wconf 76' lang='grc' dir='ltr'><strong><em>κ</em></strong></span> <span class='ocrx_word' id='word_1_816' title='bbox 2730 3759 2742 3793; x_wconf 91' lang='lat'><strong>:</strong></span> <span class='ocrx_word' id='word_1_817' title='bbox 2779 3741 2849 3796; x_wconf 91' lang='lat' dir='ltr'><strong><em>Ut</em></strong></span> <span class='ocrx_word' id='word_1_818' title='bbox 2871 3744 3066 3814; x_wconf 86' lang='lat' dir='ltr'><strong><em>aliquid</em></strong></span> <span class='ocrx_word' id='word_1_819' title='bbox 3101 3746 3165 3801; x_wconf 91' lang='lat' dir='ltr'><strong><em>de</em></strong></span> <span class='ocrx_word' id='word_1_820' title='bbox 3209 3754 3476 3821; x_wconf 64' lang='lat' dir='ltr'><strong><em>praeceptis</em></strong></span> <span class='ocrx_word' id='word_1_821' title='bbox 3504 3757 3603 3808; x_wconf 86' lang='lat' dir='ltr'><strong><em>tuis</em></strong></span> <span class='ocrx_word' id='word_1_822' title='bbox 3632 3760 3717 3823; x_wconf 76' lang='lat' dir='ltr'><strong><em>fa-</em></strong></span> 
     </span>
    </p>
   </div>
   <div class='ocr_carea' id='block_1_98' title="bbox 2139 3827 3718 3911">
    <p class='ocr_par' dir='ltr' id='par_1_98' title="bbox 2139 3827 3718 3911">
     <span class='ocr_line' id='line_1_98' title="bbox 2139 3827 3718 3911; baseline 0.015 -36"><span class='ocrx_word' id='word_1_823' title='bbox 2139 3839 2323 3889; x_wconf 88' lang='lat' dir='ltr'><strong><em>cerem,</em></strong></span> <span class='ocrx_word' id='word_1_824' title='bbox 2369 3827 2487 3879; x_wconf 85' lang='lat' dir='ltr'><strong><em>misi</em></strong></span> <span class='ocrx_word' id='word_1_825' title='bbox 2515 3844 2581 3880; x_wconf 71' lang='lat' dir='ltr'><strong><em>ex</em></strong></span> <span class='ocrx_word' id='word_1_826' title='bbox 2608 3828 2687 3881; x_wconf 89' lang='lat' dir='ltr'><strong><em>his</em></strong></span> <span class='ocrx_word' id='word_1_827' title='bbox 2726 3846 2841 3900; x_wconf 66' lang='lat' dir='ltr'><strong><em>quae</em></strong></span> <span class='ocrx_word' id='word_1_828' title='bbox 2876 3843 3044 3887; x_wconf 87' lang='lat' dir='ltr'><strong><em>metuo</em></strong></span> <span class='ocrx_word' id='word_1_829' title='bbox 3089 3851 3154 3888; x_wconf 88' lang='lat' dir='ltr'><strong><em>ne</em></strong></span> <span class='ocrx_word' id='word_1_830' title='bbox 3194 3838 3395 3893; x_wconf 73' lang='lat' dir='ltr'><strong><em>inertia:</em></strong></span> <span class='ocrx_word' id='word_1_831' title='bbox 3430 3846 3600 3911; x_wconf 88' lang='lat' dir='ltr'><strong><em>potius</em></strong></span> <span class='ocrx_word' id='word_1_832' title='bbox 3640 3846 3718 3899; x_wconf 80' lang='lat' dir='ltr'><strong><em>vel</em></strong></span> 
     </span>
    </p>
   </div>
   <div class='ocr_carea' id='block_1_99' title="bbox 2137 3914 3716 4000">
    <p class='ocr_par' dir='ltr' id='par_1_99' title="bbox 2137 3914 3716 4000">
     <span class='ocr_line' id='line_1_99' title="bbox 2137 3914 3716 4000; baseline 0.015 -35"><span class='ocrx_word' id='word_1_833' title='bbox 2137 3914 2496 3983; x_wconf 69' lang='lat' dir='ltr'><strong><em>imprudentia:</em></strong></span> <span class='ocrx_word' id='word_1_834' title='bbox 2518 3934 2644 3972; x_wconf 74' lang='lat' dir='ltr'><strong><em>mea:</em></strong></span> <span class='ocrx_word' id='word_1_835' title='bbox 2673 3923 2965 3976; x_wconf 89' lang='lat' dir='ltr'><strong><em>testimonia</em></strong></span> <span class='ocrx_word' id='word_1_836' title='bbox 2994 3925 3100 3977; x_wconf 90' lang='lat' dir='ltr'><strong><em>sint</em></strong></span> <span class='ocrx_word' id='word_1_837' title='bbox 3144 3943 3295 3997; x_wconf 88' lang='lat' dir='ltr'><strong><em>quam</em></strong></span> <span class='ocrx_word' id='word_1_838' title='bbox 3340 3946 3573 4000; x_wconf 77' lang='lat' dir='ltr'><strong><em>superna:</em></strong></span> <span class='ocrx_word' id='word_1_839' title='bbox 3613 3938 3716 3989; x_wconf 89' lang='lat' dir='ltr'><strong><em>mi-</em></strong></span> 
     </span>
    </p>
   </div>
   <div class='ocr_carea' id='block_1_100' title="bbox 2138 4005 3718 4079">
    <p class='ocr_par' dir='ltr' id='par_1_100' title="bbox 2138 4005 3718 4079">
     <span class='ocr_line' id='line_1_100' title="bbox 2138 4005 3718 4079; baseline 0.015 -24"><span class='ocrx_word' id='word_1_840' title='bbox 2138 4005 2458 4060; x_wconf 88' lang='lat' dir='ltr'><strong><em>nistrationis</em></strong></span> <span class='ocrx_word' id='word_1_841' title='bbox 2486 4009 2730 4079; x_wconf 88' lang='lat' dir='ltr'><strong><em>insignia,</em></strong></span> <span class='ocrx_word' id='word_1_842' title='bbox 2760 4021 2849 4064; x_wconf 90' lang='lat' dir='ltr'><strong><em>aut</em></strong></span> <span class='ocrx_word' id='word_1_843' title='bbox 2886 4024 3020 4067; x_wconf 89' lang='lat' dir='ltr'><strong><em>certe</em></strong></span> <span class='ocrx_word' id='word_1_844' title='bbox 3043 4016 3119 4069; x_wconf 84' lang='lat' dir='ltr'><strong><em>vel</em></strong></span> <span class='ocrx_word' id='word_1_845' title='bbox 3145 4017 3384 4073; x_wconf 68' lang='lat' dir='ltr'><strong><em>humana:</em></strong></span> <span class='ocrx_word' id='word_1_846' title='bbox 3410 4022 3718 4079; x_wconf 88' lang='lat' dir='ltr'><strong><em>documenta</em></strong></span> 
     </span>
    </p>
   </div>
   <div class='ocr_carea' id='block_1_101' title="bbox 2136 4095 3718 4183">
    <p class='ocr_par' dir='ltr' id='par_1_101' title="bbox 2136 4095 3718 4183">
     <span class='ocr_line' id='line_1_101' title="bbox 2136 4095 3718 4183; baseline 0.016 -39"><span class='ocrx_word' id='word_1_847' title='bbox 2136 4095 2404 4163; x_wconf 70' lang='lat' dir='ltr'><strong><em>sapientia:</em></strong></span> <span class='ocrx_word' id='word_1_848' title='bbox 2428 4113 2445 4150; x_wconf 90' lang='lat'><strong><em>:</em></strong></span> <span class='ocrx_word' id='word_1_849' title='bbox 2474 4098 2593 4151; x_wconf 88' lang='lat' dir='ltr'><strong><em>misi</em></strong></span> <span class='ocrx_word' id='word_1_850' title='bbox 2611 4109 2780 4154; x_wconf 87' lang='lat' dir='ltr'><strong><em>tamen</em></strong></span> <span class='ocrx_word' id='word_1_851' title='bbox 2807 4101 2917 4167; x_wconf 90' lang='lat' dir='ltr'><strong><em>tibi,</em></strong></span> <span class='ocrx_word' id='word_1_852' title='bbox 2942 4105 2997 4156; x_wconf 91' lang='lat' dir='ltr'><strong><em>id</em></strong></span> <span class='ocrx_word' id='word_1_853' title='bbox 3018 4115 3094 4159; x_wconf 92' lang='lat' dir='ltr'><strong><em>est</em></strong></span> <span class='ocrx_word' id='word_1_854' title='bbox 3114 4111 3345 4164; x_wconf 87' lang='lat' dir='ltr'><strong><em>commisi</em></strong></span> <span class='ocrx_word' id='word_1_855' title='bbox 3374 4128 3483 4166; x_wconf 92' lang='lat' dir='ltr'><strong><em>meo</em></strong></span> <span class='ocrx_word' id='word_1_856' title='bbox 3522 4118 3718 4183; x_wconf 89' lang='lat' dir='ltr'><strong><em>pectori</em></strong></span> 
     </span>
    </p>
   </div>
   <div class='ocr_carea' id='block_1_102' title="bbox 2135 4197 3712 4271">
    <p class='ocr_par' dir='ltr' id='par_1_102' title="bbox 2135 4197 3712 4271">
     <span class='ocr_line' id='line_1_102' title="bbox 2135 4197 3712 4271; baseline 0.016 -37"><span class='ocrx_word' id='word_1_857' title='bbox 2135 4199 2276 4236; x_wconf 91' lang='lat' dir='ltr'><strong><em>meas</em></strong></span> <span class='ocrx_word' id='word_1_858' title='bbox 2304 4202 2484 4256; x_wconf 90' lang='lat' dir='ltr'><strong><em>nugas,</em></strong></span> <span class='ocrx_word' id='word_1_859' title='bbox 2516 4204 2620 4242; x_wconf 90' lang='lat' dir='ltr'><strong><em>non</em></strong></span> <span class='ocrx_word' id='word_1_860' title='bbox 2647 4199 2703 4243; x_wconf 90' lang='lat' dir='ltr'><strong><em>ut</em></strong></span> <span class='ocrx_word' id='word_1_861' title='bbox 2730 4209 2909 4247; x_wconf 83' lang='lat' dir='ltr'><strong><em>sensus</em></strong></span> <span class='ocrx_word' id='word_1_862' title='bbox 2932 4203 3041 4249; x_wconf 90' lang='lat' dir='ltr'><strong><em>tuos</em></strong></span> <span class='ocrx_word' id='word_1_863' title='bbox 3062 4197 3296 4266; x_wconf 87' lang='lat' dir='ltr'><strong><em>polluant</em></strong></span> <span class='ocrx_word' id='word_1_864' title='bbox 3325 4202 3545 4257; x_wconf 76' lang='lat' dir='ltr'><strong><em>tenebrw</em></strong></span> <span class='ocrx_word' id='word_1_865' title='bbox 3564 4222 3712 4271; x_wconf 82' lang='lat' dir='ltr'><strong><em>mete,</em></strong></span> 
     </span>
    </p>
   </div>
   <div class='ocr_carea' id='block_1_103' title="bbox 2137 4273 3717 4358">
    <p class='ocr_par' dir='ltr' id='par_1_103' title="bbox 2137 4273 3717 4358">
     <span class='ocr_line' id='line_1_103' title="bbox 2137 4273 3717 4358; baseline 0.016 -33"><span class='ocrx_word' id='word_1_866' title='bbox 2137 4273 2229 4326; x_wconf 86' lang='lat' dir='ltr'><strong><em>sed</em></strong></span> <span class='ocrx_word' id='word_1_867' title='bbox 2252 4284 2308 4326; x_wconf 92' lang='lat' dir='ltr'><strong><em>ut</em></strong></span> <span class='ocrx_word' id='word_1_868' title='bbox 2332 4277 2431 4330; x_wconf 90' lang='lat' dir='ltr'><strong><em>tuis</em></strong></span> <span class='ocrx_word' id='word_1_869' title='bbox 2459 4278 2692 4333; x_wconf 88' lang='lat' dir='ltr'><strong><em>sensibus</em></strong></span> <span class='ocrx_word' id='word_1_870' title='bbox 2731 4282 3019 4337; x_wconf 82' lang='lat' dir='ltr'><strong><em>diluuntur.</em></strong></span> <span class='ocrx_word' id='word_1_871' title='bbox 3057 4285 3242 4358; x_wconf 88' lang='lat' dir='ltr'><strong><em>Nugas</em></strong></span> <span class='ocrx_word' id='word_1_872' title='bbox 3270 4300 3436 4344; x_wconf 88' lang='lat' dir='ltr'><strong><em>autem</em></strong></span> <span class='ocrx_word' id='word_1_873' title='bbox 3463 4311 3606 4347; x_wconf 88' lang='lat' dir='ltr'><strong><em>meas</em></strong></span> <span class='ocrx_word' id='word_1_874' title='bbox 3649 4297 3717 4351; x_wconf 90' lang='lat' dir='ltr'><strong><em>de</em></strong></span> 
     </span>
    </p>
   </div>
   <div class='ocr_carea' id='block_1_104' title="bbox 2134 4362 3715 4451">
    <p class='ocr_par' dir='ltr' id='par_1_104' title="bbox 2134 4362 3715 4451">
     <span class='ocr_line' id='line_1_104' title="bbox 2134 4362 3715 4451; baseline 0.013 -33"><span class='ocrx_word' id='word_1_875' title='bbox 2134 4362 2297 4418; x_wconf 78' lang='lat' dir='ltr'><strong><em>verbis</em></strong></span> <span class='ocrx_word' id='word_1_876' title='bbox 2326 4382 2386 4419; x_wconf 91' lang='lat' dir='ltr'><strong><em>ac</em></strong></span> <span class='ocrx_word' id='word_1_877' title='bbox 2407 4370 2670 4423; x_wconf 85' lang='lat' dir='ltr'><strong><em>sententiis</em></strong></span> <span class='ocrx_word' id='word_1_878' title='bbox 2692 4372 2816 4425; x_wconf 88' lang='lat' dir='ltr'><strong><em>meis</em></strong></span> <span class='ocrx_word' id='word_1_879' title='bbox 2838 4374 2948 4426; x_wconf 78' lang='lat' dir='ltr'><strong><em>dixi</em></strong></span> <span class='ocrx_word' id='word_1_880' title='bbox 2972 4391 2989 4426; x_wconf 89' lang='lat'><strong><em>:</em></strong></span> <span class='ocrx_word' id='word_1_881' title='bbox 3016 4384 3253 4430; x_wconf 77' lang='lat' dir='ltr'><strong><em>cwterum</em></strong></span> <span class='ocrx_word' id='word_1_882' title='bbox 3273 4384 3487 4435; x_wconf 90' lang='lat' dir='ltr'><strong><em>materia</em></strong></span> <span class='ocrx_word' id='word_1_883' title='bbox 3508 4396 3715 4451; x_wconf 88' lang='lat' dir='ltr'><strong><em>sancta,</em></strong></span> 
     </span>
    </p>
   </div>
   <div class='ocr_carea' id='block_1_105' title="bbox 2062 4458 3715 4536">
    <p class='ocr_par' dir='ltr' id='par_1_105' title="bbox 2062 4458 3715 4536">
     <span class='ocr_line' id='line_1_105' title="bbox 2062 4458 3715 4536; baseline 0.016 -32"><span class='ocrx_word' id='word_1_884' title='bbox 2062 4468 2112 4527; x_wconf 77' lang='grc' dir='ltr'><strong><em>ι)</em></strong></span> <span class='ocrx_word' id='word_1_885' title='bbox 2135 4463 2182 4506; x_wconf 89' lang='lat' dir='ltr'><strong><em>et</em></strong></span> <span class='ocrx_word' id='word_1_886' title='bbox 2205 4464 2288 4509; x_wconf 90' lang='lat' dir='ltr'><strong><em>tuo</em></strong></span> <span class='ocrx_word' id='word_1_887' title='bbox 2315 4458 2482 4526; x_wconf 90' lang='lat' dir='ltr'><strong><em>potius</em></strong></span> <span class='ocrx_word' id='word_1_888' title='bbox 2512 4459 2716 4529; x_wconf 89' lang='lat' dir='ltr'><strong><em>ingenio</em></strong></span> <span class='ocrx_word' id='word_1_889' title='bbox 2742 4461 3036 4534; x_wconf 88' lang='lat' dir='ltr'><strong><em>eloquioque</em></strong></span> <span class='ocrx_word' id='word_1_890' title='bbox 3048 4466 3213 4536; x_wconf 81' lang='lat' dir='ltr'><strong><em>digna</em></strong></span> <span class='ocrx_word' id='word_1_891' title='bbox 3232 4472 3326 4523; x_wconf 90' lang='lat' dir='ltr'><strong><em>etsi</em></strong></span> <span class='ocrx_word' id='word_1_892' title='bbox 3364 4474 3488 4525; x_wconf 86' lang='lat' dir='ltr'><strong><em>meis</em></strong></span> <span class='ocrx_word' id='word_1_893' title='bbox 3514 4491 3715 4530; x_wconf 85' lang='lat' dir='ltr'><strong><em>sermo-</em></strong></span> 
     </span>
    </p>
   </div>
   <div class='ocr_carea' id='block_1_106' title="bbox 2137 4543 3715 4626">
    <p class='ocr_par' dir='ltr' id='par_1_106' title="bbox 2137 4543 3715 4626">
     <span class='ocr_line' id='line_1_106' title="bbox 2137 4543 3715 4626; baseline 0.016 -31"><span class='ocrx_word' id='word_1_894' title='bbox 2137 4543 2287 4598; x_wconf 89' lang='lat' dir='ltr'><strong><em>nibus</em></strong></span> <span class='ocrx_word' id='word_1_895' title='bbox 2317 4548 2447 4599; x_wconf 85' lang='lat' dir='ltr'><strong><em>velut</em></strong></span> <span class='ocrx_word' id='word_1_896' title='bbox 2472 4557 2587 4603; x_wconf 89' lang='lat' dir='ltr'><strong><em>atro</em></strong></span> <span class='ocrx_word' id='word_1_897' title='bbox 2610 4548 2783 4603; x_wconf 89' lang='lat' dir='ltr'><strong><em>habitu</em></strong></span> <span class='ocrx_word' id='word_1_898' title='bbox 2806 4554 3069 4621; x_wconf 88' lang='lat' dir='ltr'><strong><em>vestiatur,</em></strong></span> <span class='ocrx_word' id='word_1_899' title='bbox 3112 4560 3328 4626; x_wconf 88' lang='lat' dir='ltr'><strong><em>speciem</em></strong></span> <span class='ocrx_word' id='word_1_900' title='bbox 3358 4572 3525 4617; x_wconf 89' lang='lat' dir='ltr'><strong><em>tamen</em></strong></span> <span class='ocrx_word' id='word_1_901' title='bbox 3554 4566 3715 4622; x_wconf 86' lang='lat' dir='ltr'><strong><em>divini</em></strong></span> 
     </span>
    </p>
   </div>
   <div class='ocr_carea' id='block_1_107' title="bbox 2135 4632 3716 4725">
    <p class='ocr_par' dir='ltr' id='par_1_107' title="bbox 2135 4632 3716 4725">
     <span class='ocr_line' id='line_1_107' title="bbox 2135 4632 3716 4725; baseline 0.015 -42"><span class='ocrx_word' id='word_1_902' title='bbox 2135 4632 2362 4699; x_wconf 85' lang='lat' dir='ltr'><strong><em>luminis,</em></strong></span> <span class='ocrx_word' id='word_1_903' title='bbox 2394 4638 2584 4691; x_wconf 88' lang='lat' dir='ltr'><strong><em>interni</em></strong></span> <span class='ocrx_word' id='word_1_904' title='bbox 2608 4640 2826 4707; x_wconf 89' lang='lat' dir='ltr'><strong><em>decoris,</em></strong></span> <span class='ocrx_word' id='word_1_905' title='bbox 2851 4659 3139 4715; x_wconf 84' lang='lat' dir='ltr'><strong><em>quanquam</em></strong></span> <span class='ocrx_word' id='word_1_906' title='bbox 3182 4648 3236 4701; x_wconf 90' lang='lat' dir='ltr'><strong><em>in</em></strong></span> <span class='ocrx_word' id='word_1_907' title='bbox 3275 4667 3447 4721; x_wconf 74' lang='lat' dir='ltr'><strong><em>egena:</em></strong></span> <span class='ocrx_word' id='word_1_908' title='bbox 3490 4656 3716 4725; x_wconf 87' lang='lat' dir='ltr'><strong><em>supelle.</em></strong></span> 
     </span>
    </p>
   </div>
   <div class='ocr_carea' id='block_1_108' title="bbox 2134 4725 2755 4783">
    <p class='ocr_par' dir='ltr' id='par_1_108' title="bbox 2134 4725 2755 4783">
     <span class='ocr_line' id='line_1_108' title="bbox 2134 4725 2755 4783; baseline 0.013 -8"><span class='ocrx_word' id='word_1_909' title='bbox 2134 4725 2267 4777; x_wconf 89' lang='lat' dir='ltr'><strong><em>ctilis</em></strong></span> <span class='ocrx_word' id='word_1_910' title='bbox 2300 4727 2491 4781; x_wconf 89' lang='lat' dir='ltr'><strong><em>vilitate</em></strong></span> <span class='ocrx_word' id='word_1_911' title='bbox 2518 4731 2755 4783; x_wconf 83' lang='lat' dir='ltr'><strong><em>custodit.</em></strong></span> 
     </span>
    </p>
   </div>
   <div class='ocr_carea' id='block_1_109' title="bbox 2702 4841 3120 4900">
    <p class='ocr_par' dir='ltr' id='par_1_109' title="bbox 2702 4841 3120 4900">
     <span class='ocr_line' id='line_1_109' title="bbox 2702 4841 3120 4900; baseline 0.012 -5"><span class='ocrx_word' id='word_1_912' title='bbox 2702 4841 2928 4898; x_wconf 84' lang='lat' dir='ltr'><strong><em>CAPUT</em></strong></span> <span class='ocrx_word' id='word_1_913' title='bbox 2967 4844 3120 4900; x_wconf 76' lang='lat' dir='ltr'><strong><em>XXII.</em></strong></span> 
     </span>
    </p>
   </div>
   <div class='ocr_carea' id='block_1_110' title="bbox 2134 4946 3713 5030">
    <p class='ocr_par' dir='ltr' id='par_1_110' title="bbox 2134 4946 3713 5030">
     <span class='ocr_line' id='line_1_110' title="bbox 2134 4946 3713 5030; baseline 0.015 -30"><span class='ocrx_word' id='word_1_914' title='bbox 2134 4946 2347 5002; x_wconf 80' lang='lat' dir='ltr'><strong><em>Paulini</em></strong></span> <span class='ocrx_word' id='word_1_915' title='bbox 2392 4950 2554 5030; x_wconf 83' lang='lat' dir='ltr'><strong><em>pietas</em></strong></span> <span class='ocrx_word' id='word_1_916' title='bbox 2592 4968 2721 5030; x_wconf 64' lang='lat' dir='ltr'><strong><em>erga</em></strong></span> <span class='ocrx_word' id='word_1_917' title='bbox 2746 4963 2992 5030; x_wconf 41' lang='lat' dir='ltr'><strong><em>sanctos,‘</em></strong></span> <span class='ocrx_word' id='word_1_918' title='bbox 3011 4966 3059 5010; x_wconf 90' lang='lat' dir='ltr'><strong><em>et</em></strong></span> <span class='ocrx_word' id='word_1_919' title='bbox 3078 4961 3333 5030; x_wconf 74' lang='lat' dir='ltr'><strong><em>pra&#39;cipue</em></strong></span> <span class='ocrx_word' id='word_1_920' title='bbox 3360 4964 3413 5016; x_wconf 92' lang='lat' dir='ltr'><strong><em>in</em></strong></span> <span class='ocrx_word' id='word_1_921' title='bbox 3438 4968 3713 5024; x_wconf 86' lang='lat' dir='ltr'><strong><em>sanctissi-</em></strong></span> 
     </span>
    </p>
   </div>
   <div class='ocr_carea' id='block_1_111' title="bbox 2199 5021 3712 5109">
    <p class='ocr_par' dir='ltr' id='par_1_111' title="bbox 2199 5021 3712 5109">
     <span class='ocr_line' id='line_1_111' title="bbox 2199 5021 3712 5109; baseline 0.017 -40"><span class='ocrx_word' id='word_1_922' title='bbox 2199 5034 2340 5109; x_wconf 62' lang='lat' dir='ltr'><strong><em>ntupt</em></strong></span> <span class='ocrx_word' id='word_1_923' title='bbox 2366 5021 2920 5086; x_wconf 40' lang='lat' dir='ltr'><strong><em>patronnm&#39;Felicem.</em></strong></span> <span class='ocrx_word' id='word_1_924' title='bbox 2954 5021 3244 5109; x_wconf 73' lang='lat' dir='ltr'><strong><em>Quotannis</em></strong></span> <span class='ocrx_word' id='word_1_925' title='bbox 3270 5032 3339 5084; x_wconf 92' lang='lat' dir='ltr'><strong><em>ad</em></strong></span> <span class='ocrx_word' id='word_1_926' title='bbox 3381 5051 3531 5090; x_wconf 89' lang='lat' dir='ltr'><strong><em>sacra</em></strong></span> <span class='ocrx_word' id='word_1_927' title='bbox 3582 5021 3712 5109; x_wconf 80' lang='lat' dir='ltr'><strong><em>apo-</em></strong></span> 
     </span>
    </p>
   </div>
   <div class='ocr_carea' id='block_1_112' title="bbox 2112 5087 3615 5176">
    <p class='ocr_par' dir='ltr' id='par_1_112' title="bbox 2112 5087 3615 5176">
     <span class='ocr_line' id='line_1_112' title="bbox 2112 5087 3615 5176; baseline 0.015 -38"><span class='ocrx_word' id='word_1_928' title='bbox 2112 5118 2118 5125; x_wconf 87' lang='lat'><strong>-</strong></span> <span class='ocrx_word' id='word_1_929' title='bbox 2202 5087 2451 5141; x_wconf 84' lang='lat' dir='ltr'><strong><em>stolarum</em></strong></span> <span class='ocrx_word' id='word_1_930' title='bbox 2477 5105 2693 5159; x_wconf 89' lang='lat' dir='ltr'><strong><em>corpora</em></strong></span> <span class='ocrx_word' id='word_1_931' title='bbox 2722 5108 2895 5146; x_wconf 90' lang='lat' dir='ltr'><strong><em>coram</em></strong></span> <span class='ocrx_word' id='word_1_932' title='bbox 2915 5087 3204 5151; x_wconf 79' lang='lat' dir='ltr'><strong><em>veneranda</em></strong></span> <span class='ocrx_word' id='word_1_933' title='bbox 3227 5100 3445 5157; x_wconf 83' lang='lat' dir='ltr'><strong><em>Romam</em></strong></span> 
     </span>
    </p>
   </div>
   <div class='ocr_carea' id='block_1_113' title="bbox 2200 5219 3713 5308">
    <p class='ocr_par' dir='ltr' id='par_1_113' title="bbox 2200 5219 3713 5308">
     <span class='ocr_line' id='line_1_113' title="bbox 2200 5219 3713 5308; baseline 0.017 -37"><span class='ocrx_word' id='word_1_934' title='bbox 2200 5219 2252 5273; x_wconf 79' lang='grc'><strong>1.</strong></span> <span class='ocrx_word' id='word_1_935' title='bbox 2283 5220 2449 5285; x_wconf 85' lang='lat' dir='ltr'><strong><em>Quam</em></strong></span> <span class='ocrx_word' id='word_1_936' title='bbox 2479 5235 2687 5276; x_wconf 86' lang='lat' dir='ltr'><strong><em>memor</em></strong></span> <span class='ocrx_word' id='word_1_937' title='bbox 2714 5232 2857 5278; x_wconf 88' lang='lat' dir='ltr'><strong><em>esset</em></strong></span> <span class='ocrx_word' id='word_1_938' title='bbox 2882 5225 3260 5285; x_wconf 86' lang='lat' dir='ltr'><strong><em>beneﬁciorum</em></strong></span> <span class='ocrx_word' id='word_1_939' title='bbox 3284 5232 3398 5299; x_wconf 88' lang='lat' dir='ltr'><strong><em>Dei,</em></strong></span> <span class='ocrx_word' id='word_1_940' title='bbox 3427 5253 3560 5307; x_wconf 84' lang='lat' dir='ltr'><strong><em>quas</em></strong></span> <span class='ocrx_word' id='word_1_941' title='bbox 3587 5253 3713 5308; x_wconf 75' lang='lat' dir='ltr'><strong><em>gra-</em></strong></span> 
     </span>
    </p>
   </div>
   <div class='ocr_carea' id='block_1_114' title="bbox 2125 5310 3710 5392">
    <p class='ocr_par' dir='ltr' id='par_1_114' title="bbox 2125 5310 3710 5392">
     <span class='ocr_line' id='line_1_114' title="bbox 2125 5310 3710 5392; baseline 0.013 -28"><span class='ocrx_word' id='word_1_942' title='bbox 2125 5310 2318 5364; x_wconf 89' lang='lat' dir='ltr'><strong><em>tiarum</em></strong></span> <span class='ocrx_word' id='word_1_943' title='bbox 2364 5311 2605 5365; x_wconf 88' lang='lat' dir='ltr'><strong><em>actiones</em></strong></span> <span class='ocrx_word' id='word_1_944' title='bbox 2657 5314 2963 5370; x_wconf 77' lang='lat' dir='ltr'><strong><em>refunderet</em></strong></span> <span class='ocrx_word' id='word_1_945' title='bbox 3011 5318 3140 5386; x_wconf 86' lang='lat' dir='ltr'><strong><em>Deo,</em></strong></span> <span class='ocrx_word' id='word_1_946' title='bbox 3172 5324 3407 5392; x_wconf 87' lang='lat' dir='ltr'><strong><em>proclive</em></strong></span> <span class='ocrx_word' id='word_1_947' title='bbox 3437 5330 3710 5386; x_wconf 73' lang='lat' dir='ltr'><strong><em>Intellecta</em></strong></span> 
     </span>
    </p>
   </div>
   <div class='ocr_carea' id='block_1_115' title="bbox 2125 5400 3710 5491">
    <p class='ocr_par' dir='ltr' id='par_1_115' title="bbox 2125 5400 3710 5491">
     <span class='ocr_line' id='line_1_115' title="bbox 2125 5400 3710 5491; baseline 0.013 -36"><span class='ocrx_word' id='word_1_948' title='bbox 2125 5411 2209 5456; x_wconf 90' lang='lat' dir='ltr'><strong><em>est</em></strong></span> <span class='ocrx_word' id='word_1_949' title='bbox 2240 5417 2305 5456; x_wconf 84' lang='lat' dir='ltr'><strong><em>ex</em></strong></span> <span class='ocrx_word' id='word_1_950' title='bbox 2340 5410 2495 5471; x_wconf 79' lang='lat' dir='ltr'><strong><em>grato</em></strong></span> <span class='ocrx_word' id='word_1_951' title='bbox 2525 5400 2580 5457; x_wconf 79' lang='lat' dir='ltr'><strong><em>et</em></strong></span> <span class='ocrx_word' id='word_1_952' title='bbox 2614 5403 2755 5458; x_wconf 84' lang='lat' dir='ltr'><strong><em>ﬁdeli</em></strong></span> <span class='ocrx_word' id='word_1_953' title='bbox 2786 5407 3045 5478; x_wconf 87' lang='lat' dir='ltr'><strong><em>obsequio</em></strong></span> <span class='ocrx_word' id='word_1_954' title='bbox 3073 5425 3180 5478; x_wconf 89' lang='lat' dir='ltr'><strong><em>quo</em></strong></span> <span class='ocrx_word' id='word_1_955' title='bbox 3229 5417 3566 5473; x_wconf 86' lang='lat' dir='ltr'><strong><em>sanctissimo</em></strong></span> <span class='ocrx_word' id='word_1_956' title='bbox 3615 5436 3710 5491; x_wconf 69' lang='lat' dir='ltr'><strong><em>pa~</em></strong></span> 
     </span>
    </p>
   </div>
   <div class='ocr_carea' id='block_1_116' title="bbox 2721 5603 3702 5689">
    <p class='ocr_par' dir='ltr' id='par_1_116' title="bbox 2721 5603 3702 5689">
     <span class='ocr_line' id='line_1_116' title="bbox 2721 5603 3702 5689; baseline 0.024 -36"><span class='ocrx_word' id='word_1_957' title='bbox 2721 5603 2919 5689; x_wconf 35' lang='lat' dir='ltr'><strong><em>frgida</em></strong></span> <span class='ocrx_word' id='word_1_958' title='bbox 2954 5624 3005 5689; x_wconf 49' lang='grc' dir='ltr'><strong><em>ιλ.</em></strong></span> <span class='ocrx_word' id='word_1_959' title='bbox 3038 5608 3089 5661; x_wconf 68' lang='grc'><strong>4.</strong></span> <span class='ocrx_word' id='word_1_960' title='bbox 3172 5612 3184 5648; x_wconf 83' lang='grc'><em>¹</em></span> <span class='ocrx_word' id='word_1_961' title='bbox 3219 5612 3349 5669; x_wconf 90' lang='lat' dir='ltr'><strong><em>Ibid.</em></strong></span> <span class='ocrx_word' id='word_1_962' title='bbox 3431 5626 3454 5665; x_wconf 79' lang='grc' dir='ltr'>ι</span> <span class='ocrx_word' id='word_1_963' title='bbox 3484 5615 3702 5689; x_wconf 69' lang='lat' dir='ltr'><strong><em>August.</em></strong></span> 
     </span>
    </p>
   </div>
  </div>
