4066 6192
265 313 327 366 61
1009 323 1013 327 '
1639 309 1843 364 PROLE

1946 312 2164 367 lMENA.
3450 332 3521 385 δί).

264 433 427 477 trono
454 419 618 475 Felici
640 417 1019 483 famulabatur,
1046 416 1149 486 ἀι
1172 432 1268 490 per
1286 432 1445 485 quem
1471 418 1560 472 Dei
1582 419 1722 473 dona
1746 421 1844 474 sibi
1874 425 1918 481 Α
1951 424 2020 477 tis
2048 423 2258 492 pnediis
2286 425 2386 480 sibi
2416 422 2713 497 supererat,
2742 431 2949 497 glebula
2979 450 3036 488 se
3064 451 3169 490 non
3199 441 3387 495 teneri.
3414 442 3520 500 Nec

262 527 521 570 concessa
551 510 911 565 existimabat.
942 508 1183 561 Natalem
1207 508 1346 561 illius
1366 507 1559 562 festum
1599 511 1845 563 omnibus

262 600 642 658 exsultationis
669 607 725 654 et
750 599 951 652 laetitia:
972 596 1114 651 diem
1138 612 1257 651 esse
1284 596 1430 662 dicit,
1461 598 1556 652 sed
1585 598 1686 653 sibi
1724 614 1847 668 spe-

264 694 495 748 cialiter.

827 778 963 837 Quod
988 790 1076 826 nos
1098 778 1182 825 tibi
1217 778 1431 827 Christus

391 842 513 892 Esse
537 839 676 889 dedit
699 839 822 888 viles
844 852 956 887 caro
980 840 1181 890 largitus
1202 840 1354 887 amico
1380 854 1391 888 :

391 904 495 952 Non
519 906 632 962 quia
658 911 705 948 tu
729 902 906 961 dignus
930 899 1116 947 famulis
1133 908 1226 962 tam
1245 900 1419 948 v.libus
1443 912 1580 950 esses

390 961 605 1013 Aitcrnis
623 962 823 1017 dignate
843 962 945 1009 Deo
968 973 1135 1008 comes
1160 961 1233 1007 ire
1266 963 1538 1021 triumphis.

390 1026 488 1074 Sed
507 1025 618 1085 quia
646 1036 733 1085 nos
752 1021 1050 1085 itiopesjusti
1077 1021 1395 1085 indignosque
1424 1023 1588 1071 salutis

390 1087 473 1135 Sic
499 1083 651 1133 voluit
670 1083 827 1131 ditare
854 1083 999 1131 Pater
1025 1084 1196 1141 bonus,
1226 1088 1279 1131 ut
1300 1083 1424 1131 male
1444 1085 1575 1133 dites

393 1147 683 1196 Criminibus
704 1156 841 1193 versa
866 1146 912 1190 in
937 1142 1110 1191 melius
1130 1144 1232 1189 vice
1265 1144 1540 1193 divitiarum

391 1206 488 1255 Pro
508 1209 700 1255 cunctis
720 1205 895 1267 Opibus
919 1206 1203 1267 cunctisque
1228 1203 1500 1262 all'ectibus,
1533 1212 1582 1254 et
1607 1220 1695 1267 pro

392 1268 647 1316 Nobilibus
670 1266 823 1314 titulis
847 1272 898 1316 et
920 1266 1183 1313 honoribus
1202 1267 1358 1313 omnia
1379 1279 1529 1322 vatus,

392 1327 609 1376 Felicem
634 1339 922 1388 caperemus
939 1338 1078 1385 Opes,
1099 1326 1420 1386 patriamque,
1438 1331 1748 1388 domumque.

388 1390 463 1438 Tu
490 1390 657 1445 Pater,
682 1396 734 1437 et
753 1388 923 1450 patria,
947 1393 999 1435 et
1021 1388 1212 1445 domus,
1238 1393 1289 1450 et
1307 1390 1570 1450 substantia
1595 1393 1753 1450 nobis,

390 1450 445 1499 In
464 1451 703 1510 gremium
730 1447 958 1511 translata
984 1454 1118 1495 tuum
1140 1447 1374 1511 cunabula
1395 1457 1578 1511 nostra,

394 1510 453 1561 Et
474 1508 589 1559 tuus
607 1518 682 1559 est
701 1511 843 1558 nobis
868 1510 978 1556 nido
998 1511 1158 1565 sinus;
1189 1508 1277 1554 hor.
1298 1508 1428 1557 bene
1453 1510 1537 1559 foti

389 1572 681 1636 Crescimns,
704 1573 849 1636 inque
870 1570 1013 1636 aliam
1028 1575 1271 1636 mutantes
1291 1582 1497 1636 corpora
1518 1574 1732 1636 formam,

388 1633 613 1682 Terrena
638 1629 867 1679 exuimur
890 1632 1045 1691 stirpe
1061 1668 1073 1691 ,
1099 1636 1151 1679 et
1173 1629 1497 1691 subeuntibus
1513 1633 1602 1680 alis

397 1693 645 1743 Vertimur
669 1694 719 1740 in
746 1693 965 1739 volucres
987 1690 1137 1739 divini
1160 1690 1350 1739 semine
1379 1695 1538 1741 verbi.

387 1754 464 1803 Te
483 1752 737 1802 relevante
755 1754 925 1812 jugum
950 1752 1127 1801 Christi
1154 1751 1262 1812 leve
1288 1757 1527 1803 noscimus
1549 1769 1559 1802 :
1581 1755 1629 1803 in
1651 1764 1700 1805 te

390 1814 603 1881 Blandus
626 1822 677 1862 et
700 1810 929 1881 indignis,
951 1819 1009 1881 et
1030 1813 1186 1881 dulcis
1206 1810 1422 1881 .Cll-IISIIIS
1446 1818 1635 1881 amaris.

390 1876 488 1924 ista
508 1878 618 1923 dies
635 1887 766 1937 ergo,
782 1874 835 1924 et
851 1876 992 1924 nobis
1012 1874 1246 1937 solemnis
1268 1874 1507 1937 habenda,

390 1939 511 1994 Quae
535 1937 621 1985 tibi
643 1935 849 1996 natalis;
872 1937 985 1998 quia
1012 1942 1061 1985 te
1087 1935 1212 1984 mala
1237 1946 1396 1986 nostra
1422 1935 1649 1987 abolente

387 1998 667 2046 Occidimus
682 1998 879 2057 mundo,
906 2010 1153 2047 uascamur
1171 2004 1223 2046 ut
1253 2000 1300 2047 in
1327 2000 1449 2048 bona
1471 2001 1661 2048 Christo
1688 2000 1733 2048 ⁸.

334 2098 478 2152 Nihil
502 2098 781 2153 dubitabat
806 2098 1060 2155 Paulinus
1086 2116 1145 2156 se
1172 2102 1340 2156 amari
1368 2118 1398 2156 a
1424 2100 1481 2156 8.
1512 2102 1706 2169 Felice,
1739 2104 1848 2157 sal-

271 2197 373 2243 tem
402 2198 464 2242 ut
486 2189 734 2244 dominus
760 2188 789 2228 δ
818 2190 1067 2244 catellum
1094 2206 1277 2251 amare
1298 2192 1549 2260 dignatur
1575 2210 1587 2246 :

387 2301 644 2365 Qum_rnihi
668 2302 784 2365 vita,
807 2302 998 2365 domus,
1022 2314 1127 2365 res,
1153 2304 1328 2364 gratia,
1348 2303 1525 2365 gloria,
1552 2306 1705 2364 panis,

389 2362 470 2409 Sit
492 2361 632 2409 Felix
653 2360 867 2409 donante
884 2360 991 2410 Deo
1013 2364 1057 2410 °.

335 2481 473 2537 Cum
503 2482 642 2537 illius
669 2482 859 2536 domus
888 2483 1109 2548 hujusce
1138 2485 1309 2539 sancti
1353 2485 1582 2541 basilica:
1614 2489 1851 2545 cohaere-

266 2580 367 2636 ret,
401 2587 529 2626 eum
555 2585 695 2640 saepe
722 2573 916 2641 sacpius
943 2572 968 2611 ἀ
999 2574 1367 2637 dominantium
1388 2592 1565 2644 suum,
1595 2585 1848 2648 tanquam

264 2664 541 2718 dominum
568 2664 779 2729 mdium,
810 2665 1070 2733 appellat;
1105 2674 1128 2702 ο
1160 2667 1394 2735 itemque
1437 2668 1652 2723 domum
1702 2687 1849 2725 suam

265 2762 319 2807 ct
346 2754 624 2808 hortulum
651 2770 827 2819 suum,
857 2754 912 2809 8.
946 2755 1139 2812 Felicis
1164 2757 1308 2812 aedes
1346 2766 1401 2813 et
1427 2759 1643 2814 hortum
1672 2771 1846 2816 vocat.

266 2840 320 2896 In
353 2842 373 2881 ι
407 2844 586 2910 vigilia
622 2844 975 2899 solemnitatis
1013 2845 1070 2899 8.
1115 2846 1305 2901 Felicis
1340 2864 1461 2903 cum
1507 2858 1618 2905 tota
1655 2851 1849 2905 familia

267 2932 515 2999 jejunare
545 2932 773 2997 solebat;
806 2942 862 2987 et
889 2934 1065 2989 libatis
1096 2950 1316 3005 vespere
1353 2940 1538 3001 sacris,
1568 2941 1851 3010 solutaque

264 3033 427 3087 emtu,
464 3022 680 3076 domum
713 3025 1017 3091 remeabat;
1063 3034 1119 3081 et
1158 3036 1366 3096 sumpta
1395 3029 1550 3098 dape,
1579 3033 1850 3086 exsultans

1945 515 2284 570 solummodo
2312 517 2368 571 8.
2401 518 2645 575 Felicem'
2663 524 2892 588 colebat,
2922 525 3017 580 sed
3044 536 3099 579 et
3127 529 3259 584 alios
3286 542 3520 598 sanctos,

1946 612 2004 659 ut
2032 622 2097 661 ex
2127 608 2244 676 ejus
2270 612 2484 680 scriptis
2520 622 2747 678 constat,
2789 617 3019 670 maxima
3049 621 3405 678 venerabatur
3431 642 3510 681 re.

1944 700 2203 761 verentia,
2236 715 2298 754 ac
2326 717 2437 770 pra:
2475 705 2684 758 czeteris
2722 705 2778 758 8.
2824 706 3107 762 Martinum
3157 710 3521 771 Turoncusem

1946 787 2280 857 episcopum,
2312 790 2532 861 ejusque
2560 793 2873 863 discipulum
2903 795 3138 853 Clarum.

2015 876 2067 929 2.
2109 877 2339 947 Singulis
2360 880 2384 916 ι
2404 884 2556 938 annis
2576 882 2799 938 Romam
2822 886 2889 939 ad
2911 888 3139 942 natalem
3161 893 3523 960 apostolorum

1946 982 2005 1021 se
2025 968 2337 1023 conferebat
2359 986 2457 1038 pro
2480 976 2825 1030 veneratione
2850 980 3213 1047 apostolorum
3244 990 3297 1037 et
3326 994 3526 1056 marty-

1948 1070 2089 1122 rum,
2122 1064 2181 1109 ut
2208 1057 2274 1110 ad
2305 1074 2492 1113 eorum
2521 1076 2701 1116 sacras
2728 1063 2833 1134 42
2862 1068 3147 1123 memorias
3172 1078 3295 1124 vota
3322 1088 3415 1126 sua
3442 1075 3525 1127 of-

1948 1143 2147 1199 ferret:
2174 1162 2334 1215 quam
2372 1151 2442 1203 ob
2480 1166 2696 1206 causam
2738 1154 2868 1208 dicit
2904 1172 2962 1210 se
2993 1173 3058 1211 eo
3098 1158 3362 1227 proficisci
3401 1164 3529 1217 soli-

1950 1242 2058 1287 tum
2098 1234 2109 1273 ¹
2146 1246 2323 1290 astate
2350 1240 2566 1303 labente,
2599 1242 2791 1311 quibus
2818 1252 2997 1298 tamen
3022 1249 3197 1301 verbis
3225 1266 3331 1302 non
3376 1251 3525 1304 vide-

1953 1332 2039 1377 tur
2064 1326 2208 1379 aliud
2239 1328 2496 1384 denotare
2535 1345 2694 1399 quam
2741 1340 2905 1387 totam
2949 1345 3206 1391 aestatem.
3254 1339 3528 1397 Difficilius

1947 1424 2030 1470 est
2057 1419 2347 1474 conciliare
2375 1436 2493 1489 qua:
2521 1422 2651 1477 dicit
2679 1424 2731 1477 in
2761 1435 2799 1461 ω
2829 1428 3054 1495 epistola
3085 1430 3311 1497 quadam
3356 1432 3528 1487 idibus

1947 1505 2073 1560 Maii
2101 1507 2246 1576 data,
2277 1526 2471 1580 nempe
2507 1528 2565 1566 se
2600 1514 2757 1569 ivisse
2798 1515 3022 1571 Romam
3049 1529 3171 1588 post
3197 1518 3397 1577 Pascha
3422 1523 3527 1579 Do-

1948 1598 2077 1652 mini
2104 1600 2257 1668 juxta
2289 1603 2583 1658 solemnem
2612 1622 2765 1660 suum
2796 1624 2998 1663 morem
3036 1627 3133 1679 pro
3163 1614 3526 1681 apostolorum

1948 1702 2005 1748 et
2040 1703 2335 1767 martyrum
2379 1700 2749 1752 veneratione.
2800 1699 2981 1769 Neque
3022 1704 3162 1757 enim
3200 1704 3305 1759 dici
3352 1714 3526 1775 potest

1874 1776 1923 1836 B
1950 1799 2070 1838 eum
2102 1784 2183 1837 his
2210 1785 2430 1852 singulis
2469 1788 2621 1841 annis
2665 1787 2890 1843 Romam
2939 1792 3146 1847 venisse
3176 1798 3221 1859 ",
3252 1810 3371 1848 cum
3415 1796 3527 1864 ipse

1949 1888 2105 1927 suum
2134 1874 2233 1926 iter
2260 1891 2489 1928 annuum
2518 1885 2701 1939 vocet;
2736 1878 2968 1947 itemque
3005 1880 3070 1933 ad
3109 1897 3229 1935 eum
3275 1882 3526 1953 Augusti-

1949 1977 2051 2017 nus
2074 1970 2098 1994 θ
2125 1980 2137 2014 :
2162 1979 2276 2016 cum
2325 1963 2543 2018 Romam
2584 1974 2690 2021 toto
2730 1971 3082 2025 anniversario
3126 1976 3373 2043 pergitis;
3401 1978 3525 2045 quin

1950 2060 2007 2106 et
2034 2050 2239 2106 Paulini
2279 2054 2345 2107 ad
2382 2054 2703 2124 Delphinum
2743 2068 2770 2106 P
2804 2060 3029 2127 epistola
3070 2062 3316 2129 vigesima
3356 2065 3526 2133 ipsum

1951 2146 2237 2212 quotannis
2264 2146 2429 2199 semel
2469 2155 2672 2200 tantum
2710 2163 2777 2203 eo
2806 2150 2964 2204 ivisse
2997 2152 3126 2204 satis
3168 2152 3387 2208 indicat.
3420 2155 3527 2210 Nec

1951 2235 2111 2287 etiam
2133 2234 2236 2289 dici
2259 2243 2438 2304 potest
2461 2245 2565 2289 tam
2596 2239 2896 2306 proximum
2920 2239 3165 2294 Paschati
3190 2241 3351 2296 fuisse
3377 2240 3527 2299 Nata«

1952 2325 2056 2379 lem
2104 2326 2492 2394 apostolorum,
2541 2334 2663 2382 cuin
2715 2330 2829 2398 ipse
2877 2337 3100 2385 testetur
3142 2332 3286 2387 hunc
3334 2333 3526 2388 festum

1951 2425 2140 2471 testate
2168 2416 2331 2472 fuisse
2358 2418 2719 2485 celebratum;
2758 2437 2932 2490 neque
2973 2422 3136 2476 ullum
3174 2424 3384 2478 videtur
3411 2442 3528 2481 esse

1951 2508 2229 2562 dubitandi
2270 2509 2669 2563 fundamentum
2699 2512 2825 2579 quin
2855 2512 3056 2568 Natalis
3094 2514 3182 2567 ille
3219 2515 3333 2570 dies
3369 2513 3527 2572 fuerit

1953 2598 2097 2653 Petri
2139 2607 2193 2653 et
2233 2598 2402 2653 Pauli.
2448 2600 2656 2655 Etenim
2701 2617 2820 2657 cum
2868 2607 3106 2674 perrexit
3144 2604 3367 2662 Romam
3407 2618 3527 2678 post

1953 2688 2177 2753 Pascha,
2220 2704 2326 2743 non
2370 2690 2517 2754 dicit,
2564 2698 2623 2744 ut
2667 2691 2816 2756 alias,
2862 2707 2921 2747 se
2968 2694 3163 2749 adiisse
3208 2695 3430 2750 Romam
3461 2697 3525 2751 ad

1952 2779 2184 2833 natalem
2236 2777 2623 2849 apostolorum.
2683 2781 2869 2836 Simile
2926 2784 3087 2852 igitur
3139 2801 3266 2839 vero
3314 2785 3527 2841 videtur

1951 2882 2071 2921 euvn
2103 2871 2243 2939 (cum
2267 2871 2559 2923 necessitas
2588 2855 2661 2923 illi
2693 2872 2991 2926 incubuerit
3011 2889 3078 2927 eo
3102 2889 3242 2929 anno
3270 2877 3524 2944 pergendi

1953 2955 2177 3009 Romam
2208 2959 2367 3025 paulo
2392 2966 2516 3027 post
2552 2958 2774 3023 Pascha,
2804 2974 3031 3029 cumque
3059 2978 3126 3016 eo
3154 2979 3214 3017 se
3251 2977 3435 3019 rursus
3460 2966 3525 3020 ad

1951 3046 2181 3100 natalem
2202 3048 2567 3114 apostolorum
2590 3064 2696 3101 non
2720 3049 2916 3103 iturum
2940 3049 3247 3121 judicaret),
3275 3054 3400 3108 illud
3427 3056 3527 3109 iter

265 3112 374 3167 Deo
402 3113 622 3183 hymnis
650 3123 703 3167 et
729 3115 948 3183 psalmis
975 3125 1188 3171 noctem
1218 3118 1437 3173 omnino
1473 3127 1565 3172 aut
1600 3136 1663 3174 ex
1695 3131 1843 3190 parte

1947 3145 2099 3189 extra
2142 3144 2455 3191 consuetum
2491 3143 2790 3205 temporum
2827 3140 3065 3193 ordinem
3094 3153 3398 3213 susceptum
3426 3161 3527 3215 pro

263 3202 619 3271 producebat.
660 3203 900 3273 Corpore
931 3215 956 3252 Β
985 3214 1040 3259 et
1092 3207 1280 3275 spiritu
1326 3216 1583 3275 quantum
1634 3222 1845 3279 poterat

264 3295 472 3350 caﬂesti
500 3296 575 3348 illi
601 3304 828 3364 patrono
854 3297 1092 3363 quotidie
1115 3297 1487 3363 famulabatur,
1518 3301 1610 3354 sed
1638 3301 1845 3355 solebat

263 3386 554 3456 quotannis
580 3388 810 3440 natalem
834 3388 1055 3456 hujusce
1081 3391 1252 3443 sancti
1272 3389 1412 3445 diem
1436 3406 1578 3445 novo
1605 3392 1844 3446 natalitio

262 3478 502 3531 carmine
556 3478 849 3542 honorare,
901 3478 1079 3546 lingua
1126 3479 1485 3535 dulcissimum
1532 3483 1844 3536 voluntaria:

262 3569 540 3621 servitutis
576 3568 830 3621 tributum
860 3570 1157 3637 pensitans,
1196 3571 1477 3625 immolans
1504 3572 1717 3626 Christo
1744 3574 1844 3625 ho-

261 3660 419 3712 stiam
464 3658 657 3727 laudis,
691 3668 747 3713 et
789 3659 1016 3714 reddens
1044 3658 1314 3715 Altissimo
1344 3670 1469 3715 vota
1495 3678 1611 3716 sua.
1641 3661 1843 3733 Super-

259 3757 385 3801 sunt
411 3748 720 3817 quindecim
752 3750 892 3805 illius
923 3750 989 3803 de
1017 3749 1074 3804 S.
1105 3751 1281 3805 Felice
1316 3752 1555 3805 natalitia
1583 3755 1839 3817 carmina,

259 3854 323 3893 ex
349 3840 552 3908 quibus
586 3847 754 3893 totam
783 3839 1107 3895 confessoris
1133 3841 1315 3906 vitam,
1347 3857 1499 3897 sacra
1528 3844 1840 3908 certamina,

258 3939 314 3985 et
334 3940 551 3999 patrata
591 3930 659 3985 ad
684 3931 986 4000 sepulcrum
1016 3931 1131 3999 ejus
1159 3933 1417 3987 miracula
1459 3934 1740 3997 habemus;
1771 3935 1844 3988 ita

260 4031 337 4088 nt,
373 4024 421 4078 si
454 4021 711 4077 Paulinus
736 4031 922 4077 noster
946 4023 1282 4078 sanctissimo
1325 4023 1490 4078 Felici
1534 4040 1640 4078 sua:
1686 4025 1846 4079 debet

258 4113 486 4179 gloriam
520 4112 916 4175 conversionis,
950 4112 1180 4167 vicissim
1225 4112 1282 4167 8.
1325 4112 1476 4167 Felix
1515 4129 1665 4168 suam
1705 4114 1844 4183 apud

258 4202 509 4258 homines
540 4203 765 4272 gloriam
794 4203 988 4258 debeat
1024 4204 1268 4270 Paulino,
1300 4206 1391 4273 qui
1419 4205 1475 4259 8.
1505 4206 1698 4261 Felicis
1734 4206 1842 4261 No-

261 4290 365 4344 lani
394 4306 599 4345 nomen
630 4299 742 4345 tum
770 4293 1109 4347 basilicarum
1142 4294 1552 4361 magnificentia,
1586 4304 1699 4350 tum
1726 4312 1845 4350 car-

256 4381 492 4436 minibus
521 4381 680 4450 longe
700 4383 911 4451 lateque
938 4399 1035 4453 per
1077 4392 1249 4439 terras
1276 4386 1581 4441 venerabile
1606 4396 1662 4441 et
1689 4388 1843 4441 incli-

1945 3224 2215 3278 ordinario
2243 3225 2512 3288 habuisse,
2544 3240 2773 3294 eumque
2804 3226 3028 3282 Romam
3054 3233 3113 3283 Se
3140 3233 3430 3291 contulisse
3458 3250 3522 3288 ea

1948 3324 2149 3379 mente,
2174 3322 2232 3368 ut
2253 3331 2371 3369 eam
2394 3325 2504 3371 tum
2524 3318 2724 3372 sanctis
2744 3319 3142 3375 venerationem
3163 3335 3321 3389 quam
3342 3340 3526 3379 mense

1943 3404 2100 3459 Junio
2126 3407 2315 3460 solitus
2335 3415 2451 3461 erat
2471 3408 2767 3464 exhiberet.
2792 3408 3070 3463 Hominum
3100 3420 3125 3459 (ι
3151 3413 3318 3466 turbis
3343 3415 3525 3482 oppri-

1945 3497 2192 3550 mebatur
2217 3512 2338 3551 cum
2383 3497 2461 3551 sic
2508 3497 2732 3551 Romam
2761 3498 3025 3552 veniebat.
3061 3499 3291 3569 Tempus
3318 3513 3339 3539 τ
3403 3511 3526 3559 ante

1946 3587 2222 3641 meridiem
2252 3587 2303 3641 in
2334 3587 2473 3641 votis
2500 3588 2610 3642 suis
2636 3603 2732 3657 per
2757 3590 3122 3657 apostolorum
3149 3599 3203 3643 et
3232 3601 3527 3663 martyrum

1942 3692 2124 3732 sacras
2168 3677 2453 3731 memorias
2505 3678 2894 3742 consumebat;
2939 3693 3167 3746 cumque
3220 3680 3413 3734 deinde
3459 3682 3525 3735 ad

1944 3768 2233 3835 hospitium
2262 3767 2513 3830 redierat,
2545 3766 2836 3821 innumeris
2863 3767 3187 3819 visitantium
3217 3767 3525 3837 frequenta-

1946 3857 2181 3910 tionibus
2209 3855 2591 3922 occupabatur,
2635 3864 2768 3922 quas
2811 3855 3005 3923 partim
3046 3855 3297 3921 amicitia,
3334 3859 3525 3927 partim

1944 3946 2130 4013 religio
2158 3943 2540 3999 contrahebat:
2574 3944 2647 3997 ita
2676 3952 2736 3997 ut
2769 3959 2995 4013 vespera
3042 3952 3246 3998 tantum
3292 3947 3526 4002 solveret

1945 4045 2133 4099 cmtus,
2184 4033 2494 4107 Paulinique
2534 4034 2771 4088 animum
2823 4034 3057 4099 laxaret;
3108 4042 3163 4087 et
3210 4050 3330 4089 cum
3382 4044 3525 4092 totos

1946 4126 2019 4180 ibi
2047 4135 2068 4161 ³
2099 4127 2285 4180 decem
2315 4125 2434 4180 dies
2463 4134 2665 4193 ageret,
2712 4126 2996 4193 aliquando
3038 4132 3216 4180 tamen
3243 4127 3526 4195 epistolam

1955 4214 2244 4280 scribendi,
2275 4223 2367 4268 aut
2396 4214 2596 4282 aliquid
2635 4214 2753 4268 sine
2791 4215 3183 4268 intermissione
3214 4216 3420 4283 tegendi
3450 4216 3525 4270 fa-

1944 4305 2115 4359 cultas
2144 4303 2219 4356 illi
2248 4318 2355 4356 non
2377 4311 2511 4356 erat.
2544 4302 2627 4356 Ab
2658 4303 2785 4372 ipsis
2812 4304 3148 4371 temporibus
3184 4303 3358 4359 Siricii
3388 4306 3525 4361 hanc

1944 4396 2137 4453 inierat
2155 4394 2616 4457 consuetudinem,
2640 4393 3067 4461 quandoquidem
3090 4409 3209 4448 cum
3223 4407 3280 4449 se
3300 4396 3529 4453 Romam

256 4480 364 4526 tum
396 4472 547 4527 fecit.
576 4472 631 4525 In
660 4476 1003 4541 sequentibus
1035 4476 1060 4511 δ
1082 4476 1379 4531 videbimus
1402 4479 1676 4545 quomodo
1706 4480 1844 4534 illius
1872 4487 1919 4547 ι)
1945 4485 2167 4538 contulit
2195 4484 2424 4553 primum
2467 4484 2566 4538 sub
2613 4484 2630 4517 ί
2666 4483 2946 4537 Anastasio
2976 4499 3111 4552 papa
3138 4500 3280 4539 anno
3318 4494 3525 4540 trecen-

252 4560 535 4617 basilicam
578 4564 980 4633 ampliﬁcat/erit
1019 4574 1074 4619 et
1113 4566 1401 4619 ornaverit.
1434 4567 1540 4622 Sed
1566 4571 1845 4635 quantavis

252 4654 460 4720 pietate
504 4653 713 4709 coleret
749 4653 806 4708 S.
852 4653 1111 4719 Felicem,
1140 4663 1195 4709 et
1224 4656 1349 4709 licet
1378 4663 1485 4709 tam
1514 4657 1636 4713 lzeto
1665 4659 1843 4714 animo

250 4758 307 4798 sc
336 4743 453 4797 Deo
478 4742 547 4795 ad
567 4743 684 4810 ejus
712 4744 971 4797 tumulum
997 4758 1097 4812 pro
1118 4753 1232 4797 toto
1262 4745 1382 4798 vitae
1410 4762 1518 4800 sua:
1544 4747 1719 4815 spatio
1747 4747 1843 4803 de-

250 4835 515 4897 vovisset,
552 4833 819 4887 scribebat
846 4842 1025 4888 tamen
1066 4834 1132 4887 ad
1173 4835 1526 4903 Augustinum
1559 4835 1673 4891 iita
1701 4853 1758 4891 se
1787 4838 1839 4891 in

249 4923 338 4977 illo
365 4939 488 4992 quo
528 4921 753 4977 feliciter
794 4924 1068 4989 utebatur,
1101 4925 1220 4979 loco
1257 4940 1603 4995 perseverare
1651 4927 1836 4983 decre-

248 5014 407 5077 visse,
438 5021 528 5079 ut,
555 5013 601 5066 si
624 5012 753 5081 quid
781 5013 848 5067 de
876 5028 934 5067 se
969 5014 1115 5069 aliud
1153 5015 1382 5069 Domino
1419 5016 1696 5085 placuerit,
1729 5016 1844 5086 ejus

247 5104 593 5157 voluntatem
617 5119 727 5157 sua:
749 5112 893 5159 esset
910 5104 1247 5175 prmlaturus.
1267 5105 1397 5159 ltcm
1419 5105 1654 5175 Sulpicio
1672 5107 1686 5157 i
1707 5112 1842 5163 seri.

248 5191 321 5247 bit
343 5210 408 5250 se
438 5194 576 5248 limo
607 5200 763 5248 terra:
787 5194 842 5248 in
870 5194 1067 5250 hortuli
1096 5185 1200 5262 sui,
1228 5196 1320 5265 qui
1351 5196 1497 5252 solus
1516 5212 1547 5252 e
1569 5205 1675 5252 tam
1700 5199 1831 5254 mul-

314 5377 341 5404 ⁸
362 5366 583 5421 Paulin.
610 5382 777 5421 carm.
802 5364 888 5430 15,
911 5382 964 5421 v.
993 5364 1048 5423 5.
1124 5367 1150 5405 ι’
1171 5367 1352 5423 Carm.
1373 5367 1463 5433 ‘24,
1491 5386 1542 5422 v.
1567 5367 1689 5423 602.

257 5435 335 5507 l0,
364 5445 422 5489 et
449 5436 747 5507 ωαψω,
775 5452 828 5507 ν.
859 5436 1017 5507 109κ
1078 5446 1101 5475 ο
1132 5436 1230 5507 Ep.
1276 5436 1327 5503 5,
1360 5456 1414 5492 n.
1447 5438 1513 5491 15
1542 5446 1598 5492 et
1627 5440 1709 5493 l6.

1949 4574 2136 4627 tesimo
2164 4574 2511 4641 nonagesimo
2541 4588 2704 4635 nono,
2756 4580 2985 4627 testatur
3010 4586 3070 4626 se
3120 4573 3247 4627 illud
3294 4575 3397 4628 iter
3438 4593 3525 4630 so-

1942 4664 2099 4717 lemni
2149 4663 2512 4717 consuetudine
2559 4662 2853 4717 confecisse
2896 4668 3098 4731 :atqhe
3144 4662 3218 4715 ita
3247 4665 3527 4731 probabile

1943 4753 2165 4807 omnino
2182 4752 2396 4807 videtur
2411 4752 2656 4806 Siricium
2685 4752 2834 4806 brevi
2860 4766 2997 4817 eam,
3023 4765 3129 4819 qua
3157 4752 3210 4805 in
3240 4750 3527 4811 Paulinum

1940 4850 2167 4908 arserat,
2197 4842 2514 4913 zelotypiam
2540 4841 2851 4910 deposuisse
2870 4849 2917 4893 υ.

2510 4950 2738 5005 CAPUT
2768 4949 2951 5004 XXIII.

1946 5041 2201 5097 Paulinus
2227 5042 3178 5181 αηιὶεἱιὶαιηλὶινιξῗέιεῗςῇιιέιιῃυειὶηο
3226 5051 3277 5097 et
3302 5043 3422 5097 aliis
3466 5043 3525 5095 in

2597 5127 2705 5165 rica
2727 5126 2939 5164 εαιιειιε.

2013 5200 2070 5257 ὅ.
2112 5202 2268 5260 Brevi
2289 5200 2575 5257 admodum
2604 5209 2847 5256 tempore
2872 5216 3003 5257 sane
3028 5210 3312 5271 postquam
3333 5202 3524 5260 Nolam

1771 5381 1793 5409 ο
1815 5371 1984 5444 _Ib_id.,
2012 5372 2219 5444 v,_605.
2281 5370 2438 5444 flEp.
2471 5371 2521 5439 5,
2541 5389 2608 5444 _n.
2641 5372 2740 5444 I5;
2767 5372 2856 5441 18,
2882 5376 2937 5444 ιι.
2969 5374 3032 5439 5;
3061 5374 3149 5444 28,
3180 5392 3236 5429 ιι.
3259 5377 3320 5439 6;
3343 5374 3515 5444 52,,n.

1810 5440 1828 5477 ί
1859 5439 2037 5495 Carm.
2069 5442 2156 5495 20.
2189 5439 2394 5496 ν.111ζ

2490 5452 2514 5490 8
2536 5442 2637 5513 Ep.
2676 5442 2765 5513 28,
2800 5460 2852 5496 n.
2883 5443 2935 5497 6.
3012 5444 3040 5482 ιι
3071 5442 3202 5512 Cap.
3234 5445 3305 5496 42
3340 5454 3401 5513 ct
3425 5442 3513 5497 45.

261 5504 273 5541 ί
310 5506 443 5573 Aug.
472 5522 562 5576 ep.
596 5505 665 5559 80
719 5521 772 5559 n.
804 5505 857 5557 2.
938 5505 952 5556 i
989 5504 1197 5563 Paulini
1227 5523 1313 5577 ep.
1347 5508 1433 5569 11,
1466 5525 1519 5560 ιι.
1557 5508 1638 5562 11.
1719 5507 1741 5545 ιι
1768 5509 1838 5562 Pa

261 5572 337 5627 95.
367 5590 425 5627 ιι.
451 5577 508 5627 6.
593 5548 1003 5627 ιιξυ.ι7.η.ι.
1081 5578 1115 5597 π’
1143 5576 1590 5627 Ειι.·ι15.ιι.¹7ρι
1624 5577 1671 5627 ι.
1749 5588 1774 5613 ιι
1802 5578 1843 5627 E

1946 5526 2082 5627 Rep.
2116 5511 2201 5576 17,
2234 5528 2287 5564 ιι.
2322 5512 2383 5577 2;
2414 5511 2503 5577 20,
2530 5504 2679 5571 n52:
2712 5504 2800 5574 43,
2832 5528 2886 5597 ιι.
2920 5513 2982 5577 1;
3014 5513 3103 5576 45,
3215 5513 3265 5577 1;
3296 5521 3349 5566 et
3379 5511 3512 5579 Aug.

1967 5613 1979 5627 .
2006 5622 2020 5627 -
2055 5597 2107 5627 n.
2140 5581 2193 5627 5.
2272 5589 2297 5616 ο
2330 5581 2460 5627 Amr-
2492 5597 2577 5627 an-
2618 5581 2705 5627 95-
2736 5599 2789 5627 π-
2814 5582 2867 5627 ἢ-
2946 5593 2971 5627 Ρ
2993 5582 3199 5627 Panltn-
3226 5597 3310 5627 nn.
3339 5579 3425 5627 20-
3460 5597 3512 5627 n-

256 5572 337 5646 95,
367 5572 525 5646 n45.—
587 5572 739 5646 IUEp.
766 5573 853 5646 I7,
880 5591 931 5629 ιι.
953 5575 1003 5646 I_.
1081 5578 1115 5597 "’
1143 5572 1369 5646 Epfsiii,
1399 5593 1454 5631 n.
1481 5579 1511 5629 7
1536 5585 1590 5631 ct
1624 5577 1671 5630 l.

1749 5588 1774 5613 ιι
1802 5578 1901 5651 Ep.
1932 5578 2107 5651 4.5,...
2140 5581 2193 5633 5.
2222 5649 2233 5651 Α
2272 5589 2297 5616 ο
2328 5581 2461 5650 Aug.
2492 5597 2577 5651 ep.
2618 5581 2705 5645 95,
2736 5599 2789 5636 ιι.
2814 5582 2868 5636 6.
2944 5593 2971 5633 Ρ
2993 5582 3199 5651 Paulin.
3226 5597 3310 5650 ep.
3339 5579 3426 5645 20,
3459 5578 3513 5635 ιι.

256 5642 304 5695 2.
380 5655 409 5694 οι
435 5644 537 5716 Ep.
572 5644 662 5707 £5,
689 5642 752 5699 Vn.
784 5644 831 5696 1.
919 5654 938 5682 τ
963 5642 1060 5713 Ep.
1098 5642 1262 5715 17,“ιι.
1296 5646 1347 5702 2.
1429 5657 1449 5684 ³
1481 5646 1579 5719 Ep.
1614 5647 1699 5716 45,
1724 5666 1777 5703 ιι.
1806 5648 1843 5702 1η

1946 5650 1955 5685 ι
1981 5642 2148 5719 Epist.
2174 5649 2262 5718 20,
2288 5668 2341 5707 ιι.
2369 5642 2437 5705 2Ϊ
2498 5642 2815 5721 η’νὶὐεέίψ.
2842 5652 2926 5717 17,
2958 5668 3011 5707 ιι.
3039 5650 3090 5703 2.
