4020 6186
443 277 519 336 65
1457 272 1513 327 S.
1555 267 1896 323 PAULINUS
1935 265 2251 322 NOLANl-IS
2290 267 2683 326 EPISCGPUS.

3631 279 3712 334 64

443 410 503 452 se
522 399 799 462 receperat
827 389 1097 450 Paulinus,
1121 395 1256 457 perﬂ
1277 385 1544 439 lulianum
1565 399 1720 438 suum
1748 381 2021 435 hominem
2050 383 2096 440 Α
2132 398 2276 437 mum
2310 386 2718 453 nonagesimum
2748 395 3020 454 quartum,
3052 389 3174 443 Inde
3204 403 3421 445 necesse
3451 391 3715 452 habemus

445 483 513 537 de
555 479 877 546 Carthagine
924 483 1284 531 revertentem
1321 474 1372 528 ei
1426 472 1642 526 redditze
1670 479 1796 526 sunt
1843 471 2018 540 Alypii

447 570 635 624 litterae
657 567 705 634 δ,
719 567 908 637 quibus
928 566 1214 620 amicitiam
1229 579 1348 617 cum
1369 578 1437 617 eo
1451 562 1729 630 jungeret;
1755 561 2025 628 etiamque

451 663 518 714 ab
543 676 609 714 eo
629 659 832 728 accepit
857 657 1132 725 Augustini
1156 656 1346 709 librum
1377 655 1442 708 de
1473 655 1608 708 Vera
1639 653 1938 722 Religione,
1971 661 2026 707 et

451 751 688 818 ejusdem
731 750 866 802 alios
885 754 1117 816 quatuor
1140 747 1394 800 adversus
1417 745 1826 799 Manichzeorum
1853 745 2021 798 hmre-

450 855 555 894 ses.
587 839 756 892 Simul
786 837 1063 890 Paulinum
1085 835 1314 903 rogabat
1340 835 1559 904 Alypius
1586 842 1642 888 ut
1671 834 1771 888 sibi
1792 834 2029 888 mitteret

455 939 478 966 ε
519 927 728 982 Eusebii
774 927 843 980 de
891 926 1095 981 cunctis
1133 925 1462 992 temporibus
1511 923 1786 976 historiam
1811 962 1825 985 ,
1867 937 2029 990 quam

453 1017 639 1072 Romae
665 1015 804 1084 apud
843 1015 1192 1070 Domnionem
1225 1010 1503 1081 reperiret.
1545 1011 1622 1066 Ex
1651 1013 1844 1081 quibus
1867 1027 2033 1081 appa-

455 1113 543 1161 ret
572 1105 816 1175 Alypium
846 1103 1134 1159 credidisse
1161 1101 1440 1155 Paulinum
1470 1117 1574 1155 non
1603 1109 1729 1156 tunc
1759 1100 1811 1153 iu
1842 1099 2033 1168 Hispa-

455 1199 545 1251 nia
583 1205 676 1250 aut
705 1196 757 1249 in
794 1195 980 1249 Galliis
1009 1195 1220 1262 degere,
1262 1208 1448 1247 verum
1500 1192 1665 1256 Nolae,
1697 1200 1789 1245 aut
1828 1191 2032 1246 Horme.

456 1288 480 1324 α
499 1288 744 1342 Aurelius
764 1286 1197 1355 Carthaginensis
1223 1285 1507 1354 episcopus
1536 1284 1599 1338 ad
1622 1299 1742 1337 eum
1763 1284 1860 1338 sub
1890 1283 2030 1337 idem

457 1388 668 1447 tempus
691 1379 924 1447 scripsit,
951 1386 1004 1432 et
1025 1377 1268 1445 quaedam
1297 1376 1364 1431 de
1393 1376 1689 1444 Augustino
1719 1389 2042 1429 commemoo

459 1471 613 1524 ravit.
647 1481 670 1507 ε
700 1470 1028 1524 Gratissima:
1078 1468 1302 1523 Paulino
1357 1468 1568 1523 fuerunt
1615 1468 1716 1521 illze
1744 1467 1954 1531 litterze,
1986 1473 2042 1520 et

465 1561 619 1614 istam
645 1559 739 1614 Dei
771 1560 1064 1613 amicorum
1111 1559 1163 1612 in
1193 1557 1376 1625 ignoto
1409 1559 1539 1612 orbe
1567 1571 1695 1624 erga
1722 1573 1781 1612 se
1807 1557 2043 1611 benevo-

462 1649 680 1707 lentiam
711 1648 977 1717 reputavit
1004 1646 1021 1685 τ
1053 1646 1158 1717 53
1185 1648 1410 1714 gratiam
1449 1647 1786 1701 retributoris
1823 1646 1916 1700 Dei
1945 1661 2042 1713 pro

2130 471 2311 526 dicere
2327 472 2436 539 jam
2463 483 2573 526 tum
2601 476 2928 543 temporibus
2958 477 3072 531 istis
3091 477 3278 532 Nolam
3301 495 3420 533 sese
3443 483 3716 550 recepisse

2132 560 2432 616 Paulinum.
2468 565 2658 618 Merito
2689 567 2849 619 etiam
2893 568 3012 636 quis
3060 578 3245 638 posset
3270 571 3491 626 credere
3521 575 3572 627 in
3622 576 3714 629 illa

2130 653 2260 706 urbe
2289 669 2409 706 eum
2436 664 2826 709 commoratum
2866 657 3030 712 fuisse
3057 659 3142 712 vel
3192 660 3307 728 ipso
3337 677 3479 716 anno
3503 672 3718 718 trecen—

2131 743 2322 796 tesimo
2356 745 2706 811 nonagesimo
2738 746 2914 808 tertio,
2939 748 3419 818 presbyterumque
3443 752 3602 807 fuisse
3630 770 3720 807 or-

2132 831 2370 886 dinatum
2420 848 2562 886 anno
2592 832 2711 886 392.
2746 835 2851 889 Sed
2898 837 3183 893 maluimus
3223 856 3345 894 eum
3392 840 3625 897 Baronio
3659 853 3718 898 et

2131 918 2399 973 Chiflletio
2424 919 2475 973 id
2505 921 2728 987 rejicere
2751 923 2801 975 in
2831 938 3030 977 annum
3059 936 3393 993 sequentem,
3419 930 3546 997 quia
3566 931 3718 986 vide-

2093 1008 2096 1010 ’
2137 1019 2222 1065 tur
2252 1011 2497 1081 Alypium
2523 1013 2756 1067 voluisse
2784 1028 2904 1068 cum
2952 1030 3018 1069 eo
3042 1015 3271 1084 jungere
3300 1019 3594 1075 amicitiam
3627 1023 3716 1077 ubi

2135 1102 2352 1156 rescivit
2373 1117 2494 1156 eum
2519 1102 2705 1156 Nolam
2734 1103 3069 1159 adventasse.
3095 1105 3248 1172 Quod
3270 1109 3314 1162 si
3335 1125 3546 1164 sacrum
3575 1128 3718 1181 pres-

2139 1191 2415 1262 byteratus
2445 1192 2686 1246 ordinem
2721 1192 2809 1248 die
2857 1193 3122 1249 dominica
3177 1198 3414 1267 suscepit
3460 1201 3715 1268 vigesima

2141 1283 2328 1351 quinta
2357 1281 2667 1337 Decembris
2693 1283 2801 1350 die,
2850 1299 2912 1337 ea
2941 1285 3027 1339 die
3068 1286 3252 1341 incidit
3279 1287 3547 1345 dominica
3575 1307 3720 1348 anno

2142 1373 2522 1427 trecentesimo
2550 1375 2895 1443 nonagesimo
2918 1378 3096 1441 tertio,
3123 1393 3230 1432 non
3264 1394 3395 1434 vero
3424 1396 3565 1436 anno
3591 1381 3716 1437 592.

2146 1462 2287 1528 Quin
2337 1462 2501 1516 etiam
2532 1464 2702 1517 series
2732 1465 3028 1519 carminum
3071 1480 3190 1534 qua:
3227 1467 3448 1534 singulis
3489 1472 3641 1526 annis
3668 1489 3720 1526 In

2147 1552 2408 1606 honorem
2435 1553 2492 1605 S.
2526 1551 2717 1607 Felicis
2755 1555 2966 1623 scripsit
2989 1553 3259 1620 Paulinus,
3289 1556 3443 1612 facile
3471 1575 3537 1614 eo
3558 1561 3723 1614 modo

2145 1658 2265 1697 cum
2287 1643 2506 1696 historia
2536 1651 2834 1713 temporum
2864 1646 3127 1712 congruit.
3153 1645 3290 1700 Dicit
3309 1648 3407 1701 sibi
3427 1649 3587 1703 fuisse
3608 1659 3722 1704 tum

463 1738 814 1806 patrimoniis,
846 1738 1017 1806 patria
1054 1746 1109 1791 et
1134 1737 1447 1806 parentibus
1488 1737 1602 1803 ejus
1641 1751 1802 1790 causa
1838 1735 2037 1789 dereli-
2071 1737 2116 1798 Β
2143 1744 2170 1771 ιι
2199 1749 2318 1788 eam
2350 1741 2582 1802 aztatem,
2605 1749 2708 1802 qua
2734 1734 2829 1788 fuit
2856 1735 3074 1790 claudus
3103 1736 3169 1791 ab
3196 1739 3452 1806 apostolis
3481 1738 3638 1794 Petro
3669 1749 3724 1794 et

463 1829 581 1884 etis.
606 1827 683 1882 Ex
707 1839 1033 1898 eo-tempore
1056 1839 1079 1872 κ
1105 1828 1456 1894 Augustinum
1478 1836 1534 1882 et
1558 1828 1778 1880 miratus
1797 1835 1880 1881 est
1900 1827 2039 1880 mul-

465 1927 595 1982 tum,
615 1927 669 1972 et
693 1926 975 1972 veneratus
1003 1925 1085 1972 est
1106 1925 1466 1986 peramanter.
1495 1916 1788 1971 Accersivit
1815 1914 1842 1953 ¹ι
1873 1916 2042 1971 Roma

467 2008 684 2063 Eusebii
719 2008 784 2063 de
818 2010 1022 2064 cunctis
1073 2010 1403 2078 temporibus
1432 2009 1706 2064 historiam
1739 2009 1916 2078 (unde
1947 2009 2044 2063 fuit

467 2098 819 2167 respondendi
849 2098 1021 2168 mora)
1051 2114 1210 2167 quam
1227 2099 1373 2154 misit
1394 2097 1629 2163 Aurelio,
1662 2100 1755 2168 qui
1780 2114 1899 2153 eam
1923 2099 2045 2153 red-

468 2190 621 2243 deret
651 2189 838 2258 Alypio
868 2188 936 2242 ad
979 2204 1141 2257 quem
1187 2205 1292 2242 una
1319 2189 1466 2242 dedit
1512 2188 1764 2243 Paulinus
1808 2190 2044 2255 litteras,

471 2295 585 2348 quae
615 2281 904 2334 etiamnum
957 2286 1189 2344 exstant,
1229 2280 1281 2332 in
1325 2279 1519 2348 quibus
1554 2280 1798 2349 Alypium
1828 2289 1982 2347 rogat
2025 2280 2040 2318 ί

474 2378 532 2425 ut
559 2385 776 2424 omnem
802 2370 926 2422 vitae
954 2385 1061 2423 suae
1088 2370 1365 2424 historiam
1412 2370 1513 2424 sibi
1561 2370 1782 2424 referat.
1814 2371 1893 2425 Ad
1922 2387 2046 2426 eum

475 2460 633 2514 etiam
667 2458 680 2508 i
713 2458 1097 2534 misitpanem,
1137 2474 1295 2528 quem
1325 2461 1460 2529 petit
1496 2467 1554 2514 ut
1577 2461 1803 2530 accipiat
1829 2477 1928 2531 pro
1955 2477 2050 2516 eu-

478 2547 615 2614 logia
642 2564 654 2598 :
686 2545 828 2615 quod
867 2547 964 2600 fuit
1001 2546 1025 2584 ¹ι
1057 2548 1108 2601 in
1139 2563 1286 2603 more
1314 2548 1544 2616 positum
1580 2548 1722 2618 apud
1751 2547 2044 2604 Paulinum.

481 2637 823 2703 Augustinus,
856 2637 994 2706 apud
1023 2651 1181 2704 quem
1206 2637 1251 2691 is
1276 2652 1392 2691 mos
1421 2653 1530 2690 non
1555 2638 1879 2702 obtinuerat,
1912 2639 2051 2692 Pau-

482 2730 590 2782 lino
609 2736 789 2786 tamen
818 2725 840 2767 ι
871 2730 1016 2783 misit
1043 2743 1234 2798 panem
1262 2745 1382 2783 cum
1413 2729 1657 2798 epistola,
1689 2729 1742 2783 in
1769 2729 1920 2797 cujds
1950 2729 2054 2784 fine

482 2825 615 2883 erat,
647 2817 810 2870 Panis
829 2835 975 2888 quem
1011 2819 1241 2871 misimus
1268 2817 1472 2872 uberior
1492 2818 1769 2872 benedictio
1788 2820 1876 2888 ﬁet
1897 2820 2054 2872 dilec~

483 2910 621 2962 tione
649 2911 945 2978 accipientis
976 2920 1152 2964 restria
1172 2910 1522 2980 benignitatis.
1559 2910 1709 2964 Unde
1737 2927 1842 2964 non
1865 2912 2055 2965 imme—

485 2998 589 3051 rito
610 2997 904 3054 dixerimus
935 3014 1100 3068 panes
1140 3000 1260 3054 illos
1283 3000 1446 3054 fuisse
1474 3000 1802 3066 benedictus,
1834 3003 1978 3071 quod
2004 3011 2060 3056 et

485 3090 699 3158 eulogia:
721 3090 938 3144 verbum
961 3088 1177 3142 indicat.
1209 3089 1342 3143 Cum
1369 3087 1617 3146 Paulinus
1645 3101 1683 3127 ιη
1709 3107 1874 3160 panes
1901 3093 2055 3160 quin-
2083 3090 2130 3153 C

488 3197 591 3243 que
612 3179 679 3232 ad
709 3179 1094 3232 Romaniauum
1131 3179 1385 3244 mitteret,
1411 3181 1478 3233 ad
1506 3182 1754 3236 eumdem
1780 3184 1895 3236 haec
1923 3183 2056 3237 scri-

491 3275 615 3341 psit.
643 3270 726 3323 Ne
748 3288 959 3324 vacuum
987 3272 1232 3339 fraterna:
1261 3272 1592 3327 humanitatis
1618 3275 1835 3344 oﬂicium
1863 3275 2060 3328 ridere-

492 3375 594 3428 tur,
642 3362 705 3415 de
740 3363 1017 3416 buccellato
1057 3360 1367 3417 Christianae
1409 3365 1768 3432 expeditionis,
1818 3366 1871 3418 in
1919 3366 2062 3434 cujus

493 3454 753 3522 procinctu
780 3452 848 3504 ad
896 3453 1212 3522 frugalitatis
1259 3471 1520 3506 annonam
1558 3456 1861 3521 militamus,
1905 3471 2062 3522 panes

494 3541 584 3595 tibi
625 3544 840 3612 quinque
867 3544 1063 3611 pariter
1103 3553 1151 3594 et
1191 3543 1301 3612 ﬁlio
1339 3553 1515 3597 nostro
1538 3543 1766 3597 Licenlio
1787 3545 2015 3597 misimus
2046 3560 2064 3598 :

501 3649 602 3687 non
642 3634 779 3686 enim
821 3634 1075 3702 potuimus
1114 3650 1146 3685 a
1192 3633 1540 3687 benedictione
1584 3650 1877 3698 secernere,
1921 3651 2066 3705 queat

493 3729 722 3796 cupimus
749 3727 928 3780 eadem
967 3726 1113 3781 nobis
1141 3729 1311 3797 gratia
1336 3729 1538 3797 penitus
1565 3735 1850 3780 annectere.
1875 3726 2069 3781 Possu-

495 3831 612 3870 mus
642 3817 800 3883 igitur
825 3815 947 3870 inde
970 3816 1307 3884 interpretari
1338 3832 1503 3885 panes
1533 3817 1662 3872 istos
1690 3832 1795 3870 non
1825 3816 1891 3869 ad
1915 3833 2072 3887 quos-

496 3907 576 3959 vis
626 3905 1083 3959 iudiscriminatim
1140 3907 1302 3960 fuisse
1351 3907 1575 3970 missos,
1634 3905 1731 3960 sed
1776 3905 1842 3959 ad
1889 3906 2070 3962 fideles

495 3996 673 4062 vulgo,
700 4009 821 4047 nam
851 4001 877 4028 ιι
904 4000 1127 4061 apparet
1155 3992 1448 4047 Licentium
1478 3994 1811 4061 baptismatis
1836 3995 2070 4048 nondum

495 4086 648 4153 aquis
668 4093 794 4138 tunc
815 4083 976 4137 fuisse
1010 4091 1324 4137 renovatum
1351 4100 1363 4135 :
1398 4083 1450 4136 in
1475 4098 1584 4151 quo
1612 4098 1750 4152 pane
1773 4083 2022 4140 Paulinus
2044 4095 2069 4123 ο

496 4175 624 4228 dicit
651 4180 958 4227 contentam
998 4171 1162 4225 fuisse
1214 4170 1491 4225 Trinitatis
1537 4171 1888 4239 soliditatem,
1935 4172 2072 4229 forte

496 4265 620 4332 quia
651 4273 677 4312 ι>
706 4262 912 4317 trilidus
930 4270 1064 4316 erat.
1098 4260 1384 4317 Eusebium
1409 4263 1790 4318 Caesariensem
1811 4275 1836 4314 «ι
1859 4281 2070 4320 venera-

497 4354 648 4407 bilem
695 4351 988 4422 episcopum
1035 4359 1195 4407 vocat
1240 4349 1538 4406 Paulinus:
1597 4352 1739 4408 unde
1790 4355 2068 4422 probatur,

497 4443 640 4513 quod
671 4444 784 4511 ipse
812 4451 829 4479 π
857 4441 1072 4508 fatetur,
1105 4455 1228 4496 eum
1259 4442 1313 4496 in
1343 4440 1574 4498 Historia
1604 4441 1766 4497 fuisse
1795 4445 2000 4498 rudem.

565 4533 621 4586 2.
658 4530 768 4588 Sub
789 4532 927 4588 idem
948 4539 1158 4603 tempus
1178 4533 1245 4588 ad
1268 4533 1619 4602 Augustinum
1648 4541 1668 4567 ³
1699 4533 1844 4587 misit
1873 4534 2073 4590 litteras

497 4625 690 4695 quibus
718 4625 1112 4695 conglutinaret
1130 4625 1428 4688 caritatem,
1459 4638 1617 4691 quam
1649 4623 1789 4678 inter
1815 4639 1874 4679 se
1901 4641 1931 4679 a
1952 4626 2075 4694 Spi-

499 4717 604 4770 ritu
632 4714 831 4772 Sancto
859 4732 956 4786 per
982 4716 1232 4786 Alypium
1282 4713 1563 4769 formatam
1605 4731 1729 4770 esse
1749 4717 2070 4771 confidebat.

500 4804 580 4858 Ab
617 4805 806 4859 eodem
851 4805 1143 4873 Augustino
1189 4805 1369 4858 omnia
1418 4819 1536 4874 qua:
1586 4805 1872 4874 scripserat
1908 4821 2072 4875 opera

499 4894 874 4964 expostulavit.
907 4893 1014 4948 Has
1054 4897 1071 4929 ί
1106 4894 1311 4948 litteras
1339 4909 1435 4963 per
1481 4911 1641 4948 unum
1671 4911 1703 4950 e
1730 4896 1839 4950 suis
1867 4897 1934 4952 ad
1963 4898 2073 4951 Au-

504 4985 774 5053 gustinum
826 4983 1066 5052 aliosque
1101 4984 1211 5039 Deo
1239 4984 1462 5039 dilectos
1489 4985 1800 5040 salutandos
1820 4997 1938 5041 ante
1966 4988 2076 5041 bie-

502 5092 631 5128 mem
660 5076 822 5129 misit.
851 5075 1089 5144 Cumque
1112 5089 1179 5128 ex
1201 5074 1478 5143 Augustini
1501 5075 1723 5130 historia
1745 5077 1795 5130 id
1829 5077 1939 5132 lieri
1968 5094 2074 5132 non

503 5166 736 5236 potuerit
773 5181 948 5235 neque
985 5173 1111 5221 ante
1156 5180 1329 5236 neque
1370 5174 1492 5234 post
1531 5181 1727 5221 annum
1758 5169 2074 5223 trecentesi-

576 5349 600 5377 ει
623 5339 944 5411 Paulin._ep.
987 5342 1040 5407 3,
1071 5357 1125 5411 n.
1160 5342 1210 5395 Ι.
1285 5341 1313 5381 δ
1342 5340 1499 5407 lbid.,
1523 5359 1576 5398 n.
1608 5343 1660 5397 2.
1741 5356 1762 5384 ο
1786 5344 2014 5411 lbid.,n.
2049 5346 2108 5402 3.

503 5409 556 5481 ζ),
578 5427 630 5462 n.
782 5409 806 5445 ³·
830 5408 984 5481 lbid.,
1011 5427 1062 5465 n.
1086 5410 1198 5481 δίει
1227 5414 1278 5465 6.
1363 5412 1375 5448 ί
1413 5413 1564 5477 Ibid.,
1598 5430 1650 5468 ιι.
1683 5415 1734 5468 3.
1815 5417 1826 5464 i
1863 5408 2019 5481 lbid.,
2051 5433 2069 5468 l‘

2154 5416 2184 5470 ἲ.
2264 5408 2297 5454 κ’
2320 5408 2452 5472 Vide
2481 5426 2593 5470 not.
2623 5417 2675 5469 8.

504 5478 558 5550 ἶ,
796 5479 983 5550 [Αυε.
1013 5496 1096 5550 ep.
1123 5480 1210 5550 36.

508 5546 531 5598 l
569 5557 620 5618 et
649 5545 699 5618 5.
781 5551 798 5585 ί
825 5547 923 5618 Ep.
955 5549 1009 5613 6,
1041 5545 1094 5604 ἰι.
1130 5549 1180 5602 1.
1265 5559 1291 5586 υ
1325 5549 1489 5618 Epist.
1524 5551 1577 5617 4,
1599 5545 1662 5606 ἠ.
1695 5553 1745 5604 3.
1833 5564 1857 5591 ν
1889 5551 2016 5608 lbid.

505 5623 535 5665 1
569 5615 779 5674 Paulin.
807 5615 894 5688 ep.
925 5620 975 5683 6.
1009 5637 1062 5676 n.
1096 5620 1142 5673 Ι.

1289 5481 1551 5555 °Pa_ulin._
1564 5499 1648 5550 ep.
1674 5483 1727 5555 3_,
1771 5501 1824 5538 ιι.
1851 5485 1921 5555 6.-
1953 5554 1957 5555 ν
1981 5495 2007 5555 ξι
2034 5484 2165 5540 Vide
2187 5494 2298 5550 not,
2329 5487 2379 5539 7.
2456 5496 2482 5535 ς
2509 5485 2603 5555 Ep.
2621 5485 2655 5538 3
2675 5527 2689 5551 ,
2713 5501 2765 5539 η.
2799 5485 2850 5538 3.

2104 5564 2134 5626 ξ
2158 5553 2786 5626 δθςοιξὶηι-Ῡίιξιδθυιίη.
2814 5569 2869 5626 ι)ἐ
2900 5553 3110 5623 664,’θῑ
3153 5555 3328 5611 Cbilll.
3380 5564 3515 5626 part.
3539 5553 3600 5621 ’2,
3631 5571 3679 5610 c.
3711 5555 3768 5611 5.

1224 5630 1244 5657 ι
1277 5619 1493 5674 Hieron.
1527 5638 1611 5688 ep.
1648 5621 1766 5687 103,
1799 5632 1836 5678 t.
1868 5623 1953 5678 ΙΙΙ.
2031 5632 2069 5663 ⁸⁸

2154 5625 2246 5680 )id.
2323 5624 2380 5666 ινδ
2404 5623 2624 5682 Hieron.
2655 5619 2888 5695 ep.103.
3012 5619 3019 5623 ’
3380 5619 3398 5626 “
3588 5619 3626 5675 ⁷.

2143 1823 2388 1879 Johanne
2417 1825 2468 1878 iu
2519 1833 2673 1893 porta
2713 1823 2967 1893 Speciosa
3006 1834 3243 1892 sanatus,
3276 1842 3467 1897 nempe
3495 1829 3724 1897 quadra-

2144 1913 2404 1982 gesimum
2434 1921 2490 1967 et
2513 1928 2673 1982 supra
2722 1929 2919 1967 annum
2975 1931 2988 1966 :
3034 1913 3177 1968 unde
3204 1916 3560 1971 conclusimus
3600 1932 3725 1971 eum

2145 2013 2328 2058 natum
2349 2019 2466 2059 esse
2481 2019 2624 2058 anno
2652 2005 2863 2059 circiter
2887 2005 3262 2060 trecentesimo
3283 2007 3727 2075 quinquagesimo

2145 2096 2338 2160 tertio;
2371 2096 2551 2162 itaque
2579 2110 2722 2148 anno
2762 2109 2869 2149 uno
2899 2103 3015 2149 erat
3042 2096 3288 2165 superior
3315 2095 3612 2164 Augustino
3642 2097 3731 2151 die

2146 2185 2355 2240 decima
2378 2185 2533 2238 tertia
2561 2183 2877 2239 Novembris
2906 2185 3032 2238 anni
3061 2187 3422 2240 trecente'snmi
3462 2187 3731 2254 quinqua-

2149 2275 2338 2344 gesimi
2366 2275 2541 2343 quarti
2595 2282 2742 2330 nato.
2775 2274 2832 2329 lu
2879 2275 3144 2330 natalibus
3173 2291 3299 2330 vero
3328 2277 3517 2330 anima:
3546 2275 3681 2331 dicit
3703 2286 3732 2315 ν

2153 2368 2257 2422 sibi
2287 2375 2500 2436 tempus
2523 2367 2652 2421 illud
2681 2383 2801 2422 esse
2830 2368 3079 2433 infantia),
3112 2384 3250 2438 qum,
3277 2370 3549 2425 intentatis
3576 2369 3734 2425 Chri-

2151 2466 2238 2514 sto
2266 2459 2596 2520 vulneribus,
2627 2461 2898 2514 immolata
2928 2469 2982 2514 et
3007 2461 3325 2515 dominicam
3356 2464 3626 2532 auspicata
3651 2475 3736 2520 est

2151 2549 2483 2619 passionem;
2515 2549 2623 2619 Μ
2667 2550 2859 2618 quibus
2887 2552 3064 2605 verbis
3088 2561 3112 2588 ι
3144 2552 3381 2607 indicare
3409 2554 3620 2609 videtur
3649 2556 3735 2610 in-

2158 2641 2461 2694 nocentium
2504 2647 2748 2706 mtatem,
2801 2657 2992 2710 nempe
3032 2642 3338 2708 biennium,
3384 2653 3604 2713 propter
3644 2646 3737 2700 illa

2156 2729 2340 2795 verba,
2374 2746 2406 2782 a
2427 2729 2638 2792 bimatu,
2664 2737 2768 2785 etc.
2805 2730 2953 2785 Unde
2981 2739 3037 2784 et
3079 2731 3208 2785 illud
3237 2732 3380 2800 quod
3412 2733 3529 2787 iniit
3569 2734 3740 2789 facul-

2157 2829 2298 2874 tates
2324 2820 2604 2875 abdicandi
2636 2821 2936 2886 consilium,
2966 2823 3122 2876 sicuti
3149 2825 3366 2891 etquod
3396 2826 3521 2879 dicit
3540 2825 3606 2880 de
3636 2842 3738 2880 na-

2158 2911 2251 2964 tali
2279 2926 2377 2964 suo
2405 2912 2652 2979 spiritali,
2680 2912 2961 2968 retulimus
2989 2911 3058 2967 ad
3077 2927 3274 2967 annum
3302 2915 3742 2970 trecentesimum

2163 3001 2570 3068 nonagesimum
2599 3001 2913 3055 secundum.

2715 3090 2944 3146 CAPUT
2982 3091 3166 3146 XXIV.

2159 3177 2418 3232 Paulinus
2457 3179 3176 3254 scribi_t_ad_ﬂieronymum,
3226 3199 3258 3235 a
3300 3199 3743 3254 quorresponsum

2358 3250 2563 3316 accipit.
2601 3249 2874 3303 Theodosii
2903 3249 3265 3321 panegyricum
3293 3249 3532 3306 celebrat;

2233 3357 2284 3410 l.
2317 3357 2450 3412 Cum
2501 3373 2567 3412 eo
2616 3369 2809 3413 annor
2837 3375 3061 3429 puerum
3112 3376 3266 3416 suum
3310 3361 3378 3414 ad
3422 3369 3638 3416 sanctos
3690 3363 3746 3416 in

2163 3449 2340 3504 Africa
2375 3450 2686 3506 salutandos
2727 3452 2933 3506 miserit
2969 3451 3255 3518 Paulinus,
3295 3454 3484 3509 eodem
3529 3453 3670 3508 forte
3692 3462 3751 3508 et

2166 3549 2409 3610 tempore
2431 3549 2486 3595 et
2511 3542 2737 3596 consilio
2759 3542 2810 3595 in
2838 3540 3171 3596 Palaestinam
3195 3543 3532 3598 Ambrosium
3553 3559 3752 3612 quem-

2164 3629 2286 3683 dam
2321 3639 2344 3668 ³
2375 3631 2519 3684 misit
2547 3633 2601 3684 et
2629 3645 2725 3700 per
2751 3645 2872 3684 eum
2919 3627 3124 3686 litteras
3169 3641 3222 3687 et
3269 3633 3637 3688 munusculum
3679 3632 3753 3686 ad

2168 3721 2570 3792 Hieronymum,
2603 3723 2685 3777 cui
2715 3721 3050 3790 significabat
3078 3739 3136 3778 se
3163 3722 3299 3779 velle
3319 3725 3384 3779 ab
3404 3741 3470 3780 eo
3498 3727 3752 3797 Scriptu-

2168 3826 2241 3864 ra:
2262 3823 2428 3864 sacra:
2475 3811 2727 3880 mysteria
2757 3811 3020 3867 ediscere.
3053 3812 3393 3869 Suavissimm
3421 3814 3754 3889 Hieronymo

2169 3900 2386 3955 fuerunt
2433 3902 2535 3955 ill:e
2576 3902 2797 3968 litterze,
2837 3919 2955 3973 quae
3001 3920 3031 3958 a
3070 3906 3332 3975 principio
3391 3909 3754 3965 amicitiarum

2171 3991 2336 4062 (quod
2365 3990 2602 4045 indicare
2631 3991 2840 4046 videtur
2877 3993 3048 4047 nullas
3077 3994 3222 4063 pritis
3264 3995 3512 4064 utrinque
3557 3999 3757 4055 missas

2172 4081 2334 4136 fuisse
2363 4082 2653 4152 epistolas)
2697 4084 2853 4137 fidem
2884 4085 3126 4153 probata:
3150 4087 3260 4154 jam
3295 4096 3350 4141 et
3385 4089 3584 4142 veteris
3613 4092 3756 4144 auii-

2171 4173 2310 4227 citize
2332 4172 2707 4240 praeferebant,
2728 4173 2851 4227 item
2880 4172 3085 4228 Paulini
3106 4176 3438 4245 prudentiam
3465 4186 3522 4233 et
3550 4179 3757 4249 eloquii

2171 4272 2525 4319 venustatem.
2549 4263 2729 4318 Adfuit
2751 4272 2808 4302 α·
2835 4266 2996 4319 etiam
3015 4266 3154 4335 apud
3171 4265 3550 4339 Hieronymum
3577 4270 3756 4326 Euse-

2171 4354 2290 4409 bius
2311 4354 2544 4422 quidam,
2570 4352 2952 4409 Cremonensis
2977 4355 3130 4420 forte,
3162 4355 3249 4410 cui
3290 4373 3410 4412 cum
3439 4360 3759 4416 notissimus

2103 4437 2151 4496 D
2177 4446 2390 4500 aliunde
2433 4446 2846 4514 carissimusque
2890 4454 3033 4500 esset
3063 4445 3338 4515 Paulinus,
3365 4463 3487 4504 eum
3523 4451 3760 4520 amplius

2177 4538 2316 4607 apud
2347 4539 2520 4607 ipsum
2545 4538 2964 4605 commendavit,
2999 4539 3237 4593 referens
3269 4541 3605 4596 honestatem
3635 4559 3732 4598 mo
3758 4577 3764 4587 ι

2179 4647 2296 4685 rum
2313 4631 2470 4692 illius,
2489 4641 2855 4702 contemptum
2866 4632 3046 4696 seculi,
3062 4633 3307 4687 amicitia
3323 4633 3496 4698 iidem,
3512 4650 3761 4691 amorem

2177 4721 2396 4777 Christi.
2428 4721 2784 4795 Hieronymus
2818 4724 2977 4791 igitur
3012 4724 3076 4778 ad
3100 4737 3221 4778 eum
3248 4726 3329 4779 bis
3359 4725 3425 4779 de
3457 4727 3616 4780 rebus
3641 4728 3762 4794 epi-

2178 4814 2368 4868 stolam
2391 4815 2736 4869 centesimam
2765 4817 2978 4869 tertiam
3003 4816 3164 4880 misit,
3193 4816 3244 4871 in
3267 4832 3370 4885 qua
3397 4815 3455 4854 δι’
3482 4817 3623 4872 illius
3650 4827 3766 4873 stu-

2178 4903 2323 4958 dium
2350 4913 2406 4958 et
2432 4904 2631 4959 sciendi
2665 4905 2846 4958 laudat
2871 4904 3153 4968 ardorem;
3186 4920 3359 4973 neque
3397 4907 3537 4960 enim
3566 4923 3764 4976 quem-

2178 5009 2337 5062 quam
2368 4996 2420 5049 in
2451 4996 2616 5049 sacris
2638 4995 2928 5064 Scripturis
2969 4996 3087 5050 sine
3113 4997 3314 5065 praavio
3343 5005 3397 5050 et
3425 5005 3768 5054 monstrante

2179 5084 2425 5137 semitam
2456 5099 2611 5152 posse
2636 5084 2841 5152 ingredi
2865 5084 3019 5149 dicit;
3038 5099 3157 5138 sese
3185 5085 3494 5154 magistrum
3514 5101 3765 5152 renuere,

2180 5171 2275 5227 sed
2307 5173 2558 5227 comitem
2580 5173 2867 5243 spondere,
2897 5173 3054 5228 simul
3081 5174 3450 5241 qu:esiturum.
3480 5176 3638 5229 simul
3672 5192 3772 5232 oe-

2183 5346 2208 5386 d
2235 5347 2492 5455 lips-ﬁ?
2513 5347 2572 5455 ἓξ
2623 5358 2670 5455 η.
2818 5347 2959 5455 2'3.
2984 5347 3036 5401 L
3086 5353 3144 5455 χιι
3165 5346 3262 5416 Ep.
3293 5347 3376 5455 ἔμ’
3404 5364 3462 5452 ηιπέ
3599 5357 3642 5455 1εἰ
3659 5345 3766 5416 Ep.

2824 5347 2877 5408 3,
2906 5363 2959 5401 η.
2984 5347 3036 5401 1.
3116 5353 3131 5386 ί
3165 5347 3262 5416 Ep.
3293 5347 3376 5410 Η,
3404 5364 3456 5401 n.
3488 5347 3539 5399 3.
3617 5347 3764 5416 KEp.

2810 5417 2944 5484 Aug.
2971 5433 3055 5484 ep.
3086 5415 3145 5470 3|
3169 5456 3183 5477 ,
3212 5433 3265 5470 n.
3297 5417 3351 5471 9.
3424 5427 3462 5452 ω
3485 5416 3690 5469 Paulin.
3712 5434 3764 5472 ρ.

2931 5485 3358 5570 {PP-3M?-
3623 5485 3672 5551 *ι
3709 5503 3766 5570 '1-
