4020 6186
194 295 265 352 65
1582 274 2111 333 rnowcousua.
3405 284 3476 340 σο

196 412 438 471 titurum,
468 397 628 458 simul
651 399 1008 472 pulsaturum.
1035 391 1238 450 Deinde
1267 392 1505 458 festinet,
1529 399 1704 460 rogat.
1732 399 1788 444 et
1814 397 1865 453 Α
1884 391 2193 445 ‘oralionem
2227 388 2392 444 dubio
2415 392 2604 460 procul
2640 391 2846 460 legerat
2883 393 3211 465 Augustinus
3242 413 3255 450 :
3289 412 3479 453 verum

194 518 261 557 ne
283 497 625 562 recrastinet,
652 494 798 548 diem
827 492 896 546 de
942 490 1030 543 die
1059 488 1298 550 trahens,
1326 495 1485 540 caute
1526 491 1582 537 et
1623 482 1793 552 pede-
1893 481 1938 535 si
1968 490 2051 537 est
2080 482 2168 536 ille
2192 481 2403 536 libellus
2425 484 2724 537 “Adversus
2753 483 2962 550 Gentes,
2997 501 3157 555 quem
3188 488 3256 543 ab
3283 505 3351 543 eo
3380 505 3476 559 pe-
3537 543 3546 564 ι

197 590 386 647 lentim
411 585 782 658 possessiones
809 595 936 635 suas
956 577 1221 642 vendere;
1272 590 1365 630 eas
1415 573 1595 644 potius
1623 571 1795 642 proji-

197 684 325 748 ciat,
355 689 412 736 et
441 677 698 734 hzerentis
728 675 782 728 in
810 673 926 728 salo
954 669 1215 724 naviculae
1243 666 1423 721 funem
1459 664 1628 731 magis
1653 678 1793 733 prte-

198 771 408 829 scindat
434 783 600 838 quam
630 765 835 828 solvat,
870 762 984 815 Deo
1011 774 1072 813 se
1101 765 1271 812 totum
1311 756 1497 819 dedat;
1525 753 1796 808 Christum

201 862 418 919 aliunde
449 860 654 914 habere
677 855 820 910 unde
843 865 1110 923 pauperes
1139 849 1276 913 alat;
1308 847 1539 910 Christo,
1574 861 1682 899 non
1701 860 1796 897 su—

200 952 515 1026 perstitibus
544 949 646 1003 sibi
696 945 928 1000 fortasse
979 939 1350 1000 facultatibus,
1393 936 1646 991 conlidat.
1679 933 1796 1026 Qua

203 1024 583 1098 exhortatione
615 1046 725 1090 tam
775 1041 962 1089 sancta
1006 1030 1207 1085 indicat
1235 1027 1594 1097 Hieronymus
1621 1024 1798 1080 vereri

203 1149 279 1199 se,
313 1146 383 1187 ne
428 1131 476 1185 si
525 1125 813 1184 retinuerit
848 1121 1200 1193 pristinarum
1239 1117 1440 1186 aliquid
1483 1115 1799 1171 facultatum

205 1223 493 1285 Paulinus,
526 1218 722 1288 quibus
763 1214 863 1270 sub
895 1219 1163 1283 praetextu
1198 1208 1554 1278 eleemosynte
1582 1204 1800 1274 sapien-

210 1314 314 1367 tius
335 1310 533 1367 deinde
563 1306 892 1378 pauperibus
919 1300 1302 1357 distribuendae
1343 1296 1666 1364 incubuerit,
1697 1296 1802 1350 illis

208 1408 464 1479 paulatim
498 1405 774 1459 irretiatur
802 1413 1018 1461 rursus;
1043 1409 1219 1463 neque
1247 1393 1407 1448 etiam
1451 1391 1503 1444 in
1534 1398 1647 1444 tota
1693 1389 1805 1459 epi-

210 1500 356 1556 stola:
380 1496 525 1551 serie
543 1493 726 1548 laudat
751 1499 862 1545 tam
884 1487 1156 1557 egregium
1179 1484 1402 1545 facinus,
1426 1482 1578 1550 cujus
1597 1481 1802 1536 exitum

211 1586 436 1643 necdum
478 1584 644 1653 plane
689 1587 1031 1650 perspectum
1079 1574 1334 1628 habebat.
1366 1571 1564 1626 Verum
1611 1577 1801 1640 postea

211 1692 326 1731 cum
346 1671 709 1744 proculdubio
731 1669 902 1724 audiit
927 1683 1087 1736 quam
1119 1665 1292 1720 libens
1311 1679 1406 1717 sua
1434 1677 1659 1730 seseque
1689 1662 1802 1731 ipse

1895 573 1961 627 tit
1993 588 2136 627 anno
2166 575 2547 628 trecentesimo
2577 576 2930 643 nonagesimo
2952 585 3128 641 sexto,
3155 592 3313 646 quem
3345 596 3481 635 non-

1895 663 2020 718 dum
2053 664 2211 733 plane
2240 665 2544 719 absolutum
2575 666 2786 720 videtur
2813 683 3117 737 supponere
3145 687 3157 721 :
3183 685 3306 724 eum
3359 674 3483 728 vivo

1899 752 2206 809 Theodosio
2269 769 2379 808 non
2409 756 2643 825 scripsit,
2673 772 2850 825 neque
2897 773 3020 812 eum
3063 760 3162 830 ipsi
3191 760 3480 830 dedicavit,

1898 853 1958 900 ut
1996 845 2278 901 Gcnnadio
2307 849 2502 916 placet.
2553 849 2881 917 Augustinus
2913 862 2932 887 τ
2967 852 3228 908 denotare
3272 854 3486 910 videtur

1899 939 2048 993 illunt
2096 941 2482 1010 panegyricum
2527 942 2611 996 his
2656 943 2836 998 verbis
2890 962 2903 996 :
2956 943 3236 999 Christiani
3290 964 3487 1018 quoque

1896 1031 2235 1101 imperatores
2262 1033 2469 1102 plenam
2494 1045 2726 1105 gerentes
2752 1035 2998 1103 fiduciam
3023 1039 3229 1106 pietatis
3256 1039 3309 1092 in
3331 1037 3485 1092 Chri-

1899 1131 2000 1186 sto,
2023 1129 2087 1173 de
2106 1123 2332 1176 inimicis
2352 1124 2644 1198 sacrilegis,
2665 1128 2753 1195 qui
2779 1144 2920 1196 spem
2947 1145 3093 1181 suam
3120 1130 3176 1181 in
3198 1145 3489 1182 sacramen-

1903 1215 1967 1266 tis
1994 1213 2249 1267 idolorum
2295 1214 2686 1286 dtemonumque
2725 1229 3024 1288 posuerant,
3057 1220 3484 1290 gloriosissimam

1901 1304 2168 1358 victoriam
2188 1314 2555 1375 perceperunt;
2586 1323 2700 1359 cum
2741 1311 3079 1378 apertissimis
3109 1312 3490 1382 notissimisque

1903 1395 2240 1460 documentis,
2263 1397 2327 1450 de
2354 1396 2533 1468 quibus
2563 1400 2796 1453 nonnulli
2812 1401 2926 1471 jam
2954 1404 3198 1472 scriptum
3227 1405 3490 1457 memoriae

1903 1490 2346 1552 commendarunt,
2375 1491 2492 1544 illos
2535 1493 2777 1562 fallerent
2821 1497 3062 1549 vaticinia
3092 1497 3488 1566 dmoniorum,

1905 1583 1996 1638 hos
2025 1583 2296 1652 ﬁrmarent
2315 1585 2566 1654 praedicta
2595 1597 2908 1642 sanctorum.
2935 1589 3138 1656 Quibus
3163 1592 3340 1647 verbis
3367 1608 3490 1647 con-

1905 1683 2010 1728 stat
2037 1689 2159 1728 eum
2189 1675 2426 1730 indicare
2453 1678 2658 1733 cladem
2691 1679 2910 1749 Eugenii
2939 1691 2994 1735 et
3022 1683 3323 1751 Arbogasti.
3350 1684 3490 1739 Men-

215 1771 318 1825 Deo
347 1767 656 1831 obtulisset,
704 1779 812 1818 non
854 1761 1028 1816 solum
1075 1768 1102 1797 ⁸
1141 1759 1292 1812 miris
1314 1771 1437 1811 eum
1467 1763 1522 1810 et
1550 1753 1806 1809 inauditis

1910 1764 2109 1818 tionem
2133 1766 2294 1818 etiam
2322 1766 2448 1821 facit
2494 1768 2849 1825 Cassiodorus
2883 1780 2903 1805 ³
2939 1772 3061 1826 libri
3090 1789 3251 1842 quem
3307 1773 3488 1831 Pauli-

214 1862 419 1916 ornavit
452 1858 730 1920 laudibus;
763 1855 859 1910 sed
899 1864 954 1907 et
994 1851 1206 1907 monuit
1231 1849 1411 1920 potius
1458 1856 1518 1902 ut
1566 1845 1801 1918 sapienti

215 1952 536 2008 discretione
563 1947 764 2017 aliquid
794 1947 862 2001 de
891 1944 1007 2000 zelo
1049 1944 1352 1999 remitteret
1380 1956 1490 2010 quo
1519 1941 1802 1994 facultates

216 2043 488 2111 erogabat,
518 2055 681 2110 quam
718 2036 975 2093 excitavit
1019 2042 1076 2088 ut
1110 2049 1233 2088 eum
1267 2039 1508 2101 augeret.
1541 2030 1806 2084 Baronius

216 2137 240 2177 δ
267 2134 597 2191 existimavit
619 2131 764 2186 illam
786 2128 1066 2199 epistolam
1089 2125 1252 2180 fuisse
1271 2124 1525 2192 scriptam
1546 2121 1612 2176 ad
1640 2121 1805 2175 alium

219 2226 496 2298 quemdam
526 2221 830 2286 Paulinum,
859 2235 966 2274 non
988 2218 1053 2272 ad
1075 2217 1367 2279 Nolanum;
1395 2213 1486 2268 sed
1507 2212 1597 2280 qui
1631 2222 1654 2250 ο
1685 2218 1810 2280 post

218 2333 331 2372 eum
365 2314 501 2370 illud
548 2312 858 2382 diligentius
890 2307 1209 2378 perscrutati
1235 2313 1382 2368 sunt,
1411 2302 1690 2359 credidere
1719 2317 1807 2356 ra-

217 2409 382 2462 tiones
411 2405 614 2475 quibus
649 2403 840 2458 nititur
864 2399 982 2455 cius
1010 2397 1216 2464 ooinio,
1255 2393 1658 2466 postponeudas
1685 2406 1808 2447 esse

213 2500 276 2554 iis
293 2499 497 2568 quibus
525 2494 852 2563 infringitur.

276 2593 330 2646 2.
371 2591 489 2645 Sub
512 2590 652 2643 idem
676 2596 887 2653 tempus
919 2581 1174 2639 Paulinus
1195 2577 1485 2634 Theodosii
1516 2573 1806 2646 panegyri-

214 2701 330 2740 cum
351 2681 670 2744 celebravit,
693 2679 738 2731 si
761 2673 1161 2730 asscntiendum
1192 2678 1276 2726 est
1303 2667 1330 2707 ά
1361 2667 1639 2722 Gennadio
1661 2679 1809 2719 asse-

216 2776 348 2829 renti
373 2775 522 2827 hanc
541 2772 848 2826 orationem
870 2766 1036 2820 fuisse
1063 2780 1093 2818 a
1120 2763 1347 2817 Paulino
1376 2761 1479 2829 ipsi
1503 2759 1807 2814 Theodosio

216 2865 469 2924 dicatam,
503 2861 598 2929 qui
627 2857 844 2927 quidem
880 2856 1129 2927 princeps
1164 2852 1231 2905 1³1
1257 2850 1498 2906 Januarii
1521 2849 1631 2912 die,
1664 2863 1809 2902 anno

217 2954 604 3010 trecentesimo
625 2948 978 3019 nonagesimo
1003 2947 1195 3016 quinto
1234 2944 1387 2999 obiit.
1418 2944 1807 3011 Argumentum

221 3057 241 3082 ε
263 3045 680 3116 suppeditarunt
707 3041 944 3094 victoriae
972 3052 1105 3106 quas
1133 3052 1164 3090 a
1187 3035 1427 3107 tyrannis
1455 3032 1687 3086 Maximo
1713 3031 1810 3086 sci-

1905 1873 2004 1910 nus
2029 1857 2097 1912 de
2141 1857 2446 1912 Theodosio
2497 1862 2803 1929 scripserat,
2852 1864 2945 1917 sed
2974 1880 3094 1933 quae
3121 1866 3189 1920 de
3214 1882 3280 1922 eo
3304 1867 3488 1935 refert,

1906 1963 1973 2002 ex
2003 1947 2331 2019 Hieronymo
2360 1952 2696 2020 excerpsisse
2731 1953 2962 2007 videtur.

2483 2082 2710 2137 CAPUT
2740 2083 2906 2138 XXV.

1979 2191 2059 2248 De
2077 2192 2288 2248 Paulini
2311 2196 2683 2250 necessitudine
2709 2213 2824 2250 cunt
2854 2198 3051 2253 Sancto
3077 2208 3126 2252 et
3159 2201 3414 2257 Amando.

1983 2305 2034 2358 1.
2067 2304 2182 2359 Νοη
2216 2303 2369 2360 facile
2396 2305 2682 2375 conjicitur
2694 2308 2861 2363 anille
2890 2309 3118 2366 Sanctus
3136 2311 3489 2371 Endelecitius

1909 2396 1975 2450 ad
2027 2413 2187 2466 quem
2245 2395 2500 2453 Paulinus
2551 2399 2696 2452 misrt
2740 2399 3028 2457 Theodosii
3077 2408 3490 2478 panegyricum,

1910 2486 2051 2541 idem
2083 2487 2171 2540 ille
2199 2488 2268 2541 sit
2295 2489 2382 2542 cui
2416 2489 2699 2558 epistolam
2738 2492 3201 2561 quadragesimam
3253 2499 3488 2569 scripsit.

1909 2577 2115 2633 Nomen
2137 2578 2362 2633 Sanctus
2385 2588 2502 2634 erat
2526 2581 2737 2651 utrique
2757 2599 3061 2640 commune.
3105 2586 3348 2656 Cumque
3375 2591 3490 2644 cvi--

1879 2668 2098 2724 denter
2123 2679 2378 2740 appareat
2405 2670 2659 2727 Sanctum
2690 2674 2847 2728 istum
2870 2677 3128 2746 ‘hymnos
3163 2679 3494 2739 Christianos

1910 2761 2295 2829 composuisse,
2315 2778 2546 2831 quorum
2568 2764 2775 2833 aliquos
2809 2765 2875 2819 ad
2925 2765 3204 2824 Paulinum
3251 2774 3493 2840 miserat,

1910 2865 1973 2906 ea
2006 2852 2331 2919 persuadere
2357 2863 2583 2922 possunt
2612 2871 2776 2909 unum
2821 2864 2877 2911 et
2920 2861 3164 2914 eumdem
3207 2877 3326 2918 esse
3355 2866 3495 2919 San-

1910 2949 2055 2996 ctum
2087 2959 2101 2996 :
2134 2950 2189 2995 et
2216 2938 2431 2999 constat
2495 2943 2774 2999 Paulinum
2804 2948 3031 3015 cmpisse
3060 2954 3085 2984 υ
3110 2965 3230 3004 eum
3276 2952 3497 3021 diligere

1911 3032 1995 3086 vel
2023 3032 2260 3086 nondunt
2291 3042 2555 3087 renatum.
2584 3035 2812 3090 Aliunde
2856 3055 2985 3093 vero
3032 3043 3276 3108 quamvis
3331 3047 3496 3100 etiam

220 3138 338 3191 licet
377 3145 435 3190 et
478 3133 724 3201 Eugenio
761 3131 868 3203 ιε
911 3129 1127 3193 retulit,
1185 3128 1277 3197 qui
1333 3126 1606 3195 Eugenius
1635 3127 1806 3180 victus
1832 3124 1878 3186 C
1912 3132 2023 3176 tum
2054 3125 2383 3193 temporibus
2408 3124 2523 3180 istis
2545 3125 2770 3181 Romani
2794 3130 2974 3184 multis
3002 3131 3381 3199 insignirentur
3401 3152 3500 3191 no-

217 3227 477 3281 duntaxat
526 3223 626 3277 fuit
661 3237 847 3276 mense
883 3219 1207 3290 Septembri,
1255 3234 1396 3274 anno
1418 3217 1540 3272 594.
1579 3216 1598 3256 ί
1630 3216 1802 3272 Ειιὰθο

217 3319 421 3372 lechius
451 3315 662 3370 Paulini
693 3314 916 3377 amicus,
949 3312 1198 3380 idemque
1226 3310 1583 3376 Christianus,
1615 3309 1688 3362 illi
1720 3309 1812 3362 hu-

216 3409 294 3478 jus
321 3409 509 3479 operis
537 3415 729 3461 auctor
749 3404 865 3458 fuit.
898 3401 1146 3458 Creditur
1166 3402 1254 3456 hic
1273 3416 1393 3457 esse
1415 3411 1440 3447 κ
1463 3408 1679 3455 sanctus
1707 3398 1807 3454 Se-

215 3515 371 3554 verus
403 3497 770 3552 Endelechius
797 3494 948 3563 cujus
989 3493 1283 3548 etiamnum
1313 3499 1531 3546 exstant
1556 3489 1810 3544 nonnulla

218 3593 480 3646 carmina.
516 3589 775 3644 Paulinus
803 3603 870 3642 eo
902 3586 1153 3640 libentius
1193 3584 1338 3638 hunc
1374 3583 1442 3637 ab
1469 3582 1646 3636 amico
1677 3579 1702 3616 ιι
1725 3580 1808 3634 la-

217 3685 400 3738 borem
430 3681 694 3750 suscepit,
724 3676 868 3746 quod
909 3677 962 3730 in
1008 3673 1316 3728 Theodosio
1365 3686 1472 3725 non
1501 3678 1612 3724 tam
1641 3669 1810 3738 impc-

216 3782 453 3826 ratorem
502 3785 663 3839 quam
702 3767 899 3823 Christi
940 3780 1185 3831 servum;
1225 3779 1334 3819 non
1375 3760 1687 3817 dominandi
1721 3775 1810 3813 su-

214 3864 433 3933 perbia,
489 3860 584 3916 sed
625 3859 927 3913 humilitate
996 3854 1290 3909 famulandi
1353 3860 1662 3923 potentem;
1707 3865 1810 3904 nec

214 3972 400 4024 regno,
432 3955 535 4008 sed
565 3955 684 4007 viva
712 3959 767 4005 et
793 3949 1005 4004 ardenti
1051 3948 1181 4014 fide,
1213 3947 1513 4018 principem
1549 3943 1808 4014 praedica-

213 4054 309 4098 ret.
339 4042 604 4097 Ostendit
637 4041 652 4077 ί
680 4041 842 4095 etiam
875 4038 1237 4094 Theodosium
1266 4036 1461 4090 vicisse
1491 4034 1670 4103 potius
1706 4030 1810 4086 lide

215 4145 263 4188 et
288 4135 569 4204 precibus,
599 4147 759 4200 quam
789 4131 972 4184 armis.
1008 4130 1022 4180 i
1055 4128 1256 4197 Legum
1287 4128 1413 4181 item
1437 4125 1504 4180 ab
1525 4125 1642 4194 ipso
1671 4125 1808 4178 lata-

215 4243 327 4280 rum
385 4226 686 4279 utilitatem
735 4238 800 4278 ea
849 4223 901 4276 in
951 4222 1196 4275 oratione
1242 4217 1602 4274 commendat.
1656 4215 1811 4270 Felix

215 4315 564 4376 Theodosius,
607 4313 782 4380 inquit
862 4309 1220 4381 Hieronymus
1275 4309 1516 4364 scribens
1562 4305 1808 4370 Paulino,

212 4408 291 4476 qui
318 4424 351 4458 α
386 4406 486 4458 tali
515 4403 712 4456 Christi
760 4412 966 4456 oratore
1006 4401 1319 4472 defenditur.
1365 4399 1650 4454 Illustrasti
1689 4417 1812 4469 pur-

1913 3213 2164 3280 minibus,
2202 3215 2412 3269 videtur
2455 3225 2631 3270 tamen
2681 3218 2734 3271 in
2783 3225 2880 3273 usu
2928 3221 3068 3276 idem
3097 3238 3309 3294 semper
3337 3224 3501 3282 fuisse

1912 3308 2228 3363 adhibitum.
2260 3307 2446 3380 Itaque
2475 3327 2598 3366 cum
2629 3309 2883 3368 Paulinus
2912 3311 3075 3369 alium
3105 3325 3260 3372 vocet
3288 3333 3502 3388 semper

1912 3399 2314 3467 Endelechium,
2343 3404 2569 3458 alterum
2598 3413 2811 3474 semper
2838 3405 3095 3462 Sanctum
3124 3424 3246 3464 cum
3278 3418 3358 3465 ter
3375 3427 3504 3480 qua-

1911 3501 2062 3548 terve
2087 3494 2226 3549 illius
2245 3507 2440 3549 nomen
2470 3497 2683 3565 repetit,
2709 3512 2815 3552 non
2839 3498 2956 3554 sine
2984 3500 3330 3560 fundamento
3355 3503 3504 3559 vide—

1911 3593 1999 3640 tur
2025 3602 2183 3656 posse
2221 3589 2467 3642 concludi
2513 3604 2607 3643 eos
2636 3605 2664 3643 a
2702 3606 2760 3645 se
2806 3592 3034 3647 invicem
3081 3609 3200 3649 esse
3239 3596 3500 3652 diversos.

1911 3680 2131 3756 Accedit
2174 3683 2360 3737 eodem
2399 3683 2543 3752 quod
2589 3681 2841 3739 Paulinus
2864 3694 2894 3723 ν
2923 3686 3134 3740 videtur
3177 3687 3396 3741 innuere
3434 3703 3504 3744 ex

1909 3784 2018 3840 quo
2044 3772 2217 3826 fuerat
2246 3773 2311 3826 ad
2335 3772 2602 3826 Christum
2625 3789 2920 3828 conversus
2942 3775 3052 3845 46
3072 3791 3228 3828 unam
3256 3791 3315 3830 se
3346 3776 3503 3831 dunt-

1911 3872 2058 3918 taxat
2088 3864 2153 3917 ad
2195 3863 2451 3918 Sanctum
2499 3863 2708 3918 misisse
2737 3863 3044 3932 epistolam,
3075 3881 3104 3919 a
3130 3881 3239 3934 quo
3269 3869 3505 3937 recepis-

1910 3962 1993 4008 set
2022 3964 2181 4008 unam
2214 3961 2421 4007 tantum
2451 3968 2679 4022 eamque
2708 3954 3100 4023 brevissimam,
3143 3973 3320 4026 neque
3349 3974 3503 4013 men-

1911 4042 2110 4097 tionem
2145 4044 2227 4099 sui
2263 4044 2568 4115 panegyrici
2599 4044 2743 4108 facit,
2785 4061 2944 4114 quem
2975 4062 3074 4101 uec
3112 4047 3240 4101 dicit
3275 4047 3508 4102 Endele-

1911 4140 2092 4194 citium
2117 4154 2147 4191 a
2173 4153 2231 4192 se
2254 4136 2490 4205 petiisse.
2519 4134 2648 4200 Quis
2669 4136 2829 4203 igitur
2859 4136 3015 4189 fuerit
3037 4138 3123 4190 ille
3145 4137 3371 4193 Sanctus
3395 4156 3504 4193 non

1911 4231 2072 4300 plane
2119 4235 2363 4298 apparet,
2410 4241 2509 4280 nec
2557 4225 2759 4295 liquido
2800 4235 3031 4292 constat,
3066 4228 3166 4282 nisi
3194 4229 3358 4297 quod,
3389 4245 3510 4285 cmn

1912 4320 2148 4389 loquitur
2180 4328 2202 4353 ι
2235 4317 2486 4371 Paulinus
2530 4317 2597 4370 de
2637 4333 2703 4371 eo
2753 4328 2992 4387 tempore
3039 4335 3147 4388 quo
3194 4323 3512 4392 corruptelae

1914 4410 2098 4465 mundi
2140 4409 2424 4472 servierat,
2454 4406 2668 4461 videtur
2708 4412 2776 4461 de
2823 4422 2882 4461 se
2925 4408 3085 4463 simul
3114 4416 3170 4464 et
3208 4409 3275 4465 de
3313 4411 3513 4466 Sancto

213 4515 362 4565 puras
404 4498 549 4565 ejus,
581 4505 631 4547 et
659 4495 933 4547 utilttaten
962 4494 1130 4564 legum
1157 4494 1345 4563 futuris
1387 4490 1697 4560 temporibus
1723 4490 1814 4542 de-
1841 4489 1893 4549 D
1920 4502 2118 4554 habere
2147 4513 2470 4553 sermonem.

211 4588 540 4642 monstrasti.
563 4583 683 4638 Jam
704 4594 897 4639 caetera
913 4584 1192 4638 retulimus
1213 4598 1332 4652 quae
1351 4582 1565 4651 scripsit
1582 4579 1605 4617 ¹ι
1622 4580 1811 4636 lliero-

212 4695 400 4749 nymus
430 4679 489 4732 in
515 4677 734 4731 laudem
760 4677 902 4731 illius
932 4679 1210 4744 orationis,
1241 4692 1401 4746 quam
1431 4675 1609 4731 verius
1639 4674 1651 4711 ι
1685 4689 1817 4743 apo-

213 4769 402 4837 logiam
425 4784 601 4842 quam
627 4769 998 4839 panegyricum
1020 4768 1239 4823 dixeris.
1265 4769 1342 4822 Ad
1367 4779 1404 4803 ιη
1430 4767 1816 4823 Endelechium

213 4875 322 4913 eam
375 4861 538 4913 misit
569 4857 844 4926 Paulinus,
874 4875 1034 4929 quam
1068 4877 1173 4915 non
1213 4861 1410 4926 edidit;
1457 4861 1598 4915 illius
1639 4869 1816 4916 tamen

214 4952 554 5022 exemplaria
601 4951 665 5004 ad
713 4967 840 5006 suos
887 4955 1089 5007 amicos
1138 4963 1162 4990 η
1202 4952 1497 5023 Sulpicium
1554 4953 1816 5008 Severum

214 5045 432 5109 scilicet,
477 5051 540 5096 et
582 5050 607 5076 ο
655 5041 1060 5113 Hieronymum,
1111 5044 1275 5098 misit.
1360 5054 1386 5092 P
1413 5043 1820 5114 Pmescripserat

217 5134 390 5190 libello
417 5151 532 5190 suo
563 5150 662 5203 pro
705 5136 943 5190 themate
987 5135 1291 5204 epistolam,
1341 5151 1447 5205 qua
1477 5136 1633 5204 hujus
1655 5153 1820 5206 opus-

217 5230 310 5282 culi
337 5230 447 5285 sibi
480 5227 657 5282 tuisse
685 5236 962 5283 auctorem
1001 5227 1384 5284 Endelechium
1415 5228 1650 5284 dicebat.
1682 5229 1815 5283 Eam

279 5417 303 5443 ι
328 5405 569 5485 Hieron.
603 5418 691 5508 eg.
729 5402 813 5456 15.
888 5401 918 5441 δ
943 5403 1140 5484 Baron.
1168 5417 1256 5456 an.
1283 5401 1405 5466 594,
1430 5401 1462 5508 ἓ
1493 5402 1544 5456 6.
1584 5413 1605 5442 ο
1637 5401 1810 5484 Sacch

279 5475 454 5508 nant...
516 5488 588 5508 οη
675 5471 711 5508 st
767 5490 798 5508 η
851 5473 885 5508 ις
993 5483 1017 5508 ι
1049 5471 1181 5508 νηιο
1208 5481 1300 5508 ..ηρ
1359 5472 1438 5508 4ο-
1568 5469 1593 5508 ιι
1624 5471 1812 5508 mni...

1910 5401 2002 5457 Vit.
2033 5399 2241 5456 Paulin.

1910 5488 1933 5508 π.
1988 5470 2054 5508 ut
2107 5487 2138 5508 η
2192 5472 2224 5508 n

655 5471 732 5535 B8,
767 5490 820 5526 n.
851 5473 904 5526 6.
992 5483 1017 5520 ε
1049 5471 1182 5527 Vide
1208 5481 1323 5527 not.
1359 5470 1481 5525 125.
1568 5470 1593 5508 ¹¹
1624 5471 1833 5526 Paulin.
1867 5486 1953 5541 ep.
1988 5470 2074 5537 18,
2106 5487 2159 5525 n.
2192 5472 2244 5525 6.

655 5540 671 5579 1
698 5541 834 5596 Ibid.
873 5552 947 5612 ηιη
970 5541 1178 5612 Paulin.
1206 5557 1291 5612 ep.
1323 5541 1412 5612 28,
1438 5559 1491 5596 n.
1512 5541 1564 5612 β.
1640 5551 1666 5578 υ
1695 5542 1850 5612 Ιὺίιιη
1881 5551 1931 5612 κο
1957 5541 2177 5612 Hieron.
2205 5555 2244 5612 ει

570 5621 590 5648 τ
621 5611 757 5679 Aug.
790 5613 841 5665 in
870 5611 1050 5667 Faust.
1083 5610 1170 5676 22,
1205 5608 1254 5666 cI
1280 5611 1367 5665 76.
1445 5621 1466 5647 ³
1497 5611 1808 5667 Cassiodor.
1840 5611 1932 5666 lib.
1966 5611 2082 5666 Div.
2110 5608 2366 5676 lnstitut.,
2391 5625 2439 5664 c.
2466 5608 2553 5662 2i.

1026 5692 1049 5720 ⁸
1076 5681 1207 5740 Ibid.
1228 5697 1282 5738 υ.
1303 5681 1355 5745 4,
1382 5679 1414 5734 5
1435 5689 1490 5738 et
1517 5682 1572 5737 6.
1649 5692 1674 5730 γ
1703 5679 1857 5737 ιωα..
1893 5698 1946 5738 tt.
1971 5681 2027 5738 ‘2.
2109 5691 2130 5717 ³
2160 5680 2295 5739 Ibid.

226 5473 241 5510 ί
272 5475 479 5528 Paulin.
515 5488 608 5542 ep.
639 5471 732 5542 28,
767 5490 820 5526 η.
851 5473 904 5526 6.
973 5483 1017 5542 iis
1049 5471 1182 5527 Vide
1208 5471 1481 5542 not.ii25.

225 5544 299 5597 l3.
373 5544 399 5581 ι
422 5543 570 5598 Ibid.

224 5611 300 5683 51,
331 5632 384 5667 n.

225 5681 375 5749 αλιι.
407 5682 464 5737 2.
556 5691 581 5720 ν
613 5681 772 5744 Ibid,
805 5698 861 5736 η.
895 5681 946 5736 1.

1988 4589 2052 4647 2.,
2082 4589 2153 4643 Se
2195 4588 2395 4656 jugiter
2438 4587 2739 4641 dilexerant
2768 4585 3020 4642 Paulinus
3050 4595 3104 4641 ct
3131 4587 3358 4644 Sanctus
3383 4600 3408 4638 .V
3440 4589 3516 4644 fa-

1920 4681 2242 4738 miliaritatis
2272 4681 2516 4732 humana:
2544 4679 2797 4742 amicitia,
2827 4688 2879 4731 el
2910 4694 3029 4746 qua:
3058 4679 3291 4733 radicem
3319 4681 3371 4733 in
3397 4697 3517 4735 cor-

1921 4775 2077 4828 dibus
2101 4789 2208 4827 non
2231 4773 2485 4838 habebat,
2503 4771 2627 4840 quia
2651 4786 2760 4825 non
2781 4771 3041 4825 tedilicata
3066 4780 3182 4825 erat
3205 4771 3257 4825 in
3279 4771 3516 4828 Christo.

1924 4866 2032 4920 Eos
2057 4867 2157 4920 sibi
2186 4865 2381 4919 multas
2411 4864 2634 4918 invicem
2665 4864 2871 4918 misisse
2901 4865 3108 4918 litteras
3135 4873 3377 4936 apparet,
3401 4866 3519 4934 qui-

1924 4957 2022 5012 bus
2053 4965 2232 5011 tamen
2263 4956 2442 5009 anima
2481 4953 2690 5008 Paulini
2720 4971 2827 5008 non
2857 4955 3186 5024 replebatur.
3219 4955 3354 5010 Cum
3385 4972 3521 5010 nun-

1925 5048 2053 5101 tium
2083 5047 2289 5100 remisit
2316 5044 2537 5107 mundo,
2585 5043 2765 5098 Sancti
2792 5053 2813 5078 ι
2837 5045 3083 5098 amicitia:
3123 5061 3230 5099 non
3279 5047 3406 5099 item
3437 5061 3522 5099 re-

1923 5138 2189 5192 nuntiavit
2228 5135 2504 5202 Paulinus,
2536 5135 2630 5188 sed
2659 5135 2959 5189 litterarum
2998 5135 3231 5189 officium
3277 5136 3521 5190 intermi-

1922 5230 2024 5294 sit;
2055 5238 2112 5266 ιη
2138 5228 2306 5285 semel
2334 5227 2506 5282 solum
2537 5227 2586 5281 ei
2613 5227 2845 5297 scripsit,
2873 5236 2927 5282 et
2956 5236 3171 5297 recepta
3200 5229 3267 5283 ab
3301 5243 3368 5283 eo
3401 5228 3522 5283 bre-

2273 5397 2478 5470 p.7654.
2557 5396 2858 5470 diccnnad.
2887 5395 3058 5470 Catal.
3090 5414 3139 5470 c_.
3341 5407 3362 5436 ε
3385 5395 3461 5450 lbi
3483 5396 3518 5450 l.

2339 5469 2353 5506 ί
2383 5469 2626 5524 Gennad.
2659 5467 2833 5522 Catal.
2866 5483 2914 5522 c.
2941 5466 3029 5520 48.
3118 5468 3132 5517 i
3174 5465 3397 5520 Hieron.
3427 5480 3518 5534 ep.

1907 5537 1931 5578 δ
1957 5541 2177 5596 Hieron.
2205 5538 2397 5610 ep.l$.
2478 5549 2504 5588 P
2527 5537 2734 5592 Paulin.
2769 5555 2798 5591 e
2842 5578 2854 5590 .
2885 5537 2973 5602 28,
3007 5554 3061 5592 n.
3095 5537 3147 5590 6.
3224 5537 3404 5603 aAug.
3430 5550 3519 5602 ep.

1907 5631 1932 5665 ι.
1966 5611 2082 5666 Div.
2110 5610 2366 5675 lnstitut.,
2391 5625 2439 5664 c.
2466 5608 2553 5662 2i.
2641 5612 2654 5645 ι
2687 5555 2894 5662 Paulin.
2926 5623 3012 5675 ep.
3042 5606 3130 5672 41,
3155 5620 3209 5659 n.
3234 5603 3285 5657 1.
3361 5611 3386 5640 ιι
3417 5602 3519 5675 Ep.

2391 5625 2439 5664 c.
2466 5623 2553 5662 2|.
2641 5623 2654 5645 ι
2687 5623 2894 5662 rauim.
2926 5623 3012 5679 ep.
3042 5623 3130 5672 λιι,
3155 5623 3209 5659 n.
3234 5623 3285 5657 ι.
3362 5623 3386 5640 ··
3417 5623 3521 5675 ιν.

2375 5690 2430 5718 “ﬂ
2462 5679 2622 5743 lbid.,
2649 5693 2702 5731 n.
2733 5676 2783 5728 4.
