4020 6186
372 366 413 383 ,Α

473 5518 476 5522 ι
503 5486 530 5512 ¹¹
561 5476 715 5541 Ibid.,
745 5493 796 5530 n.
829 5476 882 5530 6.

480 5548 485 5552 ’
509 5549 526 5581 ⁸
560 5546 733 5600 Chim.

482 5616 719 5671 “ibid.
789 5615 851 5656 ων
875 5615 1028 5681 Ibid.,
1061 5634 1111 5669 η.
1144 5617 1194 5669 7.
1268 5615 1658 5687 ceibid.,n.'9.
1734 5618 1973 5691 “Ibid.,
2022 5624 2162 5679 ωε.

517 247 584 301 ω
1394 248 1397 251 ’
1540 243 1596 299 8.
1636 242 1978 299 PAULINUS
2016 243 2333 301 NOLANUS
2373 245 2759 304 EPISCOPUS.
3711 248 3779 304 68

518 358 733 414 vissima
757 354 1004 428 epistola,
1034 354 1259 411 credidit
1287 355 1614 425 persolutum
1644 370 1765 410 esse
1792 357 1955 412 officii
2002 356 2096 412 de-
2129 366 2176 423 Α
2204 361 2569 416 immemorem
2598 378 2738 426 esse,
2772 370 2830 416 ut
2868 376 2993 417 suas
3039 375 3158 417 esse
3203 376 3313 417 non
3355 364 3774 432 recognovisset,

516 449 714 513 bitum;
736 456 793 502 et
818 446 1079 501 diuturna:
1112 447 1242 501 satis
1270 445 1620 500 taciturnitati
1645 461 1765 500 sese
1793 447 1986 501 iterum
2010 462 2099 501 re-

519 538 677 605 tudit,
723 536 893 591 donec
934 547 961 573 ει
999 536 1216 605 spiculis
1261 536 1502 591 caritatis
1547 535 1747 588 Christi
1793 536 2099 590 vulneratus

517 626 745 687 Sanctus
772 627 1026 695 pnevenit
1076 624 1354 680 Paulinum
1392 626 1445 679 in
1491 626 1641 680 verbi
1686 626 1780 681 Dei
1821 626 2103 681 dulcedine

512 732 610 786 per
636 717 849 787 eloquia
870 717 1167 771 litterarum
1187 724 1330 771 casta
1349 724 1405 769 et
1426 716 1627 782 lidelia,
1652 724 1712 770 ut
1731 716 1847 785 ipse
1874 724 2105 771 testatur

513 806 793 873 Paulinus;
819 807 893 860 ita
914 816 973 860 ut
992 805 1239 874 judicare
1265 805 1536 874 possimus
1556 818 1700 868 eum,
1724 805 1859 859 sicut
1889 812 1945 859 et
1965 804 2102 858 Pau-

511 896 702 962 linum,
747 911 942 949 novum
981 894 1194 948 vivendi
1238 894 1537 949 instituisse
1585 893 1836 956 modum;
1877 900 1933 945 et
1970 905 2103 946 sane

511 986 765 1040 Paulinus
791 986 867 1038 ait
893 985 946 1039 in
967 1000 1033 1039 eo
1055 984 1297 1039 habitare
1321 982 1347 1021 δ
1369 984 1647 1037 caritatem
1668 982 1734 1036 de
1755 982 1917 1036 corde
1941 997 2097 1052 puro,

509 1088 564 1133 et
590 1080 729 1133 bona
760 1079 1105 1143 conscientia,
1137 1086 1193 1131 et
1220 1076 1322 1131 fide
1349 1091 1457 1130 non
1492 1074 1634 1129 ficta.
1668 1075 1853 1129 Verbis
1878 1085 1901 1113 ο
1924 1075 2100 1129 beati-

508 1168 790 1224 ficantibus
817 1168 1045 1222 Sanctus
1072 1168 1124 1220 in
1147 1168 1260 1221 suis
1280 1166 1472 1220 litteris
1494 1164 1775 1218 Paulinum
1800 1163 2103 1218 honorabat

507 1262 654 1330 quod
696 1260 907 1331 Christi
941 1260 1163 1313 verbum
1203 1256 1231 1293 ά
1271 1257 1596 1325 complesset
1635 1254 1875 1323 jubentis
1920 1255 2099 1309 omnia

507 1351 740 1405 vendere
763 1366 883 1420 qua:
905 1349 1226 1419 possideret.
1251 1347 1531 1417 Scribendi
1555 1347 1623 1400 ad
1655 1344 1933 1399 Paulinum
1961 1344 2098 1399 San-

507 1452 627 1515 etus
667 1442 768 1495 sibi
801 1451 824 1477 ε
853 1441 1055 1494 fecerat
1093 1439 1408 1509 participem
1454 1436 1753 1490 Amandum
1789 1434 2096 1504 quemdam,

507 1530 669 1583 alium
700 1545 861 1599 porro
888 1529 955 1582 ab
984 1528 1240 1597 episcopo
1262 1525 1643 1593 Burdegalensi
1661 1542 1675 1590 ;
1694 1540 1855 1592 quem
1877 1532 2101 1593 apparet

508 1638 615 1675 non
646 1621 804 1690 plane
829 1618 993 1674 fuisse
1015 1617 1240 1672 Paulino
1271 1627 1476 1671 notum.
1512 1615 1739 1669 Puerum
1768 1614 1980 1668 Domini
2010 1616 2096 1667 be-

2206 455 2307 509 nisi
2337 455 2574 524 ipsorum
2604 454 2796 508 litteris
2820 453 3152 508 credidisset.

2743 581 2879 620 ANNO
2906 581 3113 620 CHRISTI
3140 563 3261 618 395.

2763 654 2987 711 CAPUT
3022 654 3207 708 XXVI.

2205 746 2271 802 In
2312 747 2541 802 morbum
2574 748 2755 800 incidit
2801 747 3067 810 Paulinus,
3098 756 3148 798 et
3186 744 3419 815 Sulpicio
3458 743 3648 799 Severo
3687 761 3775 814 per

2560 817 2895 887 Vigilantiam
2925 818 3078 869 mittit
3109 831 3432 885 responsum.

2275 905 2325 959 1.
2358 905 2585 960 Carmen
2616 916 2636 943 ι’
2665 904 2807 975 quod
2848 905 2902 958 in
2939 905 3198 958 honorem
3232 902 3290 956 S.
3332 901 3527 957 Felicis
3566 903 3774 972 scripsit

2202 994 2476 1058 Paulinus,
2505 1012 2625 1049 cum
2653 996 2880 1064 primum
2906 994 3022 1063 ejus
3052 994 3282 1047 natalem
3312 993 3459 1047 Nola:
3486 994 3773 1048 celebravit

2202 1103 2267 1141 ex
2296 1104 2405 1156 quo
2430 1103 2489 1141 se
2516 1104 2583 1142 eo
2604 1088 2823 1157 recepit,
2849 1103 2914 1141 ex
2939 1087 3125 1141 intimo
3148 1086 3341 1140 lmtitiai
3361 1102 3520 1141 sensu
3545 1087 3769 1156 prodiit:

2200 1179 2372 1248 plenis
2392 1178 2443 1231 in
2464 1194 2533 1232 eo
2550 1178 2689 1232 votis
2704 1178 2812 1231 Deo
2828 1186 3007 1246 grates
3022 1176 3271 1241 refundit,
3287 1178 3377 1245 qui
3393 1178 3490 1245 ipsi
3505 1177 3771 1231 annuisset

2199 1268 2343 1335 quod
2371 1268 2438 1321 ab
2466 1282 2532 1321 eo
2561 1267 2805 1335 precibus
2829 1266 3031 1321 tamdiu
3051 1266 3463 1335 exspostularat.
3490 1265 3600 1319 Sub
3616 1265 3771 1319 linem

2203 1366 2222 1393 ε
2248 1360 2433 1426 petita
2457 1357 2512 1410 S.
2552 1356 2728 1411 Felice
2754 1357 2922 1411 Deum
2946 1366 3136 1411 exoret
3168 1364 3226 1410 ut
3248 1355 3349 1409 sibi
3375 1355 3533 1409 liceat
3567 1370 3773 1424 semper

2200 1448 2254 1502 in
2282 1463 2349 1501 eo
2379 1447 2674 1501 consistere
2694 1454 2871 1515 portu,
2908 1462 3067 1515 quem
3110 1453 3189 1500 tot
3222 1462 3287 1500 ac
3313 1446 3477 1502 tantis
3504 1446 3774 1501 laboribus

2199 1541 2464 1611 superatis
2492 1541 2707 1595 demum
2746 1541 3015 1607 attigerat.
3044 1540 3237 1605 Quinta
3276 1540 3414 1593 illius
3441 1540 3665 1609 epistola
3697 1539 3773 1593 vi-

2200 1631 2559 1699 deturscripta
2572 1646 2712 1684 anno
2727 1630 2964 1684 secundo
2979 1645 3041 1685 ex
3059 1645 3167 1697 quo
3188 1645 3247 1684 se
3268 1629 3454 1683 Nolam
3476 1638 3772 1698 receperat;

506 1712 764 1779 nedictum
792 1719 947 1766 vocat
975 1725 1097 1765 eum
1120 1708 1392 1773 Paulinus,
1416 1707 1557 1762 etab
1577 1722 1643 1761 eo
1670 1705 1688 1743 τ
1713 1721 1900 1777 preces
1920 1721 2084 1776 expo-

2195 1738 2353 1790 quani
2373 1722 2534 1776 etiam
2556 1722 2626 1775 ob
2645 1737 2861 1776 causam
2881 1721 3013 1774 citra
3035 1720 3250 1775 dubium
3272 1736 3389 1774 eam
3404 1720 3578 1789 rejicit
3593 1722 3612 1756 ί
3630 1720 3775 1775 Chif~

505 1806 685 1858 stulat.
735 1804 1068 1857 Adnotarant
1108 1800 1337 1855 Sanctus
1382 1808 1439 1853 et
1485 1798 1756 1851 Amandus
1787 1807 1812 1845 8
1842 1797 1895 1851 in
1946 1806 2095 1866 tergo

505 1880 746 1963 epistola:
791 1908 901 1946 sua:
944 1892 1173 1945 indicem
1220 1889 1569 1959 epistularum
1614 1886 1853 1952 Paulini,
1901 1887 2096 1955 quibus

505 1985 734 2039 Sanctus
764 1965 1057 2037 nonnullos.
1077 1979 1274 2048 adjecit
1301 1979 1533 2049 hymnos
1561 1992 1698 2046 quos
1728 1976 1978 2030 Paulinus
2001 1977 2097 2030 de-

502 2076 851 2136 sideraverat,
879 2081 935 2127 et
965 2074 1017 2126 in
1046 2072 1259 2139 quibus,
1285 2078 1342 2123 ut
1360 2070 1589 2131 videtur,
1614 2068 1801 2122 decem
1830 2067 2094 2135 virginum

503 2165 836 2220 referebatur
864 2163 1139 2232 parabola.
1180 2161 1413 2214 Maximo
1459 2158 1700 2228 perfusus
1739 2168 1823 2213 est
1848 2158 1875 2194 ιι
1897 2157 2094 2225 gaudio

505 2252 778 2315 Paulinus,
809 2260 1027 2320 accepta
1048 2266 1111 2303 ea
1138 2249 1396 2318 epistola;
1425 2258 1481 2303 et
1506 2250 1560 2302 in
1591 2248 1715 2312 hac,
1747 2263 1909 2316 quam
1929 2248 2092 2301 remi—

505 2345 576 2397 sit
597 2344 662 2396 ad
686 2353 989 2410 utrumque,
1011 2342 1142 2395 dicit
1165 2357 1222 2393 se
1243 2355 1362 2392 eam
1386 2354 1542 2392 unam
1565 2346 1877 2408 computare
1901 2353 1930 2391 a
1952 2337 2091 2392 San-

504 2442 593 2487 cto
623 2434 721 2487 sibi
752 2432 1037 2498 redditam,
1065 2432 1188 2500 quia
1220 2429 1379 2484 talem
1407 2429 1474 2482 ab
1503 2444 1570 2484 eo
1592 2444 1699 2499 qua
1725 2428 1928 2498 repleta
1952 2437 2095 2483 esset

506 2525 682 2575 anima
714 2523 879 2591 ipsius
900 2522 1072 2574 adhuc
1095 2520 1261 2574 semel
1289 2526 1594 2587 acceperat,
1622 2534 1681 2573 se
1703 2518 1771 2573 ad
1793 2518 1979 2573 Sancti
2001 2520 2092 2572 lito

505 2620 737 2666 terarun
767 2610 1087 2665 desiderium
1113 2609 1356 2674 excitari,
1388 2608 1549 2662 modo
1575 2608 1590 2644 ί
1616 2617 1805 2663 caveat
1824 2623 1946 2662 eum
1968 2621 2095 2661 one-

505 2715 626 2754 rare
674 2700 918 2753 laudibus
945 2699 1139 2767 quibus
1166 2714 1225 2752 se
1252 2698 1527 2766 indignum
1554 2698 1775 2752 omnino
1811 2697 2087 2751 censebat.

504 2789 706 2843 Deinde
735 2788 803 2843 ad
832 2789 1088 2858 pietatem
1125 2788 1281 2856 quasi
1333 2789 1567 2857 seipsum
1607 2788 1852 2841 hortatur
1878 2787 2089 2854 egregia

502 2882 768 2945 oratione,
786 2890 841 2933 at
863 2879 1214 2949 proculdubio
1234 2893 1340 2948 qua
1360 2878 1615 2933 Sanctum
1637 2877 1909 2945 informet,
1928 2892 2090 2947 quem

503 2971 684 3025 multis
707 2970 760 3023 in
786 2970 916 3024 locis
934 2969 1243 3037 alloquitur.
1270 2969 1347 3023 De
1369 2970 1383 3018 l
1415 2968 1592 3038 seipse
1612 2968 1770 3022 solita
1790 2967 2092 3023 humilitate

2199 1813 2376 1869 ﬂetius
2417 1814 2469 1866 in
2499 1829 2697 1867 annum
2725 1814 3158 1867 trecentesimum
3188 1813 3591 1883 nonagesimum
3619 1815 3774 1882 quin-

2200 1912 2328 1957 tum.
2353 1901 2426 1957 Ex
2453 1918 2517 1957 ea
2545 1911 2573 1939 ιι
2595 1904 2967 1970 cognoscimus
2994 1912 3281 1970 mgrotasse
3307 1903 3604 1968 Paulinum,
3633 1913 3689 1958 et
3718 1913 3775 1958 ut

2199 2003 2224 2030 ν
2245 1993 2459 2047 videtur
2479 1991 2652 2063 prima
2671 2001 2876 2048 instate.
2906 1993 3043 2047 Dicit
3070 2008 3133 2047 ea
3162 1993 3474 2061 mgritudine
3502 2003 3527 2029 ι
3554 2009 3775 2049 suorum

2198 2086 2250 2138 in
2268 2067 2478 2153 pinnam
2500 2093 2840 2153 peccatorum
2855 2093 2913 2138 Se
2932 2099 2962 2137 a
2982 2085 3090 2139 Deo
3111 2087 3446 2154 castigatum,
3470 2102 3588 2140 cum
3611 2097 3638 2135 r
3662 2094 3775 2141 tota

2195 2174 2485 2244 Campania
2515 2190 2650 2244 opus
2679 2175 2771 2229 Dei
2801 2174 3097 2231 Salvatoris
3124 2177 3175 2230 in
3199 2192 3264 2231 eo
3291 2185 3657 2242 veneraretur,
3682 2192 3774 2232 as-

2195 2265 2344 2318 sidua
2374 2275 2429 2318 et
2469 2265 2653 2320 sedula
2689 2265 3037 2321 sollicitorum
3073 2267 3390 2333 antistitum,
3431 2266 3774 2331 clericorum,

2194 2356 2602 2420 monachorum,
2634 2365 2794 2424 atque
2822 2358 2982 2411 etiam
3022 2357 3257 2426 ipsorum
3288 2372 3427 2425 sirpe
3453 2356 3774 2411 secularium

2196 2454 2310 2499 toto
2354 2445 2494 2500 illius
2521 2445 2849 2514 aegritudinis
2878 2454 3118 2516 tempore
3148 2446 3293 2501 illum
3322 2446 3657 2502 celebrarunt
3693 2446 3775 2501 ol-

2194 2536 2332 2592 lieia.
2361 2536 2529 2591 Nemo
2550 2536 2933 2605 propemodum
2957 2546 3068 2591 tota
3088 2535 3376 2606 Campania
3398 2538 3774 2606 episcoporum

2194 2643 2302 2681 non
2343 2626 2563 2681 visitare
2591 2642 2713 2681 eum
2752 2625 2831 2680 fas
2870 2627 3196 2681 existimavit
3224 2627 3343 2692 sibi,
3375 2636 3428 2681 et
3456 2643 3592 2696 quos
3619 2627 3772 2681 infir-

2192 2717 2350 2770 mitas
2374 2717 2457 2771 vel
2479 2717 2772 2772 necessitas
2791 2716 2967 2785 aliqua
2987 2716 3318 2781 devinxerat,
3342 2718 3518 2772 missis
3538 2718 3653 2773 vice
3673 2734 3773 2773 sua

2191 2808 2401 2863 clericis
2432 2815 2487 2862 et
2525 2807 2717 2862 litteris
2756 2806 3067 2873 adfuerunt;
3100 2817 3122 2843 κ
3151 2807 3264 2862 Afri
3290 2823 3502 2876 quoque
3531 2810 3773 2879 episcopi

2191 2900 2259 2954 ad
2288 2915 2412 2954 eum
2458 2900 2797 2956 revisendum
2840 2900 3011 2971 prima
3050 2907 3237 2954 aestate
3272 2901 3532 2955 miserunt
3573 2918 3587 2953 :
3624 2900 3772 2969 quod

2192 2989 2481 3043 convenire
2507 2996 2690 3058 posset
2718 2988 2909 3042 litteris
2934 3002 3051 3057 qua:
3079 2988 3128 3042 ei
3152 2988 3364 3043 fuerunt
3389 2988 3455 3044 ab
3478 2988 3695 3043 Aurelio
3718 2999 3773 3045 et

503 3063 665 3117 verba
695 3061 840 3125 facit.
875 3070 932 3115 et
955 3069 1137 3130 posset
1164 3060 1333 3115 videri
1366 3068 1493 3114 tunc
1518 3068 1819 3130 reptantem
1846 3060 1946 3114 ωνί
1973 3060 2085 3129 ερί-
2115 3083 2163 3147 c
2192 3080 2259 3134 ab
2287 3080 2480 3150 Alypio
2507 3079 2728 3135 reddita:
2766 3094 2907 3132 anno
2935 3077 3041 3133 594
3077 3079 3121 3132 si
3160 3076 3258 3133 fuit
3302 3078 3449 3133 Nolae
3473 3093 3615 3133 anno
3640 3077 3769 3145 395,

502 3154 671 3207 ritalis
701 3154 974 3206 infantiam
1000 3152 1175 3204 adhuc
1203 3166 1383 3219 agere,
1414 3152 1513 3205 nisi
1540 3152 1562 3187 ἰ
1586 3152 1895 3206 diuturnum
1922 3151 2087 3205 silen-

505 3247 637 3298 tium
658 3260 765 3312 quo
788 3259 910 3297 cum
938 3242 1136 3296 Sancto
1165 3251 1283 3296 erat
1311 3257 1437 3296 usus
1466 3242 1742 3297 induceret
1769 3242 1837 3297 ad
1866 3242 2088 3297 creden-

500 3336 626 3387 dum
667 3349 791 3388 eum
833 3333 943 3400 jam
973 3348 1003 3386 a
1032 3332 1211 3385 multis
1238 3332 1391 3386 annis
1418 3331 1565 3387 Nola:
1590 3333 1932 3388 commorari.
1970 3331 1985 3370 ι
2020 3334 2090 3386 At

500 3425 643 3477 enim
694 3424 849 3484 dicit.
901 3432 1236 3477 senectutem
1279 3424 1425 3478 canis
1470 3432 1633 3493 caput
1684 3439 1792 3478 non
1835 3439 2089 3494 spargere

500 3512 680 3576 modo,
712 3511 805 3566 sed
834 3520 888 3565 et
916 3510 1260 3580 profundere.
1296 3510 1586 3567 Possumus
1626 3515 1801 3568 solum
1843 3514 2087 3582 judicare

499 3616 623 3655 eum
652 3602 927 3670 scripsisse
955 3609 1242 3669 antequam
1270 3602 1336 3656 ad
1360 3605 1726 3672 episcopatum
1750 3603 1937 3659 fuisset
1958 3621 2085 3675 pro-

499 3702 696 3757 motus,
722 3702 882 3761 atquc
904 3693 1103 3746 idcirco
1123 3700 1250 3745 ante
1277 3708 1475 3746 annum
1498 3694 2082 3763 quadringentesimum

499 3792 767 3849 octavum,
797 3798 918 3837 cum
945 3792 982 3819 ιι
1010 3784 1210 3836 scribat
1232 3799 1336 3837 una
1362 3800 1485 3838 cum
1514 3782 1786 3839 Therasia.
1819 3784 1957 3839 Dicit
1976 3794 2001 3820 ιι
2025 3800 2085 3840 se

500 3875 700 3942 aliquid
730 3875 1000 3943 accepisse
1032 3890 1060 3927 a
1090 3876 1323 3944 quodam
1358 3877 1457 3931 sibi
1488 3877 1783 3943 carissimo,
1814 3878 1906 3947 qui
1945 3877 2085 3931 mul-

502 3974 612 4018 tum
642 3966 814 4018 fuerat
842 3965 1228 4032 peregrinatus.
1259 3966 1525 4019 llullinum
1552 3969 1903 4035 proculdubio
1927 3968 2087 4023 intel-

502 4053 617 4122 ligit
655 4054 747 4121 qui
791 4053 842 4105 in
883 4051 1225 4106 Occidentem
1255 4069 1501 4108 reversus
1528 4064 1613 4109 est
1655 4072 1797 4111 anno
1827 4058 2087 4112 duntaxat

502 4145 882 4199 trecentesimo
913 4144 1258 4210 nonagesimo
1285 4144 1536 4211 septimo.

570 4231 624 4284 5.
656 4228 949 4297 Postquam
1002 4231 1241 4299 epistolae
1287 4232 1452 4285 veluti
1494 4233 1786 4289 clausulam
1835 4240 2088 4307 apposuit

501 4321 772 4387 Paulinus,
803 4320 944 4373 aliud
980 4336 1164 4375 rursus
1197 4330 1221 4357 ο
1252 4323 1556 4389 aggreditur
1598 4337 1991 4393 argumentum,
2019 4330 2086 4383 de

2189 3183 2509 3237 quamquam
2552 3169 2772 3222 verbum
2818 3171 3033 3222 revisere
3076 3179 3265 3239 parum
3302 3169 3555 3224 convenit
3592 3170 3772 3241 primo

2190 3258 2430 3329 ipsorum
2462 3256 2661 3323 oﬂieio,
2702 3257 2859 3328 eique
2900 3274 2998 3328 per
3038 3273 3166 3313 suos
3203 3259 3459 3324 exhibito,
3501 3275 3608 3314 non
3638 3276 3773 3316 vero

2188 3363 2286 3417 per
2314 3348 2455 3402 viros
2477 3348 2576 3402 hac
2596 3347 2662 3401 de
2690 3363 2849 3403 causa
2871 3364 2901 3402 a
2922 3364 2981 3403 se
3007 3349 3222 3404 missos.
3251 3348 3586 3403 Probabilius
3610 3350 3774 3419 igitur

2188 3446 2272 3493 est
2291 3437 2438 3506 quod
2466 3438 2988 3507 supposuimus,eum
3016 3439 3231 3493 venisse
3257 3438 3443 3493 Nolam
3472 3455 3614 3494 anno
3643 3439 3772 3506 594,

2187 3539 2477 3598 iegrotasse
2514 3543 2654 3583 anno
2684 3526 2804 3593 595,
2827 3538 2882 3581 ct
2914 3538 3042 3584 tunc
3070 3530 3326 3601 temporis
3340 3531 3611 3585 Aurelium
3631 3530 3772 3585 Car-

2190 3620 2557 3687 thaginenscm
2600 3620 2911 3689 episcopum
2935 3660 2950 3686 ,
2991 3635 3153 3688 quem
3196 3621 3415 3675 miserat
3444 3620 3772 3676 visitandnm

2191 3707 2447 3764 Paulinus
2477 3724 2619 3763 anno
2659 3710 2775 3777 ipso
2805 3707 2927 3775 397i,
2966 3718 3021 3765 et
3060 3709 3286 3765 fortasse
3314 3710 3598 3766 nonnullos
3632 3712 3775 3767 alios

2188 3814 2309 3854 cum
2331 3813 2416 3863 eo,
2445 3799 2546 3868 ipsi
2571 3799 2889 3867 quibusdam
2930 3801 3107 3855 missis
3134 3799 3385 3856 adfuisse.
3418 3799 3774 3871 Augustinum

2188 3890 2378 3945 eodem
2405 3891 2494 3944 illo
2522 3906 2663 3945 anno
2691 3906 2789 3960 per
2815 3890 3206 3946 Romanianum
3235 3892 3303 3947 ad
3332 3908 3453 3947 eum
3491 3892 3775 3961 scripsisse

2187 3983 2511 4051 videbimus,
2534 3999 2717 4037 verum
2740 3984 3014 4052 probabile
3036 3999 3143 4039 non
3168 3984 3379 4039 videtur
3400 3984 3541 4039 illius
3565 3985 3776 4039 litteras

2188 4075 2360 4151 prima
2392 4082 2577 4129 testate
2605 4073 2829 4128 Paulino
2859 4073 3021 4129 fuisse
3058 4075 3315 4129 redditas.
3362 4074 3438 4129 De
3474 4075 3775 4145 proborum

2189 4166 2425 4220 virorum
2450 4162 2637 4218 ofﬁciis
2660 4173 2717 4201 αα
2746 4164 3091 4231 gloriabatur,
3117 4173 3172 4219 at
3201 4165 3252 4218 in
3275 4164 3501 4219 Domino
3533 4172 3767 4229 tantum,

2186 4255 2338 4324 cujus
2361 4256 2544 4323 gratia:
2565 4255 2668 4309 hoc
2692 4270 2826 4323 opus
2846 4263 2900 4309 et
2916 4270 3106 4309 munus
3127 4270 3246 4310 esse
3265 4255 3567 4325 reputabat.
3592 4254 3650 4293 ιιι»
3678 4255 3776 4311 Dei

2186 4348 2416 4416 gratiam
2462 4347 2516 4400 in
2559 4346 2795 4401 tenebris
2833 4347 3111 4413 reluxisse,
3142 4362 3242 4401 nec
3268 4343 3554 4400 obscurum
3583 4361 3642 4400 se
3672 4361 3775 4414 per

500 4414 715 4485 hymnis
742 4412 947 4466 scilicet
974 4426 1109 4481 quos
1138 4428 1169 4465 a
1198 4412 1398 4467 Sancto
1424 4424 1704 4483 acceperat
1731 4434 1743 4467 :
1784 4420 1930 4485 quod
1969 4420 2082 4473 ele-

2195 4412 2422 4496 nominis
2450 4439 2614 4509 ipsius
2632 4438 2932 4494 claritatem
2954 4439 3005 4493 in
3032 4438 3318 4493 solitudine
3345 4438 3517 4506 egisse
3544 4412 3694 4492 dicit.

499 4502 690 4575 ganter
716 4506 948 4576 spectari
971 4512 1148 4576 potest
1175 4515 1265 4559 aut
1294 4507 1459 4560 veluti
1482 4509 1724 4577 epistola:
1744 4511 1911 4565 altera
1940 4528 2084 4581 pars,

503 4595 646 4649 unde
675 4605 729 4650 et
760 4612 860 4650 una
891 4598 1031 4668 typis
1056 4597 1184 4652 olim
1210 4613 1418 4652 excusm
1438 4607 1584 4664 sunt,
1608 4610 1700 4653 aut
1721 4602 1890 4656 veluti
1918 4605 2086 4659 altera

502 4703 725 4757 prorsus
752 4688 998 4756 epistola,
1030 4690 1133 4759 47
1164 4696 1220 4743 et
1258 4705 1387 4743 sane
1416 4701 1441 4739 ρ
1470 4691 1521 4745 in
1549 4693 1863 4759 quibusdam
1894 4712 2085 4751 manu-

501 4777 714 4845 scriptis
739 4778 1014 4832 codicibus
1040 4780 1331 4848 separatim
1355 4781 1633 4848 leguntur;
1658 4784 1840 4855 sicque
1872 4786 1923 4839 in
1953 4787 2085 4842 duas

500 4866 797 4920 divisimus.
854 4867 911 4921 In
969 4869 1071 4922 hac
1119 4878 1390 4938 postrema
1444 4872 1850 4942 quadragesima
1908 4880 2079 4946 prima

497 4954 628 5007 dicit
656 4970 713 5009 sc
744 4957 814 5038 ita
845 4972 1012 5025 prope
1041 4959 1277 5012 omnium
1306 4961 1653 5029 epistolarum
1683 4982 1922 5035 suarum,
1946 4984 2079 5037 quas

498 5048 553 5102 in
583 5057 732 5116 tergo
761 5050 999 5119 epistola:
1027 5050 1255 5107 Sanctus
1290 5062 1346 5108 et
1389 5054 1662 5115 Amandus
1698 5070 2020 5117 annotarant
2050 5073 2079 5111 ει

572 5347 599 5375 ει
631 5335 837 5407 Paulin.
868 5352 954 5406 ep.
988 5336 1075 5403 40,
1101 5354 1153 5391 n.
1174 5338 1226 5391 2.
1306 5336 1331 5407 β
1358 5339 1516 5407 Ibid.,
1538 5357 1593 5395 n.
1656 5379 1671 5393 .

501 5408 630 5461 n.l.
707 5407 733 5442 ιι
762 5405 928 5476 Epist.
962 5409 1047 5476 40,
1094 5424 1144 5459 η.
1188 5412 1229 5462 Ι.

961 5488 985 5511 ο
1009 5474 1106 5544 Ep.
1134 5478 1224 5545 lll,
1251 5496 1303 5531 n.
1332 5478 1383 5531 1.

1750 5351 1773 5379 ε
1805 5341 2035 5398 lbid..n.
2064 5343 2115 5397 5.
2194 5342 2220 5382 ἀ
2250 5344 2409 5411 Ibid.,
2438 5361 2494 5398 n.
2525 5344 2611 5397 11.

1311 5406 1512 5480 i_lbid.,
1541 5428 1591 5464 η.
1624 5411 1675 5462 3.
1756 5411 1769 5460 i
1801 5411 1957 5479 Ibid.,
1982 5429 2037 5466 ιι.
2069 5414 2120 5468 6,
2200 5412 2225 5451 ι
2254 5406 2412 5480 Ibid.,
2436 5430 2491 5467 η.
2523 5413 2548 5466 1
2584 5421 2638 5466 et
2659 5412 2711 5467 δ.

1459 5491 1486 5528 p
1507 5479 1693 5551 Chim.
1714 5488 1853 5550 part.
1881 5482 1933 5549 1,
1956 5498 2004 5536 c.
2029 5482 2114 5536 21.
2194 5495 2219 5533 (ι
2244 5479 2448 5536 Paulin.
2481 5498 2567 5551 ep.
2590 5483 2677 5545 41,
2705 5501 2756 5537 n.
2786 5483 2835 5535 1.

784 5561 836 5623 p.
1066 5545 1188 5623 2H3.
1266 5557 1288 5583 υ
1316 5546 1522 5623 Paulin.
1553 5564 1640 5623 epﬂ.
1664 5544 1729 5614 5,’
1748 5566 1803 5623 _n_.
1824 5544 1943 5623 Det
1970 5552 2053 5606 10.

2195 5553 2428 5623 [ὺιιιηη.
2452 5544 2535 5603 ιιιῖ
2581 5561 2642 5623 Ax
2664 5553 2821 5621 Ibid.,
2855 5568 2907 5607 n.
2941 5550 3026 5606 ιο.
3104 5560 3131 5598 ι
3152 5550 3285 5623 ibid.
3313 5568 3367 5605 η.
3400 5549 3485 5605 ii.

2260 4530 2313 4584 2.
2339 4531 2598 4586 Solatium
2624 4542 2679 4570 οε
2702 4531 2801 4601 ipsi
2824 4545 3071 4599 magnum
3110 4538 3165 4584 et
3184 4530 3336 4585 dulce
3365 4531 3418 4584 in
3451 4529 3775 4599 aegritudine

2189 4622 2532 4691 praebuerunt
2568 4620 2751 4677 Severi
2796 4621 3003 4675 litterae.
3044 4619 3372 4684 Statuerant,
3414 4626 3474 4673 ut
3516 4619 3771 4684 vidimus,

2187 4727 2246 4767 se
2276 4713 2432 4767 simul
2461 4711 2647 4766 Nolam
2686 4712 2945 4780 recipere,
2988 4719 3042 4766 et
3085 4709 3339 4765 Paulinus
3370 4726 3493 4764 eum
3520 4710 3773 4766 hbrtatus

2189 4802 2362 4858 fuerat
2384 4811 2441 4856 ut
2469 4817 2586 4857 eam
2614 4802 2684 4857 ob
2711 4817 2928 4857 causam
2956 4816 3016 4856 se
3048 4800 3362 4855 conveniret
3388 4798 3769 4866 Barcinonem,

2188 4900 2281 4948 aut
2307 4908 2367 4947 se
2396 4893 2496 4963 ipsi
2537 4893 2589 4947 in
2632 4892 2717 4947 via
2746 4891 3089 4959 adjungeret;
3118 4905 3304 4944 verum
3332 4885 3387 4925 δά
3417 4890 3657 4955 geminas
3694 4906 3769 4945 eo

2184 4998 2327 5038 anno
2350 4983 2571 5052 pertulit
2599 4981 2709 5053 48
2734 4981 3073 5048 aegritudines
3100 4995 3222 5035 cum
3255 4979 3323 5033 ad
3349 4979 3629 5033 Paulinum
3662 4994 3767 5034 ve-

2182 5077 2299 5132 nire
2313 5076 2504 5130 voluit.
2523 5074 2707 5128 ltauue
2720 5081 2936 5129 coactus
2953 5071 3051 5127 fuit
3070 5086 3129 5127 se
3151 5082 3204 5109 εο
3217 5072 3410 5126 litteris
3424 5071 3567 5143 apud
3590 5071 3774 5140 ipSum

2690 5353 2713 5382 ι·
2744 5342 2898 5408 Ibid.,
2927 5359 2982 5398 η.
3016 5344 3066 5397 '5.
3148 5341 3169 5381 τ
3194 5343 3325 5398 Ibid.
3406 5353 3430 5390 Β
3459 5341 3634 5411 Epist.
3662 5342 3759 5405 41,

2798 5413 2808 5449 ¹
2840 5412 2996 5477 Ibid.,
3022 5428 3077 5466 n.
3110 5411 3161 5465 6.
3244 5423 3279 5449 ω
3308 5412 3463 5473 Ibid.,
3491 5413 3542 5464 in
3576 5413 3761 5469 titulo.

2916 5493 2936 5519 τ
2966 5483 3145 5535 Carm.
3181 5481 3267 5535 15.
3348 5490 3369 5517 ⁸
3400 5481 3557 5545 Ibid.,
3586 5498 3639 5532 v.
3667 5482 3761 5535 3|.

2941 5550 3008 5585 m
3108 5550 3263 5585 nam
3315 5568 3345 5585 η
3400 5549 3467 5585 η
3569 5548 3736 5585 una

2245 5548 2535 5613 ld.,n.14_.
2618 5550 3026 5621 xlbid.,n.to.
3104 5549 3485 5623 Ilbid.n.14.
3569 5548 3765 5603 “ibid.

2245 5633 2298 5661 τί*
2320 5620 2477 5689 Ibid.,
2498 5638 2550 5677 It.
2575 5620 2623 5673 1.
