4066 6192
253 280 327 340 σε)
1627 276 2147 341 PROLEGOMENA.
3461 285 3533 344 70

254 404 544 448 excusare:
569 388 639 444 Se
663 398 688 426 ⁸
712 388 1001 446 revaluisse
1026 397 1314 454 scrtoenat,
1338 390 1644 459 multosque
1676 393 1701 429 δ
1732 392 1841 445 lra-
1868 399 1914 459 Α
1945 395 2076 448 bare
2105 394 2315 449 consilii
2358 396 2736 461 constantiam,
2762 412 2871 452 non
2899 412 3029 453 vero
3052 399 3305 475 damnare
3330 418 3343 467 ;
3376 402 3527 457 dieit-

255 492 363 537 tres
390 482 663 551 spiritales
691 470 875 536 secum
898 482 997 551 ipsi
1027 479 1301 536 adfuturos
1328 481 1647 550 spondebat,
1671 485 1844 535 maxi-

255 572 354 625 mis
379 582 402 611 °
427 571 712 641 praeconiis
732 572 986 625 virtutem
1014 578 1070 625 et
1096 571 1501 626 conversionem
1528 570 1734 626 Paulini
1759 586 1847 626 ex-

257 661 472 715 tollens.
504 658 657 713 Hanc
694 659 981 728 epistolam
1033 674 1128 730 per
1152 660 1179 696 ά
1210 660 1419 729 aliquos
1446 675 1477 714 e
1513 661 1623 716 suis
1651 662 1847 717 virtute

255 751 355 806 sibi
376 764 656 805 connexos
676 748 841 812 misit,
864 763 961 817 per
978 759 999 785 ο
1024 748 1366 817 Vigilantium
1389 751 1592 805 scilicet
1609 758 1664 805 et
1684 752 1845 805 alium

258 842 723 897 catechumenum.
758 841 1079 908 Vigilantius
1106 843 1160 895 in
1188 841 1479 912 Campania
1509 842 1656 898 febre
1696 845 1848 898 labo-

258 934 413 997 ravit,
458 932 624 985 etiam
665 938 957 1000 antequam
1006 931 1073 985 ad
1113 930 1393 985 Paulinum
1422 933 1747 1001 perveniret.
1772 933 1848 988 De

258 1037 320 1076 eo
348 1022 483 1074 nihil
504 1021 671 1075 refert
696 1020 972 1088 Paulinus,
1000 1019 1017 1059 ί
1044 1021 1141 1075 nisi
1163 1021 1308 1091 quod
1335 1020 1496 1075 fuerit
1517 1021 1844 1091 baptizatus;

261 1111 444 1180 itaque
466 1111 512 1163 si
544 1110 633 1164 ille
661 1111 775 1180 ipse
796 1118 879 1165 est
899 1111 989 1178 qui
1020 1112 1297 1181 presbyter
1335 1111 1566 1165 reddidit
1585 1111 1847 1183 Hierony-

264 1216 349 1255 mo
388 1199 599 1255 Paulini
638 1201 861 1265 litteras,
894 1210 950 1256 et
989 1202 1078 1271 qui
1102 1200 1302 1256 deinde
1333 1202 1481 1256 lalsis
1511 1201 1849 1270 dogmatibus

266 1306 461 1346 nomen
488 1306 647 1345 suum
675 1291 971 1359 infamavit,
1010 1292 1294 1346 verisimile
1341 1301 1425 1346 est
1472 1306 1594 1346 eum
1634 1293 1849 1345 ordina-

264 1390 373 1434 tum
396 1380 564 1435 fuisse
584 1380 959 1451 presbyterum
989 1382 1171 1435 statim
1197 1390 1318 1450 post
1337 1396 1492 1436 suum
1512 1383 1565 1436 in
1594 1382 1794 1437 Gallias
1818 1399 1849 1437 e

263 1472 558 1541 Campania
580 1474 828 1528 reditum.
857 1472 1074 1527 Miratus
1100 1482 1183 1528 est
1213 1471 1463 1528 Paulinus
1482 1475 1625 1543 quod
1656 1475 1767 1543 ipse
1796 1484 1852 1528 et

265 1561 495 1616 Severus
528 1572 554 1608 8
581 1547 769 1616 iisdem
801 1562 1152 1617 incommodis
1188 1564 1344 1617 simul
1376 1564 1597 1618 fuissent
1624 1565 1799 1619 allecti
1833 1582 1845 1617 :

268 1652 313 1705 id
340 1667 453 1705 non
482 1653 602 1706 sine
630 1651 843 1705 Domini
882 1652 1101 1705 numine
1129 1650 1327 1706 factum
1363 1668 1481 1707 esse
1512 1653 1665 1719 dicit,
1699 1653 1850 1721 cujus

1946 498 2052 553 que
2083 493 2104 521 ι’
2136 498 2195 538 se
2218 500 2323 537 non
2348 486 2542 551 vereri,
2563 500 2629 539 ne
2657 486 2724 540 ad
2744 486 2885 541 illius
2908 487 3157 542 desiderii
3185 490 3533 559 impedimen-

1948 582 2059 627 tum
2108 589 2235 629 caro
2274 573 2483 628 inﬁrma
2525 576 2835 645 praevaleat,
2876 591 3036 644 quam
3074 576 3176 630 ﬁde
3225 581 3527 639 roboraret.

1946 670 2052 717 etc.
2082 662 2371 731 Postquam
2399 679 2527 718 vero
2569 663 2637 718 de
2663 665 2975 732 aegritudine
3014 666 3153 720 illius
3183 668 3344 721 verba
3376 668 3526 730 fecit,

1947 751 2096 806 addit
2127 762 2149 789 ⁸
2188 767 2425 807 amorem
2457 754 2606 823 pacis
2640 770 2766 808 eum
2796 754 2995 809 debere
3023 754 3089 810 de
3116 758 3286 824 patria
3318 774 3533 826 parum-

1947 855 2045 910 per
2071 856 2345 906 sevocare,
2374 851 2430 895 ut
2452 844 2756 897 obstrueret
2776 858 2838 898 os
2865 859 3050 898 eorum
3073 847 3163 916 qui
3193 850 3530 903 occasionem

1946 932 2015 987 de
2042 932 2157 1001 ipso
2186 932 2329 985 male
2371 933 2623 1001 loquendi
2659 934 2969 1004 quaerebant
3013 951 3027 987 :
3074 937 3142 990 de
3170 936 3363 1007 quibus
3390 953 3531 1006 smpe

1946 1022 2191 1089 queritur
2227 1020 2477 1076 Severus.
2515 1022 2648 1077 Tum
2688 1032 2866 1077 narrat
2893 1026 2909 1061 ι
2935 1033 3194 1094 quantum
3226 1042 3256 1080 a
3284 1028 3533 1096 pontiﬁce

1950 1111 2195 1167 Romano
2225 1121 2280 1167 et
2306 1128 2336 1166 a
2365 1114 2681 1180 quibusdam
2708 1114 2817 1185 E9
2842 1114 3027 1169 Romae
3067 1117 3278 1171 clericis
3303 1119 3531 1172 scanda—

1948 1202 2155 1257 lizetur.
2189 1204 2324 1257 Eum
2358 1204 2533 1258 denuo
2582 1204 2832 1259 hortatur
2875 1214 2932 1259 ut
2965 1208 3161 1273 veniat,
3203 1217 3257 1261 et
3292 1209 3402 1276 jam
3432 1209 3531 1262 sibi

1948 1292 2140 1361 gaudia
2172 1295 2423 1363 proponit
2458 1296 2651 1364 quibus
2678 1295 2957 1360 afﬁcietur,
2984 1312 3105 1351 cunt
3127 1298 3273 1351 illum
3298 1300 3531 1368 excipiet

1949 1385 2144 1438 comite
2174 1384 2469 1438 electorum
2495 1385 2585 1438 Dei
2616 1386 2842 1441 cohorte
2869 1388 3194 1440 venientem.
3228 1387 3431 1441 Locabo
3460 1398 3527 1452 te,

1950 1476 2166 1543 inquit“
2192 1474 2447 1529 Paulinus
2470 1475 2537 1529 ad
2562 1475 2837 1539 Severum,
2860 1480 2913 1529 in
2943 1478 3090 1531 horto
3119 1480 3216 1530 mei
3246 1477 3433 1531 Felicis
3458 1496 3533 1533 co-

1950 1568 2144 1632 lonum,
2178 1567 2267 1619 sed
2295 1568 2487 1637 gratis;
2519 1568 2749 1636 denique
2776 1583 2897 1621 cum
2928 1582 3049 1621 eum
3093 1570 3272 1621 uxoris
3301 1583 3409 1621 suae
3438 1584 3534 1621 no-

1951 1657 2093 1711 mine
2135 1672 2295 1725 quam
2337 1666 2361 1694 ν
2394 1665 2553 1710 vocat
2589 1673 2885 1710 conservam
2921 1659 2975 1710 in
3021 1655 3243 1709 Domino
3286 1673 3450 1721 suam,
3482 1665 3534 1710 et

268 1742 466 1808 injnssu
495 1742 632 1794 nihil
659 1741 712 1795 in
744 1740 941 1795 mundo
968 1741 1182 1809 accidit,
1206 1743 1299 1810 qui
1319 1758 1505 1797 eorum
1538 1744 1757 1797 unitatis
1776 1745 1850 1797 in—
1878 1758 1923 1818 Β
1951 1748 2224 1802 Bassulam
2251 1748 2411 1801 etiam
2432 1748 2671 1815 ejusdem
2701 1746 2887 1802 Severi
2915 1762 3127 1801 socrum
3150 1747 3419 1811 salutavit,
3443 1764 3534 1799 ca-

270 1838 430 1884 teruas
450 1840 726 1900 operator,
758 1831 1029 1886 carnalem
1053 1832 1107 1884 in
1128 1833 1256 1900 ipsis
1283 1833 1634 1887 substantiam
1657 1833 1852 1888 discre-

268 1934 394 1987 pare
423 1936 537 1974 non
558 1928 700 1974 esset
721 1936 925 1989 passus.
951 1919 1135 1988 Itaque
1163 1921 1413 1975 solatium
1446 1923 1571 1991 ipsis
1599 1937 1848 1991 magnum

270 2018 320 2063 et
336 2010 497 2063 dulce
526 2009 802 2078 praebebat
822 2009 922 2062 ista
943 2010 1249 2077 conjunctio
1270 2012 1566 2079 passionis;
1591 2027 1773 2066 verum
1794 2020 1852 2066 ut

271 2100 395 2169 ipsis
413 2100 623 2170 gratius
651 2100 954 2155 concordia:
973 2100 1183 2169 signum
1209 2110 1371 2167 esset,
1402 2117 1469 2157 eo
1495 2103 1611 2172 ipso
1630 2118 1689 2158 se
1714 2103 1856 2159 refe-

272 2199 409 2244 ctum
429 2189 889 2255 sensitPaulinus,
911 2191 1055 2261 quod
1075 2191 1308 2247 Severus
1332 2208 1391 2247 se
1411 2182 1701 2249 revaluisse
1721 2197 1854 2251 scri-

274 2292 473 2351 pserat,
510 2284 587 2336 ita
615 2291 674 2336 ut
701 2282 888 2338 Severi
927 2284 1189 2339 levamine
1211 2285 1392 2353 aliquo
1421 2286 1582 2341 modo
1621 2288 1857 2357 respira-

272 2381 369 2437 ret,
397 2371 427 2409 ιι
456 2387 612 2441 teque
640 2387 705 2427 ac
736 2382 1043 2426 sanctorum
1083 2374 1436 2437 orationibus,
1473 2382 1636 2443 atque
1664 2376 1858 2445 ipsius-

273 2475 376 2517 met
396 2462 623 2532 Sulpicii
657 2462 863 2529 Severi,
887 2462 973 2519 cui
998 2465 1179 2535 ignota
1206 2474 1325 2520 erat
1342 2465 1548 2521 Paulini
1572 2468 1851 2537 :egritudo.

273 2550 514 2608 Inﬁrmus
549 2552 569 2591 ί
601 2554 694 2608 diu
729 2555 988 2608 remansit
1025 2554 1297 2633 Paulinus,
1344 2573 1445 2613 nec
1486 2558 1642 2613 facile
1683 2560 1858 2629 potuit

273 2645 518 2714 corporis
541 2645 625 2699 sui
646 2645 937 2701 exhaustas
971 2648 1160 2702 morbo
1186 2656 1241 2702 et
1279 2650 1681 2705 austeritatibus
1718 2651 1860 2705 vires

274 2750 544 2804 reparare,
576 2744 630 2790 et
650 2737 704 2789 in
723 2750 786 2790 ea
807 2737 1114 2793 inﬁrmitate
1132 2738 1270 2792 sicut
1290 2738 1486 2794 Paulus
1507 2740 1857 2807 gloriabatur,

274 2839 371 2891 qua
398 2825 659 2894 sperabat
698 2840 757 2880 se
798 2835 1075 2895 potentem
1099 2826 1433 2895 faciendum;
1474 2838 1530 2883 et
1555 2844 1661 2898 quo
1690 2831 1861 2898 magis

274 2914 494 2968 adversa
536 2913 844 2969 valetudine
866 2915 1204 2985 frangeretur
1222 2933 1370 2983 caro,
1401 2933 1468 2972 eo
1496 2918 1672 2973 minus
1694 2920 1862 2974 virtu-

276 3010 381 3056 tem
416 3004 720 3072 spiritalem
759 3005 825 3060 ab
854 3021 920 3061 ea
950 3009 1361 3076 expugnandam
1389 3010 1711 3066 conﬁdebat.
1736 3010 1861 3079 Ejus

1948 1858 2024 1907 ve,
2050 1840 2219 1907 inquit
2238 1848 2262 1874 ³
2286 1880 2300 1902 ,
2325 1856 2525 1893 servum
2556 1849 2601 1892 te
2622 1838 2860 1903 scribere,
2894 1848 2942 1891 et
2975 1840 3244 1909 epistolam
3273 1838 3535 1905 loquacem

1950 1946 2177 1985 excuses
2211 1931 2465 1994 obsecro;
2508 1931 2561 1982 in
2590 1929 2831 1982 dictando
2860 1930 2993 1981 enim
3023 1929 3143 1980 dum
3178 1937 3227 1981 te
3266 1930 3455 1998 cogito,
3487 1937 3536 1980 et

1954 2027 2089 2076 totus
2110 2024 2164 2075 in
2193 2029 2242 2075 te
2269 2038 2400 2078 sum.
2424 2022 2570 2088 quasi
2599 2019 2739 2088 apud
2760 2028 3060 2087 prwseittem
3086 2020 3236 2087 longo
3265 2019 3536 2071 intervallo

1952 2114 2150 2185 loquar,
2186 2111 2465 2166 obliviscor
2498 2112 2795 2179 impositum
2824 2110 2976 2179 ﬁnire
3012 2125 3312 2162 sermonem.
3346 2108 3478 2162 Eum
3507 2118 3536 2156 y

1951 2212 2106 2271 rogat
2131 2210 2187 2255 ut
2209 2215 2402 2270 panem
2423 2214 2581 2267 quem
2612 2200 2779 2251 mittit
2804 2199 3049 2266 accipiat,
3076 2198 3315 2266 itemque
3334 2198 3531 2251 scutel-

1953 2293 2059 2347 lam
2079 2293 2329 2357 buxeam,
2348 2299 2479 2356 etc.,
2498 2298 2631 2344 etut
2653 2290 2719 2343 ad
2742 2291 2912 2359 ipsum
2937 2299 2959 2325 κ
2983 2290 3159 2342 mittat
3180 2290 3362 2342 vinum
3385 2288 3529 2356 quod

1953 2388 2204 2442 Narbone
2232 2386 2405 2441 adhuc
2434 2400 2492 2439 se
2521 2384 2719 2438 habere
2748 2383 3004 2437 credebat
3032 2381 3302 2447 Paulinus,
3341 2397 3442 2436 nec
3468 2382 3534 2434 ti-

1955 2485 2129 2534 meret
2149 2478 2401 2532 damnum
2423 2478 2465 2531 si
2498 2477 2668 2545 ipsum
2700 2474 2901 2528 laceret
2929 2474 3090 2527 etiam
3120 2473 3357 2543 pecunia:
3385 2472 3532 2526 debi-

1957 2576 2151 2623 torem.
2183 2567 2317 2621 Illud
2346 2567 2397 2621 ei
2426 2566 2665 2629 mandat,
2710 2578 2976 2618 summum
3005 2562 3147 2616 illius
3178 2562 3341 2615 animi
3371 2577 3429 2615 se
3452 2563 3538 2630 jus

1958 2660 2155 2714 habere
2180 2655 2477 2723 conﬁdens,
2504 2656 2628 2724 quia
2672 2669 2860 2709 omnes
2888 2654 3055 2723 ipsius
3083 2652 3224 2707 servi
3263 2652 3330 2706 ab
3358 2666 3424 2705 eo
3446 2652 3539 2705 de-

1961 2745 2216 2802 fecerant.
2248 2745 2489 2812 Qualiter
2513 2759 2572 2799 se
2608 2743 2755 2798 Nola:
2782 2742 3008 2797 haberet
3032 2757 3139 2795 non
3167 2742 3352 2803 refert,
3396 2740 3540 2794 unde

1961 2837 2226 2905 conjicere
2251 2850 2534 2907 possumus
2566 2833 2847 2888 Paulinum
2878 2831 3143 2904 superidri
3171 2846 3317 2887 anno
3345 2826 3414 2884 ad
3442 2830 3540 2885 Sc.

1961 2943 2147 2983 verum
2176 2929 2276 2981 hac
2299 2926 2366 2982 de
2388 2941 2447 2980 re
2476 2925 2682 2978 litteras
2702 2924 3001 2992 scripsisse.

2509 3034 2735 3089 CAPUT
2774 3033 2985 3088 XXVII.

277 3096 532 3162 aegritudo
562 3098 577 3145 l
609 3111 925 3167 responsum
962 3099 1028 3152 ad
1068 3100 1325 3154 Severum
1354 3111 1562 3156 morata
1598 3113 1698 3158 est.
1718 3103 1861 3171 Vigi-

1963 3129 2277 3201 Augustinus
2315 3125 2495 3201 scribit
2532 3126 2607 3201 ad
2636 3125 2915 3201 Paulinum
2953 3124 3059 3201 qui
3082 3122 3246 3177 denuo
3274 3124 3353 3176 illi
3389 3124 3539 3177 mittit

279 3185 471 3239 lautius
492 3202 711 3255 quoque
734 3204 916 3243 rursus
937 3189 986 3242 vi
1010 3188 1234 3244 febrium
1257 3190 1537 3246 laboravit.
1561 3194 1674 3247 Non
1697 3208 1861 3261 ωδε-ου

280 3276 407 3327 tavit
434 3276 525 3329 ille
554 3277 970 3332 catechumenus
994 3280 1085 3347 qui
1108 3279 1455 3346 Vigilantium
1481 3284 1855 3337 comitabatur.

282 3365 378 3429 Qui
400 3368 619 3420 necdum
640 3370 805 3422 nostri
824 3372 1053 3439 corporis
1074 3381 1185 3424 erat
1208 3371 1507 3437 membrum,
1535 3373 1701 3441 inquit
1721 3372 1861 3427 Pau-

280 3458 435 3523 linus,
470 3457 497 3495 ι
525 3460 737 3513 vulnera
766 3470 946 3514 nostra
973 3480 1075 3516 non
1109 3466 1291 3528 sensit,
1314 3474 1363 3517 et
1396 3482 1554 3518 sanus
1585 3468 1682 3535 fuit
1708 3465 1860 3537 atque

280 3564 459 3617 expers
488 3548 799 3618 languorum
819 3558 1130 3615 nostrorum,
1155 3552 1395 3621 quianon
1419 3569 1526 3606 sua:
1549 3556 1861 3623 compaginis

279 3639 510 3693 dolerent
535 3657 655 3693 caro
676 3641 842 3693 adhuc
862 3641 1031 3693 aliena
1053 3644 1243 3696 sentire
1264 3660 1367 3696 non
1388 3654 1609 3714 poterat.
1639 3644 1864 3711 Vigilan-

281 3732 383 3785 tius
412 3731 427 3769 ι
457 3740 517 3787 ut
544 3735 705 3803 ccepit
732 3735 1109 3789 convalescere
1145 3739 1390 3805 progredi
1417 3739 1648 3804 volebat,
1680 3755 1863 3794 verum

280 3821 536 3878 Paulinus
561 3841 681 3879 eum
704 3826 927 3879 invitum
950 3828 1190 3892 retinuit,
1220 3832 1426 3897 negatis
1452 3831 1659 3896 litteris,
1690 3833 1864 3888 donec

280 3916 414 3969 satis
457 3916 751 3985 recepisset
792 3918 980 3972 virium
1015 3918 1083 3973 ad
1122 3919 1252 3973 illud
1292 3922 1395 3974 iter
1432 3923 1861 3991 suscipiendum,

282 4004 447 4072 quod,
482 4013 542 4057 nt
569 4005 780 4059 videtur
800 4006 1306 4061 denotare'verbum
1346 4012 1604 4079 progredi,
1626 4010 1865 4080 Vigilan-

283 4096 387 4148 tins
408 4095 634 4163 pedibus
654 4096 992 4152 conﬁciebat.
1016 4097 1253 4153 Tandem
1276 4100 1436 4167 igitur
1456 4101 1649 4155 deditm
1668 4103 1716 4157 ei
1738 4102 1869 4157 Pau-

283 4184 424 4238 linus
454 4200 769 4255 responsum
798 4189 864 4241 ad
906 4188 1185 4256 Severum,
1217 4190 1303 4243 cui
1342 4191 1603 4245 maximas
1629 4191 1696 4246 de
1728 4193 1868 4247 illius

282 4276 511 4329 caritate
530 4277 641 4343 agit
669 4279 886 4346 gratias,
908 4296 1000 4348 pro
1028 4297 1128 4351 qua
1150 4282 1261 4346 tibi,
1294 4281 1466 4349 inquit
1494 4289 1542 4346 η,
1569 4283 1870 4336 retribuetur

283 4382 314 4417 a
343 4364 478 4429 Deo,
503 4384 651 4434 quem
682 4369 734 4420 in
757 4386 835 4421 me
864 4370 1056 4441 diligis,
1080 4389 1138 4427 eo
1165 4371 1372 4427 uberius
1405 4374 1539 4443 quod
1572 4390 1675 4427 non
1708 4373 1868 4428 habeo

282 4458 421 4509 unde
445 4458 726 4510 retribuam
766 4460 875 4513 tibi.

351 4547 408 4600 ὅ.
441 4547 647 4602 Severo
675 4551 858 4605 scribit
886 4550 1140 4607 Paulinus
1178 4564 1204 4590 θ
1240 4570 1299 4609 se
1325 4570 1512 4625 pinnas
1547 4555 1868 4622 debiturum,

279 4654 407 4693 cum
448 4640 689 4695 honores
728 4644 959 4711 accipiat
997 4644 1312 4712 immeritos,
1357 4648 1567 4717 sibique
1608 4664 1674 4703 eo
1704 4650 1873 4719 magis

280 4729 600 4797 exprobrari
642 4738 911 4800 torporem
952 4733 1197 4800 ignaviae.
1240 4735 1447 4790 Deinde
1496 4736 1767 4790 humiliter
1817 4746 1876 4791 et

284 4817 569 4884 ingeniose
614 4817 901 4873 admodum
940 4830 1167 4876 conatur
1196 4834 1219 4872 ι’
1240 4827 1526 4881 ostendere
1554 4827 1744 4895 majori
1772 4828 1873 4881 mi-

284 4907 471 4962 raculo
528 4906 782 4961 Severum
839 4925 959 4965 esse
1006 4926 1346 4983 conversum,
1388 4931 1549 4985 quam
1597 4917 1871 4984 seipsutn:

278 5006 471 5062 postea
491 5006 518 5045 ιι
543 4998 732 5052 transit
756 4997 823 5051 ad
844 4997 1026 5053 Severi
1044 5003 1363 5069 promissum
1385 5005 1451 5058 ad
1464 5020 1524 5059 se
1540 5005 1806 5069 veniendi,
1824 5014 1878 5059 et

282 5099 439 5155 rogat
463 5099 522 5142 ut
541 5091 782 5156 geminas
801 5092 1147 5160 aegritudines
1169 5109 1303 5162 quas
1328 5098 1627 5164 pertulerat
1654 5106 1875 5153 censeat

283 5191 405 5233 esse
422 5181 729 5248 puemissas
751 5184 1094 5250 tentationes,
1115 5185 1311 5253 quibus
1333 5183 1473 5242 Deus
1493 5188 1737 5242 voluerat
1757 5202 1877 5257 pro-

348 5358 858 5430 'Paulin.ep.5g,‘n.
876 5359 928 5430 9.
1007 5359 1035 5400 ι
1057 5361 1216 5430 Ibid.,
1243 5380 1294 5417 η.
1324 5365 1408 5418 15.

285 5427 367 5479 10.
447 5430 474 5463 ιι
504 5427 710 5483 Ibid.n.
740 5428 826 5482 12.
910 5429 924 5467 ί
959 5430 1094 5485 Ibid.

284 5495 335 5548 4.
411 5508 437 5545 ν
467 5496 625 5561 Ibid.,
658 5513 711 5549 η.
752 5497 807 5564 5,
838 5500 870 5551 6
900 5508 953 5552 et
984 5500 1037 5553 7.

286 5580 338 5616 n.
368 5564 453 5618 i9.
544 5576 566 5602 ι
593 5566 749 5629 Ibid.,
780 5584 836 5621 n.
874 5567 962 5625 20.

292 5648 341 5683 tt.
373 5633 428 5684 3.
504 5632 561 5671 δά
591 5635 723 5688 Ibid.

1172 5434 1186 5481 i
1227 5433 1382 5498 Ibid.,
1410 5452 1460 5488 n.
1496 5436 1579 5491 II.

1115 5511 1142 5550 ιι
1170 5502 1323 5566 Ibid.,
1364 5522 1423 5558 n.
1449 5505 1501 5558 8.

1050 5578 1079 5616 γ
1106 5567 1262 5633 Ibid.,
1294 5591 1347 5628 n.
1382 5574 1465 5629 2t.

1659 5436 1679 5473 ι
1711 5436 1845 5490 Ibid.

1581 5516 1601 5541 "
1634 5505 1767 5557 Ibid.

1490 5366 1689 5471 ilbi“:
1711 5365 1859 5471 Μ’·
1926 5362 2139 5471 Γι¹ιξέῗι¹η
2172 5362 2295 5471 "si;

1926 5433 1941 5471 ³
1969 5433 2105 5489 Ibid.
2194 5441 2232 5467 π’

1849 5514 1869 5541 ³
1901 5503 2059 5568 Ibid.,
2086 5518 2139 5555 n.
2174 5501 2261 5554 15.

1558 5585 1577 5611 ι
1610 5574 1764 5638 Ibid.,
1804 5588 1861 5627 n.
1888 5572 1977 5625 22.
2046 5564 2126 5609 ’δι
2162 5571 2295 5640 Cap.
2338 5569 2424 5636 ‘25,
2456 5586 2507 5623 n.
2551 5569 2601 5622 2.
2681 5567 2740 5608 bb
2768 5567 2988 5634 August.
3025 5580 3111 5633 ep.
3142 5564 3230 5615 27.

2201 3199 2420 3251 litteras.
2456 3196 2667 3249 Paulini
2693 3203 2918 3265 potestas
2947 3196 2999 3246 in
3026 3194 3303 3248 dwmones.

2032 3287 2083 3340 I.
2145 3287 2422 3341 Paulinum
2444 3287 2585 3341 circa
2610 3284 2766 3338 linem
2800 3284 3091 3353 superioris
3120 3283 3245 3337 anni
3273 3282 3341 3336 ad
3364 3284 3540 3351 Augu-

1961 3376 2160 3430 stinum
2188 3375 2464 3445 scripsisse
2484 3383 2538 3411 ιο
2563 3372 2962 3427 observavimus
2981 3380 3040 3425 ut
3059 3386 3181 3426 cum
3203 3385 3270 3426 eo
3293 3371 3542 3440 jungeret

1963 3466 2252 3520 amicitiam
2279 3506 2294 3530 ,
2336 3479 2495 3533 quam
2524 3462 2846 3530 Augustinus
2884 3462 3052 3516 cuivis
3092 3461 3246 3515 facile
3274 3461 3539 3515 concede-

1963 3555 2078 3619 bat,
2101 3554 2199 3619 §ed
2216 3569 2333 3608 eam
2361 3552 2593 3607 maxime
2612 3551 2796 3606 debuit
2821 3550 3063 3615 Paulino,
3089 3550 3242 3619 cujus
3260 3550 3544 3605 exstabant

1965 3655 2048 3701 tot
2063 3613 2142 3702 va:
2159 3655 2307 3701 tanta
2336 3646 2389 3700 in
2418 3646 2770 3713 Augustinum
2803 3613 3194 3697 benevolentia:
3223 3653 3540 3710 argumenta

1964 3749 2020 3795 et
2049 3740 2130 3793 sui
2167 3739 2220 3791 in
2248 3735 2521 3791 Christum
2563 3736 2783 3789 amoris.
2814 3734 2880 3787 Et
2925 3734 3139 3802 quidem
3172 3734 3304 3787 nihil
3345 3735 3543 3799 carius,

1966 3831 2097 3884 nihil
2125 3830 2399 3883 ardentius
2438 3826 2716 3893 Augustini
2744 3824 2802 3862 δι’
2833 3824 3022 3877 litteris
3051 3838 3184 3891 quas
3212 3824 3377 3877 hocce
3405 3839 3546 3879 anno

1966 3920 2035 3973 ad
2080 3918 2357 3971 Paulinum
2407 3916 2553 3969 misit
2598 3929 2694 3984 per
2740 3913 3129 3967 Romaniannm
3170 3914 3400 3968 amicum
3444 3914 3547 3969 sibi

1968 4009 2320 4063 carissimum.
2374 4004 2576 4059 Praeter
2619 4020 2683 4059 ea
2711 4018 2829 4073 qua:
2875 4004 2941 4058 de
2986 4003 3078 4058 illo
3106 4018 3265 4073 supra
3292 4003 3544 4067 diximus,

1968 4099 2277 4155 vehementi
2316 4096 2432 4166 ejus
2458 4096 2671 4151 videndi
2699 4096 2967 4150 desiderio
2996 4097 3166 4151 teneri
3211 4112 3269 4150 se
3298 4104 3545 4150 testatur.

1970 4189 2037 4243 Et
2065 4198 2349 4258 postquam
2378 4184 2683 4256 susceptum'
2709 4188 2775 4241 de
2806 4186 3013 4240 Paulini
3041 4186 3393 4241 conversione
3418 4200 3550 4254 gau-

1969 4281 2114 4336 dium
2146 4280 2358 4334 abunde
2387 4277 2594 4345 elTudit,
2626 4280 2835 4332 nescire
2862 4293 2921 4332 se
2947 4278 3138 4332 asserit
3164 4277 3289 4347 quid
3313 4292 3412 4346 pro
3435 4276 3549 4344 ejus

1971 4387 2155 4427 amore
2175 4370 2450 4441 rependat,
2474 4370 2572 4423 nisi
2597 4370 2715 4439 quia
2740 4378 2873 4423 totus
2897 4385 3010 4422 sum
3028 4379 3158 4430 tuus,
3185 4368 3358 4437 inquit
3384 4378 3438 4406 cc
3455 4359 3555 4428 illi,

1898 4485 1949 4545 ι)
1972 4467 2026 4518 in
2047 4481 2107 4519 eo
2131 4463 2276 4534 cujus
2300 4472 2432 4517 totus
2454 4478 2507 4515 es
2529 4469 2601 4513 tu.
2626 4459 2686 4514 Si
2715 4476 2895 4531 parum
2921 4468 3016 4520 est,
3047 4460 3159 4529 plus
3182 4471 3314 4514 certe
3340 4476 3441 4513 non
3464 4459 3551 4511 Ita-

1976 4559 2083 4612 beo.
2120 4556 2192 4610 Tu
2223 4566 2393 4609 autem
2435 4555 2602 4626 fecisti
2636 4563 2694 4606 ut
2720 4570 2823 4606 non
2848 4554 2973 4615 milii
3001 4569 3182 4623 parum
3210 4554 3441 4606 videatur
3464 4552 3550 4620 qui

1975 4663 2057 4700 me
2094 4648 2146 4699 in
2176 4647 2268 4699 illa
2303 4644 2521 4715 epistola
2560 4644 2719 4697 tantis
2759 4641 2997 4695 laudibus
3030 4643 3284 4696 honorare
3312 4641 3552 4710 dignatus

1975 4751 2048 4798 es,
2080 4745 2134 4786 ut
2169 4751 2282 4786 cum
2324 4748 2404 4787 me
2432 4732 2524 4786 tibi
2564 4731 2803 4803 refundo,
2834 4732 2878 4784 si
2904 4747 3086 4801 parum
3115 4731 3209 4783 liae
3239 4729 3328 4783 tibi
3359 4740 3549 4799 putem,

1977 4842 2079 4878 non
2107 4825 2384 4878 credidisse
2405 4826 2699 4877 convincar.
2718 4821 2907 4875 Narrat
2923 4821 3112 4875 deinde
3134 4820 3404 4889 quomodo
3425 4835 3554 4873 ron-

1981 4916 2269 4971 cordarent
2301 4914 2540 4977 Paulini,
2572 4914 2765 4981 quibus
2794 4912 3138 4977 efferebatur,
3182 4912 3469 4980 prmcoiiia,
3501 4918 3553 4963 et

1980 5004 2534 5074 ipsametdelictorum
2555 5017 2774 5056 suorum
2795 5002 3141 5065 conscientia,
3168 5014 3397 5069 pugnam
3421 5000 3556 5054 hanc

1980 5097 2058 5152 sic
2093 5094 2151 5132 άά
2182 5094 2380 5147 dirimit
2407 5110 2418 5144 :
2447 5091 2571 5145 Non
2601 5108 2680 5144 me
2710 5092 2915 5145 credam
2955 5091 3108 5143 talem
3148 5091 3351 5159 qualem
3382 5100 3553 5157 putas,

1980 5189 2221 5261 quoniam
2268 5202 2370 5248 non
2416 5200 2676 5255 agnosco,
2721 5192 2771 5237 et
2818 5183 3025 5237 credam
3066 5198 3145 5236 me
3184 5181 3274 5235 abs
3314 5192 3362 5235 te
3406 5181 3556 5249 diligi

2373 5372 2395 5399 ο
2428 5361 2581 5425 Ibid.,
2612 5376 2668 5414 n.
2702 5358 2787 5412 Il.
2870 5358 2888 5395 τ
2922 5355 3054 5411 Ibid.
3132 5355 3334 5420 81bid.,
3356 5351 3464 5425 n19
3493 5358 3551 5403 et

2194 5441 2232 5467 π’
2261 5431 2415 5492 Ibid.,
2444 5447 2497 5484 η.
2530 5422 2580 5483 I.
2659 5440 2685 5466 ³³
2712 5428 2868 5491 Ibid.,
2903 5444 2956 5479 η.
2982 5425 3018 5479 ‘2
3044 5435 3099 5479 et
3128 5427 3182 5480 3.
3261 5436 3284 5460 ο
3316 5422 3470 5482 Ibid.,
3500 5438 3553 5473 n.

2194 5502 2255 5541 ix,
2347 5499 2543 5541 tlhiiL
2582 5517 2635 5541 n-
2681 5498 2766 5541 MA
2856 5496 3060 5541 “Ibid”
3098 5512 3148 5541 n-
3185 5493 3269 5541 15-
3346 5502 3369 5527 ν
3400 5488 3553 5541 Ibid..

2347 5503 2362 5537 ⁸
2393 5499 2549 5563 Ibid.,
2582 5517 2637 5553 η.
2681 5498 2767 5551 Η.
2856 5496 3060 5558 “Ibid.,
3097 5512 3148 5548 n.
3185 5496 3269 5547 15.
3346 5502 3369 5527 ν
3400 5496 3557 5549 Ibid.,

2347 5569 2424 5620 25.
2456 5586 2507 5620 n.
2551 5569 2601 5620 2.
2681 5567 2740 5608 bb
2768 5567 2988 5620 August.
3025 5580 3111 5620 en.
3142 5564 3230 5615 27.
3313 5571 3368 5598 τε
3401 5557 3557 5620 Ibid.,
