4066 6192
469 255 531 309 Ἠ
1503 253 1558 311 S.
1601 252 1942 311 PAULINUS
1978 253 2295 313 M‘LANUS
2334 257 2723 315 LPISCOPUS.
3674 255 3752 313 79

465 382 712 432 quoniam
740 374 905 421 sentio
932 374 982 421 et
1008 367 1165 438 plane
1189 367 1416 438 percipio
1447 383 1465 420 :
1496 369 1568 421 ita
1592 385 1684 422 nec
1708 370 1762 423 in
1791 386 1873 422 me
1900 376 2055 422 teme-
2081 370 2135 429 Α

468 458 661 523 rarius,
679 475 769 512 nec
788 460 843 512 in
863 468 909 512 te
921 460 1155 530 ingratus
1176 462 1441 514 exstitere.
1467 459 1861 514 Romanianum
1878 470 1902 495 ⁸
1921 459 2058 513 ami-

469 563 592 602 cum
641 563 794 601 suum
844 548 1034 602 harum
1082 549 1382 603 litterarum
1429 550 1748 618 portitorem
1777 549 2062 619 pollicetur

472 638 736 692 facturum
767 636 992 692 Paulino
1023 638 1187 707 ipsius
1212 637 1470 693 librorum
1500 638 1735 708 c0piam,
1772 637 1841 692 de
1866 635 2062 705 quibus

471 744 680 783 summa
706 729 868 782 animi
909 730 1235 785 demissione
1262 730 1526 798 loquitur,
1568 738 1625 783 et
1652 727 1680 767 δ
1708 728 1843 799 petit
1869 728 1915 782 si
1941 742 2062 798 qua:

475 818 700 873 Paulino
725 819 1047 889 displiceant
1071 820 1200 873 velit
1228 820 1536 874 emendare.
1566 818 1728 873 Mittit
1751 818 1968 887 insuper
1995 817 2064 872 ad

475 927 599 966 eum
629 922 651 950 ε
679 927 897 967 carmen
927 910 1149 966 Licentii
1179 912 1268 966 lilii
1294 912 1631 976 Romaniani,
1660 920 1714 965 et
1737 910 1872 980 petit
1898 910 1967 964 ab
1995 924 2063 964 eo

479 1011 537 1055 ut
563 1009 953 1071 praeceptorum
996 1016 1216 1055 suorum
1261 1016 1427 1069 opera
1464 1000 1631 1070 patris
1658 1008 1715 1055 et
1758 996 1851 1052 lilii
1879 1012 2063 1053 curam

478 1094 668 1148 salutis
714 1093 1006 1162 suscipiat,
1057 1100 1112 1146 et
1156 1093 1222 1146 ad
1252 1093 1502 1147 virtutem
1534 1102 1821 1162 utrumque
1849 1106 2066 1161 promo-

477 1196 606 1239 vere
625 1182 857 1238 studeat.
885 1182 949 1236 Et
970 1180 995 1218 ἀ
1021 1182 1189 1247 addit,
1213 1200 1371 1254 neque
1398 1184 1548 1236 velim
1575 1182 1757 1236 credas
1785 1197 1899 1251 qum
1918 1193 2067 1252 pater

479 1276 543 1329 de
570 1293 650 1330 me
680 1278 812 1346 forte
843 1276 1064 1328 laudans
1096 1274 1314 1335 dixerit,
1342 1290 1406 1327 ne
1434 1275 1481 1327 si
1508 1273 1769 1327 meliorem
1796 1288 1951 1343 quam
1980 1287 2065 1325 re-

479 1380 598 1419 vera
626 1366 724 1419 sim
764 1365 969 1434 judices
993 1406 1008 1429 ,
1059 1382 1153 1430 pro
1194 1381 1273 1417 me
1319 1380 1422 1417 non
1469 1380 1585 1417 ores
1612 1372 1860 1434 quantum
1893 1361 2062 1415 velim.

481 1454 815 1525 Responsum
848 1464 871 1490 ο
894 1455 1058 1509 etiam
1087 1470 1242 1509 suum
1272 1454 1337 1507 ad
1371 1453 1592 1508 Licentii
1622 1468 1812 1523 poema
1843 1451 2069 1522 perlerri

480 1548 547 1602 ad
570 1563 695 1602 eum
723 1546 950 1611 curavit,
984 1546 1037 1599 in
1072 1561 1180 1614 quo
1208 1546 1314 1616 5o
1343 1543 1361 1582 ί
1395 1545 1462 1599 de
1502 1543 1724 1599 Paulino
1752 1551 1940 1598 nostro
1969 1542 2070 1596 mi-

480 1636 630 1692 rilice
668 1645 724 1691 et
764 1636 1022 1706 praeclare
1050 1636 1337 1690 admodum
1366 1635 1703 1704 loquebatur.
1736 1633 2018 1687 Paulinum
2042 1642 2068 1681 It

2705 365 2934 423 CAPUT
2974 366 3205 427 XXVIII.

2164 458 2245 513 De
2272 460 2546 528 Augustini
2572 460 2642 510 ad
2669 459 3016 528 episcopatum
3045 456 3370 528 promotione
3401 454 3466 508 ab
3495 456 3611 528 ipso
3637 457 3750 511 Au-

2234 525 2436 598 gustino
2465 530 2653 581 certior
2682 525 2850 598 factus
2882 525 3133 579 Paulinus
3157 542 3305 579 suum
3328 525 3593 594 singulare
3620 544 3752 597 gau-

2235 597 2375 651 dium
2410 597 2737 652 Romaniana
2765 603 3001 650 testatur.

2237 727 2289 780 l.
2322 726 2704 791 Romanianus,
2729 726 2880 795 cujus
2899 740 3063 795 Opera
3092 740 3220 780 usus
3240 725 3415 780 fuerat
3448 726 3465 763 ι
3501 722 3753 795 Augusti-

2165 834 2267 873 nus
2306 816 2372 871 ad
2418 817 2787 887 perferendam
2836 831 2979 871 anno
3027 815 3308 886 superiore
3354 815 3422 871 ad
3471 814 3754 872 Paulinum

2166 909 2485 979 epistolam,
2527 924 2651 963 eum
2698 908 2832 962 adiit
2868 922 2989 963 cum
3036 906 3145 975 jam
3193 906 3458 963 sollicitus
3502 918 3645 964 esset
3686 910 3756 965 de

2165 1008 2476 1055 sanctorum
2499 998 2724 1053 fratrum
2755 996 2984 1052 Romani
3007 1003 3061 1051 et
3090 995 3257 1064 Agilis
3284 997 3482 1053 reditu.
3510 998 3755 1054 Advene-

2167 1100 2338 1146 runt“
2370 1090 2585 1146 tandem
2610 1098 2734 1161 post
2772 1090 3065 1145 discessum
3114 1089 3465 1156 Romaniani,
3498 1101 3555 1146 et
3582 1093 3651 1161 ab
3691 1093 3756 1149 iis

2172 1194 2195 1220 '
2229 1183 2509 1252 Augustini
2540 1182 2651 1252 jam
2678 1182 2939 1252 episcopi,
2971 1182 3309 1252 aliorumque
3335 1183 3758 1240 clarissimorum

2168 1276 2429 1342 virorum,
2453 1274 2653 1329 Aurelii
2685 1274 2893 1329 scilicet
2919 1266 3380 1343 Carthaginensis,
3404 1274 3600 1347 Alypii,
3626 1274 3760 1332 Pro-

2171 1364 2334 1419 futuri
2366 1365 2646 1420 Cirtensis.
2678 1363 2861 1419 Severi
2910 1363 3201 1419 Milevitani
3226 1403 3242 1429 ,
3271 1365 3510 1420 omnium
3554 1368 3761 1437 pariter

2170 1457 2547 1528 episcoporum
2577 1456 2786 1511 litteras
2826 1456 3034 1525 recepit
3063 1453 3343 1523 Paulinus,
3387 1472 3613 1526 quarum
3643 1457 3760 1511 sola

2174 1558 2201 1585 ι
2232 1548 2511 1616 Augustini
2552 1554 2729 1602 exstat
2770 1561 2889 1616 qua:
2919 1546 3111 1600 iterum
3136 1544 3203 1600 de
3233 1544 3476 1601 Licentio
3517 1548 3712 1615 agebat
3742 1563 3759 1601 :

2173 1655 2282 1710 qua
2322 1639 2573 1693 nimirum
2600 1637 2886 1708 posteriori
2918 1636 3126 1692 Paulini
3170 1637 3412 1706 epistola:
3439 1653 3761 1708 responsum

481 1724 698 1780 demum
726 1736 846 1780 orat
873 1734 927 1780 et
955 1726 1206 1780 obsecrat
1231 1733 1290 1779 ut
1318 1725 1362 1779 si
1382 1724 1450 1778 ab
1476 1722 1666 1779 olliciis
1691 1722 2070 1778 ecclesiasticis
2102 1734 2144 1793 Β
2173 1727 2479 1799 expendere
2506 1726 2740 1791 volebat,
2769 1734 2825 1781 et
2864 1733 3115 1792 testatur,
3139 1734 3197 1780 ut
3222 1727 3279 1780 in
3319 1726 3589 1797 prioribus
3615 1738 3644 1776 r
3669 1728 3762 1783 Iit-

482 1818 585 1873 sibi
612 1830 790 1885 vacet,
823 1818 874 1872 in
902 1817 1136 1873 Africam
1166 1832 1335 1885 usque
1378 1816 1507 1871 velit
1534 1831 1858 1881 excurrere,
1889 1826 1950 1869 ut
1985 1815 2069 1869 vi-

484 1909 611 1964 deat
647 1918 904 1977 quantum
934 1923 1122 1962 onmes
1161 1923 1283 1961 eum
1325 1906 1525 1961 sitiant.
1560 1903 1589 1942 ιι
1624 1905 1894 1960 Therasiae
1920 1904 2067 1959 deni-

484 2013 589 2067 que
618 1998 845 2052 salutem
882 1997 1164 2068 plurimam
1200 2004 1468 2067 precatur.
1513 1995 1882 2050 Romanianus
1910 2010 2072 2064 quem

487 2088 720 2158 propriae
750 2088 871 2143 lites
916 2088 968 2142 in
996 2087 1243 2152 Italiam,
1288 2094 1349 2140 ut
1387 2086 1620 2152 videtur,
1670 2092 2071 2156 pertraxerant,

487 2185 769 2252 Augustini
796 2185 1075 2254 epistolam
1107 2190 1216 2236 tam
1247 2183 1356 2236 cito
1403 2180 1627 2237 Paulino
1657 2196 1765 2235 non
1804 2180 2072 2243 reddidit,

485 2282 543 2328 et
580 2273 920 2328 solummodo
958 2272 1208 2340 sequenti
1236 2287 1379 2325 anno
1409 2270 1594 2324 Nolam
1626 2270 1862 2324 advenit.
1903 2267 2075 2335 Quem

494 2361 509 2400 ί
548 2379 771 2433 puerum
800 2361 1052 2416 Paulinus
1082 2362 1133 2415 in
1169 2360 1399 2415 Africam
1428 2376 1570 2415 anno
1606 2359 1886 2430 superiore
1917 2359 2074 2445 miser-

489 2464 593 2518 rat,
627 2455 672 2510 is
699 2455 936 2509 nondum
967 2452 1205 2508 redierat
1236 2470 1249 2506 :
1284 2468 1384 2508 nec
1421 2452 1595 2507 fuerat
1624 2451 1868 2522 profecto
1898 2451 2076 2519 Augu-

488 2546 665 2601 stinus
691 2561 759 2601 ex
787 2546 851 2600 iis
874 2545 987 2614 qui,
1020 2545 1237 2599 ineunte
1264 2551 1473 2609 testate,
1496 2540 1563 2597 ad
1590 2558 1714 2597 eum
1743 2540 2078 2596 invisendum

488 2638 775 2701 miserant;
826 2638 898 2690 ita
930 2644 985 2689 ut
1028 2651 1152 2690 cum
1180 2634 1248 2689 de
1294 2633 1523 2703 epistola
1566 2641 1693 2687 ante
1742 2641 1824 2688 tot
1865 2648 2081 2688 menses

488 2729 786 2798 perscripta
839 2727 970 2781 nihil
999 2727 1211 2781 audiret
1251 2724 1535 2788 Paulinus,
1572 2723 1586 2775 i
1634 2724 1858 2778 alteram
1888 2724 2081 2778 rescri-

489 2819 595 2889 psit
621 2828 905 2888 antequam
933 2825 1241 2887 promotum
1271 2830 1394 2871 eum
1424 2814 1493 2869 ad
1523 2813 1895 2885 episcopatum
1921 2828 2081 2868 acce-

490 2910 697 2980 pisset:
740 2908 885 2978 quod
913 2908 1108 2967 accidit
1145 2907 1245 2962 sub
1291 2907 1449 2961 linem
1491 2906 1618 2960 anni
1656 2903 1780 2970 595,
1811 2920 1934 2960 cum
1975 2903 2082 2975 Au-

489 3003 758 3071 gustinum
789 3002 970 3073 fratris
1019 3000 1237 3056 nomine
1278 2998 1303 3037 ιε
1333 2998 1644 3070 compellet.
1678 2997 1783 3054 Per
1828 2996 1843 3034 ι
1876 2995 2083 3067 Agilem

490 3102 547 3150 et
576 3093 874 3149 Romanum
900 3091 1200 3162 Augustino
1229 3090 1506 3161 rescripsit
1535 3087 1815 3145 Paulinus.

824 3382 855 3398 -
1024 3362 1161 3403 saxo
1184 3362 1392 3403 cumsrt
1416 3346 1539 3403 596.

558 3548 615 3603 2.
639 3548 716 3602 De
744 3545 966 3602 historia
998 3545 1128 3600 nihil
1158 3545 1498 3615 excerpimus
1525 3560 1591 3600 ex
1617 3554 1657 3583 ω
1680 3544 1889 3601 Paulini
1920 3546 2082 3602 tertio

493 3641 548 3697 in
592 3639 802 3696 laudem
850 3637 907 3693 S.
954 3637 1146 3693 Felicis
1188 3638 1435 3692 natalitio
1476 3640 1746 3704 carmine,
1789 3639 1936 3708 quod
1980 3642 2084 3696 hoc

492 3747 637 3787 anno
672 3731 874 3786 editum
913 3730 1252 3784 arbitramur.
1294 3729 1525 3801 Insignia
1555 3731 1839 3787 dumtaxat
1864 3742 1891 3769 ιι
1920 3734 2083 3790 mira—

474 3824 610 3879 .cula
637 3837 755 3891 quae
780 3821 881 3877 hac
906 3820 993 3875 die
1022 3822 1255 3877 maxime
1281 3821 1336 3876 in
1366 3838 1768 3892 energumenos
1792 3827 2084 3896 patraban-

492 3920 599 3977 tur,
638 3919 695 3965 et
737 3922 761 3946 υ
808 3912 992 3980 p0puli
1021 3911 1087 3965 ad
1135 3912 1276 3967 hanc
1325 3913 1721 3969 solemnitatem
1762 3930 2084 3972 concursum

491 4002 713 4071 exponit
738 4003 829 4071 qui
861 4000 919 4055 S.
950 4000 1145 4056 Felicis
1189 4012 1215 4050 P
1245 4003 1508 4056 tumulum
1540 4002 1779 4071 ﬂoribus,
1820 4008 2087 4077 sertisque

492 4100 547 4148 et
573 4093 790 4148 coronis
818 4092 1001 4146 limina
1033 4099 1419 4160 praetexerent,
1448 4101 1503 4146 et
1532 4104 1691 4150 nocte
1715 4096 1911 4165 dieque
1942 4094 2087 4155 circa

492 4182 683 4237 altaria
708 4183 908 4237 micare
938 4181 1137 4235 lumina
1168 4181 1442 4237 describit.
1476 4183 1614 4239 Vota
1644 4196 1672 4236 ς
1701 4185 1895 4244 deinde
1923 4190 1991 4246 ad
2025 4190 2083 4247 S.

2171 1823 2304 1877 teris
2329 1836 2472 1875 anno
2500 1820 2780 1888 superiore
2808 1816 2982 1880 datis,
3028 1817 3145 1886 pari
3178 1825 3199 1851 ι
3232 1832 3291 1872 se
3319 1810 3446 1873 cum
3466 1833 3533 1874 eo
3559 1827 3615 1873 et
3642 1828 3763 1875 stu-

2173 1911 2266 1967 dio
2306 1920 2363 1967 et
2406 1910 2697 1965 dilectione
2722 1908 2929 1963 vinciri.
2958 1906 3181 1975 Sancti,
3230 1908 3317 1963 cui
3362 1910 3763 1980 respondebat,

2174 2013 2231 2043 ιι
2260 2004 2440 2059 verbis
2458 2001 2772 2072 quibusdam
2795 2017 2921 2056 usus
2942 2009 3044 2065 est,
3070 1999 3318 2070 idque-de
3338 2001 3439 2074 51
3470 2002 3727 2057 industria
3746 2002 3762 2068 ';

2174 2110 2329 2157 erant
2355 2101 2498 2157 enim
2540 2099 2639 2169 ipsi
2667 2096 3005 2161 suavissima,
3038 2103 3095 2150 et
3121 2095 3179 2134 δι’
3208 2097 3353 2166 quod
3405 2112 3534 2152 vera
3580 2108 3764 2152 essent

2176 2202 2233 2249 et
2252 2192 2397 2261 quod
2420 2174 2629 2246 Paulini
2651 2197 2851 2245 essent.
2895 2187 2956 2244 Ei
2986 2198 3170 2243 narrat
3202 2200 3255 2227 τε
3286 2189 3560 2259 quomodo
3590 2189 3764 2246 factus

2176 2288 2246 2341 sit
2276 2283 2639 2355 Hipponensis
2666 2283 2953 2352 episcopus
2974 2323 2988 2348 ,
3032 2290 3088 2337 et
3116 2281 3262 2351 quod
3290 2281 3393 2339 hoc
3417 2298 3637 2338 munere
3665 2284 3766 2338 im-

2178 2378 2497 2449 pediebatur
2521 2391 2588 2431 ne
2615 2374 2951 2431 enm'Nolam
2979 2374 3182 2439 adiret;
3208 2376 3388 2444 itaque
3417 2375 3564 2429 illum
3587 2374 3641 2412 «ια
3674 2392 3766 2431 ur-

2179 2477 2269 2538 get
2292 2468 2462 2523 multo
2495 2466 2866 2523 vehementius
2887 2481 3047 2535 quam
3078 2467 3131 2521 in
3162 2468 3430 2537 prioribus
3457 2468 3677 2531 litteris,
3706 2476 3768 2526 ut

2181 2562 2234 2616 in
2266 2561 2493 2615 Africam
2518 2559 2631 2628 iyse
2659 2566 2716 2614 et
2743 2573 2879 2614 uxor
2903 2558 3159 2623 veniant;
3191 2566 3245 2597 οε
3274 2574 3338 2614 ac
3364 2574 3430 2615 eo
3458 2575 3571 2615 rem
3600 2559 3768 2615 addu-

2180 2653 2257 2709 cit
2300 2660 2360 2707 ut
2400 2658 2610 2705 asserat
2635 2649 2857 2704 credere
2896 2663 2955 2705 se
2995 2647 3286 2717 quidquam
3315 2664 3411 2704 eos
3455 2666 3560 2705 non
3590 2650 3768 2705 minus

2182 2745 2293 2799 Deo
2322 2750 2603 2812 acceptum
2650 2748 2869 2796 acturos
2894 2739 2940 2793 si
2983 2739 3187 2794 infusas
3210 2738 3312 2793 sibi
3351 2740 3579 2795 virtutes
3607 2748 3765 2794 tanto

2182 2837 2364 2894 studio
2395 2846 2553 2890 notas
2594 2834 2842 2889 omnibus
2873 2832 3107 2897 faciant,
3139 2840 3339 2901 quanto
3380 2832 3564 2887 labore
3588 2841 3644 2886 et
3682 2847 3772 2886 ar-

2184 2927 2318 2982 dore
2346 2925 2526 2995 adepti
2571 2924 2790 2979 fuerant
2824 2941 2836 2976 :
2870 2922 3011 2977 unde
3037 2922 3212 2991 quivis
3241 2922 3396 2978 facile
3432 2922 3770 2993 perspexerit

2186 3017 2389 3087 optime
2418 3023 2601 3069 notam
2631 3014 2935 3082 Augustino
2980 3013 3142 3071 fuisse
3182 3013 3385 3068 Paulini
3414 3023 3471 3068 et
3498 3013 3771 3069 Therasim

2106 3096 2152 3159 C
2185 3106 2526 3164 modestiam.
2559 3105 2751 3161 Iisdem
2801 3105 3014 3161 videtur
3042 3105 3318 3176 principiis
3345 3106 3591 3162 insistere
3634 3105 3770 3161 Grc-

2180 3198 2362 3267 gorius
2391 3197 2462 3252 Μ.
2490 3213 2609 3253 cum
2638 3196 2769 3252 dicit
2817 3196 2867 3234 Η
2892 3215 2905 3250 :
2941 3195 3182 3269 Quisquis
3212 3198 3382 3253 laudis
3404 3201 3769 3269 concupiscen-

2182 3290 2307 3343 tiam
2334 3278 2539 3341 calcare
2570 3287 2685 3357 jam
2711 3288 2923 3358 wﬂicit,
2964 3288 3330 3357 ludiﬁcationis
3372 3289 3610 3359 fraudem
3638 3306 3760 3359 per-

2182 3388 2371 3451 petrat,
2400 3379 2446 3433 si
2485 3376 2619 3431 bona
2641 3393 2755 3448 qua:
2783 3377 2890 3447 agit
2922 3377 3167 3443 occultat,
3190 3386 3239 3430 et
3265 3379 3412 3449 quasi
3447 3379 3646 3448 jactato
3684 3394 3771 3434 se-

2182 3473 2359 3535 mine,
2406 3469 2730 3542 germinandi
2781 3470 2982 3522 radices
3012 3468 3283 3534 subtrahit,
3330 3472 3416 3542 qui
3463 3488 3590 3541 opus
3634 3473 3773 3543 quod

2182 3562 2493 3616 imitandum
2522 3571 2599 3615 est
2621 3601 2636 3625 ,
2681 3577 2783 3614 non
2825 3560 3069 3614 osten'dit.
3114 3560 3365 3631 Idemque
3391 3579 3513 3621 cum
3543 3563 3644 3619 sibi
3674 3564 3774 3619 ob-

2180 3651 2405 3721 iecisset
2443 3650 2588 3720 quod
2628 3650 2850 3704 tradidit
2875 3648 3120 3705 Christus
3144 3651 3451 3707 mandatum
3479 3653 3548 3708 de
3586 3653 3772 3710 occul-

2184 3743 2361 3797 tandis
2388 3742 2545 3796 bonis
2569 3742 2843 3810 operibus,
2871 3740 3160 3811 respondet
3186 3751 3243 3789 εκ
3292 3760 3305 3795 :
3345 3741 3448 3807 Qui
3489 3745 3543 3797 in
3568 3745 3773 3816 publica

2189 3832 2319 3887 bono
2341 3847 2495 3901 opere
2522 3848 2623 3885 non
2646 3847 2813 3893 suam,
2837 3832 2931 3885 sed
2957 3833 3166 3901 superni
3196 3830 3373 3886 Patris
3401 3834 3619 3904 gloriam
3640 3851 3775 3907 quie-

2187 3930 2277 3994 rit,
2306 3927 2443 3999 quod
2470 3928 2618 3996 facit,
2647 3924 2936 3991 abscondit,
2968 3926 3090 3998 quia
3118 3926 3283 3981 solum
3309 3926 3453 3980 illum
3474 3935 3652 3983 testem
3674 3928 3775 3982 Ita-8

2189 4016 2297 4070 buit
2324 4016 2408 4069 cui
2436 4016 2638 4086 placere
2665 4017 2881 4069 curavit.

2265 4106 2318 4161 2.
2346 4106 2674 4176 Augustinus
2701 4103 2761 4143 δι·
2784 4108 2836 4161 in
2864 4106 3092 4176 epistola
3114 4121 3209 4160 sua
3239 4105 3464 4162 Paulino
3500 4122 3779 4163 commen-

2200 4198 2295 4254 dat
2336 4198 2621 4269 quemdam
2664 4198 2884 4253 nomine
2928 4196 3270 4253 Vetustinum
3311 4196 3500 4252 Nolam
3544 4198 3771 4268 profici-

494 4274 726 4329 Felicem
768 4272 979 4338 fundit,
1023 4281 1079 4327 et
1106 4282 1359 4342 precatur
1390 4284 1451 4329 ut
1490 4275 1651 4345 longo
1684 4293 1801 4335 arvo
1830 4296 1984 4336 suum
2014 4284 2090 4339 illi
2191 4289 2436 4347 seente‘m
2486 4289 2572 4343 vel
2593 4296 2653 4343 ut
2676 4288 2786 4342 Deo
2815 4302 2938 4342 cum
2968 4286 3060 4341 illo
3091 4286 3367 4349 militaret,
3395 4287 3480 4341 vel
3510 4297 3567 4341 ut
3594 4286 3652 4342 S.
3685 4287 3779 4342 Fe—

494 4364 775 4435 impendat
802 4364 1082 4419 servitium
1102 4403 1117 4428 ,
1150 4374 1205 4419 et
1233 4363 1301 4418 ad
1331 4364 1450 4434 ejus
1481 4369 1743 4423 tumulum
1785 4371 1949 4427 vitam
1991 4374 2091 4428 ab-

2192 4382 2309 4437 licis
2362 4381 2612 4452 precibus
2657 4395 2689 4435 e
2733 4378 3051 4449 quibusdam
3110 4381 3410 4450 eriperetur
3455 4380 3608 4435 malis
3659 4396 3781 4452 qua!

493 4456 700 4522 801V“;
731 4455 1075 4525 animamque
1114 4453 1264 4511 Fel“
1291 4457 1358 4511 ad
1392 4455 1666 4513 Chrisulm
1715 4470 1945 4529 Ρίιιθηιο
1983 4480 2082 4519 "e—
2111 4458 2162 4519 Ῑ)
2186 4474 2454 4546 lacrymas
2490 4474 2667 4544 impiis
2700 4472 3084 4538 excussissem,
3112 4478 3339 4542 quaeque
3379 4471 3580 4528 inﬂicta
3605 4488 3635 4527 a
3667 4473 3781 4531 Deo

494 4558 646 4604 ctare
672 4546 879 4614 gremio
910 4561 1016 4601 non
1044 4554 1253 4611 renuat,
1281 4556 1341 4601 ut
1372 4548 1579 4604 meritis
1605 4550 1724 4619 ejus
1747 4560 1803 4606 et
1831 4554 2081 4622 precibus

494 4636 710 4692 tandem
755 4636 986 4692 laudatis
1016 4638 1166 4705 agnis
1206 4640 1482 4707 aggregari
1509 4650 1799 4698 mereatur.
1831 4645 1911 4699 Ad
1936 4645 2079 4701 Pau-

492 4732 659 4788 linum
686 4733 1005 4802 pertinuisse
1040 4742 1060 4769 τ
1094 4732 1335 4787 nonnulli
1375 4734 1685 4789 existimant
1726 4739 1893 4793 multa
1923 4757 1991 4795 ex
2021 4742 2087 4796 iis

492 4839 613 4893 qua:
641 4824 707 4877 ad
750 4823 807 4877 S.
840 4822 1037 4879 Felicis
1076 4823 1381 4893 sepulcrum
1410 4834 1562 4893 gesta
1610 4836 1736 4881 sunt
1780 4830 2039 4886 miracula
2070 4853 2085 4902 ;

501 4922 524 4950 ⁸
565 4914 875 4968 Gennadius
921 4915 1065 4970 enim
1123 4913 1358 4969 affirmat
1424 4916 1700 4976 Paulinum
1748 4940 1854 4979 non
1903 4928 2078 4982 solum

492 5004 799 5059 eruditione
827 5012 883 5058 et
911 5004 1197 5059 sanctitate
1224 5005 1372 5074 vim,
1411 5008 1507 5064 sed
1535 5019 1590 5066 et
1617 5016 1857 5083 potentia
1888 5018 2081 5076 adver-

492 5107 610 5148 sum
638 5092 910 5148 dmmones
937 5093 1215 5149 claruisse.

565 5227 755 5320 ’ἑνέ
767 5242 855 5320 ei}
883 5226 970 5320 εἶ’
1008 5226 1186 5320 1³11⁸-
1215 5226 1244 5267 ’³
1263 5228 1393 5320 ἔξὶξδ·
1428 5239 1561 5320 εἰη
1594 5231 1684 5320 ἕο..
1710 5235 2011 5320 imm-2."-
2044 5240 2076 5320 β

2177 5240 2377 5320 ‘_I_bid.,
2410 5260 2469 5320 η.
2495 5241 2547 5296 ι.
2601 5252 2651 5320 ιθ
2679 5240 2815 5320 Aug:
2836 5255 2926 5320 _e_p.
2952 5238 3121 5320 26,-_e.t

2046 5310 2077 5382 ίί
2095 5311 2303 5382 Paulin.
2326 5328 2412 5382 ep.
2438 5313 2572 5382 6,7n.
2594 5310 2645 5369 I,
2719 5312 2740 5382 ri
2765 5310 2905 5382 ibid.

1931 5379 2140 5443 °Ibid.,
2165 5398 2216 5435 v.
2245 5381 2332 5434 Η.
2361 5376 2375 5382 ⁷
2413 5393 2437 5430 ιν
2467 5380 2595 5435 Ibid.
2626 5397 2681 5434 v.
2712 5380 2781 5432 98
2818 5388 2873 5434 et
2900 5394 3050 5448 seqq.
3126 5387 3155 5426 τι
3187 5376 3404 5448 [ὴίᾶτίν.
3432 5377 3605 5448 “(iet
3622 5394 3782 5448 seqq.

1500 5395 1592 5476 .10
1618 5395 1675 5427 Cl
1702 5395 1851 5445 seqq.
1931 5395 2140 5443 "1011].,
2165 5398 2216 5435 ν.
2245 5395 2332 5434 41.
2413 5395 2437 5430 P
2467 5395 2595 5435 ιηια.
2626 5397 2681 5434 ν.
2712 5395 2781 5432 ξοδ
2818 5395 2873 5434 et
2900 5395 3050 5502 seqq;
3126 5395 3155 5426 Ἰ
3187 5395 3404 5460 ιηιακγ.
3432 5395 3605 5431 ιιυει
3622 5395 3759 5501 seqq

1500 5442 1787 5588 22:."
1826 5446 2234 5588 ξρίιξί,
2257 5453 2309 5574 nt.
2339 5448 3017 5581 ῗιὲίῗ’9ῗρίῗῖἰ)ίῗι’..⁴ηῗὲι
3043 5488 3058 5503 ’
3086 5445 3759 5588 bs":§£i‘j'_'”ée°ll;u§’.f,ll;.

492 5297 779 5419 l(:1pi)2(3,.n.
806 5295 856 5349 5.
936 5305 960 5342 8
1002 5296 1135 5365 Aug.
1158 5312 1244 5367 ep.
1269 5298 1356 5380 2],
1385 5316 1438 5354 n.
1465 5301 1518 5355 6.
1597 5301 1620 5339 δ
1648 5303 1808 5371 lbid.,
1831 5324 1883 5362 η.
1908 5295 1961 5363 ἓ.

608 5367 770 5420 aulm.
803 5380 970 5419 carm.
1002 5365 1088 5419 Η.
1189 5368 1397 5420 ιιιιηά..
1431 5386 1481 5420 v.
1522 5370 1592 5420 23
1618 5382 1675 5420 et
1702 5391 1850 5420 smn-
1931 5390 1955 5414 υ

496 5378 534 5406 ιη
566 5369 770 5447 Paulin.
803 5380 970 5445 carm.
1002 5369 1088 5419 Η.
1189 5369 1397 5431 l'Ibid.,
1431 5386 1481 5424 v.
1522 5370 1592 5425 25
1618 5382 1675 5427 et
1702 5369 1851 5445 seqq.

496 5448 520 5477 π
547 5435 796 5491 δοίειιιη.
827 5435 932 5488 Vit.
966 5434 1172 5505 Paulin.
1202 5452 1256 5505 p.
1298 5438 1419 5493 750.
1500 5450 1521 5476 ⁸
1544 5442 1787 5499 Gennad.
1826 5447 1851 5500 (

748 5513 772 5540 ι
789 5505 923 5583 Aug.
943 5518 1029 5583 ep.
1049 5504 1281 5583 3_l_,.n.7.
1358 5519 1387 5583 ξς
1403 5509 1535 5583 Aug.
1551 5528 1636 5583 ep.
1668 5514 1754 5567 Ξῖ.

2188 4566 2413 4620 verbera
2442 4564 2780 4618 videbantur.
2798 4561 2932 4616 Tres
2968 4560 3013 4597 εί
3047 4560 3113 4615 ad
3143 4575 3267 4616 eum
3298 4561 3462 4616 libros
3482 4561 3550 4616 de
3580 4561 3780 4619 Libero

2192 4660 2427 4715 Arbitrio
2446 4648 2672 4730 pe'rl‘erri
2690 4657 2869 4726 jussit,
2904 4670 3110 4710 necnon
3130 4653 3174 4703 ii
3204 4668 3418 4723 panem,
3442 4660 3499 4705 ut
3521 4652 3780 4719 coniicio,

2187 4752 2299 4821 jam
2327 4750 2666 4805 benedictum
2706 4747 2934 4818 (uberior
2962 4745 3249 4800 benedictio
3278 4745 3369 4813 ﬁet
3393 4744 3668 4797 dilectione
3694 4760 3784 4796 ac-

2194 4843 2429 4912 cipientis
2449 4851 2629 4896 vestra:
2649 4839 3024 4911 benignitatis).
3054 4836 3199 4906 Opus
3220 4834 3273 4873 ιι
3306 4835 3599 4889 beatissimi
3632 4850 3784 4905 papa

2201 4932 2466 4988 Ambrosii
2496 4940 2684 4987 contra
2714 4928 3066 5000 philosophos
3103 4925 3409 4981 desiderare
3448 4940 3507 4979 se
3547 4926 3785 4979 testaba-

2185 5032 2275 5078 tur
2324 5022 2683 5091 Augustinus,
2734 5035 2855 5076 cum
2898 5018 3122 5073 minime
3160 5015 3430 5070 dubitaret
3463 5015 3591 5084 quin
3635 5016 3774 5070 tanti

2187 5112 2286 5167 viri
2316 5112 2512 5182 scripta
2538 5110 2720 5167 omnia
2761 5110 2991 5165 haberet
3021 5103 3295 5162 Paulinus.
3327 5104 3472 5160 Citat
3517 5106 3785 5178 frequen-

3144 5252 3231 5307 ep.
3260 5237 3349 5301 27,
3376 5254 3431 5293 n.
3456 5237 3509 5292 6.
3590 5236 3780 5300 fAnu.

2985 5311 3009 5347 κ
3032 5306 3191 5367 Ibid.,
3218 5323 3269 5361 η.
3292 5307 3347 5360 2.
3432 5307 3444 5345 ¹
3474 5308 3630 5373 lbid.,
3652 5326 3705 5364 n.
3727 5310 3785 5366 3.

3134 5445 3402 5514 {Paulin.
3434 5463 3521 5514 ep.
3557 5446 3609 5511 7,
3640 5445 3784 5505 ml.

2611 5530 2667 5558 ι·
2686 5512 2843 5581 lbid..
2874 5533 2931 5572 n.
2956 5519 3017 5574 3.”
3086 5514 3145 5555 δι’
3171 5512 3302 5572 Ibid.
3385 5528 3441 5556 οε
3459 5512 3626 5583 Ibid.,
3645 5532 3700 5571 n.
3724 5519 3785 5575 4.

490 5573 740 5659 (ξιξ-ψῦξι,
783 5573 921 5659 η.η4.
974 5573 1240 5659 ἀκμῇ-δη
1271 5577 1463 5659 11λῦοι
1487 5573 1539 5637 6.
1585 5573 1668 5624 ἠ
1712 5583 1873 5656 Greg.
1908 5573 1990 5640 ΜΓ
2008 5573 2076 5643 Pa

2177 5573 2275 5646 r.'l.
2301 5573 2375 5657 in,
2405 5604 2453 5645 c.
2488 5589 2575 5645 56.
2656 5573 2879 5646 sslbid.
2904 5588 2963 5630 ιιι
2991 5588 3128 5658 Aug.
3154 5601 3244 5659 ep.
3272 5585 3361 5656 5i,
3393 5602 3452 5645 n.
3475 5586 3527 5643 7.
3561 5573 3624 5627 ίί’
3639 5573 3785 5647 Ibid.

495 5646 545 5697 tl
568 5640 733 5709 ιωα..
756 5659 811 5700 n.
842 5640 898 5703 9.
974 5640 1028 5684 ιι
1058 5640 1279 5712 ιὺίἁιίιι
1310 5646 1362 5701 8.
