4020 6186
282 293 356 351 75
826 307 828 309 ’
1663 306 1859 363 PROLI

1959 312 2114 369 ’ΜΕΝ
2128 316 2189 370 A.
3473 335 3539 389 74

286 420 371 464 ter
401 411 502 464 hoc
529 424 663 479 opus
705 410 1036 479 Augustinus
1063 415 1113 466 in
1138 414 1352 483 scriptis
1385 420 1764 486 sequentibus,
1805 423 1861 476 in
1890 435 1933 485 Α
1965 428 2156 482 librum
2181 446 2332 484 suum
2364 447 2462 501 pro
2501 433 2820 501 Theodosio,
2853 447 2909 494 et
2929 451 2955 491 ς
2982 443 3119 512 apud
3148 446 3391 502 eumdem
3421 449 3532 518 plu-

285 517 352 555 eo
383 503 544 554 etiam
575 501 710 554 libro
739 511 762 536 ο
781 503 870 570 qui
894 503 959 556 de
981 504 1232 558 Doctrina
1252 505 1551 561 Christiana
1577 510 1866 580 inscriptus
1967 519 2160 572 rimum
2181 524 2588 578 commendabat
2609 526 2945 595 Vigilantium
2965 501 3053 599 qui
3085 534 3284 589 idcirco
3308 501 3328 573 ἔ
3353 553 3382 591 a
3413 501 3536 594 divo

283 601 392 656 est,
416 607 572 660 quem
597 593 735 647 forte
763 602 886 662 post
906 593 1040 649 duos
1066 604 1158 649 aut
1182 604 1292 651 tres
1314 613 1484 652 annos
1509 602 1824 671 conscripsit
1847 621 1862 656 :

285 684 432 750 quod
462 699 598 752 opus
627 699 655 735 a
687 685 915 740 Paulino
943 687 1219 754 excepisse
1248 688 1598 756 Augustinum
1635 708 1763 748 vero
1791 696 1865 749 si-

286 774 413 827 mile
441 783 542 828 est.
591 774 727 828 Dicit
756 783 1017 844 pneterea
1058 775 1084 814 δ
1116 777 1440 845 Augustinus
1480 796 1538 834 se
1579 783 1808 839 audiisse
1836 799 1866 837 a

285 863 558 927 fratribus,
593 864 749 930 Agili,
783 872 839 917 ut
862 865 1089 931 videtur,
1114 874 1169 920 et
1195 867 1457 934 Romano,
1488 879 1674 925 contra
1700 887 1866 942 paga-

287 968 388 1005 nos
415 953 652 1006 scribere
693 952 974 1007 Paulinum
1009 973 1020 1006 :
1055 964 1175 1008 orat
1204 956 1361 1024 igitur
1388 972 1510 1011 eum
1538 975 1605 1012 ne
1631 961 1731 1014 sibi
1766 963 1866 1015 du-

286 1041 423 1095 bitet
466 1043 681 1096 mittere
703 1056 822 1111 quae
851 1045 1170 1112 scripserat:
1202 1044 1343 1099 Nam
1382 1061 1554 1117 pectus
1583 1060 1742 1115 tuum,
1783 1053 1865 1105 in-

287 1134 426 1200 quit,
461 1135 619 1198 ¢_tale
654 1133 863 1187 Domini
888 1135 1148 1188 oraculum
1176 1146 1268 1198 est,
1296 1148 1351 1189 ut
1370 1156 1428 1191 eo
1458 1139 1601 1193 nobis
1632 1150 1734 1193 tam
1753 1144 1868 1210 pla-

289 1225 392 1274 cita
428 1231 481 1275 et
522 1225 767 1277 adversus
809 1225 1196 1294 loquacissimus
1241 1231 1546 1297 quaestiones
1575 1231 1867 1298 explicatis-

287 1316 417 1366 sima
443 1314 561 1367 dari
599 1332 844 1383 responsa
873 1333 1262 1384 prwsmnmnus.
1336 1318 1488 1372 Haud
1518 1321 1628 1374 scio
1669 1337 1735 1374 an
1752 1321 1868 1375 ‘hoc

286 1418 420 1471 opus
447 1403 735 1456 Theodosii
777 1406 1134 1472 panegyricon
1168 1404 1345 1460 luerit.
1389 1408 1522 1461 Cum
1550 1411 1692 1462 enim
1737 1411 1868 1464 refe-

286 1499 370 1544 rat
393 1490 418 1528 ά
442 1491 800 1562 Hieronymus
835 1491 1112 1548 Paulinum
1143 1494 1363 1562 hujusce
1395 1497 1651 1567 principis
1680 1501 1866 1568 apolo-

284 1581 423 1648 giam
455 1581 757 1650 scripsisse,
791 1583 969 1649 ibique
996 1582 1062 1636 de
1106 1583 1222 1651 ejus
1257 1585 1460 1653 legibus
1491 1595 1737 1651 tractare,
1769 1605 1865 1657 po-

285 1678 425 1723 terat
465 1670 555 1725 hic
587 1672 723 1726 tueri
755 1673 897 1741 leges
937 1674 1195 1743 imprimis
1232 1684 1418 1730 contra
1467 1693 1703 1746 paganos
1740 1695 1861 1734 san-

1969 605 2297 678 Hieronymo
2339 611 2632 668 honoriﬁce
2675 631 2738 669 ac
2767 629 3104 685 peramanter
3145 635 3401 693 exceptus
3429 638 3529 682 est.

1966 693 2101 748 Cum
2129 713 2258 752 vero
2294 699 2672 772 Hieronymum
2703 707 2841 761 inter
2879 717 2934 762 et
2956 709 3252 768 Johannem
3284 715 3524 772 Hieroso-

1969 785 2280 854 lymitanum
2309 790 2680 863 Rulﬁnumque
2707 809 2894 853 exorta
2919 811 3060 857 esset
3082 807 3312 860 maxima
3335 807 3538 863 dissen-

1968 874 2082 936 sio,
2119 883 2140 910 ⁸
2183 877 2235 930 in
2279 879 2431 932 istam
2463 882 2632 934 rixam
2677 893 2731 938 et
2758 891 3178 946 controversiam
3207 895 3350 948 venit
3388 894 3533 964 Vigi-

1968 964 2183 1030 lantius,
2215 976 2269 1021 et
2296 969 2548 1025 adversus
2576 972 2953 1046 Hieronymum
2991 981 3197 1036 locutus
3223 991 3304 1037 est
3335 1002 3348 1036 :
3378 987 3446 1040 ab
3465 1001 3546 1040 eo.

1969 1059 2147 1106 tamen
2177 1058 2400 1124 supplex
2431 1062 2639 1113 veniam
2665 1066 2835 1130 petiit,
2863 1068 3003 1134 apud
3036 1084 3155 1122 eum
3187 1072 3388 1127 invenit
3413 1088 3532 1142 gra-

1969 1143 2116 1208 tiam,
2141 1145 2332 1201 deinde
2360 1164 2426 1202 ex
2451 1148 2726 1207 Palaestina
2749 1155 3038 1211 discessum
3066 1163 3370 1229 maturavit,
3395 1173 3452 1219 et
3478 1167 3534 1220 in

1968 1231 2165 1289 Gallias
2192 1250 2438 1293 reversus
2473 1243 2488 1274 ¹
2531 1242 2720 1297 librum
2750 1247 2912 1300 edidit
2941 1258 3126 1304 contra
3155 1252 3532 1326 Hieronymum

1967 1323 2058 1390 qui
2103 1327 2428 1393 respondere
2457 1340 2674 1385 coactus
2703 1343 2801 1387 est.
2839 1335 3130 1392 Insurrexit
3157 1343 3318 1396 etiam
3349 1323 3532 1414 postea

1970 1412 2281 1481 Vigilantius
2319 1417 2570 1475 adversus
2617 1421 2737 1478 ﬁdei
2766 1427 3041 1482 catholicze
3079 1412 3410 1498 doctrinam,
3453 1437 3530 1490 di-

1965 1519 2255 1574 versosque
2295 1507 2657 1565 disseminavit
2684 1529 2895 1569 errores
2929 1519 3124 1585 quibus
3159 1521 3530 1578 hmreticorum

1965 1592 2148 1648 Gallize
2177 1598 2429 1666 principis
2455 1615 2652 1656 nomen
2682 1607 2872 1660 merito
2906 1609 3155 1664 obtinuit.
3185 1610 3263 1665 En
3302 1613 3531 1668 miserri-

1966 1698 2111 1736 mum
2149 1684 2381 1740 hominis
2409 1696 2604 1744 statum
2647 1695 2738 1761 qui
2765 1695 2946 1752 divino
2975 1699 3234 1756 beneﬁcio
3258 1741 3273 1766 ,
3313 1717 3421 1771 quo
3451 1711 3530 1759 tet

287 1762 424 1815 citas
449 1802 466 1827 ,
507 1776 706 1830 easque
731 1763 799 1817 ab
828 1763 1019 1832 injuria
1049 1764 1340 1831 vindicare,
1375 1769 1746 1836 respondendo
1774 1771 1866 1825 ob-
1893 1777 1940 1838 B
1966 1774 2162 1828 sanctis
2191 1776 2505 1844 conjunctus
2543 1789 2690 1848 erat,
2742 1783 2808 1837 ad
2846 1786 3070 1841 salutem
3101 1805 3209 1843 non
3250 1762 3375 1846 usus
3401 1801 3483 1847 est
3513 1811 3526 1845 :

282 1849 608 1917 jeetionibus
627 1851 693 1905 ab
714 1852 942 1907 ethnicis
960 1862 1145 1908 contra
1174 1855 1484 1924 religionem
1503 1857 1859 1914 Christianam

286 1941 482 1995 allatis.

349 2030 404 2083 5.
436 2030 597 2096 Quod
629 2042 652 2069 ο
683 2033 1008 2101 Augustinus
1035 2043 1401 2105 episcopatum
1436 2039 1776 2108 suscepisset,
1807 2048 1862 2094 et

284 2119 420 2174 hanc
468 2121 566 2175 Dei
613 2136 797 2175 curam
844 2124 1159 2178 meruissent
1204 2125 1465 2180 Africana:
1501 2125 1754 2182 Ecclesia:
1803 2137 1862 2183 ut

285 2210 442 2263 verba
474 2211 717 2265 ccelestia
747 2227 813 2266 ex
842 2213 958 2281 ejus
985 2228 1078 2268 ore
1107 2215 1466 2284 perciperent,
1493 2215 1544 2270 id
1566 2217 1857 2272 maximum

283 2297 506 2354 Paulino
541 2303 793 2369 gaudium
833 2305 1078 2358 contulit.
1124 2305 1316 2360 Statim
1370 2305 1389 2344 ί
1421 2316 1542 2376 post
1577 2308 1712 2362 duos
1745 2308 1859 2364 dies

282 2392 564 2458 singularis
594 2392 789 2448 laetitiae
818 2410 1034 2450 causam
1065 2397 1397 2452 Romaniano
1424 2415 1521 2468 per
1547 2400 1754 2456 litteras
1777 2402 1858 2456 in-

284 2482 474 2536 timare
504 2485 832 2553 praperavit.
873 2495 898 2532 8
944 2485 1116 2542 Panes
1141 2488 1374 2556 quinque
1404 2488 1502 2558 ipsi
1532 2497 1587 2544 et
1615 2490 1725 2546 ﬁlio
1766 2490 1857 2546 Li-

282 2571 462 2625 centio
494 2572 641 2626 misit
668 2571 696 2609 h
736 2574 805 2628 ad
829 2590 988 2643 quem
1016 2575 1206 2630 eodem
1235 2584 1476 2646 tempore
1497 2618 1512 2644 ,
1557 2586 1612 2633 et
1639 2580 1775 2634 forte
1804 2580 1858 2635 in

284 2663 476 2717 eadem
505 2664 692 2719 charta
720 2667 806 2720 vel
836 2667 1024 2722 saltem
1053 2667 1106 2722 in
1134 2667 1324 2723 eodem
1352 2669 1622 2735 lasciculo,
1667 2671 1859 2725 rescri-

281 2753 388 2819 psit
417 2753 596 2806 soluta
624 2761 680 2808 et
709 2757 896 2810 stricta
925 2757 1202 2822 oratione,
1232 2771 1340 2824 quo
1374 2758 1603 2827 impulsu
1636 2757 1652 2796 ί
1687 2759 1861 2827 Augu-

278 2841 406 2896 stini
454 2858 487 2896 a
526 2844 697 2898 seculi
738 2846 1097 2914 vanitatibus,
1127 2846 1347 2914 hujusce
1382 2846 1592 2915 juvenis
1623 2848 1857 2903 animum

281 2930 575 2987 abduceret
598 2971 614 3000 ,
656 2948 891 3004 eumque
920 2936 1228 2991 hortaretur
1251 2944 1310 2991 ut
1345 2937 1504 2993 saluti
1530 2953 1640 2994 sua:
1678 2940 1859 3009 provi-

277 3015 450 3074 deret.

847 3134 1072 3191 CAPUT
1110 3133 1297 3190 XXIX.

287 3224 389 3278 Per
440 3225 780 3297 Vigilantiam
807 3266 821 3292 ,
877 3227 962 3297 qui
1002 3228 1134 3280 male
1162 3243 1282 3297 rem
1331 3229 1486 3297 gerit,
1541 3225 1858 3295 Hieronymo

349 3295 555 3415 εει-ἰὺῇ
569 3295 844 3349 Paulinus.
889 3295 1104 3350 Summa
1148 3295 1435 3350 humilitate
1462 3311 1627 3350 sacra:
1654 3297 1860 3350 lectioni

350 3366 494 3416 incus
561 3366 618 3417 it.

351 3503 464 3573 52
497 3501 547 3556 1.
581 3501 809 3556 Dubium
847 3519 955 3557 non
983 3512 1065 3558 est
1091 3503 1217 3572 quin
1245 3503 1476 3559 Severus
1523 3511 1578 3558 et
1607 3502 1860 3557 Paulinus

281 3595 385 3649 hoc
425 3610 572 3650 anno
608 3595 708 3650 sibi
755 3596 980 3650 invicem
1011 3596 1216 3651 litteras
1253 3596 1498 3651 dederint
1530 3613 1543 3648 :
1575 3610 1695 3664 qua:
1727 3594 1862 3650 desi-

278 3685 562 3738 derantur.
607 3684 876 3749 Quantum
905 3700 972 3738 ex
1005 3687 1018 3734 ἱ
1074 3685 1191 3739 aliis
1218 3685 1458 3754 epistolis
1486 3684 1698 3752 assequi
1736 3697 1860 3753 pos-

278 3793 505 3841 sumus,
557 3775 891 3844 signiﬁcabat
929 3775 1158 3829 Severus
1197 3790 1415 3844 sperare
1452 3790 1511 3829 se
1557 3790 1662 3830 non
1703 3789 1860 3844 posse

278 3865 394 3920 fore
419 3877 481 3919 ut
504 3865 696 3920 Nolam
727 3865 1005 3920 Paulinum
1033 3866 1384 3932 conveniret,
1427 3875 1484 3920 et
1511 3867 1614 3920 hoc
1641 3866 1742 3920 sibi
1769 3880 1858 3918 su-

278 3973 503 4026 peresse
529 3965 592 4010 ut
619 3958 919 4014 litterarum
965 3957 1172 4011 solatiis
1217 3971 1277 4011 se
1317 3965 1501 4011 mutuo
1531 3963 1854 4010 recrearent.

277 4045 542 4101 Paulinus
574 4045 598 4082 ι
631 4056 808 4100 tamen
837 4062 958 4100 eum
1004 4046 1229 4100 invitare
1256 4061 1363 4099 non
1408 4045 1628 4099 destitit.
1673 4043 1858 4099 Severi

275 4136 491 4192 litteras
535 4135 760 4189 Paulino
789 4136 1083 4189 reddidisse
1123 4135 1308 4188 debuit
1344 4134 1684 4203 Vigilantius,
1717 4133 1762 4187 si
1804 4134 1856 4187 in

275 4226 622 4280 Palaestinam
650 4227 738 4281 hic
780 4227 893 4296 ipse
921 4226 1191 4295 profectus
1219 4234 1334 4291 est,
1371 4225 1512 4294 quod
1553 4226 1655 4279 iter
1689 4222 1703 4261 ι
1738 4233 1860 4294 post

274 4336 479 4373 annum
511 4319 617 4372 596
635 4321 940 4387 suscepisse
983 4334 1089 4372 non
1115 4319 1305 4386 potuit.
1338 4317 1464 4371 Illuc
1493 4327 1530 4353 ιιι
1556 4317 1746 4370 detulit
1771 4317 1859 4370 lit-

272 4419 422 4464 teras
467 4408 677 4462 Paulini
721 4408 786 4461 ad
818 4407 1198 4477 Hieronymum
1222 4445 1236 4470 ,
1288 4406 1378 4474 qui
1412 4417 1437 4442 υ
1481 4407 1613 4458 tanti
1644 4405 1739 4458 viri
1777 4412 1858 4457 tot

269 4516 449 4554 annos
477 4500 679 4554 Christi
701 4500 917 4554 servitio
952 4499 1148 4556 addicti
1179 4499 1437 4566 insignem
1477 4498 1728 4566 pietatem
1758 4496 1855 4550 do-

268 4592 620 4658 ctrinamque
668 4590 891 4644 summis
937 4589 1363 4658 prosequebatur
1390 4587 1650 4641 laudibus.
1681 4586 1760 4640 Ab
1787 4601 1854 4640 eo

266 4681 556 4747 qumrebat
586 4677 838 4731 Paulinus
877 4688 900 4714 ο
949 4694 1109 4747 quam
1139 4679 1191 4731 in
1230 4686 1372 4731 statu
1413 4667 1524 4730 suo‘
1555 4676 1853 4730 monachali

267 4769 504 4823 deberet
541 4769 680 4821 inire
710 4769 884 4831 viam;
915 4776 970 4821 et
999 4768 1280 4821 videbatur
1307 4765 1538 4835 quodam
1565 4765 1734 4819 teneri
1759 4765 1854 4820 de-

264 4861 476 4913 siderio
517 4857 848 4912 Hierusalem
871 4857 1277 4927 proﬁciscendi,
1323 4857 1440 4911 loca
1471 4871 1621 4910 sacra
1652 4856 1851 4909 invisu-

265 4967 376 5014 rus,
410 4959 478 5004 ut
506 4949 737 5003 fortasse
770 4948 826 5002 S.
861 4947 1186 5018 Hieronymo
1213 4946 1434 5015 propior
1482 4945 1548 5000 iis
1573 4945 1854 5017 pneceptis

265 5041 648 5105 imbueretur,
685 5054 803 5107 quae
851 5039 903 5092 in
951 5037 1116 5106 priori
1164 5037 1389 5105 epistola
1420 5035 1530 5104 jam
1576 5041 1854 5103 receperat

263 5129 638 5200 Hieronymus
666 5128 733 5182 de
774 5143 938 5182 sacra:
966 5127 1252 5196 Scriptura:
1281 5127 1511 5180 lectione
1537 5139 1596 5178 se
1622 5123 1852 5177 traditu-

262 5238 380 5276 rum
427 5220 685 5274 Paulino.
737 5219 980 5273 Mittebat
1009 5230 1034 5268 Ρ
1063 5232 1278 5286 quoque
1326 5216 1395 5271 ad
1433 5231 1554 5271 eum
1598 5214 1854 5274 Paulinus

329 5363 354 5390 ³
392 5352 522 5406 Lib.
557 5367 613 5415 ιι,
645 5365 696 5405 c.
726 5347 814 5402 28.
891 5348 920 5386 δ
956 5347 1087 5416 Aug.
1121 5362 1207 5417 ep.
1237 5347 1331 5412 51,
1364 5345 1499 5417 n._8.

263 5432 286 5465 ις
309 5422 451 5475 una.
477 5462 494 5486 ,
527 5437 584 5474 η.
615 5421 669 5472 5.
746 5423 772 5454 ιι
804 5418 906 5487 Ep.
938 5417 992 5471 8.

261 5489 468 5545 Ilistor.

261 5559 309 5629 H
326 5571 506 5629 stor.,r
527 5559 556 5629 §
589 5557 794 5629 88,359.
930 5556 1146 5629 lbid.,_»§

263 5627 346 5683 75.
432 5643 455 5666 ι
488 5623 591 5697 Ep.
627 5626 747 5689 155,
779 5637 816 5680 t.
850 5626 934 5680 III.
1016 5636 1040 5674 ι’
1072 5623 1273 5679 Pauliu.
1309 5639 1393 5694 ep.
1424 5623 1507 5688 45,
1541 5642 1592 5678 ιι.
1621 5625 1669 5676 5.

554 5723 827 5782 Parnm.
876 5719 1034 5778 LXI.

1582 5345 1774 5430 cnlbid.
1803 5342 1879 5430 nd
1909 5344 2131 5430 Hieron.
2161 5357 2246 5430 ep:
2277 5341 2398 5430 13.¹
2443 5350 2466 5378 ε
2491 5339 2993 5430 Paglin.‘ep._7,‘2.
3016 5337 3070 5390 2.

554 5411 669 5473 1.3.
746 5423 772 5454 υ
804 5418 906 5487 Ep.
938 5417 992 5471 8.
1040 5411 1087 5454 ’ί
1123 5411 1259 5484 Ᾰιιε.
1290 5411 1375 5485 ep.
1412 5415 1499 5477 27,
1534 5432 1586 5468 ιι.
1617 5414 1666 5468 6.
1749 5421 1762 5465 l
1803 5414 1859 5468 P:

554 5500 592 5525 π’
620 5489 755 5541 Vide
784 5487 1000 5541 Hieron.
1029 5502 1082 5552 p.
1118 5487 1204 5538 75.
1283 5494 1309 5521 ιι
1341 5485 1559 5538 Hieron.
1593 5500 1676 5552 ep.
1713 5485 1798 5538 15.

1959 5431 2010 5466 ιι.
2051 5429 2136 5482 ep.
2173 5412 2346 5491 l7,'n.
2378 5411 2430 5463 1.
2505 5411 2529 5445 ¹ι
2568 5411 2666 5476 Ep.
2701 5411 2786 5472 11,
2821 5424 2875 5461 n.
2912 5411 2996 5458 1‘2.
3080 5411 3094 5444 1
3128 5411 3259 5486 Vide
3302 5411 3518 5486 Hieron.

1959 5482 2075 5552 bid.
2145 5492 2172 5530 ι)
2201 5481 2330 5535 Ibid.
2409 5478 2560 5552 (t_Ep.
2598 5476 2682 5529 75.
2761 5472 3064 5552 f_Ep.15,__
3097 5484 3119 5510 ⁸
3147 5475 3277 5529 Vide
3301 5475 3518 5552 Hieron.

671 5502 755 5541 me
784 5502 1001 5592 tttetron:
1029 5502 1082 5555 p.
1128 5502 1309 5606 13.”;
1341 5502 1676 5606 Ittelrpniiep.
1713 5502 1798 5538 to.
1825 5558 1857 5605 α

850 5556 1273 5676 111.“)“;.1)Ξιι1ἰιι.
1300 5565 1400 5676 ’eiii
1541 5569 1772 5676 nugo";
1793 5569 1859 5676 ziit

1959 5502 2068 5536 mu.
2148 5502 2172 5530 I‘
2201 5502 2330 5535 lUlu.
2409 5502 2434 5528 ιι
2466 5502 2560 5547 np.
2607 5502 2682 5529 ιυ.
2761 5502 2774 5514 ·
2815 5502 3019 5547 [ιμῑυ.
3098 5502 3119 5510 -
3158 5502 3277 5529 νιυυ
3301 5502 3518 5529 ulcruu.

1959 5568 2002 5605 s.
2039 5551 2287 5618 Vigilant.
2362 5559 2388 5586 υ
2422 5549 2637 5605 Hieron.
2664 5562 2749 5618 ep.
2782 5545 2868 5604 l5.
2947 5557 2971 5586 ν
3003 5543 3223 5604 Hieron.
3258 5559 3342 5602 et).
3375 5542 3443 5598 15
3467 5553 3523 5600 et

1959 5621 2022 5676 Ἀ).
2053 5638 2104 5674 ιι.
2142 5625 2188 5675 1.

1753 5636 1772 5660 ι
1805 5636 1898 5692 Ep.
1936 5636 2022 5688 UU,
2053 5638 2104 5674 ιι.
2142 5636 2188 5675 ι.

1959 1875 2187 1930 quorum
2216 1872 2393 1919 tamen
2423 1867 2618 1923 caritas
2637 1885 2746 1923 non
2775 1873 2890 1927 sine
2922 1877 3189 1942 mercede,
3216 1894 3338 1933 cum
3363 1881 3529 1936 virtu-

1958 1957 2069 2004 tem
2110 1966 2271 2020 quam
2321 1954 2437 2021 ejus
2483 1957 2662 2011 animo
2711 1959 2928 2015 inditam
2985 1967 3244 2034 putabant
3287 1971 3528 2026 venerati

1961 2049 2122 2105 sunt,
2161 2049 2216 2095 et
2261 2057 2323 2097 ea
2352 2043 2580 2112 benigne
2623 2046 2674 2100 in
2716 2047 2808 2102 illo
2835 2062 3224 2108 excusaverunt
3250 2057 3379 2110 vitia
3407 2072 3528 2126 quae

1959 2137 2107 2185 tanto
2137 2130 2250 2186 fore
2288 2131 2538 2188 Ecclesiae
2585 2136 2906 2194 detrimento
2947 2157 3054 2196 non
3099 2145 3525 2204 arbitrabantur.

1957 2221 2040 2275 An
2081 2222 2254 2277 allata:
2281 2225 2348 2278 ab
2377 2225 2493 2294 ipso
2538 2224 2741 2282 Paulini
2781 2231 3021 2300 epistolae
3068 2251 3381 2306 responsum
3425 2256 3526 2310 per

1956 2312 2202 2366 eumdem
2230 2313 2435 2368 dederit
2477 2323 2503 2350 ιι
2532 2315 2884 2388 Hieronymus
2907 2359 2921 2384 ,
2954 2322 3214 2380 incertum
3254 2335 3355 2382 est.
3385 2328 3526 2385 Nihil

1957 2402 2214 2458 adversus
2257 2418 2379 2458 eum
2409 2405 2570 2472 dixit,
2603 2416 2658 2462 et
2691 2408 2806 2476 ejus
2831 2411 3048 2480 reliquit
3075 2416 3297 2471 arbitrio
3325 2418 3526 2476 referre

1957 2491 2181 2549 Paulino
2209 2495 2483 2564 quomodo
2515 2497 2605 2559 ille
2635 2498 2702 2552 ab
2732 2499 2848 2568 ipso
2875 2513 3132 2571 exceptus
3160 2503 3318 2560 fuerit
3351 2525 3364 2560 :
3395 2509 3526 2563 satis

1957 2592 2138 2638 tamen
2183 2585 2380 2640 indicat
2410 2587 2593 2641 nescio
2621 2588 2748 2657 quid
2777 2590 3061 2645 molestum
3105 2602 3160 2648 et
3193 2608 3357 2662 grave
3385 2597 3524 2653 inter

1956 2690 2052 2731 eos
2080 2675 2365 2743 accidisse;
2397 2678 2788 2749 plurimumque
2816 2681 2998 2736 laudat
3022 2681 3324 2742 Paulinum.

2026 2766 2077 2820 2.
2120 2765 2177 2820 In
2206 2767 2352 2822 hisce
2387 2777 2408 2805 ν
2439 2768 2645 2823 duabus
2685 2770 2924 2839 epistolis
2954 2771 3229 2828 Paulinum
3258 2776 3311 2829 in
3355 2778 3522 2832 sacris

1957 2854 2172 2911 Litteris
2212 2857 2593 2912 instituendum
2635 2862 2892 2929 stipponit
2927 2858 3281 2936 Hieronymus
3327 2884 3339 2919 :
3375 2868 3520 2936 quod

1958 2948 2253 3015 intelligere
2278 2957 2361 3004 est
2397 2949 2464 3004 de
2494 2950 2701 3004 traditis
2743 2965 2774 3005 a
2819 2948 3018 3008 Gnecis
3060 2955 3518 3025 interpretationi-

1957 3036 2075 3091 bus.
2118 3036 2393 3091 Neminem
2437 3039 2577 3092 enim
2626 3039 2738 3094 fere
2765 3041 3001 3110 reperias
3042 3057 3109 3096 ex
3137 3041 3383 3098 Patribus
3427 3048 3519 3115 qui

1884 3119 1930 3180 C
1961 3139 2138 3180 sacras
2167 3126 2369 3180 litteras
2399 3124 2728 3196 frequentius
2755 3129 2808 3184 in
2849 3130 3060 3199 scriptis
3096 3131 3376 3197 adhibeat;
3405 3134 3522 3189 illas

1959 3215 2154 3284 ubique
2183 3215 2406 3281 inserit,
2447 3217 2642 3286 ubique
2669 3218 2740 3273 ad
2768 3234 2862 3275 eas
2888 3220 3103 3288 alludit,
3144 3230 3200 3278 et
3227 3223 3521 3294 prazclaris-

1957 3307 2121 3359 simas
2149 3307 2394 3361 notiones
2422 3307 2620 3375 detegit
2645 3350 2660 3376 ,
2702 3311 2946 3379 quamvis
2973 3313 3148 3368 obiter
3186 3331 3200 3366 :
3231 3313 3390 3384 idque
3417 3315 3522 3386 53

1957 3396 2203 3450 advertes
2242 3412 2272 3450 a
2303 3398 2487 3465 primis
2517 3397 2632 3466 ejus
2670 3400 2928 3470 epistolis,
2958 3401 3030 3456 ita
3060 3410 3119 3457 ut
3145 3403 3391 3473 cuiquam
3419 3406 3522 3460 du-

1957 3487 2103 3541 bium
2133 3504 2238 3542 non
2279 3489 2350 3543 sit
2375 3489 2502 3556 quin
2531 3489 2596 3544 iis
2623 3489 2879 3559 legendis,
2909 3493 3238 3557 evolvendis,
3261 3495 3522 3550 meditan-

1957 3575 2066 3640 dis,
2115 3577 2182 3631 ab
2222 3577 2338 3646 ipso
2368 3577 2657 3648 Hispanico
2696 3595 2908 3636 secessu
2952 3589 3096 3636 totus
3123 3583 3438 3650 incubuerit,
3468 3595 3523 3640 et

1957 3667 2149 3722 ardore
2177 3668 2394 3738 pietatis
2419 3678 2474 3724 et
2498 3671 2737 3724 caritatis
2763 3671 2956 3738 quibus
2982 3686 3166 3726 earum
3195 3673 3522 3729 intellectum

1958 3759 2292 3826 assequimur
2333 3771 2556 3828 magnos
2606 3759 2728 3812 inde
2773 3758 3008 3812 scientim
3042 3759 3219 3814 fontes
3264 3761 3519 3817 hauserit.

1956 3845 2076 3915 Ipse
2097 3849 2256 3901 etiam
2285 3847 2643 3917 Hieronymus
2666 3856 2692 3882 ι
2723 3854 2846 3916 post
2868 3861 3066 3916 paucos
3093 3863 3263 3903 annos
3287 3862 3409 3905 eum
3437 3851 3522 3905 di-

1958 3941 2199 3996 vinarum
2229 3937 2450 4007 perinde
2477 3953 2542 3992 ac
2577 3937 2932 3991 humanarum
2961 3937 3259 3993 litterarum
3292 3947 3521 4010 peritum

1957 4048 2077 4090 esse
2104 4031 2338 4099 agnovit.
2370 4028 2503 4085 Cum
2524 4043 2654 4083 vero
2676 4028 2810 4084 alios
2831 4029 3044 4084 erudire
3073 4045 3179 4084 non
3201 4031 3522 4096 intenderet,

1959 4127 2026 4181 iis
2063 4124 2417 4195 proculdubio
2457 4122 2524 4177 ad
2567 4122 2838 4193 propriam
2867 4121 3272 4176 aediﬁcationem
3302 4124 3524 4178 vacabat

1959 4217 2185 4288 simplici
2212 4216 2453 4271 veritatis
2480 4215 2678 4269 intuitu
2696 4255 2710 4279 ,
2757 4229 2863 4268 non
2891 4213 3130 4268 studiosa
3157 4213 3524 4269 difﬁcultatum

1960 4307 2319 4377 inquisitione.
2336 4304 2690 4370 Quamobrem
2713 4303 2816 4357 hac
2834 4302 2900 4357 de
2918 4317 2975 4357 re
2994 4303 3267 4358 consultus
3282 4303 3409 4356 nulli
3423 4319 3525 4358 un-

1959 4411 2116 4465 quam
2146 4395 2472 4464 respondere
2502 4393 2886 4461 praesumebat,
2916 4402 2945 4440 γ
2984 4392 3254 4459 indignum
3282 4407 3340 4446 se
3380 4401 3526 4447 ratus

1958 4489 2049 4557 qui
2093 4488 2286 4542 divina:
2337 4485 2675 4540 revelationis
2726 4484 2948 4538 haberet
2995 4481 3259 4537 ﬁduciam.
3308 4482 3526 4538 Summa

1959 4579 2262 4633 humilitate
2307 4577 2360 4630 in
2403 4575 2578 4629 dubiis
2626 4588 2721 4628 eos
2761 4573 3076 4628 consulebat
3120 4573 3212 4642 qui
3253 4574 3528 4642 sapientia

1960 4678 2015 4724 et
2055 4669 2292 4725 scientiae
2335 4666 2492 4721 laude
2525 4666 2575 4718 in
2613 4663 2847 4719 Ecclesia
2898 4664 3128 4718 illustres
3157 4664 3480 4719 haberentur
3512 4685 3525 4719 :

1957 4760 2100 4829 quod
2135 4767 2320 4828 postea
2347 4754 2750 4811 observabimus
2775 4766 2901 4822 erga
2926 4752 3328 4823 Hieronymum,
3361 4753 3530 4807 ιιυιιι-

1959 4869 2086 4906 num
2122 4859 2176 4906 et
2204 4849 2575 4917 Augustinum.
2607 4847 3007 4917 Expositionem
3034 4847 3087 4901 in
3117 4847 3357 4916 quaedam
3385 4848 3530 4902 Scri-

1958 4953 2128 5014 ptura:
2168 4942 2287 4997 loca
2325 4942 2392 4995 ab
2435 4939 2729 5006 Augustino
2765 4953 2887 4992 cum
2933 4937 3222 5007 aliquando
3264 4951 3530 5006 quazreret

1963 5043 1985 5070 ι
2015 5033 2091 5087 ait
2123 5049 2136 5083 :
2188 5031 2316 5095 Qua:
2342 5031 2387 5084 si
2421 5031 2552 5100 forte
2580 5027 2752 5081 lucida
2779 5036 2915 5090 sunt,
2942 5035 2990 5080 et
3024 5027 3149 5080 mihi
3184 5027 3412 5081 videntur
3441 5028 3531 5081 ob-

1958 5138 2280 5187 scura,nemo
2309 5119 2634 5190 prudentium
2661 5118 2883 5186 ﬁliorum
2905 5118 2991 5186 qui
3018 5119 3150 5187 forte
3167 5118 3230 5172 de
3257 5121 3444 5173 nostris
3473 5120 3526 5171 in

1959 5217 2088 5269 liora
2115 5210 2429 5267 lectiunculaz
2470 5209 2618 5279 hujus
2644 5209 2783 5261 circa
2818 5217 2863 5261 te
2887 5209 3116 5262 steterint
3141 5208 3206 5261 de
3231 5210 3526 5277 insipientia

3155 5321 3350 5399 (ἰδίει,
3385 5355 3436 5392 n.
3472 5339 3521 5392 ι.

2505 5409 2529 5445 ¹ι
2568 5408 2666 5476 Ep.
2701 5406 2786 5472 11,
2821 5424 2875 5461 n.
2912 5407 2996 5476 12.
3080 5406 3094 5444 1
3127 5406 3259 5476 Vide
3302 5408 3520 5476 Hieron.

3175 5704 3216 5762 3
