4020 6186
482 312 549 366 73
1504 301 1558 355 S.
1602 300 1939 355 PAULINUS
1981 301 2293 358 NOLANUS
2333 303 2712 372 EPISCOPUS.
3662 319 3729 377 76

476 429 585 468 mea
610 414 793 476 rideat,
819 416 905 467 sed
929 416 1092 482 potius
1117 416 1178 467 de
1205 412 1551 466 benevolentia
1577 415 1823 481 fraterna:
1852 414 2052 465 carita-
2088 416 2133 473 Α
2164 412 2338 468 Musas
2368 425 2635 484 precatus,
2660 416 2751 471 sed
2781 417 2959 473 divino
2993 421 3241 476 invocato
3269 421 3466 478 Christi
3497 428 3727 495 numine,

474 508 533 558 tis
579 506 747 575 {aveat
786 505 1111 570 instruendo,
1141 514 1195 557 ut
1236 504 1433 573 efﬁciar
1468 503 1747 556 videntium
1776 504 2052 571 particeps,

472 602 520 645 et
545 610 609 645 ea:
631 593 863 645 doctrina
889 602 976 645 tua
1006 594 1310 646 illuminatis
1337 593 1589 645 mentibus
1613 592 2059 645 considerantium

472 682 731 734 mirabilia
762 682 825 733 de
853 682 967 751 lege
998 681 1226 734 Domini.
1261 680 1490 734 Videtur
1518 696 1637 748 qum
1667 696 1772 734 non
1802 680 2058 747 intellige-

475 771 569 824 bat
598 771 734 824 inter
763 770 1046 838 legendum
1091 772 1375 825 adnotasse
1399 809 1412 834 ,
1452 778 1509 823 ut
1537 785 1723 825 eorum
1756 770 2048 837 intelligen-

477 860 607 912 tiam
637 860 705 913 ab
729 860 845 913 aliis
867 861 1196 927 exquireret,
1226 860 1599 914 difﬁcultatem
1620 874 1750 913 vero
1772 869 2055 928 antequam

475 958 803 1018 proponeret
836 951 911 1002 ita
941 950 1281 1015 discutiebat,
1315 959 1371 1002 ut
1409 949 1526 1017 ejus
1565 948 1887 1002 solutionem
1937 949 2056 1004 fere

474 1039 780 1104 attingeret.
822 1036 974 1092 Unde
1004 1038 1069 1091 ad
1101 1054 1225 1092 eum
1266 1038 1592 1104 Augustinus
1628 1045 1653 1071 α
1682 1054 1693 1087 :
1722 1035 1889 1088 Multa
1920 1051 2053 1105 quar-

474 1129 606 1191 sisti,
636 1136 685 1179 et
705 1128 983 1195 quwrenda
1005 1128 1334 1189 admonuisti,
1353 1136 1402 1179 et
1422 1126 1696 1194 quwrendo
1720 1126 2049 1179 docuisti.....

464 1234 591 1295 _cum
619 1219 753 1271 enim
786 1219 1155 1289 interrogando
1186 1219 1441 1284 disputas,
1472 1226 1520 1270 et
1547 1216 1731 1285 quwris
1767 1216 1971 1275 acriter,
2005 1224 2053 1267 et

474 1306 627 1360 doces
658 1307 933 1361 humiliter.

1049 1442 1274 1499 CAPUT
1312 1442 1476 1496 XXX.

476 1581 580 1637 SS.
615 1581 869 1652 Delpltiuo
898 1592 946 1636 et
975 1584 1209 1636 Amando
1248 1556 1424 1635 scribit
1463 1582 1739 1635 Paulinus.
1784 1583 1950 1637 Vitam
1981 1582 2041 1637 S.

806 1653 1021 1706 Martini
1046 1654 1197 1705 mittit
1225 1653 1293 1704 ad
1321 1668 1434 1704 eum
1465 1653 1702 1706 Severus.

2164 507 2253 575 qui
2296 508 2459 561 asina:
2486 508 2754 575 quondam
2784 524 2877 563 ora
2900 511 3135 565 solverat
3166 531 3178 564 :
3206 514 3441 583 citatque
3470 517 3596 571 illud
3613 534 3732 588 poe-

2166 612 2249 649 ina
2281 597 2333 651 in
2364 612 2430 651 eo
2450 597 2591 666 quod
2610 598 2629 633 ί
2657 612 2800 652 anno
2822 601 3064 666 sequenti
3089 602 3271 656 edidit.
3298 603 3353 656 ln
3376 605 3515 660 hunc
3537 620 3727 664 annum

2163 689 2441 743 referimus
2481 691 2761 758 epistolam
2809 691 3143 745 undecimam
3189 693 3254 746 ad
3302 694 3591 761 Severum,
3638 701 3729 769 qui

2161 796 2265 834 non
2292 781 2452 834 modo
2482 796 2668 836 omnes
2689 790 2713 816 υ
2745 782 3063 836 observabat
3089 786 3399 839 occasiones
3427 794 3485 840 ut
3519 788 3583 841 ad
3608 805 3725 843 eum

2161 874 2365 928 litteras
2393 874 2562 937 daret,
2594 875 2687 928 sed
2718 876 2962 930 mittebat
2983 891 3196 945 quoque
3225 893 3291 931 ex
3320 880 3430 933 suis
3449 880 3723 950 quosdam,

2158 965 2225 1017 de
2254 964 2445 1032 quibus
2487 972 2674 1033 postea
2719 964 2923 1018 Paulini
2971 967 3255 1021 sanctitate
3295 977 3348 1023 et
3386 970 3632 1038 exemplo
3662 972 3724 1023 ad

2158 1058 2411 1125 pietatem
2440 1057 2731 1119 conversis,
2763 1064 2820 1110 ut
2847 1057 2913 1112 de
2953 1056 3073 1113 filiis
3097 1060 3299 1113 sanctis
3328 1068 3383 1114 et
3411 1061 3477 1114 de
3507 1061 3723 1115 benedi-

2157 1156 2242 1202 cta
2274 1149 2327 1201 in
2368 1148 2594 1202 Domino
2634 1148 2784 1217 prole
2822 1149 3150 1217 gloriabatur
3196 1152 3307 1221 ipse
3337 1149 3607 1206 Paulinus.
3642 1152 3727 1207 Sic

2156 1247 2181 1272 ν
2212 1253 2307 1306 per
2334 1253 2556 1307 puerum
2587 1254 2740 1292 suum
2770 1238 2873 1293 hoc
2902 1254 3042 1294 anno
3071 1240 3136 1293 ad
3178 1256 3298 1294 eum
3330 1242 3472 1295 misit
3498 1242 3724 1296 Severus

2154 1328 2454 1395 epistolam,
2487 1328 2538 1381 in
2562 1342 2666 1396 qua
2694 1336 2718 1363 ι
2751 1328 2849 1397 ipsi
2872 1343 2929 1383 se
2956 1329 3113 1398 longe
3142 1329 3445 1385 inferiorem
3478 1340 3724 1400 reputans

2154 1418 2425 1472 asserebat
2454 1418 2640 1471 ambos
2670 1418 2721 1471 in
2753 1431 2913 1487 agro,
2946 1419 3048 1474 hoc
3083 1429 3165 1473 est
3194 1420 3246 1473 in
3278 1421 3381 1473 lata
3410 1421 3573 1475 seculi
3604 1421 3685 1473 via
3704 1459 3719 1482 ,

2153 1510 2417 1572 inventos,
2449 1509 2673 1562 alterum
2725 1517 3018 1563 assumtum
3042 1549 3057 1572 ,
3086 1510 3331 1564 relictum
3361 1512 3606 1564 alterum.
3632 1511 3723 1564 Fa-

2151 1600 2364 1652 tebatur
2391 1608 2417 1647 γ
2448 1599 2665 1667 insuper
2701 1606 3067 1667 paupertatem
3098 1599 3213 1668 ejus
3239 1614 3297 1655 se
3324 1601 3598 1664 dcmirari,
3631 1601 3721 1655 sed

2150 1690 2403 1754 horrere;
2435 1704 2593 1757 quam
2621 1688 2758 1743 velle
2785 1703 2876 1752 se,
2912 1704 3011 1744 nec
3051 1704 3210 1758 posse
3239 1691 3450 1758 assequi
3494 1699 3719 1745 conten-

542 1783 592 1835 1.
634 1783 927 1851 Epistolam
956 1799 1150 1838 nonam
1190 1784 1314 1851 hoc,
1347 1792 1403 1835 ut
1450 1783 1679 1849 videtur,
1727 1798 1867 1837 anno
1912 1783 2047 1837 scri-
2081 1761 2124 1817 Β
2152 1780 2331 1843 debat,
2364 1789 2421 1833 ut
2446 1780 2647 1836 habens
2671 1779 2869 1834 vietum
2897 1787 2951 1834 et
2977 1780 3351 1835 vestimentum
3380 1782 3481 1835 hoc
3501 1790 3720 1835 conten-

471 1874 575 1941 psit
617 1873 868 1928 Paulinus
913 1874 978 1927 ad
1023 1874 1341 1938 Amandum,
1376 1889 1478 1927 una
1530 1890 1649 1927 cum
1712 1872 1925 1928 decima
1980 1872 2049 1926 ad

470 1962 806 2031 Delphinum.
861 1962 977 2015 Jam
1029 1970 1141 2015 tum
1176 1962 1200 2000 ι)
1251 1963 1301 2015 in
1348 1964 1463 2032 ipso
1502 1962 1792 2033 Hispanico
1835 1978 2049 2017 secessu

467 2046 673 2108 Paulini
703 2064 757 2108 et
786 2054 1009 2108 Amandi
1052 2055 1351 2107 litterarum
1389 2055 1754 2108 intercessisse
1781 2069 2049 2108 commer-

466 2144 606 2197 cium
636 2144 1060 2203 observavimus;
1090 2155 1109 2181 α
1142 2144 1283 2212 quod
1312 2144 1471 2197 etiam
1497 2144 1639 2197 Νυιω
1672 2144 1839 2198 tenuit
1867 2160 2047 2197 serva-

467 2232 647 2299 vitque
689 2234 849 2285 etiam
891 2249 1009 2286 cum
1051 2233 1350 2300 Delphino:
1395 2234 1542 2300 cujus
1571 2234 1760 2287 littera:
1786 2234 2046 2301 spiritalia

466 2318 691 2372 Paulino
716 2329 871 2373 erant
900 2320 1255 2382 condimenta,
1288 2321 1484 2389 quippe
1513 2338 1629 2389 quae
1652 2322 1675 2357 ά
1708 2322 1931 2389 spiritali
1962 2336 2048 2377 sa-

466 2410 680 2478 pientite
708 2410 835 2473 sale,
860 2424 966 2477 quo
1003 2410 1115 2478 ipse
1143 2411 1193 2463 in
1222 2411 1541 2479 baptismate
1581 2409 1753 2467 fuerat
1780 2413 2044 2482 perfusus,

464 2499 835 2561 condircntur,
870 2508 928 2552 ut
966 2499 1105 2553 illius
1150 2515 1397 2571 saporem
1440 2510 1697 2556 servaret.
1740 2501 1988 2557 Paulinus
2021 2514 2042 2539 θ

466 2602 597 2641 vero
646 2590 890 2656 religiosa
939 2590 1167 2659 quadam
1199 2607 1321 2659 erga
1352 2608 1473 2646 eum
1520 2594 1857 2646 observantia
1889 2595 2043 2662 plena

465 2677 781 2734 urbanitatis
811 2689 866 2734 et
902 2680 1213 2734 humilitatis
1242 2696 1498 2747 responsa
1539 2681 1716 2735 dabat.
1748 2681 1988 2736 Liberius
2022 2682 2039 2721 ί

466 2786 589 2824 cum
622 2770 861 2823 Amando
892 2770 1100 2837 agebat,
1133 2779 1187 2823 et
1215 2769 1267 2823 in
1290 2770 1477 2823 charta
1508 2770 1818 2825 familiarius
1848 2772 2043 2827 inditos

464 2860 679 2928 pietatis
700 2876 885 2915 sensus
908 2863 1231 2929 exponebat,
1262 2877 1507 2916 sermone
1528 2863 1739 2931 quidem
1762 2865 2037 2933 mellilluo,

462 2964 619 3018 quem
649 2948 897 3007 Paulinus
926 2952 1122 3020 alioqui
1151 2961 1306 3006 vocat
1333 2952 1570 3021 ineptum
1596 2963 1650 3007 et
1674 2956 2036 3010 temerarium.

462 3038 594 3090 Cum
623 3053 748 3094 vero
789 3049 813 3086 Β
845 3039 1114 3095 Amandus
1142 3042 1307 3111 patris
1330 3044 1629 3099 communis
1657 3044 1898 3114 Delphini
1941 3061 2036 3099 au-

461 3127 606 3182 ribus
636 3130 838 3184 litteras
866 3130 979 3197 ejus
1010 3131 1344 3195 insinuasset,
1372 3142 1593 3188 sanctus
1624 3134 1712 3189 ille
1740 3136 1823 3188 vir
1851 3152 1879 3187 a
1910 3134 2040 3188 Pau-

461 3220 571 3273 lino
600 3218 623 3255 ¹¹
648 3222 800 3289 petiit
827 3223 1031 3276 litteras
1052 3224 1274 3292 spiritali
1301 3226 1413 3279 sale
1441 3227 1704 3291 conditas,
1728 3229 1778 3280 in
1810 3228 1821 3264 ί
1847 3228 2039 3295 quibus

461 3317 656 3377 praeter
684 3310 844 3365 oﬂicii
891 3312 1260 3367 necessitatem
1307 3328 1608 3369 sermonem
1648 3316 1715 3369 de
1752 3315 2038 3384 Scripturis

462 3398 718 3465 adjiceret
745 3414 852 3467 quo
876 3399 1184 3454 thesaurum
1213 3401 1389 3456 cordis
1416 3404 1495 3457 sui
1525 3403 1805 3457 revelaret.
1835 3403 2038 3459 Exinde

461 3488 603 3556 piam
648 3502 776 3543 sane
817 3497 871 3541 ct
917 3489 1190 3554 humilem,
1241 3504 1467 3560 eamque
1512 3491 1773 3545 decimam
1824 3494 2037 3561 scripsit

459 3578 755 3647 epistolam,
790 3580 841 3633 in
867 3593 972 3648 qua
1009 3579 1136 3635 dicit
1168 3581 1181 3631 l
1216 3581 1535 3651 Delphinum
1578 3583 1691 3638 hinc
1733 3599 1861 3637 sane
1895 3585 2038 3652 juste

458 3667 526 3721 ab
554 3683 619 3721 eo
644 3676 905 3738 repetere,
928 3678 986 3725 ut
1012 3670 1240 3741 depositi
1261 3672 1341 3727 sui
1371 3672 1631 3737 debitum,
1658 3682 1713 3728 et
1737 3683 1791 3727 ut
1818 3677 2036 3729 seminis

456 3778 672 3831 germen
696 3775 1026 3836 exspectare,
1050 3766 1142 3821 sed
1161 3767 1333 3822 vereri
1360 3783 1417 3824 se
1444 3783 1511 3823 ne
1538 3784 1637 3838 pro
1661 3770 1839 3823 tritico
1864 3770 2033 3822 tribu-

457 3856 538 3909 los
567 3855 673 3926 54
700 3865 753 3910 ct
779 3872 877 3925 pro
908 3858 1021 3912 uvis
1044 3858 1224 3926 spinas
1252 3858 1393 3913 edat.
1421 3857 1776 3927 Conqueritur
1800 3856 1821 3894 ¹ι
1843 3856 2035 3912 deinde

455 3947 624 4000 amice
653 3947 792 4015 apud
832 3946 1132 4001 Amandum
1174 3947 1315 4015 quod
1356 3948 1563 4001 litteras
1603 3962 1728 4001 suas
1772 3948 2032 4016 Delphino

454 4037 777 4106 exposuerit,
812 4044 865 4090 et
892 4035 907 4074 ι
941 4037 1008 4091 dc
1047 4037 1208 4090 variis
1255 4036 1426 4105 iisque
1456 4036 1557 4104 piis
1586 4037 1725 4105 apud
1765 4052 1885 4090 eum
1915 4054 2031 4091 ser-

453 4128 699 4181 monibus
742 4127 982 4191 disserit,
1026 4126 1219 4194 quibus
1248 4134 1285 4162 m
1316 4125 1515 4194 aliquid
1543 4125 1731 4180 deesse
1776 4127 2025 4181 creditur.

455 4217 582 4270 Post
628 4226 854 4269 mortem
903 4215 1215 4278 Theodosii,
1247 4230 1387 4268 anno
1417 4214 1520 4269 595
1546 4216 1629 4269 vel
1673 4215 1791 4281 596,
1824 4215 2028 4271 Medio-

452 4306 558 4359 lani
590 4314 615 4341 η
663 4305 976 4359 Ambrosius
1026 4306 1277 4375 martyris
1323 4304 1528 4359 Nazarii
1570 4321 1763 4375 corpus
1808 4308 2024 4376 reperit,

451 4405 476 4432 ο
507 4396 710 4465 aliquas
735 4395 801 4451 ad
830 4397 885 4451 S.
921 4395 1195 4451 Paulinum
1244 4395 1495 4464 reliquias
1540 4396 1761 4466 perferri
1801 4399 2025 4460 curavit,

449 4487 539 4555 qui
568 4487 621 4540 id
652 4486 884 4541 muneris
931 4485 1226 4541 humillime
1270 4487 1492 4557 recepit.
1535 4487 1615 4541 Ab
1660 4487 1848 4543 eodem
1890 4486 2027 4543 forte

449 4576 703 4644 quasdam
726 4577 981 4645 reliquias
1009 4576 1106 4631 SS.
1142 4587 1167 4625 ρ
1195 4576 1377 4632 Vitalis
1404 4585 1457 4631 et
1473 4577 1751 4645 Agricolae,
1775 4587 1800 4626 ιι
1827 4576 2018 4631 Gerva-

448 4666 510 4720 sii
537 4683 748 4737 quoque
780 4677 833 4722 et
863 4666 1110 4731 Protasii,
1142 4676 1435 4737 martyrum
1460 4668 1739 4721 habuerat.

967 4821 1101 4859 anno
1140 4820 1343 4859 CHRISTI
1382 4806 1502 4858 397.

516 4914 566 4966 ‘2.
610 4914 666 4968 ln
695 4923 886 4984 quarto
929 4916 1170 4969 natalitio
1200 4916 1251 4969 in
1281 4916 1335 4970 S.
1370 4916 1562 4971 Felicis
1602 4917 1810 4971 laudem
1848 4929 1867 4955 ν
1896 4934 2016 4974 ear-

444 5006 605 5068 minc,
637 5004 777 5074 quod
806 5004 873 5057 ad
905 5006 1045 5058 hunc
1070 5021 1264 5059 annum
1287 5006 1585 5071 referimus,
1611 5010 1778 5064 sancti
1798 5011 2017 5080 hujusce

441 5096 766 5153 confessoris
810 5095 977 5149 refert
1024 5096 1258 5149 historiae
1303 5098 1613 5164 primordia,
1664 5100 1823 5169 idque
1855 5114 1875 5141 ε
1908 5120 2015 5160 non

2154 1879 2237 1925 tus
2274 1880 2433 1935 esset,
2467 1871 2596 1925 nihil
2636 1870 2774 1925 ultra
2815 1870 2956 1925 diem
3006 1872 3277 1938 cogitans;
3327 1872 3412 1927 cui
3466 1871 3720 1926 imitando

2151 1962 2406 2030 imparem
2421 1962 2639 2015 omnino
2665 1976 2723 2015 se
2744 1962 3017 2015 censebat.
3041 1961 3241 2016 Deinde
3268 1973 3288 1998 ι
3311 1963 3569 2031 adjungit,
3592 1979 3719 2032 pro-

2151 2052 2289 2106 fecto
2318 2068 2413 2121 per
2433 2052 2635 2121 jocum,
2664 2067 2721 2105 se
2767 2051 2985 2106 credere
3026 2052 3098 2105 ita
3141 2066 3261 2105 eum
3310 2053 3541 2105 futurum
3570 2052 3717 2107 brevi

2149 2158 2458 2211 pauperem,
2508 2154 2567 2196 ut
2614 2142 2833 2197 ulterius
2872 2157 2993 2196 eum
3033 2142 3259 2197 invitare
3306 2160 3411 2197 non
3460 2144 3715 2206 auderet;

2147 2246 2377 2299 eumque
2408 2239 2462 2268 αα
2492 2230 2691 2284 hortuli
2721 2246 2881 2285 causa
2909 2231 3187 2299 reliquisse
3215 2231 3588 2299 Ebromagum.
3622 2233 3715 2286 Vi-

2146 2320 2301 2375 detur
2320 2319 2385 2373 ad
2396 2334 2518 2374 eum
2540 2318 2695 2373 simul
2714 2317 2771 2356 δι’
2792 2320 2997 2374 misiSse
3018 2322 3181 2374 vitam
3203 2322 3261 2376 B.
3288 2322 3519 2387 Martini,
3542 2323 3716 2378 adhuc

2146 2411 2272 2472 vivi,
2302 2425 2331 2463 a
2360 2424 2418 2463 se
2447 2410 2824 2476 conscriptam.
2856 2408 3187 2479 Responsum
3217 2426 3280 2464 ex
3309 2411 3491 2465 Severi
3520 2423 3571 2449 οε
3598 2414 3717 2481 pie-

2147 2508 2255 2554 tate
2283 2512 2405 2566 erga
2436 2514 2513 2555 se.
2541 2513 2764 2552 exorsus
2798 2507 2880 2553 est
2909 2498 3181 2562 Paulinus,
3225 2509 3279 2555 et
3307 2500 3373 2555 de
3398 2516 3459 2554 ea
3511 2502 3715 2556 fusissi-

2144 2604 2259 2643 mas
2288 2589 2359 2642 illi
2382 2588 2578 2656 gratias
2600 2587 3090 2656 agit.virtutemque
3119 2588 3233 2655 ejus
3254 2588 3310 2625 δά
3330 2591 3508 2643 multis
3520 2590 3716 2646 deinde

2143 2681 2421 2751 prtecouiis
2450 2679 2702 2749 praedicat
2727 2680 2777 2733 in
2818 2680 3007 2749 quibus
3037 2679 3243 2734 Martini
3275 2681 3550 2736 historiam
3575 2683 3716 2737 inse.

2143 2774 2229 2827 rit.
2263 2773 2410 2826 Illum
2443 2781 2495 2808 εθ
2527 2771 2668 2825 serio
2699 2770 2973 2838 increpare
2996 2770 3206 2824 videtur
3232 2770 3374 2838 quod
3400 2772 3465 2825 de
3488 2788 3717 2842 pauper—

2142 2872 2250 2917 tate
2280 2863 2490 2917 loeutus
2533 2861 2797 2915 inﬁrmum
2834 2875 2891 2915 se
2919 2858 2969 2914 iii
3000 2858 3103 2915 fide
3144 2870 3198 2916 et
3227 2861 3440 2916 Christo
3470 2861 3717 2917 diffiden-

2140 2962 2248 3007 tem
2276 2952 2600 3022 prodiderit;
2642 2958 2695 3005 et
2726 2949 2774 2988 τί
2806 2951 3085 3020 profitetur
3120 2966 3178 3005 se
3207 2951 3289 3005 vel
3319 2952 3715 3021 pauperrimum

2143 3058 2427 3112 numquam
2461 3043 2687 3094 invitare
2734 3055 2854 3093 eum
2885 3040 3290 3108 destitutorum,
3332 3049 3386 3095 et
3414 3057 3570 3109 quam
3596 3052 3715 3097 stu-

2141 3133 2438 3186 diosissime
2467 3130 2819 3183 hortaturum.
2852 3128 3092 3199 Curaque
3120 3145 3452 3199 nequaquam
3484 3131 3715 3187 Severus

2142 3222 2456 3291 polliceatur
2483 3234 2541 3274 se
2570 3226 2850 3273 venturum
2870 3261 2883 3283 ,
2917 3220 3115 3275 idcirco
3142 3221 3421 3290 epistolam
3450 3222 3713 3277 decimam

2138 3312 2419 3381 septimam
2442 3308 2652 3364 nonnisi
2680 3317 2801 3378 post
2820 3308 2955 3363 duos
2979 3324 3149 3365 annos
3171 3311 3515 3366 collocamus.
3538 3312 3711 3377 Quam

2138 3401 2367 3455 Severus
2394 3398 2453 3451 B.
2487 3398 2697 3452 Martini
2724 3399 2886 3453 vitam
2915 3399 3219 3469 scripserat,
3240 3399 3348 3467 jam
3379 3416 3498 3455 eam
3527 3403 3713 3457 obser-

2136 3493 2379 3546 vavimus
2418 3491 2632 3544 missam
2663 3489 2730 3544 ad
2778 3488 3053 3545 Paulinum
3072 3531 3087 3555 ,
3118 3492 3211 3561 qui
3241 3502 3296 3540 ει
3334 3492 3476 3547 illam
3505 3496 3713 3563 primus

2140 3583 2364 3638 Romam
2394 3582 2587 3643 attulit,
2618 3583 2669 3635 in
2693 3596 2758 3636 eo
2797 3596 2927 3636 sane
2955 3582 3145 3637 itinere
3176 3583 3319 3651 quod
3346 3584 3486 3639 circa
3515 3584 3709 3640 festum

2136 3679 2233 3734 SS.
2266 3677 2407 3733 Petri
2445 3685 2499 3731 et
2538 3674 2685 3729 Pauli
2732 3675 2920 3730 solitus
2954 3681 3071 3729 erat
3108 3675 3395 3745 suscipere.
3442 3676 3592 3732 Hunc
3642 3678 3709 3733 li-

2136 3772 2289 3823 brum
2306 3783 2492 3821 omnes
2505 3765 2705 3820 sitiere.
2739 3764 2871 3817 Eum
2889 3762 3141 3818 Paulinus
3165 3763 3219 3800 ιλιι
3242 3779 3338 3833 per
3356 3764 3558 3819 italiam
3580 3783 3711 3823 nec-

2136 3875 2241 3914 non
2282 3873 2377 3927 per
2410 3857 2636 3929 lllyriam
2666 3855 3062 3920 disseminavit;
3104 3872 3203 3911 nec
3238 3858 3408 3926 pietas
3436 3857 3551 3925 ejus
3578 3873 3707 3927 erga

2134 3948 2190 4003 S.
2234 3948 2461 4003 Felicem
2501 3947 2683 4015 glorim
2722 3946 2783 4001 B.
2829 3945 3040 4000 Martini
3078 3945 3364 4015 quidquam
3412 3949 3704 4016 invidebat,

2134 4038 2259 4107 quin
2300 4038 2460 4092 etiam
2509 4036 2708 4091 infusas
2735 4052 2765 4090 a
2796 4036 2907 4091 Deo
2936 4038 2989 4091 in
3044 4038 3276 4092 animam
3325 4039 3497 4091 sancti
3544 4039 3708 4107 hujus

2132 4131 2369 4199 episcopi
2412 4113 2641 4183 virtUtes
2670 4128 2952 4198 praeclaras
2980 4128 3228 4197 religiose
3264 4129 3624 4185 venerabatur
3650 4138 3706 4185 et

2132 4220 2441 4275 mirabatur.

2690 4328 2916 4383 CAPUT
2956 4327 3142 4381 XXXI.

2212 4442 2324 4495 Vim
2353 4442 2555 4495 cuidam
2582 4440 3223 4562 sanctisgmz'presbytero
3259 4439 3460 4493 illatam
3489 4448 3634 4492 arcet

2822 4526 2885 4561 au
2908 4526 3045 4562 mas.

2822 4526 3045 4563 auttnus.

2200 4652 2303 4722 55
2344 4653 2393 4704 1.
2445 4649 2557 4705 Hoc
2600 4664 2741 4703 anno
2788 4647 3089 4717 ponendam
3128 4650 3376 4704 duximus
3414 4648 3699 4718 epistolam

2123 4743 2495 4797 duodecimam
2525 4741 2594 4796 ob
2622 4754 2836 4795 causam
2872 4739 3144 4808 cujusdam
3174 4741 3471 4811 presbyteri
3498 4739 3565 4794 de
3593 4756 3700 4810 qua

2132 4834 2144 4870 ί
2162 4835 2175 4869 ί
2198 4832 2295 4887 sub
2309 4831 2466 4886 tinem
2484 4832 2675 4898 agitur.
2703 4830 2957 4899 Inscripta
2978 4839 3061 4885 est
3078 4831 3530 4899 Amando,quemi
3550 4837 3563 4881 l
3585 4832 3701 4901 epi-

2123 4924 2376 4977 stolarum
2408 4920 2613 4975 Paulini
2651 4934 2909 4988 nusquam
2949 4920 3169 4975 offendit
3194 4922 3501 4990 prolixitas;
3531 4922 3700 4976 immo

2122 5029 2288 5069 novas
2316 5022 2370 5068 et
2396 5011 2681 5081 ampliores
2710 5011 2799 5065 ille
2827 5013 3135 5080 postulavit,
3160 5012 3313 5082 cujus
3344 5019 3403 5067 ut
3430 5012 3701 5068 desiderio

2119 5101 2468 5163 satisfaceret,
2500 5102 2638 5155 hanc
2665 5101 2713 5155 ei
2742 5100 3085 5169 prolixiorem
3106 5103 3298 5157 ceteris
3322 5102 3532 5171 scripsit
3559 5100 3699 5156 Pau-

513 5227 710 5314 μεως.
736 5226 972 5314 ορ.1.ι1ξ),
1007 5245 1079 5314 η..
1105 5228 1218 5314 ἣδε
1240 5228 1330 5314 ξι.
1372 5227 1587 5314 anap.
1626 5228 1706 5290 to,
1953 5234 2040 5314 fy

2144 5236 2333 5314 in._ep.
2364 5229 2587 5314 9_ent12,
2618 5246 2703 5314 ep.
2739 5231 2888 5314 tonet
2925 5232 3010 5314 11.
3082 5230 3107 5268 ἀ
3136 5231 3343 5314 Paulinf:
3367 5248 3452 5314 ep:
3485 5234 3540 5314 9,
3563 5235 3695 5314 n._l.

444 5306 466 5333 ε
497 5296 630 5350 ibid.
661 5304 715 5349 et
743 5312 827 5363 ep.
862 5296 949 5359 10,
983 5314 1033 5349 u.
1063 5296 1111 5350 1.
1196 5296 1337 5363 (Ep.
1372 5297 1425 5362 9,
1457 5314 1510 5351 n.
1542 5298 1593 5350 4.
1676 5310 1699 5345 ε
1743 5299 1874 5353 Ibid.

1196 5298 1213 5335 ί
1240 5296 1337 5367 Ep.
1372 5297 1425 5362 9,
1450 5314 1510 5367 in.
1542 5298 1593 5350 4.

440 5382 493 5419 ιι.
524 5365 574 5417 1.
658 5364 675 5402 1
708 5364 860 5428 lbid.,
893 5381 948 5417 n.
979 5365 1013 5417 2
1036 5376 1091 5419 et
1120 5364 1170 5419 5.

436 5450 604 5505 (δίψη.
625 5433 712 5499 24,
742 5449 795 5487 ν.
828 5434 948 5505 436.
1027 5434 1206 5505 t‘_lhid.
1234 5474 1249 5498 ,
1277 5452 1329 5489 v.
1363 5436 1484 5488 452.
1525 5433 1583 5489 '9
1621 5436 1716 5505 Ep.
1749 5438 1844 5504 5'2,
1879 5457 1931 5494 n.
1966 5443 2052 5497 17.

1249 5515 1269 5542 ι
1304 5506 1469 5574 lbid.,
1518 5522 1571 5558 η.
1612 5506 1663 5557 o.
1738 5508 1948 5574 rlbid.,
1978 5529 2033 5565 η.
2068 5512 2154 5565 12.

1677 5576 1980 5644 εθ11)ἱ‹1.,η.
2006 5582 2029 5632 1

1655 5645 1698 5693 η
1736 5644 1887 5706 nne.
1922 5666 1975 5702 η.
2013 5650 2035 5701 1

2144 5590 2153 5635 ι
2183 5578 2267 5634 15.
2316 5576 2365 5616 Π
2398 5575 2551 5640 lbitl.,
2580 5592 2632 5630 n.
2661 5576 2890 5631 15et14.
2936 5588 2990 5627 σε
3016 5578 3201 5634 Sever.
3226 5578 3420 5648 dialog.
3457 5584 3502 5645 1,
3535 5578 3690 5634 ο.10.

439 5504 763 5624 finiit.
779 5520 833 5624 Ἰ·
856 5504 912 5624 ἐί
934 5503 1169 5624 {illi}

444 5584 497 5610 τε
528 5571 677 5637 Ibid.,
710 5590 763 5627 η.
800 5575 820 5626 1
856 5571 983 5625 614.
1024 5572 1079 5610 «Μ
1102 5572 1252 5637 lbid.,
1285 5590 1337 5627 ll.
1372 5572 1404 5625 5
1430 5581 1485 5626 et
1514 5576 1596 5625 11.

440 5639 496 5677 ιιι
528 5642 661 5698 Dial.
695 5645 746 5700 δ.
770 5658 825 5713 ς.
847 5641 934 5695 eo.
1018 5642 1062 5681 ίί
1094 5640 1257 5701 Epist.
1294 5643 1374 5701 r2.
1407 5660 1458 5697 ιι.
1487 5643 1571 5696 Η.

1247 5303 1337 5367 Ep.
1372 5303 1425 5362 9,
1457 5314 1510 5351 n.
1542 5303 1593 5350 4.
1676 5310 1699 5345 ts
1743 5303 1874 5353 Ibid.
1952 5303 1977 5340 ιι
2008 5305 2040 5358 11

1247 5378 1283 5402 ιιι
1316 5366 1491 5438 Chilll.
1525 5383 1576 5437 p.
1608 5365 1739 5438 ‘2_85;
1766 5378 1819 5422 et
1847 5372 1980 5427 Diss.
2016 5375 2037 5425 1

2226 5303 2237 5340 i
2277 5303 2375 5371 Ep.
2410 5303 2497 5359 10.
2526 5316 2579 5352 n.
2616 5303 2666 5351 1.
2749 5303 2761 5349 l'
2802 5303 2901 5369 Ep.
2946 5303 3043 5365 10,
3077 5318 3131 5355 n.
3166 5303 3189 5352 1
3231 5310 3284 5356 et
3312 5303 3345 5353 2

2144 5382 2199 5427 rt.
2234 5372 2318 5423 10.
2397 5378 2420 5404 η
2458 5369 2569 5421 Vita
2599 5366 2732 5438 Gali.
2768 5369 3013 5424 Ambros.
3045 5373 3079 5425 l.
3114 5387 3183 5429 ix.
3217 5386 3266 5424 c.
3302 5372 3352 5424 1.

2749 5299 2901 5384 ῘΑΕρ.
2946 5302 3131 5384 10,.η.
3166 5302 3189 5352 1
3231 5303 3362 5384 et
3486 5299 3693 5384 yp._.9.

3114 5387 3183 5429 ix,
3217 5386 3266 5424 c.
3302 5372 3352 5424 1.
3430 5382 3454 5405 ο
3486 5370 3693 5426 Paulin.

3093 5444 3109 5476 ι
3143 5439 3321 5494 Carm.
3374 5441 3438 5492 16
3463 5480 3477 5502 ,
3508 5457 3560 5493 v.
3604 5441 3689 5493 17.

3241 5508 3300 5547 δι’
3328 5510 3484 5573 lbid.,
3518 5527 3570 5562 η.
3604 5510 3691 5563 11.

2226 5303 2237 5340 ί
2277 5299 2375 5371 Ep.
2410 5300 2579 5371 10,".
2609 5299 2666 5371 ρ.

2134 5454 2151 5479 τ
2184 5441 2361 5496 Carm.
2416 5438 2500 5491 15.
2581 5447 2600 5470 ³
2646 5437 2798 5501 lbid.,
2840 5455 2890 5490 v.
2926 5441 3012 5493 50.

2234 5520 2254 5546 τ
2286 5508 2439 5570 lbid.,
2475 5524 2527 5559 ιι.
2560 5506 2645 5559 15.
2724 5516 2780 5547 αι
2812 5506 2964 5570 lbid.,
2992 5526 3046 5562 η.
3077 5508 3163 5560 4i.
