4020 6186
254 341 311 389 ⁷⁷
1585 337 2101 397 PROLEGOMENA.
3428 339 3498 397 78

260 450 628 519 linus,'inqua
650 447 923 516 eleganter
941 449 1421 519 exponitiniquam
1445 451 1815 516 humilitatem,
1850 459 1892 513 Α
1925 467 2040 505 rum
2069 451 2227 505 etiam
2267 465 2365 518 pro
2395 449 2509 519 ipso
2536 450 2689 505 bonae
2726 450 3015 507 voluntatis
3052 451 3245 507 affectu
3293 454 3501 511 malue-

251 547 301 592 et
341 546 584 593 sanctam
624 539 926 608 superbiam
967 555 996 592 a
1027 540 1192 594 seculi
1220 542 1543 595 vanitatibus
1572 542 1817 605 liberam,

248 637 297 684 et
321 631 605 700 praceptis
636 630 929 700 subjectam
956 631 1165 685 divinis.
1200 630 1226 669 δ
1261 631 1491 685 Portitor
1523 633 1677 705 hujus
1704 635 1821 702 epi-

251 720 393 775 stola:
422 720 521 775 fuit
560 721 905 777 Sanemarius
929 739 1087 793 quem
1115 739 1180 778 ex
1210 739 1368 778 servo
1400 724 1648 778 libertum
1678 724 1822 779 fece-

250 817 324 863 rat
350 808 623 875 Paulinus,
656 820 714 864 ut
742 812 841 866 sub
870 811 1124 866 Ecclesia?
1152 812 1559 880 Burdegalensis
1591 814 1825 867 auctori-

250 908 348 953 tate
373 899 430 951 in
460 897 620 953 domo
660 898 868 953 Domini
898 900 1407 972 serviret,delegatis
1432 900 1498 954 ad
1541 910 1822 969 parentum

250 989 403 1057 ipsius
434 991 747 1044 memoriam
770 990 1059 1059 obsequiis.
1088 1002 1111 1030 ο
1134 992 1369 1046 Alteram
1394 993 1604 1060 scripsit
1630 1008 1734 1046 una
1756 992 1823 1046 ad

252 1078 591 1147 Delphinum,
619 1095 737 1149 qua!
768 1081 943 1150 periit.
979 1080 1101 1148 Agit
1128 1081 1269 1150 apud
1300 1081 1595 1136 Amandum
1616 1092 1675 1137 ut
1701 1098 1824 1137 san-

250 1170 313 1223 cti
335 1170 632 1239 presbyteri
654 1169 934 1240 Exsuperii
964 1186 1126 1239 opera
1152 1172 1203 1224 in
1232 1170 1482 1226 Ecclesia:
1502 1188 1623 1227 casa
1650 1180 1824 1227 terru-

253 1260 345 1311 lam
375 1258 756 1327 Sanemarius,
785 1275 889 1329 qua
931 1262 1134 1315 victum
1179 1278 1330 1317 suum
1374 1272 1645 1331 procuret,
1678 1264 1822 1319 acci-

252 1350 366 1419 piat.
400 1349 567 1404 Forte
594 1365 623 1403 a
653 1359 840 1405 sancto
870 1350 1094 1406 Paulino
1122 1366 1249 1419 ager
1276 1353 1364 1407 ille
1390 1369 1677 1408 concessus
1706 1355 1821 1409 fne-

249 1446 325 1491 rat
350 1438 594 1492 ecclesiae
633 1440 684 1492 in
713 1455 817 1507 qua
848 1449 1099 1509 parentes
1126 1440 1327 1494 humati
1359 1452 1540 1508 erant,
1586 1453 1640 1498 et
1672 1444 1823 1510 cujus

251 1527 482 1594 regimini
513 1528 794 1597 praefectus
822 1538 939 1582 erat
966 1529 1320 1599 Exsuperius,
1351 1532 1440 1599 qui
1472 1546 1692 1600 magnus
1735 1534 1823 1588 ille

249 1616 323 1668 vir
348 1613 370 1651 ἀ
404 1624 594 1685 postea
625 1617 908 1686 episcopus
935 1618 1231 1674 T010sanus
1259 1622 1491 1674 creditur
1516 1636 1545 1674 a
1570 1622 1817 1676 Baronio.

310 1706 357 1760 Ξ.
398 1708 525 1774 Agit
570 1723 785 1783 quoque
810 1724 932 1763 cum
975 1710 1222 1781 Amando
1252 1710 1506 1767 Paulinus
1532 1722 1554 1748 ε
1584 1713 1651 1767 de
1686 1730 1822 1783 quo-

1926 550 2051 595 runt
2078 540 2251 595 facere
2294 541 2437 609 quod
2480 541 2813 609 expediebat,
2845 555 3004 608 quam
3032 541 3173 611 quod
3204 542 3414 609 licebat,
3445 553 3502 599 et

1924 631 2118 685 dictam
2146 629 2360 684 domum
2390 639 2574 683 sancto
2612 630 2925 699 presbytero
2944 672 2957 696 ,
2988 630 3201 684 etiamsi
3230 632 3501 699 propriam

1925 735 2031 774 non
2070 720 2343 788 probaret,
2383 721 2589 774 restitui
2634 729 2812 774 tamen
2845 720 2960 774 sine
2984 719 3160 788 aliqua
3189 719 3502 777 diflicultato

1918 810 2209 879 jusserunt,
2236 820 2294 865 ut
2322 826 2462 876 eam,
2492 813 2536 867 si
2562 812 2629 867 de
2648 826 2745 866 suo
2771 810 2890 879 jure
2918 826 3022 864 non
3053 818 3251 879 posset,
3283 810 3351 865 de
3384 810 3501 865 illo-

1922 916 2039 954 rum
2073 908 2247 955 tamen
2274 916 2494 955 munere
2525 901 2835 970 possideret.
2860 900 3059 955 Laetum
3100 899 3228 954 illud
3255 900 3501 954 nuntium

1923 990 2128 1059 accepit
2157 989 2406 1044 Paulinus
2427 1000 2451 1027 ν
2476 1006 2541 1045 ex
2565 991 2753 1045 litteris
2781 990 3023 1059 Delphini
3041 999 3097 1044 et
3117 990 3365 1058 Amandi,
3385 990 3495 1058 qui,

1923 1088 1981 1133 ut
2030 1080 2316 1135 verisimile
2359 1088 2460 1144 est,
2491 1081 2773 1135 mittebant
2801 1081 2849 1135 ei
2896 1081 3095 1149 pariter
3120 1080 3349 1135 edictum
3392 1079 3498 1134 Da-

1922 1170 2081 1224 ducii.
2112 1170 2187 1224 lta
2232 1177 2286 1226 et
2326 1179 2351 1205 ι
2376 1170 2617 1238 planctus
2652 1172 2950 1241 presbyteri
2982 1171 3034 1225 in
3073 1170 3322 1240 gaudium
3369 1186 3498 1225 con-

1922 1274 2108 1314 versus
2135 1267 2238 1326 est,
2267 1268 2322 1314 et
2348 1261 2438 1328 qui
2460 1261 2859 1329 gratulabantur
2880 1261 2995 1329 ejus
3015 1262 3167 1315 malis
3185 1261 3499 1316 confusione

1922 1350 2122 1420 perfusi
2149 1358 2299 1415 sunt;
2329 1360 2384 1404 et
2412 1351 2493 1403 vir
2520 1351 2618 1405 iste
2637 1351 3000 1406 sanctissimus
3019 1361 3046 1399 γ
3074 1350 3230 1419 hujus
3260 1350 3495 1405 liberali-

1923 1444 2046 1497 tatis
2074 1444 2299 1511 gratiam
2329 1442 2547 1511 perinde
2576 1443 2897 1511 praedicabat
2920 1457 2983 1496 ac
3001 1442 3045 1496 si
3068 1442 3358 1495 indebitum
3381 1457 3498 1495 mu-

1924 1549 2023 1586 nus
2052 1534 2346 1602 accepisset
2377 1550 2388 1585 :
2424 1547 2595 1599 neque
2621 1532 2733 1600 ipse
2760 1533 2935 1597 solus,
2973 1531 3063 1585 sed
3099 1541 3120 1567 ι
3152 1532 3342 1587 domus
3382 1530 3498 1599 ejus

1923 1630 2031 1676 tota
2081 1622 2315 1689 gaudens
2363 1622 2614 1677 consonis
2665 1620 2931 1689 Capuana:
2978 1619 3224 1673 Ecclesia:
3252 1626 3309 1673 et
3352 1618 3499 1673 urbis

1921 1714 2361 1783 gratulationibus
2417 1728 2524 1766 non
2577 1712 2825 1767 cessabat
2878 1711 3104 1764 Domino
3156 1709 3493 1763 benedicere.

249 1799 358 1852 dam
384 1808 578 1853 sancto
602 1800 917 1871 presbytero
958 1802 1064 1854 vita
1098 1810 1155 1855 et
1194 1811 1353 1857 astate
1380 1805 1690 1869 venerabili,
1723 1806 1811 1873 qui
1848 1802 1886 1860 Β
1917 1807 2046 1859 Orat
2071 1805 2321 1859 Paulinus
2348 1804 2647 1859 Amandum
2674 1814 2731 1841 κ·
2752 1806 2921 1859 uthos
2944 1818 3192 1872 proceres
3215 1803 3350 1856 ultra
3365 1801 3494 1855 soli-

251 1890 480 1957 injuriam
504 1905 722 1959 gravem
751 1900 805 1946 et
829 1893 1120 1947 alienarum
1142 1894 1332 1948 mdium
1365 1896 1611 1950 exsilium
1641 1898 1816 1965 patie-

249 1982 408 2035 batur.
450 1981 470 2019 f
515 1981 566 2035 ls
593 1981 835 2051 profecto
875 1983 1097 2040 Basilius
1134 1985 1513 2040 celeberrimus
1554 1986 1818 2055 Capuana:

251 2068 483 2125 Ecclesia!
511 2072 813 2141 presbyter,
845 2071 910 2125 de
956 2087 1063 2140 quo
1094 2073 1145 2125 in
1184 2074 1375 2127 litteris
1404 2090 1547 2129 anno
1575 2076 1819 2142 sequenti

251 2162 367 2215 datis
389 2163 498 2229 agit
528 2146 803 2217 Paulinus.
834 2162 902 2227 ls,
928 2164 1159 2231 inquam,
1192 2173 1310 2219 erat
1333 2174 1357 2213 ς
1380 2166 1677 2220 admirabili
1708 2168 1819 2235 pie-

252 2259 347 2305 tate
369 2268 561 2317 senex,
598 2250 621 2288 ιι
652 2250 804 2319 cujus
832 2262 947 2307 erat
972 2254 1160 2308 domus
1184 2269 1300 2324 qua:
1328 2270 1426 2323 per
1452 2256 1557 2309 vim
1599 2257 1672 2311 illi
1706 2256 1818 2311 fue-

249 2350 318 2395 rat
352 2350 535 2411 erepta
568 2358 596 2395 a
647 2342 869 2396 divitum
908 2344 1261 2412 quorumdam
1309 2346 1639 2410 hominibus,
1670 2348 1761 2415 qui
1796 2347 1810 2385 ί

250 2431 441 2497 quidem
481 2433 676 2486 divites
702 2433 753 2485 in
779 2432 1064 2501 Campania
1094 2433 1293 2503 pnedia
1337 2435 1624 2500 habebant,
1659 2437 1729 2489 ita
1760 2444 1820 2490 ut

248 2520 459 2575 afllictus
490 2526 505 2572 t
548 2538 711 2576 senex
760 2522 811 2575 in
840 2522 1027 2576 alienis
1060 2524 1262 2579 :cdibus
1288 2526 1449 2579 veluti
1481 2528 1630 2581 exsul
1662 2541 1820 2595 agere

249 2622 450 2666 coactus
492 2613 654 2666 fuerit
694 2631 706 2664 :
737 2628 837 2666 nec
865 2612 1087 2667 deerant
1116 2612 1138 2649 ιι
1174 2615 1408 2682 perversi
1450 2616 1691 2670 homines
1730 2611 1819 2685 qui

250 2704 553 2758 venerabilis
581 2704 724 2758 senis
752 2703 927 2757 dolori
956 2712 1009 2758 et
1038 2704 1189 2758 malis
1213 2706 1633 2772 gratularentur.‘
1656 2706 1819 2761 Vide-

250 2801 324 2846 tur
342 2793 451 2847 haec
479 2793 673 2861 injuria
706 2810 734 2845 a
766 2802 927 2860 gesttc
950 2794 1026 2847 rei
1055 2795 1330 2849 autoribus
1353 2795 1666 2850 Christianis
1688 2796 1819 2851 fuis-

249 2898 297 2937 se
323 2883 579 2951 profecta,
610 2899 728 2937 eum
758 2899 852 2937 cos
880 2882 1131 2939 Paulinus
1170 2883 1186 2923 1
1219 2895 1373 2939 vocet
1400 2902 1523 2941 suos
1551 2890 1741 2958 fratres
1770 2896 1821 2942 et

252 2982 283 3007 ω
302 2975 450 3043 ﬁlios.
477 2974 821 3041 Burdigalam
843 2984 867 3009 υ
885 2975 1077 3043 sepius
1090 2976 1372 3030 veniebant
1400 2995 1412 3030 :
1438 2978 1615 3048 itaque
1639 2990 1663 3015 υ
1689 2978 1823 3033 Pau-

252 3063 371 3118 linus
398 3063 649 3133 Delphini
680 3072 735 3117 et
775 3064 1000 3117 Amandi
1028 3080 1185 3135 opem
1238 3066 1624 3135 implorandam
1670 3068 1823 3124 duxit

1921 1907 2031 1952 tum
2061 1896 2308 1952 affectum
2333 1896 2536 1964 diligat,
2568 1900 2621 1949 et
2647 1895 2691 1948 si
2717 1894 2855 1948 forte
2904 1893 3003 1962 ipsi
3042 1891 3377 1959 Burdigalam
3408 1904 3489 1943 ve-

1921 1990 2098 2044 nerint
2126 1986 2473 2056 prazsentibus
2498 1985 2696 2051 gratias
2723 1984 2885 2036 etiam
2915 1982 2981 2037 de
3011 1980 3216 2034 Paulini
3244 1993 3494 2034 sensuum

1920 2094 1982 2133 ac
2012 2081 2273 2133 viscerum
2302 2076 2585 2131 affectione
2614 2073 2832 2137 reddat;
2862 2072 2947 2125 vel
2975 2071 3019 2126 si
3049 2070 3199 2123 tarda
3221 2068 3378 2122 fuerit
3399 2082 3467 2121 eo

1920 2187 2034 2224 rum
2052 2170 2224 2239 cOpia,
2250 2169 2497 2237 dignetur
2518 2166 2595 2220 eis
2616 2165 3027 2234 gratulationem
3047 2162 3277 2216 debitam
3307 2168 3362 2213 et
3386 2173 3474 2212 me

1919 2262 2076 2315 ritam
2104 2260 2530 2315 benedictionem
2559 2255 2738 2326 operis
2765 2254 2846 2307 sui
2891 2253 3133 2314 mittere,
3164 2258 3221 2304 ut
3247 2249 3418 2303 sciant
3443 2260 3500 2301 e‘.

1921 2353 2218 2419 intelligant
2246 2364 2406 2418 quam
2447 2355 2726 2417 acceptum
2758 2344 2867 2399 Deo
2903 2342 3225 2398 sacrificium
3255 2338 3493 2394 dederint

1921 2447 2019 2499 hac
2041 2443 2341 2497 obedientia
2385 2440 2504 2495 fidei
2536 2455 2664 2507 sure,
2707 2453 2812 2507 qua
2851 2436 3054 2491 Paulini
3082 2434 3396 2505 petitionem
3444 2431 3495 2486 in

1920 2534 2160 2603 Delphini
2186 2546 2239 2587 et
2259 2531 2483 2587 Amandi
2505 2532 2805 2585 interventu
2821 2526 3119 2582 exorabiles
3133 2529 3451 2592 receperunt
3478 2536 3493 2573 :

1921 2625 2164 2693 quamvis
2192 2622 2418 2693 proprio
2437 2622 2653 2675 nomine
2665 2620 2722 2659 δι)
2739 2618 2944 2672 litteras
2973 2616 3037 2669 ad
3059 2630 3153 2669 eos
3164 2614 3291 2668 dare
3310 2612 3497 2666 decre-

1921 2717 2083 2769 vissct
2106 2716 2218 2783 ipse
2255 2712 2505 2766 Paulinus
2532 2726 2652 2766 cum
2690 2709 2810 2779 quis
2836 2722 2902 2761 ex
2932 2708 3168 2775 ipsorum
3193 2701 3499 2757 hominibus

1921 2820 1952 2860 e
1978 2803 2269 2875 Campania
2298 2802 2634 2871 Burdigalam
2656 2814 2714 2854 se
2741 2796 3028 2854 conferret.

2466 2900 2695 2965 CAPUT
2733 2906 2945 2961 XXX”.

1924 3006 2311 3061 Pammachium
2342 3005 2403 3055 de
2424 3011 2584 3055 morte
2602 3000 2779 3051 uxoris
2801 2996 3094 3051 consolatur
3122 2991 3392 3044 Paulinus.

1995 3058 2236 3143 Delphini
2264 3072 2568 3143 wgritudiue
2594 3078 2767 3143 captat
2788 3065 3090 3143 humilitatis
3119 3062 3407 3115 materiam.
3433 3058 3497 3113 In

250 3171 341 3224 qua
368 3156 431 3209 de
468 3154 648 3208 sancti
691 3155 988 3225 presbyteri
1020 3157 1233 3223 negotio
1258 3172 1385 3210 cura
1429 3173 1459 3210 a
1487 3173 1546 3212 se
1574 3167 1819 3227 suscepta

1991 3139 2105 3217 ejus
2131 3139 2348 3216 gratiam
2381 3142 2553 3196 scribit
2582 3139 2884 3191 Anastasius
2914 3150 3048 3206 papa

252 3246 452 3301 haberet
472 3245 853 3316 patrocinium.
886 3255 910 3291 ρ
932 3244 1009 3297 Ad
1036 3245 1327 3300 Daducium
1371 3247 1531 3313 igitur
1557 3264 1719 3301 unum
1754 3263 1820 3303 ex

251 3338 342 3391 illis
361 3339 687 3408 prcecipuum
718 3334 969 3390 Paulinus
991 3336 1269 3405 epistolam
1298 3338 1609 3402 transmisit,
1629 3349 1655 3386 τι
1677 3354 1821 3391 eam-

252 3443 343 3498 que
378 3438 623 3499 apertam
654 3426 893 3481 Amando
924 3435 980 3480 ut
1008 3427 1122 3495 ejus
1148 3428 1226 3481 rei
1260 3436 1591 3483 momentum
1622 3437 1676 3483 et
1721 3444 1819 3484 ne-

251 3502 524 3575 cessariam
558 3518 747 3586 agendi
776 3517 1101 3571 celeritatem
1131 3525 1464 3584 agnosceret,
1489 3533 1551 3572 ac
1579 3518 1729 3588 petiit
1756 3520 1823 3573 ab

252 3622 310 3663 eo
336 3620 389 3661 ut
417 3610 588 3678 ipsius
616 3616 671 3660 et
696 3606 959 3675 Delphini,
990 3606 1071 3659 cui
1094 3606 1335 3675 profecto
1359 3608 1645 3674 scribebat,
1670 3624 1823 3662 com-

251 3699 508 3752 mendatio
545 3697 739 3751 litteris
766 3696 875 3751 suis
914 3696 1221 3762 accederet;
1252 3696 1557 3767 faceretque
1594 3707 1652 3753 ut
1699 3699 1823 3753 Delo

251 3788 447 3857 phinus,
479 3790 527 3842 si
581 3787 845 3841 Daducius
890 3788 941 3841 in
985 3787 1169 3842 Galliis
1208 3797 1369 3855 esset,
1409 3790 1525 3845 sine
1569 3790 1825 3847 dilatione

250 3890 337 3947 per
373 3893 700 3933 conservum
751 3876 959 3931 fidelem
998 3886 1054 3932 et
1098 3878 1410 3948 impigrum,
1442 3880 1526 3933 vel
1572 3881 1823 3935 clericum

251 3983 309 4021 ex
335 3971 459 4033 suis,
490 3969 582 4023 vel
613 3985 775 4023 unum
822 3985 885 4023 ex
918 3970 1361 4038 Alingonensibus
1389 3986 1481 4025 eas
1510 3970 1826 4027 deferendas

251 4068 453 4113 curaret
484 4079 496 4112 :
531 4057 682 4129 quod
710 4067 855 4112 certe
884 4059 1082 4112 indicat
1104 4057 1381 4113 Paulinum
1407 4060 1533 4115 olim
1559 4061 1825 4129 quoddam

251 4147 330 4215 jus
372 4149 424 4202 in
473 4150 621 4203 hunc
652 4162 835 4215 agrum
883 4148 1150 4211 habuisse,
1179 4164 1339 4217 quem
1391 4149 1528 4205 forte
1573 4150 1827 4206 Ecclesiae

254 4239 610 4310 Burdigalensi
638 4241 779 4294 dono
800 4240 1037 4307 dederat,
1065 4250 1086 4277 ι’
1110 4242 1259 4309 cujus
1287 4240 1535 4297 Ecclesia:
1561 4244 1827 4311 quondam

251 4329 399 4386 fuisse
428 4348 527 4401 per
556 4332 757 4385 multos
784 4348 953 4386 annos
983 4334 1359 4401 comperimus.
1392 4332 1597 4388 Paulini
1628 4345 1649 4371 ³
1683 4336 1828 4389 litte-

250 4438 316 4475 rae
346 4440 463 4477 cum
496 4423 750 4493 Delphini
780 4430 835 4476 et
864 4423 1085 4477 Amandi
1121 4425 1673 4479 commendationibus
1700 4441 1829 4480 con-

1991 3239 2043 3291 1.
2078 3237 2316 3302 Paulina,
2340 3244 2534 3290 sancta:
2562 3234 2735 3288 Paulm
2767 3230 2888 3294 lilia,
2912 3236 2968 3283 et
2994 3238 3128 3280 uxor
3149 3219 3497 3287 Pammachii,

1920 3328 2062 3382 diem
2090 3342 2395 3396 supremum
2429 3336 2481 3363 σε
2506 3325 2641 3379 obiit
2665 3324 2806 3377 circa
2838 3320 2993 3373 finem
3022 3317 3145 3371 anni
3176 3314 3297 3369 597.
3326 3309 3499 3363 Pauli-

1922 3437 2022 3475 nus
2043 3417 2100 3457 δά
2128 3419 2339 3473 nonnisi
2382 3425 2504 3487 post
2533 3416 2729 3471 multos
2776 3428 2985 3469 menses
3014 3419 3241 3466 mortem
3272 3408 3387 3477 ejus
3409 3425 3499 3465 co-

1921 3512 2104 3581 gnovit
2131 3518 2185 3565 et
2213 3518 2432 3580 propter
2459 3508 2563 3563 loci
2608 3507 2963 3562 remotionem
2992 3510 3046 3558 et
3074 3503 3380 3557 nuntiorum
3422 3517 3501 3555 ra-

1922 3605 2157 3669 ritatem,
2176 3615 2401 3669 eamque
2422 3600 2625 3667 accepit
2652 3612 2719 3652 ex
2748 3597 2936 3651 litteris
2960 3594 3236 3663 cujusdam
3248 3594 3491 3659 amici“,

1923 3695 2151 3767 Olympii
2175 3694 2403 3766 scilicet,
2421 3691 2579 3761 idque
2605 3688 2653 3727 τί
2682 3690 2734 3743 in
2763 3689 2965 3752 hieme;
2990 3686 3143 3755 cujus
3172 3687 3502 3755 tempestatis

1926 3788 2265 3844 inclementia
2305 3794 2359 3840 et
2396 3785 2549 3839 solita
2578 3783 2899 3837 valetudinis
2928 3780 3236 3835 infirmitate
3265 3782 3502 3850 prohibi-

1926 3888 2011 3934 tus
2040 3887 2123 3933 est
2157 3892 2224 3931 ne
2252 3873 2651 3929 Pammachium
2692 3872 2807 3941 ipse
2848 3872 3045 3936 adiret,
3078 3878 3134 3925 ut
3162 3871 3215 3925 in
3241 3872 3381 3925 votis
3408 3873 3503 3927 ha-

1926 3969 2119 4023 bebat:
2155 3964 2271 4019 tulit
2297 3964 2439 4019 enim
2464 3971 2521 4009 88
2544 3962 2851 4031 gravissime
2880 3963 3038 4019 amici
3076 3962 3335 4018 dolorem.
3370 3963 3502 4018 Cum

1927 4073 2049 4113 eum
2077 4057 2238 4125 igitur
2266 4054 2413 4109 adire
2441 4068 2547 4108 non
2576 4064 2785 4123 posset,
2815 4055 3077 4125 prolixam
3118 4057 3192 4111 illi
3221 4057 3502 4127 epistolam

1926 4147 2139 4216 scripsit
2176 4146 2231 4199 in
2281 4160 2383 4215 qua
2430 4145 2603 4214 primo
2631 4144 2746 4214 pias
2774 4144 2889 4214 ejus
2931 4146 3190 4218 lacrymas
3218 4147 3270 4202 in
3319 4147 3504 4204 funere

1930 4237 2202 4306 conjugis,
2234 4244 2344 4290 tum
2388 4234 2581 4290 deinde
2609 4236 2874 4306 impensas
2908 4252 3004 4306 pro
3033 4236 3293 4293 defunctae
3313 4240 3499 4293 solatir.

1930 4329 2114 4397 egenis
2139 4327 2507 4397 eleemosynas
2526 4326 2770 4381 laudibus
2798 4327 3140 4396 prosequitur
3172 4347 3184 4381 :
3225 4344 3343 4397 qua:
3384 4329 3513 4387 ulti~

1932 4433 2019 4472 ma
2048 4432 2171 4487 pars
2199 4417 2480 4486 epistolam
2504 4417 2633 4470 olim
2660 4417 2730 4470 55
2758 4417 2869 4472 fere
2897 4418 3157 4486 integram
3187 4421 3507 4490 occupabat,

251 4510 435 4578 iunctm
477 4521 727 4581 optatum
759 4512 959 4565 exitum
1009 4512 1326 4567 habuerunt.
1370 4514 1585 4582 Adjuvit
1622 4516 1637 4551 ί
1689 4514 1827 4570 Deus
1855 4509 1905 4571 D
1929 4508 2081 4577 cujus
2107 4515 2223 4563 erat
2245 4507 2312 4560 ad
2333 4507 2597 4562 Alethium
2634 4506 2928 4575 inscriptio.
2963 4507 3159 4563 Verum
3185 4511 3419 4565 ostendit
3449 4510 3509 4552 δὴ

252 4616 532 4671 pauperem
564 4604 710 4655 hunc
746 4603 1110 4673 presbyterum
1151 4603 1218 4657 de
1244 4605 1601 4672 mendicitate,
1634 4607 1829 4661 illumi-

1928 4599 2226 4656 Chiflletius
2262 4613 2498 4654 errorem
2527 4613 2645 4653 esse
2689 4598 3047 4663 manifestum,
3079 4608 3132 4653 et
3153 4608 3323 4656 totum
3366 4603 3509 4660 hunc

252 4693 388 4745 navit
416 4702 471 4747 et
514 4694 820 4747 bumiliavit
860 4694 964 4747 alta
1008 4696 1113 4766 56
1138 4695 1359 4750 divitum
1403 4698 1584 4764 corda,
1608 4699 1697 4768 qui
1736 4714 1831 4766 per
1930 4693 2105 4747 locum
2144 4690 2413 4761 pertinere
2441 4689 2506 4743 ad
2534 4689 2809 4758 epistolam
2841 4688 3185 4743 tredecimam
3213 4692 3361 4760 (olim
3392 4695 3506 4763 57),

252 4785 415 4851 exigui
438 4786 703 4839 domicilii
727 4786 923 4853 justam
953 4787 1341 4842 restitutionem
1370 4797 1627 4843 mternum
1652 4791 1753 4844 sibi
1777 4792 1829 4843 in

255 4876 447 4929 caelein
492 4876 847 4930 tabernaculo
884 4878 1133 4946 pauperis
1170 4880 1371 4943 sancti,
1401 4895 1429 4933 a
1459 4895 1565 4948 quo
1602 4881 1830 4935 invicem

256 4966 597 5034 recipientur,
632 4966 916 5034 hospitium
945 4976 1287 5034 paraverunt.
1318 4967 1512 5037 Sicque
1532 4977 1557 5003 υ
1582 4964 1687 5022 non
1716 4984 1829 5021 mo-

258 5053 337 5119 do,
364 5072 486 5117 cum
520 5064 747 5125 possent
776 5056 1089 5122 transgredi,
1124 5074 1228 5111 non
1257 5068 1379 5112 sunt
1404 5058 1719 5126 trangressi;
1749 5073 1833 5113 ve-

1930 4796 2049 4851 qua‘.
2070 4789 2152 4836 est
2178 4780 2243 4834 ad
2266 4778 2682 4834 Pammachinm.
2725 4778 2919 4833 Fuerat
2944 4795 3155 4850 semper
3188 4782 3233 4819 ιε
3265 4782 3503 4840 Pamma-

1933 4875 2039 4929 ehii
2063 4887 2271 4927 memor
2285 4870 2554 4935 Paulinus,
2588 4879 2645 4925 et
2668 4872 2768 4940 57
2801 4872 3041 4926 tamenii
3068 4887 3301 4941 congrua
3333 4876 3509 4930 burni-

1934 4966 2085 5019 litate
2134 4964 2402 5018 silentium
2449 4974 2785 5027 servaverat,
2812 4964 2982 5018 donec
3026 4974 3250 5033 urgente
3288 4969 3510 5023 caritate

1937 5064 2181 5126 opertum
2210 5064 2428 5125 pectore
2454 5054 2698 5111 affectum
2718 5055 2952 5110 reclusit.
2969 5054 3373 5127 “Olympius,a
3402 5075 3508 5129 quo

318 5253 545 5324 'Epist.
609 5252 698 5324 is,
752 5253 894 5324 ηρ.
972 5251 1182 5324 ξιωιι..
1231 5251 1416 5324 n._12.
1492 5250 1697 5324 ξτιωίιὲ
1762 5250 1822 5324 di

1917 5265 2128 5324 *on._an.
2149 5247 2282 5324 ¹495,
2314 5246 2459 5324 §_6l.
2533 5256 2562 5324 ξ
2592 5246 2821 5324 Pauli_n.,
2862 5262 2949 5324 ep.
2982 5246 3157 5324 Han.
3190 5248 3292 5324 1-2.-
3319 5320 3330 5324 _
3406 5250 3504 5321 Ep.

260 5316 317 5374 l4
340 5365 354 5385 ,
379 5316 431 5377 n:
463 5326 521 5375 4.
604 5334 631 5391 β
662 5322 759 5390 Ep.
786 5320 877 5391 15,
908 5322 1017 5375 n3.
1095 5322 1119 5391 ll
1149 5322 1244 5391 Ep.
1282 5321 1362 5386 M,
1394 5338 1427 5374 n
1480 5320 1531 5373 4.

262 5391 307 5461 5.
378 5390 820 5461 °Ep.lﬂ,n.13.
904 5390 1279 5460 "Ep.l:‘5,n.5.

1614 5320 1875 5389 iEp.15,
1924 5338 1977 5375 η.
2010 5321 2062 5373 5.
2144 5317 2284 5388 iEp.
2320 5316 2406 5382 is,
2447 5316 2584 5371 n.‘2.
2646 5317 2693 5389 Διι-
2731 5317 2827 5387 Ep.
2860 5318 3037 5389 πλη.
3071 5317 3122 5389 2.

1359 5402 1381 5426 ο
1405 5391 1558 5453 lbid.,
1591 5406 1645 5443 n.
1676 5387 1740 5454 2';
1772 5398 1827 5459 et
1853 5389 2170 5459 ep.l&,n.5.
2247 5399 2274 5437 Ρ
2304 5388 2400 5458 Ep.
2436 5388 2531 5459 12,
2553 5403 2605 5459 ῃ.
2638 5387 2723 5440 12.

3208 5319 3221 5357 ¹
3256 5318 3410 5385 lbid.,
3452 5318 3505 5376 it.

2798 5399 2823 5436 σι
2857 5388 2981 5441 ibid.
3064 5398 3084 5423 τ
3114 5388 3290 5443 Vinet.
3330 5391 3381 5442 in
3412 5406 3507 5442 no-

263 5460 320 5531 tis
344 5462 407 5515 ad
437 5456 663 5531 Auson.
728 5460 978 5531 '_Paulin.
1005 5456 1095 5531 ep.
1130 5462 1215 5527 15,
1242 5477 1293 5513 η.
1318 5461 1400 5531 5.‘
1438 5460 1533 5528 Ep.
1569 5459 1664 5531 li,
1687 5475 1739 5511 n.
1771 5458 1822 5531 4.

1917 5470 1923 5494 ι
1956 5458 2057 5531 Ep.
2090 5457 2259 5531 l5,__n.
2286 5456 2384 5531 5.;
2416 5456 2693 5531 Vlb_id_._,n_.
2718 5457 2780 5521 2;
2805 5467 2989 5531 et__ep.
3140 5475 3192 5511 n.
3217 5458 3370 5531 5.“)
3408 5458 3502 5527 Ep.

264 5527 339 5591 15,
368 5549 421 5584 n.
448 5531 507 5584 2.
586 5541 617 5579 1
648 5529 802 5594 lbid.,
836 5546 887 5582 n.
912 5531 964 5582 5.

304 5599 414 5653 107.
492 5598 551 5640 δι’
569 5599 1100 5669 Paulin.ep.i5,n.‘2.
1183 5599 1468 5661 eclbid.,n.
1502 5600 1549 5651 1.

286 5669 349 5725 iu.
390 5684 475 5741 ep.
502 5670 595 5735 15,
638 5685 687 5723 n.
720 5668 773 5722 2.
854 5670 899 5720 lt
938 5670 1090 5735 lbid.,
1132 5686 1183 5722 n.
1224 5669 1244 5720 1
1285 5678 1335 5723 et
1378 5670 1426 5721 2.

1042 5528 1188 5584 tibid
1220 5570 1233 5592 ,
1258 5529 1382 5592 {1.2;
1413 5539 1571 5598 etep.
1606 5528 1762 5593 M,n.
1797 5529 1822 5580 ι1

1048 5600 1100 5651 ‘2.
1183 5599 1468 5661 eclbid.,n.
1502 5600 1549 5651 1.
1632 5600 1679 5635 τί
1706 5598 1816 5651 ΙὺΗ

1042 5672 1090 5723 1..
1132 5686 1183 5722 n.
1224 5669 1244 5720 1
1285 5678 1335 5723 et
1378 5670 1426 5721 2.
1507 5669 1559 5706 η
1591 5668 1745 5723 lbid..
1780 5684 1812 5721 n

1927 5536 1985 5566 ⁸⁸
2017 5528 2111 5598 Ep.
2144 5528 2229 5590 15,
2260 5544 2313 5580 ιι.
2355 5528 2406 5581 5.
2484 5528 2539 5567 δι’
2570 5528 2699 5581 lbid.
2782 5538 2834 5565 οε
2866 5528 2999 5581 Vide
3034 5528 3250 5581 Hieron.
3281 5528 3505 5590 llistnr.,

1917 5616 1955 5653 ι.
1989 5598 2041 5652 2.
2119 5608 2171 5647 εδ
2204 5596 2429 5663 lbid.,n.
2464 5599 2513 5653 5.
2593 5597 2649 5635 ωι
2680 5596 2851 5653 Chil'fl.
2888 5614 2939 5667 p.
2971 5597 3002 5651 8
3028 5606 3079 5652 et
3113 5596 3199 5650 20.
3282 5594 3325 5631 ii
3365 5594 3505 5653 Pau-

1651 5684 1745 5733 iu.,
1780 5684 1832 5722 n.
1874 5684 1916 5723 ι.

1927 5525 2111 5598 "Ep.
2144 5527 2229 5590 15,
2260 5544 2313 5598 n.
2355 5528 2406 5581 5.
2484 5528 2539 5567 ω’
2570 5525 2699 5598 Ibid.
2782 5538 2834 5598 cf:
2866 5525 2999 5598 Vide
3034 5526 3250 5598 Hieron.
3281 5525 3505 5598 llis_tor.,
