4020 6186
264 309 323 363 81
1607 297 1859 359 PROLEC

1959 300 2130 358 lENA.
3451 314 3523 369 Μ
3556 307 3565 313 ’

262 427 371 482 cat,
405 417 495 486 qui
524 431 555 470 e
582 412 754 486 patria
780 413 1171 477 discesserant,
1197 411 1369 467 Gallia
1393 411 1598 468 scilicet
1626 421 1685 466 ut
1714 427 1843 482 pro-
1872 416 1920 475 Δ
1949 432 1979 471 a
2018 417 2293 473 monachis
2337 416 2717 474 abhorrentem
2762 421 3149 490 proﬁtebatur:
3198 427 3291 483 sed
3344 429 3524 484 lumen

258 509 444 565 habile
471 515 571 572 est,
608 515 665 561 et
712 506 767 561 in
808 504 1157 575 Campaniam
1186 506 1353 575 ipsius
1378 519 1539 561 causa
1567 511 1844 559 venerant.

261 602 340 656 Ita
371 601 501 656 alibi
529 598 769 668 loquitur
794 597 865 653 de
888 596 1162 666 Theridio,
1189 611 1351 667 quem
1380 596 1677 652 Theridium
1697 612 1845 652 suum

260 700 499 748 vocat':

449 782 556 842 Vir,
578 794 756 831 munus
774 793 802 830 a
825 780 1019 842 Christo
1034 779 1172 842 mihi,

388 843 479 905 \‘ir
501 841 653 905 pacis,
676 852 727 894 et
753 844 826 892 vir
844 841 992 901 legis,
1017 850 1071 891 et
1090 843 1163 889 vir
1185 842 1375 903 gratiae,

450 904 689 965 Requies,
714 905 961 966 voluptas,
986 915 1127 951 mens
1141 914 1266 952 mea.

336 985 536 1040 Verum
565 986 656 1041 hic
674 985 863 1042 Romae
890 986 1024 1041 etin
1051 985 1214 1041 domo
1239 983 1455 1055 propria
1487 983 1743 1038 mansisse
1766 982 1847 1036 vi-

262 1078 441 1133 detur.
484 1076 727 1134 Credere
748 1091 858 1132 non
880 1075 1185 1132 dubitamus
1205 1074 1354 1128 illum
1386 1071 1847 1135 Posthumianum,

263 1183 391 1223 eum
419 1182 542 1223 esse
568 1167 662 1237 qui
704 1164 942 1221 maxime
986 1164 1291 1220 celebratur
1334 1162 1389 1216 in
1416 1160 1639 1231 Sulpicii
1666 1159 1851 1217 Severi

267 1258 523 1326 Dialogis,
546 1257 603 1311 in
629 1256 823 1325 quibus
849 1262 1073 1325 apparet
1090 1269 1212 1310 eum
1234 1251 1261 1293 ιι
1283 1268 1350 1309 ex
1372 1252 1653 1322 Aquitania
1690 1250 1852 1307 fuisse

269 1347 589 1413 oriundum,
623 1360 855 1415 eumque
878 1352 1005 1401 aute
1038 1344 1166 1400 illud
1205 1353 1416 1415 tempus
1443 1345 1547 1400 iter
1581 1345 1636 1399 in
1662 1342 1852 1399 Orien-

268 1448 378 1492 tem
408 1435 733 1499 confecisse,
764 1435 945 1503 illique
972 1434 1355 1504 Hieronymum
1384 1433 1659 1489 Bethleem
1688 1433 1853 1515 fuisse

270 1536 479 1582 notum.
528 1525 817 1594 inopinato
860 1523 959 1579 Dei
1001 1538 1226 1579 munere
1262 1530 1418 1578 erant
1445 1522 1633 1593 allapsi
1662 1521 1854 1577 Theri-

270 1618 389 1673 dius
433 1625 492 1672 et
535 1614 951 1672 Posthumianus
982 1626 1006 1654 ε
1036 1615 1205 1685 ignoti
1248 1614 1503 1681 Paulino,
1559 1616 1652 1685 qui
1679 1617 1852 1671 maxi-

272 1723 411 1762 mam
442 1707 499 1762 in
528 1708 637 1763 illis
662 1708 877 1763 elucere
902 1707 1154 1762 virtutem
1182 1708 1462 1778 comperit,
1492 1716 1547 1763 et
1574 1709 1627 1763 in
1656 1723 1719 1765 ea
1746 1723 1853 1778 qua

272 1812 331 1852 se
358 1797 711 1853 existimabat
745 1796 962 1853 beatum
990 1799 1163 1866 gratia
1196 1812 1291 1855 eos
1323 1807 1528 1853 tantum
1556 1799 1854 1870 increpavit

270 1887 416 1957 quod
444 1902 510 1942 se
538 1886 914 1943 familiaritatis
941 1902 1005 1943 ac
1031 1888 1233 1943 notitiae
1269 1887 1455 1945 Severi
1496 1897 1745 1960 expertes
1774 1890 1853 1945 fa-

272 1988 551 2046 terentur;
583 1978 692 2051 59
712 1994 889 2049 neque
923 1978 1216 2049 quidquam
1252 1980 1546 2036 studiosius
1580 1980 1855 2036 mandavit

273 2070 737 2141 proﬁciscentibus
781 2070 808 2109 ά
851 2085 883 2126 e
928 2069 1217 2141 Campania
1275 2072 1330 2126 in
1382 2070 1612 2141 patriam
1669 2085 1851 2138 suam,

276 2176 435 2232 quam
458 2160 529 2215 ad
560 2168 910 2232 conspectum
946 2161 1167 2232 Sulpicii
1202 2162 1386 2218 Severi
1412 2163 1856 2232 complexumque

277 2260 656 2321 properarent,
676 2261 700 2289 ο
723 2266 955 2321 eumque
980 2265 1306 2321 cognoscere
1332 2251 1582 2307 omnibus
1608 2252 1661 2306 in
1682 2252 1855 2322 patria

279 2341 439 2396 rebus
485 2349 545 2395 et
582 2340 729 2395 curis
772 2341 883 2396 suis
926 2348 1319 2411 anteponerent
1362 2349 1423 2395 ut
1466 2340 1730 2397 diutinum
1754 2341 1855 2398 sibi

279 2432 535 2485 damnum
560 2430 651 2485 vel
676 2445 798 2486 sero
824 2430 1170 2487 resarcirent.

343 2521 399 2577 2.
441 2520 536 2576 Eis
580 2521 745 2577 etiam
792 2520 941 2576 dedit
983 2519 1263 2592 epistolam
1295 2517 1317 2560 ί
1346 2518 1413 2575 ad
1455 2517 1665 2576 Jovium
1684 2520 1857 2576 virum

281 2613 334 2668 in
362 2612 554 2670 Galliis
593 2613 945 2669 clarissimum
967 2650 983 2677 ,
1031 2612 1254 2682 ejusque
1282 2622 1308 2661 ις
1331 2611 1564 2668 amnem.
1594 2611 1723 2667 Mihi
1750 2626 1857 2667 non

281 2704 450 2773 liquet
493 2711 675 2758 utrum
718 2703 858 2758 idem
901 2702 993 2758 ille
1036 2702 1107 2758 sit
1143 2701 1328 2757 Jovius
1370 2717 1528 2772 quem
1555 2702 1800 2757 Zosimus
1829 2701 1855 2736 ιι

281 2797 489 2851 clarum
541 2796 677 2850 dicit
732 2795 1038 2851 eruditione
1079 2794 1307 2865 aliisque
1351 2796 1580 2865 egregiis
1624 2795 1858 2861 dotibus,

281 2904 407 2943 cum
460 2888 633 2944 refert
681 2887 1091 2944 Constantinum
1142 2886 1434 2944 Galliarum
1481 2888 1860 2957 imperatorem

278 2995 405 3035 eum
433 2995 581 3035 anno
610 2978 715 3033 409
742 2980 953 3035 misisse
972 2981 1201 3049 legatum
1230 2981 1297 3035 ad
1319 2979 1632 3043 Honorium,
1662 2976 1861 3046 quique

280 3070 423 3123 forte
444 3077 530 3125 est
563 3069 656 3124 ille
683 3068 867 3124 Jovius
904 3066 1195 3124 Galliarum
1236 3068 1594 3124 nobilissimus
1614 3067 1705 3136 qui
1733 3081 1859 3136 pur-

277 3173 471 3228 puram
500 3158 675 3213 induit
698 3172 840 3213 auno
864 3156 961 3210 411
996 3166 1055 3212 ιιι
1082 3159 1373 3229 imperator
1391 3172 1423 3213 e
1444 3158 1552 3212 vita
1581 3157 1853 3225 migraret.

278 3247 411 3302 Erat
456 3249 605 3303 item
650 3256 779 3304 tunc
842 3249 1096 3320 temporis
1151 3249 1288 3304 alter
1321 3248 1338 3287 ί
1370 3247 1556 3303 Jovius
1604 3248 1857 3318 prastorio

278 3339 592 3410 przefectus,
625 3340 923 3411 imperante
958 3339 1197 3396 Honorio
1236 3356 1378 3396 anno
1413 3339 1517 3395 409
1548 3340 1715 3410 iisque
1742 3339 1855 3394 cla-

279 3431 522 3486 rissimus
563 3432 618 3486 in
646 3431 867 3500 hujusce
888 3432 1139 3503 temporis
1161 3431 1667 3502 perturbationibus.
1702 3431 1857 3498 Quis-

277 3520 400 3589 quis
428 3522 647 3577 tandem
678 3521 836 3577 fuerit
861 3521 1047 3577 Jovius
1075 3522 1165 3578 ille
1192 3521 1259 3577 ad
1280 3536 1441 3591 quem
1466 3521 1682 3591 scripsit
1707 3519 1852 3575 Pau-

279 3613 420 3666 linus
452 3623 467 3663 ι
507 3613 797 3666 maximam
826 3612 1164 3683 prudentiam
1192 3619 1248 3666 et
1286 3611 1574 3681 ingenitam
1602 3618 1659 3666 et
1682 3610 1857 3665 erudi-

280 3711 389 3757 tam
428 3702 699 3757 habebat:
732 3703 757 3740 ι
788 3703 1190 3757 humanioribus
1222 3702 1415 3758 litteris
1453 3702 1672 3759 omnino
1710 3702 1857 3758 dedi-

281 3803 403 3856 tus,
455 3799 848 3862 poetarumque
890 3792 1108 3847 lectioni
1153 3793 1495 3859 incumbens,
1537 3800 1782 3848 oratores
1805 3800 1859 3847 et

279 3882 631 3952 philosophos
657 3882 987 3952 perlegebat,
1018 3893 1074 3937 et
1100 3882 1356 3953 quidquid
1372 3882 1430 3956 in
1457 3881 1562 3937 illis
1588 3881 1857 3950 egregium

278 3979 401 4026 erat
444 3972 685 4026 maxime
726 3971 778 4026 id
815 3972 1073 4027 memoria
1106 3973 1342 4026 tenebat.
1393 3972 1634 4026 Grzecam
1658 3972 1860 4042 pariter

278 4072 337 4117 ct
364 4061 612 4117 Latinam
646 4062 877 4117 callebat
912 4062 1176 4132 linguam,
1205 4061 1463 4117 facundia:
1500 4062 1861 4132 doctrinaeque

280 4152 658 4207 fecunditatem
707 4152 895 4205 miram
941 4152 1209 4216 habebat,
1263 4149 1280 4189 ι
1329 4164 1575 4227 magnum
1618 4152 1779 4206 decus
1807 4161 1862 4207 et

280 4258 482 4297 nomen
524 4256 556 4297 e
601 4242 753 4311 με)ῶί
780 4242 881 4297 sibi
904 4250 1326 4310 comparaverat.
1369 4242 1414 4294 A
1443 4249 1630 4295 natura
1656 4252 1694 4278 ω
1720 4256 1857 4312 pra:-

279 4333 446 4387 stanti
474 4332 797 4400 sublimique
822 4340 1045 4386 ornatus
1065 4339 1181 4385 erat
1201 4331 1414 4398 ingenio
1438 4348 1451 4384 :
1476 4346 1662 4386 verum
1692 4332 1859 4386 nimio

281 4424 404 4495 plus
442 4431 469 4458 ⁸³
516 4422 869 4491 philosophos
915 4420 1247 4476 academicos
1290 4421 1615 4487 sectabatur,
1661 4422 1754 4490 qui
1800 4422 1853 4475 in

284 4513 720 4569 contentionibus
766 4512 834 4567 de
880 4511 1165 4566 Divinitate
1206 4511 1466 4580 assumpti
1493 4525 1706 4579 semper
1735 4525 1852 4566 eam

281 4605 598 4673 quati-ebant
620 4644 637 4670 ,
684 4612 739 4657 et
786 4616 1074 4670 numquam
1115 4601 1490 4666 inveniebant,
1522 4602 1647 4670 quia
1683 4615 1857 4670 neque

282 4703 437 4749 erant
480 4694 613 4749 satis
655 4693 776 4763 puri
822 4700 879 4748 et
921 4691 1278 4760 intelligentes
1305 4700 1364 4746 ut
1400 4690 1566 4746 Deum
1590 4691 1853 4758 viderent,

281 4800 461 4855 neque
498 4784 631 4839 satis
672 4783 901 4838 humiles
946 4790 1006 4836 ut
1051 4797 1173 4837 eum
1220 4797 1329 4836 non
1356 4781 1526 4836 visum
1552 4781 1851 4837 crederent.

283 4876 513 4933 Litteras
533 4885 560 4913 ο
583 4877 845 4930 humanas
871 4875 1036 4930 sacris
1068 4873 1463 4944 posthabendas
1487 4887 1604 4928 esse
1632 4872 1860 4929 ducebat

282 4969 467 5023 iuvius
490 5006 507 5033 ,
561 4968 677 5022 istis
717 4974 898 5020 tamen
944 4964 1121 5019 minus
1160 4978 1319 5033 quam
1349 4962 1452 5017 illis
1481 4970 1599 5017 erat
1624 4961 1853 5016 deditus.

282 5059 551 5113 Christum
576 5067 603 5106 Ρ
624 5056 738 5111 veri
774 5055 988 5110 luminis
1021 5053 1223 5108 fontem
1257 5052 1608 5122 agnoscebat,
1636 5059 1691 5106 et
1718 5050 1849 5106 Pau‘

284 5150 371 5203 lini
401 5161 590 5203 amore
628 5144 918 5202 Christiani
960 5142 1193 5199 nominis
1221 5142 1517 5198 studiosum
1544 5155 1603 5196 se
1631 5151 1658 5191 ει
1688 5156 1863 5206 neque

1882 3116 1930 3181 C

1948 506 2049 561 sibi
2076 507 2348 574 cognitum
2377 522 2484 562 non
2512 509 2859 579 sequebatur,
2884 526 2981 581 pro
3009 518 3353 572 excusatione
3381 534 3524 588 prze-

1948 594 2172 650 tendens
2218 597 2475 666 imparem
2517 612 2577 653 se
2619 599 2819 666 adhuc,
2869 609 2896 641 ι
2939 611 2988 655 et
3016 603 3128 659 ideo
3156 622 3258 659 non
3286 623 3526 678 capacem

1948 682 2068 748 Dei,
2109 686 2230 755 quia
2269 687 2485 740 terrenis
2513 686 2661 742 rebus
2698 696 2748 743 et
2786 690 2922 744 curis
2961 692 3226 761 obsessus,
3257 695 3319 748 ab
3342 699 3525 753 altiore

1948 782 2183 842 suspectu
2203 775 2475 830 cmicstium
2496 779 2645 847 quasi
2666 780 2980 850 interpositis
3000 782 3213 838 nubibus
3234 796 3524 854 arceretur;

1954 870 1976 898 ³
2007 861 2347 934 Tributisque
2371 865 2658 932 solvendis,
2683 883 2714 922 a
2742 870 2935 938 quibus
2955 886 3063 926 non
3091 883 3244 928 erant
3264 875 3527 933 immunes

1949 951 2035 1006 vel
2080 954 2434 1021 potentissimi
2472 970 2757 1024 proceres,
2806 970 3122 1029 occupatum
3149 978 3207 1018 se
3234 979 3352 1020 esse
3378 967 3526 1023 dice-

1950 1042 2062 1096 bat.
2091 1041 2223 1096 Cum
2250 1057 2316 1098 eo
2350 1044 2366 1079 ‘
2401 1044 2686 1100 amicitiam
2712 1045 2963 1115 junxerat
2987 1047 3265 1117 Paulinus,
3299 1056 3525 1110 nullam-

1950 1150 2054 1206 que
2081 1135 2147 1192 ad
2175 1151 2296 1191 eum
2328 1139 2595 1195 scribendi
2622 1142 3062 1209 praetermittebat
3088 1147 3451 1202 occasionem.

2512 1276 2738 1334 CAPUT
2758 1277 2995 1336 XXXIV.

1952 1363 2228 1438 Egregiam
2253 1365 2403 1422 Iovio
2432 1367 2605 1422 scribit
2646 1368 2898 1424 Paulinus
2935 1372 3231 1495 Ἓὶειοιαηι,
3275 1391 3377 1446 qua
3410 1392 3525 1430 eum

2019 1438 2207 1490 excitet
2241 1438 2309 1490 ad
2360 1437 2515 1495 ﬁdem
2565 1440 2902 1495 uietatemaue
2997 1442 3300 1495 hristianam
3328 1447 3522 1495 amnte-

2019 1437 2207 1515 exCitet
2241 1438 2309 1490 ad
2359 1437 2515 1507 ﬁdem
2565 1440 2902 1510 pietatemque
2954 1437 3300 1497 Christianam
3328 1447 3522 1515 ample-

2024 1507 2280 1562 ctendam.

2025 1616 2076 1670 1.
2118 1616 2319 1673 Navis“
2349 1618 2624 1687 aliquanto
2653 1627 2776 1676 ante
2803 1630 3040 1692 tempore
3068 1638 3262 1694 magno
3288 1627 3526 1696 pondere

1956 1710 2161 1778 argenti
2186 1720 2425 1776 onerata,
2456 1713 2602 1780 gravi
2631 1722 2659 1750 τ
2683 1712 2881 1782 jactata
2907 1723 3224 1786 tempestate
3248 1719 3386 1774 inter
3414 1735 3526 1773 ma-

1955 1800 2104 1857 rinos
2129 1809 2307 1857 tamen
2335 1803 2568 1858 vortices
2594 1812 2805 1858 servata
2834 1805 3039 1874 fuerat,
3082 1816 3136 1862 et
3158 1809 3211 1862 in
3239 1809 3385 1864 littus
3413 1811 3525 1879 eje-

1954 1899 2041 1947 cta
2072 1891 2126 1946 in
2153 1906 2263 1960 quo
2294 1890 2554 1947 familiare
2584 1894 2806 1948 Paulino
2834 1896 3107 1964 oppidum,
3154 1906 3209 1952 et
3246 1898 3400 1954 Jovio
3428 1916 3527 1968 pa-

1955 1979 2265 2034 trimonium
2293 1989 2440 2046 erat;
2471 1982 2543 2035 ita
2566 1990 2626 2035 ut
2654 1991 2865 2038 mortuo
2890 1985 3094 2053 argenti
3116 1988 3356 2051 custode,
3390 1990 3528 2044 inter

1955 2068 2211 2126 hibernos
2252 2070 2492 2125 turbines
2520 2080 2574 2127 et
2602 2081 2791 2127 nautas
2820 2088 3011 2129 avaros
3052 2085 3321 2131 servatura
3348 2087 3529 2134 tamen

1954 2159 2131 2215 fuerit.
2207 2159 2283 2217 De
2327 2162 2431 2217 hoc
2471 2150 2693 2230 argento
2738 2160 2990 2218 Paulinus
3036 2172 3063 2200 ι
3111 2173 3381 2233 tamquam
3428 2184 3528 2224 suo

1955 2251 2144 2315 unius,
2176 2259 2269 2305 aut
2304 2251 2489 2305 saltem
2516 2251 2616 2306 sibi
2645 2266 2765 2305 cum
2792 2250 2947 2307 Jovio
2980 2255 3249 2308 communi
3274 2256 3527 2325 loquitur.

1954 2339 2091 2397 Illud
2147 2351 2177 2392 γ
2228 2351 2385 2398 vocat
2429 2352 2697 2415 argentum
2740 2345 2907 2399 sancti
2950 2346 3237 2400 commercii
3271 2363 3289 2402 :
3339 2348 3529 2416 quibus

1956 2434 2133 2491 verbis
2159 2434 2278 2504 quis
2305 2436 2412 2507 60
2438 2433 2615 2490 forsan
2657 2435 2983 2490 existimabit
3009 2435 3289 2491 Paulinum
3327 2438 3529 2493 indica-

1956 2526 2095 2582 visse
2124 2526 2253 2582 illud
2295 2534 2571 2597 argentum
2602 2525 2765 2581 fuisse
2808 2528 3132 2597 pauperibus
3177 2528 3524 2587 destinatum.

1957 2614 2016 2672 Id
2037 2618 2167 2673 satis
2195 2632 2225 2672 a
2248 2630 2504 2687 germano
2533 2623 2695 2672 Sensu
2722 2617 2973 2672 alienum.
3017 2617 3080 2672 Et
3104 2626 3363 2688 praeterea
3391 2637 3528 2689 quo-

1958 2707 2120 2763 modo
2161 2708 2215 2763 in
2259 2716 2467 2779 partem
2512 2706 2650 2762 illius
2677 2707 2908 2763 venisset
2931 2705 3149 2763 Jovius?
3178 2702 3472 2763 Mirandam
3505 2721 3527 2747 ι

1959 2797 2104 2852 illam
2131 2797 2346 2866 jactata:
2390 2798 2540 2852 navis
2584 2799 2888 2866 servatique
2934 2798 3140 2867 argenti
3188 2799 3528 2853 incolumita-

1959 2896 2090 2955 tem,
2121 2888 2175 2942 in
2199 2903 2303 2958 qua
2335 2896 2415 2943 tot
2447 2889 2541 2943 Dei
2570 2890 2709 2943 circa
2739 2885 2985 2943 homines
3011 2889 3357 2957 providentire
3383 2902 3526 2958 argu—

1962 2988 2142 3035 menta
2189 2979 2489 3035 emicabant
2534 2995 2601 3033 ex
2642 2978 2779 3034 Jovii
2826 2980 2990 3047 ip‘sius
3036 2980 3227 3033 litteris
3270 2982 3528 3049 comperit

1965 3067 2252 3124 Paulinus:
2304 3085 2409 3139 qua
2458 3069 2740 3124 occasione
2768 3069 2845 3121 uti
2873 3068 3059 3134 voluit,
3089 3076 3145 3123 ut
3168 3068 3323 3124 Jovio
3352 3080 3529 3123 serva-

1962 3166 2070 3213 tam
2100 3159 2243 3213 illam
2272 3158 2551 3229 pecuniam
2580 3157 2852 3227 gratulans
2889 3155 3046 3211 simul
3073 3173 3194 3212 eum
3224 3158 3530 3212 hortaretur

1957 3258 2012 3287 ⁸⁸
2044 3264 2111 3304 ne
2139 3248 2234 3303 Dei
2264 3257 2455 3303 munus
2496 3246 2821 3301 adscriberet
2841 3247 3070 3310 casibus,
3114 3257 3168 3302 et
3193 3247 3287 3303 Dei
3326 3244 3531 3303 beneﬁ-

1959 3339 2120 3405 cium,
2151 3353 2438 3393 vacuorum
2474 3338 2565 3392 fati
2594 3335 2924 3406 fortunaque
2961 3338 3234 3392 numinum
3276 3354 3393 3393 esse
3425 3354 3529 3393 non

1957 3435 2292 3496 agnosceret.
2349 3424 2591 3481 Oblalam
2639 3435 2746 3480 tam
2784 3426 3091 3496 praeclaram
3112 3426 3170 3467 δι’
3193 3427 3303 3482 Deo
3331 3428 3532 3495 gratias

1957 3517 2149 3587 agendi
2195 3516 2532 3574 occasionem
2576 3531 2683 3571 non
2729 3518 2954 3587 arripuit
2998 3516 3211 3584 Jovius;
3256 3519 3419 3573 immo
3465 3520 3531 3572 ad

1958 3608 2234 3663 Paulinum
2263 3608 2474 3677 scripsit
2504 3622 2623 3662 eum
2644 3618 2696 3646 σο
2714 3607 2827 3662 Deo
2852 3606 3029 3662 facere
3060 3607 3304 3676 injuriam
3335 3609 3423 3675 qui
3455 3609 3531 3663 illi

1958 3699 2293 3754 adscribebat
2321 3699 2537 3753 morbos
2558 3736 2573 3762 ,
2616 3696 2917 3766 naufragia,
2952 3705 3313 3766 tempestates,
3345 3705 3399 3751 et
3425 3697 3530 3751 alia

1958 3791 2012 3845 id
2037 3804 2204 3858 genus
2237 3790 2377 3843 mala
2397 3827 2411 3853 ,
2441 3803 2558 3857 qua:
2597 3788 2762 3841 fatum
2803 3795 2858 3840 et
2883 3786 3150 3841 fortunam
3179 3787 3290 3840 Deo
3313 3787 3530 3841 aemulas

1958 3887 2255 3950 potestates
2281 3878 2451 3946 magis
2474 3891 2633 3946 quam
2662 3876 2829 3930 Deum
2860 3876 3031 3945 ipsum
3056 3875 3335 3929 decebant.

2029 3970 2082 4023 2.
2123 3967 2218 4024 His
2257 3967 2448 4022 litteris
2471 3964 2527 4003 δά
2548 3980 2644 4036 per
2671 3964 3107 4020 Posthumianum
3138 3973 3193 4019 et
3220 3964 3527 4019 Theridium
3602 3969 3604 3971 ’

1960 4056 2240 4129 respondit
2268 4055 2548 4120 Paulinus,
2580 4055 2671 4123 qui
2707 4054 2879 4109 noluit
2916 4069 3046 4109 sane
3073 4055 3407 4108 occasionem
3435 4070 3530 4124 per

1961 4167 2055 4207 eos
2067 4151 2131 4206 ad
2150 4150 2294 4204 illum
2314 4148 2579 4204 scribendi
2601 4147 3026 4217 przetermittcre,
3042 4161 3107 4199 ne
3118 4146 3385 4199 videretur
3405 4161 3530 4199 eum

1961 4260 1991 4298 a
2020 4243 2147 4297 viris
2171 4240 2431 4308 religiosis
2458 4239 2834 4293 abhorrentem
2858 4237 3118 4306 judicare.
3141 4246 3193 4274 ευ
3211 4235 3288 4290 iiIi
3316 4238 3526 4307 probat,

1962 4347 2084 4387 cum
2108 4330 2335 4385 mundus
2358 4344 2465 4383 non
2491 4328 2591 4383 nisi
2620 4326 2792 4381 a-Deo
2821 4342 2928 4381 uno
2957 4333 3012 4379 et
3037 4326 3208 4381 creari
3235 4334 3288 4380 ct
3309 4342 3529 4380 conscr-

1962 4423 2075 4479 vari
2103 4421 2360 4491 potuerit,
2387 4420 2444 4473 in
2475 4418 2692 4473 dubium
2723 4416 2964 4470 revocari
2989 4430 3092 4469 non
3122 4430 3280 4484 posse
3307 4415 3432 4484 quin
3463 4415 3531 4468 ad

1962 4516 2103 4570 illius
2128 4514 2363 4581 regimen
2400 4524 2589 4565 omnes
2625 4518 2807 4562 motus
2832 4516 2886 4561 et
2913 4514 3089 4561 cetera
3121 4508 3298 4560 omnia
3328 4524 3447 4576 quae
3476 4508 3533 4561 in

1961 4619 2028 4661 eo
2058 4603 2191 4658 ﬁunt
2216 4601 2449 4657 debeant
2484 4597 2749 4663 revocari;
2784 4596 2829 4650 si
2857 4593 2996 4664 qua‘
3011 4595 3027 4632 ῐ
3045 4602 3222 4649 autem
3251 4603 3375 4650 sunt
3399 4612 3534 4664 quo-

1962 4710 2080 4751 rum
2119 4693 2358 4749 rationes
2396 4688 2650 4757 consequi
2695 4696 2749 4741 et
2791 4686 3042 4753 colligere
3086 4701 3193 4740 non
3240 4687 3532 4754 valeamus,

1964 4785 2129 4840 tutius
2172 4783 2326 4838 nobis
2371 4795 2487 4836 esse
2522 4779 2738 4833 altiores
2764 4775 3008 4831 sensibus
3034 4781 3089 4829 et
3118 4774 3535 4843 cogitationibus

1964 4872 2163 4928 nostris
2189 4885 2309 4926 esse
2332 4868 2599 4931 rationes,
2635 4880 2794 4935 quam
2824 4863 3023 4926 nullas,
3067 4863 3305 4918 credere.
3356 4862 3424 4917 Et
3450 4878 3536 4918 re.

1965 4976 2091 5016 vera
2122 4968 2177 5008 ss
2205 4973 2322 5028 qua:
2344 4956 2441 5011 Dei
2467 4955 2691 5011 bonitati
2716 4952 3005 5008 convenire
3032 4967 3137 5031 non
3169 4966 3326 5021 posse
3354 4952 3547 5006 vident.

1964 5063 2068 5117 tur,
2101 5052 2192 5107 illo
2213 5065 2336 5107 esse
2361 5048 2717 5118 dignissimas,
2745 5062 2865 5101 cum
2893 5060 2990 5115 per
3018 5060 3081 5100 ea
3108 5053 3426 5101 exerceatur
3446 5054 3537 5100 aut

1964 5143 2221 5212 probetur
2253 5141 2451 5206 virtus,
2495 5151 2617 5194 cum
2668 5152 2775 5192 non
2812 5135 2913 5191 nisi
2950 5150 3047 5205 per
3078 5135 3289 5191 labores
3315 5144 3371 5191 et
3398 5136 3536 5204 peri-

349 5320 374 5346 ⁸
404 5264 587 5363 Carm.
628 5303 719 5368 21,
749 5319 799 5358 v.
830 5300 952 5356 581.
1018 5299 1048 5339 ι’
1070 5299 1219 5371 ship.
1250 5298 1448 5371 dialog.
1478 5296 1533 5371 1,
1553 5311 1602 5371 c_.
1633 5294 1757 5371 20..-
1802 5306 1837 5371 ε-

1959 5296 2069 5371 an.
2098 5310 2183 5371 ea.
2211 5293 2298 5371 ἓν,
2423 5291 2474 5371 2.-
2511 5286 2819 5371 .dEp-..e6-
2851 5287 2996 5371 ηιξ.
3070 5285 3223 5371 ἴξιν·
3263 5285 3349 5371 ἓῗρ
3393 5302 3447 5339 ηο

288 5377 442 5450 fﬁp.
485 5375 575 5438 l6,
597 5391 675 5450 Δη.
700 5364 752 5426 1.
806 5371 1055 5450 ﬁmum.
1091 5364 1280 5450 ’γε
1302 5364 1429 5450 165ῖ
1479 5366 1546 5450 ἰλ
1563 5366 1685 5450 Zos.
1818 5364 2078 5450 1.,‘p.82:i_.

557 5433 772 5497 'yCann.
800 5441 887 5504 19,
904 5457 952 5493 v.
976 5439 1059 5493 10.
1137 5433 1177 5475 ni
1207 5437 1366 5504 lbid.,
1393 5453 1444 5488 v.
1479 5434 1568 5490 79.
1647 5444 1672 5470 η
1705 5433 1805 5502 Ep.
1840 5434 2105 5500 16,η.11,

563 5512 673 5558 bid-
742 5513 758 5545 ι
793 5510 949 5558 lhid..
1001 5525 1055 5558 n.
1099 5508 1153 5558 1.
1226 5517 1253 5543 α
1284 5505 1382 5558 En.
1416 5504 1503 5558 16.
1536 5520 1588 5557 n.
1621 5502 1673 5555 2.
1753 5514 1773 5539 ν
1807 5501 1961 5558 lbid..
2029 5520 2083 5557 η.

287 5544 337 5622 ῗέ
358 5544 519 5649 iam;
537 5544 678 5636 ’δ’ῗὶ
714 5544 771 5633 et
793 5544 981 5632 'a‘i'wib
1001 5544 1171 5645 'iimif,
1218 5544 1382 5631 οἶὲῗ
1422 5544 1503 5612 ἐἶ’
1536 5544 1695 5636 ϊιὶίᾶῖ,
1742 5544 1961 5627 η.’ἒῖ“”

286 5445 307 5484 ³
338 5445 466 5500 Ibid.
557 5445 772 5497 'Carm.
800 5445 887 5504 19,
904 5457 952 5493 v.
976 5445 1059 5493 10.
1137 5448 1177 5475 ιιι
1207 5445 1366 5504 lbid.,
1393 5453 1444 5488 v.
1479 5445 1568 5490 79.
1647 5445 1672 5470 ιι

286 5531 334 5569 n.
358 5519 411 5569 6.
487 5524 510 5551 ³
537 5512 673 5568 Ibid.
742 5513 758 5545 ί
793 5510 949 5573 lbid.,
1001 5525 1055 5562 n.
1099 5508 1153 5561 1.
1226 5517 1253 5543 α
1284 5505 1382 5575 Ep.
1416 5504 1503 5567 16,
1536 5502 1673 5575 n.2,

287 5663 339 5704 ις
364 5654 517 5716 lbid.,
552 5668 607 5707 n.
645 5649 679 5703 5
707 5658 765 5704 et
792 5648 845 5702 6.

2162 5366 2177 5401 ί
2210 5356 2327 5418 Cat.
2357 5358 2571 5417 Godefr.
2618 5356 2654 5411 ιζ
2694 5356 2779 5420 Vl,

2181 5442 2206 5470 °
2238 5431 2464 5495 lbid.,n.
2496 5429 2549 5481 6.
2627 5437 2651 5476 ρ
2680 5425 2827 5495 Ιὺὶςι.
2853 5492 2863 5495 _
2887 5436 2915 5474 ιι
2949 5425 3174 5489 lbid.,n.
3200 5425 3250 5477 1.

2029 5490 2176 5557 n.'6.
2254 5490 2463 5571 ιιδῖά..
2495 5496 2672 5571 n._1_.__
2712 5492 2887 5571 ylbid.
2968 5495 3175 5571 2_lbid:,
3210 5490 3346 5571 me
3399 5490 3531 5571 ειρ.

1966 5571 2019 5611 ιω
2049 5571 2203 5634 lbid.,
2254 5585 2308 5624 n.
2353 5570 2401 5621 1.
2450 5560 2535 5604 ὀε
2566 5565 2723 5630 lbid.,
2754 5579 2804 5617 n.
2843 5561 2877 5616 ‘2
2912 5571 2964 5618 et
2993 5564 3044 5617 3.
3126 5562 3175 5600 τ’(
3208 5560 3360 5621 lbid.,
3394 5575 3445 5610 n.
3478 5560 3537 5615 5.

2809 5371 2862 5424 p.
2893 5356 3017 5410 568.
3098 5360 3110 5406 1
3148 5356 3246 5424 Ep.
3271 5356 3355 5415 16,
3379 5372 3447 5424 _n.
3480 5357 3531 5407 6.

3330 5433 3350 5459 τ
3377 5422 3534 5485 lbid.,
