4020 6186
480 290 551 346 ss
1485 288 1539 343 s.
1582 287 1926 345 PAULINUS
1963 288 2290 345 somnus
2328 285 2719 343 urnscorus.
3320 252 3335 273 '
3654 278 3725 334 si

483 406 600 459 t-ula
630 400 855 457 virtutes
874 416 1108 457 Virorum
1135 402 1186 455 in
1212 396 1435 455 historia
1467 408 1575 454 tam
1614 402 1882 456 clarorum
1927 403 2061 457 emi-
2087 409 2133 463 Α
2162 420 2257 475 que
2284 404 2521 456 vitiorum
2540 444 2554 468 ,
2595 402 2775 473 quibus
2802 404 2977 455 animo
3012 419 3114 456 non
3154 400 3263 456 Deo
3290 403 3510 455 serviens
3549 403 3735 455 servire

484 496 716 559 cuerint;
751 494 794 547 si
822 504 845 529 Α
870 508 968 563 per
995 492 1101 545 fata
1138 492 1497 559 intelligantur
1524 500 1792 545 astrorum
1817 492 2061 556 eﬂ‘cctus,

486 594 626 639 astra
651 584 867 652 quidem
913 598 1032 637 esse
1078 582 1323 635 minimas
1352 582 1519 635 nostri
1549 582 1700 636 istius
1725 584 1907 636 mundi
1939 600 2063 653 par-

490 686 592 739 tes,
620 689 736 742 quze
766 674 859 727 Dei
890 672 1147 727 voluntati
1190 672 1477 739 parebunt;
1511 670 1537 709 δ
1568 680 1718 726 extra
1765 674 1906 727 hunc
1940 688 2063 728 sen-

489 780 605 817 sum
629 763 791 830 Fata,
821 761 1015 816 Parcas
1066 772 1121 817 et
1175 762 1463 815 Fortunam
1501 775 1649 815 cassa
1679 776 1797 815 esse
1825 762 2061 825 nomina,

491 869 637 922 quae,
663 870 786 909 cum
814 854 958 908 omni
987 853 1165 923 specie
1192 860 1447 916 careant,
1479 867 1581 906 nec
1607 853 1895 921 quidquam
1935 870 2064 937 pro-

492 947 687 1001 ducere
732 946 949 1010 valent;
996 947 1187 999 mirum
1226 946 1353 999 item
1381 960 1499 999 esse
1542 944 1861 1000 Platoneme
1895 947 2067 1016 ipsum

496 1034 630 1091 adeo
656 1036 877 1090 abusum
928 1050 1045 1090 esse
1092 1036 1339 1089 humanis
1367 1036 1582 1089 auribus
1611 1037 1785 1091 inanis
1814 1052 2069 1105 arrogan-

498 1129 567 1182 tia
596 1128 853 1184 facundia:
877 1170 892 1194 ,
937 1138 994 1183 ut
1020 1129 1296 1183 ridiculam
1325 1130 1479 1184 anilis
1515 1129 1705 1185 tabula:
1750 1132 2069 1185 cantilenam

497 1234 605 1275 non
643 1223 985 1277 erubesceret
1017 1222 1228 1290 scriptis
1264 1221 1375 1277 suis
1403 1222 1639 1275 inserere
1658 1264 1671 1286 ,
1702 1222 1757 1274 in
1785 1222 1979 1289 quibus
2006 1222 2072 1277 de

495 1312 672 1368 divina
693 1316 853 1369 etiam
876 1324 1064 1369 natura
1098 1315 1369 1385 disputare
1405 1315 1653 1370 audebat.
1681 1314 1966 1384 Postquam
1996 1316 2072 1370 sic

496 1405 741 1472 probavit
753 1403 777 1440 δ
806 1404 968 1459 Deum
991 1420 1107 1459 esse
1127 1414 1179 1459 et
1199 1414 1436 1460 nostrum
1456 1414 1511 1459 et
1526 1405 1762 1459 omnium
1774 1414 2071 1460 creatorem

498 1509 563 1549 ac
612 1495 925 1558 dominum,
975 1495 1122 1548 addit
1169 1505 1192 1533 ο
1243 1514 1254 1547 :
1299 1496 1365 1548 Et
1410 1497 1527 1566 quia
1574 1505 1793 1567 quantus
1857 1505 2073 1565 quantus

498 1593 592 1649 est,
627 1585 828 1638 bonitas
848 1623 862 1649 ,
890 1594 937 1638 et
965 1586 1247 1653 sapientia,
1292 1596 1340 1639 et
1368 1587 1511 1656 origo
1551 1586 1766 1640 rationis
1795 1594 1903 1649 est,
1946 1584 2075 1637 nihil

499 1675 598 1729 nisi
624 1678 822 1729 ratione
869 1677 1161 1738 constituit,
1207 1684 1255 1728 et
1296 1676 1364 1727 ad
1403 1677 1671 1730 materiam
1700 1691 1807 1729 sua:
1836 1673 2076 1728 bonitatis

2162 496 2477 548 damnatur:
2502 510 2615 565 qua:
2638 494 2822 547 deinde
2840 505 2896 547 ut
2916 496 3111 564 proprii
3134 503 3298 549 status
3325 492 3489 555 exsul,
3510 508 3602 561 per
3620 508 3736 545 om-

2164 603 2255 639 nes
2282 586 2647 655 cogitationum
2676 585 3307 647 suarum,autalienarum
3326 583 3623 652 opinionum
3650 582 3740 636 dc-

2163 678 2272 729 vias
2300 678 2405 730 vias
2435 678 2715 746 spargitur,
2738 694 2829 743 per
2848 676 3179 744 philosOphos
3210 692 3358 745 vaga,
3394 690 3455 727 ac
3481 690 3571 742 per
3599 673 3743 726 ario-

2166 768 2239 821 los
2270 768 2475 821 curiosa
2494 806 2508 829 ,
2535 769 2884 836 superstitioni
2914 768 3185 835 religiosa,
3231 767 3469 835 religioni
3497 766 3741 835 profana,

2164 872 2306 926 spem
2349 857 2483 909 inter
2528 873 2588 908 ac
2630 867 2817 909 metum
2862 872 3060 925 semper
3099 855 3350 925 ambiguis
3393 852 3746 921 affectionibus

2167 946 2413 1015 pendens.
2442 945 2580 999 Hinc
2617 948 2755 1001 omni
2784 958 2930 1001 vento
2959 946 3225 1016 cujuslibet
3252 945 3502 999 doctrina:
3530 944 3747 997 circum-

2169 1037 2297 1100 lata,
2344 1038 2463 1107 quia
2506 1039 2667 1092 divini
2706 1040 2904 1092 timoris
2926 1038 3402 1108 vacua,sapientia:
3445 1047 3599 1107 caput
3645 1054 3748 1091 non

2170 1129 2336 1180 liabet.
2368 1128 2553 1182 Finem
2583 1128 2709 1183 facit
2737 1139 2761 1166 ο
2792 1144 2915 1185 eum
2961 1144 3144 1183 rursus
3189 1128 3455 1183 hortando
3486 1138 3543 1182 ut
3569 1128 3750 1181 mittat

2172 1234 2383 1274 errores
2411 1220 2855 1290 pliil050phorum
2903 1229 2958 1277 et
2987 1222 3365 1291 ignorantiam,
3407 1228 3462 1275 et
3490 1221 3590 1275 sibi
3619 1222 3752 1278 satis

2172 1310 2243 1363 sit
2271 1310 2337 1363 ab
2366 1310 2468 1364 illis
2498 1311 2689 1379 lingua:
2716 1312 2927 1381 copiam
2956 1322 3011 1367 et
3030 1322 3276 1367 ornatum
3294 1352 3308 1377 ,
3339 1314 3485 1384 quasi
3513 1314 3752 1383 quwdam

2174 1398 2237 1452 de
2261 1399 2527 1453 hostilibus
2558 1403 2718 1455 armis
2760 1403 2927 1472 spolia
2971 1404 3183 1472 cepisse,
3232 1412 3314 1465 ut,
3345 1401 3545 1470 inquit,
3576 1419 3753 1456 eorum

2176 1489 2340 1541 nudus
2368 1490 2653 1554 erroribus,
2690 1502 2737 1543 et
2766 1492 2974 1545 vestitus
3002 1491 3212 1561 eloquiis
3235 1531 3250 1557 ,
3292 1493 3464 1561 fucum
3497 1492 3640 1544 illum
3669 1494 3754 1559 fa--

2176 1578 2377 1632 cundia:
2398 1619 2412 1641 ,
2467 1594 2564 1649 quo
2611 1580 2796 1649 decipit
2824 1597 2954 1634 vana
2975 1582 3229 1649 sapientia
3249 1620 3263 1647 ,
3288 1581 3453 1651 plenis
3481 1580 3627 1635 rebus
3658 1598 3753 1634 ac-

2179 1669 2498 1733 commodes;
2541 1687 2604 1723 ne
2647 1687 2859 1723 vacuum
2886 1673 3278 1741 figmentornm,
3307 1670 3752 1725 sedmedullutum

500 1768 708 1819 crearit.
751 1765 861 1837 Ipsi
903 1783 1052 1820 omne
1089 1766 1225 1836 quod
1262 1782 1434 1819 sumus
1464 1766 1842 1834 impendamus,
1887 1775 1936 1818 et
1964 1780 2076 1835 qua:
2111 1764 2153 1825 Β
2178 1761 2405 1813 veritatis
2434 1777 2617 1829 corpus
2641 1778 2920 1827 exornans,
2951 1778 3053 1815 non
3082 1762 3207 1815 solis
3234 1762 3490 1833 placitura
3520 1761 3752 1828 auribus,

500 1851 583 1906 illi
603 1856 793 1923 placita
835 1866 973 1919 sunt,
1001 1856 1294 1909 studeamus
1320 1856 1531 1920 discere,
1555 1866 1603 1907 et
1623 1858 1791 1926 facere
1819 1871 2071 1907 curemus.

504 1942 644 1998 Tunc
673 1946 922 2016 defwcata
943 1956 1117 2017 mente
1135 1948 1311 2013 purius
1340 1947 1612 2009 intuentes,
1646 1945 1923 1999 videbimus
1946 1945 2077 1997 hanc

500 2050 611 2088 esse
632 2037 922 2100 veritatem,
946 2045 1000 2088 ut
1032 2053 1065 2089 a
1097 2035 1200 2091 Deo
1221 2038 1322 2090 sint
1343 2046 1525 2089 cuncta
1553 2053 1666 2108 qua:
1689 2047 1808 2091 sunt
1824 2056 1840 2102 ;
1867 2048 1916 2091 et
1945 2038 2077 2090 hanc

500 2140 609 2177 esse
639 2127 1087 2196 consequentiam,
1126 2135 1181 2178 ut
1217 2127 1391 2179 omnia
1423 2125 1520 2179 Dei
1552 2130 1691 2197 facta
1737 2128 2078 2196 pulcherrima

501 2215 635 2279 sint;
659 2225 707 2267 et
734 2234 834 2269 non
857 2218 923 2268 sit
954 2218 1145 2269 malum
1163 2256 1176 2277 .
1209 2217 1343 2285 quod
1384 2217 1568 2269 bonum
1611 2216 1795 2269 habeat
1822 2228 2076 2279 antorem,

503 2307 587 2375 qui
616 2316 798 2357 cuncta
822 2322 913 2373 per
954 2306 1199 2358 mundum
1240 2306 1428 2358 nostris
1467 2305 1641 2358 usibus
1670 2309 2007 2375 pracpararit,
2031 2318 2079 2360 et

506 2397 695 2450 nostris
716 2396 1020 2449 utilitatibus
1042 2397 1179 2466 agit;
1208 2406 1255 2448 et
1280 2397 1350 2448 ita
1376 2397 1524 2448 istius
1566 2396 1913 2449 universitatis
1953 2414 2078 2466 opus

505 2486 753 2549 condidit,
777 2497 829 2538 ut
869 2488 975 2538 alia
999 2486 1067 2538 ad
1110 2487 1459 2549 serviendum,
1491 2487 1598 2539 alia
1627 2488 1693 2539 ad
1720 2487 2076 2549 exercendum,

506 2574 613 2628 alia
658 2575 729 2627 ad
773 2576 1143 2628 dominandum
1187 2578 1450 2629 creaverit.
1510 2575 1712 2629 Rursus
1760 2585 1912 2644 urget
1958 2592 2080 2630 cum

504 2667 716 2733 gravius
743 2665 759 2703 ί
792 2677 849 2721 ιιι
877 2668 1085 2721 veritati
1115 2677 1317 2736 pareat,
1350 2685 1453 2721 non
1482 2669 1531 2722 ei
1560 2670 1735 2721 abesse
1754 2678 1841 2721 aut
1864 2671 2084 2724 vacatio.

507 2776 622 2810 nem
644 2768 730 2810 aut
759 2760 1089 2827 facultatem;
1139 2759 1515 2826 occupationes
1544 2769 1599 2813 et
1625 2760 1820 2813 tributa
1854 2759 2079 2828 impedi-

506 2857 686 2901 mento
737 2865 843 2903 non
883 2847 1057 2902 futura
1106 2850 1389 2917 quominus
1430 2849 1524 2903 Dei
1550 2850 2077 2920 discatsapientiam,

506 2955 626 2993 cum
656 2954 779 2993 eum
807 2954 837 2992 a
866 2939 1043 2993 studio
1071 2948 1346 2993 oratorum
1374 2940 1915 3009 philosophorumque
1944 2936 2083 2993 Gne-

506 3043 689 3081 t-orum
717 3036 772 3083 et
801 3027 1113 3083 Latinorum
1143 3046 1250 3083 non
1279 3040 1516 3084 arceant.
1580 3030 1740 3083 Vacat
1763 3032 1879 3096 tibi,
1914 3032 2083 3099 inquit

506 3126 531 3163 8
562 3115 832 3181 Paulinus,
864 3129 919 3170 ut
946 3118 1276 3187 philosophus
1306 3120 1399 3182 sis,
1438 3136 1539 3173 non
1562 3129 1709 3173 vacat
1748 3130 1802 3173 ut
1832 3120 2081 3173 Claristia-
2110 3124 2154 3185 C

506 3221 601 3260 nus
642 3209 734 3261 sis.
793 3207 942 3261 Verte
982 3210 1152 3277 potius
1204 3210 1539 3275 sententiam,
1581 3219 1717 3261 verte
1755 3210 2073 3279 facundiam.

508 3293 648 3349 Nam
677 3298 839 3349 animi
867 3298 1241 3366 philosophiam
1269 3315 1371 3352 non
1401 3300 1628 3368 deponas
1651 3301 1781 3362 licet,
1816 3300 1938 3351 dum
1965 3316 2079 3351 eam

508 3387 610 3455 fide
629 3386 840 3439 condias
865 3397 913 3439 et
932 3388 1203 3459 religione;
1233 3390 1478 3441 consertis
1499 3399 1645 3441 utare
1669 3388 1995 3458 sapientium,
2026 3399 2079 3442 ut

507 3478 578 3528 sis
606 3479 705 3545 51
736 3476 829 3529 Dei
868 3477 1198 3547 philosophus
1227 3488 1275 3531 et
1306 3476 1403 3530 Dei
1426 3488 1563 3530 vates
1581 3494 1599 3541 ;
1639 3495 1739 3530 non
1784 3479 2076 3547 quterendo,

507 3570 596 3621 sed
624 3570 876 3622 imitando
920 3569 1084 3623 Deum
1112 3572 1350 3638 sapiens;
1381 3578 1435 3621 ut
1461 3586 1562 3623 non
1598 3579 1699 3621 tam
1726 3569 1899 3639 lingua
1928 3585 2080 3638 quant

506 3661 609 3712 rita
628 3660 878 3723 eruditus,
912 3670 1010 3713 tam
1034 3661 1260 3715 disseras
1289 3677 1477 3732 magna
1498 3677 1649 3729 quam
1679 3661 1862 3731 facias.
1908 3657 2079 3726 thue

505 3752 705 3821 aliquid
743 3752 925 3807 solidm
962 3750 983 3788 ιλ
1018 3753 1258 3807 utilitatis
1286 3768 1316 3808 e
1340 3760 1617 3823 poetarum
1648 3751 1837 3806 fabulis
1866 3750 2077 3814 educat,

507 3844 860 3913 perniciosam
895 3845 1129 3899 inanium
1160 3845 1455 3900 litterarum
1484 3846 1850 3911 dulcedinem,
1882 3852 1937 3898 et
1964 3860 2081 3897 om-

506 3948 605 3987 nes
648 3950 826 3987 rerum
872 3936 1242 4002 temporalium
1287 3937 1494 4004 species
1541 3936 1669 3991 dicit
1714 3952 1833 3991 esse
1879 3935 2081 3989 similes

506 4023 590 4075 vel
611 4023 878 4076 radicibus
900 4021 1352 4091 Lotophagorum,
1379 4026 1463 4078 vel
1486 4025 1791 4079 Sirenarum
1815 4027 2075 4080 cautibus.

506 4112 768 4167 Praitcrea
816 4121 966 4183 optat
1011 4122 1068 4167 ut
1116 4115 1282 4183 possit
1323 4115 1479 4183 plane
1508 4115 1684 4169 omnia
1716 4114 1727 4152 ί
1763 4131 1991 4180 exuere,
2023 4125 2081 4169 ut

506 4204 673 4258 Deum
706 4222 867 4258 unum
905 4204 1087 4257 induat
1123 4204 1332 4271 lovius,
1366 4206 1523 4274 eique
1551 4207 1634 4260 vel
1663 4207 1806 4261 nudo
1836 4222 1900 4261 ex
1931 4207 2081 4261 istius

506 4298 686 4352 mundi
732 4297 846 4350 salo
894 4295 1051 4350 liceat
1092 4295 1339 4349 evadere.
1386 4289 1858 4351 Concedit'tamen
1889 4298 1982 4351 cii
2023 4305 2081 4350 ut

506 4386 707 4441 dividat
752 4401 872 4440 cum
920 4385 1058 4450 Deo;
1102 4384 1297 4439 habeat
1340 4386 1440 4440 sibi
1477 4396 1532 4440 et
1582 4388 1693 4441 suis
1732 4397 1923 4443 cuncta
1961 4402 2080 4455 qua:

505 4476 772 4546 possidet,
821 4475 981 4529 modo
1028 4490 1085 4530 se
1108 4517 1122 4541 ,
1158 4476 1460 4545 ingeniique
1488 4476 1769 4532 facultates
1798 4493 1859 4532 ac
1888 4478 2077 4545 linguis
2106 4489 2157 4548 Ι)

505 4585 638 4640 opes
667 4572 777 4625 Deo
807 4570 1034 4624 dedicet.
1071 4566 1243 4637 Illico,
1271 4570 1442 4639 inquit
1472 4567 1518 4635 κ,
1550 4578 1606 4622 ut
1637 4570 1706 4622 ad
1734 4586 1955 4638 superna
1983 4585 2073 4638 pe-

506 4665 725 4716 netralia
755 4665 917 4715 aciem
941 4662 1123 4715 mentis
1157 4660 1467 4724 intenderis,
1496 4661 1686 4729 aperiet
1723 4660 1803 4711 ad.
1826 4670 1873 4712 te
1894 4660 2075 4728 faciem

505 4770 651 4807 suam
690 4756 878 4807 veritas
903 4792 917 4815 ,
952 4764 1091 4821 teque
1136 4753 1299 4820 ipsum
1341 4751 1584 4806 reserabit
1617 4750 1735 4813 tibi,
1761 4751 1882 4818 quia
1910 4748 1923 4785 ¹
1955 4764 2076 4803 eum

506 4847 667 4900 homo
716 4846 881 4899 Deum
930 4845 1226 4909 intelligere
1266 4843 1437 4898 noluit
1461 4884 1475 4908 ,
1525 4844 1714 4911 dignus
1744 4842 1841 4896 fuit
1873 4841 1961 4912 qui
1996 4840 2075 4894 sui

506 4936 671 5004 ipsius
701 4935 1032 5003 ignoratione
1062 4934 1325 4987 feriretur.
1375 4933 1531 4987 Addit
1560 4943 1596 4969 ω
1629 4932 1895 4986 hominem
1924 4946 2081 4999 supeo

506 5028 703 5083 riorem
726 5028 971 5081 omnibus
991 5027 1247 5080 creaturis
1273 5025 1743 5089 irrationabilibns,
1760 5039 1939 5091 parem
1964 5038 2083 5077 esse

505 5120 699 5173 ceteris
714 5118 958 5171 omnibus
970 5116 1057 5169 uni
1077 5117 1185 5169 Deo
1207 5115 1487 5183 subjectis:
1512 5114 1626 5167 [lac
1642 5113 2086 5178 mediocritate,in-

507 5214 622 5279 quit
643 5220 691 5274 η,
718 5212 865 5263 Ιιοιηο
882 5218 1207 5276 temperatus,
1233 5224 1389 5276 neque
1409 5224 1439 5259 a
1463 5208 1641 5259 salutis
1657 5214 1791 5258 sorte
1812 5204 2080 5266 delabitur,

509 5317 666 5371 neque
685 5318 714 5351 a
738 5300 984 5365 dignitate
1009 5304 1225 5361 naturar,
1248 5298 1403 5366 fitque
1427 5298 1658 5350 conscius
1674 5297 1921 5359 veritatis,
1944 5311 2082 5347 com-

508 5410 600 5463 pos
621 5391 914 5459 sapientiaz,
944 5382 1115 5441 servus
1136 5388 1383 5455 justitiw,
1414 5386 1538 5439 liber
1563 5388 1751 5439 erroris
1772 5426 1785 5447 ,
1816 5387 2076 5440 dominus-

454 5570 459 5573 .
580 5537 603 5563 ι
637 5518 1049 5593 Εμιιίηιιιι,
1100 5519 1277 5593 ‘jlbid.
1325 5519 1546 5593 illud.
1623 5515 1835 5593 d__ll_iid.,
1867 5514 2016 5593 ιι.ρε

516 5599 528 5645 ι
578 5587 703 5647 ΙὶιὶιῘ.
736 5633 749 5655 ,
805 5610 859 5646 lt.
904 5594 954 5643 ε).
1040 5589 1062 5626 ¹ί
1108 5588 1235 5641 Ibid.
1325 5588 1335 5625 ¹
1376 5588 1503 5641 Ibid.
1582 5599 1618 5623 η’
1650 5587 1778 5641 ibid.

514 5674 533 5703 τ
565 5664 717 5731 lbid.,
766 5680 817 5716 v.
860 5662 912 5715 4.
990 5672 1009 5698 ⁸
1042 5660 1197 5725 lbid.,
1229 5676 1273 5711 v.
1328 5659 1393 5713 δυ
1414 5667 1465 5714 et
1511 5674 1661 5726 seqq.

2098 5522 2120 5548 θ
2152 5509 2283 5563 Ibid.

1858 5594 1881 5619 υ
1911 5582 2064 5643 lbid.,
2092 5598 2143 5634 ιι.
2186 5580 2266 5631 ll).

1745 5660 1757 5691 ¹
1807 5654 1901 5724 Ep.
1940 5653 2022 5717 i7,
2071 5669 2120 5704 ιι.
2180 5650 2223 5704 ι.

2178 1851 2267 1903 sed
2296 1859 2341 1902 et
2369 1850 2617 1903 mentibus
2639 1851 2900 1904 hominum
2929 1854 3200 1922 profutura
3230 1852 3509 1906 mediteris.

2250 1941 2302 1994 '5.
2347 1939 2547 1995 Praeter
2576 1942 2719 1995 illam
2767 1942 3043 2010 epistolam
3085 1944 3137 1997 in
3165 1957 3271 2010 qua
3321 1941 3525 1996 Paulini
3558 1942 3754 2009 ingenii

2179 2048 2426 2100 acumen,
2458 2033 2727 2103 ipsiusque
2777 2034 2995 2088 scientia
3037 2034 3203 2101 magis
3229 2048 3387 2102 quam
3420 2034 3469 2087 in
3498 2034 3615 2088 aliis
3641 2034 3755 2087 eluc

2178 2135 2423 2190 ccscunt,
2475 2141 2665 2194 poema
2698 2135 2723 2174 P
2750 2125 2910 2179 etiam
2958 2123 3111 2180 Jovio
3140 2124 3358 2191 dicavit,
3391 2125 3546 2193 idque
3578 2125 3758 2179 forsan

2179 2218 2454 2286 scripserit
2482 2217 2640 2285 paulo
2688 2224 2841 2281 ante,
2884 2217 2935 2269 in
2967 2232 3074 2285 quo
3103 2232 3224 2270 eum
3251 2218 3495 2271 hortatur
3524 2228 3550 2265 (ι
3575 2226 3625 2270 ιιι
3658 2234 3757 2272 vo-

2181 2318 2303 2362 veat
2332 2308 2565 2361 studium
2594 2316 2649 2361 et
2674 2322 2893 2376 operam
2928 2306 3222 2361 scribendis
3248 2307 3630 2378 laudandisque
3660 2306 3758 2363 Dei

2181 2398 2450 2453 miraculis
2472 2406 2527 2452 et
2555 2398 2810 2467 potentia.
2844 2396 2933 2452 Sic
2964 2398 3038 2451 ait
3067 2406 3116 2449 τε

2308 2531 2469 2593 incipe
2492 2531 2665 2579 divinis
2685 2536 2870 2579 tantum
2896 2532 3015 2580 dare
3039 2534 3231 2592 pectora
3256 2531 3425 2591 rebus,

2304 2596 2667 2658 ‘SAubreclosque
2692 2594 2794 2658 Deo
2817 2606 2990 2658 sensus
3018 2592 3245 2658 attollere
3270 2601 3425 2658 terra,

2306 2656 2412 2703 Mm
2439 2654 2590 2703 oculis
2613 2654 2736 2701 cirlo
2764 2667 2882 2701 nova
2907 2655 2988 2702 lux
3011 2654 3201 2701 orietur
3217 2663 3405 2713 aferm,

2308 2716 2609 2777 lntrabitque
2632 2728 2768 2764 sacer
2794 2718 2934 2764 tacito
2959 2728 3049 2775 per
3071 2724 3238 2774 operta
3263 2724 3422 2763 meatu

2300 2778 2525 2839 Spiritus,
2553 2786 2603 2826 et
2624 2778 2730 2827 laeto
2755 2781 2946 2839 quatiet
2966 2786 3044 2824 tua
3066 2780 3247 2839 viscera
3275 2778 3470 2824 tiatu....

2305 2837 2492 2895 Quanto
2516 2839 2669 2899 maior
2686 2840 2745 2885 ab
2764 2837 2838 2886 his
2855 2838 3001 2886 cedet
3026 2838 3111 2884 tibi
3138 2837 3289 2897 gloria
3318 2840 3507 2899 cu'plis,

2305 2900 2359 2948 ln
2384 2903 2560 2959 quibus
2585 2906 2636 2948 et
2661 2897 2871 2963 linguam
2896 2911 3161 2957 exercens,
3186 2897 3405 2947 mentem
3422 2911 3617 3019 quoqule
3642 2912 3759 2946 san-

3596 2972 3725 3008 ctam

3596 2972 3725 3008 ctant

2306 3022 2535 3081 Erudics;
2563 3020 2852 3081 laudemque
2875 3020 3039 3079 simul,
3065 3020 3305 3076 vitamque
3327 3023 3582 3081 capessas?

2310 3084 2529 3142 Dumque
2556 3082 2694 3141 leges
2712 3090 2864 3141 catus,
2890 3091 2941 3130 et
2964 3084 3149 3129 scribes
3166 3081 3387 3129 miracula
3411 3082 3584 3129 summi

2309 3145 2434 3190 Vera
2462 3145 2570 3200 Dei,
2598 3156 2788 3205 propior
2804 3144 2839 3205 id
2861 3158 2985 3201 sees,
3013 3151 3059 3205 et
3083 3144 3237 3191 carior
3264 3145 3351 3203 ipsi

2304 3206 2421 3253 Esse
2450 3205 2552 3265 Deo
2582 3219 2592 3253 :
2619 3203 2763 3265 quem
2784 3204 2895 3251 dum
2920 3203 3128 3252 credens
3148 3205 3353 3263 miraris,
3376 3215 3537 3265 amare

2306 3264 2535 3326 lncipies,
2566 3272 2616 3315 et
2638 3264 2838 3313 amando
2863 3265 3018 3313 Deum
3043 3265 3362 3314 redsmabere
3396 3264 3583 3312 lilirisfo

2253 3390 2409 3444 Addit
2436 3390 2651 3458 insuper
2680 3386 2929 3442 Paulinus
2969 3400 3089 3441 eum
3118 3385 3447 3441 edocendum
3482 3392 3502 3419 ⁸
3535 3384 3585 3437 in
3616 3383 3759 3439 libro

2181 3482 2455 3535 Geneseos
2482 3494 2600 3549 qua:
2629 3480 2697 3534 sit
2724 3494 2849 3533 vera
2880 3478 3058 3532 mundi
3089 3478 3260 3545 origo,
3291 3476 3428 3546 apud
3457 3474 3759 3530 Jobannem

2182 3590 2300 3642 qua:
2323 3574 2389 3627 de
2419 3573 2528 3627 Deo
2550 3580 2604 3626 et
2624 3570 2838 3625 Christo
2868 3571 2937 3625 sit
2964 3570 3305 3635 credendum,
3336 3580 3464 3635 etc.,
3502 3571 3553 3624 in
3590 3570 3762 3628 Rubri

2181 3670 2344 3721 maris
2371 3666 2597 3720 transitu
2620 3673 2674 3719 et
2694 3663 2841 3717 Jonaa
2870 3664 3089 3717 historia
3119 3663 3306 3729 Deum,
3331 3679 3436 3718 non
3466 3662 3758 3728 fortunam,

2183 3760 2317 3812 mari
2345 3756 2605 3811 dominari
2636 3763 2689 3808 et
2719 3753 3153 3822 tempestatibus;
3179 3753 3230 3806 in
3259 3751 3421 3805 Josue
3449 3760 3502 3804 et
3530 3751 3759 3807 Ezecbia

2183 3851 2349 3906 solem
2380 3856 2435 3902 et
2455 3856 2598 3901 astra
2621 3846 2694 3901 illi
2724 3845 3115 3915 obtemperare,
3141 3860 3238 3898 nec
3269 3844 3378 3898 fato
3407 3844 3527 3897 vitae
3559 3852 3760 3898 nostra:

2182 3940 2504 3995 curriculum
2551 3937 2661 4005 regi
2698 3936 3054 4005 cogniturum.
3086 3933 3220 3999 Quid
3250 3934 3346 3987 ista
3379 3934 3517 4005 apud
3545 3930 3761 3987 Iovium

2183 4029 2467 4095 valuerint,
2498 4044 2605 4082 non
2635 4028 2939 4091 innotescit,
2972 4033 3185 4080 constat
3222 4024 3407 4078 saltem
3441 4025 3521 4078 bis
3549 4023 3759 4078 Paulini

2182 4120 2484 4177 excrevisse
2530 4119 2636 4187 62
2682 4118 2980 4171 caritatem.
3033 4116 3174 4169 Illius
3224 4114 3287 4166 ad
3316 4112 3523 4167 Jovium
3563 4128 3759 4183 poema

2182 4223 2580 4278 nonnumquam
2610 4207 2667 4262 S.
2700 4207 2941 4261 Mamerti
2972 4205 3118 4259 fratri
3149 4204 3442 4259 Claudiano
3473 4203 3755 4271 trilmitur:

2181 4304 2323 4374 quod
2353 4303 2497 4358 nullo
2526 4301 2868 4356 fundamento
2897 4299 3187 4354 stabilitum
3218 4297 3426 4352 videtur

2724 4480 2950 4536 CAPUT
2988 4478 3204 4533 XXXV.

2182 4616 2351 4687 Aiger
2404 4614 2655 4668 Paulinus
2703 4613 2987 4694 Sulpicium
3028 4611 3273 4734 ferarum
3321 4611 3393 4665 ad
3444 4628 3498 4665 se
3542 4612 3758 4666 multum

2866 4691 3025 4734 nauita
3054 4723 3067 4734 .

2866 4691 3067 4736 invitat.

2256 4838 2304 4890 l.
2349 4835 2634 4890 Paulinus‘
2663 4842 2778 4889 toto
2824 4834 3100 4903 superiore
3146 4848 3287 4887 anno
3318 4848 3347 4886 a
3376 4849 3594 4887 suorum
3624 4851 3755 4903 pue-

2184 4945 2364 4983 rorum
2390 4929 2623 4982 discessu
2646 4942 2811 4994 usque
2839 4924 2906 4980 ad
2934 4926 3160 4979 hiemem
3176 4924 3465 4992 Sulpicium
3496 4924 3755 4979 Severum

2185 5026 2607 5087 cxsqiecuivcrat,
2648 5033 2677 5070 a
2707 5031 2814 5084 quo
2859 5031 2980 5070 cum
3027 5032 3133 5069 non
3180 5015 3474 5084 accepisset
3528 5015 3752 5079 litteras,

2186 5127 2284 5163 nec
2314 5109 2517 5175 reliquo
2550 5108 2687 5160 illius
2712 5106 2833 5159 anni
2870 5114 3128 5175 tempore,
3156 5120 3329 5173 neque
3358 5106 3629 5172 sequentis
3656 5106 3755 5159 ini-

2188 5201 2281 5261 tio.
2307 5198 2532 5252 credidit
2552 5213 2672 5250 eum
2705 5196 2823 5249 ideo
2853 5212 2961 5248 non
2988 5196 3195 5249 misisse
3226 5195 3448 5257 litteras,
3474 5194 3615 5262 quod
3644 5194 3758 5262 ipse

2183 5289 2460 5344 adfuturus
2506 5295 2666 5351 esset,
2698 5294 2751 5340 et
2782 5285 2978 5339 idcirco
3024 5285 3243 5353 singulis
3279 5300 3400 5337 eum
3445 5284 3629 5338 diebus
3657 5300 3757 5339 ex-

2184 5379 2482 5450 Spectabat.
2508 5378 2689 5444 Itaque
2717 5376 2944 5430 Romam
2966 5385 2993 5412 ιι
3016 5376 3082 5429 ad
3113 5375 3472 5429 venerabilem
3502 5374 3758 5428 solemni-

2369 5508 2386 5545 ί
2422 5504 2575 5568 lbid.,
2608 5521 2660 5558 ιι.
2694 5506 2747 5557 6.
2826 5513 2849 5551 8
2881 5504 3011 5557 ibid.
3088 5502 3112 5539 δ
3152 5504 3283 5557 Ibid.
3368 5505 3380 5539 ί
3417 5503 3569 5566 lbid.,
3613 5518 3666 5555 n.
3698 5505 3755 5558 8.

2346 5575 2533 5700 tibl_l:lid.
2560 5614 2573 5640 ,
2605 5592 2657 5628 ιι.
2700 5575 2780 5629 ll.
2858 5587 2882 5625 ιι
2910 5572 3087 5627 Carm.
3126 5574 3217 5627 22.
3295 5585 3321 5622 ιι
3349 5573 3506 5638 lbid.,
3546 5590 3595 5626 ν.
3633 5570 3751 5626 148.

2302 5657 2324 5683 υ
2417 5664 2432 5700 ι
2485 5685 2495 5698 .
