4066 6192
302 288 369 345 85
1667 277 1898 334 PROLEf

1999 276 2185 335 tlENA.
3481 283 3549 335 8t}

304 406 425 460 tatis
463 401 773 473 apostolica:
812 399 955 455 diem
1003 398 1378 453 adventantem
1426 404 1449 432 ⁸
1481 393 1749 465 profectus
1802 399 1886 445 est

1999 411 2203 465 vissime
2236 421 2254 448 τ
2290 417 2612 479 cognoverat
2659 430 2689 466 a
2740 410 2992 482 l'ychico,
3032 425 3191 478 quem
3233 412 3289 466 S.
3319 411 3554 468 Victrieii

304 494 528 550 solemni
548 486 989 553 consuetudine,b
1008 502 1338 557 przesumens
1357 486 1434 539 illi
1454 482 1883 554 amplectendum

302 582 404 637 sibi
424 580 761 636 carissimum
790 577 1069 632 Severum.
1084 576 1165 629 Ab
1180 574 1489 630 cAnastasio
1504 588 1641 644 papa
1669 571 1883 634 blande,

304 678 649 743 peramanter
697 682 761 723 ac
797 667 1092 722 honorifice
1128 675 1385 735 exceptus
1413 672 1521 729 est;
1568 672 1624 716 at
1650 661 1676 700 ά
1703 659 1885 718 Severi

306 761 387 817 sui
409 767 703 828 conspectu
733 757 832 811 frui
858 772 965 812 non
993 756 1179 811 valuit.
1204 755 1389 823 Itaque
1418 753 1607 808 litteris
1634 767 1751 822 qum
1772 751 1887 819 ejus

308 851 524 906 nomine
563 848 662 918 ipsi
699 847 923 902 redditae
962 856 1086 902 sunt
1126 862 1184 901 se
1213 845 1520 900 consolatus
1547 850 1651 908 est,
1683 842 1735 896 in
1765 842 1885 909 qui-

306 942 403 995 bus
424 950 447 978 °
475 946 728 994 causatus
755 936 1116 992 infirmitatem
1143 950 1293 990 suam
1324 933 1553 989 Severus
1580 933 1654 987 illi
1685 931 1702 970 τ
1735 945 1884 1000 spem

308 1030 607 1102 praesentiae
636 1043 746 1083 sua:
770 1027 1054 1083 adimebat.
1088 1025 1197 1081 Has
1224 1026 1429 1080 litteras
1457 1023 1709 1079 Paulinus
1734 1036 1888 1077 acce-

308 1123 385 1193 pit
411 1122 479 1176 ab
508 1119 728 1174 homine
757 1127 782 1166 ε
803 1119 957 1187 cujus
980 1124 1033 1171 et
1062 1116 1225 1171 vestis
1267 1123 1325 1171 et
1373 1113 1536 1169 facies
1562 1113 1777 1167 minime
1797 1126 1885 1166 sa-

311 1211 531 1282 piebant
560 1209 901 1274 monachum,
935 1215 1026 1262 aut
1073 1222 1168 1262 eos
1199 1220 1336 1275 quos
1382 1205 1498 1274 ipse
1545 1211 1599 1258 et
1626 1202 1888 1271 Sulpicius

310 1302 547 1356 Severus
573 1300 641 1354 ad
670 1300 777 1354 tale
804 1298 1183 1353 commercium
1230 1306 1383 1351 erant
1426 1293 1570 1350 soliti
1616 1293 1884 1348 adhibere.

311 1389 527 1444 Etenim
556 1391 602 1446 is
631 1404 815 1443 servus
834 1396 950 1443 erat
977 1387 1134 1442 unius
1161 1403 1229 1442 ex
1247 1386 1433 1441 amicis
1461 1386 1645 1456 ipsius,
1678 1384 1890 1438 nomine

309 1480 615 1548 Sabini,qui
638 1478 838 1534 Severo
859 1476 1101 1547 proxima
1123 1485 1239 1532 erat
1260 1476 1517 1531 affinitate
1540 1476 1884 1544 conjunctus:

312 1567 457 1635 quod
487 1583 613 1622 cum
642 1582 705 1621 ea
734 1566 785 1620 in
838 1567 1121 1622 occasione
1150 1564 1373 1621 Paulino
1421 1564 1768 1627 innotuisset,
1798 1579 1890 1617 cu-

314 1657 517 1713 mulato
562 1666 691 1713 tunc
735 1656 991 1711 Sabinum
1045 1671 1231 1711 amore
1276 1656 1587 1726 complexus
1632 1663 1732 1709 est.
1765 1653 1890 1723 Ejus

313 1763 443 1802 vero
472 1763 663 1803 servus
687 1746 828 1801 haud
867 1748 981 1802 scio
1024 1762 1090 1801 an
1129 1747 1199 1801 sit
1237 1746 1326 1801 ille
1368 1745 1693 1801 Marracinus
1729 1759 1887 1813 quem
1920 1738 1962 1795 Β

316 1835 573 1890 Paulinus
614 1834 639 1875 δ
684 1836 791 1891 alio
829 1837 878 1891 in
910 1836 1031 1891 loco
1060 1836 1217 1891 simili
1247 1837 1405 1901 plane
1447 1835 1606 1890 modo
1633 1834 1888 1905 depingit,

315 1936 369 1980 et
390 1942 552 1995 quem
579 1925 709 1981 dicit
752 1927 884 1981 alias
912 1927 1013 1981 sibi
1052 1926 1236 1982 Severi
1275 1927 1479 1980 litteras
1506 1925 1766 1979 attulisse.
1799 1923 1892 1978 Ille

318 2027 493 2071 tamen
529 2015 546 2055 ί
574 2017 900 2072 Marracinus
926 2017 994 2071 ad
1022 2017 1280 2073 Severum
1304 2019 1625 2088 pertinuisse
1662 2016 1891 2080 videtur,

315 2108 405 2173 qui
458 2106 613 2160 illum
655 2106 892 2176 jusserat
945 2108 1247 2161 monac/tum
1294 2108 1524 2178 ﬁngere,
1556 2115 1613 2161 ut
1669 2114 1894 2160 testatur

320 2193 572 2251 Paulinus
623 2196 714 2265 qui
770 2212 895 2251 eum
947 2198 1268 2252 monachum
1325 2198 1674 2268 inspiritalem
1714 2205 1888 2251 vocat.

321 2284 550 2340 Litteras
585 2286 652 2340 ad
697 2285 988 2357 Sulpicium
1036 2286 1288 2343 Severum
1328 2289 1543 2358 repetiit
1591 2286 1818 2341 Sabinus
1864 2302 1894 2340 a

319 2375 566 2446 Paulino,
614 2377 711 2433 sed
758 2379 979 2433 nimium
1008 2388 1300 2449 occupatus
1332 2380 1344 2429 i
1393 2388 1535 2434 totos
1570 2381 1753 2433 decem
1783 2378 1894 2434 dies

316 2481 451 2533 quas
481 2465 668 2521 Romae
697 2468 824 2536 egit,
852 2469 1146 2523 rescribere
1170 2484 1275 2522 non
1301 2468 1506 2538 potuit;
1536 2469 1703 2523 multo
1722 2469 1895 2522 minus

318 2556 535 2609 domum
568 2571 859 2625 regressus,
890 2573 1011 2612 eum
1040 2559 1180 2612 enim
1205 2558 1227 2595 ιι
1250 2559 1425 2629 gravis
1452 2559 1717 2629 oppressit
1742 2559 1896 2626 (egri-

324 2648 447 2700 tudo
477 2663 652 2716 eaque
706 2650 938 2711 diutina,
993 2650 1087 2706 sed
1137 2649 1278 2705 Deus
1319 2652 1425 2706 vita
1478 2660 1534 2707 et
1580 2652 1897 2707 resurrectio

321 2754 507 2791 eorum
538 2740 628 2807 qui
662 2739 735 2792 illi
758 2741 1014 2805 serviunt,
1048 2757 1170 2795 eum
1195 2743 1355 2797 morti
1386 2743 1596 2798 tradere
1625 2744 1812 2809 noluit,
1845 2752 1899 2798 et

324 2828 658 2880 verberatum
683 2828 927 2882 liberavit
955 2840 1259 2898 sperantem
1290 2832 1342 2885 in
1370 2832 1729 2887 misericordia
1760 2833 1895 2901 ejus.

326 2918 451 2971 Cum
495 2917 659 2985 igitur
711 2919 1044 2985 revaluisset,
1075 2919 1144 2973 ad
1191 2920 1450 2977 Severum
1504 2925 1513 2959 ¹
1569 2924 1797 2992 scripsit,
1845 2931 1901 2978 et

324 3018 542 3076 questus
570 3019 655 3063 est
675 3010 817 3078 quod
847 3011 1045 3066 tamdiu
1073 3028 1197 3068 eum
1236 3014 1483 3071 frustraIn
1513 3023 1897 3085 exspectasset,

326 3114 569 3154 asserens
596 3104 620 3131 ⁸³
648 3116 707 3156 se
735 3102 801 3157 de
828 3104 1007 3159 animo
1036 3120 1135 3160 suo
1164 3122 1311 3176 spem
1353 3108 1509 3162 istam
1533 3108 1764 3177 abjicere
1793 3123 1899 3161 non

328 3206 504 3259 posse,
546 3207 653 3260 qua
702 3196 1061 3262 przesumebat
1090 3213 1212 3252 eum
1256 3198 1541 3253 videndum
1572 3200 1900 3269 amplecten-

326 3280 561 3347 dumque
590 3281 711 3343 sibi,
743 3298 862 3336 cum
896 3284 1053 3339 toties
1084 3285 1135 3340 id
1162 3296 1304 3341 esset
1332 3287 1626 3356 pollicitus;
1668 3288 1723 3341 ni
1754 3288 1901 3342 veni-

330 3378 430 3431 ret,
454 3385 577 3423 eum
604 3371 944 3426 statuendum
967 3383 989 3408 ο
1007 3375 1173 3444 culpa:
1193 3391 1345 3431 reum
1373 3377 1425 3430 in
1455 3376 1510 3432 8.
1535 3377 1784 3442 Felicem,
1806 3393 1905 3432 nec

332 3474 451 3514 eum
482 3476 644 3530 posse
689 3463 895 3517 causari
941 3464 1320 3529 infirmitatem,
1352 3482 1473 3521 cum
1520 3476 1600 3520 tot
1649 3468 1780 3521 alias
1809 3466 1906 3521 fre-

332 3562 616 3623 quentaret
634 3555 1109 3623 peregrinationes,
1128 3568 1182 3612 et
1203 3560 1407 3613 iteratis
1427 3575 1565 3628 smpe
1589 3561 1723 3613 intra
1748 3576 1903 3613 unam

331 3651 568 3697 aestatem
600 3645 914 3700 excursibus
944 3646 1185 3703 Turones
1232 3648 1516 3704 Martinum
1548 3651 1812 3718 visitaret,
1838 3667 1903 3705 an

335 3747 457 3786 vero
486 3733 683 3798 vivum,
712 3745 803 3789 aut
828 3745 1119 3806 mortuum,
1143 3754 1208 3793 ex
1248 3740 1347 3795 hac
1370 3742 1594 3809 cpistola
1627 3757 1730 3795 non
1755 3743 1905 3795 colli-

337 3836 444 3888 ges.
472 3821 576 3877 Per
605 3834 631 3873 P
662 3823 973 3880 Amachium
1020 3825 1075 3881 S.
1113 3828 1357 3898 Delphini
1401 3831 1779 3885 subdiaconqu
1810 3831 1906 3885 Se—

339 3929 570 3983 veroque
596 3916 933 3971 notissimum
973 3919 1205 3988 scripsit.
1240 3919 1533 3975 Verisimile
1572 3931 1651 3975 est
1679 3937 1801 3975 eum
1830 3922 1903 3975 si—

340 4005 444 4058 mul
470 4005 682 4061 dedisse
710 4007 915 4065 litteras
940 4009 1005 4063 ad
1048 4008 1369 4080 Delphinum
1403 4020 1458 4067 et
1486 4012 1799 4066 Amandum.
1827 4013 1905 4066 Ex

340 4096 583 4151 omnibus
597 4105 776 4152 tamen
790 4098 1031 4167 epistolis
1047 4100 1111 4154 ad
1128 4110 1412 4169 utrumque
1422 4102 1557 4155 datis
1571 4103 1712 4156 nulla
1734 4112 1907 4157 exstat

338 4202 452 4258 qua:
471 4188 576 4244 hoc
602 4203 744 4244 anno
766 4190 1147 4261 potiusscripta
1160 4207 1319 4262 quam
1330 4193 1498 4248 altero
1509 4193 1706 4247 adstrui
1723 4194 1905 4263 possit.

884 4301 1112 4357 CAPUT
1141 4302 1374 4358 XXXVI.

342 4387 417 4440 Ad
448 4387 748 4444 Victricium
778 4390 952 4444 scribit
987 4390 1279 4465 Paulinus.
1289 4391 1596 4465 Hieronymi
1637 4402 1686 4447 et
1718 4393 1908 4465 Ruﬁini

893 4462 1169 4514 amicitiam
1200 4462 1338 4514 colit.

404 4547 510 4617 63
542 4546 591 4599 l.
633 4546 749 4603 lloc
774 4549 965 4603 eodem
992 4565 1134 4605 anno
1163 4558 1217 4604 et
1258 4559 1499 4619 tempore
1538 4566 1633 4621 per
1674 4551 1906 4606 Pascha-

339 4639 472 4691 sium
501 4638 755 4694 Paulinus
799 4641 1078 4709 epistolam
1125 4641 1389 4698 decimam
1443 4652 1685 4698 octavam
1723 4645 1775 4698 in
1802 4660 1907 4713 qua

336 4727 795 4783 eamdemqsuam
836 4732 1204 4799 aegritudinem
1252 4742 1663 4797 commemorat,
1694 4736 1908 4804 scripsit

338 4818 403 4871 ad
454 4817 786 4873 Victrieium.
836 4818 1067 4891 Hujusce
1114 4824 1453 4879 illustrissimi
1505 4825 1829 4882 confessoris
1857 4835 1913 4881 et

335 4909 575 4979 episcopi
605 4909 1011 4980 Rotomagensis
1037 4914 1311 4969 historiam
1340 4915 1687 4971 describimus
1708 4917 1911 4972 Disser-

338 5001 539 5055 tatioue
567 5000 619 5066 4,
650 5002 702 5055 in
731 5018 836 5072 qua
885 5002 941 5056 S.
976 5002 1180 5059 Paulini
1220 5021 1339 5060 cum
1377 5023 1443 5062 eo
1484 5008 1605 5062 vide
1645 5023 1910 5063 commer-

336 5090 495 5142 cium.
537 5090 671 5144 Cum
723 5091 791 5145 ad
830 5092 1140 5150 Victricium
1189 5096 1395 5152 litteras
1448 5099 1596 5154 dedit
1635 5098 1906 5167 Paulinus,

342 5181 500 5233 vitam
528 5181 685 5236 huius
726 5185 1049 5241 sanctissimi
1093 5186 1417 5245 confessoris
1444 5199 1499 5245 et
1542 5194 1783 5262 praesulis
1819 5212 1916 5251 no-

410 5311 745 5398 lEP.;30’“‘
770 5314 821 5398 ἓ·
883 5315 1046 5398 ,δξῖβσ
1076 5320 1166 5398 .172.
1194 5338 1247 5398 ἢ·
1280 5322 1355 5398 ¹·.
1397 5327 1435 5398 Σ
1473 5321 1681 5398 Et)?“
1729 5342 1794 5398 ηε
1823 5326 1874 5379 9-

2009 5328 2220 5398 Εβ.17,
2255 5345 2306 5382 η.
2354 5329 2402 5398 «1.

587 5392 636 5465 ξε
669 5399 722 5436 n.
774 5392 811 5465 ’l_
844 5392 1095 5465 et‘2._._i_
1131 5392 1278 5465 lbid._
1342 5394 1355 5443 ἰ
1395 5392 1491 5465 Ep.
1518 5392 1610 5457 17,
1662 5413 1714 5449 n.
1768 5396 1819 5449 2.
1898 5398 1919 5435 ¹ι
1947 5392 2103 5465 1ὺὶ(1’.,
2149 5415 2200 5452 n.
2232 5398 2284 5452 2.

341 5451 390 5501 5.
466 5460 490 5483 «ο
522 5451 840 5518 1ὺὶά.,η.4.
915 5458 946 5501 ν
985 5458 1138 5524 fbid.,
1167 5478 1219 5514 η.
1247 5461 1302 5516 5.
1373 5467 1403 5508 (ι
1432 5451 1637 5519 Paulin.
1670 5481 1756 5533 cp.
1792 5466 1876 5531 l8,

347 5521 495 5589 i§,n.
532 5522 583 5574 l.
658 5532 686 5560 ιι
714 5523 949 5589 lbid.,n.
983 5530 1037 5583 5.
1114 5540 1137 5566 ν
1170 5529 1323 5589 Ibid..
1355 5548 1408 5584 η.
1445 5532 1529 5585 10.
1609 5534 1801 5589 ιΙΙήά..
1834 5552 1885 5589 n.

1999 5468 2051 5534 l;
2084 5451 2135 5521 ὲι
2184 5451 2280 5533 l7,
2302 5485 2354 5522 η.
2384 5451 2723 5532 ef'r'uiiul,
2756 5486 2807 5523 η.
2845 5451 3266 5535 4ζ””“έίιὶίίι.’,ἠ.
3302 5451 3584 5541 simiai;

2056 5547 2081 5585 δ’
2108 5537 2233 5589 Ibid.
2317 5538 2511 5589 1|Ibitl..
2552 5555 2601 5589 η.
2643 5538 2695 5589 2.
2779 5539 2976 5589 ιη’(ἷηη,
3004 5540 3088 5589 55.
3169 5542 3223 5579 ω)
3257 5541 3459 5589 Paulin.
3497 5558 3584 5589 en-

1637 5614 1688 5640 εί·
1711 5602 1863 5667 lbid.,
1899 5623 1947 5660 [ι.
1998 5606 2044 5659 I.

342 5380 368 5449 ξι
406 5375 636 5449 ΕρίΞΞ,
664 5375 722 5436 n.
774 5375 799 5436 ⁷1
844 5395 900 5440 et
936 5386 988 5440 2.

1073 5389 1087 5427 ί
1131 5390 1261 5445 Ibid.

347 5521 495 5589 iam.
532 5522 583 5574 ι.
658 5532 686 5560 ιι
714 5523 949 5589 lbid.,n.
983 5530 1037 5583 δ.

350 5586 430 5647 l8.
474 5607 527 5643 n.
576 5590 632 5645 5.
712 5605 765 5633 σε
807 5586 940 5656 Ibid.

354 5662 395 5695 ⁸⁸
428 5660 581 5725 ΗΜ..
621 5679 672 5716 n.
704 5662 757 5715 8.

1114 5540 1137 5566 ν
1170 5529 1323 5597 Ibid.,
1355 5548 1408 5584 η.
1445 5532 1529 5585 10.

846 5597 961 5669 φξᾱ.
992 5597 1252 5669 νέίάιὺὶὰ..
1302 5610 1354 5655 ct
1403 5618 1452 5653 n.
1512 5603 1553 5653 1.

841 5665 884 5713 ii
926 5665 1052 5721 Ibid.

1936 4443 1987 4502 D

1988 503 2326 558 carissimum
2354 501 2570 555 fratrem
2601 510 2657 556 et
2684 501 2891 555 fidelem
2921 500 2973 554 in
3000 500 3226 554 Domino
3255 502 3554 556 ministrum

1984 594 2256 663 appellat;
2299 602 2353 647 et
2389 601 2517 646 tunc
2564 600 2585 627 ⁸
2637 592 2771 645 luxit
2818 591 3193 661 negligentiam
3236 591 3559 650 infelicitatis

1983 699 2093 739 suae
2121 683 2263 751 quod
2293 681 2527 737 Victricii
2551 683 2887 737 sanctitatem
2926 697 3033 736 non
3080 682 3210 736 satis
3254 684 3561 751 agnovisset

1985 781 2042 828 et
2059 781 2344 827 veneratus
2372 773 2578 837 fuisset,
2610 788 2730 826 cum
2759 772 2886 827 olim
2915 771 3133 826 Vienna:
3160 772 3301 841 apud
3328 773 3385 827 S.
3416 772 3560 829 Mar-

1985 864 2155 917 tinum
2177 878 2300 917 eum
2327 862 2555 927 viderat,
2582 871 2638 916 et
2665 862 2804 916 illius
2824 862 3098 917 cicatrices
3126 879 3232 917 non
3262 862 3552 920 lambisset.

1986 952 2067 1006 Ad
2091 968 2214 1007 eum
2239 952 2505 1008 scribendi
2533 955 2550 989 ι
2583 953 2854 1021 quaerebat
2882 954 3239 1020 occasionem,
3270 969 3369 1009 nec
3394 954 3560 1008 daba-

1989 1050 2094 1107 tur,
2123 1041 2297 1097 donec
2335 1044 2481 1110 quod
2528 1042 2733 1112 Optanti
2774 1038 3059 1111 aliquando
3089 1058 3195 1097 non
3239 1044 3556 1110 contigerat,

1986 1131 2039 1186 id
2069 1131 2360 1201 insperanti
2378 1130 2476 1186 sibi
2500 1132 2744 1200 provenit
2773 1131 2956 1186 Romae
2976 1147 3082 1201 quo
3105 1143 3400 1188 accesserat
3422 1133 3559 1188 Pau-

1989 1224 2161 1288 linus;
2194 1222 2387 1278 eodem
2413 1224 2552 1277 enim
2604 1230 2843 1292 tempore
2871 1238 2989 1277 cum
3026 1222 3257 1291 quodam
3305 1226 3557 1279 catechu-

1990 1327 2147 1368 meno
2165 1323 2189 1350 ιι
2224 1312 2356 1366 Urse
2384 1310 2653 1367 concurrit
2675 1319 2729 1366 et
2757 1312 3072 1367 Paschasius
3099 1312 3154 1366 S.
3190 1312 3423 1368 Victricii
3449 1314 3560 1369 Ro-

1991 1405 2314 1475 tomagensis
2333 1404 2603 1469 diaconus,
2633 1404 2686 1457 in
2708 1402 2856 1471 cujus
2884 1412 2913 1443 V
2937 1405 3264 1459 humanitate
3300 1413 3354 1459 et
3391 1406 3558 1473 gratia

1990 1499 2144 1569 quasi
2190 1496 2447 1568 quasdam
2495 1498 2748 1551 virtutum
2794 1498 3187 1567 gratiarumque
3224 1498 3281 1553 S.
3327 1500 3561 1555 Victricii

1994 1588 2177 1651 lineas,
2219 1586 2366 1640 velut
2411 1586 2633 1655 speculo
2661 1586 2944 1651 reddente,
2998 1602 3057 1641 se
3110 1588 3389 1656 collegisse
3434 1590 3561 1643 dicit

1995 1677 2270 1739 Paulinus;
2303 1674 2644 1730 Paschasium
2674 1677 2814 1731 enim
2861 1685 2916 1730 et
2962 1677 3314 1733 institutionis
3363 1679 3558 1734 Victri-

1990 1768 2056 1821 cii
2079 1767 2393 1835 discipulum
2445 1776 2499 1822 et
2525 1768 2622 1821 vite
2665 1768 2913 1821 comitem
2956 1776 2985 1805 ι
3031 1767 3288 1823 modestia
3330 1785 3559 1837 morum,

1990 1859 2166 1915 cordis
2194 1859 2486 1925 humilitas,
2537 1858 2890 1913 mansuetudo
2920 1859 3153 1928 spiritus,
3183 1864 3480 1915 constantia
3508 1863 3561 1918 in

1993 1947 2096 2002 fide
2120 1948 2365 2002 veritatis
2394 1954 2449 2002 et
2476 1962 2653 2002 sermo
2683 1948 2734 2000 in
2758 1948 3003 2001 omnibus
3030 1948 3141 2002 sale
3167 1949 3411 2005 conditus
3438 1966 3560 2020 pro-

1991 2039 2207 2094 babant.
2234 2038 2418 2107 itaque
2440 2053 2561 2093 eum
2582 2048 2610 2087 γ
2634 2045 2826 2107 praeter
2853 2039 3075 2106 gratiam
3099 2038 3314 2094 fraterni
3332 2042 3382 2094 in
3411 2058 3562 2097 sacro

1990 2129 2303 2183 diaconatus
2360 2128 2659 2182 ministerio
2713 2129 3049 2183 contubernii
3095 2145 3162 2184 eo
3210 2132 3563 2187 venerabilius

1992 2218 2381 2286 amabiliusque
2428 2218 2662 2286 suscepit
2690 2216 2958 2283 Paulinus,
2990 2219 3135 2287 quod
3175 2220 3219 2274 is
3237 2219 3303 2273 de
3328 2221 3562 2279 Victricii

1992 2308 2158 2373 clero,
2208 2316 2262 2362 et
2311 2323 2560 2377 corpore,
2609 2315 2664 2363 et
2703 2308 2909 2376 spiritu,
2969 2318 3129 2363 esset.
3162 2310 3271 2364 Nec
3307 2311 3452 2364 illum
3497 2328 3561 2367 ex

1996 2397 2138 2453 Urbe
2167 2398 2234 2453 ad
2256 2399 2565 2454 Victricinm
2596 2399 2770 2454 redire
2795 2399 3097 2468 cupientem
3126 2415 3311 2469 passus
3333 2409 3414 2456 est
3442 2417 3561 2470 pro-

1994 2488 2175 2552 ficisci,
2208 2488 2301 2543 sed
2328 2489 2560 2557 quadam
2606 2487 2845 2544 caritatis
2883 2490 3132 2545 violentia
3172 2505 3291 2545 eum
3324 2491 3564 2560 perduxit

1994 2579 2202 2646 Nolam,
2233 2587 2292 2634 ut
2320 2578 2518 2633 diutius
2546 2594 2641 2649 per
2661 2580 2800 2633 illius
2821 2580 3154 2649 prtesentiam
3176 2582 3323 2649 quasi
3340 2580 3565 2648 quadam

1995 2668 2049 2723 8.
2085 2669 2317 2724 Victricii
2361 2670 2546 2738 gratite
2586 2669 2835 2739 portione
2882 2668 3165 2724 frueretur.
3204 2669 3349 2725 lllius
3391 2678 3565 2726 tamen

2000 2769 2022 2796 π
2054 2760 2477 2813 conversationis
2508 2775 2614 2814 non
2645 2759 2966 2814 mediocrem
2996 2760 3415 2814 consolationem
3444 2776 3565 2829 per-

1998 2849 2130 2903 didit
2158 2847 2431 2916 Paulinus,
2463 2850 2552 2918 qui
2583 2858 2709 2904 tunc
2738 2850 2992 2918 temporis
3021 2852 3220 2905 carnali
3261 2852 3570 2918 :egritudinc

1997 2936 2224 2993 afﬂictus
2254 2947 2351 3001 est,
2385 2948 2442 2993 ut
2466 2940 2575 3003 jam
2607 2948 2649 2975 λη
2674 2942 2915 3008 superius
2945 2941 3361 2995 observavimus.
3393 2942 3571 3010 Neque

1998 3043 2127 3082 vero
2174 3029 2227 3081 in
2273 3028 2581 3086 infirmitate
2616 3027 2819 3081 Paulini
2865 3029 3139 3083 dumtaxat
3168 3030 3226 3067 δι’
3258 3031 3575 3086 Paschasius

2003 3118 2394 3171 contribulatus
2418 3125 2472 3171 et
2495 3132 2805 3187 compassus
2831 3126 2929 3180 est,
2956 3120 3048 3173 sed
3079 3128 3133 3173 et
3162 3120 3213 3172 in
3244 3118 3385 3186 Ursi,
3416 3137 3575 3189 quem

2004 3207 2323 3262 indivulsum
2367 3224 2475 3263 sum
2509 3208 2955 3278 peregrinationis
2999 3211 3249 3265 comitem
3296 3212 3575 3274 habuerat.

2008 3300 2322 3366 gravissimo
2352 3300 2605 3367 languore
2633 3299 2905 3354 confectus
2935 3308 3017 3355 est
3046 3301 3098 3354 in
3119 3317 3225 3370 quo
3247 3301 3497 3356 Paulinus
3521 3318 3579 3357 sn

2004 3390 2341 3460 perspexisse
2370 3391 2561 3445 asserit
2593 3391 2744 3444 fidem
2768 3399 2822 3445 et
2851 3392 3126 3447 caritatem
3149 3394 3199 3446 in
3222 3394 3447 3449 Domino
3467 3395 3579 3463 ple-

2005 3495 2147 3533 nam.
2164 3480 2400 3534 Tandem
2423 3481 2606 3535 labore
2626 3497 2688 3535 ac
2715 3480 2817 3536 fide
2838 3481 3126 3546 Paschasii,
3147 3499 3303 3551 quem
3326 3485 3579 3539 Dominus

2004 3571 2235 3639 experiri
2266 3571 2433 3625 voluit
2469 3572 2763 3641 potentiam
2793 3574 2931 3641 apud
2978 3589 3036 3628 se
3061 3576 3231 3628 sancti
3257 3577 3580 3631 confessoris

2004 3661 2084 3716 sui
2114 3660 2323 3725 Felicis,
2356 3660 2519 3716 Ursus
2540 3670 2708 3730 Usque
2731 3663 2796 3717 ad
2814 3671 3038 3717 mortem
3069 3663 3366 3717 infirmatus
3393 3666 3459 3718 de
3481 3681 3577 3734 pe-

2003 3754 2172 3808 riculo
2200 3753 2402 3807 invenit
2425 3754 2729 3816 salutem,et
2750 3769 2844 3821 per
2863 3764 2913 3792 σε
2932 3753 3199 3808 Paschasii
3228 3756 3436 3809 diaconi
3467 3774 3579 3810 ma-

2005 3859 2105 3896 nus
2134 3841 2347 3895 Christo
2374 3841 2584 3910 genitus
2612 3843 2664 3894 in
2694 3842 2893 3895 lectulo
2919 3840 3218 3910 baptizatus
3256 3844 3431 3911 rediit,
3459 3847 3582 3901 licet

2006 3934 2217 3988 adesset
2241 3930 2492 3986 Paulinus
2514 3931 2625 4000 jam
2654 3932 2949 4002 presbyter,
2982 3941 3036 3986 et
3056 3934 3238 4002 plures
3265 3935 3351 3987 alii
3374 3939 3581 4004 potuis-

2004 4033 2126 4079 sent
2154 4032 2347 4092 prtesto
2376 4038 2494 4077 esse
2514 4024 2828 4094 presbyteri.
2847 4024 2977 4078 Cum
3000 4035 3175 4079 autem
3192 4025 3247 4062 ἀεὶ
3273 4027 3431 4083 Ursus
3453 4047 3583 4085 sana

2007 4121 2061 4167 et
2090 4114 2307 4168 robusta
2329 4121 2473 4167 esset
2499 4113 2828 4177 valetudine,
2869 4122 2922 4168 et
2960 4115 3270 4170 Paschasius
3297 4119 3361 4170 ad
3386 4120 3575 4174 Victri-

2007 4204 2147 4257 ciutn
2174 4203 2403 4258 reditum
2424 4203 2792 4269 meditaretur,
2826 4220 2921 4273 per
2948 4207 3117 4274 ipsum
3147 4208 3406 4264 decimam
3436 4221 3583 4266 oeta—

2008 4311 2127 4349 vam
2156 4294 2438 4364 epistolam
2466 4310 2614 4348 suam
2653 4296 2719 4349 ad
2746 4294 3048 4350 Victricium
3079 4297 3271 4351 direxit
3317 4299 3583 4369 Paulinus,

2012 4386 2064 4439 in
2091 4401 2194 4455 qua
2223 4401 2345 4440 cum
2372 4396 2425 4423 ει·
2460 4383 2800 4441 Paschasium
2840 4385 3038 4442 diutius
3064 4388 3203 4456 apud
3231 4404 3290 4443 se
3319 4400 3585 4445 retentum

2014 4484 2342 4543 excusasset,
2374 4474 2684 4529 Victricium
2719 4473 2767 4513 τί
2801 4475 2867 4528 ad
2896 4474 3131 4530 Morinos
3175 4486 3228 4531 et
3272 4478 3493 4535 Nervios
3533 4483 3584 4534 in

2016 4566 2199 4636 Belgio
2226 4568 2335 4638 64
2388 4567 2734 4634 Evangelium
2776 4566 3151 4622 disseminasse
3180 4583 3582 4633 commemorat,

2014 4666 2070 4713 et
2093 4657 2611 4726 quemadmodum“
2641 4658 3086 4725 Rotomagensem
3117 4659 3405 4715 Ecclesiam
3439 4664 3584 4719 insti-

2013 4755 2189 4801 tuerat
2234 4756 2289 4801 et
2329 4746 2685 4810 formaverat;
2727 4748 2955 4817 denique
2977 4763 3097 4802 cum
3128 4752 3367 4820 martyrii
3403 4767 3497 4807 seu
3530 4755 3585 4791 ιιι·

2011 4835 2362 4890 confessionis
2391 4835 2559 4888 texuit
2585 4835 2880 4903 historiam,
2904 4837 3043 4890 illius
3069 4836 3111 4873 ίί
3145 4839 3355 4893 videndi
3378 4857 3589 4898 summo

2012 4942 2071 4981 se
2098 4928 2269 4982 teneri
2295 4926 2566 4981 desiderio
2606 4926 2888 4994 signiﬁcat,
2916 4936 2970 4981 et
2998 4943 3178 4983 coram
3229 4931 3279 4984 in
3328 4948 3422 4987 ore
3450 4934 3590 4989 illius

2013 5020 2282 5075 Christum
2326 5020 2575 5075 admirari
2605 5030 2763 5088 atque
2787 5022 3026 5075 venerari
3076 5022 3243 5087 velle;
3274 5039 3337 5078 ac
3364 5027 3409 5075 lt
3449 5026 3592 5093 luget

2021 5110 2383 5166 infelicitatem
2432 5126 2583 5165 suam
2624 5111 2767 5177 quod
2814 5127 2936 5164 cum
2966 5111 3091 5164 olim
3123 5112 3336 5167 Viennm
3382 5114 3587 5178 fuisset,

2024 5200 2227 5255 fructus
2248 5201 2348 5254 iste
2379 5215 2482 5254 non
2512 5199 2817 5267 Contigerit,
2850 5215 2967 5253 cum
2998 5209 3172 5255 tamen
3202 5203 3253 5256 in
3284 5220 3443 5258 manu
3474 5205 3590 5260 fue—

2482 5340 2504 5366 ο
2546 5329 2697 5390 Ibid.,
2732 5348 2782 5384 n.
2816 5332 2867 5382 4.
2951 5332 2968 5369 ί
3004 5333 3155 5397 lbid.,
3192 5350 3242 5387 η.
3271 5336 3319 5387 I.
3398 5337 3585 5391 slbid.

2367 5396 2381 5434 ¹
2411 5398 2562 5463 Ibid.,
2596 5416 2649 5453 η.
2677 5401 2726 5453 5.
2805 5410 2841 5437 η’
2876 5401 3026 5461 Ibitl..
3063 5420 3111 5455 η.
3144 5396 3197 5455 VI.
3275 5414 3299 5440 η
3332 5405 3486 5465 Ibid.,
3533 5422 3584 5458 n.

2056 5547 2081 5585 δ’
2108 5537 2233 5590 Ibid.
2317 5538 2511 5603 'Ibid.,
2552 5555 2601 5592 tt.
2643 5538 2695 5591 2.

2779 5551 2831 5611 “f‘
2850 5539 2976 5611 Cap.
3135 5541 3459 5611 beaulin.
3497 5539 3585 5611 cp.

2130 5606 2178 5645 τί
2211 5607 2365 5669 Ibid..
2403 5624 2454 5660 η.
2498 5609 2549 5660 4-.

2628 5608 2866 5673 eslbid.,
2909 5608 2960 5665 ll.
3005 5610 3050 5660 rs.
3132 5609 3186 5647 ιλιι
3226 5610 3379 5677 una,
3429 5627 3484 5667 η.
3533 5608 3591 5668 7.
