4066 6192
438 280 506 335 sv
1455 272 1511 325 s.
1553 263 1890 323 pauuuus
1928 258 2243 318 somnus
2280 254 2672 313 EPISCOPUS.
3034 233 3041 239 ’
3619 255 3687 309 ss

438 394 525 448 rit.
556 387 695 444 Nihil
717 386 784 440 de
812 382 1048 439 Victricii
1075 380 1140 435 ad
1168 378 1363 434 Urbem
1398 378 1705 433 accessione
1748 375 1834 431 hic
1862 389 2008 429 com—
2038 376 2087 432 Α

438 485 722 545 memorat,
748 489 909 545 quam
939 487 1081 527 anno
1108 469 1211 524 404
1240 468 1433 524 factam
1472 467 1635 520 fuisse
1672 464 2007 519 demonstra-

438 572 632 625 bimus.
1354 629 1365 640 ,

509 660 561 711 2.
604 656 720 711 Hoc
744 661 973 709 exeunte
1000 665 1144 705 anno
1184 660 1209 687 ιι
1242 648 1554 704 Anastasius
1595 660 1733 716 papa
1762 644 1827 698 ad
1858 643 2010 697 anni-

440 748 730 805 versariam
795 740 1213 799 consecrationis
1270 753 1379 793 sua:
1445 733 2011 791 commemorationem

441 838 721 893 Paulinum
777 832 1020 895 invitavit
1068 847 1079 882 :
1139 844 1295 899 quem
1350 828 1609 882 honorem
1651 826 1761 879 suis
1804 831 2010 877 tantum

442 923 915 982 consacerdotibus
954 918 1163 974 deferre
1209 917 1456 971 solebant
1491 914 1683 970 summi
1715 912 2009 982 pontiﬁces.

444 1017 695 1071 Fortasse
736 1011 929 1066 hiemis
953 1007 1318 1063 dillicultatem
1347 1014 1597 1061 causatus
1624 1002 1878 1057 Paulinus
1908 1015 2013 1055 non

445 1103 689 1167 accessit,
717 1098 810 1155 sed
837 1094 893 1151 in
909 1097 1080 1152 vicem
1127 1095 1422 1165 praesentia:
1448 1091 1769 1147 humillimas
1808 1102 2015 1144 summo

448 1193 689 1266 pontitici
716 1191 921 1245 litteras
964 1187 1199 1258 scripsit,
1228 1185 1320 1255 qui
1350 1184 1530 1239 animo
1558 1189 1783 1253 paterno
1807 1194 1898 1235 eas
1926 1192 2015 1233 re-

450 1281 628 1349 cepit,
670 1291 773 1331 nec
817 1274 1060 1329 otlensus
1105 1282 1191 1327 est.
1237 1274 1383 1326 illius
1420 1272 1797 1325 excusatione.
1849 1270 1967 1325 Jam
1996 1268 2024 1308 δ

451 1368 865 1425 observavimus
896 1365 1187 1419 Paulinum
1230 1363 1733 1432 llieronymumque
1778 1361 1846 1415 ab
1876 1375 2021 1414 anno

453 1460 681 1515 forsitan
712 1458 817 1512 594
839 1456 1185 1527 junctissima
1229 1454 1470 1508 amicitia
1512 1453 1680 1508 fuisse
1719 1453 2025 1521 devinctos;

453 1549 816 1621 sequentibus
840 1547 1001 1602 annis
1032 1546 1084 1599 in
1109 1560 1173 1600 ea
1202 1554 1645 1613 perseverarunt,
1676 1544 1805 1598 licet
1832 1559 2026 1599 eorum

2625 422 2758 463 csso
2795 420 3001 462 cnmsrt
3039 403 3160 461 400.

2640 564 2868 621 CAPUT
2904 562 3162 618 XXXVII.

2115 678 2310 733 Sancto
2341 677 2591 747 Delphina
2622 676 3009 747 Burdegalensi,
3048 674 3266 729 Venerio
3291 672 3685 746 Mediolanensi,

2182 779 2233 822 et
2263 768 2471 832 Severo,
2505 766 2682 822 scribit
2712 766 2981 821 Paulinus.
3012 765 3320 821 Martiniani
3346 766 3610 823 [datariam
3638 776 3685 825 et

2184 859 2516 929 naufragium
2542 855 2799 911 describit.

2181 1017 2289 1087 6’5
2332 1016 2383 1070 l.
2416 1016 2473 1070 ln
2502 1016 2730 1086 septimo
2775 1016 2832 1072 S.
2862 1015 3054 1071 Felicis
3100 1015 3343 1072 natalitio
3391 1018 3628 1073 carmine
3661 1029 3684 1057 ο

2117 1106 2365 1161 Paulinus
2382 1106 2601 1175 hujusce
2622 1107 2791 1162 sancti
2812 1106 3105 1177 potentiam
3134 1106 3391 1162 adversus
3418 1108 3689 1164 daemones

2115 1204 2464 1268 demonstrat,
2496 1212 2551 1260 et
2582 1202 2603 1242 τ
2634 1204 3016 1260 daemoniacum
3034 1202 3143 1272 jam
3173 1202 3380 1272 pridem
3409 1203 3686 1258 obsessum

2117 1294 2458 1365 singulariter
2483 1302 2757 1349 connotat.
2782 1293 3108 1363 Praecipuum
3131 1292 3287 1361 hujus
3309 1293 3568 1363 poematis
3601 1309 3692 1348 ar-

2114 1393 2420 1453 gumentum
2442 1393 2561 1440 ests
2584 1383 3193 1451 Theridii.historia,qu:n
3202 1381 3312 1451 jam
3325 1382 3506 1452 elapso
3527 1391 3687 1438 antea

2118 1489 2260 1530 anno
2279 1474 2564 1530 acciderat.
2590 1473 2725 1528 Ante
2737 1487 2906 1528 annos
2920 1488 3057 1543 pene
3072 1470 3240 1527 duosh
3254 1472 3458 1526 litteras
3483 1473 3692 1527 brevis-

2118 1562 2279 1617 simas
2300 1578 2330 1616 a
2358 1563 2618 1633 Delphino
2632 1562 2924 1617 Cardamas
2954 1562 3207 1617 attulerat
3233 1563 3297 1617 ad
3315 1561 3693 1623 Paulinum;ex

453 1643 651 1696 litterae
687 1640 753 1694 ad
806 1654 865 1692 se
919 1638 1153 1691 invicem
1206 1642 1397 1688 mutuo
1451 1632 1607 1724 dath
1649 1648 1798 1724 pene.
1838 1647 2029 1688 omnes
2120 1665 2229 1719 quo
2270 1632 2512 1723 ιθηιροέιε
2540 1656 2741 1709 nullam
2781 1661 3059 1723 receperat
3104 1653 3348 1723 Delphini
3388 1654 3692 1724 epistolam.

451 1730 767 1785 exciderint.
798 1727 953 1784 Circa
982 1727 1086 1782 hoc
1114 1733 1325 1794 tempus
1350 1734 1372 1763 ο
1403 1721 1703 1791 conscripta
1729 1718 2017 1814 etiamnum
2047 1733 2091 1792 Β
2119 1739 2224 1796 per
2248 1718 2415 1797 ιοιωίι
2436 1752 2675 1800 autem
2700 1744 2850 1799 inita
2872 1718 2978 1799 njm
2999 1718 3259 1799 νθηίθηίίε
3289 1718 3470 1798 Umn'ii
3497 1759 3693 1814 “spe,

452 1828 697 1890 superest
718 1820 942 1889 epistola
972 1834 1038 1873 ex
1064 1832 1169 1887 qua
1198 1817 1366 1886 liquet
1393 1814 1670 1869 Paulinum
1713 1813 1766 1865 in
1793 1810 2026 1880 prophe-

452 1920 557 1966 tam
600 1906 1413 1974 Danielemﬂommentariorum
1442 1904 1606 1958 libros
1627 1900 1923 1971 postulasse
1961 1897 2028 1952 ab

452 2001 813 2071 Hieronymo,
844 1997 936 2066 qui
989 1997 1105 2064 ejus
1142 1994 1388 2065 petitioni
1429 1991 1724 2062 acquievit;
1770 1996 1827 2041 at
1869 1987 2029 2055 justis

453 2088 764 2159 quibusdam
785 2087 852 2141 de
872 2086 1046 2141 causis
1071 2084 1226 2139 nobis
1256 2083 1450 2153 ignotis
1475 2096 1570 2137 eos
1596 2077 2029 2150 procrastinavit.

456 2181 611 2233 Anno
635 2177 741 2231 598
761 2192 896 2246 opus
924 2175 1140 2244 aggredi
1170 2174 1415 2240 tentavit,
1445 2180 1500 2225 at
1525 2172 1715 2225 iterum
1741 2168 1943 2223 distulit
1972 2173 2030 2221 ut

455 2268 695 2335 Origenis
714 2266 880 2320 libros
908 2269 1022 2339 Περὶ
1040 2272 1222 2339 Ἀρχῶν
1252 2262 1710 2332 interpretaretur.
1742 2258 1805 2313 Ei
1834 2258 2029 2313 iterum

456 2357 671 2426 scripsit
693 2354 944 2408 Paulinus
966 2363 1027 2409 ut
1064 2353 1129 2406 ad
1154 2351 1494 2408 scribendum
1540 2366 1663 2405 eum
1687 2354 2026 2419 provocaret,

457 2455 511 2500 et
531 2453 856 2515 conquestus
883 2451 965 2497 est
991 2442 1133 2512 quod
1158 2457 1347 2511 parvas
1365 2450 1421 2496 et
1449 2441 1745 2509 incomptas
1772 2437 2031 2492 litterulas

461 2536 714 2590 mitteret.
739 2533 997 2600 Quocirca
1028 2533 1228 2587 hancce
1255 2532 1305 2586 ei
1347 2530 1627 2601 epistolam
1664 2527 1937 2597 rescripsit
1975 2527 2028 2580 in

462 2643 565 2698 qua
616 2627 849 2697 seipsum
897 2631 1117 2680 excusat.
1168 2623 1311 2692 quod
1358 2622 1675 2693 promissum
1740 2618 2030 2688 adimplere

464 2736 570 2773 non
638 2718 947 2788 potuisset,
992 2716 1226 2784 dicitque
1277 2715 1327 2769 ei
1377 2729 1437 2769 se
1499 2711 1751 2783 temporis
1804 2710 2028 2782 penuria

463 2810 532 2863 ab
577 2807 916 2878 amplissimis
973 2805 1163 2861 litteris
1224 2815 1386 2874 atque
1435 2803 1755 2859 doctissimis
1797 2801 2031 2871 perscri-

465 2899 650 2954 bendis
687 2899 987 2963 abstinere;
1024 2904 1376 2965 pneterquam
1416 2894 1561 2965 quod
1611 2908 1730 2948 cum
1774 2892 2031 2961 eloquen-

465 2991 535 3042 tia
565 3005 686 3044 emn
715 2996 938 3042 terreret
966 2986 1234 3051 Paulinus,
1252 2995 1309 3041 et
1333 2986 1385 3047 in
1413 2984 1682 3055 epistolari
1704 2984 1841 3054 stylo
1867 2996 2033 3052 prope

2126 1836 2362 1891 ctatione
2409 1835 2583 1891 fuerat
2627 1852 2916 1907 suspensus
2961 1836 3211 1892 Paulinus
3257 1851 3289 1890 a
3331 1852 3439 1907 quo
3492 1836 3696 1891 litteras

2128 1923 2372 1994 Delphini
2418 1937 2737 1997 accepturus
2765 1938 2918 1982 erat:
2966 1926 2981 1965 ί
3018 1935 3074 1981 at
3102 1924 3261 1981 ofﬁcii
3299 1926 3382 1981 sui
3426 1927 3697 1996 negligens

2130 2011 2357 2069 Uranius
2370 2016 2627 2070 remansit
2656 2017 2744 2071 ubi
2772 2033 2877 2072 non
2896 2016 3140 2072 debebat.
3170 2015 3433 2085 Hujuscei
3471 2016 3698 2071 hominis

2128 2105 2424 2159 absentiam
2453 2121 2565 2161 non
2592 2105 2818 2161 moleste
2838 2106 2980 2174 tulit,
3003 2106 3156 2175 cujus
3183 2105 3418 2161 accessio
3446 2106 3574 2160 nihil
3599 2106 3698 2175 ipsi

2128 2194 2378 2249 conferre
2404 2204 2619 2265 poterat
2645 2196 2771 2251 boni
2796 2213 2811 2250 :
2839 2207 2898 2250 at
2924 2212 3031 2252 non
3070 2197 3279 2252 modico
3306 2196 3494 2252 dolore
3521 2196 3698 2252 Pauli-

2128 2304 2229 2343 nus
2249 2286 2471 2345 allectus
2498 2296 2601 2357 est,
2623 2288 2764 2359 quod
2794 2288 3021 2344 Uranius
3041 2288 3068 2327 ¹ι
3096 2305 3193 2359 per
3211 2290 3700 2360 praevaricationem

2128 2394 2278 2432 suam
2307 2378 2467 2447 longa
2510 2378 2578 2434 ab
2605 2380 2716 2435 oris
2741 2379 2988 2450 Delphini
3016 2380 3243 2451 panibus
3282 2379 3420 2435 fame
3452 2379 3698 2434 tabefecit

2130 2465 2339 2522 Paulini
2367 2468 2620 2523 animam.
2649 2467 2814 2523 Cum'
2852 2476 2951 2539 per
2976 2476 3218 2525 aestatem
3248 2469 3379 2523 nihil
3407 2468 3702 2522 litterarum

2130 2557 2429 2626 accepisset
2452 2554 2708 2614 Paulinus
2724 2598 2739 2623 ,
2764 2558 2934 2613 multo
2961 2557 3131 2628 inagis
3169 2566 3378 2629 tempus
3422 2557 3704 2612 hibernum

2132 2646 2186 2701 in
2215 2647 2406 2702 eodem
2433 2647 2648 2703 silentio
2678 2643 3074 2717 transigendum
3104 2649 3360 2718 putabat;
3390 2664 3512 2702 cum
3541 2646 3704 2710 Deus,

2129 2735 2220 2804 qui
2234 2735 2326 2789 dat
2339 2750 2516 2792 escam
2529 2735 2904 2803 esurientibus,
2920 2736 3145 2792 Paulino
3159 2736 3371 2805 quidem
3392 2735 3702 2805 insperanti,

2130 2824 2225 2880 sed
2263 2825 2502 2894 optanti,
2525 2825 2807 2895 repentino
2836 2824 3029 2880 iterum
3059 2840 3156 2896 per
3181 2824 3552 2881 Cardamatem
3581 2833 3704 2879 tunc

2132 2914 2455 2969 exorcistam
2500 2923 2826 2985 superventu
2873 2914 3122 2969 solatium
3151 2923 3205 2969 et
3231 2914 3479 2983 gaudium
3506 2914 3704 2979 intulit,

2132 3004 2225 3071 q'ui
2250 3002 2539 3057 Cardamas
2553 3012 2591 3040 ω
2607 3003 2673 3059 de
2688 3003 2929 3073 Delphini
2956 3003 3254 3061 valetudine
3278 3019 3401 3058 eum
3423 3004 3706 3058 certiorem

466 3080 694 3134 Tullium
732 3085 1174 3149 repraesentaret,
1223 3078 1509 3132 verebatur
1552 3090 1620 3130 ne
1666 3074 1941 3128 verbosius
1967 3070 2030 3126 ad

2138 3070 2281 3158 fecit,
2312 3100 2368 3146 et
2390 3101 2417 3129 ιι
2447 3093 2588 3148 illius
2609 3107 2672 3148 ac
2698 3070 2922 3147 Amandi
2959 3093 3212 3162 epistolas
3247 3091 3299 3147 ei
3335 3092 3583 3147 reddidit.
3615 3091 3705 3148 His

466 3187 586 3225 eum
644 3172 867 3237 loquens
936 3170 1085 3238 plura
1147 3166 1584 3237 reprehendenda
1630 3165 2036 3219 transmitteret.

468 3259 573 3315 Pro
602 3259 798 3328 pileolo
824 3258 892 3312 ab
943 3274 1009 3313 eo
1035 3266 1256 3326 accepto
1285 3258 1483 3325 gratias
1522 3256 1652 3325 agit.
1685 3256 1759 3310 De
1793 3255 1926 3310 locis
1949 3255 2038 3322 qui

470 3353 694 3405 liberum
725 3350 1001 3404 arbitrium
1032 3348 1221 3403 tollere
1249 3348 1585 3411 videbantur,
1618 3362 1681 3402 ac
1708 3346 1774 3401 de
1804 3346 2040 3401 sanctiti-

474 3452 687 3505 catione
717 3450 836 3503 liliis
859 3449 1089 3504 tidelium
1115 3448 1181 3503 ab
1209 3448 1467 3517 Apostolo
1495 3447 1762 3516 adscripta
1789 3447 2041 3514 quaestio-

474 3556 571 3594 nes
597 3539 646 3594 ei
674 3539 1009 3609 proponebat
1035 3537 1304 3593 Paulinus.
1334 3536 1413 3591 Ex
1440 3536 1751 3591 Tertulliani
1777 3535 2042 3591 sententia

473 3635 754 3703 quzestioni
803 3634 1089 3705 posteriori
1128 3634 1403 3709 respondit
1431 3632 1820 3704 Hieronymus;
1866 3631 2045 3700 quoad

469 3728 709 3796 priorem
739 3728 806 3782 ad
830 3725 1081 3795 Origenis
1113 3725 1283 3779 libros
1299 3723 1633 3798 ΠερὶἋρχῶν
1652 3739 1777 3777 eum
1810 3723 2041 3789 remisit,

465 3834 702 3886 quorum
727 3817 1235 3888 interpretationem
1259 3830 1433 3885 nuper
1462 3832 1491 3869 a
1523 3815 1804 3869 se'factam
1830 3830 1860 3870 τι
1884 3815 2042 3873 Pam-

465 3907 676 3963 machio
717 3913 900 3974 posset
944 3906 1208 3971 mutuari,
1237 3906 1364 3961 licet
1401 3906 1476 3960 illi
1503 3905 1687 3962 Graeca
1733 3906 2043 3961 sufficerent

467 3995 796 4066 exemplaria
845 4012 859 4046 :
907 3994 1061 4062 eique
1099 3993 1274 4047 obiter
1319 4003 1705 4048 commemorat
1748 4010 1808 4049 se
1848 4002 2040 4049 cuncta

466 4087 710 4155 Origenis
747 4101 852 4138 non
894 4083 1183 4152 reprobare
1206 4098 1325 4150 qum
1351 4084 1579 4151 scripsit,
1615 4084 1759 4152 quod
1806 4086 1923 4153 ejus
1949 4086 2042 4140 ad-

2138 3180 2419 3250 respondit
2465 3180 2735 3237 Paulinus.
2766 3180 2826 3235 In
2855 3188 2967 3237 tota
2995 3181 3163 3236 ferme
3202 3181 3425 3251 epistola
3453 3181 3705 3249 vigesima

2137 3271 2312 3341 prima
2330 3280 2354 3306 ο
2372 3270 2441 3325 ad
2463 3270 2760 3325 Amandum
2788 3270 2969 3324 laudat
2996 3269 3364 3325 Cardamatem
3386 3270 3529 3338 quod
3550 3270 3707 3325 velox

2138 3367 2354 3415 essetet
2392 3359 2523 3414 levis
2561 3372 2750 3425 cursu;
2792 3360 2845 3413 in
2874 3359 3091 3415 altera?
3120 3374 3247 3415 vero
3286 3359 3351 3414 ad
3392 3359 3709 3429 Delphinum

2140 3458 2296 3519 rogat
2316 3458 2375 3504 ut
2401 3465 2499 3519 pro
2529 3450 2646 3519 ipso
2666 3449 2985 3520 deprecetur
3012 3450 3199 3516 Deum,
3231 3466 3299 3505 ne
3320 3448 3456 3505 forte
3482 3451 3709 3519 gratiam

2139 3542 2522 3613 baptismalem
2536 3541 2709 3612 ipsius
2725 3541 2979 3612 Delphini
2997 3541 3304 3597 ministerio
3317 3550 3593 3613 acceptam
3608 3557 3695 3596 ma

2137 3636 2303 3690 culet.
2339 3634 2599 3702 Quamvis
2623 3635 2740 3690 haec
2770 3634 3000 3704 epistola
3026 3634 3361 3703 amplissima
3401 3634 3492 3698 sit,
3528 3634 3711 3690 tamen

2137 3743 2263 3782 cum
2297 3727 2525 3781 Paulino
2556 3725 2625 3780 ad
2654 3726 2985 3795 Delphinum
3023 3726 3304 3780 scribendi
3333 3726 3553 3781 occasio
3584 3744 3713 3781 raro

2139 3822 2468 3881 occurreret,
2485 3824 2510 3862 «ι
2527 3813 2814 3868 secundam
2837 3813 3082 3884 apposuit
3103 3813 3382 3883 epistolam
3411 3822 3557 3870 certe
3582 3814 3706 3882 qui-

2139 3904 2261 3959 dem
2286 3913 2307 3940 τ
2338 3902 2696 3971 conscriptam
2717 3902 3133 3958 inter-Anastasii
3160 3903 3436 3959 electionis
3460 3903 3710 3957 anniver-

2139 3995 2361 4059 sarium,
2389 4008 2453 4047 ac
2479 3999 2690 4062 tempus
2717 4007 2824 4060 quo
2855 3990 3106 4048 Paulinus
3134 3992 3360 4048 Romam
3386 4008 3445 4048 se
3466 3992 3711 4047 conferre

2140 4092 2515 4149 consueverat,
2538 4082 2592 4137 id
2622 4090 2704 4137 est
2724 4097 2755 4136 a
2781 4082 2887 4137 line
2913 4083 3036 4137 anni
3063 4081 3168 4138 399
3195 4082 3261 4137 ad
3289 4083 3431 4137 diem
3461 4080 3602 4136 Junii
3626 4083 3710 4136 vi-

398 4194 401 4195 '
468 4176 690 4231 versarii
716 4175 770 4229 in
790 4189 910 4227 eum
930 4172 1364 4237 criminabantur,
1396 4171 1499 4227 sed
1512 4179 1725 4227 tantum
1760 4189 1922 4243 prava
1943 4174 2042 4231 do-

468 4274 646 4336 gmata
692 4262 992 4332 repudiare.
1019 4260 1144 4315 “me
1169 4260 1380 4316 dicebat
1399 4262 1468 4317 ob
1495 4276 1648 4317 suam
1675 4279 1798 4318 cum
1828 4263 2041 4319 Rullino
2141 4263 2209 4317 ad
2238 4261 2551 4331 Delphinum
2577 4268 2633 4315 et
2671 4261 2969 4316 Amandum
3015 4260 3220 4315 Paulini
3248 4261 3485 4331 epistolis
3508 4271 3714 4331 tempus

468 4353 906 4415 controversiam,
936 4350 1087 4418 cujus
1118 4352 1167 4403 in
1198 4358 1403 4420 partem
1433 4366 1539 4406 non
1566 4368 1762 4408 venere
1788 4351 2042 4409 Paulinus
2143 4353 2483 4423 pmliximus,
2510 4352 2633 4406 licet
2655 4360 2832 4406 tamen
2862 4353 2965 4407 hoc
2988 4352 3341 4406 certissimum
3369 4353 3587 4407 omnino
3606 4368 3715 4407 non

469 4454 525 4499 et
550 4443 902 4512 Augustinus;
933 4448 1143 4497 constat
1180 4440 1323 4495 enim
1360 4439 1639 4495 Paulinum
1666 4452 1926 4511 perpetuo
1954 4444 2041 4497 di-
2068 4434 2117 4493 ῐ)
2143 4460 2460 4499 asseramus.
2491 4442 2625 4497 Cum
2672 4442 2974 4497 Cardamati
3005 4451 3026 4479 ³
3055 4442 3121 4496 de
3166 4441 3479 4509 inquirenda
3510 4442 3714 4496 Paulini

473 4534 665 4589 lexisse
688 4531 975 4599 Bullinum,
992 4531 1101 4601 qui,
1124 4531 1176 4585 in
1196 4529 1537 4586 Occidentem
1554 4547 1799 4585 reversus
1818 4540 2048 4587 exeunte
2145 4535 2452 4589 valetudine
2479 4532 2785 4587 mandatum
2809 4531 3040 4585 dedisset
3066 4530 3375 4600 Delphinus,
3406 4532 3458 4584 in
3488 4531 3716 4600 epistola

476 4638 618 4677 anno
646 4621 781 4687 597,
815 4622 1076 4689 integrum
1111 4619 1223 4675 fere
1251 4635 1447 4673 annum
1478 4619 1661 4675 Romae
1688 4631 2051 4677 commoratus
2147 4622 2378 4678 secunda
2425 4621 2684 4690 Delphino
2722 4620 2908 4674 scribit
2941 4632 3001 4674 se
3044 4619 3185 4673 bona
3222 4634 3342 4674 esse
3389 4619 3716 4685 valetudine,

472 4720 572 4777 est,
604 4712 745 4766 unde
777 4712 875 4766 sub
917 4710 1077 4763 tinem
1124 4708 1249 4762 anni
1290 4708 1585 4777 Aquileiam
1625 4725 1685 4764 se
1713 4710 1957 4775 contulit,
1989 4718 2045 4765 et
2151 4727 2257 4766 non
2289 4722 2468 4765 tamen
2497 4709 2735 4774 robusta,
2778 4717 2835 4763 et
2874 4711 2889 4744 ι
2925 4708 3188 4762 Anastasii
3226 4710 3417 4763 summi
3453 4709 3721 4778 pontificis

473 4803 595 4858 inde
636 4802 859 4855 Romam
886 4799 1061 4854 rediit.
1095 4798 1171 4852 De
1200 4796 1290 4851 illo
1319 4796 1572 4853 Paulinus
1600 4799 1839 4867 profecto
1868 4801 2041 4869 loqui-
2149 4801 2578 4857 benevolentiam
2606 4800 2659 4853 in
2686 4815 2745 4854 se
2772 4807 3174 4853 commemorat.
3201 4799 3280 4854 Ad
3300 4800 3414 4855 hate
3435 4800 3579 4854 addit
3598 4816 3719 4855 cum

474 4903 566 4947 tur
597 4890 623 4929 ἀ
664 4907 786 4947 cum
829 4890 958 4943 dicit
997 4904 1055 4943 se
1080 4904 1110 4941 a
1139 4888 1475 4943 sanctissimo
1514 4898 1569 4942 et
1594 4889 1903 4945 doctissimo
1930 4892 2044 4945 viro
2154 4896 2335 4949 Romae
2362 4895 2463 4948 erit
2493 4903 2516 4927 υ
2544 4908 2603 4947 se
2640 4908 2669 4945 a
2711 4907 2919 4946 summo
2966 4890 3213 4961 pontiﬁce
3259 4890 3722 4947 commendatitias

476 4985 687 5053 sibique
714 4983 1007 5046 carissimo,
1031 4984 1121 5052 qui
1152 4999 1256 5037 non
1285 4984 1458 5037 solum
1490 4984 1733 5052 legendo,
1764 4986 1857 5039 sed
1885 4986 2045 5039 etiam
2152 4985 2356 5037 litteras
2403 4984 2807 5051 impetraturum
2853 4982 3045 5049 quibus
3091 4981 3350 5050 Delphino
3377 4982 3536 5035 etiam
3573 4998 3723 5037 eom-

478 5074 869 5143 percgrinando
892 5074 1053 5127 multa
1076 5083 1416 5147 cognoverat,
1443 5076 1680 5149 qnmdam
1702 5077 1767 5131 de
1789 5078 2047 5146 pellicano
2152 5076 2515 5131 mendaretur.

484 5164 710 5232 insignia
731 5164 980 5217 audiisse.
2220 5167 2273 5220 ἓ.
2319 5165 2616 5220 Venerius'
2643 5163 3053 5219 Mediolanensis
3073 5164 3355 5234 episcopus
3376 5162 3725 5233 (Simpliciani

2155 5256 2454 5327 successor)
2505 5256 2795 5312 novissime
2831 5254 3107 5311 ordinatus
3153 5256 3440 5321 scripserat
3478 5255 3722 5311 Paulino.

2141 4174 2398 4242 gesimum
2428 4186 2627 4226 nonum
2656 4172 2781 4226 anni
2811 4169 2935 4226 400.
2960 4170 3133 4226 Haece
3161 4173 3365 4241 epocba
3395 4171 3712 4239 quibusdam

552 5421 576 5447 ἰ
608 5408 705 5480 Ep.
738 5407 828 5480 20,
857 5425 910 5480 n.
942 5405 1227 5480 Ἄλβας).
1257 5408 1428 5480 2_i,_n.
1466 5408 1511 5459 l.
1593 5420 1613 5447 ο
1634 5409 1850 5480 Hieron.
1877 5425 1960 5477 ep.
1994 5410 2030 5462 l.’

2192 5408 2218 5445 ιι
2246 5402 2686 5480 Paulin.,ep._§9,
2712 5419 2763 5456 n.
2798 5405 2880 5480 (ιἈ
2931 5412 2955 5440 ο
2989 5401 3207 5480 Ρῳῇρη.
3438 5403 3606 5480 lO,_v._
3634 5402 3726 5480 lii.

483 5480 505 5520 ί
536 5471 690 5544 Ῐῢὶἀί,
722 5494 771 5531 ν.
971 5471 1244 5548 ΒΨῘιΙἹ-γ.
1282 5477 1413 5548 ιῡιξς
1450 5486 1503 5530 et
1534 5493 1651 5546 cap,
1681 5479 1783 5548 ἦῆ,
1816 5496 1870 5531 η,
1900 5471 1944 5530 ι’,
2024 5481 2030 5516 l

2130 5496 2181 5548 p.
2211 5480 2294 5541 19,
2320 5477 2455 5548 n.1,
2528 5471 2899 5548 ’-_t_m.|.,n_.2.
2983 5474 2996 5522 ε
3034 5472 3439 5548 ερίάᾏηιιιυίει.
3523 5473 3726 5548 ι-ιλυ-ίᾳ..

482 5568 540 5606 υ.
574 5551 622 5603 1.
679 5540 736 5585 ’ω
766 5548 897 5601 Ibid.
975 5544 1233 5615 "Ep.21,
1278 5545 1389 5596 11.5
1419 5547 1566 5615 ριγϋ.
1600 5540 1616 5546 ’
1649 5558 1672 5581 ο
1704 5547 1798 5612 Ep.
1834 5548 1923 5612 ⁸21,
1950 5566 1999 5600 ιι.

2130 5540 2194 5596 ’ρ
2226 5548 2322 5615 Ep.
2372 5547 2464 5612 19,
2496 5563 2549 5600 n.
2589 5544 2624 5596 2
2673 5550 2725 5597 et
2773 5541 2826 5595 4.
2962 5552 3002 5610 ,ιι
3030 5540 3126 5612 Ep.
3160 5541 3431 5610 20,1).1.
3508 5553 3526 5580 '
3561 5542 3720 5613 lbid.,

484 5636 541 5674 ιι.
571 5618 625 5673 2.
703 5628 724 5654 ⁸
756 5617 916 5687 lbid.,
946 5633 997 5671 n.
1036 5614 1083 5667 l.
1165 5616 1181 5649 ί
1213 5613 1367 5681 lbid.,
1400 5630 1453 5668 n.
1481 5614 1531 5667 ‘2.
1609 5626 1632 5651 υ
1661 5616 1793 5671 Ibid.
1873 5629 1893 5652 ν
1935 5617 2092 5686 lbid.,
2123 5633 2175 5672 n.
2218 5616 2271 5669 5.
