4020 6186
304 281 372 336 sa
1674 280 2203 349 PROLEGOMENA.
2605 268 2615 276 “
3499 300 3569 355 9ο

298 394 594 464 Delphinus
624 393 908 448 Paulinum
938 399 1223 462 rogaverat
1250 400 1311 448 ut
1348 394 1512 463 ipsius
1538 392 1655 448 vice
1683 394 1750 448 ad
1781 394 1884 446 Ve-
1916 397 1966 452 Δ
1997 403 2020 440 P
2052 397 2149 463 ipsi
2180 412 2336 451 carus
2381 404 2527 460 erat,
2556 397 2649 453 sed
2669 439 2683 464 ,
2715 405 2773 453 ut
2804 400 3031 467 videtur,
3064 417 3283 474 egenus.
3314 402 3571 464 Paulinus

297 487 505 539 nerium
533 486 802 540 scriberet
826 504 839 537 :
864 485 1009 554 quod
1036 486 1146 556 66
1172 486 1300 540 fecit
1328 486 1601 550 Paulinus,
1629 486 1893 555 jussimue

296 576 611 631 Cardamati
658 584 719 630 ut
761 591 1048 631 recurrens
1076 576 1331 631 transiret
1378 576 1681 631 Mediolano
1729 577 1894 645 ipsius

298 666 585 735 epistolam
625 665 923 730 delaturos,
954 666 1276 734 tandemque
1304 667 1349 721 si
1379 667 1423 721 is
1466 667 1731 736 Delphino
1760 668 1893 721 scri-

299 756 427 809 bere
450 754 639 816 vellet,
667 756 833 809 sciret
862 763 1104 824 paratam
1127 771 1247 811 esse
1271 757 1746 825 opportunitatem.
1779 756 1896 811 Del-

298 845 495 915 phinus
551 846 841 899 certiorem
882 844 1163 900 Paulinum
1211 846 1412 902 fecerat
1458 857 1564 903 sel
1618 849 1892 903 basilicam

301 936 571 1004 Alingone
594 935 886 991 novissime
908 944 1269 991 constructam
1292 939 1581 1004 curavisse,
1608 938 1720 1007 jam
1742 938 1896 993 dedi-

302 1038 478 1080 catam
519 1033 615 1079 aut
639 1040 767 1080 mox
812 1026 1226 1081 consecrandam
1262 1043 1275 1078 :
1315 1024 1567 1081 Paulinus
1596 1026 1622 1064 δ
1657 1020 1893 1082 maximo

304 1117 503 1189 gaudio
530 1117 842 1183 exsultavit,
867 1127 921 1171 et
941 1132 1009 1171 ex
1037 1116 1193 1185 hujus
1226 1116 1465 1187 epistolae
1489 1118 1661 1172 verbis
1686 1117 1895 1172 videtur

305 1207 474 1276 ipsius
504 1205 714 1260 Paulini
742 1207 1005 1261 sumtibus
1033 1214 1306 1261 exstructa
1335 1207 1420 1260 illa
1452 1207 1693 1261 basilica.
1727 1207 1891 1261 Addi-

306 1300 457 1354 derat
500 1299 797 1367 Delphinus
825 1308 848 1337 ε
879 1297 1138 1367 quosdam
1168 1297 1416 1352 dentibus
1443 1299 1552 1353 suis
1584 1298 1811 1353 fremere
1839 1306 1895 1352 et

310 1390 590 1444 tabescere
618 1390 687 1444 ob
714 1390 853 1444 hanc
880 1388 1118 1443 ecclesia:
1139 1404 1290 1443 nova:
1313 1388 1565 1443 fabricam
1595 1407 1606 1442 :
1642 1387 1894 1442 Paulinus

309 1479 587 1549 respondit
612 1479 664 1533 id
680 1478 898 1548 quidem
924 1494 1122 1533 novum
1152 1495 1259 1534 non
1281 1493 1419 1543 esse,
1446 1493 1544 1533 nec
1566 1479 1748 1531 mirari
1768 1480 1893 1547 quia

310 1575 362 1629 in
411 1573 648 1627 Domino
686 1569 926 1626 confidit.
975 1570 1237 1636 Quocirca
1287 1571 1603 1639 Delphinum
1631 1568 1658 1606 ἀ
1686 1579 1893 1639 patrem

309 1678 463 1716 suum
492 1662 827 1731 spiritualem
849 1662 1116 1729 obsecrat,
1140 1670 1198 1715 ut
1219 1677 1317 1732 pro
1338 1662 1505 1731 ipsius
1528 1661 1706 1715 anima
1733 1669 1893 1731 atque

310 1754 496 1809 salutis
524 1769 815 1823 progressu
840 1753 1007 1807 Deum
1028 1760 1299 1823 precetur.

378 1846 432 1898 5.
474 1844 560 1899 Nil
608 1845 788 1899 obstat
825 1844 1110 1914 quominus
1155 1844 1465 1912 vigesimam
1493 1844 1780 1899 secundam
1826 1843 1894 1898 ad

312 1934 570 1989 Severum
599 1934 883 2004 epistolam
908 1979 923 2002 ,
972 1950 1091 2003 quae
1139 1936 1451 2003 vigesimam
1496 1936 1776 2006 septimam
1797 1952 1895 1990 an-

316 2025 597 2079 tecessisse
650 2024 831 2087 debet,
882 2025 986 2080 hoc
1030 2040 1174 2080 anno
1200 2025 1545 2081 collocemus.
1595 2036 1619 2062 ι·
1664 2024 1895 2080 Severus

314 2117 597 2185 epistolam
646 2115 714 2170 ad
766 2114 1047 2170 Paulinum
1074 2115 1295 2170 dederat
1322 2114 1643 2184 Marracino,
1690 2114 1842 2183 cujus
1871 2113 1891 2153 τ

314 2222 469 2275 supra
500 2206 876 2271 meminimus;
908 2214 964 2259 at
997 2205 1226 2260 Romam
1259 2223 1379 2261 cum
1419 2206 1726 2262 advenisset
1752 2208 1894 2261 Mar-

314 2296 528 2350 racinus
556 2294 790 2350 Soriano
818 2296 1099 2365 epistolam
1131 2295 1350 2351 tradidit
1376 2298 1612 2366 gaudens
1631 2299 1773 2369 quod
1804 2314 1896 2354 us-

314 2405 418 2459 que
444 2389 641 2444 Nolam
669 2404 730 2444 se
757 2388 1004 2444 conferre
1028 2397 1083 2445 et
1110 2389 1165 2443 in
1194 2388 1402 2444 Paulini
1419 2399 1767 2459 conspectum
1806 2407 1899 2446 ve-

313 2482 429 2536 nire
459 2496 571 2535 non
603 2488 888 2548 cogeretur
919 2498 931 2533 :
963 2488 1153 2536 contra
1178 2496 1308 2536 vero
1328 2479 1585 2536 Sorianus
1606 2482 1900 2537 monachus

314 2570 606 2625 admodum
636 2571 755 2640 pius
796 2578 850 2626 et
878 2572 960 2625 vir
986 2585 1114 2626 vere
1138 2572 1449 2641 spiritualis,
1478 2587 1598 2627 cum
1642 2571 1900 2627 Severum

312 2660 383 2717 de
410 2661 639 2717 Paulino
686 2661 881 2731 saepius
923 2661 1160 2718 audisset
1210 2663 1551 2732 loquentem,
1603 2678 1667 2717 ac
1692 2660 1899 2717 Paulini

314 2751 587 2808 desiderio
619 2759 911 2819 teneretur,
941 2753 1189 2820 gaudens
1218 2760 1403 2823 optata
1445 2753 1728 2808 occasione
1759 2754 1902 2807 litte-

315 2861 401 2899 ras
430 2845 484 2899 in
515 2860 579 2899 se
609 2845 815 2914 recepit
842 2845 1126 2914 attulitque
1166 2843 1408 2909 Paulino,
1437 2845 1524 2900 cui
1546 2862 1604 2900 se
1632 2846 1897 2916 probavit.

315 2935 661 3007 Quapropter
705 2936 907 2992 Severo
947 2937 1278 3007 respondens
1328 2948 1355 2985 ε
1398 2946 1682 3008 postquam
1713 2938 1901 3008 optimi

316 3036 481 3098 atque
510 3029 630 3083 veri
669 3028 919 3083 monachi
946 3028 1234 3096 imaginem
1263 3027 1599 3083 adumbravit
1626 3026 1901 3093 Paulinus,

319 3122 471 3191 ponit
490 3135 616 3176 eam
645 3136 765 3176 esse
787 3121 995 3176 Soriani
1022 3122 1114 3190 qui
1142 3121 1496 3191 probabiliter
1532 3122 1671 3175 hanc
1698 3121 1901 3192 episto-

319 3214 423 3267 lam
450 3221 573 3268 erat
600 3213 893 3269 delaturus.
925 3213 1177 3270 Paulinus
1204 3216 1308 3271 hoc
1342 3216 1459 3285 ipso
1482 3231 1623 3270 anno
1647 3215 1670 3251 ιι
1700 3231 1907 3270 summa

320 3302 541 3356 aliticia
572 3302 848 3358 inchoavit
874 3319 994 3372 quae
1010 3313 1134 3375 post
1158 3313 1269 3360 tres
1295 3321 1465 3360 annos
1492 3306 1642 3360 fuere
1672 3304 1907 3375 perfecta

321 3394 419 3447 sub
442 3390 606 3447 ﬁnem
636 3394 764 3447 anni
793 3392 916 3447 402.
1264 3450 1273 3477 ᾗ,

386 3483 440 3537 4.
482 3484 543 3538 in
584 3484 824 3539 carmine
860 3484 876 3521 ί
916 3484 1064 3554 quod
1103 3499 1247 3540 anno
1292 3486 1536 3554 sequenti
1584 3487 1905 3557 composuit,

324 3582 716 3630 commemorat
756 3574 1046 3643 plerosque
1083 3574 1329 3629 homines
1366 3590 1426 3630 se
1463 3576 1684 3643 singulis
1723 3576 1910 3631 diebus

322 3677 447 3721 ante
474 3666 650 3720 sancti
673 3664 866 3720 Felicis
889 3666 1061 3720 altare
1081 3662 1295 3731 oﬂerre,
1318 3674 1379 3720 ut
1400 3666 1449 3720 ei
1472 3666 1671 3735 gratias
1690 3673 1912 3736 agerent

321 3755 461 3826 quod
504 3754 603 3809 Dei
652 3755 1024 3811 misericordia
1072 3754 1419 3825 ejusdemque
1473 3757 1644 3812 sancti
1685 3759 1906 3825 auxilio,

325 3852 615 3914 pereuntes
636 3860 668 3899 e
696 3843 987 3915 naufragiis
1036 3847 1333 3902 evasissent
1376 3847 1688 3903 incolumes.
1721 3848 1908 3904 Nescio

322 3950 388 3988 an
410 3936 479 3989 ad
500 3935 782 3989 historiam
812 3934 1118 3990 Martiniani
1146 3952 1253 3991 non
1282 3936 1501 4003 alludat,
1525 3952 1685 4006 quam
1705 3936 1908 4007 Cythe-

325 4026 405 4080 rio
432 4025 694 4080 describit
721 4026 774 4079 in
802 4034 1072 4095 poemate,
1114 4026 1268 4095 cujus
1296 4028 1557 4095 epocbam
1608 4012 1909 4082 certissime

322 4118 545 4171 omnino
574 4124 811 4171 statuere
836 4132 944 4171 non
984 4132 1287 4186 possumus.
1318 4115 1603 4187 Cytherius
1634 4124 1646 4168 l
1700 4120 1799 4173 istc
1829 4120 1911 4172 vir

322 4219 436 4263 erat
463 4212 519 4264 in
549 4208 733 4264 seculo
760 4217 873 4263 ttun
920 4224 1119 4279 genere
1147 4216 1261 4263 tum
1302 4208 1549 4264 doctrina
1581 4210 1825 4276 illustris,
1854 4218 1909 4265 et

321 4302 497 4357 clarus
532 4302 885 4369 dignitatibus
916 4316 1049 4370 quas
1088 4301 1262 4355 fuerat
1308 4310 1606 4356 assecutus.
1638 4302 1708 4356 At
1745 4303 1903 4370 Deus,

321 4393 411 4462 qui
424 4392 610 4447 omnia
638 4392 705 4447 ad
733 4408 792 4448 se
812 4392 1031 4446 trahens
1055 4392 1219 4447 seculi
1236 4399 1484 4462 potentes
1506 4408 1902 4462 nonnumquam

318 4484 519 4552 eligere
565 4484 834 4552 dignatur,
866 4500 988 4539 eum
1038 4484 1292 4538 humilem
1341 4484 1505 4539 corde
1550 4484 1813 4540 ditaverat
1847 4495 1906 4540 ut

317 4583 579 4629 :eternam
608 4576 683 4629 illi
730 4576 999 4630 conferret
1028 4575 1383 4641 altitudinem,
1416 4583 1471 4630 et
1507 4575 1528 4613 ἰ
1572 4576 1639 4630 ad
1668 4591 1906 4631 amorem

317 4679 622 4736 pauperum
672 4681 796 4720 eum
842 4666 1196 4721 excitaverat.
1242 4665 1501 4734 Alligatus
1544 4664 1712 4721 lerat
1751 4669 1907 4723 uxori

316 4774 438 4829 quae
466 4769 505 4795 ιιι
542 4760 597 4813 ἰη
638 4759 886 4815 castitate
926 4760 1065 4815 lilios
1112 4776 1241 4815 suos
1286 4760 1549 4815 educabat
1582 4779 1593 4813 :
1628 4778 1791 4816 unum
1837 4762 1906 4816 ab

314 4850 435 4920 ipso
464 4860 589 4907 ortu
613 4858 1025 4906 consecraverat
1053 4851 1164 4906 Deo
1191 4859 1241 4915 ⁸³,
1266 4866 1495 4920 eumque
1522 4850 1726 4906 Severo
1762 4853 1905 4907 salu-

316 4942 525 4996 taribus
567 4941 863 5010 disciplinis
892 4940 1235 4995 imbuendum
1276 4940 1715 5009 educandumque
1743 4941 1906 4996 tradi-

310 5031 489 5097 derat,
512 5038 573 5085 ut
605 5030 895 5101 aliquando
925 5039 951 5067 °
975 5032 1029 5085 in
1063 5028 1303 5086 Ecclesia
1332 5031 1471 5084 inter
1493 5031 1716 5086 clericos
1742 5032 1897 5086 mini-

311 5133 487 5180 strare
515 5132 834 5179 mereretur.
885 5124 1255 5191 Martinianus,
1287 5123 1355 5177 de
1382 5138 1489 5192 quo
1518 5123 1673 5178 nobis
1702 5140 1901 5191 sermo,

385 5271 419 5330 ιγ
442 5258 884 5330 Ερᾶοηιῶηηδ
913 5257 1056 5330 ἰδίειἒ
1079 5328 1094 5330 _
1127 5268 1149 5296 τ
1181 5257 1334 5330 Ibid"
1361 5272 1414 5309 n.
1442 5256 1547 5330 4.“
1571 5253 1596 5293 ά
1628 5255 1808 5330 Ibid.“
1837 5267 1859 5294 ε
1889 5257 1900 5311 l

1999 5258 2100 5330 llin-
2131 5251 2329 5330 (δι’ιῇ
2361 5265 2415 5302 η·
2436 5247 2495 5330 .ιὶ

1204 5328 1219 5364 ί
1255 5316 1434 5380 Carm.
1482 5326 1573 5391 2'5,
1620 5341 1673 5379 v.
1706 5325 1829 5378 586.
1911 5330 1924 5378 ἱ
1966 5316 2291 5385 (Σπιῐι.’21,
2320 5336 2375 5391 v.
2424 5316 2550 5391 Ml.

314 5340 371 5387 et
387 5329 447 5385 5.
488 5326 547 5367 ἰι
578 5329 758 5384 Carm.
788 5326 876 5392 25,
910 5345 960 5381 v.
992 5327 1117 5380 266.

1992 499 2113 539 eum
2143 494 2301 540 vocat
2322 497 2349 536 ιι
2378 490 2590 558 fratrem
2618 490 2802 558 spiritu
2830 500 2878 543 et
2900 492 3007 560 ﬁde
3026 509 3341 563 germanum,
3376 506 3397 533 ι·
3421 498 3571 567 cujus

1990 574 2164 642 pietas
2187 575 2412 629 interior
2432 577 2768 631 sermonibus
2796 579 3081 635 emicabat.
3127 581 3177 636 ls
3206 597 3398 651 magno
3428 585 3569 641 Pau-

1990 662 2084 716 lini
2105 664 2455 719 conveniendi
2486 673 2507 701 ⁸
2538 666 2803 722 desiderio
2826 668 3048 725 affectus
3076 680 3180 739 est,
3208 676 3451 741 quamvis
3473 677 3571 745 ipsi

1995 753 2013 789 ⁸
2051 751 2271 808 Paulino
2295 755 2505 822 ignotus
2540 774 2551 807 :
2591 771 2711 810 eam
2738 758 2808 812 ob
2833 774 2945 813 rem
2974 746 3257 830 C‘ytherius
3294 778 3569 818 commen-

1990 844 2205 899 datitias
2226 854 2251 881 ι·
2270 846 2317 898 ei
2337 846 2541 899 litteras
2555 847 2771 901 tradidit
2797 857 2855 902 ut
2874 848 3153 905 Paulinum
3176 853 3369 907 adiret.
3392 853 3571 911 Primo
3643 882 3647 886 -

1993 943 2018 971 ν
2048 942 2188 986 terra
2216 935 2463 1002 progredi
2486 936 2653 990 voluit
2690 937 3058 1008 Martinianus,
3090 951 3146 996 at
3174 951 3278 997 tam
3302 945 3462 1014 longo
3484 947 3571 1002 iti-

1992 1022 2107 1075 neri
2136 1022 2358 1091 pedibus
2404 1040 2462 1078 se
2489 1026 2826 1083 committere
2874 1046 2981 1084 non
3031 1032 3263 1097 audens,
3296 1036 3514 1091 ineunte
3544 1047 3569 1073 ι

1994 1121 2249 1167 autumno
2296 1114 2543 1170 Narbone
2579 1117 2630 1170 in
2664 1120 2840 1172 navim
2874 1123 3225 1191 conscendit:
3256 1126 3396 1180 unde
3424 1136 3571 1197 patet
3602 1181 3607 1185 ,

1992 1220 2114 1260 eum
2136 1220 2286 1275 mque
2306 1222 2370 1261 ac
2395 1206 2705 1278 Cytherium
2736 1210 2896 1267 fuisse
2919 1228 2981 1268 ex
3010 1214 3213 1270 Galliis.
3246 1226 3273 1264 γ
3296 1216 3571 1273 Secundus

1993 1297 2045 1351 ei
2074 1296 2171 1351 fuit
2201 1306 2418 1364 ventus;
2447 1300 2539 1356 sed
2568 1302 2719 1358 navis
2746 1317 2905 1371 quam
2932 1306 3248 1361 ascenderat
3277 1316 3301 1343 ι
3330 1310 3570 1364 absoluta

2000 1387 2175 1440 media
2202 1388 2305 1457 67
2335 1396 2493 1443 nocte
2536 1388 2776 1455 desedit,
2818 1401 2873 1446 et
2914 1408 3101 1449 omnes
3124 1396 3216 1465 qui
3246 1396 3298 1450 in
3327 1411 3389 1451 ea
3418 1406 3571 1453 erant

1991 1476 2253 1530 submersi
2268 1487 2391 1531 sunt
2406 1488 2459 1515 ειη
2478 1488 2670 1549 prmter
2681 1496 2775 1535 eos
2790 1482 2879 1551 qui
2906 1484 2959 1536 in
2988 1485 3229 1555 cymbam
3260 1485 3569 1554 confugere.

1994 1565 2342 1621 Martinianus
2362 1575 2562 1630 autem,
2579 1570 2861 1625 Christiani
2883 1582 3157 1641 omnes,et
3170 1575 3385 1645 quidam
3410 1578 3571 1633 etiam

1994 1656 2235 1713 infideles
2274 1660 2365 1729 qui
2404 1660 2456 1713 in
2496 1676 2682 1716 eorum
2724 1679 2949 1719 numero
2986 1666 3229 1734 fuerunt,
3280 1668 3572 1725 incolumes

1920 1726 1969 1786 Β
1996 1761 2283 1807 evaserunt
2312 1770 2325 1804 :
2355 1752 2530 1807 nullus
2560 1754 2730 1809 ﬁdelis
2759 1772 2966 1810 mersus
2999 1768 3110 1823 est;
3141 1759 3236 1813 sed
3266 1768 3452 1814 contra
3474 1760 3571 1815 ιιι-

1993 1841 2093 1895 dmi
2121 1849 2176 1895 et
2212 1841 2538 1896 schismatici
2579 1845 2810 1913 periere.
2836 1845 3163 1913 Navarchus,
3189 1849 3280 1917 qui
3320 1857 3374 1903 et
3394 1850 3571 1904 Nova-

1994 1932 2189 1997 tianus,
2237 1932 2613 2001 desperatione
2652 1934 2814 1988 etiam
2865 1936 3141 1991 demersus
3169 1948 3282 2005 est,
3313 1942 3572 2008 potuisset

1993 2023 2136 2077 enim
2176 2037 2236 2076 se
2273 2037 2339 2077 ex
2381 2023 2622 2092 periculo
2653 2024 2883 2094 eripere.
2927 2026 3073 2082 Pene
3101 2027 3159 2066 δι’
3188 2029 3361 2085 nudus
3388 2030 3574 2098 ellugit

1993 2112 2364 2177 Martinianus,
2397 2113 2508 2182 qui,
2538 2114 2699 2168 rebus
2740 2115 2853 2170 suis
2880 2116 3113 2184 relictis,
3145 2118 3200 2172 in
3245 2133 3445 2187 pavore
3481 2136 3575 2173 ne-

1993 2205 2169 2260 sciens
2178 2211 2443 2259 sumserat
2456 2219 2638 2259 secum
2653 2206 2897 2274 Apostoli
2918 2208 3160 2262 codicem
3182 2206 3537 2277 Epistolarum
3556 2229 3568 2263 :

1996 2294 2050 2348 in
2079 2303 2322 2348 extremo
2343 2303 2398 2333 τε
2417 2294 2627 2363 scaphae
2646 2293 2915 2365 profundo
2939 2311 3002 2351 ac
3012 2297 3174 2351 etiam
3201 2298 3255 2351 in
3283 2309 3419 2366 aqua
3439 2300 3577 2368 posi-

1997 2395 2084 2442 tus
2124 2394 2225 2449 est,
2254 2394 2308 2440 et
2338 2394 2516 2441 tamen
2545 2387 2645 2441 ista
2670 2388 3004 2443 incommoda
3023 2429 3039 2454 ,
3065 2389 3249 2458 frigus,
3292 2400 3577 2458 ceteraque

1999 2479 2132 2533 tanti
2164 2477 2439 2533 infortunii
2453 2479 2705 2547 adjuncta
2726 2496 2755 2533 a
2771 2495 2963 2534 somno
2974 2496 3095 2535 eum
3125 2497 3231 2536 non
3254 2482 3574 2549 excitarunt,

1997 2569 2171 2624 donec
2208 2569 2398 2639 cymba
2452 2577 2665 2638 portum
2712 2571 3033 2639 appelleret,
3078 2572 3223 2639 quod
3274 2573 3577 2628 humanitus

1998 2657 2113 2713 ﬁeri
2138 2675 2242 2712 non
2258 2668 2485 2728 poterat.
2509 2659 2697 2713 Navim
2712 2658 2768 2697 δά
2782 2661 3038 2730 applicuit
3064 2661 3371 2735 Massiliam,
3397 2665 3447 2716 in
3473 2679 3577 2732 qua

1999 2748 2218 2802 civitate
2246 2748 2471 2801 solitarii
2496 2758 2549 2784 δ*
2583 2747 2800 2817 copiosa
2826 2750 3048 2804 caritate
3076 2765 3339 2819 pauperes
3369 2751 3498 2804 nihil
3528 2753 3578 2808 ei

2000 2840 2138 2894 ultra
2186 2840 2397 2894 calceos
2438 2840 2565 2893 dare
2615 2848 2934 2909 potuerunt;
2967 2841 3289 2910 tandemque
3336 2858 3404 2896 ne
3442 2841 3579 2897 forte

2001 2931 2292 2985 haberetur
2311 2946 2447 2984 unus
2475 2946 2542 2985 ex
2570 2931 2651 2984 his
2672 2931 2949 2985 monachis
2971 2932 3243 3000 acephalis
3270 2942 3325 2985 et
3342 2932 3389 2970 τί
3411 2934 3579 3000 iunpo.

2003 3022 2258 3086 storibus,
2289 3036 2384 3075 seu
2407 3022 2584 3075 avaris
2617 3017 3028 3085 mendicabulis,
3050 3029 3281 3076 utvocat
3309 3032 3364 3068 κε
3402 3022 3579 3076 Pauli-

2006 3128 2129 3179 nus,
2158 3112 2248 3179 qui
2279 3126 2374 3180 per
2403 3119 2576 3166 terras
2602 3116 2658 3164 et
2686 3125 2833 3165 mare
2858 3110 3041 3179 vagari
3069 3110 3265 3175 solent,
3284 3118 3340 3165 et
3358 3127 3417 3165 se
3443 3127 3581 3165 nau-

2003 3204 2181 3272 fragos
2222 3218 2513 3273 casumque
2551 3202 2863 3268 venditant,
2900 3203 3093 3272 pelago
3141 3218 3200 3258 se
3242 3203 3581 3257 committere

2005 3297 2199 3352 iterum
2227 3302 2443 3350 coactus
2468 3302 2570 3349 est.
2603 3293 2863 3349 Secundis
2892 3294 3064 3349 ventis
3090 3290 3146 3329 λιιι
3184 3294 3580 3349 Centumcellas

2005 3388 2209 3459 appulit
2237 3385 2606 3454 Martinianus’,
2639 3385 2780 3442 unde
2807 3384 2853 3423 ίί
2890 3386 3115 3441 Romam
3146 3401 3317 3455 usque
3356 3386 3581 3456 pedibus

2006 3496 2065 3535 se
2088 3478 2335 3534 contulit.
2370 3477 2636 3547 Receptus
2668 3479 2712 3527 li
2752 3484 2835 3532 est
2871 3477 2925 3531 in
2963 3476 3241 3545 cujusdam
3283 3475 3489 3529 Paulini
3528 3482 3583 3529 et

2008 3570 2245 3626 Theridii
2267 3571 2448 3635 domo,
2480 3568 2574 3637 qui
2606 3568 2662 3623 S.
2688 3568 2911 3622 Paulino
2939 3576 3093 3623 erant
3118 3570 3321 3636 pariter
3357 3569 3500 3631 cari;
3529 3575 3583 3624 et

2008 3672 2135 3717 tunc
2164 3662 2421 3730 temporis
2462 3660 2607 3714 Nola:
2645 3674 2765 3713 cum
2804 3658 3029 3712 Paulino
3071 3666 3257 3713 nostro
3302 3656 3583 3711 Theridius

2006 3753 2459 3810 commorabatur.
2500 3749 2613 3803 llac
2658 3750 2709 3802 in
2748 3746 2880 3802 urbe
2918 3747 3264 3802 Martinianus
3293 3749 3435 3803 viros
3480 3748 3582 3804 sibi

2007 3845 2318 3901 notissimos
2345 3850 2402 3897 et
2425 3838 2714 3911 populares
2735 3854 2862 3893 suos
2892 3840 3115 3909 reperit,
3146 3848 3201 3893 et
3230 3839 3485 3894 Paulinus
3504 3841 3581 3895 ci-

2006 3940 2088 3994 vis
2108 3938 2195 3991 ille
2223 3935 2497 3989 Romanus
2524 3946 2645 3987 eum
2684 3930 2900 3984 nudavit
2921 3938 3068 3985 veste
3098 3929 3349 3999 naufraga
3379 3939 3433 3983 et
3453 3945 3582 3985 coo-

2008 4030 2183 4101 peruit
2203 4043 2317 4083 sua.
2348 4024 2695 4079 Martinianus
2722 4023 2916 4078 deinde
2946 4021 3003 4061 ¹ι¹ι
3031 4023 3254 4092 pedibus
3279 4024 3381 4077 iter
3398 4038 3585 4079 versus

2008 4122 2196 4177 Nolam
2218 4118 2477 4190 perrexit.
2500 4114 2718 4186 Capuaa,
2747 4130 2866 4183 qua:
2901 4115 3065 4169 leucis
3090 4122 3213 4168 octo
3239 4113 3402 4167 distat
3428 4114 3583 4180 Nola,

2016 4212 2061 4251 ιι
2082 4220 2363 4267 vacantem
2383 4209 2590 4263 sarcina
2621 4207 2822 4261 mulum
2852 4206 3166 4261 redeuntem
3182 4221 3348 4276 parvo
3374 4222 3479 4260 aere
3500 4207 3584 4262 lo-

2007 4305 2151 4360 cavit
2182 4321 2195 4355 :
2229 4310 2285 4355 at
2312 4300 2578 4371 pigritiam
2608 4314 2716 4353 non
2747 4298 2868 4352 tulit
2895 4297 3240 4367 impunitam;
3271 4297 3417 4352 mulo
3444 4298 3586 4352 enim

2008 4396 2271 4454 subducto
2318 4394 2371 4448 in
2399 4400 2596 4447 terram
2627 4390 2819 4446 cecidit
2841 4389 2893 4442 in
2922 4404 3017 4442 ora
3041 4389 3242 4457 lapsus,
3266 4388 3317 4441 in
3347 4402 3474 4441 saxa
3500 4386 3585 4440 fus

2007 4507 2099 4545 sus
2138 4498 2192 4543 et
2219 4488 2413 4551 rubos;
2461 4499 2560 4538 nec
2603 4491 2780 4537 tamen
2828 4481 2983 4533 lzesus
3010 4487 3130 4533 est:
3161 4480 3304 4547 quod
3334 4476 3588 4532 Paulinus

2009 4589 2282 4636 nostermm
2304 4577 2359 4630 S.
2376 4574 2577 4630 Felicis
2597 4572 2919 4643 protectioni
2939 4570 3142 4623 tribuit.
3159 4568 3395 4637 Denique
3416 4569 3467 4622 in
3488 4568 3587 4622 do-

2008 4687 2153 4726 mum
2184 4669 2242 4723 S.
2262 4665 2468 4720 Paulini
2490 4663 2736 4726 advenit;
2764 4668 2819 4696 υη
2849 4661 3062 4728 ignotus
3088 4667 3214 4713 ante
3243 4674 3368 4713 mox
3398 4667 3457 4712 ut
3488 4674 3583 4713 co-

2010 4762 2189 4831 gnitus
2218 4760 2337 4812 esse
2364 4754 2528 4824 coepit
2549 4764 2601 4807 et
2630 4750 2868 4822 Cytherii
2889 4750 3119 4814 amicus,
3153 4747 3379 4802 Paulino
3418 4747 3589 4803 factus

2011 4858 2095 4906 est
2136 4847 2473 4907 carissimus,
2501 4841 2745 4910 quamvis
2793 4840 2999 4893 litteras
3045 4837 3509 4893 commendatitias
3536 4838 3587 4891 ei

2009 4940 2182 4994 nullas
2206 4937 2333 4993 dare
2353 4932 2607 5005 potuerit,
2636 4930 2760 4998 quia
2781 4944 2871 4983 eas
2891 4943 3092 4995 suaque
3112 4928 3290 4981 omnia
3312 4926 3585 4980 amiserat.

2010 5031 2145 5085 Illud
2170 5041 2386 5083 carmen
2427 5023 2681 5077 Paulinus
2728 5020 2998 5089 inscripsit
3024 5017 3093 5072 ad
3131 5017 3463 5088 Cytherium,
3500 5017 3590 5070 cui

2010 5132 2298 5195 postquam
2330 5129 2511 5171 casum
2539 5128 2603 5167 ac
2629 5110 2886 5166 miracula
2926 5108 3371 5164 commemoravit
3397 5107 3592 5177 quibus

2577 5244 2593 5283 ί
2619 5240 2908 5367 ἓῖίῖἱιῗῦἷγ.
2935 5241 3321 5365 ἶεῐὲῑῗωίθ
3343 5242 3437 5365 2ῗῖ
3462 5241 3592 5364 ἓξὲξ

316 5380 779 5465 ﬁentes.
854 5380 1073 5461 illud,
1108 5414 1155 5449 ν.
1192 5396 1315 5448 715.
1395 5405 1419 5431 ο
1453 5380 1607 5462 ιυίιιί,
1640 5393 1846 5465 v.777.

2007 5380 2145 5461 bim,
2171 5411 2223 5465 v_.
2256 5380 2371 5465 Δ445
2398 5395 2454 5442 et
2478 5385 2657 5465 “£55.;
2698 5381 3082 5465 g_l.l)_id.,v.nl.;‘
3144 5381 3347 5465 quia,
3379 5398 3431 5436 v.
3462 5380 3587 5465 is}.

316 5474 339 5504 ’
368 5472 525 5537 "3M,
570 5487 619 5523 v.
646 5468 769 5521 450.

854 5448 1133 5529 ιίιῖίὶὶζίν.
1172 5465 1295 5518 455.
1375 5474 1401 5502 ιι
1437 5448 1816 5529 ιδίαξνέλδε
1840 5474 1896 5519 et

2007 5448 2161 5519 ὶῗκ
2195 5461 2350 5523 νήθη
2389 5455 2565 5529 v.32.
2641 5463 2666 5491 ι
2698 5453 2862 5529 _l_b_ii_l.,
2894 5449 3103 5529 magis.
3149 5450 3385 5529 gnua,
3414 5448 3587 5529 νέξ.

317 5544 344 5574 π
371 5516 538 5599 tua},
569 5516 619 5589 ἐξ
656 5516 777 5591 ist.
857 5516 1310 5598 «ﬁliifilii
1352 5516 1761 5603 etiam;
1840 5516 2576 5603 iiltiidl.v._ss3e127g,__
2615 5521 2906 5603 παμβίᾳ-,νγ-
2939 5520 3079 5603 212:.
3138 5516 3589 5603 δῗὲ¹ὶὲίῖο.νν·⁵.9.ἷ⁵;

322 5608 374 5637 τε
403 5587 776 5669 ιειίάζέύζῖίῐδ
808 5616 863 5661 et
890 5587 1400 5668 Stiwltlhidgv.
1427 5587 1567 5659 5351’
1610 5587 2086 5666 "ns'tiim.,vjsaaf
2158 5590 3102 5669 ιιιιιιιίιιηγ.δδι.ηξίιι›ίιιε,χ.βτο.
3176 5587 3587 5669 ;3_tbi_d.,v.s7t

319 5682 371 5727 et
392 5671 505 5729 ass
530 5682 593 5735 ct
613 5689 768 5748 seqq.
845 5675 899 5716 ιι
927 5675 1084 5741 lbid.,
1119 5692 1169 5730 ν.
1203 5673 1327 5730 398.

1413 5673 1458 5714 ll
1493 5674 1652 5741 lbid.,
1685 5690 1737 5730 ν.
1767 5673 1870 5729 405
1899 5685 2131 5744 etseqq-

2322 5654 2476 5730 ιιίίιι..
2522 5662 2723 5717 ν.414.
2800 5671 2855 5697 ου
2883 5660 3042 5725 lbid.,
3084 5674 3132 5710 v.
3163 5654 3266 5710 455
3286 5664 3521 5729 ctscqq.
