4066 6192
474 285 534 339 91
1491 284 1549 339 S.
1592 282 1931 339 I’AULINUS
1969 281 2285 340 NOLANUS
2323 283 2710 341 EPISCOPUS.
3644 290 3715 346 92

473 411 506 450 e
536 395 772 465 periculo
802 394 1176 449 Martinianum
1210 395 1352 449 Deus
1382 395 1672 464 eripuerat,
1707 406 1732 433 α
1761 398 1827 450 de
1850 394 1942 449 lilii
1966 396 2047 449 in-
2070 398 2122 457 Α
2149 412 2256 452 nuo
2280 415 2292 450 :
2325 407 2381 452 et
2407 399 2607 456 idcirco
2656 400 2909 457 Paulinus
2936 402 3140 459 Severo
3185 418 3282 459 suo
3308 404 3549 463 scribens
3577 445 3592 471 ,
3626 408 3715 461 Vi-

470 487 772 550 stitutione,
819 502 978 554 quem
1009 487 1108 539 sub
1137 485 1336 540 Severo
1366 485 1650 556 Cytherius
1678 486 1790 541 Deo
1828 486 2041 540 dicavc—
2142 496 2345 543 ctorem
2366 498 2394 525 ιι
2419 492 2646 545 solemne
2673 492 2915 546 solatium
2939 510 3087 547 suum
3108 496 3343 565 appellat
3372 514 3385 550 :
3416 496 3560 567 quod
3592 498 3717 568 iter,

470 584 573 641 rat,
605 577 769 630 multa
796 577 1027 631 disserit.
1084 575 1240 630 Circa
1290 577 1428 630 idem
1471 586 1678 644 tempus
1706 575 1883 630 forsan
1910 575 2043 629 scri-
2143 586 2203 633 ut
2228 578 2458 644 videtur,
2484 580 2710 650 pedibus
2733 580 3075 636 conﬁciebat.

471 668 577 736 psit
606 665 1318 735 Paulinltsl‘Epithalamium
1347 666 1563 730 Juliani,
1605 683 1763 737 quem
1793 674 2039 724 constat°

468 772 537 810 ex
568 756 844 823 Augustini
883 758 1109 826 epistola
1136 758 1428 813 centesima
1457 759 1628 827 prima
1657 758 1821 814 fuisse
1861 759 2045 814 diaco-

472 860 600 900 num
621 861 761 900 anno
783 845 904 899 408.

990 1003 1217 1060 CAPUT
1245 1004 1525 1060 XXXVIII.

472 1114 576 1170 Per
612 1116 865 1170 Victorem
887 1119 1053 1170 sancti
1095 1116 1314 1171 Martini
1341 1118 1646 1188 discipulum
1675 1120 1909 1190 Sulpicio
1952 1121 2047 1177 Se-

718 1221 834 1258 vero
857 1205 1028 1274 plures
1053 1206 1297 1274 epistolas
1336 1207 1511 1261 scribit
1539 1207 1813 1264 Paulinus.

544 1337 593 1389 1.
620 1338 868 1402 Severus,
900 1336 925 1375 (³
961 1338 1051 1408 qui
1074 1341 1239 1395 semel
1271 1349 1476 1395 tantum
1516 1343 1801 1410 quotannis
1824 1342 2048 1401 Paulino

472 1427 709 1481 scribere
732 1437 1107 1490 consueverat,
1139 1431 1241 1485 hoc
1268 1446 1409 1486 anno
1432 1432 1571 1486 circa
1602 1433 1851 1497 hiemem,
1885 1443 1943 1488 ut
1970 1435 2050 1489 vi-

472 1515 652 1580 detur,
678 1518 869 1572 iterum
899 1520 1111 1589 scripsit
1131 1536 1237 1588 quo
1270 1522 1319 1574 ei
1341 1536 1576 1575 amorem
1597 1537 1749 1576 suum
1774 1524 1939 1591 magis
1964 1530 2042 1579 tc-

470 1607 807 1663 stilicaretur.
842 1610 897 1664 In
942 1612 1087 1666 hisce
1134 1612 1323 1665 litteris
1354 1610 1629 1665 Paulinum
1675 1621 1699 1650 ο
1730 1614 1952 1681 rogabat
1990 1622 2049 1668 ut

2678 733 2814 773 anno
2841 734 3046 774 cuntsrt
3074 719 3198 774 401.

2215 824 2267 879 2.
2300 825 2355 881 Si
2385 826 2586 896 potuit,
2627 837 2857 883 exeunte
2904 844 3046 883 anno
3073 828 3205 897 100,
3244 830 3338 886 sed
3367 833 3547 902 potius
3573 848 3714 890 anno

2145 918 2242 972 401
2278 919 2496 972 ineunte
2525 934 2622 989 per
2642 919 2885 974 eumdem
2910 920 3180 975 Victorem
3201 920 3402 976 Severo
3426 924 3717 993 probabili-

2147 1015 2230 1061 ter
2258 1009 2531 1077 respondit
2577 1007 2847 1063 Paulinus.
2880 1020 2905 1046 ν
2948 1007 3183 1064 Primum
3212 1011 3397 1067 Severi
3427 1014 3715 1069 amicitiam

2146 1110 2210 1150 ac
2244 1096 2670 1150 benevolentiam
2707 1097 2861 1153 valde
2899 1101 3265 1165 commendat,
3297 1117 3553 1171 suamque
3594 1121 3716 1159 tnu-

2146 1190 2293 1238 tuam
2315 1185 2364 1238 ei
2386 1184 2683 1250 denuntiat,
2724 1195 2779 1241 et
2810 1197 2833 1223 ι
2857 1186 3049 1243 deinde
3074 1190 3237 1245 multa
3265 1191 3331 1245 de
3358 1192 3573 1248 Victore
3604 1195 3715 1250 dis~

2145 1275 2277 1329 serit
2309 1292 2320 1327 :
2357 1275 2471 1330 haec
2496 1276 2718 1330 recludit
2747 1277 2953 1331 initium
2993 1280 3232 1349 epistolae
3259 1282 3525 1350 vigesima:
3549 1286 3718 1339 tertia:

2147 1380 2315 1433 usque
2345 1366 2411 1420 ad
2441 1383 2721 1421 numerum
2753 1367 2838 1433 10,
2879 1370 3022 1437 quod
3068 1370 3195 1425 olim
3241 1373 3518 1441 epistolam
3548 1383 3717 1430 totam

2148 1456 2214 1510 ad
2236 1456 2492 1513 Severum
2516 1458 2582 1511 III
2605 1459 2656 1512 in
2687 1459 2915 1528 vulgatis
2942 1471 3095 1516 antea
3124 1463 3396 1519 codicibus
3420 1467 3718 1522 constitue-

2146 1547 2269 1613 bat;
2294 1557 2483 1616 quarta
2510 1564 2641 1604 vero
2670 1549 2721 1603 in
2746 1550 2931 1605 iisdem
2978 1553 3189 1607 excusis
3223 1554 3494 1610 codicibus
3523 1556 3599 1611 sic
3632 1557 3718 1610 in-

2145 1640 2376 1694 choabat
2398 1649 2466 1693 3':
2506 1639 2666 1695 Venio
2696 1658 2828 1694 nunc
2855 1642 2925 1694 ad
2968 1643 3216 1712 majorem
3251 1646 3429 1716 fratris
3474 1663 3598 1717 erga
3639 1664 3719 1702 me

470 1700 640 1766 magis
679 1702 953 1772 magisque
1002 1719 1121 1758 eum
1152 1704 1453 1757 redamaret
1494 1722 1506 1755 :
1550 1705 1715 1773 ipsius
1744 1701 1764 1743 ί
1795 1706 2044 1759 virtutem

2156 1730 2378 1784 Victoris
2401 1748 2627 1800 operam.
2653 1732 2722 1784 At
2740 1731 2862 1800 quis
2884 1748 2989 1785 non
3011 1700 3193 1787 videat
3226 1700 3283 1788 et
3322 1750 3390 1789 ex
3421 1735 3503 1790 his
3530 1700 3718 1806 primis

468 1791 579 1859 68
622 1794 1035 1862 generalemque
1088 1795 1348 1849 bonorum
1388 1796 1776 1851 abdicationem
1820 1799 2046 1866 egregiis

474 1880 719 1937 laudibus
748 1885 1060 1947 extollebat,
1109 1884 1175 1940 de
1203 1902 1261 1940 se
1311 1887 1426 1955 ipso
1468 1888 1742 1942 humiliter
1786 1890 2041 1944 sentiens.

478 1970 639 2025 Certe
666 1972 879 2039 quidem
928 1975 1283 2029 confitebatur
1317 1991 1376 2030 se
1417 1975 1604 2031 missas
1650 1976 1715 2030 ab
1743 1992 1811 2031 co
1840 1978 2047 2035 litteras

468 2075 569 2129 pro
598 2063 733 2116 virili
764 2072 915 2132 parte
936 2065 1227 2132 divulgare,
1259 2066 1322 2120 ad
1344 2082 1574 2134 eumque
1609 2076 1633 2113 ε
1663 2068 1822 2136 pallia
1868 2070 2048 2125 mitte-

468 2151 579 2205 bat.
611 2152 731 2207 Suaa
756 2155 1053 2208 solitudinis
1075 2154 1099 2191 ¹¹
1118 2158 1321 2210 socium
1346 2158 1559 2212 nomine
1580 2158 1850 2212 Victorem
1870 2159 2046 2226 gladio

469 2243 1065 2310 aliascircumcinctum,
1084 2247 1253 2299 sancti
1277 2246 1482 2300 Martini
1499 2248 1829 2315 spiritualem
1857 2250 2045 2318 lilium,

467 2341 771 2400 sanctazque
799 2335 919 2387 vitm
950 2334 1005 2386 Β.
1037 2335 1177 2389 Clari
1200 2342 1503 2389 consortem
1533 2336 1713 2405 elegit,
1750 2336 1766 2375 ί
1801 2338 2046 2406 quihanc

472 2420 540 2473 ad
570 2420 847 2476 Paulinum
876 2422 1109 2479 deferret
1148 2426 1448 2493 epistolam.
1481 2425 1711 2481 Severus
1739 2429 1791 2481 in
1821 2429 1924 2484 hac
1950 2444 2045 2484 sua

467 2512 696 2581 epistola
721 2518 735 2563 t
767 2530 887 2568 enm
912 2516 1119 2569 dixerat
1140 2516 1409 2570 hominem
1436 2518 1721 2572 virtutibus
1750 2527 1995 2573 ornatum
2027 2538 2039 2573 :

470 2600 495 2638 κ
524 2602 706 2656 intima
724 2604 899 2672 itaque
925 2606 1204 2661 affectione
1228 2615 1283 2662 et
1304 2621 1492 2675 magna
1516 2610 1871 2675 gratulatione
1897 2611 2044 2666 illum

468 2695 702 2763 suscepit
730 2695 999 2760 Paulinus,
1029 2696 1298 2751 affirmans
1319 2713 1376 2752 se
1396 2700 1764 2767 experimento
1786 2716 2046 2771 recogno-

471 2783 615 2837 visse
644 2784 815 2851 ipsum
841 2800 959 2838 esse
984 2801 1110 2840 vcre
1139 2787 1408 2840 hominem
1435 2788 1547 2853 Dei,
1578 2790 1831 2843 humilem
1861 2790 2040 2857 corde,

473 2886 578 2924 non
610 2873 864 2927 humilem
886 2876 1074 2942 gratia,
1111 2892 1197 2929 vas
1229 2877 1611 2943 misericordiaz,
1654 2888 1703 2931 et
1728 2882 2043 2935 mansionem

473 2962 723 3015 Altissimi
741 3002 755 3026 ,
785 2982 929 3033 quem
960 2966 1139 3035 recipit
1167 2976 1216 3018 et
1244 2965 1461 3019 oblectat
1487 2968 1690 3037 placido
1713 2971 1901 3025 animae
1939 2981 2042 3024 tre-

467 3054 649 3108 mentis
680 3055 927 3121 hospitio;
958 3073 1106 3126 quem
1146 3073 1285 3110 ovem
1327 3075 1512 3127 puram
1538 3076 1641 3112 non
1669 3060 1832 3114 solum
1869 3062 1883 3099 ι

466 3145 694 3213 (vestem
723 3148 1069 3201 monasticam
1121 3148 1424 3216 intelligit),
1452 3166 1619 3203 verum
1648 3153 1860 3219 spiritus
1884 3171 2038 3207 man-

465 3234 769 3296 suetudinis,
797 3244 845 3287 et
872 3251 1114 3303 expressa
1133 3238 1185 3289 in
1208 3235 1356 3289 verba
1376 3239 1487 3305 ejus
1508 3248 1656 3307 atque
1676 3240 1879 3294 silentio
1902 3241 2044 3296 Chri-

468 3326 533 3377 sti
562 3326 809 3379 modestia
849 3326 1122 3380 reuelabat.
1191 3328 1511 3382 lIumillima:
1549 3338 1605 3384 et
1666 3331 2041 3399 abjectissimu:

467 3423 506 3449 ιη
522 3414 792 3467 servitutis
806 3416 1061 3483 obsequia
1074 3414 1295 3471 Paulino
1310 3419 1563 3473 exhibere
1586 3421 1834 3476 studebat
1859 3422 2044 3478 Victor

467 3520 651 3557 avarus
681 3505 1045 3559 dominationis
1074 3508 1307 3573 internae,
1337 3517 1385 3562 et
1416 3509 1605 3564 idcirco
1634 3527 1891 3582 corporea:
1934 3531 2043 3568 ser-

468 3596 639 3647 vitulis
680 3597 916 3666 impiger.
950 3594 1202 3652 Paulinus
1238 3598 1353 3667 ejus
1386 3600 1631 3668 precibus
1658 3610 1684 3637 ιι
1708 3605 1874 3657 semel
1909 3620 2040 3659 con-

468 3684 630 3737 cessit
658 3692 717 3737 ut
744 3685 909 3753 pedes
940 3686 1165 3755 lavaret,
1189 3688 1417 3757 oleoque
1444 3705 1638 3759 corpus
1669 3693 1834 3761 ipsius
1854 3709 2044 3762 perun-

468 3781 639 3842 geret,
673 3776 985 3832 existimans
1012 3778 1113 3834 sibi
1161 3795 1267 3833 non
1304 3781 1576 3835 minimam
1613 3782 2040 3841 benedictionem

467 3878 590 3917 csse
634 3873 873 3919 sanctam
904 3867 1044 3921 illius
1075 3868 1126 3921 in
1156 3870 1372 3924 nomine
1416 3871 1508 3927 Dei
1539 3870 1953 3940 famulatiouem,
1983 3883 2044 3930 ut

471 3952 587 4006 viro
641 3952 794 4021 cujus
847 3955 1101 4022 pietatem
1153 3961 1511 4015 venerabatur
1547 3977 1701 4016 suum
1748 3962 2044 4020 declararet

463 4038 731 4094 allectum.
772 4041 838 4094 Ut
864 4051 1039 4096 autem
1071 4044 1299 4098 vicissim
1342 4054 1367 4082 °
1398 4048 1667 4101 minimam
1706 4051 1892 4105 saltem
1922 4061 2043 4121 gut-

468 4131 633 4185 tulam
671 4127 739 4183 de
785 4130 950 4184 sacris
986 4132 1155 4184 sancti
1186 4132 1396 4186 Martini
1438 4136 1644 4190 actibus
1690 4138 1949 4196 delibaret
1975 4159 2043 4198 ex

464 4222 650 4276 Severi
693 4222 848 4285 libro,
883 4219 1087 4274 Victori
1109 4221 1231 4275 licet
1260 4223 1426 4277 invito
1451 4238 1641 4292 aquam
1671 4230 1913 4286 manibus
1939 4233 2040 4285 mi-

466 4311 731 4364 nistravit.
761 4311 944 4366 Victor
971 4311 1191 4379 insuper
1236 4326 1358 4365 eum
1412 4323 1437 4361 ν
1479 4313 1660 4369 docuit
1690 4331 1795 4385 qua
1832 4321 2041 4378 ratione

462 4404 736 4471 simplices
764 4404 914 4459 cibos
960 4413 1015 4459 et
1040 4404 1237 4460 fercula
1281 4404 1489 4460 minore
1517 4416 1694 4463 sumtu
1730 4418 1785 4463 et
1821 4412 2040 4467 mollitie
2069 4431 2118 4492 ι)

463 4503 677 4562 pararet
711 4513 726 4551 :
768 4496 1020 4563 quocirca
1050 4514 1147 4567 pro
1189 4507 1299 4554 tota
1327 4497 1490 4554 domo
1520 4509 1547 4548 (ι
1568 4502 1930 4569 coquinariam
1951 4521 2039 4558 ar-

463 4593 573 4637 tem
602 4585 904 4652 aliquandiu
932 4590 1187 4654 exercuit,
1218 4606 1325 4645 uno
1368 4599 1574 4646 tantum
1602 4591 1885 4659 adiuvante
1911 4609 2040 4650 sene

464 4676 667 4730 rustico
695 4692 881 4731 recens
910 4678 1201 4747 baptizata,
1237 4680 1440 4736 Paulini
1470 4682 1791 4738 domestico.
1838 4683 2041 4739 Asserit

467 4760 720 4820 Paulinus
735 4768 1036 4823 'Victorem
1055 4770 1106 4822 in
1130 4771 1299 4838 ipsum
1315 4788 1522 4826 summe
1547 4771 1706 4827 fuisse
1717 4772 2036 4839 ofﬁciosum,

465 4861 525 4907 et
568 4856 831 4924 prmeipue
869 4858 1013 4925 quod
1046 4859 1210 4927 ipsius
1249 4861 1468 4929 capillos
1496 4862 1808 4927 totonderit,
1841 4872 1862 4898 ⁸
1894 4864 2037 4932 quod

464 4944 650 4998 Severi
672 4945 924 5001 mandato
953 4948 1201 5012 faciebat,
1226 4959 1284 5003 ut
1306 4959 1475 5005 artem
1497 4968 1646 5006 suam
1678 4952 1899 5009 Paulino
1920 4969 2038 5023 pro-

431 5022 439 5039 ’
466 5036 634 5090 deret.
663 5035 743 5091 Ex
766 5038 855 5092 illo
882 5046 1123 5108 tempore
1151 5041 1253 5095 iste
1281 5043 1299 5079 ί
1338 5042 1521 5098 Victor
1544 5059 1612 5097 ex
1655 5043 1839 5099 Galliis
1867 5022 2036 5116 usque

467 5123 655 5179 Nolam
692 5129 984 5197 sepissime
1011 5146 1069 5185 se
1094 5132 1351 5199 contulit,
1378 5141 1435 5187 et
1460 5134 1676 5203 quidem
1720 5135 1912 5192 itinere
1939 5152 2036 5191 an-

538 5279 769 5354 ftJarm.
795 5281 881 5354 2i,
917 5300 964 5336 v.
994 5282 1097 5354 496
1126 5293 1180 5338 et
1212 5301 1360 5354 seqq.
1440 5286 1465 5324 ιι
1495 5286 1673 5340 Carm.
1704 5286 1793 5341 ‘22.

466 5350 489 5390 τ
512 5350 665 5424 Ibid.,
695 5360 749 5404 ct
764 5370 822 5424 p_.
850 5352 932 5424 2.Δ
979 5353 1123 5424 ιξΕι).
1152 5354 1238 5415 21,
1275 5350 1339 5408 .i.‘
1366 5356 1410 5408 1.
1489 5354 1513 5391 ιι
1543 5356 1641 5424 Ep.
1669 5356 1757 5419 23,
1789 5375 1839 5409 n.
1867 5359 1917 5412 5.

462 5421 621 5490 (editi.
648 5436 731 5488 ep.
756 5420 845 5477 25.
922 5420 948 5459 k
980 5420 1184 5476 Paulini.
1216 5439 1301 5490 cp.
1330 5424 1486 5490 23m.
1513 5424 1567 5477 5.

461 5489 659 5559 albida
690 5492 809 5554 n.6,
834 5492 866 5544 8
892 5500 945 5545 ct
968 5492 1021 5545 9.
1099 5504 1124 5541 τι
1156 5489 1309 5559 Ibid.,
1338 5510 1390 5545 n.
1426 5492 1478 5547 9.
1558 5505 1577 5531 τ
1611 5494 1771 5559 Ibid.,
1804 5512 1856 5549 η.
1891 5498 1973 5551 l0.

454 5557 725 5631 ‘25,n.4l.
803 5571 826 5596 ³
866 5560 1021 5623 Ibid.,
1060 5578 1114 5631 n7.
1157 5562 1192 5612 2
1218 5557 1447 5631 ctchq.

2145 1819 2367 1875 vocibus
2417 1819 2767 1888 prmcedentis
2819 1820 3058 1889 epistola:
3105 1822 3503 1889 cohazrentiam,
3553 1842 3717 1881 unam

2145 1908 2499 1978 eamdemque
2528 1924 2666 1964 esse.
2697 1909 2880 1978 Itaque
2922 1927 3083 1965 unam
3113 1914 3486 1970 constituimus
3513 1918 3718 1986 episto-

2145 2002 2252 2055 lam
2275 2002 2587 2069 vigesimam
2617 2002 2850 2055 tertiam.
2882 2001 2938 2055 In
2960 2002 3063 2057 bac
3084 2014 3352 2073 postrema
3381 2016 3533 2075 parte
3570 2018 3720 2079 post-

2144 2108 2301 2163 quam
2327 2092 2561 2147 ostendit
2584 2090 2836 2146 Paulinus
2859 2108 2955 2146 nos
2982 2093 3145 2147 Deum
3176 2103 3229 2148 et
3254 2098 3556 2164 proximum
3585 2099 3718 2152 ada-

2144 2198 2293 2237 mare
2315 2183 2482 2236 teneri
2512 2182 2613 2236 boc
2643 2182 2748 2237 ﬁne
2795 2184 3068 2238 concludit
3099 2194 3120 2221 ι
3156 2204 3167 2238 :
3198 2183 3309 2249 Quo
3334 2190 3497 2259 magis
3522 2201 3606 2242 tua
3628 2208 3718 2244 ca-

2144 2274 2298 2326 ritate
2341 2273 2624 2343 gloriamur
2649 2274 2704 2326 in
2761 2273 3002 2343 Domino,
3028 2292 3142 2345 qua:
3184 2277 3297 2331 sola
3336 2296 3429 2333 nos
3472 2283 3597 2350 facit
3642 2284 3719 2337 rei

2143 2381 2302 2417 unum
2324 2365 2387 2417 de
2414 2366 2614 2435 magnis
2643 2373 2691 2417 et
2730 2366 3014 2419 innumeris
3056 2366 3236 2422 debitis
3277 2367 3384 2423 Deo
3412 2371 3622 2426 solvere.
3650 2371 3716 2426 lu

2145 2452 2376 2508 omnibus
2405 2455 2541 2507 enim
2581 2455 2700 2507 aliis
2736 2453 2880 2508 bonis
2921 2456 3005 2508 vix
3049 2473 3141 2509 nos
3183 2459 3289 2526 69
3318 2468 3514 2512 tantum
3559 2461 3635 2515 vel
3663 2463 3718 2516 in

2144 2546 2323 2614 paucis
2347 2547 2608 2609 initiatos,
2637 2546 2691 2599 in
2739 2555 2826 2599 tua
2877 2553 3074 2601 tantum
3121 2549 3390 2604 dilectione
3418 2554 3718 2622 proﬁtemur

2144 2653 2255 2690 esse
2283 2640 2556 2707 perfectos.
2608 2636 2752 2691 Illius
2780 2638 3019 2707 cpistola:
3043 2649 3095 2675 M
3128 2639 3231 2695 line
3259 2645 3616 2700 commonitus
3649 2646 3719 2701 de

2144 2726 2490 2796 perfectionis
2527 2727 2777 2782 videlicet
2820 2736 2874 2783 et
2902 2729 3139 2784 caritatis
3171 2733 3334 2786 verbo
3355 2733 3420 2786 ad
3459 2733 3719 2790 Severum

2146 2816 2299 2872 istius
2326 2816 2451 2872 facit
2480 2817 2757 2872 exordium
2786 2818 3023 2888 epistolae
3053 2820 3319 2887 vigesima:
3344 2832 3564 2892 quartae,
3596 2838 3717 2893 quze

2144 2909 2199 2963 in
2229 2918 2385 2963 antea
2417 2909 2573 2963 editis
2593 2908 2826 2964 secunda
2856 2914 2971 2964 e'rat
3005 2929 3015 2963 :
3048 2911 3099 2966 ei
3148 2913 3350 2967 nullum
3395 2916 3716 2984 praefiximus

2145 2999 2378 3062 titulum,
2411 3000 2535 3067 quia
2568 3000 2618 3052 in
2648 3000 2836 3054 eodem
2857 3000 3110 3057 fasciculo
3140 3003 3299 3057 missa
3328 3003 3427 3059 fuit
3452 3020 3570 3060 cum
3600 3006 3715 3076 epi-

1911 3064 2041 3132 Ρεηε
2068 3076 2115 3141 C
2142 3088 2279 3141 stola
2307 3064 2559 3155 vigesima
2586 3089 2759 3142 tertia.
2783 3088 3166 3158 Expostulatbb
3182 3093 3341 3147 etiam
3366 3109 3485 3148 cum
3515 3064 3717 3151 Severo

2142 3175 2288 3244 quod
2318 3177 2485 3229 multa
2515 3177 2803 3232 dilectione
2827 3178 3038 3247 injustis
3066 3180 3311 3236 laudibus
3330 3198 3450 3238 eum
3473 3186 3715 3240 cumula-

2143 3277 2253 3331 ret;
2285 3282 2417 3335 quas
2447 3275 2503 3321 ut
2549 3269 2761 3323 tandem
2805 3280 3040 3341 recuset,
3071 3273 3255 3328 Severi
3278 3276 3531 3331 virtutem
3562 3278 3715 3334 valde

2142 3357 2379 3423 extollit;
2423 3373 2680 3427 suamque
2709 3361 2837 3416 totis
2883 3362 3083 3416 viribus
3111 3365 3221 3418 suis
3260 3366 3438 3421 celare
3474 3368 3713 3432 studens,

2143 3448 2197 3502 in
2222 3448 2393 3501 lucem
2424 3449 2617 3501 eximie
2637 3449 2859 3518 profert.
2904 3449 3150 3506 Omnium
3182 3453 3349 3509 ferme
3380 3457 3714 3512 sanctissima

2142 3546 2196 3594 et
2216 3539 2609 3606 elegantissima
2629 3541 2755 3595 mihi
2778 3542 2988 3597 videtur
3014 3544 3127 3599 hmo
3152 3546 3399 3615 epistola.
3424 3548 3480 3602 In
3508 3564 3568 3602 ea
3590 3550 3715 3604 scri-

2142 3632 2221 3685 bit
2242 3642 2292 3670 οε
2312 3632 2426 3687 hmc
2448 3631 2679 3687 Severo:
2714 3632 2841 3688 Noli
2865 3637 3068 3690 interim
3099 3638 3218 3691 dum
3236 3641 3289 3693 in
3318 3652 3593 3696 scammate
3620 3659 3710 3695 su-

2143 3738 2276 3785 mus,
2308 3721 2429 3775 dum
2458 3722 2586 3792 foris
2615 3740 2819 3793 pugnaz,
2842 3726 2981 3778 intus
3018 3727 3249 3793 timores,
3282 3730 3390 3784 alta
3429 3748 3522 3801 pro
3566 3732 3713 3787 nobis

2141 3829 2320 3881 sapere
2341 3822 2427 3865 aut
2450 3813 2614 3883 loqui,
2639 3814 2731 3867 sed
2749 3818 2919 3885 potius
2943 3819 3078 3883 time,
3102 3828 3150 3872 et
3178 3820 3525 3876 laborantibus
3547 3824 3712 3876 colla-

2142 3904 2267 3958 bora
2290 3905 2491 3973 spiritu,
2516 3913 2564 3958 et
2592 3921 2865 3976 coaperare
2892 3910 3235 3976 orationibus;
3266 3922 3320 3964 ut
3346 3930 3436 3983 per
3479 3930 3572 3967 nos
3594 3931 3713 3984 quo-

2142 4011 2237 4064 que
2257 3993 2486 4046 destruat
2511 3995 2771 4049 inimicum
2801 4007 2850 4049 et
2869 3998 3190 4068 defensorem
3213 4002 3297 4072 qui
3332 4002 3484 4073 elegit
3502 4005 3711 4073 inﬁrma

2143 4084 2321 4138 mundi
2345 4093 2398 4136 ut
2426 4085 2760 4154 confunderet
2781 4087 3199 4157 fortia.ddPosce
3237 4093 3532 4161 suppliciter
3550 4104 3604 4145 ut
3623 4096 3709 4147 in-

2144 4177 2396 4230 tellectum
2436 4176 2520 4229 det
2542 4176 2685 4230 nobis
2706 4178 2759 4230 in
2787 4180 2868 4231 via
2903 4180 2998 4231 hac
3022 4198 3121 4250 qua
3159 4199 3253 4236 nos
3282 4194 3455 4247 vocat;
3485 4186 3710 4253 inﬁrmet

2140 4267 2193 4319 in
2221 4266 2365 4319 nobis
2391 4268 2624 4319 virtutem
2645 4270 2857 4336 peccati,
2888 4278 2943 4321 ut
2970 4272 3233 4339 conﬁrmet
3262 4274 3460 4327 virtutis
3480 4292 3585 4328 sua?
3604 4279 3711 4346 spi-

2140 4355 2329 4418 ritum;
2355 4354 2603 4408 nudemur
2643 4357 2958 4422 criminibus,
3009 4369 3057 4412 et
3092 4362 3359 4416 virtutibus
3399 4368 3667 4418 vestiamur
3689 4408 3706 4431 ,

2144 4445 2276 4514 ferat
2307 4445 2450 4498 nobis
2477 4462 2621 4513 opem
2646 4457 2826 4500 contra
2849 4449 3132 4505 voluntates
3156 4456 3377 4522 nostras,
3418 4473 3507 4510 nec
3536 4458 3711 4511 tradat

2139 4550 2231 4588 nos
2261 4537 2527 4592 desideriis
2556 4539 2728 4593 cordis
2752 4541 2933 4594 nostri.

2678 4707 2906 4765 CAPUT
2930 4675 3149 4769 xxxix

2139 4832 2392 4908 Paulinus
2423 4838 2656 4892 hortatur
2681 4841 2894 4895 militem
2936 4852 2990 4896 ut
3031 4846 3200 4899 seculo
3238 4846 3577 4906 abremmtiet.
3613 4853 3708 4908 Se-

2372 4906 2607 4963 bastiano
2627 4914 2851 4965 eremila:
2872 4913 2933 4965 de
2954 4915 3140 4968 uietate
3168 4918 3455 4985 gratulatur

2212 5047 2262 5101 1.
2287 5046 2363 5100 Ex
2396 5046 2624 5103 Victoris
2650 5050 2931 5118 colloquiis
2950 5054 3202 5122 epistolas
3224 5057 3533 5124 vigesimam
3562 5062 3710 5129 quin-

2139 5146 2248 5192 tam
2297 5147 2349 5191 et
2377 5138 2685 5204 vigesimam
2712 5148 2915 5195 sextam
2948 5146 3263 5215 conscripsit
3288 5146 3571 5214 Paulinus;
3601 5166 3708 5220 quo

1875 5298 1897 5365 ξ
1927 5289 2171 5365 Αυεε-(ξρ.
2200 5289 2320 5355 101,
2346 5290 2500 5365 [μέ.
2572 5289 2598 5327 ά
2619 5288 2834 5365 _Paul_in.
2860 5293 3065 5365 ριξΞᾷ
3095 5312 3150 5351 n.
3175 5295 3228 5350 2.
3307 5308 3331 5335 θ
3361 5298 3515 5365 Ibid.,
3545 5318 3601 5355 η.
3652 5302 3702 5355 1.

2001 5358 2016 5428 ἕ
2046 5358 2176 5413 Ibid.
2210 5368 2264 5413 et
2293 5376 2379 5428 ep.
2402 5358 2491 5422 25,
2526 5378 2577 5413 η.
2612 5361 2635 5411 1
2668 5368 2722 5415 et
2744 5361 2794 5413 5.

1650 5424 1682 5503 ι,
1702 5425 1829 5503 Vide
1858 5436 1968 5503 not.
1996 5427 2044 5479 te

2143 5424 2857 5503 ⁵ωξᾞιίιίἰῃφρᾶᾂιιηόε-
2918 5424 3265 5503 ntbid.,'n.5.
3342 5424 3701 5503 vlliid.,'n.-i.

2056 5508 2076 5533 ³
2122 5497 2218 5567 Ep.
2250 5498 2320 5551 50
2342 5507 2397 5552 et
2424 5497 2595 5562 55,71).
2630 5501 2681 5554 1.

1522 5573 1549 5611 γ
1588 5564 1743 5628 Ibid.,
1770 5582 1823 5619 n.
1864 5568 1944 5619 l0.
2021 5578 2041 5605 ι
2082 5564 2236 5629 Ibid.,
2263 5586 2315 5624 ιι.
2349 5569 2434 5621 47.

2875 5364 2888 5409 l
2931 5362 3071 5439 Vide
3092 5381 3177 5434 cp.
3211 5362 3538 5439 Severinum
3568 5388 3705 5439 prs:—

2766 5501 2782 5535 ί
2818 5498 2914 5567 Ep.
2950 5500 3035 5567 5'0,
3071 5498 3123 5556 η’.
3164 5504 3210 5557 1.

3288 5515 3313 5542 υ
3348 5507 3474 5561 Ibid.
3553 5520 3575 5544 ν
3603 5510 3700 5576 Ep.

2515 5579 2569 5606 *ιη
2596 5568 2693 5641 Ep.
2725 5568 2813 5631 24,
2845 5585 2897 5621 ιι.
2934 5571 2980 5622 1.

3058 5571 3114 5611 ω)
3142 5572 3269 5628 Ibid.
3304 5585 3357 5630 ct
3380 5594 3431 5630 n.
3465 5577 3550 5631 23.
3588 5571 3701 5634 για.

457 5626 576 5686 orti.
610 5629 851 5687 chronol.
885 5632 938 5686 in
966 5648 1051 5702 ep.
1083 5630 1169 5683 24.
1249 5644 1302 5671 οε
1330 5626 1487 5699 Ibid.,
1520 5649 1572 5688 n.
1604 5634 1689 5686 22.
1734 5626 1738 5628 ⁷
1766 5633 1821 5672 άα
1853 5636 2007 5701 Ibid.,
2035 5653 2084 5691 n.
2114 5638 2197 5690 9.5.
