  <div class='ocr_page' id='page_1' title='image "/cluster/home/n/w/nwhite01/storage/ocr_20150623/61/hvd.32044054758685/052.png"; bbox 0 0 4020 6186; ppageno 0'>
   <div class='ocr_carea' id='block_1_1' title="bbox 324 158 3582 265">
    <p class='ocr_par' dir='ltr' id='par_1_1' title="bbox 324 158 3582 265">
     <span class='ocr_line' id='line_1_1' title="bbox 324 158 3582 265; baseline -0.004 -3"><span class='ocrx_word' id='word_1_1' title='bbox 324 206 396 262; x_wconf 76' lang='lat' dir='ltr'><strong>es</strong></span> <span class='ocrx_word' id='word_1_2' title='bbox 1687 190 2205 255; x_wconf 79' lang='lat' dir='ltr'><strong>PROLEGOMENA.</strong></span> <span class='ocrx_word' id='word_1_3' title='bbox 2504 242 2519 251; x_wconf 94' lang='lat'><strong>.</strong></span> <span class='ocrx_word' id='word_1_4' title='bbox 3494 158 3582 265; x_wconf 55' lang='lat'><strong>‘9,</strong></span> 
     </span>
    </p>
   </div>
   <div class='ocr_carea' id='block_1_2' title="bbox 326 308 3580 388">
    <p class='ocr_par' dir='ltr' id='par_1_2' title="bbox 326 308 3580 388">
     <span class='ocr_line' id='line_1_2' title="bbox 326 308 3580 388; baseline 0.001 -16"><span class='ocrx_word' id='word_1_5' title='bbox 326 329 506 372; x_wconf 80' lang='lat' dir='ltr'><strong>autem</strong></span> <span class='ocrx_word' id='word_1_6' title='bbox 536 331 681 371; x_wconf 91' lang='lat' dir='ltr'><strong>anno</strong></span> <span class='ocrx_word' id='word_1_7' title='bbox 704 332 809 371; x_wconf 90' lang='lat' dir='ltr'><strong>non</strong></span> <span class='ocrx_word' id='word_1_8' title='bbox 834 315 1056 372; x_wconf 88' lang='lat' dir='ltr'><strong>omnino</strong></span> <span class='ocrx_word' id='word_1_9' title='bbox 1076 322 1284 370; x_wconf 90' lang='lat' dir='ltr'><strong>certum</strong></span> <span class='ocrx_word' id='word_1_10' title='bbox 1311 321 1412 368; x_wconf 88' lang='lat' dir='ltr'><strong>est.</strong></span> <span class='ocrx_word' id='word_1_11' title='bbox 1434 310 1697 380; x_wconf 85' lang='lat' dir='ltr'><strong>Vigesima</strong></span> <span class='ocrx_word' id='word_1_12' title='bbox 1720 308 1904 378; x_wconf 90' lang='lat' dir='ltr'><strong>quinta</strong></span> <span class='ocrx_word' id='word_1_13' title='bbox 1936 308 1981 363; x_wconf 82' lang='lat' dir='ltr'><strong>A</strong></span> <span class='ocrx_word' id='word_1_14' title='bbox 2010 319 2163 362; x_wconf 90' lang='lat' dir='ltr'><strong>erant</strong></span> <span class='ocrx_word' id='word_1_15' title='bbox 2206 312 2358 375; x_wconf 92' lang='lat' dir='ltr'><strong>muri,</strong></span> <span class='ocrx_word' id='word_1_16' title='bbox 2389 329 2509 368; x_wconf 88' lang='lat' dir='ltr'><strong>eum</strong></span> <span class='ocrx_word' id='word_1_17' title='bbox 2562 312 2812 372; x_wconf 84' lang='lat' dir='ltr'><strong>Paulinus</strong></span> <span class='ocrx_word' id='word_1_18' title='bbox 2856 317 2922 372; x_wconf 91' lang='lat' dir='ltr'><strong>ad</strong></span> <span class='ocrx_word' id='word_1_19' title='bbox 2961 318 3323 377; x_wconf 90' lang='lat' dir='ltr'><strong>defensionem</strong></span> <span class='ocrx_word' id='word_1_20' title='bbox 3373 322 3580 388; x_wconf 72' lang='lat' dir='ltr'><strong>signum</strong></span> 
     </span>
    </p>
   </div>
   <div class='ocr_carea' id='block_1_3' title="bbox 328 401 1910 475">
    <p class='ocr_par' dir='ltr' id='par_1_3' title="bbox 328 401 1910 475">
     <span class='ocr_line' id='line_1_3' title="bbox 328 401 1910 475; baseline -0.004 -15"><span class='ocrx_word' id='word_1_21' title='bbox 328 407 513 475; x_wconf 74' lang='lat' dir='ltr'><strong>ignoto</strong></span> <span class='ocrx_word' id='word_1_22' title='bbox 539 416 565 443; x_wconf 75' lang='grc'><strong><em>³³</em></strong></span> <span class='ocrx_word' id='word_1_23' title='bbox 595 407 807 462; x_wconf 83' lang='lat' dir='ltr'><strong>cuidam</strong></span> <span class='ocrx_word' id='word_1_24' title='bbox 836 406 953 461; x_wconf 92' lang='lat' dir='ltr'><strong>viro</strong></span> <span class='ocrx_word' id='word_1_25' title='bbox 981 405 1144 460; x_wconf 76' lang='lat' dir='ltr'><strong>nobili</strong></span> <span class='ocrx_word' id='word_1_26' title='bbox 1171 404 1434 473; x_wconf 74' lang='lat' dir='ltr'><strong>adscripta</strong></span> <span class='ocrx_word' id='word_1_27' title='bbox 1458 410 1559 464; x_wconf 87' lang='lat' dir='ltr'><strong>est,</strong></span> <span class='ocrx_word' id='word_1_28' title='bbox 1582 401 1673 469; x_wconf 89' lang='lat' dir='ltr'><strong>qui</strong></span> <span class='ocrx_word' id='word_1_29' title='bbox 1702 401 1910 454; x_wconf 75' lang='lat' dir='ltr'><strong>cinctus</strong></span> 
     </span>
    </p>
   </div>
   <div class='ocr_carea' id='block_1_4' title="bbox 322 492 1910 564">
    <p class='ocr_par' dir='ltr' id='par_1_4' title="bbox 322 492 1910 564">
     <span class='ocr_line' id='line_1_4' title="bbox 322 492 1910 564; baseline -0.005 -12"><span class='ocrx_word' id='word_1_30' title='bbox 322 500 490 552; x_wconf 84' lang='lat' dir='ltr'><strong>fuisse</strong></span> <span class='ocrx_word' id='word_1_31' title='bbox 533 497 744 551; x_wconf 87' lang='lat' dir='ltr'><strong>videtur</strong></span> <span class='ocrx_word' id='word_1_32' title='bbox 772 497 946 561; x_wconf 88' lang='lat' dir='ltr'><strong>miles,</strong></span> <span class='ocrx_word' id='word_1_33' title='bbox 986 510 1202 563; x_wconf 70' lang='lat' dir='ltr'><strong>sumque</strong></span> <span class='ocrx_word' id='word_1_34' title='bbox 1233 492 1257 530; x_wconf 71' lang='grc' dir='ltr'>δ</span> <span class='ocrx_word' id='word_1_35' title='bbox 1286 494 1471 564; x_wconf 76' lang='lat' dir='ltr'><strong>patria:</strong></span> <span class='ocrx_word' id='word_1_36' title='bbox 1518 492 1795 562; x_wconf 69' lang='lat' dir='ltr'><strong>praefectus</strong></span> <span class='ocrx_word' id='word_1_37' title='bbox 1846 504 1910 544; x_wconf 92' lang='lat' dir='ltr'><strong>ac</strong></span> 
     </span>
    </p>
   </div>
   <div class='ocr_carea' id='block_1_5' title="bbox 322 582 1898 660">
    <p class='ocr_par' dir='ltr' id='par_1_5' title="bbox 322 582 1898 660">
     <span class='ocr_line' id='line_1_5' title="bbox 322 582 1898 660; baseline -0.006 -16"><span class='ocrx_word' id='word_1_38' title='bbox 322 599 605 660; x_wconf 89' lang='lat' dir='ltr'><strong>patronus,</strong></span> <span class='ocrx_word' id='word_1_39' title='bbox 637 597 695 643; x_wconf 89' lang='lat' dir='ltr'><strong>et</strong></span> <span class='ocrx_word' id='word_1_40' title='bbox 720 590 811 657; x_wconf 86' lang='lat' dir='ltr'><strong>qui</strong></span> <span class='ocrx_word' id='word_1_41' title='bbox 845 600 867 628; x_wconf 74' lang='grc' dir='ltr'>ε</span> <span class='ocrx_word' id='word_1_42' title='bbox 894 588 1205 641; x_wconf 76' lang='lat' dir='ltr'><strong>militarium</strong></span> <span class='ocrx_word' id='word_1_43' title='bbox 1248 585 1634 655; x_wconf 74' lang='lat' dir='ltr'><strong>stipendiorum</strong></span> <span class='ocrx_word' id='word_1_44' title='bbox 1666 582 1898 637; x_wconf 76' lang='lat' dir='ltr'><strong>exactio-</strong></span> 
     </span>
    </p>
   </div>
   <div class='ocr_carea' id='block_1_6' title="bbox 324 675 1908 745">
    <p class='ocr_par' dir='ltr' id='par_1_6' title="bbox 324 675 1908 745">
     <span class='ocr_line' id='line_1_6' title="bbox 324 675 1908 745; baseline -0.005 -10"><span class='ocrx_word' id='word_1_45' title='bbox 324 698 422 735; x_wconf 86' lang='lat' dir='ltr'><strong>nes</strong></span> <span class='ocrx_word' id='word_1_46' title='bbox 446 682 690 735; x_wconf 79' lang='lat' dir='ltr'><strong>curabat.</strong></span> <span class='ocrx_word' id='word_1_47' title='bbox 724 680 781 733; x_wconf 95' lang='lat' dir='ltr'><strong>In</strong></span> <span class='ocrx_word' id='word_1_48' title='bbox 810 678 943 733; x_wconf 85' lang='lat' dir='ltr'><strong>flore</strong></span> <span class='ocrx_word' id='word_1_49' title='bbox 970 678 994 714; x_wconf 73' lang='grc' dir='ltr'>ἀ</span> <span class='ocrx_word' id='word_1_50' title='bbox 1016 679 1250 745; x_wconf 68' lang='lat' dir='ltr'><strong>juventa:</strong></span> <span class='ocrx_word' id='word_1_51' title='bbox 1274 684 1408 737; x_wconf 87' lang='lat' dir='ltr'><strong>erat,</strong></span> <span class='ocrx_word' id='word_1_52' title='bbox 1441 686 1463 712; x_wconf 75' lang='grc' dir='ltr'>θ</span> <span class='ocrx_word' id='word_1_53' title='bbox 1490 683 1765 740; x_wconf 75' lang='lat' dir='ltr'><strong>uxoralus,</strong></span> <span class='ocrx_word' id='word_1_54' title='bbox 1795 675 1908 728; x_wconf 85' lang='lat' dir='ltr'><strong>sive</strong></span> 
     </span>
    </p>
   </div>
   <div class='ocr_carea' id='block_1_7' title="bbox 325 766 1906 841">
    <p class='ocr_par' dir='ltr' id='par_1_7' title="bbox 325 766 1906 841">
     <span class='ocr_line' id='line_1_7' title="bbox 325 766 1906 841; baseline -0.006 -14"><span class='ocrx_word' id='word_1_55' title='bbox 325 773 543 828; x_wconf 85' lang='lat' dir='ltr'><strong>nubilis.</strong></span> <span class='ocrx_word' id='word_1_56' title='bbox 598 771 748 841; x_wconf 85' lang='lat' dir='ltr'><strong>Apud</strong></span> <span class='ocrx_word' id='word_1_57' title='bbox 778 786 898 824; x_wconf 91' lang='lat' dir='ltr'><strong>eum</strong></span> <span class='ocrx_word' id='word_1_58' title='bbox 934 768 953 807; x_wconf 71' lang='grc' dir='ltr'><em>τ</em></span> <span class='ocrx_word' id='word_1_59' title='bbox 977 777 1250 823; x_wconf 83' lang='lat' dir='ltr'><strong>manserat</strong></span> <span class='ocrx_word' id='word_1_60' title='bbox 1295 767 1477 821; x_wconf 81' lang='lat' dir='ltr'><strong>Victor</strong></span> <span class='ocrx_word' id='word_1_61' title='bbox 1502 783 1621 820; x_wconf 92' lang='lat' dir='ltr'><strong>cum</strong></span> <span class='ocrx_word' id='word_1_62' title='bbox 1663 766 1906 819; x_wconf 88' lang='lat' dir='ltr'><strong>eamdem</strong></span> 
     </span>
    </p>
   </div>
   <div class='ocr_carea' id='block_1_8' title="bbox 323 854 1905 927">
    <p class='ocr_par' dir='ltr' id='par_1_8' title="bbox 323 854 1905 927">
     <span class='ocr_line' id='line_1_8' title="bbox 323 854 1905 927; baseline -0.004 -12"><span class='ocrx_word' id='word_1_63' title='bbox 323 863 544 917; x_wconf 78' lang='lat' dir='ltr'><strong>vivendi</strong></span> <span class='ocrx_word' id='word_1_64' title='bbox 575 862 840 915; x_wconf 90' lang='lat' dir='ltr'><strong>rationem</strong></span> <span class='ocrx_word' id='word_1_65' title='bbox 870 869 1079 913; x_wconf 89' lang='lat' dir='ltr'><strong>teneret</strong></span> <span class='ocrx_word' id='word_1_66' title='bbox 1110 877 1122 911; x_wconf 91' lang='lat'>:</span> <span class='ocrx_word' id='word_1_67' title='bbox 1152 874 1248 927; x_wconf 90' lang='lat' dir='ltr'><strong>per</strong></span> <span class='ocrx_word' id='word_1_68' title='bbox 1276 859 1448 926; x_wconf 89' lang='lat' dir='ltr'><strong>ipsum</strong></span> <span class='ocrx_word' id='word_1_69' title='bbox 1490 856 1720 910; x_wconf 87' lang='lat' dir='ltr'><strong>innotuit</strong></span> <span class='ocrx_word' id='word_1_70' title='bbox 1764 854 1905 909; x_wconf 83' lang='lat' dir='ltr'><strong>Pau—</strong></span> 
     </span>
    </p>
   </div>
   <div class='ocr_carea' id='block_1_9' title="bbox 323 946 1903 1021">
    <p class='ocr_par' dir='ltr' id='par_1_9' title="bbox 323 946 1903 1021">
     <span class='ocr_line' id='line_1_9' title="bbox 323 946 1903 1021; baseline -0.006 -13"><span class='ocrx_word' id='word_1_71' title='bbox 323 954 454 1015; x_wconf 84' lang='lat' dir='ltr'><strong>lino,</strong></span> <span class='ocrx_word' id='word_1_72' title='bbox 484 953 577 1021; x_wconf 83' lang='lat' dir='ltr'><strong>qui</strong></span> <span class='ocrx_word' id='word_1_73' title='bbox 603 952 706 1006; x_wconf 80' lang='lat' dir='ltr'><strong>sibi</strong></span> <span class='ocrx_word' id='word_1_74' title='bbox 752 951 885 1005; x_wconf 85' lang='lat' dir='ltr'><strong>satis</strong></span> <span class='ocrx_word' id='word_1_75' title='bbox 907 965 1030 1005; x_wconf 80' lang='lat' dir='ltr'><strong>esse</strong></span> <span class='ocrx_word' id='word_1_76' title='bbox 1075 949 1398 1003; x_wconf 77' lang='lat' dir='ltr'><strong>existimavit</strong></span> <span class='ocrx_word' id='word_1_77' title='bbox 1428 954 1486 1000; x_wconf 94' lang='lat' dir='ltr'><strong>ut</strong></span> <span class='ocrx_word' id='word_1_78' title='bbox 1514 962 1609 1015; x_wconf 87' lang='lat' dir='ltr'><strong>per</strong></span> <span class='ocrx_word' id='word_1_79' title='bbox 1636 946 1903 1000; x_wconf 81' lang='lat' dir='ltr'><strong>Victorem</strong></span> 
     </span>
    </p>
   </div>
   <div class='ocr_carea' id='block_1_10' title="bbox 320 1038 1904 1107">
    <p class='ocr_par' dir='ltr' id='par_1_10' title="bbox 320 1038 1904 1107">
     <span class='ocr_line' id='line_1_10' title="bbox 320 1038 1904 1107; baseline -0.004 -8"><span class='ocrx_word' id='word_1_80' title='bbox 320 1045 397 1099; x_wconf 87' lang='lat' dir='ltr'><strong>illi</strong></span> <span class='ocrx_word' id='word_1_81' title='bbox 427 1045 633 1097; x_wconf 87' lang='lat' dir='ltr'><strong>litteras</strong></span> <span class='ocrx_word' id='word_1_82' title='bbox 652 1043 827 1098; x_wconf 89' lang='lat' dir='ltr'><strong>daret.</strong></span> <span class='ocrx_word' id='word_1_83' title='bbox 857 1040 991 1094; x_wconf 86' lang='lat' dir='ltr'><strong>Eum</strong></span> <span class='ocrx_word' id='word_1_84' title='bbox 1013 1039 1222 1094; x_wconf 81' lang='lat' dir='ltr'><strong>fortiter</strong></span> <span class='ocrx_word' id='word_1_85' title='bbox 1249 1040 1561 1094; x_wconf 83' lang='lat' dir='ltr'><strong>cohortatus</strong></span> <span class='ocrx_word' id='word_1_86' title='bbox 1587 1046 1669 1093; x_wconf 84' lang='lat' dir='ltr'><strong>est</strong></span> <span class='ocrx_word' id='word_1_87' title='bbox 1699 1038 1750 1091; x_wconf 93' lang='lat' dir='ltr'><strong>in</strong></span> <span class='ocrx_word' id='word_1_88' title='bbox 1791 1038 1904 1107; x_wconf 87' lang='lat' dir='ltr'><strong>epi-</strong></span> 
     </span>
    </p>
   </div>
   <div class='ocr_carea' id='block_1_11' title="bbox 321 1128 1901 1193">
    <p class='ocr_par' dir='ltr' id='par_1_11' title="bbox 321 1128 1901 1193">
     <span class='ocr_line' id='line_1_11' title="bbox 321 1128 1901 1193; baseline -0.006 -4"><span class='ocrx_word' id='word_1_89' title='bbox 321 1135 460 1189; x_wconf 88' lang='lat' dir='ltr'><strong>stola</strong></span> <span class='ocrx_word' id='word_1_90' title='bbox 496 1140 555 1187; x_wconf 89' lang='lat' dir='ltr'><strong>ut</strong></span> <span class='ocrx_word' id='word_1_91' title='bbox 586 1133 763 1186; x_wconf 90' lang='lat' dir='ltr'><strong>omnia</strong></span> <span class='ocrx_word' id='word_1_92' title='bbox 794 1140 1008 1184; x_wconf 85' lang='lat' dir='ltr'><strong>terrena</strong></span> <span class='ocrx_word' id='word_1_93' title='bbox 1054 1129 1347 1183; x_wconf 86' lang='lat' dir='ltr'><strong>dimitteret</strong></span> <span class='ocrx_word' id='word_1_94' title='bbox 1392 1128 1686 1193; x_wconf 87' lang='lat' dir='ltr'><strong>desideria,</strong></span> <span class='ocrx_word' id='word_1_95' title='bbox 1717 1137 1775 1181; x_wconf 93' lang='lat' dir='ltr'><strong>ut</strong></span> <span class='ocrx_word' id='word_1_96' title='bbox 1802 1128 1901 1181; x_wconf 89' lang='lat' dir='ltr'><strong>soli</strong></span> 
     </span>
    </p>
   </div>
   <div class='ocr_carea' id='block_1_12' title="bbox 320 1218 1903 1291">
    <p class='ocr_par' dir='ltr' id='par_1_12' title="bbox 320 1218 1903 1291">
     <span class='ocr_line' id='line_1_12' title="bbox 320 1218 1903 1291; baseline -0.004 -11"><span class='ocrx_word' id='word_1_97' title='bbox 320 1226 535 1280; x_wconf 87' lang='lat' dir='ltr'><strong>Christo</strong></span> <span class='ocrx_word' id='word_1_98' title='bbox 584 1224 838 1291; x_wconf 87' lang='lat' dir='ltr'><strong>deinceps</strong></span> <span class='ocrx_word' id='word_1_99' title='bbox 876 1222 1121 1276; x_wconf 83' lang='lat' dir='ltr'><strong>serviret.</strong></span> <span class='ocrx_word' id='word_1_100' title='bbox 1168 1220 1260 1273; x_wconf 85' lang='lat' dir='ltr'><strong>Ille</strong></span> <span class='ocrx_word' id='word_1_101' title='bbox 1314 1218 1551 1273; x_wconf 91' lang='lat' dir='ltr'><strong>nondum</strong></span> <span class='ocrx_word' id='word_1_102' title='bbox 1602 1220 1903 1287; x_wconf 76' lang='lat' dir='ltr'><strong>baptizatus</strong></span> 
     </span>
    </p>
   </div>
   <div class='ocr_carea' id='block_1_13' title="bbox 320 1312 1905 1384">
    <p class='ocr_par' dir='ltr' id='par_1_13' title="bbox 320 1312 1905 1384">
     <span class='ocr_line' id='line_1_13' title="bbox 320 1312 1905 1384; baseline -0.004 -13"><span class='ocrx_word' id='word_1_103' title='bbox 320 1318 482 1371; x_wconf 86' lang='lat' dir='ltr'><strong>fuisse</strong></span> <span class='ocrx_word' id='word_1_104' title='bbox 508 1317 794 1384; x_wconf 86' lang='lat' dir='ltr'><strong>conjicitur</strong></span> <span class='ocrx_word' id='word_1_105' title='bbox 820 1329 887 1368; x_wconf 80' lang='lat' dir='ltr'><strong>ex</strong></span> <span class='ocrx_word' id='word_1_106' title='bbox 912 1312 1256 1381; x_wconf 85' lang='lat' dir='ltr'><strong>sequentibus</strong></span> <span class='ocrx_word' id='word_1_107' title='bbox 1283 1322 1308 1359; x_wconf 78' lang='lat'><strong><em>8</em></strong></span> <span class='ocrx_word' id='word_1_108' title='bbox 1335 1354 1350 1379; x_wconf 91' lang='lat'><strong>,</strong></span> <span class='ocrx_word' id='word_1_109' title='bbox 1380 1329 1492 1365; x_wconf 85' lang='lat' dir='ltr'><strong>cum</strong></span> <span class='ocrx_word' id='word_1_110' title='bbox 1512 1328 1779 1366; x_wconf 87' lang='lat' dir='ltr'><strong>conversus</strong></span> <span class='ocrx_word' id='word_1_111' title='bbox 1801 1315 1905 1382; x_wconf 81' lang='lat' dir='ltr'><strong>[ue-</strong></span> 
     </span>
    </p>
   </div>
   <div class='ocr_carea' id='block_1_14' title="bbox 320 1407 1088 1477">
    <p class='ocr_par' dir='ltr' id='par_1_14' title="bbox 320 1407 1088 1477">
     <span class='ocr_line' id='line_1_14' title="bbox 320 1407 1088 1477; baseline -0.007 -16"><span class='ocrx_word' id='word_1_112' title='bbox 320 1408 390 1461; x_wconf 83' lang='lat' dir='ltr'><strong>ris</strong></span> <span class='ocrx_word' id='word_1_113' title='bbox 412 1407 628 1477; x_wconf 83' lang='lat' dir='ltr'><strong>legendo</strong></span> <span class='ocrx_word' id='word_1_114' title='bbox 657 1421 953 1475; x_wconf 79' lang='lat' dir='ltr'><strong>cognosces,</strong></span> <span class='ocrx_word' id='word_1_115' title='bbox 985 1412 1088 1457; x_wconf 90' lang='lat' dir='ltr'><strong>etc.</strong></span> 
     </span>
    </p>
   </div>
   <div class='ocr_carea' id='block_1_15' title="bbox 386 1495 1904 1564">
    <p class='ocr_par' dir='ltr' id='par_1_15' title="bbox 386 1495 1904 1564">
     <span class='ocr_line' id='line_1_15' title="bbox 386 1495 1904 1564; baseline -0.001 -13"><span class='ocrx_word' id='word_1_116' title='bbox 386 1498 440 1551; x_wconf 68' lang='lat'><strong>2.</strong></span> <span class='ocrx_word' id='word_1_117' title='bbox 470 1498 823 1553; x_wconf 88' lang='lat' dir='ltr'><strong>Sebastianus</strong></span> <span class='ocrx_word' id='word_1_118' title='bbox 850 1498 1016 1551; x_wconf 89' lang='lat' dir='ltr'><strong>fidelis</strong></span> <span class='ocrx_word' id='word_1_119' title='bbox 1045 1496 1136 1550; x_wconf 89' lang='lat' dir='ltr'><strong>Dei</strong></span> <span class='ocrx_word' id='word_1_120' title='bbox 1166 1511 1372 1563; x_wconf 91' lang='lat' dir='ltr'><strong>servus,</strong></span> <span class='ocrx_word' id='word_1_121' title='bbox 1395 1495 1461 1548; x_wconf 87' lang='lat' dir='ltr'><strong>ad</strong></span> <span class='ocrx_word' id='word_1_122' title='bbox 1489 1511 1644 1564; x_wconf 88' lang='lat' dir='ltr'><strong>quem</strong></span> <span class='ocrx_word' id='word_1_123' title='bbox 1675 1495 1797 1549; x_wconf 90' lang='lat' dir='ltr'><strong>data</strong></span> <span class='ocrx_word' id='word_1_124' title='bbox 1820 1504 1904 1550; x_wconf 90' lang='lat' dir='ltr'><strong>est</strong></span> 
     </span>
    </p>
   </div>
   <div class='ocr_carea' id='block_1_16' title="bbox 320 1586 1899 1661">
    <p class='ocr_par' dir='ltr' id='par_1_16' title="bbox 320 1586 1899 1661">
     <span class='ocr_line' id='line_1_16' title="bbox 320 1586 1899 1661; baseline -0.004 -14"><span class='ocrx_word' id='word_1_125' title='bbox 320 1591 544 1661; x_wconf 85' lang='lat' dir='ltr'><strong>epistola</strong></span> <span class='ocrx_word' id='word_1_126' title='bbox 576 1591 831 1657; x_wconf 84' lang='lat' dir='ltr'><strong>vigesima</strong></span> <span class='ocrx_word' id='word_1_127' title='bbox 857 1597 1008 1643; x_wconf 84' lang='lat' dir='ltr'><strong>sexta</strong></span> <span class='ocrx_word' id='word_1_128' title='bbox 1036 1588 1103 1642; x_wconf 91' lang='lat' dir='ltr'><strong>ad</strong></span> <span class='ocrx_word' id='word_1_129' title='bbox 1129 1586 1153 1623; x_wconf 67' lang='grc' dir='ltr'>δ</span> <span class='ocrx_word' id='word_1_130' title='bbox 1183 1588 1466 1656; x_wconf 87' lang='lat' dir='ltr'><strong>quemdam</strong></span> <span class='ocrx_word' id='word_1_131' title='bbox 1500 1596 1789 1641; x_wconf 86' lang='lat' dir='ltr'><strong>torrentem</strong></span> <span class='ocrx_word' id='word_1_132' title='bbox 1811 1604 1899 1641; x_wconf 89' lang='lat' dir='ltr'><strong>se-</strong></span> 
     </span>
    </p>
   </div>
   <div class='ocr_carea' id='block_1_17' title="bbox 320 1652 1976 1746">
    <p class='ocr_par' dir='ltr' id='par_1_17' title="bbox 320 1652 1976 1746">
     <span class='ocr_line' id='line_1_17' title="bbox 320 1652 1976 1746; baseline -0.005 -9"><span class='ocrx_word' id='word_1_133' title='bbox 320 1652 466 1737; x_wconf 68' lang='lat' dir='ltr'><strong>creto</strong></span> <span class='ocrx_word' id='word_1_134' title='bbox 495 1652 740 1745; x_wconf 78' lang='lat' dir='ltr'><strong>sedebat,</strong></span> <span class='ocrx_word' id='word_1_135' title='bbox 770 1689 827 1733; x_wconf 92' lang='lat' dir='ltr'><strong>ut</strong></span> <span class='ocrx_word' id='word_1_136' title='bbox 854 1680 905 1733; x_wconf 93' lang='lat' dir='ltr'><strong>in</strong></span> <span class='ocrx_word' id='word_1_137' title='bbox 949 1680 1050 1733; x_wconf 89' lang='lat' dir='ltr'><strong>isto</strong></span> <span class='ocrx_word' id='word_1_138' title='bbox 1080 1652 1456 1732; x_wconf 41' lang='lat' dir='ltr'><strong>loco-orationi</strong></span> <span class='ocrx_word' id='word_1_139' title='bbox 1496 1687 1547 1731; x_wconf 92' lang='lat' dir='ltr'><strong>et</strong></span> <span class='ocrx_word' id='word_1_140' title='bbox 1572 1678 1773 1746; x_wconf 85' lang='lat' dir='ltr'><strong>jejunio</strong></span> <span class='ocrx_word' id='word_1_141' title='bbox 1803 1693 1898 1729; x_wconf 86' lang='lat' dir='ltr'><strong>va-</strong></span> <span class='ocrx_word' id='word_1_142' title='bbox 1932 1652 1976 1711; x_wconf 76' lang='grc' dir='ltr'><strong>Β</strong></span> 
     </span>
    </p>
   </div>
   <div class='ocr_carea' id='block_1_18' title="bbox 320 1767 1901 1837">
    <p class='ocr_par' dir='ltr' id='par_1_18' title="bbox 320 1767 1901 1837">
     <span class='ocr_line' id='line_1_18' title="bbox 320 1767 1901 1837; baseline -0.004 -11"><span class='ocrx_word' id='word_1_143' title='bbox 320 1780 485 1826; x_wconf 85' lang='lat' dir='ltr'><strong>caret.</strong></span> <span class='ocrx_word' id='word_1_144' title='bbox 512 1770 783 1824; x_wconf 91' lang='lat' dir='ltr'><strong>Diaconus</strong></span> <span class='ocrx_word' id='word_1_145' title='bbox 811 1768 1024 1837; x_wconf 90' lang='lat' dir='ltr'><strong>quidam</strong></span> <span class='ocrx_word' id='word_1_146' title='bbox 1051 1770 1266 1822; x_wconf 90' lang='lat' dir='ltr'><strong>nomine</strong></span> <span class='ocrx_word' id='word_1_147' title='bbox 1303 1768 1315 1805; x_wconf 77' lang='grc' dir='ltr'><strong>ί</strong></span> <span class='ocrx_word' id='word_1_148' title='bbox 1351 1768 1685 1830; x_wconf 84' lang='lat' dir='ltr'><strong>Benedictus,</strong></span> <span class='ocrx_word' id='word_1_149' title='bbox 1717 1767 1804 1833; x_wconf 88' lang='lat' dir='ltr'><strong>qui</strong></span> <span class='ocrx_word' id='word_1_150' title='bbox 1835 1767 1901 1820; x_wconf 89' lang='lat' dir='ltr'><strong>de</strong></span> 
     </span>
    </p>
   </div>
   <div class='ocr_carea' id='block_1_19' title="bbox 321 1858 1901 1930">
    <p class='ocr_par' dir='ltr' id='par_1_19' title="bbox 321 1858 1901 1930">
     <span class='ocr_line' id='line_1_19' title="bbox 321 1858 1901 1930; baseline -0.004 -14"><span class='ocrx_word' id='word_1_151' title='bbox 321 1877 479 1916; x_wconf 89' lang='lat' dir='ltr'><strong>carne</strong></span> <span class='ocrx_word' id='word_1_152' title='bbox 502 1875 660 1930; x_wconf 70' lang='lat' dir='ltr'><strong>mque</strong></span> <span class='ocrx_word' id='word_1_153' title='bbox 682 1876 745 1915; x_wconf 89' lang='lat' dir='ltr'><strong>ac</strong></span> <span class='ocrx_word' id='word_1_154' title='bbox 764 1861 955 1930; x_wconf 81' lang='lat' dir='ltr'><strong>spiritu</strong></span> <span class='ocrx_word' id='word_1_155' title='bbox 978 1859 1116 1913; x_wconf 88' lang='lat' dir='ltr'><strong>illius</strong></span> <span class='ocrx_word' id='word_1_156' title='bbox 1145 1858 1177 1911; x_wconf 73' lang='lat' dir='ltr'><strong>fu</strong></span> <span class='ocrx_word' id='word_1_157' title='bbox 1192 1868 1308 1913; x_wconf 89' lang='lat' dir='ltr'><strong>ater</strong></span> <span class='ocrx_word' id='word_1_158' title='bbox 1330 1858 1491 1913; x_wconf 88' lang='lat' dir='ltr'><strong>fuisse</strong></span> <span class='ocrx_word' id='word_1_159' title='bbox 1521 1858 1744 1921; x_wconf 89' lang='lat' dir='ltr'><strong>videtur,</strong></span> <span class='ocrx_word' id='word_1_160' title='bbox 1778 1858 1901 1910; x_wconf 88' lang='lat' dir='ltr'><strong>illuc</strong></span> 
     </span>
    </p>
   </div>
   <div class='ocr_carea' id='block_1_20' title="bbox 321 1950 1899 2023">
    <p class='ocr_par' dir='ltr' id='par_1_20' title="bbox 321 1950 1899 2023">
     <span class='ocr_line' id='line_1_20' title="bbox 321 1950 1899 2023; baseline -0.002 -18"><span class='ocrx_word' id='word_1_161' title='bbox 321 1966 439 2005; x_wconf 87' lang='lat' dir='ltr'><strong>eum</strong></span> <span class='ocrx_word' id='word_1_162' title='bbox 467 1952 768 2020; x_wconf 72' lang='lat' dir='ltr'><strong>smpissime</strong></span> <span class='ocrx_word' id='word_1_163' title='bbox 787 1952 1156 2014; x_wconf 84' lang='lat' dir='ltr'><strong>conveniebat,</strong></span> <span class='ocrx_word' id='word_1_164' title='bbox 1181 1951 1337 2021; x_wconf 88' lang='lat' dir='ltr'><strong>eique</strong></span> <span class='ocrx_word' id='word_1_165' title='bbox 1365 1950 1431 2003; x_wconf 91' lang='lat' dir='ltr'><strong>ad</strong></span> <span class='ocrx_word' id='word_1_166' title='bbox 1462 1952 1621 2023; x_wconf 87' lang='lat' dir='ltr'><strong>vitam</strong></span> <span class='ocrx_word' id='word_1_167' title='bbox 1654 1966 1899 2004; x_wconf 88' lang='lat' dir='ltr'><strong>necessa-</strong></span> 
     </span>
    </p>
   </div>
   <div class='ocr_carea' id='block_1_21' title="bbox 321 2039 1900 2111">
    <p class='ocr_par' dir='ltr' id='par_1_21' title="bbox 321 2039 1900 2111">
     <span class='ocr_line' id='line_1_21' title="bbox 321 2039 1900 2111; baseline -0.001 -16"><span class='ocrx_word' id='word_1_168' title='bbox 321 2044 396 2095; x_wconf 87' lang='lat' dir='ltr'><strong>ria</strong></span> <span class='ocrx_word' id='word_1_169' title='bbox 419 2043 816 2111; x_wconf 84' lang='lat' dir='ltr'><strong>suppeditabat.</strong></span> <span class='ocrx_word' id='word_1_170' title='bbox 835 2043 968 2096; x_wconf 82' lang='lat' dir='ltr'><strong>Cum</strong></span> <span class='ocrx_word' id='word_1_171' title='bbox 999 2044 1013 2091; x_wconf 72' lang='grc' dir='ltr'><strong>Ι</strong></span> <span class='ocrx_word' id='word_1_172' title='bbox 1052 2058 1079 2095; x_wconf 92' lang='lat' dir='ltr'><strong>a</strong></span> <span class='ocrx_word' id='word_1_173' title='bbox 1096 2043 1311 2095; x_wconf 83' lang='lat' dir='ltr'><strong>Victore</strong></span> <span class='ocrx_word' id='word_1_174' title='bbox 1333 2058 1428 2096; x_wconf 92' lang='lat' dir='ltr'><strong>eos</strong></span> <span class='ocrx_word' id='word_1_175' title='bbox 1458 2042 1692 2094; x_wconf 87' lang='lat' dir='ltr'><strong>novisset</strong></span> <span class='ocrx_word' id='word_1_176' title='bbox 1722 2039 1900 2093; x_wconf 85' lang='lat' dir='ltr'><strong>Pauli-</strong></span> 
     </span>
    </p>
   </div>
   <div class='ocr_carea' id='block_1_22' title="bbox 323 2129 1905 2201">
    <p class='ocr_par' dir='ltr' id='par_1_22' title="bbox 323 2129 1905 2201">
     <span class='ocr_line' id='line_1_22' title="bbox 323 2129 1905 2201; baseline -0.004 -14"><span class='ocrx_word' id='word_1_177' title='bbox 323 2148 439 2196; x_wconf 87' lang='lat' dir='ltr'><strong>nus,</strong></span> <span class='ocrx_word' id='word_1_178' title='bbox 472 2132 619 2187; x_wconf 89' lang='lat' dir='ltr'><strong>unde</strong></span> <span class='ocrx_word' id='word_1_179' title='bbox 662 2133 783 2186; x_wconf 89' lang='lat' dir='ltr'><strong>illos</strong></span> <span class='ocrx_word' id='word_1_180' title='bbox 823 2132 875 2185; x_wconf 94' lang='lat' dir='ltr'><strong>in</strong></span> <span class='ocrx_word' id='word_1_181' title='bbox 906 2132 1189 2201; x_wconf 81' lang='lat' dir='ltr'><strong>Aquitania</strong></span> <span class='ocrx_word' id='word_1_182' title='bbox 1219 2131 1492 2183; x_wconf 87' lang='lat' dir='ltr'><strong>habitasse</strong></span> <span class='ocrx_word' id='word_1_183' title='bbox 1518 2130 1806 2197; x_wconf 81' lang='lat' dir='ltr'><strong>colligitur,</strong></span> <span class='ocrx_word' id='word_1_184' title='bbox 1831 2129 1905 2182; x_wconf 93' lang='lat' dir='ltr'><strong>si-</strong></span> 
     </span>
    </p>
   </div>
   <div class='ocr_carea' id='block_1_23' title="bbox 324 2220 1904 2291">
    <p class='ocr_par' dir='ltr' id='par_1_23' title="bbox 324 2220 1904 2291">
     <span class='ocr_line' id='line_1_23' title="bbox 324 2220 1904 2291; baseline -0.004 -14"><span class='ocrx_word' id='word_1_185' title='bbox 324 2224 429 2277; x_wconf 86' lang='lat' dir='ltr'><strong>mul</strong></span> <span class='ocrx_word' id='word_1_186' title='bbox 460 2239 585 2278; x_wconf 88' lang='lat' dir='ltr'><strong>cum</strong></span> <span class='ocrx_word' id='word_1_187' title='bbox 637 2222 890 2276; x_wconf 83' lang='lat' dir='ltr'><strong>Tberasia</strong></span> <span class='ocrx_word' id='word_1_188' title='bbox 922 2222 1202 2291; x_wconf 87' lang='lat' dir='ltr'><strong>epistolam</strong></span> <span class='ocrx_word' id='word_1_189' title='bbox 1256 2220 1575 2274; x_wconf 82' lang='lat' dir='ltr'><strong>Sebastiano</strong></span> <span class='ocrx_word' id='word_1_190' title='bbox 1605 2220 1816 2288; x_wconf 87' lang='lat' dir='ltr'><strong>scripsit</strong></span> <span class='ocrx_word' id='word_1_191' title='bbox 1847 2228 1904 2271; x_wconf 94' lang='lat' dir='ltr'><strong>ut</strong></span> 
     </span>
    </p>
   </div>
   <div class='ocr_carea' id='block_1_24' title="bbox 324 2308 1903 2383">
    <p class='ocr_par' dir='ltr' id='par_1_24' title="bbox 324 2308 1903 2383">
     <span class='ocr_line' id='line_1_24' title="bbox 324 2308 1903 2383; baseline -0.004 -16"><span class='ocrx_word' id='word_1_192' title='bbox 324 2315 371 2367; x_wconf 88' lang='lat' dir='ltr'><strong>ei</strong></span> <span class='ocrx_word' id='word_1_193' title='bbox 399 2313 464 2368; x_wconf 89' lang='lat' dir='ltr'><strong>de</strong></span> <span class='ocrx_word' id='word_1_194' title='bbox 496 2316 700 2383; x_wconf 88' lang='lat' dir='ltr'><strong>pietate</strong></span> <span class='ocrx_word' id='word_1_195' title='bbox 737 2313 1115 2381; x_wconf 80' lang='lat' dir='ltr'><strong>gratularetur,</strong></span> <span class='ocrx_word' id='word_1_196' title='bbox 1145 2319 1199 2365; x_wconf 87' lang='lat' dir='ltr'><strong>et</strong></span> <span class='ocrx_word' id='word_1_197' title='bbox 1230 2310 1506 2377; x_wconf 86' lang='lat' dir='ltr'><strong>utriusque</strong></span> <span class='ocrx_word' id='word_1_198' title='bbox 1555 2308 1799 2378; x_wconf 89' lang='lat' dir='ltr'><strong>precibus</strong></span> <span class='ocrx_word' id='word_1_199' title='bbox 1845 2323 1903 2361; x_wconf 88' lang='lat' dir='ltr'><strong>se</strong></span> 
     </span>
    </p>
   </div>
   <div class='ocr_carea' id='block_1_25' title="bbox 325 2401 1903 2469">
    <p class='ocr_par' dir='ltr' id='par_1_25' title="bbox 325 2401 1903 2469">
     <span class='ocr_line' id='line_1_25' title="bbox 325 2401 1903 2469; baseline -0.005 -10"><span class='ocrx_word' id='word_1_200' title='bbox 325 2406 738 2459; x_wconf 88' lang='lat' dir='ltr'><strong>commendavit.</strong></span> <span class='ocrx_word' id='word_1_201' title='bbox 771 2403 847 2455; x_wconf 90' lang='lat' dir='ltr'><strong>0b</strong></span> <span class='ocrx_word' id='word_1_202' title='bbox 890 2404 985 2456; x_wconf 84' lang='lat' dir='ltr'><strong>hoc</strong></span> <span class='ocrx_word' id='word_1_203' title='bbox 1029 2403 1195 2465; x_wconf 85' lang='lat' dir='ltr'><strong>enim,</strong></span> <span class='ocrx_word' id='word_1_204' title='bbox 1241 2402 1426 2469; x_wconf 89' lang='lat' dir='ltr'><strong>inquit,</strong></span> <span class='ocrx_word' id='word_1_205' title='bbox 1460 2401 1482 2436; x_wconf 74' lang='grc' dir='ltr'>¹ί</span> <span class='ocrx_word' id='word_1_206' title='bbox 1514 2402 1802 2454; x_wconf 72' lang='lat' dir='ltr'><strong>misericors</strong></span> <span class='ocrx_word' id='word_1_207' title='bbox 1854 2408 1903 2453; x_wconf 87' lang='lat' dir='ltr'><strong>et</strong></span> 
     </span>
    </p>
   </div>
   <div class='ocr_carea' id='block_1_26' title="bbox 325 2492 1901 2561">
    <p class='ocr_par' dir='ltr' id='par_1_26' title="bbox 325 2492 1901 2561">
     <span class='ocr_line' id='line_1_26' title="bbox 325 2492 1901 2561; baseline -0.004 -12"><span class='ocrx_word' id='word_1_208' title='bbox 325 2498 601 2549; x_wconf 82' lang='lat' dir='ltr'><strong>miserator</strong></span> <span class='ocrx_word' id='word_1_209' title='bbox 630 2494 884 2547; x_wconf 76' lang='lat' dir='ltr'><strong>Dominus</strong></span> <span class='ocrx_word' id='word_1_210' title='bbox 914 2492 1260 2561; x_wconf 64' lang='lat' dir='ltr'><strong>peccatoribus</strong></span> <span class='ocrx_word' id='word_1_211' title='bbox 1290 2492 1395 2543; x_wconf 84' lang='lat' dir='ltr'><strong>suis</strong></span> <span class='ocrx_word' id='word_1_212' title='bbox 1425 2500 1719 2543; x_wconf 82' lang='lat' dir='ltr'><strong>sanctorum</strong></span> <span class='ocrx_word' id='word_1_213' title='bbox 1766 2492 1901 2543; x_wconf 86' lang='lat' dir='ltr'><strong>noti-</strong></span> 
     </span>
    </p>
   </div>
   <div class='ocr_carea' id='block_1_27' title="bbox 326 2582 1903 2655">
    <p class='ocr_par' dir='ltr' id='par_1_27' title="bbox 326 2582 1903 2655">
     <span class='ocr_line' id='line_1_27' title="bbox 326 2582 1903 2655; baseline -0.006 -14"><span class='ocrx_word' id='word_1_214' title='bbox 326 2591 447 2641; x_wconf 85' lang='lat' dir='ltr'><strong>tiam</strong></span> <span class='ocrx_word' id='word_1_215' title='bbox 469 2589 841 2655; x_wconf 81' lang='lat' dir='ltr'><strong>caritatemque</strong></span> <span class='ocrx_word' id='word_1_216' title='bbox 861 2593 1101 2653; x_wconf 84' lang='lat' dir='ltr'><strong>procurat</strong></span> <span class='ocrx_word' id='word_1_217' title='bbox 1128 2592 1176 2635; x_wconf 90' lang='lat' dir='ltr'><strong>et</strong></span> <span class='ocrx_word' id='word_1_218' title='bbox 1206 2583 1385 2647; x_wconf 87' lang='lat' dir='ltr'><strong>donat,</strong></span> <span class='ocrx_word' id='word_1_219' title='bbox 1415 2592 1469 2633; x_wconf 83' lang='lat' dir='ltr'><strong>ut</strong></span> <span class='ocrx_word' id='word_1_220' title='bbox 1497 2582 1651 2633; x_wconf 85' lang='lat' dir='ltr'><strong>etiam</strong></span> <span class='ocrx_word' id='word_1_221' title='bbox 1689 2583 1903 2633; x_wconf 78' lang='lat' dir='ltr'><strong>inexcu-</strong></span> 
     </span>
    </p>
   </div>
   <div class='ocr_carea' id='block_1_28' title="bbox 327 2672 1904 2746">
    <p class='ocr_par' dir='ltr' id='par_1_28' title="bbox 327 2672 1904 2746">
     <span class='ocr_line' id='line_1_28' title="bbox 327 2672 1904 2746; baseline -0.006 -14"><span class='ocrx_word' id='word_1_222' title='bbox 327 2678 509 2732; x_wconf 78' lang='lat' dir='ltr'><strong>sabites</strong></span> <span class='ocrx_word' id='word_1_223' title='bbox 553 2693 668 2730; x_wconf 87' lang='lat' dir='ltr'><strong>reos</strong></span> <span class='ocrx_word' id='word_1_224' title='bbox 696 2684 984 2746; x_wconf 71' lang='lat' dir='ltr'><strong>prapotens</strong></span> <span class='ocrx_word' id='word_1_225' title='bbox 1014 2674 1281 2727; x_wconf 76' lang='lat' dir='ltr'><strong>advocatio</strong></span> <span class='ocrx_word' id='word_1_226' title='bbox 1331 2674 1527 2725; x_wconf 81' lang='lat' dir='ltr'><strong>meritis</strong></span> <span class='ocrx_word' id='word_1_227' title='bbox 1552 2672 1904 2724; x_wconf 75' lang='lat' dir='ltr'><strong>damnationis</strong></span> 
     </span>
    </p>
   </div>
   <div class='ocr_carea' id='block_1_29' title="bbox 327 2762 1903 2832">
    <p class='ocr_par' dir='ltr' id='par_1_29' title="bbox 327 2762 1903 2832">
     <span class='ocr_line' id='line_1_29' title="bbox 327 2762 1903 2832; baseline -0.006 -11"><span class='ocrx_word' id='word_1_228' title='bbox 327 2770 573 2822; x_wconf 70' lang='lat' dir='ltr'><strong>absolvat.</strong></span> <span class='ocrx_word' id='word_1_229' title='bbox 606 2766 880 2819; x_wconf 88' lang='lat' dir='ltr'><strong>Benedicti</strong></span> <span class='ocrx_word' id='word_1_230' title='bbox 908 2764 921 2800; x_wconf 80' lang='grc' dir='ltr'>ι</span> <span class='ocrx_word' id='word_1_231' title='bbox 949 2773 1004 2818; x_wconf 93' lang='lat' dir='ltr'><strong>ct</strong></span> <span class='ocrx_word' id='word_1_232' title='bbox 1026 2764 1322 2818; x_wconf 81' lang='lat' dir='ltr'><strong>Sebastiani</strong></span> <span class='ocrx_word' id='word_1_233' title='bbox 1345 2765 1598 2832; x_wconf 87' lang='lat' dir='ltr'><strong>pietatem</strong></span> <span class='ocrx_word' id='word_1_234' title='bbox 1620 2762 1903 2830; x_wconf 89' lang='lat' dir='ltr'><strong>plurimum</strong></span> 
     </span>
    </p>
   </div>
   <div class='ocr_carea' id='block_1_30' title="bbox 330 2852 1903 2925">
    <p class='ocr_par' dir='ltr' id='par_1_30' title="bbox 330 2852 1903 2925">
     <span class='ocr_line' id='line_1_30' title="bbox 330 2852 1903 2925; baseline -0.008 -11"><span class='ocrx_word' id='word_1_235' title='bbox 330 2861 561 2925; x_wconf 75' lang='lat' dir='ltr'><strong>extollit,</strong></span> <span class='ocrx_word' id='word_1_236' title='bbox 590 2859 828 2925; x_wconf 88' lang='lat' dir='ltr'><strong>dicitque</strong></span> <span class='ocrx_word' id='word_1_237' title='bbox 857 2857 1084 2909; x_wconf 88' lang='lat' dir='ltr'><strong>alterum</strong></span> <span class='ocrx_word' id='word_1_238' title='bbox 1115 2866 1149 2889; x_wconf 78' lang='grc' dir='ltr'><strong>ευ</strong></span> <span class='ocrx_word' id='word_1_239' title='bbox 1176 2855 1370 2908; x_wconf 87' lang='lat' dir='ltr'><strong>imitari</strong></span> <span class='ocrx_word' id='word_1_240' title='bbox 1399 2852 1697 2906; x_wconf 82' lang='lat' dir='ltr'><strong>Joltannem</strong></span> <span class='ocrx_word' id='word_1_241' title='bbox 1723 2852 1903 2912; x_wconf 82' lang='lat' dir='ltr'><strong>Bapti-</strong></span> 
     </span>
    </p>
   </div>
   <div class='ocr_carea' id='block_1_31' title="bbox 328 2942 1901 3020">
    <p class='ocr_par' dir='ltr' id='par_1_31' title="bbox 328 2942 1901 3020">
     <span class='ocr_line' id='line_1_31' title="bbox 328 2942 1901 3020; baseline -0.009 -14"><span class='ocrx_word' id='word_1_242' title='bbox 328 2952 471 3006; x_wconf 82' lang='lat' dir='ltr'><strong>stam‘</strong></span> <span class='ocrx_word' id='word_1_243' title='bbox 493 2954 549 3005; x_wconf 88' lang='lat' dir='ltr'><strong>in</strong></span> <span class='ocrx_word' id='word_1_244' title='bbox 580 2952 688 3020; x_wconf 81' lang='lat'><strong>70</strong></span> <span class='ocrx_word' id='word_1_245' title='bbox 717 2951 927 3003; x_wconf 87' lang='lat' dir='ltr'><strong>deserto</strong></span> <span class='ocrx_word' id='word_1_246' title='bbox 957 2948 1294 3010; x_wconf 90' lang='lat' dir='ltr'><strong>clamantem,</strong></span> <span class='ocrx_word' id='word_1_247' title='bbox 1332 2945 1553 2997; x_wconf 87' lang='lat' dir='ltr'><strong>alterunt</strong></span> <span class='ocrx_word' id='word_1_248' title='bbox 1592 2957 1719 2997; x_wconf 85' lang='lat' dir='ltr'><strong>vero</strong></span> <span class='ocrx_word' id='word_1_249' title='bbox 1748 2942 1901 2995; x_wconf 77' lang='lat' dir='ltr'><strong>Clu-i-</strong></span> 
     </span>
    </p>
   </div>
   <div class='ocr_carea' id='block_1_32' title="bbox 329 3036 1903 3112">
    <p class='ocr_par' dir='ltr' id='par_1_32' title="bbox 329 3036 1903 3112">
     <span class='ocr_line' id='line_1_32' title="bbox 329 3036 1903 3112; baseline -0.007 -13"><span class='ocrx_word' id='word_1_250' title='bbox 329 3046 539 3100; x_wconf 83' lang='lat' dir='ltr'><strong>stum‘in</strong></span> <span class='ocrx_word' id='word_1_251' title='bbox 567 3043 769 3112; x_wconf 89' lang='lat' dir='ltr'><strong>templo</strong></span> <span class='ocrx_word' id='word_1_252' title='bbox 796 3043 1105 3100; x_wconf 85' lang='lat' dir='ltr'><strong>docentem,</strong></span> <span class='ocrx_word' id='word_1_253' title='bbox 1139 3040 1211 3093; x_wconf 92' lang='lat' dir='ltr'><strong>ita</strong></span> <span class='ocrx_word' id='word_1_254' title='bbox 1243 3048 1298 3092; x_wconf 95' lang='lat' dir='ltr'><strong>ut</strong></span> <span class='ocrx_word' id='word_1_255' title='bbox 1326 3040 1377 3092; x_wconf 94' lang='lat' dir='ltr'><strong>in</strong></span> <span class='ocrx_word' id='word_1_256' title='bbox 1401 3036 1584 3091; x_wconf 83' lang='lat' dir='ltr'><strong>Galliis</strong></span> <span class='ocrx_word' id='word_1_257' title='bbox 1616 3045 1739 3090; x_wconf 90' lang='lat' dir='ltr'><strong>tunc</strong></span> <span class='ocrx_word' id='word_1_258' title='bbox 1768 3045 1903 3089; x_wconf 89' lang='lat' dir='ltr'><strong>lem-</strong></span> 
     </span>
    </p>
   </div>
   <div class='ocr_carea' id='block_1_33' title="bbox 329 3126 1905 3206">
    <p class='ocr_par' dir='ltr' id='par_1_33' title="bbox 329 3126 1905 3206">
     <span class='ocr_line' id='line_1_33' title="bbox 329 3126 1905 3206; baseline -0.007 -17"><span class='ocrx_word' id='word_1_259' title='bbox 329 3138 469 3206; x_wconf 81' lang='lat' dir='ltr'><strong>poris</strong></span> <span class='ocrx_word' id='word_1_260' title='bbox 492 3134 559 3188; x_wconf 90' lang='lat' dir='ltr'><strong>ad</strong></span> <span class='ocrx_word' id='word_1_261' title='bbox 585 3134 841 3203; x_wconf 88' lang='lat' dir='ltr'><strong>populum</strong></span> <span class='ocrx_word' id='word_1_262' title='bbox 870 3146 1174 3185; x_wconf 87' lang='lat' dir='ltr'><strong>sermonem</strong></span> <span class='ocrx_word' id='word_1_263' title='bbox 1207 3130 1457 3183; x_wconf 88' lang='lat' dir='ltr'><strong>habuisse</strong></span> <span class='ocrx_word' id='word_1_264' title='bbox 1486 3128 1764 3181; x_wconf 88' lang='lat' dir='ltr'><strong>videantur</strong></span> <span class='ocrx_word' id='word_1_265' title='bbox 1792 3126 1905 3179; x_wconf 88' lang='lat' dir='ltr'><strong>dia-</strong></span> 
     </span>
    </p>
   </div>
   <div class='ocr_carea' id='block_1_34' title="bbox 331 3216 1906 3291">
    <p class='ocr_par' dir='ltr' id='par_1_34' title="bbox 331 3216 1906 3291">
     <span class='ocr_line' id='line_1_34' title="bbox 331 3216 1906 3291; baseline -0.006 -11"><span class='ocrx_word' id='word_1_266' title='bbox 331 3228 467 3280; x_wconf 83' lang='lat' dir='ltr'><strong>coni.</strong></span> <span class='ocrx_word' id='word_1_267' title='bbox 490 3226 865 3279; x_wconf 82' lang='lat' dir='ltr'><strong>Sebastianum</strong></span> <span class='ocrx_word' id='word_1_268' title='bbox 895 3223 1127 3291; x_wconf 88' lang='lat' dir='ltr'><strong>appellat</strong></span> <span class='ocrx_word' id='word_1_269' title='bbox 1152 3230 1175 3255; x_wconf 84' lang='lat'><strong>&quot;</strong></span> <span class='ocrx_word' id='word_1_270' title='bbox 1203 3220 1528 3275; x_wconf 79' lang='lat' dir='ltr'><strong>monachum.</strong></span> <span class='ocrx_word' id='word_1_271' title='bbox 1565 3216 1696 3270; x_wconf 90' lang='lat' dir='ltr'><strong>Cum</strong></span> <span class='ocrx_word' id='word_1_272' title='bbox 1728 3227 1906 3271; x_wconf 88' lang='lat' dir='ltr'><strong>tamen</strong></span> 
     </span>
    </p>
   </div>
   <div class='ocr_carea' id='block_1_35' title="bbox 332 3308 1908 3383">
    <p class='ocr_par' dir='ltr' id='par_1_35' title="bbox 332 3308 1908 3383">
     <span class='ocr_line' id='line_1_35' title="bbox 332 3308 1908 3383; baseline -0.006 -13"><span class='ocrx_word' id='word_1_273' title='bbox 332 3318 382 3370; x_wconf 90' lang='lat' dir='ltr'><strong>in</strong></span> <span class='ocrx_word' id='word_1_274' title='bbox 412 3316 629 3371; x_wconf 88' lang='lat' dir='ltr'><strong>deserto</strong></span> <span class='ocrx_word' id='word_1_275' title='bbox 652 3329 866 3383; x_wconf 89' lang='lat' dir='ltr'><strong>semper</strong></span> <span class='ocrx_word' id='word_1_276' title='bbox 894 3312 1279 3376; x_wconf 90' lang='lat' dir='ltr'><strong>recluderetur,</strong></span> <span class='ocrx_word' id='word_1_277' title='bbox 1312 3325 1552 3364; x_wconf 88' lang='lat' dir='ltr'><strong>asserere</strong></span> <span class='ocrx_word' id='word_1_278' title='bbox 1599 3325 1705 3362; x_wconf 91' lang='lat' dir='ltr'><strong>non</strong></span> <span class='ocrx_word' id='word_1_279' title='bbox 1737 3308 1908 3362; x_wconf 88' lang='lat' dir='ltr'><strong>audeo</strong></span> 
     </span>
    </p>
   </div>
   <div class='ocr_carea' id='block_1_36' title="bbox 331 3400 1911 3470">
    <p class='ocr_par' dir='ltr' id='par_1_36' title="bbox 331 3400 1911 3470">
     <span class='ocr_line' id='line_1_36' title="bbox 331 3400 1911 3470; baseline -0.003 -12"><span class='ocrx_word' id='word_1_280' title='bbox 331 3421 446 3459; x_wconf 90' lang='lat' dir='ltr'><strong>eum</strong></span> <span class='ocrx_word' id='word_1_281' title='bbox 493 3420 615 3461; x_wconf 81' lang='lat' dir='ltr'><strong>esse</strong></span> <span class='ocrx_word' id='word_1_282' title='bbox 665 3404 986 3458; x_wconf 87' lang='lat' dir='ltr'><strong>monachum</strong></span> <span class='ocrx_word' id='word_1_283' title='bbox 1033 3404 1423 3465; x_wconf 87' lang='lat' dir='ltr'><strong>Sebastianum,</strong></span> <span class='ocrx_word' id='word_1_284' title='bbox 1457 3409 1482 3435; x_wconf 88' lang='grc' dir='ltr'>ο</span> <span class='ocrx_word' id='word_1_285' title='bbox 1508 3400 1598 3470; x_wconf 91' lang='lat' dir='ltr'><strong>qui</strong></span> <span class='ocrx_word' id='word_1_286' title='bbox 1637 3416 1778 3455; x_wconf 90' lang='lat' dir='ltr'><strong>anno</strong></span> <span class='ocrx_word' id='word_1_287' title='bbox 1806 3400 1911 3455; x_wconf 76' lang='grc'><strong>405</strong></span> 
     </span>
    </p>
   </div>
   <div class='ocr_carea' id='block_1_37' title="bbox 329 3494 1908 3566">
    <p class='ocr_par' dir='ltr' id='par_1_37' title="bbox 329 3494 1908 3566">
     <span class='ocr_line' id='line_1_37' title="bbox 329 3494 1908 3566; baseline -0.002 -16"><span class='ocrx_word' id='word_1_288' title='bbox 329 3496 620 3566; x_wconf 85' lang='lat' dir='ltr'><strong>Sulpicium</strong></span> <span class='ocrx_word' id='word_1_289' title='bbox 668 3496 925 3549; x_wconf 85' lang='lat' dir='ltr'><strong>Severum</strong></span> <span class='ocrx_word' id='word_1_290' title='bbox 956 3495 1085 3547; x_wconf 89' lang='lat' dir='ltr'><strong>adiit</strong></span> <span class='ocrx_word' id='word_1_291' title='bbox 1116 3504 1171 3547; x_wconf 91' lang='lat' dir='ltr'><strong>ut</strong></span> <span class='ocrx_word' id='word_1_292' title='bbox 1200 3509 1471 3547; x_wconf 87' lang='lat' dir='ltr'><strong>sacrorum</strong></span> <span class='ocrx_word' id='word_1_293' title='bbox 1502 3494 1670 3547; x_wconf 86' lang='lat' dir='ltr'><strong>sancti</strong></span> <span class='ocrx_word' id='word_1_294' title='bbox 1699 3494 1908 3547; x_wconf 83' lang='lat' dir='ltr'><strong>Martini</strong></span> 
     </span>
    </p>
   </div>
   <div class='ocr_carea' id='block_1_38' title="bbox 329 3586 1909 3642">
    <p class='ocr_par' dir='ltr' id='par_1_38' title="bbox 329 3586 1909 3642">
     <span class='ocr_line' id='line_1_38' title="bbox 329 3586 1909 3642; baseline -0.001 -1"><span class='ocrx_word' id='word_1_295' title='bbox 329 3597 541 3642; x_wconf 87' lang='lat' dir='ltr'><strong>actuum</strong></span> <span class='ocrx_word' id='word_1_296' title='bbox 591 3588 955 3641; x_wconf 87' lang='lat' dir='ltr'><strong>narrationem</strong></span> <span class='ocrx_word' id='word_1_297' title='bbox 1003 3587 1231 3639; x_wconf 87' lang='lat' dir='ltr'><strong>audiret.</strong></span> <span class='ocrx_word' id='word_1_298' title='bbox 1276 3586 1592 3639; x_wconf 87' lang='lat' dir='ltr'><strong>Sebastiano</strong></span> <span class='ocrx_word' id='word_1_299' title='bbox 1626 3596 1651 3632; x_wconf 77' lang='grc' dir='ltr'><strong>ρ</strong></span> <span class='ocrx_word' id='word_1_300' title='bbox 1698 3587 1909 3639; x_wconf 77' lang='lat' dir='ltr'><strong>cuidam</strong></span> 
     </span>
    </p>
   </div>
   <div class='ocr_carea' id='block_1_39' title="bbox 330 3676 1798 3746">
    <p class='ocr_par' dir='ltr' id='par_1_39' title="bbox 330 3676 1798 3746">
     <span class='ocr_line' id='line_1_39' title="bbox 330 3676 1798 3746; baseline -0.003 -13"><span class='ocrx_word' id='word_1_301' title='bbox 330 3680 614 3743; x_wconf 88' lang='lat' dir='ltr'><strong>monacho,</strong></span> <span class='ocrx_word' id='word_1_302' title='bbox 639 3678 733 3733; x_wconf 86' lang='lat' dir='ltr'><strong>sed</strong></span> <span class='ocrx_word' id='word_1_303' title='bbox 759 3679 958 3741; x_wconf 83' lang='lat' dir='ltr'><strong>abbati,</strong></span> <span class='ocrx_word' id='word_1_304' title='bbox 990 3678 1191 3746; x_wconf 89' lang='lat' dir='ltr'><strong>pariter</strong></span> <span class='ocrx_word' id='word_1_305' title='bbox 1215 3678 1425 3744; x_wconf 84' lang='lat' dir='ltr'><strong>scripsit</strong></span> <span class='ocrx_word' id='word_1_306' title='bbox 1452 3676 1798 3743; x_wconf 82' lang='lat' dir='ltr'><strong>Augustinus.</strong></span> 
     </span>
    </p>
   </div>
   <div class='ocr_carea' id='block_1_40' title="bbox 922 3858 1305 3916">
    <p class='ocr_par' dir='ltr' id='par_1_40' title="bbox 922 3858 1305 3916">
     <span class='ocr_line' id='line_1_40' title="bbox 922 3858 1305 3916; baseline 0 -3"><span class='ocrx_word' id='word_1_307' title='bbox 922 3858 1149 3916; x_wconf 85' lang='lat' dir='ltr'><strong>CAPUT</strong></span> <span class='ocrx_word' id='word_1_308' title='bbox 1197 3860 1305 3914; x_wconf 81' lang='lat' dir='ltr'><strong>XL.</strong></span> 
     </span>
    </p>
   </div>
   <div class='ocr_carea' id='block_1_41' title="bbox 334 3999 1907 4056">
    <p class='ocr_par' dir='ltr' id='par_1_41' title="bbox 334 3999 1907 4056">
     <span class='ocr_line' id='line_1_41' title="bbox 334 3999 1907 4056; baseline -0.001 0"><span class='ocrx_word' id='word_1_309' title='bbox 334 3999 399 4056; x_wconf 82' lang='lat' dir='ltr'><strong>In</strong></span> <span class='ocrx_word' id='word_1_310' title='bbox 417 4001 571 4055; x_wconf 78' lang='lat' dir='ltr'><strong>Italia</strong></span> <span class='ocrx_word' id='word_1_311' title='bbox 593 4004 835 4054; x_wconf 70' lang='lat' dir='ltr'><strong>terrorem</strong></span> <span class='ocrx_word' id='word_1_312' title='bbox 871 4002 1129 4053; x_wconf 79' lang='lat' dir='ltr'><strong>concitant</strong></span> <span class='ocrx_word' id='word_1_313' title='bbox 1153 4000 1322 4054; x_wconf 87' lang='lat' dir='ltr'><strong>Gothi.</strong></span> <span class='ocrx_word' id='word_1_314' title='bbox 1356 4002 1457 4054; x_wconf 84' lang='lat' dir='ltr'><strong>Per</strong></span> <span class='ocrx_word' id='word_1_315' title='bbox 1482 4000 1907 4055; x_wconf 84' lang='lat' dir='ltr'><strong>Postlmmianum</strong></span> 
     </span>
    </p>
   </div>
   <div class='ocr_carea' id='block_1_42' title="bbox 781 4070 1475 4126">
    <p class='ocr_par' dir='ltr' id='par_1_42' title="bbox 781 4070 1475 4126">
     <span class='ocr_line' id='line_1_42' title="bbox 781 4070 1475 4126; baseline 0 -2"><span class='ocrx_word' id='word_1_316' title='bbox 781 4072 970 4124; x_wconf 76' lang='lat' dir='ltr'><strong>Severo</strong></span> <span class='ocrx_word' id='word_1_317' title='bbox 1000 4088 1098 4124; x_wconf 84' lang='lat' dir='ltr'><strong>scn</strong></span> <span class='ocrx_word' id='word_1_318' title='bbox 1107 4070 1175 4124; x_wconf 87' lang='lat' dir='ltr'><strong>bit</strong></span> <span class='ocrx_word' id='word_1_319' title='bbox 1203 4070 1475 4126; x_wconf 81' lang='lat' dir='ltr'><strong>Paulinus.</strong></span> 
     </span>
    </p>
   </div>
   <div class='ocr_carea' id='block_1_43' title="bbox 409 4223 1904 4294">
    <p class='ocr_par' dir='ltr' id='par_1_43' title="bbox 409 4223 1904 4294">
     <span class='ocr_line' id='line_1_43' title="bbox 409 4223 1904 4294; baseline -0.001 -15"><span class='ocrx_word' id='word_1_320' title='bbox 409 4227 452 4279; x_wconf 82' lang='grc' dir='ltr'><strong>Ι.</strong></span> <span class='ocrx_word' id='word_1_321' title='bbox 484 4225 642 4279; x_wconf 78' lang='lat' dir='ltr'><strong>Juxta</strong></span> <span class='ocrx_word' id='word_1_322' title='bbox 667 4240 785 4279; x_wconf 89' lang='lat' dir='ltr'><strong>eam</strong></span> <span class='ocrx_word' id='word_1_323' title='bbox 815 4240 971 4292; x_wconf 90' lang='lat' dir='ltr'><strong>quam</strong></span> <span class='ocrx_word' id='word_1_324' title='bbox 1000 4224 1275 4292; x_wconf 90' lang='lat' dir='ltr'><strong>hucusque</strong></span> <span class='ocrx_word' id='word_1_325' title='bbox 1303 4223 1623 4294; x_wconf 76' lang='lat' dir='ltr'><strong>pnefiximus</strong></span> <span class='ocrx_word' id='word_1_326' title='bbox 1645 4225 1904 4294; x_wconf 78' lang='lat' dir='ltr'><strong>epocliam</strong></span> 
     </span>
    </p>
   </div>
   <div class='ocr_carea' id='block_1_44' title="bbox 334 4314 1902 4370">
    <p class='ocr_par' dir='ltr' id='par_1_44' title="bbox 334 4314 1902 4370">
     <span class='ocr_line' id='line_1_44' title="bbox 334 4314 1902 4370; baseline 0 -1"><span class='ocrx_word' id='word_1_327' title='bbox 334 4328 577 4370; x_wconf 78' lang='lat' dir='ltr'><strong>octavum</strong></span> <span class='ocrx_word' id='word_1_328' title='bbox 623 4316 681 4369; x_wconf 84' lang='lat' dir='ltr'><strong>S.</strong></span> <span class='ocrx_word' id='word_1_329' title='bbox 732 4314 921 4369; x_wconf 82' lang='lat' dir='ltr'><strong>Felicis</strong></span> <span class='ocrx_word' id='word_1_330' title='bbox 946 4315 1533 4369; x_wconf 71' lang='lat' dir='ltr'><strong>cartttetiqnatalitiUIn</strong></span> <span class='ocrx_word' id='word_1_331' title='bbox 1580 4316 1646 4369; x_wconf 89' lang='lat' dir='ltr'><strong>ad</strong></span> <span class='ocrx_word' id='word_1_332' title='bbox 1697 4318 1902 4369; x_wconf 87' lang='lat' dir='ltr'><strong>initium</strong></span> 
     </span>
    </p>
   </div>
   <div class='ocr_carea' id='block_1_45' title="bbox 334 4406 1903 4475">
    <p class='ocr_par' dir='ltr' id='par_1_45' title="bbox 334 4406 1903 4475">
     <span class='ocr_line' id='line_1_45' title="bbox 334 4406 1903 4475; baseline -0.001 -15"><span class='ocrx_word' id='word_1_333' title='bbox 334 4408 457 4461; x_wconf 83' lang='lat' dir='ltr'><strong>anni</strong></span> <span class='ocrx_word' id='word_1_334' title='bbox 483 4406 579 4460; x_wconf 72' lang='grc'><strong>401</strong></span> <span class='ocrx_word' id='word_1_335' title='bbox 609 4406 943 4460; x_wconf 87' lang='lat' dir='ltr'><strong>referendum</strong></span> <span class='ocrx_word' id='word_1_336' title='bbox 965 4414 1045 4459; x_wconf 91' lang='lat' dir='ltr'><strong>est</strong></span> <span class='ocrx_word' id='word_1_337' title='bbox 1077 4424 1089 4457; x_wconf 89' lang='lat'><strong>:</strong></span> <span class='ocrx_word' id='word_1_338' title='bbox 1117 4406 1352 4459; x_wconf 76' lang='lat' dir='ltr'><strong>historia:</strong></span> <span class='ocrx_word' id='word_1_339' title='bbox 1380 4407 1598 4460; x_wconf 89' lang='lat' dir='ltr'><strong>omnino</strong></span> <span class='ocrx_word' id='word_1_340' title='bbox 1628 4408 1903 4475; x_wconf 84' lang='lat' dir='ltr'><strong>congruit;</strong></span> 
     </span>
    </p>
   </div>
   <div class='ocr_carea' id='block_1_46' title="bbox 334 4496 1906 4552">
    <p class='ocr_par' dir='ltr' id='par_1_46' title="bbox 334 4496 1906 4552">
     <span class='ocr_line' id='line_1_46' title="bbox 334 4496 1906 4552; baseline 0.002 -3"><span class='ocrx_word' id='word_1_341' title='bbox 334 4496 463 4549; x_wconf 89' lang='lat' dir='ltr'><strong>illud</strong></span> <span class='ocrx_word' id='word_1_342' title='bbox 492 4498 635 4551; x_wconf 90' lang='lat' dir='ltr'><strong>enim</strong></span> <span class='ocrx_word' id='word_1_343' title='bbox 667 4497 721 4549; x_wconf 93' lang='lat' dir='ltr'><strong>in</strong></span> <span class='ocrx_word' id='word_1_344' title='bbox 768 4497 940 4550; x_wconf 90' lang='lat' dir='ltr'><strong>medio</strong></span> <span class='ocrx_word' id='word_1_345' title='bbox 971 4505 990 4532; x_wconf 75' lang='grc' dir='ltr'><strong><em>τ</em></strong></span> <span class='ocrx_word' id='word_1_346' title='bbox 1018 4497 1140 4549; x_wconf 86' lang='lat' dir='ltr'><strong>belli</strong></span> <span class='ocrx_word' id='word_1_347' title='bbox 1172 4497 1399 4549; x_wconf 87' lang='lat' dir='ltr'><strong>tumultu</strong></span> <span class='ocrx_word' id='word_1_348' title='bbox 1446 4506 1499 4552; x_wconf 89' lang='lat' dir='ltr'><strong>et</strong></span> <span class='ocrx_word' id='word_1_349' title='bbox 1546 4498 1906 4552; x_wconf 89' lang='lat' dir='ltr'><strong>iucursiouum</strong></span> 
     </span>
    </p>
   </div>
   <div class='ocr_carea' id='block_1_47' title="bbox 336 4586 1911 4652">
    <p class='ocr_par' dir='ltr' id='par_1_47' title="bbox 336 4586 1911 4652">
     <span class='ocr_line' id='line_1_47' title="bbox 336 4586 1911 4652; baseline 0.002 -13"><span class='ocrx_word' id='word_1_350' title='bbox 336 4587 709 4652; x_wconf 87' lang='lat' dir='ltr'><strong>barbarorum,</strong></span> <span class='ocrx_word' id='word_1_351' title='bbox 732 4595 786 4639; x_wconf 90' lang='lat' dir='ltr'><strong>et</strong></span> <span class='ocrx_word' id='word_1_352' title='bbox 805 4588 1118 4640; x_wconf 88' lang='lat' dir='ltr'><strong>nominatim</strong></span> <span class='ocrx_word' id='word_1_353' title='bbox 1154 4595 1173 4619; x_wconf 72' lang='lat'><strong><em>&quot;</em></strong></span> <span class='ocrx_word' id='word_1_354' title='bbox 1195 4586 1491 4641; x_wconf 85' lang='lat' dir='ltr'><strong>Gothorum</strong></span> <span class='ocrx_word' id='word_1_355' title='bbox 1512 4597 1654 4641; x_wconf 91' lang='lat' dir='ltr'><strong>metu</strong></span> <span class='ocrx_word' id='word_1_356' title='bbox 1675 4591 1911 4643; x_wconf 74' lang='lat' dir='ltr'><strong>conseri-</strong></span> 
     </span>
    </p>
   </div>
   <div class='ocr_carea' id='block_1_48' title="bbox 336 4676 1909 4745">
    <p class='ocr_par' dir='ltr' id='par_1_48' title="bbox 336 4676 1909 4745">
     <span class='ocr_line' id='line_1_48' title="bbox 336 4676 1909 4745; baseline 0.004 -17"><span class='ocrx_word' id='word_1_357' title='bbox 336 4686 482 4745; x_wconf 90' lang='lat' dir='ltr'><strong>ptum</strong></span> <span class='ocrx_word' id='word_1_358' title='bbox 511 4685 613 4730; x_wconf 88' lang='lat' dir='ltr'><strong>est.</strong></span> <span class='ocrx_word' id='word_1_359' title='bbox 641 4676 750 4731; x_wconf 87' lang='lat' dir='ltr'><strong>Sed</strong></span> <span class='ocrx_word' id='word_1_360' title='bbox 773 4686 827 4730; x_wconf 90' lang='lat' dir='ltr'><strong>et</strong></span> <span class='ocrx_word' id='word_1_361' title='bbox 854 4694 920 4731; x_wconf 83' lang='lat' dir='ltr'><strong>ex</strong></span> <span class='ocrx_word' id='word_1_362' title='bbox 949 4676 1004 4731; x_wconf 93' lang='lat' dir='ltr'><strong>S.</strong></span> <span class='ocrx_word' id='word_1_363' title='bbox 1046 4676 1293 4745; x_wconf 87' lang='lat' dir='ltr'><strong>Prosperi</strong></span> <span class='ocrx_word' id='word_1_364' title='bbox 1316 4680 1328 4713; x_wconf 74' lang='grc' dir='ltr'>ι</span> <span class='ocrx_word' id='word_1_365' title='bbox 1348 4678 1613 4734; x_wconf 79' lang='lat' dir='ltr'><strong>Chronico</strong></span> <span class='ocrx_word' id='word_1_366' title='bbox 1659 4680 1909 4736; x_wconf 89' lang='lat' dir='ltr'><strong>discimus</strong></span> 
     </span>
    </p>
   </div>
   <div class='ocr_carea' id='block_1_49' title="bbox 335 4767 1910 4837">
    <p class='ocr_par' dir='ltr' id='par_1_49' title="bbox 335 4767 1910 4837">
     <span class='ocr_line' id='line_1_49' title="bbox 335 4767 1910 4837; baseline 0.002 -16"><span class='ocrx_word' id='word_1_367' title='bbox 335 4767 911 4822; x_wconf 79' lang='lat' dir='ltr'><strong>AlaricurnGothorum</strong></span> <span class='ocrx_word' id='word_1_368' title='bbox 926 4768 1111 4821; x_wconf 88' lang='lat' dir='ltr'><strong>ducem</strong></span> <span class='ocrx_word' id='word_1_369' title='bbox 1124 4777 1177 4822; x_wconf 92' lang='lat' dir='ltr'><strong>ct</strong></span> <span class='ocrx_word' id='word_1_370' title='bbox 1195 4768 1620 4837; x_wconf 80' lang='lat' dir='ltr'><strong>Rhadaghaisum</strong></span> <span class='ocrx_word' id='word_1_371' title='bbox 1645 4786 1785 4824; x_wconf 89' lang='lat' dir='ltr'><strong>anno</strong></span> <span class='ocrx_word' id='word_1_372' title='bbox 1808 4771 1910 4824; x_wconf 76' lang='grc'>400</span> 
     </span>
    </p>
   </div>
   <div class='ocr_carea' id='block_1_50' title="bbox 336 4858 1903 4931">
    <p class='ocr_par' dir='ltr' id='par_1_50' title="bbox 336 4858 1903 4931">
     <span class='ocr_line' id='line_1_50' title="bbox 336 4858 1903 4931; baseline 0.003 -21"><span class='ocrx_word' id='word_1_373' title='bbox 336 4858 539 4913; x_wconf 80' lang='lat' dir='ltr'><strong>Italiam</strong></span> <span class='ocrx_word' id='word_1_374' title='bbox 569 4874 887 4927; x_wconf 79' lang='lat' dir='ltr'><strong>pervagasse</strong></span> <span class='ocrx_word' id='word_1_375' title='bbox 908 4898 922 4922; x_wconf 95' lang='lat'><strong>,</strong></span> <span class='ocrx_word' id='word_1_376' title='bbox 954 4875 1161 4913; x_wconf 89' lang='lat' dir='ltr'><strong>necnon</strong></span> <span class='ocrx_word' id='word_1_377' title='bbox 1190 4860 1255 4912; x_wconf 92' lang='lat' dir='ltr'><strong>ab</strong></span> <span class='ocrx_word' id='word_1_378' title='bbox 1279 4868 1304 4894; x_wconf 79' lang='grc' dir='ltr'><strong>υ</strong></span> <span class='ocrx_word' id='word_1_379' title='bbox 1337 4859 1660 4931; x_wconf 80' lang='lat' dir='ltr'><strong>Hieronymo</strong></span> <span class='ocrx_word' id='word_1_380' title='bbox 1701 4862 1903 4930; x_wconf 89' lang='lat' dir='ltr'><strong>accipi-</strong></span> 
     </span>
    </p>
   </div>
   <div class='ocr_carea' id='block_1_51' title="bbox 336 4949 1906 5020">
    <p class='ocr_par' dir='ltr' id='par_1_51' title="bbox 336 4949 1906 5020">
     <span class='ocr_line' id='line_1_51' title="bbox 336 4949 1906 5020; baseline 0.004 -17"><span class='ocrx_word' id='word_1_381' title='bbox 336 4966 449 5004; x_wconf 87' lang='lat' dir='ltr'><strong>mus</strong></span> <span class='ocrx_word' id='word_1_382' title='bbox 479 4966 573 5004; x_wconf 91' lang='lat' dir='ltr'><strong>cos</strong></span> <span class='ocrx_word' id='word_1_383' title='bbox 598 4966 741 5003; x_wconf 90' lang='lat' dir='ltr'><strong>anno</strong></span> <span class='ocrx_word' id='word_1_384' title='bbox 788 4949 891 5003; x_wconf 70' lang='grc'>400</span> <span class='ocrx_word' id='word_1_385' title='bbox 918 4951 1031 5004; x_wconf 87' lang='lat' dir='ltr'><strong>sive</strong></span> <span class='ocrx_word' id='word_1_386' title='bbox 1068 4950 1161 5002; x_wconf 71' lang='grc'><strong>401</strong></span> <span class='ocrx_word' id='word_1_387' title='bbox 1195 4952 1489 5020; x_wconf 82' lang='lat' dir='ltr'><strong>Aquileiam</strong></span> <span class='ocrx_word' id='word_1_388' title='bbox 1529 4954 1817 5009; x_wconf 78' lang='lat' dir='ltr'><strong>ohsedisse.</strong></span> <span class='ocrx_word' id='word_1_389' title='bbox 1852 4954 1906 5009; x_wconf 91' lang='lat' dir='ltr'><strong>In</strong></span> 
     </span>
    </p>
   </div>
   <div class='ocr_carea' id='block_1_52' title="bbox 335 5040 1908 5109">
    <p class='ocr_par' dir='ltr' id='par_1_52' title="bbox 335 5040 1908 5109">
     <span class='ocr_line' id='line_1_52' title="bbox 335 5040 1908 5109; baseline 0.004 -16"><span class='ocrx_word' id='word_1_390' title='bbox 335 5057 398 5093; x_wconf 90' lang='lat' dir='ltr'><strong>eo</strong></span> <span class='ocrx_word' id='word_1_391' title='bbox 419 5050 624 5094; x_wconf 88' lang='lat' dir='ltr'><strong>terrore</strong></span> <span class='ocrx_word' id='word_1_392' title='bbox 647 5040 737 5093; x_wconf 89' lang='lat' dir='ltr'><strong>alii</strong></span> <span class='ocrx_word' id='word_1_393' title='bbox 760 5051 784 5077; x_wconf 65' lang='grc' dir='ltr'><strong>γ</strong></span> <span class='ocrx_word' id='word_1_394' title='bbox 815 5041 865 5093; x_wconf 91' lang='lat' dir='ltr'><strong>in</strong></span> <span class='ocrx_word' id='word_1_395' title='bbox 888 5040 1182 5107; x_wconf 81' lang='lat' dir='ltr'><strong>legionibus</strong></span> <span class='ocrx_word' id='word_1_396' title='bbox 1209 5041 1565 5109; x_wconf 89' lang='lat' dir='ltr'><strong>confidebant,</strong></span> <span class='ocrx_word' id='word_1_397' title='bbox 1588 5045 1738 5098; x_wconf 83' lang='lat' dir='ltr'><strong>alteri</strong></span> <span class='ocrx_word' id='word_1_398' title='bbox 1783 5062 1908 5100; x_wconf 84' lang='lat' dir='ltr'><strong>vero</strong></span> 
     </span>
    </p>
   </div>
   <div class='ocr_carea' id='block_1_53' title="bbox 338 5131 1910 5201">
    <p class='ocr_par' dir='ltr' id='par_1_53' title="bbox 338 5131 1910 5201">
     <span class='ocr_line' id='line_1_53' title="bbox 338 5131 1910 5201; baseline 0.004 -16"><span class='ocrx_word' id='word_1_399' title='bbox 338 5132 387 5185; x_wconf 93' lang='lat' dir='ltr'><strong>in</strong></span> <span class='ocrx_word' id='word_1_400' title='bbox 442 5132 719 5185; x_wconf 82' lang='lat' dir='ltr'><strong>civitatum</strong></span> <span class='ocrx_word' id='word_1_401' title='bbox 772 5131 984 5185; x_wconf 89' lang='lat' dir='ltr'><strong>arcibus</strong></span> <span class='ocrx_word' id='word_1_402' title='bbox 1039 5146 1263 5199; x_wconf 88' lang='lat' dir='ltr'><strong>quarum</strong></span> <span class='ocrx_word' id='word_1_403' title='bbox 1316 5134 1561 5201; x_wconf 70' lang='lat' dir='ltr'><strong>expedite</strong></span> <span class='ocrx_word' id='word_1_404' title='bbox 1610 5136 1910 5197; x_wconf 72' lang='lat' dir='ltr'><strong>remdilicati</strong></span> 
     </span>
    </p>
   </div>
   <div class='ocr_carea' id='block_1_54' title="bbox 405 5262 1280 5334">
    <p class='ocr_par' dir='ltr' id='par_1_54' title="bbox 405 5262 1280 5334">
     <span class='ocr_line' id='line_1_54' title="bbox 405 5262 1280 5334; baseline -0.001 -16"><span class='ocrx_word' id='word_1_405' title='bbox 405 5264 548 5334; x_wconf 64' lang='grc' dir='ltr'><strong>περ.</strong></span> <span class='ocrx_word' id='word_1_406' title='bbox 579 5262 755 5334; x_wconf 48' lang='grc' dir='ltr'><strong>25ηι.</strong></span> <span class='ocrx_word' id='word_1_407' title='bbox 790 5262 839 5316; x_wconf 75' lang='grc'><strong>1.</strong></span> <span class='ocrx_word' id='word_1_408' title='bbox 916 5262 942 5301; x_wconf 75' lang='lat' dir='ltr'><strong>b</strong></span> <span class='ocrx_word' id='word_1_409' title='bbox 970 5264 1123 5326; x_wconf 82' lang='lat' dir='ltr'><strong>Ibitl.,</strong></span> <span class='ocrx_word' id='word_1_410' title='bbox 1147 5281 1200 5317; x_wconf 84' lang='grc' dir='ltr'><strong>η.</strong></span> <span class='ocrx_word' id='word_1_411' title='bbox 1228 5264 1280 5317; x_wconf 91' lang='grc'><strong>8.</strong></span> 
     </span>
    </p>
   </div>
   <div class='ocr_carea' id='block_1_55' title="bbox 338 5331 966 5399">
    <p class='ocr_par' dir='ltr' id='par_1_55' title="bbox 338 5331 966 5399">
     <span class='ocr_line' id='line_1_55' title="bbox 338 5331 966 5399; baseline 0.002 -13"><span class='ocrx_word' id='word_1_412' title='bbox 338 5334 423 5399; x_wconf 68' lang='lat' dir='ltr'><strong>eo,</strong></span> <span class='ocrx_word' id='word_1_413' title='bbox 454 5331 512 5388; x_wconf 83' lang='lat' dir='ltr'><strong>n;</strong></span> <span class='ocrx_word' id='word_1_414' title='bbox 541 5334 591 5386; x_wconf 72' lang='grc' dir='ltr'><strong>ι.</strong></span> <span class='ocrx_word' id='word_1_415' title='bbox 624 5331 639 5370; x_wconf 76' lang='grc' dir='ltr'><strong>ί</strong></span> <span class='ocrx_word' id='word_1_416' title='bbox 676 5333 966 5397; x_wconf 87' lang='lat' dir='ltr'><strong>lhid.,n.l.</strong></span> 
     </span>
    </p>
   </div>
   <div class='ocr_carea' id='block_1_56' title="bbox 340 5404 698 5469">
    <p class='ocr_par' dir='ltr' id='par_1_56' title="bbox 340 5404 698 5469">
     <span class='ocr_line' id='line_1_56' title="bbox 340 5404 698 5469; baseline -0.006 -12"><span class='ocrx_word' id='word_1_417' title='bbox 340 5405 459 5457; x_wconf 82' lang='lat' dir='ltr'><strong>dial.</strong></span> <span class='ocrx_word' id='word_1_418' title='bbox 484 5404 540 5469; x_wconf 69' lang='grc'><strong>2,</strong></span> <span class='ocrx_word' id='word_1_419' title='bbox 568 5420 615 5457; x_wconf 91' lang='lat' dir='ltr'><strong>c.</strong></span> <span class='ocrx_word' id='word_1_420' title='bbox 647 5404 698 5455; x_wconf 78' lang='grc'><strong>1.</strong></span> 
     </span>
    </p>
   </div>
   <div class='ocr_carea' id='block_1_57' title="bbox 343 5472 1472 5540">
    <p class='ocr_par' dir='ltr' id='par_1_57' title="bbox 343 5472 1472 5540">
     <span class='ocr_line' id='line_1_57' title="bbox 343 5472 1472 5540; baseline 0.005 -15"><span class='ocrx_word' id='word_1_421' title='bbox 343 5484 364 5509; x_wconf 81' lang='grc' dir='ltr'><strong>υ</strong></span> <span class='ocrx_word' id='word_1_422' title='bbox 396 5473 611 5527; x_wconf 88' lang='lat' dir='ltr'><strong>llieron.</strong></span> <span class='ocrx_word' id='word_1_423' title='bbox 645 5473 857 5527; x_wconf 85' lang='lat' dir='ltr'><strong>advers.</strong></span> <span class='ocrx_word' id='word_1_424' title='bbox 891 5472 1159 5527; x_wconf 75' lang='lat' dir='ltr'><strong>Bullinum</strong></span> <span class='ocrx_word' id='word_1_425' title='bbox 1184 5473 1238 5539; x_wconf 77' lang='lat'><strong>5,</strong></span> <span class='ocrx_word' id='word_1_426' title='bbox 1267 5475 1317 5540; x_wconf 84' lang='lat'><strong>6,</strong></span> <span class='ocrx_word' id='word_1_427' title='bbox 1349 5486 1387 5531; x_wconf 92' lang='lat' dir='ltr'><strong>t.</strong></span> <span class='ocrx_word' id='word_1_428' title='bbox 1412 5476 1472 5531; x_wconf 86' lang='lat' dir='ltr'><strong>Il.</strong></span> 
     </span>
    </p>
   </div>
   <div class='ocr_carea' id='block_1_58' title="bbox 1048 5334 1821 5403">
    <p class='ocr_par' dir='ltr' id='par_1_58' title="bbox 1048 5334 1821 5403">
     <span class='ocr_line' id='line_1_58' title="bbox 1048 5334 1821 5403; baseline 0.014 -19"><span class='ocrx_word' id='word_1_429' title='bbox 1048 5335 1061 5384; x_wconf 67' lang='grc' dir='ltr'><strong><em>ἕ</em></strong></span> <span class='ocrx_word' id='word_1_430' title='bbox 1100 5334 1253 5396; x_wconf 82' lang='lat' dir='ltr'><strong>Ibitl.,</strong></span> <span class='ocrx_word' id='word_1_431' title='bbox 1276 5352 1328 5390; x_wconf 87' lang='grc' dir='ltr'><strong>η.</strong></span> <span class='ocrx_word' id='word_1_432' title='bbox 1356 5337 1405 5392; x_wconf 81' lang='lat' dir='ltr'><strong>I.</strong></span> <span class='ocrx_word' id='word_1_433' title='bbox 1486 5339 1507 5375; x_wconf 78' lang='grc'><strong>¹¹</strong></span> <span class='ocrx_word' id='word_1_434' title='bbox 1541 5340 1821 5403; x_wconf 85' lang='lat' dir='ltr'><strong>Ibid.,n.5.</strong></span> 
     </span>
    </p>
   </div>
   <div class='ocr_carea' id='block_1_59' title="bbox 1362 5266 1980 5333">
    <p class='ocr_par' dir='ltr' id='par_1_59' title="bbox 1362 5266 1980 5333">
     <span class='ocr_line' id='line_1_59' title="bbox 1362 5266 1980 5333; baseline 0.018 -14"><span class='ocrx_word' id='word_1_435' title='bbox 1362 5278 1383 5305; x_wconf 74' lang='grc' dir='ltr'><em>ε</em></span> <span class='ocrx_word' id='word_1_436' title='bbox 1417 5266 1633 5333; x_wconf 83' lang='lat' dir='ltr'><strong>ll)id.,n.</strong></span> <span class='ocrx_word' id='word_1_437' title='bbox 1668 5270 1717 5325; x_wconf 82' lang='grc'><strong>5.</strong></span> <span class='ocrx_word' id='word_1_438' title='bbox 1794 5272 1817 5309; x_wconf 74' lang='grc' dir='ltr'>ἀ</span> <span class='ocrx_word' id='word_1_439' title='bbox 1852 5274 1980 5329; x_wconf 88' lang='lat' dir='ltr'><strong>Ibid.</strong></span> 
     </span>
    </p>
   </div>
   <div class='ocr_carea' id='block_1_60' title="bbox 1904 5337 2852 5410">
    <p class='ocr_par' dir='ltr' id='par_1_60' title="bbox 1904 5337 2852 5410">
     <span class='ocr_line' id='line_1_60' title="bbox 1904 5337 2852 5410; baseline -0.011 -13"><span class='ocrx_word' id='word_1_440' title='bbox 1904 5344 1919 5383; x_wconf 79' lang='grc' dir='ltr'><strong>Ῑ</strong></span> <span class='ocrx_word' id='word_1_441' title='bbox 1949 5341 2225 5410; x_wconf 71' lang='grc' dir='ltr'><strong>Ιῦἱᾶ.,ιι.ξ2</strong></span> <span class='ocrx_word' id='word_1_442' title='bbox 2256 5350 2311 5393; x_wconf 80' lang='lat' dir='ltr'><strong>et</strong></span> <span class='ocrx_word' id='word_1_443' title='bbox 2338 5340 2389 5394; x_wconf 77' lang='grc'><strong>5.</strong></span> <span class='ocrx_word' id='word_1_444' title='bbox 2460 5337 2684 5410; x_wconf 64' lang='lat' dir='ltr'><strong>“Ibid,</strong></span> <span class='ocrx_word' id='word_1_445' title='bbox 2718 5337 2852 5410; x_wconf 47' lang='lat'><strong>[1.4.</strong></span> 
     </span>
    </p>
   </div>
   <div class='ocr_carea' id='block_1_61' title="bbox 780 5400 2186 5470">
    <p class='ocr_par' dir='ltr' id='par_1_61' title="bbox 780 5400 2186 5470">
     <span class='ocr_line' id='line_1_61' title="bbox 780 5400 2186 5470; baseline 0.009 -16"><span class='ocrx_word' id='word_1_446' title='bbox 780 5414 803 5452; x_wconf 82' lang='lat' dir='ltr'><strong>P</strong></span> <span class='ocrx_word' id='word_1_447' title='bbox 828 5404 960 5465; x_wconf 66' lang='lat' dir='ltr'><strong>Aug.</strong></span> <span class='ocrx_word' id='word_1_448' title='bbox 994 5420 1081 5470; x_wconf 81' lang='lat' dir='ltr'><strong>ep.</strong></span> <span class='ocrx_word' id='word_1_449' title='bbox 1103 5404 1226 5467; x_wconf 61' lang='lat'><strong>248,</strong></span> <span class='ocrx_word' id='word_1_450' title='bbox 1261 5407 1311 5459; x_wconf 90' lang='lat' dir='ltr'><strong>in</strong></span> <span class='ocrx_word' id='word_1_451' title='bbox 1343 5417 1455 5461; x_wconf 89' lang='lat' dir='ltr'><strong>not.</strong></span> <span class='ocrx_word' id='word_1_452' title='bbox 1488 5411 1553 5464; x_wconf 88' lang='lat' dir='ltr'><strong>ad</strong></span> <span class='ocrx_word' id='word_1_453' title='bbox 1583 5400 1720 5464; x_wconf 86' lang='lat' dir='ltr'><strong>titul.</strong></span> <span class='ocrx_word' id='word_1_454' title='bbox 1787 5424 1810 5461; x_wconf 67' lang='grc' dir='ltr'><strong>η</strong></span> <span class='ocrx_word' id='word_1_455' title='bbox 1839 5414 2017 5469; x_wconf 87' lang='lat' dir='ltr'><strong>Carm.</strong></span> <span class='ocrx_word' id='word_1_456' title='bbox 2039 5400 2128 5466; x_wconf 64' lang='lat'><strong>23.</strong></span> <span class='ocrx_word' id='word_1_457' title='bbox 2176 5400 2186 5412; x_wconf 73' lang='grc'><em>’</em></span> 
     </span>
    </p>
   </div>
   <div class='ocr_carea' id='block_1_62' title="bbox 1550 5477 2593 5548">
    <p class='ocr_par' dir='ltr' id='par_1_62' title="bbox 1550 5477 2593 5548">
     <span class='ocr_line' id='line_1_62' title="bbox 1550 5477 2593 5548; baseline 0 -17"><span class='ocrx_word' id='word_1_458' title='bbox 1550 5489 1575 5515; x_wconf 77' lang='grc' dir='ltr'><strong>ν</strong></span> <span class='ocrx_word' id='word_1_459' title='bbox 1597 5482 1773 5535; x_wconf 85' lang='lat' dir='ltr'><strong>Carm.</strong></span> <span class='ocrx_word' id='word_1_460' title='bbox 1798 5482 1885 5548; x_wconf 75' lang='lat'><strong>‘25,</strong></span> <span class='ocrx_word' id='word_1_461' title='bbox 1916 5500 1966 5536; x_wconf 91' lang='lat' dir='ltr'><strong>v.</strong></span> <span class='ocrx_word' id='word_1_462' title='bbox 2002 5484 2122 5537; x_wconf 77' lang='lat' dir='ltr'><strong>l05.</strong></span> <span class='ocrx_word' id='word_1_463' title='bbox 2198 5481 2402 5545; x_wconf 64' lang='lat' dir='ltr'><strong>1‘lbid.,</strong></span> <span class='ocrx_word' id='word_1_464' title='bbox 2430 5477 2593 5548; x_wconf 49' lang='lat' dir='ltr'><strong>v.17.</strong></span> 
     </span>
    </p>
   </div>
   <div class='ocr_carea' id='block_1_63' title="bbox 2011 403 3580 467">
    <p class='ocr_par' dir='ltr' id='par_1_63' title="bbox 2011 403 3580 467">
     <span class='ocr_line' id='line_1_63' title="bbox 2011 403 3580 467; baseline 0.008 -13"><span class='ocrx_word' id='word_1_465' title='bbox 2011 404 2184 456; x_wconf 88' lang='lat' dir='ltr'><strong>crucis</strong></span> <span class='ocrx_word' id='word_1_466' title='bbox 2212 412 2267 456; x_wconf 89' lang='lat' dir='ltr'><strong>et</strong></span> <span class='ocrx_word' id='word_1_467' title='bbox 2294 403 2350 458; x_wconf 93' lang='lat' dir='ltr'><strong>S.</strong></span> <span class='ocrx_word' id='word_1_468' title='bbox 2380 403 2570 460; x_wconf 87' lang='lat' dir='ltr'><strong>Felicis</strong></span> <span class='ocrx_word' id='word_1_469' title='bbox 2593 406 2913 462; x_wconf 81' lang='lat' dir='ltr'><strong>confessoris</strong></span> <span class='ocrx_word' id='word_1_470' title='bbox 2961 411 3179 464; x_wconf 88' lang='lat' dir='ltr'><strong>tutelam</strong></span> <span class='ocrx_word' id='word_1_471' title='bbox 3225 413 3397 466; x_wconf 92' lang='lat' dir='ltr'><strong>solum</strong></span> <span class='ocrx_word' id='word_1_472' title='bbox 3444 416 3580 467; x_wconf 83' lang='lat' dir='ltr'><strong>asci-</strong></span> 
     </span>
    </p>
   </div>
   <div class='ocr_carea' id='block_1_64' title="bbox 2008 495 3577 559">
    <p class='ocr_par' dir='ltr' id='par_1_64' title="bbox 2008 495 3577 559">
     <span class='ocr_line' id='line_1_64' title="bbox 2008 495 3577 559; baseline 0.007 -11"><span class='ocrx_word' id='word_1_473' title='bbox 2008 495 2191 548; x_wconf 81' lang='lat' dir='ltr'><strong>scebat</strong></span> <span class='ocrx_word' id='word_1_474' title='bbox 2221 513 2232 547; x_wconf 93' lang='lat'>:</span> <span class='ocrx_word' id='word_1_475' title='bbox 2267 496 2513 551; x_wconf 90' lang='lat' dir='ltr'><strong>timentes</strong></span> <span class='ocrx_word' id='word_1_476' title='bbox 2550 499 2689 551; x_wconf 89' lang='lat' dir='ltr'><strong>enim</strong></span> <span class='ocrx_word' id='word_1_477' title='bbox 2733 498 2895 553; x_wconf 89' lang='lat' dir='ltr'><strong>Deum</strong></span> <span class='ocrx_word' id='word_1_478' title='bbox 2941 503 3007 555; x_wconf 89' lang='lat' dir='ltr'><strong>ab</strong></span> <span class='ocrx_word' id='word_1_479' title='bbox 3036 504 3278 557; x_wconf 86' lang='lat' dir='ltr'><strong>omnibus</strong></span> <span class='ocrx_word' id='word_1_480' title='bbox 3319 507 3577 559; x_wconf 87' lang='lat' dir='ltr'><strong>malormn</strong></span> 
     </span>
    </p>
   </div>
   <div class='ocr_carea' id='block_1_65' title="bbox 2008 586 3578 665">
    <p class='ocr_par' dir='ltr' id='par_1_65' title="bbox 2008 586 3578 665">
     <span class='ocr_line' id='line_1_65' title="bbox 2008 586 3578 665; baseline 0.008 -26"><span class='ocrx_word' id='word_1_481' title='bbox 2008 586 2172 639; x_wconf 87' lang='lat' dir='ltr'><strong>seculi</strong></span> <span class='ocrx_word' id='word_1_482' title='bbox 2225 589 2517 642; x_wconf 90' lang='lat' dir='ltr'><strong>terroribus</strong></span> <span class='ocrx_word' id='word_1_483' title='bbox 2564 590 2871 646; x_wconf 88' lang='lat' dir='ltr'><strong>liberantur.</strong></span> <span class='ocrx_word' id='word_1_484' title='bbox 2914 594 3098 663; x_wconf 88' lang='lat' dir='ltr'><strong>Itaque</strong></span> <span class='ocrx_word' id='word_1_485' title='bbox 3142 606 3161 630; x_wconf 79' lang='grc' dir='ltr'><strong><em>ι</em></strong></span> <span class='ocrx_word' id='word_1_486' title='bbox 3195 596 3389 649; x_wconf 88' lang='lat' dir='ltr'><strong>bellum</strong></span> <span class='ocrx_word' id='word_1_487' title='bbox 3434 600 3578 665; x_wconf 86' lang='lat' dir='ltr'><strong>quod</strong></span> 
     </span>
    </p>
   </div>
   <div class='ocr_carea' id='block_1_66' title="bbox 2008 677 3577 758">
    <p class='ocr_par' dir='ltr' id='par_1_66' title="bbox 2008 677 3577 758">
     <span class='ocr_line' id='line_1_66' title="bbox 2008 677 3577 758; baseline 0.007 -28"><span class='ocrx_word' id='word_1_488' title='bbox 2008 692 2195 730; x_wconf 90' lang='lat' dir='ltr'><strong>omnes</strong></span> <span class='ocrx_word' id='word_1_489' title='bbox 2225 677 2577 733; x_wconf 87' lang='lat' dir='ltr'><strong>formidabant</strong></span> <span class='ocrx_word' id='word_1_490' title='bbox 2606 683 2735 735; x_wconf 88' lang='lat' dir='ltr'><strong>nihil</strong></span> <span class='ocrx_word' id='word_1_491' title='bbox 2767 681 2988 737; x_wconf 90' lang='lat' dir='ltr'><strong>Paulino</strong></span> <span class='ocrx_word' id='word_1_492' title='bbox 3020 686 3190 739; x_wconf 81' lang='lat' dir='ltr'><strong>obfuit</strong></span> <span class='ocrx_word' id='word_1_493' title='bbox 3238 688 3365 758; x_wconf 86' lang='lat' dir='ltr'><strong>quin</strong></span> <span class='ocrx_word' id='word_1_494' title='bbox 3417 689 3577 741; x_wconf 85' lang='lat' dir='ltr'><strong>solito</strong></span> 
     </span>
    </p>
   </div>
   <div class='ocr_carea' id='block_1_67' title="bbox 2007 768 3580 842">
    <p class='ocr_par' dir='ltr' id='par_1_67' title="bbox 2007 768 3580 842">
     <span class='ocr_line' id='line_1_67' title="bbox 2007 768 3580 842; baseline 0.008 -21"><span class='ocrx_word' id='word_1_495' title='bbox 2007 784 2158 822; x_wconf 86' lang='lat' dir='ltr'><strong>more</strong></span> <span class='ocrx_word' id='word_1_496' title='bbox 2181 768 2235 822; x_wconf 86' lang='lat' dir='ltr'><strong>S.</strong></span> <span class='ocrx_word' id='word_1_497' title='bbox 2271 769 2459 825; x_wconf 82' lang='lat' dir='ltr'><strong>Felicis</strong></span> <span class='ocrx_word' id='word_1_498' title='bbox 2483 771 2671 825; x_wconf 83' lang='lat' dir='ltr'><strong>festum</strong></span> <span class='ocrx_word' id='word_1_499' title='bbox 2694 774 2833 827; x_wconf 87' lang='lat' dir='ltr'><strong>sicut</strong></span> <span class='ocrx_word' id='word_1_500' title='bbox 2862 775 3005 842; x_wconf 88' lang='lat' dir='ltr'><strong>pacis</strong></span> <span class='ocrx_word' id='word_1_501' title='bbox 3027 792 3088 829; x_wconf 89' lang='lat' dir='ltr'><strong>ae</strong></span> <span class='ocrx_word' id='word_1_502' title='bbox 3118 776 3308 831; x_wconf 65' lang='lat' dir='ltr'><strong>laetitia:</strong></span> <span class='ocrx_word' id='word_1_503' title='bbox 3331 777 3469 831; x_wconf 89' lang='lat' dir='ltr'><strong>diem</strong></span> <span class='ocrx_word' id='word_1_504' title='bbox 3496 794 3580 832; x_wconf 88' lang='lat' dir='ltr'><strong>cc-</strong></span> 
     </span>
    </p>
   </div>
   <div class='ocr_carea' id='block_1_68' title="bbox 2007 857 3578 936">
    <p class='ocr_par' dir='ltr' id='par_1_68' title="bbox 2007 857 3578 936">
     <span class='ocr_line' id='line_1_68' title="bbox 2007 857 3578 936; baseline 0.008 -27"><span class='ocrx_word' id='word_1_505' title='bbox 2007 857 2287 923; x_wconf 84' lang='lat' dir='ltr'><strong>Iebrarct,</strong></span> <span class='ocrx_word' id='word_1_506' title='bbox 2327 861 2695 914; x_wconf 87' lang='lat' dir='ltr'><strong>tantummodo</strong></span> <span class='ocrx_word' id='word_1_507' title='bbox 2724 872 2750 910; x_wconf 65' lang='grc' dir='ltr'><strong><em>γ</em></strong></span> <span class='ocrx_word' id='word_1_508' title='bbox 2798 865 3027 917; x_wconf 90' lang='lat' dir='ltr'><strong>orationi</strong></span> <span class='ocrx_word' id='word_1_509' title='bbox 3080 866 3371 921; x_wconf 88' lang='lat' dir='ltr'><strong>ferventius</strong></span> <span class='ocrx_word' id='word_1_510' title='bbox 3417 883 3578 936; x_wconf 89' lang='lat' dir='ltr'><strong>quam</strong></span> 
     </span>
    </p>
   </div>
   <div class='ocr_carea' id='block_1_69' title="bbox 2006 951 3579 1026">
    <p class='ocr_par' dir='ltr' id='par_1_69' title="bbox 2006 951 3579 1026">
     <span class='ocr_line' id='line_1_69' title="bbox 2006 951 3579 1026; baseline 0.007 -25"><span class='ocrx_word' id='word_1_511' title='bbox 2006 951 2287 1017; x_wconf 74' lang='lat' dir='ltr'><strong>tranqniilo</strong></span> <span class='ocrx_word' id='word_1_512' title='bbox 2325 959 2565 1019; x_wconf 88' lang='lat' dir='ltr'><strong>tempore</strong></span> <span class='ocrx_word' id='word_1_513' title='bbox 2593 954 2818 1006; x_wconf 82' lang='lat' dir='ltr'><strong>vacavit.</strong></span> <span class='ocrx_word' id='word_1_514' title='bbox 2864 953 3222 1023; x_wconf 71' lang='lat' dir='ltr'><strong>Prteterquam</strong></span> <span class='ocrx_word' id='word_1_515' title='bbox 3252 958 3393 1026; x_wconf 90' lang='lat' dir='ltr'><strong>quod</strong></span> <span class='ocrx_word' id='word_1_516' title='bbox 3438 958 3579 1013; x_wconf 87' lang='lat' dir='ltr'><strong>Deus</strong></span> 
     </span>
    </p>
   </div>
   <div class='ocr_carea' id='block_1_70' title="bbox 2008 1041 3579 1116">
    <p class='ocr_par' dir='ltr' id='par_1_70' title="bbox 2008 1041 3579 1116">
     <span class='ocr_line' id='line_1_70' title="bbox 2008 1041 3579 1116; baseline 0.004 -21"><span class='ocrx_word' id='word_1_517' title='bbox 2008 1041 2338 1095; x_wconf 87' lang='lat' dir='ltr'><strong>confidentes</strong></span> <span class='ocrx_word' id='word_1_518' title='bbox 2363 1042 2414 1094; x_wconf 90' lang='lat' dir='ltr'><strong>in</strong></span> <span class='ocrx_word' id='word_1_519' title='bbox 2437 1043 2801 1097; x_wconf 88' lang='lat' dir='ltr'><strong>misericordia</strong></span> <span class='ocrx_word' id='word_1_520' title='bbox 2830 1044 2945 1112; x_wconf 86' lang='lat' dir='ltr'><strong>ejus</strong></span> <span class='ocrx_word' id='word_1_521' title='bbox 2973 1047 3109 1101; x_wconf 83' lang='lat' dir='ltr'><strong>solet</strong></span> <span class='ocrx_word' id='word_1_522' title='bbox 3136 1063 3167 1101; x_wconf 93' lang='lat' dir='ltr'><strong>e</strong></span> <span class='ocrx_word' id='word_1_523' title='bbox 3201 1048 3438 1116; x_wconf 87' lang='lat' dir='ltr'><strong>periculo</strong></span> <span class='ocrx_word' id='word_1_524' title='bbox 3469 1049 3579 1103; x_wconf 87' lang='lat' dir='ltr'><strong>eri-</strong></span> 
     </span>
    </p>
   </div>
   <div class='ocr_carea' id='block_1_71' title="bbox 2002 1132 3575 1201">
    <p class='ocr_par' dir='ltr' id='par_1_71' title="bbox 2002 1132 3575 1201">
     <span class='ocr_line' id='line_1_71' title="bbox 2002 1132 3575 1201; baseline 0.003 -15"><span class='ocrx_word' id='word_1_525' title='bbox 2002 1147 2149 1200; x_wconf 85' lang='lat' dir='ltr'><strong>pere,</strong></span> <span class='ocrx_word' id='word_1_526' title='bbox 2181 1141 2441 1199; x_wconf 81' lang='lat' dir='ltr'><strong>pra-terea</strong></span> <span class='ocrx_word' id='word_1_527' title='bbox 2468 1148 2498 1186; x_wconf 91' lang='lat' dir='ltr'><strong>a</strong></span> <span class='ocrx_word' id='word_1_528' title='bbox 2527 1132 2582 1186; x_wconf 94' lang='lat' dir='ltr'><strong>S.</strong></span> <span class='ocrx_word' id='word_1_529' title='bbox 2610 1132 2784 1187; x_wconf 89' lang='lat' dir='ltr'><strong>Felice</strong></span> <span class='ocrx_word' id='word_1_530' title='bbox 2812 1135 2902 1201; x_wconf 94' lang='lat' dir='ltr'><strong>qui</strong></span> <span class='ocrx_word' id='word_1_531' title='bbox 2925 1143 2979 1188; x_wconf 91' lang='lat' dir='ltr'><strong>et</strong></span> <span class='ocrx_word' id='word_1_532' title='bbox 3004 1136 3273 1191; x_wconf 71' lang='lat' dir='ltr'><strong>dmmones</strong></span> <span class='ocrx_word' id='word_1_533' title='bbox 3304 1138 3537 1191; x_wconf 90' lang='lat' dir='ltr'><strong>terrebat</strong></span> <span class='ocrx_word' id='word_1_534' title='bbox 3558 1178 3575 1200; x_wconf 87' lang='lat'><strong>,</strong></span> 
     </span>
    </p>
   </div>
   <div class='ocr_carea' id='block_1_72' title="bbox 2000 1224 3577 1298">
    <p class='ocr_par' dir='ltr' id='par_1_72' title="bbox 2000 1224 3577 1298">
     <span class='ocr_line' id='line_1_72' title="bbox 2000 1224 3577 1298; baseline 0.005 -22"><span class='ocrx_word' id='word_1_535' title='bbox 2000 1238 2066 1277; x_wconf 87' lang='lat' dir='ltr'><strong>ac</strong></span> <span class='ocrx_word' id='word_1_536' title='bbox 2106 1231 2185 1276; x_wconf 92' lang='lat' dir='ltr'><strong>tot</strong></span> <span class='ocrx_word' id='word_1_537' title='bbox 2213 1224 2469 1278; x_wconf 84' lang='lat' dir='ltr'><strong>miracula</strong></span> <span class='ocrx_word' id='word_1_538' title='bbox 2495 1224 2733 1294; x_wconf 89' lang='lat' dir='ltr'><strong>quotidie</strong></span> <span class='ocrx_word' id='word_1_539' title='bbox 2759 1226 3028 1294; x_wconf 83' lang='lat' dir='ltr'><strong>patrabat,</strong></span> <span class='ocrx_word' id='word_1_540' title='bbox 3061 1238 3082 1263; x_wconf 80' lang='grc' dir='ltr'><strong><em>ι</em></strong></span> <span class='ocrx_word' id='word_1_541' title='bbox 3113 1229 3369 1283; x_wconf 82' lang='lat' dir='ltr'><strong>barbaros</strong></span> <span class='ocrx_word' id='word_1_542' title='bbox 3388 1230 3577 1298; x_wconf 85' lang='lat' dir='ltr'><strong>repelli</strong></span> 
     </span>
    </p>
   </div>
   <div class='ocr_carea' id='block_1_73' title="bbox 2000 1317 3576 1388">
    <p class='ocr_par' dir='ltr' id='par_1_73' title="bbox 2000 1317 3576 1388">
     <span class='ocr_line' id='line_1_73' title="bbox 2000 1317 3576 1388; baseline 0.004 -20"><span class='ocrx_word' id='word_1_543' title='bbox 2000 1332 2159 1385; x_wconf 89' lang='lat' dir='ltr'><strong>posse</strong></span> <span class='ocrx_word' id='word_1_544' title='bbox 2182 1318 2553 1385; x_wconf 74' lang='lat' dir='ltr'><strong>pnesumebat.</strong></span> <span class='ocrx_word' id='word_1_545' title='bbox 2580 1317 2635 1370; x_wconf 92' lang='lat' dir='ltr'><strong>In</strong></span> <span class='ocrx_word' id='word_1_546' title='bbox 2668 1318 2759 1371; x_wconf 93' lang='lat' dir='ltr'><strong>illo</strong></span> <span class='ocrx_word' id='word_1_547' title='bbox 2800 1320 3039 1374; x_wconf 89' lang='lat' dir='ltr'><strong>carmine</strong></span> <span class='ocrx_word' id='word_1_548' title='bbox 3073 1320 3311 1388; x_wconf 60' lang='lat' dir='ltr'><strong>quardam</strong></span> <span class='ocrx_word' id='word_1_549' title='bbox 3340 1336 3576 1374; x_wconf 46' lang='lat' dir='ltr'><strong>comme‘</strong></span> 
     </span>
    </p>
   </div>
   <div class='ocr_carea' id='block_1_74' title="bbox 2000 1408 3576 1477">
    <p class='ocr_par' dir='ltr' id='par_1_74' title="bbox 2000 1408 3576 1477">
     <span class='ocr_line' id='line_1_74' title="bbox 2000 1408 3576 1477; baseline 0.001 -17"><span class='ocrx_word' id='word_1_550' title='bbox 2000 1417 2175 1461; x_wconf 87' lang='lat' dir='ltr'><strong>morat</strong></span> <span class='ocrx_word' id='word_1_551' title='bbox 2220 1408 2285 1462; x_wconf 92' lang='lat' dir='ltr'><strong>de</strong></span> <span class='ocrx_word' id='word_1_552' title='bbox 2331 1410 2504 1462; x_wconf 91' lang='lat' dir='ltr'><strong>vicino</strong></span> <span class='ocrx_word' id='word_1_553' title='bbox 2554 1409 2751 1463; x_wconf 71' lang='lat' dir='ltr'><strong>rustico</strong></span> <span class='ocrx_word' id='word_1_554' title='bbox 2784 1419 2838 1445; x_wconf 73' lang='grc' dir='ltr'>η</span> <span class='ocrx_word' id='word_1_555' title='bbox 2868 1426 3025 1477; x_wconf 86' lang='lat' dir='ltr'><strong>quem</strong></span> <span class='ocrx_word' id='word_1_556' title='bbox 3057 1410 3303 1464; x_wconf 87' lang='lat' dir='ltr'><strong>obsidens</strong></span> <span class='ocrx_word' id='word_1_557' title='bbox 3334 1410 3576 1464; x_wconf 86' lang='lat' dir='ltr'><strong>diabolus</strong></span> 
     </span>
    </p>
   </div>
   <div class='ocr_carea' id='block_1_75' title="bbox 2000 1498 3573 1569">
    <p class='ocr_par' dir='ltr' id='par_1_75' title="bbox 2000 1498 3573 1569">
     <span class='ocr_line' id='line_1_75' title="bbox 2000 1498 3573 1569; baseline -0.001 -17"><span class='ocrx_word' id='word_1_558' title='bbox 2000 1498 2215 1552; x_wconf 89' lang='lat' dir='ltr'><strong>horrida</strong></span> <span class='ocrx_word' id='word_1_559' title='bbox 2247 1499 2470 1553; x_wconf 90' lang='lat' dir='ltr'><strong>necabat</strong></span> <span class='ocrx_word' id='word_1_560' title='bbox 2500 1500 2655 1552; x_wconf 86' lang='lat' dir='ltr'><strong>fame.</strong></span> <span class='ocrx_word' id='word_1_561' title='bbox 2682 1500 2729 1553; x_wconf 90' lang='lat' dir='ltr'><strong>Is</strong></span> <span class='ocrx_word' id='word_1_562' title='bbox 2758 1501 2917 1569; x_wconf 89' lang='lat' dir='ltr'><strong>paulo</strong></span> <span class='ocrx_word' id='word_1_563' title='bbox 2954 1510 3077 1554; x_wconf 90' lang='lat' dir='ltr'><strong>ante</strong></span> <span class='ocrx_word' id='word_1_564' title='bbox 3101 1516 3261 1554; x_wconf 90' lang='lat' dir='ltr'><strong>sanus</strong></span> <span class='ocrx_word' id='word_1_565' title='bbox 3302 1500 3471 1554; x_wconf 88' lang='lat' dir='ltr'><strong>fuerat</strong></span> <span class='ocrx_word' id='word_1_566' title='bbox 3501 1499 3573 1552; x_wconf 51' lang='lat' dir='ltr'><strong>fa.</strong></span> 
     </span>
    </p>
   </div>
   <div class='ocr_carea' id='block_1_76' title="bbox 2003 1590 3577 1661">
    <p class='ocr_par' dir='ltr' id='par_1_76' title="bbox 2003 1590 3577 1661">
     <span class='ocr_line' id='line_1_76' title="bbox 2003 1590 3577 1661; baseline 0.003 -18"><span class='ocrx_word' id='word_1_567' title='bbox 2003 1598 2197 1656; x_wconf 89' lang='lat' dir='ltr'><strong>ctus,ct</strong></span> <span class='ocrx_word' id='word_1_568' title='bbox 2221 1590 2523 1659; x_wconf 89' lang='lat' dir='ltr'><strong>incorrupta</strong></span> <span class='ocrx_word' id='word_1_569' title='bbox 2554 1593 2748 1645; x_wconf 89' lang='lat' dir='ltr'><strong>mentis</strong></span> <span class='ocrx_word' id='word_1_570' title='bbox 2776 1600 2830 1645; x_wconf 90' lang='lat' dir='ltr'><strong>et</strong></span> <span class='ocrx_word' id='word_1_571' title='bbox 2851 1594 3093 1661; x_wconf 90' lang='lat' dir='ltr'><strong>corporis</strong></span> <span class='ocrx_word' id='word_1_572' title='bbox 3120 1594 3368 1658; x_wconf 89' lang='lat' dir='ltr'><strong>sanitate,</strong></span> <span class='ocrx_word' id='word_1_573' title='bbox 3392 1606 3577 1659; x_wconf 78' lang='lat' dir='ltr'><strong>agrum</strong></span> 
     </span>
    </p>
   </div>
   <div class='ocr_carea' id='block_1_77' title="bbox 2002 1682 3577 1749">
    <p class='ocr_par' dir='ltr' id='par_1_77' title="bbox 2002 1682 3577 1749">
     <span class='ocr_line' id='line_1_77' title="bbox 2002 1682 3577 1749; baseline 0.001 -15"><span class='ocrx_word' id='word_1_574' title='bbox 2002 1697 2155 1734; x_wconf 90' lang='lat' dir='ltr'><strong>suum</strong></span> <span class='ocrx_word' id='word_1_575' title='bbox 2188 1689 2313 1734; x_wconf 91' lang='lat' dir='ltr'><strong>tunc</strong></span> <span class='ocrx_word' id='word_1_576' title='bbox 2341 1684 2596 1749; x_wconf 90' lang='lat' dir='ltr'><strong>temporis</strong></span> <span class='ocrx_word' id='word_1_577' title='bbox 2623 1683 2855 1736; x_wconf 90' lang='lat' dir='ltr'><strong>colebat.</strong></span> <span class='ocrx_word' id='word_1_578' title='bbox 2897 1682 3081 1735; x_wconf 91' lang='lat' dir='ltr'><strong>Itidem</strong></span> <span class='ocrx_word' id='word_1_579' title='bbox 3128 1682 3356 1735; x_wconf 82' lang='lat' dir='ltr'><strong>affirmat</strong></span> <span class='ocrx_word' id='word_1_580' title='bbox 3383 1682 3439 1736; x_wconf 89' lang='lat' dir='ltr'><strong>S.</strong></span> <span class='ocrx_word' id='word_1_581' title='bbox 3474 1682 3577 1736; x_wconf 83' lang='lat' dir='ltr'><strong>Fe-</strong></span> 
     </span>
    </p>
   </div>
   <div class='ocr_carea' id='block_1_78' title="bbox 2002 1770 3579 1841">
    <p class='ocr_par' dir='ltr' id='par_1_78' title="bbox 2002 1770 3579 1841">
     <span class='ocr_line' id='line_1_78' title="bbox 2002 1770 3579 1841; baseline 0.001 -19"><span class='ocrx_word' id='word_1_582' title='bbox 2002 1770 2118 1824; x_wconf 89' lang='lat' dir='ltr'><strong>licis</strong></span> <span class='ocrx_word' id='word_1_583' title='bbox 2143 1771 2335 1824; x_wconf 89' lang='lat' dir='ltr'><strong>virtute</strong></span> <span class='ocrx_word' id='word_1_584' title='bbox 2350 1770 2405 1807; x_wconf 66' lang='grc' dir='ltr'><strong>δι’</strong></span> <span class='ocrx_word' id='word_1_585' title='bbox 2428 1780 2742 1837; x_wconf 88' lang='lat' dir='ltr'><strong>torrentem,</strong></span> <span class='ocrx_word' id='word_1_586' title='bbox 2776 1774 2864 1841; x_wconf 90' lang='lat' dir='ltr'><strong>qui</strong></span> <span class='ocrx_word' id='word_1_587' title='bbox 2892 1774 2941 1825; x_wconf 94' lang='lat' dir='ltr'><strong>in</strong></span> <span class='ocrx_word' id='word_1_588' title='bbox 2974 1774 3112 1825; x_wconf 91' lang='lat' dir='ltr'><strong>illius</strong></span> <span class='ocrx_word' id='word_1_589' title='bbox 3138 1773 3414 1827; x_wconf 88' lang='lat' dir='ltr'><strong>ecclesiam</strong></span> <span class='ocrx_word' id='word_1_590' title='bbox 3443 1788 3579 1841; x_wconf 65' lang='lat' dir='ltr'><strong>prte-</strong></span> 
     </span>
    </p>
   </div>
   <div class='ocr_carea' id='block_1_79' title="bbox 2002 1859 3575 1927">
    <p class='ocr_par' dir='ltr' id='par_1_79' title="bbox 2002 1859 3575 1927">
     <span class='ocr_line' id='line_1_79' title="bbox 2002 1859 3575 1927; baseline 0.001 -14"><span class='ocrx_word' id='word_1_591' title='bbox 2002 1874 2129 1927; x_wconf 83' lang='lat' dir='ltr'><strong>ceps</strong></span> <span class='ocrx_word' id='word_1_592' title='bbox 2160 1859 2362 1912; x_wconf 90' lang='lat' dir='ltr'><strong>irruere</strong></span> <span class='ocrx_word' id='word_1_593' title='bbox 2414 1860 2677 1914; x_wconf 90' lang='lat' dir='ltr'><strong>assolebat</strong></span> <span class='ocrx_word' id='word_1_594' title='bbox 2709 1876 2771 1914; x_wconf 89' lang='lat' dir='ltr'><strong>ac</strong></span> <span class='ocrx_word' id='word_1_595' title='bbox 2797 1861 2997 1913; x_wconf 90' lang='lat' dir='ltr'><strong>vicinas</strong></span> <span class='ocrx_word' id='word_1_596' title='bbox 3044 1862 3232 1915; x_wconf 91' lang='lat' dir='ltr'><strong>domos</strong></span> <span class='ocrx_word' id='word_1_597' title='bbox 3261 1869 3315 1914; x_wconf 91' lang='lat' dir='ltr'><strong>et</strong></span> <span class='ocrx_word' id='word_1_598' title='bbox 3343 1876 3493 1914; x_wconf 91' lang='lat' dir='ltr'><strong>suam</strong></span> <span class='ocrx_word' id='word_1_599' title='bbox 3522 1861 3575 1914; x_wconf 91' lang='lat' dir='ltr'><strong>in</strong></span> 
     </span>
    </p>
   </div>
   <div class='ocr_carea' id='block_1_80' title="bbox 2002 1949 3577 2018">
    <p class='ocr_par' dir='ltr' id='par_1_80' title="bbox 2002 1949 3577 2018">
     <span class='ocr_line' id='line_1_80' title="bbox 2002 1949 3577 2018; baseline 0.001 -16"><span class='ocrx_word' id='word_1_600' title='bbox 2002 1949 2288 2003; x_wconf 89' lang='lat' dir='ltr'><strong>discrimen</strong></span> <span class='ocrx_word' id='word_1_601' title='bbox 2339 1951 2568 2017; x_wconf 88' lang='lat' dir='ltr'><strong>ducere,</strong></span> <span class='ocrx_word' id='word_1_602' title='bbox 2621 1966 2717 2018; x_wconf 91' lang='lat' dir='ltr'><strong>per</strong></span> <span class='ocrx_word' id='word_1_603' title='bbox 2770 1966 2965 2003; x_wconf 92' lang='lat' dir='ltr'><strong>novum</strong></span> <span class='ocrx_word' id='word_1_604' title='bbox 3023 1951 3231 2003; x_wconf 90' lang='lat' dir='ltr'><strong>alveum</strong></span> <span class='ocrx_word' id='word_1_605' title='bbox 3288 1951 3577 2018; x_wconf 81' lang='lat' dir='ltr'><strong>longinquo</strong></span> 
     </span>
    </p>
   </div>
   <div class='ocr_carea' id='block_1_81' title="bbox 2002 2040 3576 2109">
    <p class='ocr_par' dir='ltr' id='par_1_81' title="bbox 2002 2040 3576 2109">
     <span class='ocr_line' id='line_1_81' title="bbox 2002 2040 3576 2109; baseline -0.001 -16"><span class='ocrx_word' id='word_1_606' title='bbox 2002 2049 2180 2093; x_wconf 86' lang='lat' dir='ltr'><strong>meatu</strong></span> <span class='ocrx_word' id='word_1_607' title='bbox 2211 2040 2479 2093; x_wconf 89' lang='lat' dir='ltr'><strong>insolitum</strong></span> <span class='ocrx_word' id='word_1_608' title='bbox 2492 2040 2703 2093; x_wconf 78' lang='lat' dir='ltr'><strong>duxisse</strong></span> <span class='ocrx_word' id='word_1_609' title='bbox 2726 2048 3126 2109; x_wconf 90' lang='lat' dir='ltr'><strong>cursum,atque</strong></span> <span class='ocrx_word' id='word_1_610' title='bbox 3153 2050 3205 2077; x_wconf 66' lang='grc' dir='ltr'><strong>τε</strong></span> <span class='ocrx_word' id='word_1_611' title='bbox 3238 2040 3538 2094; x_wconf 90' lang='lat' dir='ltr'><strong>incendium</strong></span> <span class='ocrx_word' id='word_1_612' title='bbox 3559 2079 3576 2104; x_wconf 87' lang='lat'><strong>,</strong></span> 
     </span>
    </p>
   </div>
   <div class='ocr_carea' id='block_1_82' title="bbox 2002 2131 3578 2201">
    <p class='ocr_par' dir='ltr' id='par_1_82' title="bbox 2002 2131 3578 2201">
     <span class='ocr_line' id='line_1_82' title="bbox 2002 2131 3578 2201; baseline 0.002 -19"><span class='ocrx_word' id='word_1_613' title='bbox 2002 2132 2142 2201; x_wconf 89' lang='lat' dir='ltr'><strong>quod</strong></span> <span class='ocrx_word' id='word_1_614' title='bbox 2173 2140 2337 2185; x_wconf 91' lang='lat' dir='ltr'><strong>totam</strong></span> <span class='ocrx_word' id='word_1_615' title='bbox 2370 2132 2535 2200; x_wconf 85' lang='lat' dir='ltr'><strong>ipsius</strong></span> <span class='ocrx_word' id='word_1_616' title='bbox 2563 2131 2779 2185; x_wconf 90' lang='lat' dir='ltr'><strong>domum</strong></span> <span class='ocrx_word' id='word_1_617' title='bbox 2813 2133 3093 2185; x_wconf 78' lang='lat' dir='ltr'><strong>absumere</strong></span> <span class='ocrx_word' id='word_1_618' title='bbox 3133 2132 3428 2193; x_wconf 84' lang='lat' dir='ltr'><strong>videbatur,</strong></span> <span class='ocrx_word' id='word_1_619' title='bbox 3456 2140 3578 2185; x_wconf 87' lang='lat' dir='ltr'><strong>cum</strong></span> 
     </span>
    </p>
   </div>
   <div class='ocr_carea' id='block_1_83' title="bbox 2001 2223 3581 2286">
    <p class='ocr_par' dir='ltr' id='par_1_83' title="bbox 2001 2223 3581 2286">
     <span class='ocr_line' id='line_1_83' title="bbox 2001 2223 3581 2286; baseline -0.001 -7"><span class='ocrx_word' id='word_1_620' title='bbox 2001 2226 2236 2279; x_wconf 90' lang='lat' dir='ltr'><strong>stetisset</strong></span> <span class='ocrx_word' id='word_1_621' title='bbox 2276 2233 2469 2277; x_wconf 87' lang='lat' dir='ltr'><strong>ventus</strong></span> <span class='ocrx_word' id='word_1_622' title='bbox 2498 2224 2765 2286; x_wconf 86' lang='lat' dir='ltr'><strong>itmnotus,</strong></span> <span class='ocrx_word' id='word_1_623' title='bbox 2799 2232 2997 2277; x_wconf 88' lang='lat' dir='ltr'><strong>tectum</strong></span> <span class='ocrx_word' id='word_1_624' title='bbox 3019 2223 3294 2277; x_wconf 82' lang='lat' dir='ltr'><strong>dumtaxat</strong></span> <span class='ocrx_word' id='word_1_625' title='bbox 3314 2223 3581 2277; x_wconf 80' lang='lat' dir='ltr'><strong>mediocre</strong></span> 
     </span>
    </p>
   </div>
   <div class='ocr_carea' id='block_1_84' title="bbox 2002 2317 2315 2388">
    <p class='ocr_par' dir='ltr' id='par_1_84' title="bbox 2002 2317 2315 2388">
     <span class='ocr_line' id='line_1_84' title="bbox 2002 2317 2315 2388; baseline -0.006 -18"><span class='ocrx_word' id='word_1_626' title='bbox 2002 2317 2315 2388; x_wconf 87' lang='lat' dir='ltr'><strong>perarsisse.</strong></span> 
     </span>
    </p>
   </div>
   <div class='ocr_carea' id='block_1_85' title="bbox 2072 2402 3581 2475">
    <p class='ocr_par' dir='ltr' id='par_1_85' title="bbox 2072 2402 3581 2475">
     <span class='ocr_line' id='line_1_85' title="bbox 2072 2402 3581 2475; baseline -0.001 -16"><span class='ocrx_word' id='word_1_627' title='bbox 2072 2408 2122 2459; x_wconf 75' lang='lat'><strong>9..</strong></span> <span class='ocrx_word' id='word_1_628' title='bbox 2156 2407 2268 2461; x_wconf 88' lang='lat' dir='ltr'><strong>Hoc</strong></span> <span class='ocrx_word' id='word_1_629' title='bbox 2315 2406 2429 2475; x_wconf 89' lang='lat' dir='ltr'><strong>ipso</strong></span> <span class='ocrx_word' id='word_1_630' title='bbox 2472 2420 2611 2458; x_wconf 90' lang='lat' dir='ltr'><strong>anno</strong></span> <span class='ocrx_word' id='word_1_631' title='bbox 2644 2403 2895 2457; x_wconf 84' lang='lat' dir='ltr'><strong>Paulinus</strong></span> <span class='ocrx_word' id='word_1_632' title='bbox 2940 2404 3250 2471; x_wconf 82' lang='lat' dir='ltr'><strong>vigesimam</strong></span> <span class='ocrx_word' id='word_1_633' title='bbox 3300 2402 3581 2470; x_wconf 78' lang='lat' dir='ltr'><strong>septimam</strong></span> 
     </span>
    </p>
   </div>
   <div class='ocr_carea' id='block_1_86' title="bbox 2003 2494 3582 2568">
    <p class='ocr_par' dir='ltr' id='par_1_86' title="bbox 2003 2494 3582 2568">
     <span class='ocr_line' id='line_1_86' title="bbox 2003 2494 3582 2568; baseline -0.004 -16"><span class='ocrx_word' id='word_1_634' title='bbox 2003 2499 2283 2568; x_wconf 89' lang='lat' dir='ltr'><strong>epistolam</strong></span> <span class='ocrx_word' id='word_1_635' title='bbox 2311 2499 2542 2567; x_wconf 75' lang='lat' dir='ltr'><strong>Scripsit,</strong></span> <span class='ocrx_word' id='word_1_636' title='bbox 2567 2512 2671 2565; x_wconf 89' lang='lat' dir='ltr'><strong>qua</strong></span> <span class='ocrx_word' id='word_1_637' title='bbox 2698 2495 2752 2532; x_wconf 74' lang='grc' dir='ltr'><strong>δά</strong></span> <span class='ocrx_word' id='word_1_638' title='bbox 2786 2496 3023 2565; x_wconf 88' lang='lat' dir='ltr'><strong>pluribus</strong></span> <span class='ocrx_word' id='word_1_639' title='bbox 3062 2495 3245 2548; x_wconf 89' lang='lat' dir='ltr'><strong>Severi</strong></span> <span class='ocrx_word' id='word_1_640' title='bbox 3275 2494 3462 2547; x_wconf 91' lang='lat' dir='ltr'><strong>litteris</strong></span> <span class='ocrx_word' id='word_1_641' title='bbox 3492 2509 3582 2546; x_wconf 92' lang='lat' dir='ltr'><strong>re-</strong></span> 
     </span>
    </p>
   </div>
   <div class='ocr_carea' id='block_1_87' title="bbox 2003 2585 3581 2659">
    <p class='ocr_par' dir='ltr' id='par_1_87' title="bbox 2003 2585 3581 2659">
     <span class='ocr_line' id='line_1_87' title="bbox 2003 2585 3581 2659; baseline -0.005 -14"><span class='ocrx_word' id='word_1_642' title='bbox 2003 2590 2248 2659; x_wconf 86' lang='lat' dir='ltr'><strong>spondet,</strong></span> <span class='ocrx_word' id='word_1_643' title='bbox 2274 2590 2460 2644; x_wconf 91' lang='lat' dir='ltr'><strong>saltem</strong></span> <span class='ocrx_word' id='word_1_644' title='bbox 2482 2590 2704 2654; x_wconf 82' lang='lat' dir='ltr'><strong>duabus,</strong></span> <span class='ocrx_word' id='word_1_645' title='bbox 2720 2604 2943 2657; x_wconf 90' lang='lat' dir='ltr'><strong>quarum</strong></span> <span class='ocrx_word' id='word_1_646' title='bbox 2966 2589 3198 2657; x_wconf 83' lang='lat' dir='ltr'><strong>priorem</strong></span> <span class='ocrx_word' id='word_1_647' title='bbox 3223 2602 3250 2640; x_wconf 92' lang='lat' dir='ltr'><strong>a</strong></span> <span class='ocrx_word' id='word_1_648' title='bbox 3268 2596 3323 2624; x_wconf 69' lang='grc' dir='ltr'><strong>οε</strong></span> <span class='ocrx_word' id='word_1_649' title='bbox 3355 2585 3581 2639; x_wconf 82' lang='lat' dir='ltr'><strong>Posthu-</strong></span> 
     </span>
    </p>
   </div>
   <div class='ocr_carea' id='block_1_88' title="bbox 2005 2676 3583 2748">
    <p class='ocr_par' dir='ltr' id='par_1_88' title="bbox 2005 2676 3583 2748">
     <span class='ocr_line' id='line_1_88' title="bbox 2005 2676 3583 2748; baseline -0.003 -15"><span class='ocrx_word' id='word_1_650' title='bbox 2005 2682 2182 2734; x_wconf 89' lang='lat' dir='ltr'><strong>miano</strong></span> <span class='ocrx_word' id='word_1_651' title='bbox 2204 2680 2560 2748; x_wconf 89' lang='lat' dir='ltr'><strong>Theridioque</strong></span> <span class='ocrx_word' id='word_1_652' title='bbox 2589 2687 2889 2748; x_wconf 85' lang='lat' dir='ltr'><strong>acceperat,</strong></span> <span class='ocrx_word' id='word_1_653' title='bbox 2913 2679 3264 2747; x_wconf 85' lang='lat' dir='ltr'><strong>posteriorem</strong></span> <span class='ocrx_word' id='word_1_654' title='bbox 3294 2693 3323 2730; x_wconf 89' lang='lat' dir='ltr'><strong>a</strong></span> <span class='ocrx_word' id='word_1_655' title='bbox 3342 2676 3387 2713; x_wconf 69' lang='grc' dir='ltr'><strong>τί</strong></span> <span class='ocrx_word' id='word_1_656' title='bbox 3408 2676 3583 2730; x_wconf 87' lang='lat' dir='ltr'><strong>Soria-</strong></span> 
     </span>
    </p>
   </div>
   <div class='ocr_carea' id='block_1_89' title="bbox 2006 2769 3582 2839">
    <p class='ocr_par' dir='ltr' id='par_1_89' title="bbox 2006 2769 3582 2839">
     <span class='ocr_line' id='line_1_89' title="bbox 2006 2769 3582 2839; baseline -0.003 -13"><span class='ocrx_word' id='word_1_657' title='bbox 2006 2789 2077 2826; x_wconf 92' lang='lat' dir='ltr'><strong>no</strong></span> <span class='ocrx_word' id='word_1_658' title='bbox 2102 2782 2158 2825; x_wconf 91' lang='lat' dir='ltr'><strong>et</strong></span> <span class='ocrx_word' id='word_1_659' title='bbox 2189 2773 2388 2825; x_wconf 91' lang='lat' dir='ltr'><strong>Virino.</strong></span> <span class='ocrx_word' id='word_1_660' title='bbox 2418 2773 2655 2825; x_wconf 89' lang='lat' dir='ltr'><strong>Vidimus</strong></span> <span class='ocrx_word' id='word_1_661' title='bbox 2686 2781 2740 2819; x_wconf 72' lang='lat' dir='ltr'><strong>SS</strong></span> <span class='ocrx_word' id='word_1_662' title='bbox 2766 2772 2873 2839; x_wconf 91' lang='lat' dir='ltr'><strong>jam</strong></span> <span class='ocrx_word' id='word_1_663' title='bbox 2889 2770 3167 2823; x_wconf 89' lang='lat' dir='ltr'><strong>Paulinum</strong></span> <span class='ocrx_word' id='word_1_664' title='bbox 3196 2769 3582 2821; x_wconf 67' lang='lat' dir='ltr'><strong>Posthumiani)</strong></span> 
     </span>
    </p>
   </div>
   <div class='ocr_carea' id='block_1_90' title="bbox 2007 2857 3581 2931">
    <p class='ocr_par' dir='ltr' id='par_1_90' title="bbox 2007 2857 3581 2931">
     <span class='ocr_line' id='line_1_90' title="bbox 2007 2857 3581 2931; baseline -0.005 -13"><span class='ocrx_word' id='word_1_665' title='bbox 2007 2876 2061 2919; x_wconf 91' lang='lat' dir='ltr'><strong>ct</strong></span> <span class='ocrx_word' id='word_1_666' title='bbox 2080 2864 2330 2918; x_wconf 88' lang='lat' dir='ltr'><strong>Thcridio</strong></span> <span class='ocrx_word' id='word_1_667' title='bbox 2353 2865 2403 2917; x_wconf 91' lang='lat' dir='ltr'><strong>in</strong></span> <span class='ocrx_word' id='word_1_668' title='bbox 2424 2863 2623 2916; x_wconf 89' lang='lat' dir='ltr'><strong>Gallias</strong></span> <span class='ocrx_word' id='word_1_669' title='bbox 2637 2861 3093 2931; x_wconf 85' lang='lat' dir='ltr'><strong>proficiscentibus</strong></span> <span class='ocrx_word' id='word_1_670' title='bbox 3117 2857 3581 2913; x_wconf 67' lang='lat' dir='ltr'><strong>lllﬂndaViSSCM’Ul</strong></span> 
     </span>
    </p>
   </div>
   <div class='ocr_carea' id='block_1_91' title="bbox 2009 2957 3581 3028">
    <p class='ocr_par' dir='ltr' id='par_1_91' title="bbox 2009 2957 3581 3028">
     <span class='ocr_line' id='line_1_91' title="bbox 2009 2957 3581 3028; baseline -0.008 -13"><span class='ocrx_word' id='word_1_671' title='bbox 2009 2964 2076 3017; x_wconf 90' lang='lat' dir='ltr'><strong>ad</strong></span> <span class='ocrx_word' id='word_1_672' title='bbox 2105 2961 2286 3015; x_wconf 90' lang='lat' dir='ltr'><strong>Severi</strong></span> <span class='ocrx_word' id='word_1_673' title='bbox 2335 2966 2683 3028; x_wconf 89' lang='lat' dir='ltr'><strong>conspectum</strong></span> <span class='ocrx_word' id='word_1_674' title='bbox 2736 2957 3180 3025; x_wconf 81' lang='lat' dir='ltr'><strong>complexumque</strong></span> <span class='ocrx_word' id='word_1_675' title='bbox 3209 2961 3581 3021; x_wconf 81' lang='lat' dir='ltr'><strong>properarent,</strong></span> 
     </span>
    </p>
   </div>
   <div class='ocr_carea' id='block_1_92' title="bbox 2010 3042 3582 3120">
    <p class='ocr_par' dir='ltr' id='par_1_92' title="bbox 2010 3042 3582 3120">
     <span class='ocr_line' id='line_1_92' title="bbox 2010 3042 3582 3120; baseline -0.008 -14"><span class='ocrx_word' id='word_1_676' title='bbox 2010 3066 2238 3120; x_wconf 92' lang='lat' dir='ltr'><strong>eumque</strong></span> <span class='ocrx_word' id='word_1_677' title='bbox 2263 3063 2585 3117; x_wconf 81' lang='lat' dir='ltr'><strong>cognoscere</strong></span> <span class='ocrx_word' id='word_1_678' title='bbox 2626 3046 2871 3100; x_wconf 90' lang='lat' dir='ltr'><strong>omnibus</strong></span> <span class='ocrx_word' id='word_1_679' title='bbox 2901 3046 2951 3098; x_wconf 93' lang='lat' dir='ltr'><strong>in</strong></span> <span class='ocrx_word' id='word_1_680' title='bbox 2978 3046 3145 3114; x_wconf 87' lang='lat' dir='ltr'><strong>patria</strong></span> <span class='ocrx_word' id='word_1_681' title='bbox 3174 3043 3334 3096; x_wconf 89' lang='lat' dir='ltr'><strong>rebus</strong></span> <span class='ocrx_word' id='word_1_682' title='bbox 3363 3048 3416 3093; x_wconf 87' lang='lat' dir='ltr'><strong>et</strong></span> <span class='ocrx_word' id='word_1_683' title='bbox 3441 3042 3582 3095; x_wconf 88' lang='lat' dir='ltr'><strong>euris</strong></span> 
     </span>
    </p>
   </div>
   <div class='ocr_carea' id='block_1_93' title="bbox 2008 3131 3582 3205">
    <p class='ocr_par' dir='ltr' id='par_1_93' title="bbox 2008 3131 3582 3205">
     <span class='ocr_line' id='line_1_93' title="bbox 2008 3131 3582 3205; baseline -0.008 -9"><span class='ocrx_word' id='word_1_684' title='bbox 2008 3143 2119 3197; x_wconf 90' lang='lat' dir='ltr'><strong>suis</strong></span> <span class='ocrx_word' id='word_1_685' title='bbox 2165 3140 2490 3194; x_wconf 88' lang='lat' dir='ltr'><strong>anteferrent</strong></span> <span class='ocrx_word' id='word_1_686' title='bbox 2520 3157 2532 3191; x_wconf 88' lang='lat'><strong>:</strong></span> <span class='ocrx_word' id='word_1_687' title='bbox 2562 3138 2722 3205; x_wconf 88' lang='lat' dir='ltr'><strong>jussis</strong></span> <span class='ocrx_word' id='word_1_688' title='bbox 2772 3150 3016 3205; x_wconf 91' lang='lat' dir='ltr'><strong>paruere.</strong></span> <span class='ocrx_word' id='word_1_689' title='bbox 3074 3133 3188 3186; x_wconf 88' lang='lat' dir='ltr'><strong>Non</strong></span> <span class='ocrx_word' id='word_1_690' title='bbox 3244 3131 3582 3186; x_wconf 88' lang='lat' dir='ltr'><strong>mediocriter</strong></span> 
     </span>
    </p>
   </div>
   <div class='ocr_carea' id='block_1_94' title="bbox 2016 3222 3583 3298">
    <p class='ocr_par' dir='ltr' id='par_1_94' title="bbox 2016 3222 3583 3298">
     <span class='ocr_line' id='line_1_94' title="bbox 2016 3222 3583 3298; baseline -0.008 -13"><span class='ocrx_word' id='word_1_691' title='bbox 2016 3232 2061 3270; x_wconf 76' lang='grc' dir='ltr'><strong>ίί</strong></span> <span class='ocrx_word' id='word_1_692' title='bbox 2083 3230 2536 3298; x_wconf 68' lang='grc' dir='ltr'><strong>Ιίειίιιίευηιίιυοᾱ</strong></span> <span class='ocrx_word' id='word_1_693' title='bbox 2557 3227 2762 3281; x_wconf 86' lang='lat' dir='ltr'><strong>Paulini</strong></span> <span class='ocrx_word' id='word_1_694' title='bbox 2790 3225 3024 3280; x_wconf 88' lang='lat' dir='ltr'><strong>consiliis</strong></span> <span class='ocrx_word' id='word_1_695' title='bbox 3045 3222 3391 3277; x_wconf 72' lang='lat' dir='ltr'><strong>adlimsissent</strong></span> <span class='ocrx_word' id='word_1_696' title='bbox 3423 3239 3433 3272; x_wconf 91' lang='lat'><strong>:</strong></span> <span class='ocrx_word' id='word_1_697' title='bbox 3461 3236 3583 3273; x_wconf 91' lang='lat' dir='ltr'><strong>nam</strong></span> 
     </span>
    </p>
   </div>
   <div class='ocr_carea' id='block_1_95' title="bbox 2009 3311 3585 3390">
    <p class='ocr_par' dir='ltr' id='par_1_95' title="bbox 2009 3311 3585 3390">
     <span class='ocr_line' id='line_1_95' title="bbox 2009 3311 3585 3390; baseline -0.009 -13"><span class='ocrx_word' id='word_1_698' title='bbox 2009 3340 2039 3377; x_wconf 92' lang='lat' dir='ltr'><strong>a</strong></span> <span class='ocrx_word' id='word_1_699' title='bbox 2066 3322 2266 3377; x_wconf 91' lang='lat' dir='ltr'><strong>Severo</strong></span> <span class='ocrx_word' id='word_1_700' title='bbox 2296 3322 2397 3390; x_wconf 79' lang='lat'><strong>71</strong></span> <span class='ocrx_word' id='word_1_701' title='bbox 2430 3320 2608 3373; x_wconf 89' lang='lat' dir='ltr'><strong>omnia</strong></span> <span class='ocrx_word' id='word_1_702' title='bbox 2657 3332 2875 3372; x_wconf 82' lang='lat' dir='ltr'><strong>summae</strong></span> <span class='ocrx_word' id='word_1_703' title='bbox 2905 3316 3115 3369; x_wconf 86' lang='lat' dir='ltr'><strong>virtutis</strong></span> <span class='ocrx_word' id='word_1_704' title='bbox 3146 3329 3209 3367; x_wconf 87' lang='lat' dir='ltr'><strong>ac</strong></span> <span class='ocrx_word' id='word_1_705' title='bbox 3235 3311 3585 3366; x_wconf 83' lang='lat' dir='ltr'><strong>necessitudi-</strong></span> 
     </span>
    </p>
   </div>
   <div class='ocr_carea' id='block_1_96' title="bbox 2010 3404 3584 3479">
    <p class='ocr_par' dir='ltr' id='par_1_96' title="bbox 2010 3404 3584 3479">
     <span class='ocr_line' id='line_1_96' title="bbox 2010 3404 3584 3479; baseline -0.009 -12"><span class='ocrx_word' id='word_1_706' title='bbox 2010 3415 2091 3467; x_wconf 92' lang='lat' dir='ltr'><strong>nis</strong></span> <span class='ocrx_word' id='word_1_707' title='bbox 2120 3412 2294 3467; x_wconf 85' lang='lat' dir='ltr'><strong>oflicia</strong></span> <span class='ocrx_word' id='word_1_708' title='bbox 2344 3418 2692 3479; x_wconf 80' lang='lat' dir='ltr'><strong>exceperunt,</strong></span> <span class='ocrx_word' id='word_1_709' title='bbox 2723 3416 2777 3460; x_wconf 87' lang='lat' dir='ltr'><strong>et</strong></span> <span class='ocrx_word' id='word_1_710' title='bbox 2818 3407 2979 3460; x_wconf 89' lang='lat' dir='ltr'><strong>etiam</strong></span> <span class='ocrx_word' id='word_1_711' title='bbox 3034 3406 3085 3458; x_wconf 94' lang='lat' dir='ltr'><strong>in</strong></span> <span class='ocrx_word' id='word_1_712' title='bbox 3131 3420 3196 3458; x_wconf 91' lang='lat' dir='ltr'><strong>eo</strong></span> <span class='ocrx_word' id='word_1_713' title='bbox 3241 3404 3393 3473; x_wconf 92' lang='lat' dir='ltr'><strong>plura</strong></span> <span class='ocrx_word' id='word_1_714' title='bbox 3423 3416 3584 3469; x_wconf 87' lang='lat' dir='ltr'><strong>quam</strong></span> 
     </span>
    </p>
   </div>
   <div class='ocr_carea' id='block_1_97' title="bbox 2009 3493 3587 3574">
    <p class='ocr_par' dir='ltr' id='par_1_97' title="bbox 2009 3493 3587 3574">
     <span class='ocr_line' id='line_1_97' title="bbox 2009 3493 3587 3574; baseline -0.008 -16"><span class='ocrx_word' id='word_1_715' title='bbox 2009 3512 2423 3574; x_wconf 70' lang='lat' dir='ltr'><strong>praesumserant</strong></span> <span class='ocrx_word' id='word_1_716' title='bbox 2448 3502 2763 3554; x_wconf 90' lang='lat' dir='ltr'><strong>invenerunt</strong></span> <span class='ocrx_word' id='word_1_717' title='bbox 2784 3500 2943 3551; x_wconf 91' lang='lat' dir='ltr'><strong>bona.</strong></span> <span class='ocrx_word' id='word_1_718' title='bbox 2974 3496 3203 3548; x_wconf 84' lang='lat' dir='ltr'><strong>Severus</strong></span> <span class='ocrx_word' id='word_1_719' title='bbox 3231 3497 3436 3545; x_wconf 71' lang='lat' dir='ltr'><strong>autem!</strong></span> <span class='ocrx_word' id='word_1_720' title='bbox 3456 3493 3468 3539; x_wconf 84' lang='lat' dir='ltr'><strong>i</strong></span> <span class='ocrx_word' id='word_1_721' title='bbox 3490 3507 3587 3546; x_wconf 89' lang='lat' dir='ltr'><strong>eos</strong></span> 
     </span>
    </p>
   </div>
   <div class='ocr_carea' id='block_1_98' title="bbox 2012 3585 3585 3666">
    <p class='ocr_par' dir='ltr' id='par_1_98' title="bbox 2012 3585 3585 3666">
     <span class='ocr_line' id='line_1_98' title="bbox 2012 3585 3585 3666; baseline -0.01 -14"><span class='ocrx_word' id='word_1_722' title='bbox 2012 3607 2071 3652; x_wconf 92' lang='lat' dir='ltr'><strong>ut</strong></span> <span class='ocrx_word' id='word_1_723' title='bbox 2094 3596 2522 3666; x_wconf 78' lang='lat' dir='ltr'><strong>religiosissimos</strong></span> <span class='ocrx_word' id='word_1_724' title='bbox 2550 3591 2796 3662; x_wconf 78' lang='lat' dir='ltr'><strong>probavit</strong></span> <span class='ocrx_word' id='word_1_725' title='bbox 2816 3598 2868 3644; x_wconf 91' lang='lat' dir='ltr'><strong>et</strong></span> <span class='ocrx_word' id='word_1_726' title='bbox 2894 3588 3213 3643; x_wconf 60' lang='lat' dir='ltr'><strong>carissimos.</strong></span> <span class='ocrx_word' id='word_1_727' title='bbox 3242 3585 3305 3638; x_wconf 89' lang='lat' dir='ltr'><strong>Et</strong></span> <span class='ocrx_word' id='word_1_728' title='bbox 3326 3592 3585 3652; x_wconf 77' lang='lat' dir='ltr'><strong>pra-terea</strong></span> 
     </span>
    </p>
   </div>
   <div class='ocr_carea' id='block_1_99' title="bbox 2008 3674 3584 3750">
    <p class='ocr_par' dir='ltr' id='par_1_99' title="bbox 2008 3674 3584 3750">
     <span class='ocr_line' id='line_1_99' title="bbox 2008 3674 3584 3750; baseline -0.01 -7"><span class='ocrx_word' id='word_1_729' title='bbox 2008 3706 2076 3745; x_wconf 78' lang='lat' dir='ltr'><strong>ex</strong></span> <span class='ocrx_word' id='word_1_730' title='bbox 2127 3687 2308 3741; x_wconf 89' lang='lat' dir='ltr'><strong>Severi</strong></span> <span class='ocrx_word' id='word_1_731' title='bbox 2364 3684 2591 3750; x_wconf 79' lang='lat' dir='ltr'><strong>dialogis</strong></span> <span class='ocrx_word' id='word_1_732' title='bbox 2645 3683 2808 3749; x_wconf 90' lang='lat' dir='ltr'><strong>liquet</strong></span> <span class='ocrx_word' id='word_1_733' title='bbox 2836 3687 3034 3747; x_wconf 86' lang='lat' dir='ltr'><strong>quanta</strong></span> <span class='ocrx_word' id='word_1_734' title='bbox 3092 3674 3481 3729; x_wconf 89' lang='lat' dir='ltr'><strong>necessitudine</strong></span> <span class='ocrx_word' id='word_1_735' title='bbox 3530 3682 3584 3727; x_wconf 90' lang='lat' dir='ltr'><strong>et</strong></span> 
     </span>
    </p>
   </div>
   <div class='ocr_carea' id='block_1_100' title="bbox 2009 3764 3581 3845">
    <p class='ocr_par' dir='ltr' id='par_1_100' title="bbox 2009 3764 3581 3845">
     <span class='ocr_line' id='line_1_100' title="bbox 2009 3764 3581 3845; baseline -0.011 -11"><span class='ocrx_word' id='word_1_736' title='bbox 2009 3780 2243 3834; x_wconf 88' lang='lat' dir='ltr'><strong>amicitia</strong></span> <span class='ocrx_word' id='word_1_737' title='bbox 2270 3775 2439 3845; x_wconf 90' lang='lat' dir='ltr'><strong>juncti</strong></span> <span class='ocrx_word' id='word_1_738' title='bbox 2472 3781 2650 3826; x_wconf 89' lang='lat' dir='ltr'><strong>essent</strong></span> <span class='ocrx_word' id='word_1_739' title='bbox 2674 3772 2905 3825; x_wconf 89' lang='lat' dir='ltr'><strong>Severus</strong></span> <span class='ocrx_word' id='word_1_740' title='bbox 2933 3769 3044 3837; x_wconf 91' lang='lat' dir='ltr'><strong>ipse</strong></span> <span class='ocrx_word' id='word_1_741' title='bbox 3073 3775 3127 3823; x_wconf 90' lang='lat' dir='ltr'><strong>et</strong></span> <span class='ocrx_word' id='word_1_742' title='bbox 3151 3764 3581 3819; x_wconf 90' lang='lat' dir='ltr'><strong>Posthumianus.</strong></span> 
     </span>
    </p>
   </div>
   <div class='ocr_carea' id='block_1_101' title="bbox 2010 3856 3586 3930">
    <p class='ocr_par' dir='ltr' id='par_1_101' title="bbox 2010 3856 3586 3930">
     <span class='ocr_line' id='line_1_101' title="bbox 2010 3856 3586 3930; baseline -0.008 -7"><span class='ocrx_word' id='word_1_743' title='bbox 2010 3870 2199 3924; x_wconf 84' lang='lat' dir='ltr'><strong>Nescio</strong></span> <span class='ocrx_word' id='word_1_744' title='bbox 2228 3882 2295 3919; x_wconf 92' lang='lat' dir='ltr'><strong>an</strong></span> <span class='ocrx_word' id='word_1_745' title='bbox 2336 3864 2611 3929; x_wconf 89' lang='lat' dir='ltr'><strong>Paulinus,</strong></span> <span class='ocrx_word' id='word_1_746' title='bbox 2640 3863 2730 3930; x_wconf 92' lang='lat' dir='ltr'><strong>qui</strong></span> <span class='ocrx_word' id='word_1_747' title='bbox 2778 3876 2871 3914; x_wconf 90' lang='lat' dir='ltr'><strong>eos</strong></span> <span class='ocrx_word' id='word_1_748' title='bbox 2917 3860 3119 3928; x_wconf 89' lang='lat' dir='ltr'><strong>primus</strong></span> <span class='ocrx_word' id='word_1_749' title='bbox 3149 3858 3472 3921; x_wconf 86' lang='lat' dir='ltr'><strong>obtinuerat,</strong></span> <span class='ocrx_word' id='word_1_750' title='bbox 3504 3856 3586 3910; x_wconf 86' lang='lat' dir='ltr'><strong>eis</strong></span> 
     </span>
    </p>
   </div>
   <div class='ocr_carea' id='block_1_102' title="bbox 2006 3946 3584 4028">
    <p class='ocr_par' dir='ltr' id='par_1_102' title="bbox 2006 3946 3584 4028">
     <span class='ocr_line' id='line_1_102' title="bbox 2006 3946 3584 4028; baseline -0.012 -12"><span class='ocrx_word' id='word_1_751' title='bbox 2006 3958 2317 4028; x_wconf 81' lang='lat' dir='ltr'><strong>significarit</strong></span> <span class='ocrx_word' id='word_1_752' title='bbox 2344 3972 2401 4009; x_wconf 92' lang='lat' dir='ltr'><strong>se</strong></span> <span class='ocrx_word' id='word_1_753' title='bbox 2426 3955 2634 4008; x_wconf 92' lang='lat' dir='ltr'><strong>illorum</strong></span> <span class='ocrx_word' id='word_1_754' title='bbox 2665 3951 2929 4006; x_wconf 88' lang='lat' dir='ltr'><strong>desiderio</strong></span> <span class='ocrx_word' id='word_1_755' title='bbox 2974 3950 3163 4003; x_wconf 89' lang='lat' dir='ltr'><strong>iterum</strong></span> <span class='ocrx_word' id='word_1_756' title='bbox 3214 3946 3383 4001; x_wconf 87' lang='lat' dir='ltr'><strong>teneri</strong></span> <span class='ocrx_word' id='word_1_757' title='bbox 3417 3962 3584 4000; x_wconf 69' lang='lat' dir='ltr'><strong>:con~</strong></span> 
     </span>
    </p>
   </div>
   <div class='ocr_carea' id='block_1_103' title="bbox 2007 4034 3579 4105">
    <p class='ocr_par' dir='ltr' id='par_1_103' title="bbox 2007 4034 3579 4105">
     <span class='ocr_line' id='line_1_103' title="bbox 2007 4034 3579 4105; baseline -0.011 -1"><span class='ocrx_word' id='word_1_758' title='bbox 2007 4059 2114 4105; x_wconf 91' lang='lat' dir='ltr'><strong>stat</strong></span> <span class='ocrx_word' id='word_1_759' title='bbox 2140 4050 2259 4102; x_wconf 89' lang='lat' dir='ltr'><strong>illos</strong></span> <span class='ocrx_word' id='word_1_760' title='bbox 2282 4046 2338 4084; x_wconf 66' lang='grc' dir='ltr'><strong>ιιι</strong></span> <span class='ocrx_word' id='word_1_761' title='bbox 2360 4043 2594 4099; x_wconf 88' lang='lat' dir='ltr'><strong>secundo</strong></span> <span class='ocrx_word' id='word_1_762' title='bbox 2622 4056 2744 4097; x_wconf 93' lang='lat' dir='ltr'><strong>eum</strong></span> <span class='ocrx_word' id='word_1_763' title='bbox 2772 4040 3116 4103; x_wconf 90' lang='lat' dir='ltr'><strong>convenisse,</strong></span> <span class='ocrx_word' id='word_1_764' title='bbox 3149 4046 3203 4092; x_wconf 91' lang='lat' dir='ltr'><strong>et</strong></span> <span class='ocrx_word' id='word_1_765' title='bbox 3232 4053 3262 4090; x_wconf 91' lang='lat' dir='ltr'><strong>a</strong></span> <span class='ocrx_word' id='word_1_766' title='bbox 3300 4036 3501 4089; x_wconf 86' lang='lat' dir='ltr'><strong>Severo</strong></span> <span class='ocrx_word' id='word_1_767' title='bbox 3532 4034 3579 4072; x_wconf 80' lang='grc' dir='ltr'>ιι</span> 
     </span>
    </p>
   </div>
   <div class='ocr_carea' id='block_1_104' title="bbox 2008 4125 3586 4202">
    <p class='ocr_par' dir='ltr' id='par_1_104' title="bbox 2008 4125 3586 4202">
     <span class='ocr_line' id='line_1_104' title="bbox 2008 4125 3586 4202; baseline -0.011 -6"><span class='ocrx_word' id='word_1_768' title='bbox 2008 4144 2211 4196; x_wconf 89' lang='lat' dir='ltr'><strong>litteras</strong></span> <span class='ocrx_word' id='word_1_769' title='bbox 2232 4139 2281 4192; x_wconf 90' lang='lat' dir='ltr'><strong>ei</strong></span> <span class='ocrx_word' id='word_1_770' title='bbox 2310 4136 2571 4202; x_wconf 84' lang='lat' dir='ltr'><strong>attulisse,</strong></span> <span class='ocrx_word' id='word_1_771' title='bbox 2599 4134 2649 4187; x_wconf 90' lang='lat' dir='ltr'><strong>in</strong></span> <span class='ocrx_word' id='word_1_772' title='bbox 2680 4132 2869 4201; x_wconf 89' lang='lat' dir='ltr'><strong>quibus</strong></span> <span class='ocrx_word' id='word_1_773' title='bbox 2899 4128 3268 4199; x_wconf 79' lang='lat' dir='ltr'><strong>expostulabat</strong></span> <span class='ocrx_word' id='word_1_774' title='bbox 3307 4142 3425 4181; x_wconf 88' lang='lat' dir='ltr'><strong>cum</strong></span> <span class='ocrx_word' id='word_1_775' title='bbox 3450 4125 3586 4179; x_wconf 88' lang='lat' dir='ltr'><strong>Pau-</strong></span> 
     </span>
    </p>
   </div>
   <div class='ocr_carea' id='block_1_105' title="bbox 2009 4217 3586 4298">
    <p class='ocr_par' dir='ltr' id='par_1_105' title="bbox 2009 4217 3586 4298">
     <span class='ocr_line' id='line_1_105' title="bbox 2009 4217 3586 4298; baseline -0.01 -13"><span class='ocrx_word' id='word_1_776' title='bbox 2009 4233 2118 4285; x_wconf 88' lang='lat' dir='ltr'><strong>liuo</strong></span> <span class='ocrx_word' id='word_1_777' title='bbox 2157 4227 2302 4298; x_wconf 90' lang='lat' dir='ltr'><strong>quod</strong></span> <span class='ocrx_word' id='word_1_778' title='bbox 2332 4228 2399 4279; x_wconf 90' lang='lat' dir='ltr'><strong>ab</strong></span> <span class='ocrx_word' id='word_1_779' title='bbox 2449 4226 2562 4293; x_wconf 89' lang='lat' dir='ltr'><strong>ipso</strong></span> <span class='ocrx_word' id='word_1_780' title='bbox 2593 4224 2711 4276; x_wconf 85' lang='lat' dir='ltr'><strong>illos</strong></span> <span class='ocrx_word' id='word_1_781' title='bbox 2757 4220 3085 4286; x_wconf 81' lang='lat' dir='ltr'><strong>abduxisset,</strong></span> <span class='ocrx_word' id='word_1_782' title='bbox 3110 4226 3164 4271; x_wconf 93' lang='lat' dir='ltr'><strong>et</strong></span> <span class='ocrx_word' id='word_1_783' title='bbox 3194 4219 3364 4287; x_wconf 90' lang='lat' dir='ltr'><strong>ipsum</strong></span> <span class='ocrx_word' id='word_1_784' title='bbox 3412 4217 3586 4270; x_wconf 89' lang='lat' dir='ltr'><strong>solum</strong></span> 
     </span>
    </p>
   </div>
   <div class='ocr_carea' id='block_1_106' title="bbox 2011 4306 3590 4388">
    <p class='ocr_par' dir='ltr' id='par_1_106' title="bbox 2011 4306 3590 4388">
     <span class='ocr_line' id='line_1_106' title="bbox 2011 4306 3590 4388; baseline -0.009 -14"><span class='ocrx_word' id='word_1_785' title='bbox 2011 4319 2367 4388; x_wconf 90' lang='lat' dir='ltr'><strong>reliquissent.</strong></span> <span class='ocrx_word' id='word_1_786' title='bbox 2400 4313 2589 4368; x_wconf 88' lang='lat' dir='ltr'><strong>Paucis</strong></span> <span class='ocrx_word' id='word_1_787' title='bbox 2644 4320 2765 4381; x_wconf 91' lang='lat' dir='ltr'><strong>post</strong></span> <span class='ocrx_word' id='word_1_788' title='bbox 2795 4310 2980 4363; x_wconf 88' lang='lat' dir='ltr'><strong>diebus</strong></span> <span class='ocrx_word' id='word_1_789' title='bbox 3004 4319 3083 4343; x_wconf 76' lang='lat' dir='ltr'><strong>mm</strong></span> <span class='ocrx_word' id='word_1_790' title='bbox 3116 4306 3483 4361; x_wconf 89' lang='lat' dir='ltr'><strong>Posthumiani</strong></span> <span class='ocrx_word' id='word_1_791' title='bbox 3533 4314 3590 4360; x_wconf 94' lang='lat' dir='ltr'><strong>et</strong></span> 
     </span>
    </p>
   </div>
   <div class='ocr_carea' id='block_1_107' title="bbox 2012 4397 3589 4464">
    <p class='ocr_par' dir='ltr' id='par_1_107' title="bbox 2012 4397 3589 4464">
     <span class='ocr_line' id='line_1_107' title="bbox 2012 4397 3589 4464; baseline -0.009 0"><span class='ocrx_word' id='word_1_792' title='bbox 2012 4409 2246 4464; x_wconf 84' lang='lat' dir='ltr'><strong>&#39;l&#39;heridii</strong></span> <span class='ocrx_word' id='word_1_793' title='bbox 2290 4407 2518 4460; x_wconf 88' lang='lat' dir='ltr'><strong>reditum</strong></span> <span class='ocrx_word' id='word_1_794' title='bbox 2566 4411 2884 4457; x_wconf 89' lang='lat' dir='ltr'><strong>consecutus</strong></span> <span class='ocrx_word' id='word_1_795' title='bbox 2927 4407 3009 4453; x_wconf 88' lang='lat' dir='ltr'><strong>est</strong></span> <span class='ocrx_word' id='word_1_796' title='bbox 3056 4399 3313 4451; x_wconf 89' lang='lat' dir='ltr'><strong>adventus</strong></span> <span class='ocrx_word' id='word_1_797' title='bbox 3358 4397 3589 4450; x_wconf 92' lang='lat' dir='ltr'><strong>aliorum</strong></span> 
     </span>
    </p>
   </div>
   <div class='ocr_carea' id='block_1_108' title="bbox 2010 4488 3587 4561">
    <p class='ocr_par' dir='ltr' id='par_1_108' title="bbox 2010 4488 3587 4561">
     <span class='ocr_line' id='line_1_108' title="bbox 2010 4488 3587 4561; baseline -0.013 0"><span class='ocrx_word' id='word_1_798' title='bbox 2010 4507 2233 4561; x_wconf 88' lang='lat' dir='ltr'><strong>fratrum</strong></span> <span class='ocrx_word' id='word_1_799' title='bbox 2275 4500 2445 4555; x_wconf 89' lang='lat' dir='ltr'><strong>Virini</strong></span> <span class='ocrx_word' id='word_1_800' title='bbox 2472 4508 2526 4552; x_wconf 90' lang='lat' dir='ltr'><strong>et</strong></span> <span class='ocrx_word' id='word_1_801' title='bbox 2553 4495 2766 4550; x_wconf 91' lang='lat' dir='ltr'><strong>Soriani</strong></span> <span class='ocrx_word' id='word_1_802' title='bbox 2788 4536 2803 4559; x_wconf 92' lang='lat'><strong>,</strong></span> <span class='ocrx_word' id='word_1_803' title='bbox 2832 4493 2922 4560; x_wconf 91' lang='lat' dir='ltr'><strong>qui</strong></span> <span class='ocrx_word' id='word_1_804' title='bbox 2946 4508 2975 4544; x_wconf 91' lang='lat' dir='ltr'><strong>a</strong></span> <span class='ocrx_word' id='word_1_805' title='bbox 3005 4490 3205 4543; x_wconf 72' lang='lat' dir='ltr'><strong>Severo</strong></span> <span class='ocrx_word' id='word_1_806' title='bbox 3254 4489 3508 4556; x_wconf 87' lang='lat' dir='ltr'><strong>epistolas</strong></span> <span class='ocrx_word' id='word_1_807' title='bbox 3536 4488 3587 4542; x_wconf 90' lang='lat' dir='ltr'><strong>ci</strong></span> 
     </span>
    </p>
   </div>
   <div class='ocr_carea' id='block_1_109' title="bbox 2011 4580 3588 4653">
    <p class='ocr_par' dir='ltr' id='par_1_109' title="bbox 2011 4580 3588 4653">
     <span class='ocr_line' id='line_1_109' title="bbox 2011 4580 3588 4653; baseline -0.013 -1"><span class='ocrx_word' id='word_1_808' title='bbox 2011 4597 2173 4653; x_wconf 87' lang='lat' dir='ltr'><strong>etiam</strong></span> <span class='ocrx_word' id='word_1_809' title='bbox 2196 4591 2411 4645; x_wconf 88' lang='lat' dir='ltr'><strong>dedere.</strong></span> <span class='ocrx_word' id='word_1_810' title='bbox 2438 4588 2494 4641; x_wconf 93' lang='lat' dir='ltr'><strong>In</strong></span> <span class='ocrx_word' id='word_1_811' title='bbox 2542 4585 2795 4653; x_wconf 79' lang='lat' dir='ltr'><strong>vigesima</strong></span> <span class='ocrx_word' id='word_1_812' title='bbox 2826 4583 3051 4651; x_wconf 89' lang='lat' dir='ltr'><strong>septima</strong></span> <span class='ocrx_word' id='word_1_813' title='bbox 3091 4581 3316 4649; x_wconf 78' lang='lat' dir='ltr'><strong>epistola</strong></span> <span class='ocrx_word' id='word_1_814' title='bbox 3345 4580 3426 4632; x_wconf 88' lang='lat' dir='ltr'><strong>his</strong></span> <span class='ocrx_word' id='word_1_815' title='bbox 3466 4595 3588 4632; x_wconf 87' lang='lat' dir='ltr'><strong>om—</strong></span> 
     </span>
    </p>
   </div>
   <div class='ocr_carea' id='block_1_110' title="bbox 2010 4667 3592 4747">
    <p class='ocr_par' dir='ltr' id='par_1_110' title="bbox 2010 4667 3592 4747">
     <span class='ocr_line' id='line_1_110' title="bbox 2010 4667 3592 4747; baseline -0.012 -8"><span class='ocrx_word' id='word_1_816' title='bbox 2010 4685 2167 4738; x_wconf 90' lang='lat' dir='ltr'><strong>nibus</strong></span> <span class='ocrx_word' id='word_1_817' title='bbox 2216 4697 2275 4735; x_wconf 90' lang='lat' dir='ltr'><strong>se</strong></span> <span class='ocrx_word' id='word_1_818' title='bbox 2313 4690 2692 4747; x_wconf 88' lang='lat' dir='ltr'><strong>responsurum</strong></span> <span class='ocrx_word' id='word_1_819' title='bbox 2724 4672 3023 4741; x_wconf 84' lang='lat' dir='ltr'><strong>pollicetur,</strong></span> <span class='ocrx_word' id='word_1_820' title='bbox 3055 4668 3148 4722; x_wconf 88' lang='lat' dir='ltr'><strong>sed</strong></span> <span class='ocrx_word' id='word_1_821' title='bbox 3196 4684 3294 4720; x_wconf 87' lang='lat' dir='ltr'><strong>nec</strong></span> <span class='ocrx_word' id='word_1_822' title='bbox 3342 4667 3592 4720; x_wconf 85' lang='lat' dir='ltr'><strong>omnibus</strong></span> 
     </span>
    </p>
   </div>
   <div class='ocr_carea' id='block_1_111' title="bbox 2011 4758 3591 4839">
    <p class='ocr_par' dir='ltr' id='par_1_111' title="bbox 2011 4758 3591 4839">
     <span class='ocr_line' id='line_1_111' title="bbox 2011 4758 3591 4839; baseline -0.011 -10"><span class='ocrx_word' id='word_1_823' title='bbox 2011 4774 2195 4829; x_wconf 90' lang='lat' dir='ltr'><strong>Severi</strong></span> <span class='ocrx_word' id='word_1_824' title='bbox 2226 4772 2277 4824; x_wconf 93' lang='lat' dir='ltr'><strong>in</strong></span> <span class='ocrx_word' id='word_1_825' title='bbox 2317 4768 2480 4839; x_wconf 89' lang='lat' dir='ltr'><strong>priori</strong></span> <span class='ocrx_word' id='word_1_826' title='bbox 2536 4764 2764 4834; x_wconf 90' lang='lat' dir='ltr'><strong>epistola</strong></span> <span class='ocrx_word' id='word_1_827' title='bbox 2815 4760 3050 4830; x_wconf 90' lang='lat' dir='ltr'><strong>querelis</strong></span> <span class='ocrx_word' id='word_1_828' title='bbox 3094 4758 3379 4821; x_wconf 73' lang='lat' dir='ltr'><strong>satisfacit;</strong></span> <span class='ocrx_word' id='word_1_829' title='bbox 3409 4758 3591 4827; x_wconf 89' lang='lat' dir='ltr'><strong>itaque</strong></span> 
     </span>
    </p>
   </div>
   <div class='ocr_carea' id='block_1_112' title="bbox 2014 4851 3590 4921">
    <p class='ocr_par' dir='ltr' id='par_1_112' title="bbox 2014 4851 3590 4921">
     <span class='ocr_line' id='line_1_112' title="bbox 2014 4851 3590 4921; baseline -0.012 0"><span class='ocrx_word' id='word_1_830' title='bbox 2014 4867 2178 4921; x_wconf 89' lang='lat' dir='ltr'><strong>multa</strong></span> <span class='ocrx_word' id='word_1_831' title='bbox 2209 4862 2451 4916; x_wconf 88' lang='lat' dir='ltr'><strong>videntur</strong></span> <span class='ocrx_word' id='word_1_832' title='bbox 2478 4858 2770 4911; x_wconf 80' lang='lat' dir='ltr'><strong>desiderari</strong></span> <span class='ocrx_word' id='word_1_833' title='bbox 2822 4854 2874 4907; x_wconf 88' lang='lat' dir='ltr'><strong>in</strong></span> <span class='ocrx_word' id='word_1_834' title='bbox 2915 4854 3015 4907; x_wconf 90' lang='lat' dir='ltr'><strong>hac</strong></span> <span class='ocrx_word' id='word_1_835' title='bbox 3062 4852 3313 4918; x_wconf 80' lang='lat' dir='ltr'><strong>vigesima</strong></span> <span class='ocrx_word' id='word_1_836' title='bbox 3363 4851 3590 4919; x_wconf 88' lang='lat' dir='ltr'><strong>septima</strong></span> 
     </span>
    </p>
   </div>
   <div class='ocr_carea' id='block_1_113' title="bbox 2014 4941 3591 5027">
    <p class='ocr_par' dir='ltr' id='par_1_113' title="bbox 2014 4941 3591 5027">
     <span class='ocr_line' id='line_1_113' title="bbox 2014 4941 3591 5027; baseline -0.011 -15"><span class='ocrx_word' id='word_1_837' title='bbox 2014 4955 2259 5027; x_wconf 89' lang='lat' dir='ltr'><strong>epistola.</strong></span> <span class='ocrx_word' id='word_1_838' title='bbox 2285 4951 2397 5005; x_wconf 87' lang='lat' dir='ltr'><strong>Non</strong></span> <span class='ocrx_word' id='word_1_839' title='bbox 2424 4949 2591 5003; x_wconf 89' lang='lat' dir='ltr'><strong>multo</strong></span> <span class='ocrx_word' id='word_1_840' title='bbox 2624 4955 2740 5017; x_wconf 87' lang='lat' dir='ltr'><strong>post</strong></span> <span class='ocrx_word' id='word_1_841' title='bbox 2766 4947 2817 4999; x_wconf 92' lang='lat' dir='ltr'><strong>in</strong></span> <span class='ocrx_word' id='word_1_842' title='bbox 2839 4944 3037 4999; x_wconf 89' lang='lat' dir='ltr'><strong>Gallias</strong></span> <span class='ocrx_word' id='word_1_843' title='bbox 3066 4960 3311 4998; x_wconf 84' lang='lat' dir='ltr'><strong>reversus</strong></span> <span class='ocrx_word' id='word_1_844' title='bbox 3339 4951 3420 4995; x_wconf 85' lang='lat' dir='ltr'><strong>est</strong></span> <span class='ocrx_word' id='word_1_845' title='bbox 3460 4941 3591 4994; x_wconf 87' lang='lat' dir='ltr'><strong>Pos-</strong></span> 
     </span>
    </p>
   </div>
   <div class='ocr_carea' id='block_1_114' title="bbox 2018 5034 3630 5111">
    <p class='ocr_par' dir='ltr' id='par_1_114' title="bbox 2018 5034 3630 5111">
     <span class='ocr_line' id='line_1_114' title="bbox 2018 5034 3630 5111; baseline -0.011 -9"><span class='ocrx_word' id='word_1_846' title='bbox 2018 5047 2342 5107; x_wconf 85' lang='lat' dir='ltr'><strong>Ihumianus,</strong></span> <span class='ocrx_word' id='word_1_847' title='bbox 2373 5038 2811 5111; x_wconf 87' lang='lat' dir='ltr'><strong>quandoquidem</strong></span> <span class='ocrx_word' id='word_1_848' title='bbox 2857 5038 2946 5090; x_wconf 90' lang='lat' dir='ltr'><strong>ubi</strong></span> <span class='ocrx_word' id='word_1_849' title='bbox 2993 5036 3195 5092; x_wconf 84' lang='lat' dir='ltr'><strong>Severo</strong></span> <span class='ocrx_word' id='word_1_850' title='bbox 3224 5034 3588 5095; x_wconf 79' lang='lat' dir='ltr'><strong>valedixissct,</strong></span> <span class='ocrx_word' id='word_1_851' title='bbox 3624 5072 3630 5079; x_wconf 88' lang='lat'><strong>.</strong></span> 
     </span>
    </p>
   </div>
   <div class='ocr_carea' id='block_1_115' title="bbox 2016 5122 3587 5196">
    <p class='ocr_par' dir='ltr' id='par_1_115' title="bbox 2016 5122 3587 5196">
     <span class='ocr_line' id='line_1_115' title="bbox 2016 5122 3587 5196; baseline -0.012 -1"><span class='ocrx_word' id='word_1_852' title='bbox 2016 5141 2263 5196; x_wconf 84' lang='lat' dir='ltr'><strong>Narbone</strong></span> <span class='ocrx_word' id='word_1_853' title='bbox 2286 5145 2340 5171; x_wconf 62' lang='grc' dir='ltr'><strong>ιλιι</strong></span> <span class='ocrx_word' id='word_1_854' title='bbox 2366 5134 2543 5188; x_wconf 90' lang='lat' dir='ltr'><strong>navim</strong></span> <span class='ocrx_word' id='word_1_855' title='bbox 2566 5129 2879 5185; x_wconf 86' lang='lat' dir='ltr'><strong>conscendit</strong></span> <span class='ocrx_word' id='word_1_856' title='bbox 2901 5137 2959 5181; x_wconf 96' lang='lat' dir='ltr'><strong>ut</strong></span> <span class='ocrx_word' id='word_1_857' title='bbox 2984 5128 3090 5182; x_wconf 90' lang='lat' dir='ltr'><strong>huc</strong></span> <span class='ocrx_word' id='word_1_858' title='bbox 3114 5127 3302 5181; x_wconf 91' lang='lat' dir='ltr'><strong>eodem</strong></span> <span class='ocrx_word' id='word_1_859' title='bbox 3328 5122 3587 5185; x_wconf 85' lang='lat' dir='ltr'><strong>anno,vel</strong></span> 
     </span>
    </p>
   </div>
   <div class='ocr_carea' id='block_1_116' title="bbox 2517 5262 3585 5330">
    <p class='ocr_par' dir='ltr' id='par_1_116' title="bbox 2517 5262 3585 5330">
     <span class='ocr_line' id='line_1_116' title="bbox 2517 5262 3585 5330; baseline -0.007 -10"><span class='ocrx_word' id='word_1_860' title='bbox 2517 5266 2537 5305; x_wconf 68' lang='grc' dir='ltr'>ί</span> <span class='ocrx_word' id='word_1_861' title='bbox 2574 5266 2727 5330; x_wconf 87' lang='lat' dir='ltr'><strong>Ihid.,</strong></span> <span class='ocrx_word' id='word_1_862' title='bbox 2759 5284 2811 5322; x_wconf 88' lang='grc' dir='ltr'><strong>η.</strong></span> <span class='ocrx_word' id='word_1_863' title='bbox 2844 5265 2891 5319; x_wconf 89' lang='lat' dir='ltr'><strong>l.</strong></span> <span class='ocrx_word' id='word_1_864' title='bbox 2974 5275 2997 5310; x_wconf 70' lang='grc' dir='ltr'><strong>κ</strong></span> <span class='ocrx_word' id='word_1_865' title='bbox 3030 5264 3187 5329; x_wconf 86' lang='lat' dir='ltr'><strong>lhid.,</strong></span> <span class='ocrx_word' id='word_1_866' title='bbox 3218 5282 3272 5319; x_wconf 85' lang='grc' dir='ltr'><strong>η.</strong></span> <span class='ocrx_word' id='word_1_867' title='bbox 3304 5263 3354 5318; x_wconf 88' lang='grc'><strong>5.</strong></span> <span class='ocrx_word' id='word_1_868' title='bbox 3431 5262 3455 5299; x_wconf 83' lang='grc'><strong>¹³</strong></span> <span class='ocrx_word' id='word_1_869' title='bbox 3488 5262 3585 5327; x_wconf 84' lang='lat' dir='ltr'><strong>Ep.</strong></span> 
     </span>
    </p>
   </div>
   <div class='ocr_carea' id='block_1_117' title="bbox 2929 5332 3584 5397">
    <p class='ocr_par' dir='ltr' id='par_1_117' title="bbox 2929 5332 3584 5397">
     <span class='ocr_line' id='line_1_117' title="bbox 2929 5332 3584 5397; baseline -0.011 -9"><span class='ocrx_word' id='word_1_870' title='bbox 2929 5342 2953 5371; x_wconf 78' lang='grc'>⁷³</span> <span class='ocrx_word' id='word_1_871' title='bbox 2984 5335 3138 5397; x_wconf 89' lang='lat' dir='ltr'><strong>Ibid.,</strong></span> <span class='ocrx_word' id='word_1_872' title='bbox 3171 5354 3221 5389; x_wconf 87' lang='grc' dir='ltr'><strong>η.</strong></span> <span class='ocrx_word' id='word_1_873' title='bbox 3256 5334 3305 5386; x_wconf 69' lang='grc'><strong>4.</strong></span> <span class='ocrx_word' id='word_1_874' title='bbox 3387 5344 3410 5371; x_wconf 85' lang='grc' dir='ltr'><strong>ο</strong></span> <span class='ocrx_word' id='word_1_875' title='bbox 3437 5332 3584 5397; x_wconf 86' lang='lat' dir='ltr'><strong>Sulp.</strong></span> 
     </span>
    </p>
   </div>
   <div class='ocr_carea' id='block_1_118' title="bbox 2212 5403 3584 5476">
    <p class='ocr_par' dir='ltr' id='par_1_118' title="bbox 2212 5403 3584 5476">
     <span class='ocr_line' id='line_1_118' title="bbox 2212 5403 3584 5476; baseline -0.009 -12"><span class='ocrx_word' id='word_1_876' title='bbox 2212 5423 2229 5448; x_wconf 76' lang='grc' dir='ltr'><em>τ</em></span> <span class='ocrx_word' id='word_1_877' title='bbox 2263 5411 2483 5476; x_wconf 84' lang='lat' dir='ltr'><strong>lbid.,v.</strong></span> <span class='ocrx_word' id='word_1_878' title='bbox 2514 5406 2597 5458; x_wconf 81' lang='grc'><strong>75.</strong></span> <span class='ocrx_word' id='word_1_879' title='bbox 2672 5414 2692 5441; x_wconf 80' lang='grc'><strong>⁸</strong></span> <span class='ocrx_word' id='word_1_880' title='bbox 2720 5407 2930 5471; x_wconf 81' lang='lat' dir='ltr'><strong>lbitl.,v.</strong></span> <span class='ocrx_word' id='word_1_881' title='bbox 2960 5406 3044 5458; x_wconf 71' lang='lat'><strong>1‘2.</strong></span> <span class='ocrx_word' id='word_1_882' title='bbox 3126 5406 3363 5476; x_wconf 68' lang='lat' dir='ltr'><strong>&#39;Cltrou.</strong></span> <span class='ocrx_word' id='word_1_883' title='bbox 3400 5403 3584 5476; x_wconf 63' lang='lat' dir='ltr'><strong>Prosp.</strong></span> 
     </span>
    </p>
   </div>
   <div class='ocr_carea' id='block_1_119' title="bbox 2670 5468 3585 5537">
    <p class='ocr_par' dir='ltr' id='par_1_119' title="bbox 2670 5468 3585 5537">
     <span class='ocr_line' id='line_1_119' title="bbox 2670 5468 3585 5537; baseline -0.001 -13"><span class='ocrx_word' id='word_1_884' title='bbox 2670 5486 2695 5524; x_wconf 67' lang='grc' dir='ltr'><em>Υ</em></span> <span class='ocrx_word' id='word_1_885' title='bbox 2720 5468 2871 5537; x_wconf 74' lang='lat' dir='ltr'><strong>Ibitl.,</strong></span> <span class='ocrx_word' id='word_1_886' title='bbox 2898 5493 2949 5527; x_wconf 74' lang='grc' dir='ltr'><strong>ν.</strong></span> <span class='ocrx_word' id='word_1_887' title='bbox 2972 5476 3057 5528; x_wconf 76' lang='lat'><strong>67.</strong></span> <span class='ocrx_word' id='word_1_888' title='bbox 3140 5485 3161 5509; x_wconf 73' lang='grc'><em>⁷</em></span> <span class='ocrx_word' id='word_1_889' title='bbox 3189 5473 3344 5537; x_wconf 85' lang='lat' dir='ltr'><strong>Ibid.,</strong></span> <span class='ocrx_word' id='word_1_890' title='bbox 3386 5488 3436 5523; x_wconf 79' lang='grc' dir='ltr'><strong>ν.</strong></span> <span class='ocrx_word' id='word_1_891' title='bbox 3468 5468 3585 5523; x_wconf 70' lang='grc'><strong>10⁵2.</strong></span> 
     </span>
    </p>
   </div>
   <div class='ocr_carea' id='block_1_120' title="bbox 2058 5268 2436 5336">
    <p class='ocr_par' dir='ltr' id='par_1_120' title="bbox 2058 5268 2436 5336">
     <span class='ocr_line' id='line_1_120' title="bbox 2058 5268 2436 5336; baseline -0.019 -8"><span class='ocrx_word' id='word_1_892' title='bbox 2058 5286 2081 5312; x_wconf 79' lang='grc' dir='ltr'><strong>ε</strong></span> <span class='ocrx_word' id='word_1_893' title='bbox 2112 5272 2265 5336; x_wconf 90' lang='lat' dir='ltr'><strong>lbid.,</strong></span> <span class='ocrx_word' id='word_1_894' title='bbox 2297 5286 2352 5323; x_wconf 93' lang='lat' dir='ltr'><strong>n.</strong></span> <span class='ocrx_word' id='word_1_895' title='bbox 2385 5268 2436 5321; x_wconf 88' lang='lat'><strong>7.</strong></span> 
     </span>
    </p>
   </div>
   <div class='ocr_carea' id='block_1_121' title="bbox 344 5540 1906 5619">
    <p class='ocr_par' dir='ltr' id='par_1_121' title="bbox 344 5540 1884 5619">
     <span class='ocr_line' id='line_1_121' title="bbox 344 5540 1884 5619; baseline 0.014 -36"><span class='ocrx_word' id='word_1_896' title='bbox 344 5556 394 5619; x_wconf 56' lang='grc' dir='ltr'><strong>τι.</strong></span> <span class='ocrx_word' id='word_1_897' title='bbox 425 5543 665 5619; x_wconf 28' lang='lat' dir='ltr'><strong>iam,“</strong></span> <span class='ocrx_word' id='word_1_898' title='bbox 701 5543 821 5619; x_wconf 57' lang='grc' dir='ltr'><strong>ξοδ,</strong></span> <span class='ocrx_word' id='word_1_899' title='bbox 843 5542 923 5619; x_wconf 76' lang='lat' dir='ltr'><strong>_b_b_</strong></span> <span class='ocrx_word' id='word_1_900' title='bbox 946 5544 1105 5619; x_wconf 50' lang='lat' dir='ltr'><strong>nam,</strong></span> <span class='ocrx_word' id='word_1_901' title='bbox 1126 5544 1322 5619; x_wconf 48' lang='lat'><strong>3.415.</strong></span> <span class='ocrx_word' id='word_1_902' title='bbox 1474 5548 1629 5619; x_wconf 33' lang='lat' dir='ltr'><strong>una“</strong></span> <span class='ocrx_word' id='word_1_903' title='bbox 1655 5566 1703 5603; x_wconf 84' lang='grc' dir='ltr'><strong>ν.</strong></span> <span class='ocrx_word' id='word_1_904' title='bbox 1734 5540 1884 5606; x_wconf 71' lang='lat' dir='ltr'><strong>too.’</strong></span> 
     </span>
    </p>
   </div>
   <div class='ocr_carea' id='block_1_122' title="bbox 2008 5540 3582 5619">
    <p class='ocr_par' dir='ltr' id='par_1_122' title="bbox 2008 5540 3582 5619">
     <span class='ocr_line' id='line_1_122' title="bbox 2008 5540 3582 5619; baseline -0.009 -13"><span class='ocrx_word' id='word_1_905' title='bbox 2008 5554 2072 5619; x_wconf 69' lang='lat' dir='ltr'><strong>2p.</strong></span> <span class='ocrx_word' id='word_1_906' title='bbox 2102 5553 2193 5615; x_wconf 68' lang='lat'><strong>27,</strong></span> <span class='ocrx_word' id='word_1_907' title='bbox 2225 5569 2277 5605; x_wconf 83' lang='grc' dir='ltr'><strong>ιι.</strong></span> <span class='ocrx_word' id='word_1_908' title='bbox 2306 5550 2361 5604; x_wconf 66' lang='lat'><strong>2.</strong></span> <span class='ocrx_word' id='word_1_909' title='bbox 2390 5540 2456 5587; x_wconf 61' lang='grc' dir='ltr'><strong>’σε</strong></span> <span class='ocrx_word' id='word_1_910' title='bbox 2487 5544 2729 5619; x_wconf 60' lang='lat' dir='ltr'><strong>Ibigl._,n.</strong></span> <span class='ocrx_word' id='word_1_911' title='bbox 2755 5546 2806 5599; x_wconf 71' lang='lat'><strong>1-.</strong></span> <span class='ocrx_word' id='word_1_912' title='bbox 2834 5545 2901 5619; x_wconf 82' lang='lat'><strong>_”</strong></span> <span class='ocrx_word' id='word_1_913' title='bbox 2933 5544 3074 5619; x_wconf 59' lang='lat' dir='ltr'><strong>Ibid1</strong></span> <span class='ocrx_word' id='word_1_914' title='bbox 3122 5555 3181 5619; x_wconf 60' lang='grc' dir='ltr'><strong>βε</strong></span> <span class='ocrx_word' id='word_1_915' title='bbox 3205 5544 3333 5619; x_wconf 68' lang='lat' dir='ltr'><strong>Qap.</strong></span> <span class='ocrx_word' id='word_1_916' title='bbox 3359 5541 3445 5619; x_wconf 51' lang='lat'><strong>1’35,</strong></span> <span class='ocrx_word' id='word_1_917' title='bbox 3471 5540 3582 5619; x_wconf 57' lang='lat'><strong>31.1.</strong></span> 
     </span>
    </p>
   </div>
   <div class='ocr_carea' id='block_1_123' title="bbox 342 5610 1906 5688">
    <p class='ocr_par' dir='ltr' id='par_1_123' title="bbox 342 5610 1886 5688">
     <span class='ocr_line' id='line_1_123' title="bbox 342 5610 1886 5688; baseline 0.008 -22"><span class='ocrx_word' id='word_1_918' title='bbox 342 5610 396 5650; x_wconf 66' lang='grc' dir='ltr'><strong>ιιι</strong></span> <span class='ocrx_word' id='word_1_919' title='bbox 426 5610 757 5683; x_wconf 64' lang='grc' dir='ltr'><strong>Ερ.ἳ7,η.2.</strong></span> <span class='ocrx_word' id='word_1_920' title='bbox 809 5615 852 5652; x_wconf 72' lang='lat' dir='ltr'><strong>n</strong></span> <span class='ocrx_word' id='word_1_921' title='bbox 887 5613 1019 5669; x_wconf 88' lang='lat' dir='ltr'><strong>Ibid.</strong></span> <span class='ocrx_word' id='word_1_922' title='bbox 1064 5614 1478 5680; x_wconf 73' lang='lat' dir='ltr'><strong>itlbid.,n.2ct</strong></span> <span class='ocrx_word' id='word_1_923' title='bbox 1506 5618 1558 5673; x_wconf 73' lang='grc' dir='ltr'><strong>δ.</strong></span> <span class='ocrx_word' id='word_1_924' title='bbox 1603 5610 1886 5688; x_wconf 61' lang='grc' dir='ltr'><strong>ιιιωιιηη</strong></span> 
     </span>
    </p>
   </div>
   <div class='ocr_carea' id='block_1_124' title="bbox 2008 5610 2877 5688">
    <p class='ocr_par' dir='ltr' id='par_1_124' title="bbox 2024 5610 2877 5687">
     <span class='ocr_line' id='line_1_124' title="bbox 2024 5610 2877 5687; baseline 0.005 -22"><span class='ocrx_word' id='word_1_925' title='bbox 2024 5610 2070 5664; x_wconf 84' lang='lat' dir='ltr'><strong>it</strong></span> <span class='ocrx_word' id='word_1_926' title='bbox 2092 5610 2244 5687; x_wconf 43' lang='lat' dir='ltr'><strong>ibid”</strong></span> <span class='ocrx_word' id='word_1_927' title='bbox 2277 5638 2331 5678; x_wconf 74' lang='grc' dir='ltr'><strong>ιι,</strong></span> <span class='ocrx_word' id='word_1_928' title='bbox 2355 5620 2407 5673; x_wconf 70' lang='lat'><strong>‘2.</strong></span> <span class='ocrx_word' id='word_1_929' title='bbox 2451 5628 2530 5656; x_wconf 85' lang='grc' dir='ltr'>ωω</span> <span class='ocrx_word' id='word_1_930' title='bbox 2561 5614 2715 5679; x_wconf 77' lang='lat' dir='ltr'><strong>Ibid.,</strong></span> <span class='ocrx_word' id='word_1_931' title='bbox 2748 5631 2800 5669; x_wconf 81' lang='grc' dir='ltr'><strong>η.</strong></span> <span class='ocrx_word' id='word_1_932' title='bbox 2832 5614 2877 5669; x_wconf 90' lang='lat' dir='ltr'><strong>I.</strong></span> 
     </span>
    </p>
   </div>
   <div class='ocr_carea' id='block_1_125' title="bbox 2956 5611 3587 5683">
    <p class='ocr_par' dir='ltr' id='par_1_125' title="bbox 2956 5611 3587 5683">
     <span class='ocr_line' id='line_1_125' title="bbox 2956 5611 3587 5683; baseline 0.008 -21"><span class='ocrx_word' id='word_1_933' title='bbox 2956 5623 3012 5651; x_wconf 79' lang='grc' dir='ltr'><strong>ιιι·</strong></span> <span class='ocrx_word' id='word_1_934' title='bbox 3043 5614 3190 5683; x_wconf 74' lang='grc' dir='ltr'><strong>ευιν.</strong></span> <span class='ocrx_word' id='word_1_935' title='bbox 3212 5612 3337 5665; x_wconf 87' lang='lat' dir='ltr'><strong>dial.</strong></span> <span class='ocrx_word' id='word_1_936' title='bbox 3371 5611 3420 5676; x_wconf 72' lang='grc' dir='ltr'><strong>ι,</strong></span> <span class='ocrx_word' id='word_1_937' title='bbox 3453 5628 3500 5669; x_wconf 80' lang='grc' dir='ltr'><strong>ς.</strong></span> <span class='ocrx_word' id='word_1_938' title='bbox 3533 5613 3587 5667; x_wconf 75' lang='lat'><strong>3.</strong></span> 
     </span>
    </p>
   </div>
  </div>
