4020 6186
391 280 461 338 95
984 348 987 355 ί
1182 343 1187 349 _
1386 279 1443 335 S.
1488 275 1837 336 PAULINUS
1871 278 2190 337 NOLANUS
2228 281 2622 340 EPISCOPUS.
3590 282 3661 336 96

389 403 447 450 ut
476 393 763 465 plurimum
784 395 1053 465 sequenti,
1074 407 1262 449 versus
1295 392 1568 448 Orientem
1598 393 1970 449 contenderet.
2001 397 2053 454 Α
2077 395 2213 451 riam
2241 397 2626 452 disseminavit.
2650 396 2785 453 Cum
2815 396 2881 451 ad
2900 396 3193 453 ecclesiam
3236 408 3388 451 suam
3412 408 3665 450 reversus

388 483 452 537 Et
480 499 578 539 nos
605 484 822 554 quidem
852 485 918 539 ad
950 486 1094 539 hunc
1122 483 1493 539 Posthumiani
1522 484 1575 537 in
1598 482 1800 540 Gallias
1827 485 1973 540 redi-

388 582 499 627 tum
538 575 818 630 referimus
855 576 1001 644 quod
1043 576 1119 630 ait
1158 574 1433 641 Paulinus,
1465 584 1491 614 ι
1530 574 1974 631 Posthumianum

386 668 593 722 scilicet
613 668 904 725 offendisse
934 668 1184 725 Narbone
1203 670 1499 738 Victorem,
1519 685 1678 739 quem
1707 669 1774 724 ad
1803 670 1975 740 ipsum

390 756 671 812 Paulinum
711 760 958 815 mittebat
984 762 1217 816 Severus
1246 768 1306 815 ut
1333 760 1471 830 apud
1501 777 1624 815 eum
1670 761 1973 816 hiemaret:

392 846 551 913 idque
586 846 785 902 factum
825 857 956 919 puto
984 851 1125 906 circa
1164 859 1497 905 autumnum.
1526 850 1551 890 ιι
1576 850 1853 907 Remissus
1880 851 1980 906 fuit

391 951 419 987 a
455 934 838 993 Posthumiano
866 939 934 993 ad
975 940 1233 994 Severum
1261 940 1463 1005 Victor,
1496 941 1586 1009 qui
1619 940 1746 996 inde
1784 941 1979 996 iterum

395 1024 585 1079 Nolam
613 1028 891 1097 profectus
920 1039 1005 1085 est
1030 1047 1151 1085 cum
1182 1031 1249 1086 ad
1280 1031 1559 1086 Paulinum
1587 1032 1826 1089 directus
1850 1049 1978 1103 per-

392 1118 579 1173 venire
617 1121 902 1188 potuisset,
927 1123 1031 1178 hoc
1058 1132 1141 1177 est
1171 1124 1494 1189 tardissime,
1532 1126 1750 1180 ineunte
1779 1127 1977 1194 hieme,

354 1270 359 1275 ξ
396 1217 419 1245 ο
448 1222 553 1276 qua
575 1218 810 1266 exeunte
830 1214 1094 1282 pervenit.
1129 1214 1316 1283 Itaque
1342 1216 1521 1271 verius
1550 1216 1843 1272 dixerimus
1870 1216 1979 1274 Po-

392 1299 758 1354 sthumianum
787 1317 930 1359 anno
958 1302 1062 1356 402
1082 1305 1136 1358 in
1163 1302 1435 1360 Orientem
1463 1306 1567 1361 iter
1589 1306 1801 1363 fecisse.

916 1454 1054 1495 anno
1090 1455 1298 1496 CHRISTI
1327 1440 1451 1496 402.
1477 1465 1481 1469 ·

992 1550 1223 1607 CAPUT
1260 1551 1392 1607 XLI.

395 1676 438 1731 Α
475 1677 676 1756 yiceta
726 1681 985 1756 Dacorum
1023 1688 1282 1756 episcopo,
1325 1697 1375 1742 et
1402 1706 1435 1743 α
1472 1688 1703 1745 Melania
1742 1691 1982 1748 invisitar

2077 497 2161 545 est
2202 489 2439 557 Nicetas,
2470 505 2689 545 carmen
2719 501 2745 539 ει
2772 489 3042 544 decimum
3085 488 3371 558 septimum
3422 484 3666 540 conscri-

2079 582 2187 653 psit
2212 580 2488 649 Paulinus,
2516 583 2619 637 iter
2646 581 2852 637 scilicet
2877 596 3196 651 prosperum
3225 579 3299 634 illi
3328 585 3665 648 precaturus,

2079 680 2134 728 et
2156 682 2212 728 ut
2240 682 2559 744 perpetuum
2589 672 3009 729 immortalitatis
3030 671 3148 739 ejus
3175 669 3451 726 memoria:
3473 682 3663 721 monu-

2079 772 2344 819 mentum.
2374 763 2481 819 Sed
2508 778 2615 832 quo
2643 764 2914 835 pertineat
2942 761 3069 817 illud
3097 776 3313 833 poema,
3347 775 3415 814 an
3456 758 3527 813 ad
3552 758 3667 828 pri-

2080 870 2250 919 mum,
2282 869 2349 908 an
2379 853 2448 908 ad
2495 854 2789 909 secundum
2842 854 3039 909 Nieetaa
3079 853 3202 916 iter,
3241 852 3503 906 incertum
3543 857 3665 905 est:

2080 955 2326 1017 spectare
2352 945 2531 1015 potius
2556 945 2768 999 videtur
2796 944 2862 999 ad
2891 958 3090 1001 annum
3114 941 3243 1005 598,
3272 956 3380 1010 quo
3404 940 3537 995 nihil
3558 947 3669 992 tum

2080 1056 2287 1095 moveri
2312 1040 2452 1109 apud
2480 1038 2740 1093 barbaros
2778 1036 3269 1099 animadvertimus,
3311 1035 3413 1090 nisi
3439 1034 3545 1088 hoc
3573 1047 3669 1102 ρος

2081 1133 2347 1187 tissimum
2378 1140 2624 1202 tempore
2651 1145 2761 1199 quo
2782 1146 2998 1201 semper
3024 1131 3123 1186 sub
3152 1130 3315 1185 amis
3340 1129 3579 1186 stabant.

2153 1224 2210 1279 2.
2234 1224 2341 1279 Sed
2371 1233 2427 1279 et
2445 1224 2831 1293 jucundissima
2856 1239 3073 1295 quoque
3102 1223 3294 1280 accidit
3322 1222 3547 1278 Paulino
3567 1222 3671 1280 hoc

2082 1328 2226 1369 arino
2254 1313 2311 1369 S.
2346 1314 2588 1369 Melania:
2631 1314 2863 1370 senioris
2895 1324 2916 1353 ι’
2950 1315 3016 1369 ab
3059 1314 3393 1369 Hierusalem
3443 1311 3670 1370 Romam

2083 1405 2474 1477 peregrinatio,
2504 1420 2666 1474 quem
2709 1404 2937 1474 Neapoli
2965 1404 3155 1459 Nolam
3185 1403 3498 1459 redeuntem
3529 1400 3670 1471 apud

2083 1510 2143 1550 se
2167 1494 2551 1553 humanissime
2579 1494 2811 1564 excepit.
2838 1492 3085 1562 Singulas
3106 1492 3263 1563 hujus
3288 1492 3527 1549 historiae
3547 1507 3670 1562 par-

2085 1595 2168 1642 tes
2214 1586 2338 1641 vide
2381 1586 2523 1656 apud
2573 1585 2857 1640 Paulinum
2904 1586 3062 1656 epist.
3118 1594 3141 1624 ⁸
3199 1584 3452 1653 vigesima
3505 1599 3670 1639 nona.

2086 1674 2413 1732 Particulam
2444 1678 2463 1713 ⁸
2497 1676 2565 1731 de
2596 1676 2740 1746 ligno
2763 1676 2957 1731 divina:
2981 1676 3156 1732 crucis
3178 1693 3389 1730 munere
3413 1674 3672 1730 Johannis

465 1748 740 1839 Paulinus.
764 1754 806 1805 Α
839 1754 1029 1839 Severo
1050 1748 1115 1809 ite
1140 1748 1706 1839 quibusdam_histo_riw
1731 1764 1859 1839 locis
1880 1765 1979 1837 dif-
2009 1762 2056 1821 B
2081 1768 2545 1839 llierosolymitani
2570 1767 2797 1838 episcopi
2817 1766 3038 1822 illustris
3067 1766 3181 1822 hare
3205 1765 3363 1831 vidua
3385 1766 3453 1821 ab
3480 1764 3673 1821 Hieru-

464 1820 769 1887 ficilioribus
798 1826 1063 1878 consultus
1084 1820 1393 1883 sententiam
1411 1831 1580 1883 dicere
1601 1832 1862 1886 humiliter
1895 1820 1980 1888 re-

464 1902 651 2031 2:32;;
691 1909 894 1949 necnon
946 1896 1111 1949 eidem
1164 1899 1443 1969 imaginem
1488 1900 1653 1971 ipsius
1698 1904 1985 1973 postulanti

467 2092 519 2147 Ι.
552 2092 805 2151 Paulinus
833 2098 885 2152 in
913 2114 1056 2155 nono
1096 2098 1155 2154 S.
1188 2100 1383 2158 Felicis
1406 2105 1647 2160 carmine
1673 2101 1701 2142 ά
1730 2104 1986 2162 Natalitio

396 2184 511 2239 fuse
536 2185 750 2241 disserit
779 2187 848 2243 de
871 2189 1298 2245 Christianorum
1328 2191 1496 2248 festis.
1538 2194 1771 2250 Denotat
1797 2196 1983 2267 impri-

398 2274 499 2327 mis
537 2284 562 2311 ο
600 2274 797 2332 Christi
844 2278 1199 2345 nativitatem,
1247 2278 1623 2351 Epiphaniam,
1679 2282 1883 2340 Pascha
1929 2294 1988 2341 et

399 2361 778 2431 Pentecosten,
801 2366 994 2434 quibus
1019 2368 1181 2422 etiam
1217 2368 1459 2441 adjungit
1478 2387 1631 2427 suam
1660 2372 1759 2430 ιδ.
1792 2374 1987 2432 Felicis

400 2450 764 2521 festivitatem,
788 2473 948 2527 quam
962 2457 1128 2513 coluit
1144 2460 1259 2530 ipse
1278 2462 1535 2533 singulari
1551 2464 1770 2533 gaudio,
1785 2466 1986 2538 quippe

294 2612 301 2615 ν
398 2544 491 2611 qui
518 2543 704 2613 ipsius,
734 2561 894 2616 quem
920 2558 1079 2604 vocat
1109 2560 1133 2597 ε
1160 2560 1370 2620 patrem
1398 2561 1455 2609 et
1474 2551 1502 2591 ιι
1529 2544 1868 2625 magistrum,
1888 2557 1986 2613 Ni-

399 2645 533 2689 ceta:
552 2638 837 2705 prmsentia
858 2641 1126 2707 geminum
1149 2642 1248 2698 sibi
1271 2644 1507 2701 natalem
1528 2645 1635 2703 hoc
1660 2662 1804 2703 anno
1821 2648 1989 2706 fuisse

400 2724 548 2781 dicit.
593 2725 711 2781 Jam
750 2730 762 2765 ¹
794 2739 921 2785 ante
949 2741 1182 2800 quatuor
1222 2749 1395 2790 annos
1420 2735 1611 2791 Nolam
1640 2747 1864 2794 venerat
1891 2739 1986 2795 Ni-

401 2827 566 2882 cetas,
592 2819 816 2891 ejusque
839 2824 1032 2879 iterum
1052 2825 1268 2882 videndi
1296 2844 1407 2884 non
1427 2830 1690 2886 mediocri
1716 2831 1988 2890 desiderio

402 2912 689 2966 tenebatur
717 2912 1003 2982 Paulinus;
1033 2919 1128 2974 sed
1154 2928 1407 2990 suscepto
1434 2935 1505 2977 ex
1529 2922 1585 2977 S.
1618 2923 1811 2979 Felicis
1839 2923 1990 2980 festi-

403 3000 569 3055 vitate
595 3003 791 3071 gaudio
823 3006 837 3056 ἕ
875 3008 1100 3063 alteram
1122 3025 1188 3066 ex
1218 3011 1417 3067 Nicetze
1437 3025 1729 3085 conspectu
1749 3016 1987 3073 laetitiam

403 3106 739 3150 accessuram
783 3114 1005 3167 sperare
1040 3119 1149 3157 non
1188 3104 1440 3173 audebat,
1484 3108 1638 3178 cujus
1663 3110 1863 3181 quippe
1891 3111 1988 3166 ad-

404 3190 596 3238 ventus
630 3183 654 3222 ¹ί
694 3186 836 3240 bello
863 3197 919 3243 et
946 3199 1091 3246 metu
1134 3192 1433 3249 Gothorum
1455 3248 1457 3250 .
1483 3199 1705 3254 omnino
1733 3200 1988 3270 praecludi

405 3273 702 3329 videbatur.
734 3275 1077 3348 Quapropter
1102 3281 1222 3350 plus
1248 3283 1409 3338 solito
1429 3285 1698 3342 animatus
1724 3296 1780 3343 et
1808 3288 1994 3344 incita-

406 3372 494 3418 tus
521 3365 576 3418 in
604 3364 664 3420 S.
696 3366 887 3423 Felicis
910 3368 1117 3425 laudem
1135 3387 1326 3441 poema
1342 3374 1528 3439 edidit,
1547 3375 1710 3445 idque
1732 3378 1991 3447 prolixius

406 3463 462 3509 et
489 3455 768 3511 sublimius
795 3473 956 3525 quam
1004 3461 1371 3530 superioribus
1406 3464 1581 3521 annis.
1613 3465 1690 3520 Ibi
1718 3482 1785 3523 ex
1813 3470 1993 3527 verbis

408 3546 525 3614 ejus
560 3548 1198 3623 vehementioribusz
1239 3554 1431 3609 intueri
1462 3556 1585 3612 licet
1612 3567 1817 3629 quanto
1844 3575 1991 3617 mar-

410 3638 536 3706 tyrii
565 3639 742 3696 studio
770 3641 1020 3711 ﬂagraret
1047 3643 1162 3715 ipse
1192 3642 1447 3702 Paulinus
1477 3644 1493 3684 ι
1523 3663 1537 3701 :

839 3796 995 3866 Ligno
1017 3812 1127 3866 mea
1144 3802 1241 3851 vita
1270 3800 1525 3866 pependit,

505 3858 571 3927 [ἐι
589 3864 748 3927 staret
769 3872 878 3927 mea
896 3858 997 3927 vita
1020 3861 1129 3912 Deo
1153 3879 1165 3915 :
1189 3858 1321 3927 quid,
1335 3858 1465 3927 "vlta,
1493 3858 1760 3927 rependam

502 3921 719 3985 Proivita
754 3922 862 3985 tibi,
888 3924 1104 3985 Christe,
1136 3921 1284 3974 mea?
1307 3921 1397 3974 nisi
1422 3921 1743 3978 forte-salutis

501 3981 747 4053 accipiam
771 3982 993 4053 calicem,
1019 3981 1117 4053 quo
1136 3992 1185 4034 te
1210 3998 1321 4053 mea
1343 3986 1519 4053 dextra
1543 3991 1801 4053 prepinet;

504 4043 572 4093 Iit
590 4043 728 4093 sacro
751 4047 924 4093 mortis
947 4043 986 4105 ρ’
1007 4043 1176 4094 etiosze
1204 4046 1399 4107 prolnar
1424 4043 1621 4097 haustu.

562 4108 663 4156 Sed
685 4107 804 4168 quid
824 4108 1002 4169 agam?
1024 4119 1191 4168 neque
1230 4109 1272 4156 si
1308 4110 1557 4169 pr0prium
1594 4110 1710 4159 dem
1746 4123 1923 4174 corpus
1944 4112 1995 4162 in

1772 4187 1915 4224 uiues

504 4227 850 4290 Vllescamque
877 4226 1016 4289 mihi,
1041 4240 1134 4277 nec
1155 4230 1395 4289 sanguine
1417 4228 1583 4280 debita
1609 4231 1716 4283 τυεο
1750 4173 1933 4237 [Ignes,

502 4289 641 4356 {usta
657 4292 753 4356 tibi
773 4289 984 4356 gilvam,
1003 4290 1115 4356 quia
1136 4302 1216 4356 me
1240 4290 1436 4339 reddam
1462 4292 1547 4341 tibi
1573 4306 1659 4355 pro
1681 4308 1787 4356 me;

504 4351 567 4419 [ait
588 4350 989 4419 qnidquidslmili
1017 4351 1124 4398 vice
1147 4352 1332 4409 fecero,
1358 4365 1558 4415 semper
1573 4350 1670 4403 'ero
1690 4350 1865 4419 impar,

504 4413 719 4480 gluriste,
748 4413 835 4480 tibi
860 4414 1011 4480 :_quia
1036 4419 1086 4459 tu
1111 4426 1198 4480 pro
1220 4426 1300 4462 me
1322 4427 1450 4480 mea,
1468 4413 1569 4480 ςιιοῃ
1598 4423 1696 4476 ιω,
1721 4413 1931 4480 Christe,

504 4473 683 4525 Debita
706 4471 926 4535 solvisti,
935 4487 1025 4537 pro
1044 4471 1200 4525 servis
1221 4487 1389 4539 passus
1412 4471 1606 4540 iniquis.

482 4623 677 4678 Narrat
700 4623 977 4694 quomodo
1002 4623 1059 4679 S.
1089 4624 1330 4681 Nicetam
1352 4639 1536 4681 secum
1556 4634 1595 4662 ω
1617 4624 1842 4682 duceret
1859 4626 2001 4683 visu-

415 4732 531 4773 rum
578 4716 824 4773 confecta
870 4717 1107 4773 nondum
1151 4717 1373 4772 aedilicia
1416 4732 1537 4786 quae
1583 4717 1637 4772 in
1675 4717 1902 4773 ecclesia
1937 4717 1997 4774 S.

416 4807 609 4864 Felicis
636 4808 966 4873 exstruebat,
997 4822 1168 4877 eaque
1205 4806 1399 4862 deinde
1437 4815 1463 4842 ιι
1495 4806 1725 4876 longiori
1753 4807 2000 4864 oratione

415 4899 690 4966 describit,
736 4899 1004 4967 simulque
1032 4914 1154 4954 cum
1178 4913 1246 4952 eo
1269 4906 1294 4930 "
1326 4898 1393 4953 de
1418 4898 1475 4952 S.
1507 4897 1719 4952 Martini
1746 4898 1853 4951 vita
1884 4898 1998 4953 dis-

415 4991 603 5059 seruit,
640 4990 793 5061 cujus
821 4990 1099 5045 historiam
1128 5005 1158 5043 a
1189 5001 1215 5039 ρ
1244 4988 1482 5060 Sulpicio
1512 4987 1714 5044 Severo
1745 4988 1997 5044 traditam

416 5082 644 5151 perlegit
692 5080 1018 5152 evolvitque,
1070 5095 1232 5149 quam
1262 5080 1337 5133 illi
1364 5077 1720 5149 proculdubio
1749 5078 1802 5131 in
1831 5077 2000 5148 priori

417 5172 608 5227 itinere
647 5171 761 5242 jam
812 5180 924 5227 tum
971 5173 1165 5241 partim
1214 5177 1557 5238 exposuerat,
1603 5167 1825 5237 ejusque
1864 5165 2002 5223 forte

416 5280 582 5336 opera
604 5280 702 5336 per
720 5273 891 5320 totam
911 5265 1143 5336 Illyriam
1163 5263 1485 5320 sanctissimi
1514 5261 1672 5331 hujus
1700 5261 1799 5316 viri
1829 5260 2000 5316 histo-

490 5397 640 5481 FEp.
668 5397 758 5459 28,
791 5414 846 5452 ιι.
876 5396 950 5475 5.,
1008 5394 1191 5479 διιῄςι.
1274 5404 1296 5434 ε
1327 5393 1461 5473 ιδιά.
1538 5393 1564 5477 (ξ
1596 5393 1775 5448 Carm.
1806 5392 1896 5448 24.
1974 5402 1997 5429 ο
2023 5390 2181 5473 Ibid.,
2210 5406 2265 5445 v.
2299 5385 2368 5440 44
2401 5393 2457 5442 et
2482 5400 2634 5510 seq'tg.

490 5470 603 5510 inn-
654 5468 856 5510 νξὲίίΩ-
940 5464 1359 5510 tllml--v-335-
1442 5465 1599 5510 Illud
1632 5464 1871 5510 -vJss-
1950 5461 1973 5500 ιι
2002 5461 2158 5510 11]ιά..
2185 5476 2238 5510 v.
2257 5458 2383 5510 339.
2468 5454 2583 5510 ιιι).
2630 5495 2634 5509 .

2084 1861 2253 1916 salem
2279 1861 2460 1915 attulit
2500 1858 2748 1927 Paulino,
2796 1875 2861 1915 ac
2900 1858 3044 1915 dono
3084 1858 3233 1914 dedit
3258 1867 3284 1895 υ
3317 1858 3554 1913 tunicam
3603 1856 3673 1913 de

2084 1966 2345 2021 agnorum
2374 1950 2595 2015 vellere,
2626 1964 2809 2020 quam,
2840 1950 2929 2005 ubi
2958 1965 3058 2019 pro
3094 1949 3396 2005 reverentia
3425 1949 3672 2019 aliquan-

2084 2043 2174 2099 diu
2219 2049 2482 2112 gestasset
2512 2040 2782 2107 Paulinus,
2812 2040 2883 2096 ad
2908 2040 3166 2096 Severum
3194 2040 3357 2106 misit,
3388 2039 3493 2105 cui,
3525 2039 3673 2094 illico

2087 2143 2147 2189 ut
2174 2134 2403 2204 accepit,
2435 2133 2822 2188 destinaverat.
2877 2130 2958 2186 Ad
3005 2147 3101 2187 eos
3145 2132 3289 2185 enim
3337 2129 3673 2201 potissimum

2084 2225 2202 2281 dies
2229 2225 2446 2281 advenit
2473 2224 2704 2280 Melania
2732 2234 2760 2263 ν
2788 2224 2983 2295 quibus
3022 2239 3053 2279 a
3090 2222 3295 2279 Severo
3328 2222 3549 2277 missum
3579 2220 3673 2275 Vi-

2086 2327 2291 2373 ctorem
2321 2318 2556 2387 excepit,
2586 2318 2690 2373 hoc
2717 2326 2800 2373 est
2840 2327 2868 2355 ι
2905 2326 3140 2374 exeunte
3180 2317 3375 2372 hieme.
3422 2314 3674 2369 Monebat

2085 2422 2211 2463 eum
2258 2422 2355 2478 per
2392 2408 2597 2463 litteras
2640 2407 2870 2464 Severus
2897 2423 2965 2463 ne
2994 2417 3025 2457 γ
3052 2423 3112 2462 se
3140 2406 3414 2476 fatigatum
3459 2411 3675 2475 putaret

2087 2498 2263 2553 allatis
2280 2514 2376 2569 per
2390 2499 2663 2555 Victorem
2686 2507 2768 2553 tot
2788 2515 3011 2554 numero
3031 2508 3088 2554 ct
3108 2500 3264 2569 copia
3284 2495 3672 2561 voluminibus;

2086 2602 2208 2657 qua:
2251 2589 2319 2644 ad
2348 2597 2457 2645 tres
2483 2588 2839 2660 praecedentis
2866 2590 3072 2645 itineris
3098 2590 3304 2645 litteras
3332 2602 3531 2658 easque
3559 2600 3676 2639 am-

2087 2679 2357 2749 plissimas
2400 2680 2727 2746 referuntur,
2756 2680 2884 2750 quin
2932 2680 3097 2734 immo
3125 2680 3230 2735 illis
3276 2679 3413 2733 miro
3440 2677 3675 2747 quodam

2087 2773 2251 2828 modo
2278 2788 2500 2842 prorsus
2519 2771 2754 2828 refectus
2783 2772 3091 2843 postulabat
3114 2779 3172 2826 ut
3199 2770 3460 2840 pluribus,
3490 2768 3536 2824 si
3557 2784 3678 2839 pos-

2087 2872 2190 2931 set,
2220 2866 2435 2935 scriptis
2462 2875 2609 2921 esset
2646 2864 2961 2920 molestior:
2996 2873 3019 2902 ²
3048 2863 3259 2934 magnis
3300 2876 3520 2933 Quoque
3556 2860 3676 2916 lau-

2088 2954 2245 3010 dibus
2270 2954 2448 3025 priora
2471 2955 2671 3025 scripta
2700 2954 2976 3010 eli'ercbat.

2159 3044 2214 3099 5.
2242 3043 2523 3099 Paulinum
2564 3053 2825 3115 pneterea
2853 3040 3077 3113 rogabat
3117 3053 3175 3082 ³·
3215 3042 3447 3100 Severus
3474 3051 3532 3097 ut
3557 3056 3679 3111 qua:

2016 3118 2064 3183 C
2094 3135 2161 3191 de
2188 3136 2470 3191 annalibus
2499 3151 2609 3191 non
2655 3122 2821 3191 unius.
2840 3136 3032 3205 gentis,
3071 3135 3165 3191 sed
3193 3135 3407 3205 generis
3435 3134 3679 3199 humani,

2095 3228 2269 3297 ipsum
2316 3228 2582 3296 fugerent,
2604 3226 2860 3285 Paulinus
2905 3228 3131 3300 peritior
3159 3228 3431 3293 edoceret,
3461 3229 3586 3297 quia
3616 3228 3680 3282 iis

2094 3320 2426 3389 inquirendis
2454 3336 2675 3390 operam
2721 3318 2905 3382 dabat,
2960 3335 3025 3375 ac
3071 3320 3369 3389 praesertim
3416 3319 3468 3372 in
3496 3319 3681 3374 conci-

2094 3410 2272 3465 lianda
2294 3424 2477 3479 regum
2527 3408 2661 3464 Juda
2694 3418 2749 3464 et
2775 3410 2940 3464 Israel
2973 3409 3324 3479 chronologia
3354 3423 3460 3463 non
3491 3423 3679 3478 parum

2093 3501 2342 3557 laborare
2369 3516 2429 3557 se
2467 3500 2823 3570 significabat,
2874 3517 2977 3571 qua
3030 3500 3367 3556 institutione
3413 3499 3682 3569 indigebat

2094 3594 2162 3649 ad
2204 3595 2558 3650 universalem
2588 3609 2751 3663 quam
2780 3594 2848 3648 ad
2879 3609 3077 3648 annum
3102 3593 3206 3647 400
3235 3594 3487 3664 produxit
3512 3592 3681 3648 histo-

2093 3684 2228 3739 riam
2262 3684 2726 3748 conscribendam,
2750 3699 3018 3753 quamque
3039 3690 3163 3753 post
3185 3683 3329 3739 hunc
3357 3698 3554 3737 annum
3582 3683 3680 3737 ab-

2093 3775 2321 3831 solvisse
2348 3776 2543 3845 potuit.
2569 3774 2813 3830 Mittebat
2840 3774 2909 3829 ad
2931 3790 3054 3829 eum
3078 3772 3135 3813 ινδ
3166 3775 3324 3844 pallia
3352 3775 3681 3830 camelorum

2094 3868 2219 3939 pilis
2246 3875 2414 3922 texta.
2454 3866 2807 3937 Inscripserat
2836 3867 2973 3923 hanc
3002 3882 3145 3922 anno
3175 3867 3455 3937 superiore
3477 3866 3683 3936 episto-

2095 3960 2202 4015 lam
2224 3959 2477 4024 Severus,
2506 3967 2564 4015 et
2585 3959 2854 4015 Victorem
2883 3976 3005 4015 cum
3046 3958 3271 4043 Paulino
3299 3967 3541 4013 acturum
3564 3957 3681 4012 bie-

2095 4066 2240 4107 mem
2261 4051 2532 4121 sperabat,
2550 4058 2607 4105 et
2629 4059 2819 4121 postea
2847 4050 3028 4104 statim
3049 4064 3411 4105 reversurum.
3433 4048 3507 4101 Tu
3521 4050 3682 4115 enim,

2096 4145 2271 4215 inquit
2303 4155 2357 4183 cc
2390 4142 2664 4210 Paulinus,
2696 4158 2810 4198 vere
2836 4143 3022 4214 spiritu
3059 4141 3159 4196 Dei
3199 4142 3396 4213 fervens
3425 4140 3685 4195 salubrius

2097 4255 2213 4292 eum
2241 4239 2295 4291 in
2317 4246 2544 4310 tempore
2564 4236 2776 4307 frigoris
2803 4236 2966 4306 ignita
2988 4235 3114 4305 ﬁdei
3143 4243 3245 4288 tua:
3270 4233 3462 4305 fovebis
3482 4232 3683 4297 calore;

2098 4339 2152 4382 at
2181 4344 2276 4400 ego
2307 4327 2525 4399 frigidus
2553 4327 2624 4380 ad
2651 4327 2881 4383 wstivam
2926 4326 3005 4395 illi
3051 4327 3323 4379 stationem
3370 4325 3540 4394 aptior
3574 4340 3683 4378 ero.

2102 4419 2377 4475 Victorem
2405 4420 2511 4491 73
2531 4435 2662 4475 vero
2685 4416 2764 4483 δά,
2790 4418 3024 4473 abeunte
3044 4418 3238 4486 hieme,
3260 4424 3568 4487 susceptum
3592 4432 3687 4471 ne-

2021 4491 2077 4553 D
2100 4526 2252 4568 cesse
2280 4512 2533 4567 habuisse
2573 4511 2703 4567 dicit
2746 4509 2998 4565 Paulinus
3038 4510 3216 4564 vernis
3245 4508 3518 4563 mensibus
3544 4507 3686 4562 dcti-

2104 4618 2268 4669 nere;
2299 4614 2355 4658 et
2379 4602 2503 4671 quia
2535 4602 2698 4657 breve
2727 4601 2959 4671 spatium
2982 4599 3282 4666 videbatur,
3312 4614 3432 4653 cum
3455 4606 3511 4652 et
3536 4596 3686 4651 inﬁr-

2101 4695 2372 4751 missimus
2411 4710 2509 4765 per
2538 4693 2680 4749 idem
2724 4702 2937 4763 tempus
2983 4692 3170 4748 fuisset
3206 4690 3478 4753 Paulinus,
3520 4698 3578 4743 ut
3620 4690 3688 4745 ad

2103 4787 2432 4844 rescribendi
2480 4788 2756 4856 negotium
2792 4803 2901 4843 non
2942 4786 3167 4849 valeret,
3198 4800 3296 4857 per
3323 4783 3555 4838 mediam
3584 4798 3688 4837 335-

2100 4888 2268 4940 tatem
2316 4880 2589 4935 Victorem
2635 4880 2875 4945 retinuit,
2926 4894 3026 4933 nec
3062 4878 3212 4933 abire
3258 4892 3449 4947 passus
3478 4884 3560 4931 est
3585 4874 3689 4929 nisi

2101 4975 2200 5028 sub
2230 4973 2387 5027 finem
2415 4972 2637 5038 :cstatis,
2666 4981 2724 5027 ut
2752 4972 2817 5027 ad
2859 4971 3121 5028 Severum
3150 4980 3409 5026 autumno
3437 4968 3689 5040 perveni-

2102 5076 2205 5131 ret,
2240 5075 2295 5122 et
2314 5066 2549 5120 hiemem
2571 5065 2646 5119 illi
2670 5079 2855 5119 rursus
2876 5062 3231 5133 impenderet.
3255 5058 3442 5116 Eidem
3464 5058 3692 5131 prazbuit

2106 5160 2451 5217 deferendam
2480 5158 2546 5214 ad
2574 5158 2833 5213 Severum
2862 5156 3147 5226 epistolam
3193 5154 3507 5223 vigesimam
3536 5159 3693 5207 octa-

2104 5269 2250 5319 vam,
2267 5253 2354 5309 cui
2374 5251 2460 5321 adj
2468 5256 2685 5306 unctum
2701 5248 2934 5303 habebat
2950 5258 2973 5286 ε
2984 5257 3006 5284 θ
3022 5246 3310 5302 Theodosii
3325 5243 3692 5316 Panegyricon

2719 5382 2739 5423 τ
2764 5382 2921 5452 lbid.,
2964 5400 3015 5439 v.
3051 5381 3170 5435 M9.
3253 5380 3460 5452 sflbid.,
3482 5397 3535 5435 v.
3569 5381 3691 5435 180.

420 5451 856 5535 Hbidi,v.2’69.
924 5451 1135 5531 rilbid.,
1160 5483 1210 5520 ν.
1236 5464 1360 5519 355.
1442 5464 1889 5535 insimulas,
1950 5461 1973 5500 ιι

2090 5451 2383 5535 M939.
2434 5451 2914 5535 λιυιίιηιὲδει.
2964 5452 3254 5535 mlbid.,'y.
3284 5451 3405 5535 δέει.
3484 5452 3692 5535 argutari,

420 5554 470 5593 v.
505 5540 629 5593 302.
708 5550 731 5575 ο
753 5540 851 5607 Ep.
883 5540 975 5605 29,
1008 5554 1062 5591 ιι.
1097 5540 1183 5589 14.
1262 5546 1290 5585 P
1318 5540 1471 5605 Sulp.
1503 5540 1631 5589 dial.
1664 5540 1717 5589 5.
1796 5546 1822 5584 (ι

422 5612 440 5644 ⁸
478 5610 576 5689 Ειρ.
606 5609 694 5689 5i,
718 5626 774 5689 ιι.
802 5609 963 5689 LM“
987 5607 1084 5689 Ep_.
1116 5606 1204 5674 26,
1251 5622 1305 5689 ιιζ
1329 5605 1381 5659 5.
1396 5617 1486 5689 MV
1509 5605 1662 5689 Ibid”
1698 5621 1751 5689 ιιἒ

708 5550 731 5575 ο
883 5520 1183 5607 29,1111}.
1262 5546 1290 5585 Ρ
1318 5534 1471 5607 Sulp.
1503 5520 1645 5607 dial.’
1664 5535 1717 5589 5.
1786 5546 1822 5607 fi
1850 5533 1987 5607 Carn

2174 5547 2225 5584 v.
2249 5529 2333 5607 2._
2384 5536 2406 5565 τ
2673 5543 2726 5580 ιι.
2756 5524 3149 5607 βεῐᾼεςςιιιληε
3180 5520 3283 5607 Ει)ἒ
3311 5520 3415 5607 29,_
3428 5537 3520 5607 hu."
3511 5520 3543 5573 6
3565 5522 3692 5607 eL

1910 5614 1932 5639 ι
1961 5602 2060 5673 Ep.
2201 5617 2268 5673 _n.
2301 5599 2352 5653 5.
2376 5668 2397 5673 __
2432 5605 2457 5646 ἃ·
2480 5589 2640 5665 Ibid.,
2666 5612 2721 5651 ιι.
2746 5595 2796 5650 4.
2879 5605 2899 5633 ι
2932 5589 3029 5665 Ει).
3059 5591 3151 5662 ‘29,
3182 5589 3240 5647 ιι.
3264 5591 3313 5646 1.
3393 5600 3449 5629 ι’·
3478 5589 3558 5662 Ep
3604 5590 3691 5658 ‘28,

422 5691 475 5733 ιι.
508 5668 557 5731 5.
637 5668 693 5719 Ni
721 5680 823 5751 Ep.
851 5676 941 5748 Ἃ),
970 5668 1102 5735 ιι.’1.
1184 5668 1236 5718 ἐκ
1264 5675 1362 5748 Ep.
1395 5675 1487 5745 28,
1520 5693 1572 5731 ιι.
1598 5668 1657 5731 5.
1728 5673 1782 5714 (ιδ
1809 5675 1941 5731 Ibid.

2104 5670 2259 5737 Ibid.,
2283 5685 2334 5724 ιι.
2367 5668 2419 5723 6.
