4020 6186
307 257 376 313 οι,
1660 239 2188 296 ΡῐὶΟΙΕΟΟΜΕΝΛ.
2309 235 2315 242 ·
3499 251 3568 306 98

311 371 548 429 nondum
571 367 796 431 editum,
819 376 940 418 cum
965 359 1197 430 quodam
1222 358 1272 411 in
1299 356 1355 412 S.
1381 354 1609 410 Felicem
1631 357 1867 410 carmine
1921 365 1962 417 Α
1994 365 2094 423 tas,
2125 366 2179 410 et
2209 356 2274 409 M
2293 356 2530 410 Januarii
2558 357 2644 412 die
2672 373 2813 413 anno
2843 359 2944 412 405
2976 372 3000 410 ρ
3029 376 3234 429 omnes,
3263 365 3347 419 vel
3377 368 3566 423 saltem

311 466 382 516 Dc
415 457 758 516 conferendis
788 463 968 507 autem
993 451 1383 521 praeteritorum
1405 457 1706 516 temporum
1737 447 1898 500 ratio-

311 552 485 612 nibus,
513 547 708 602 scribit
737 544 863 597 huic
908 556 968 595 se
1011 539 1192 595 studio
1239 551 1457 606 operam
1487 549 1776 603 numquam
1801 535 1889 587 de-

312 643 484 703 disse;
517 637 614 693 sed
643 637 710 689 ad
739 632 1010 688 Rufﬁnum
1037 646 1096 685 se
1124 629 1338 685 misisse
1364 627 1481 696 ejus
1517 627 1774 688 libellum,
1807 625 1896 694 qui

314 733 531 802 quidem
581 729 626 782 si
657 728 754 781 has
782 725 1019 779 historia:
1047 737 1235 777 causas
1265 735 1371 774 non
1398 717 1662 782 ediderit,
1687 725 1901 771 veretur

317 838 388 876 ne
416 818 560 888 apud
589 817 753 870 alium
785 816 836 868 in
878 815 958 868 his
987 812 1292 880 regionibus
1322 810 1516 864 frustra
1542 809 1811 878 requirat;
1855 809 1900 862 si

323 921 449 965 vero
478 906 680 975 aliquid
708 919 870 973 super
890 903 972 957 his
999 900 1352 970 rescripserit,
1381 914 1438 953 se
1468 898 1899 952 transmissurum

319 1001 684 1071 pollicetur."
705 994 1027 1048 Contextam
1058 991 1125 1045 de
1155 1004 1412 1057 agnorum
1447 988 1645 1042 vellere
1670 987 1900 1040 tunicam

321 1090 386 1143 ad
411 1087 677 1142 Severum
704 1083 849 1138 misit
898 1080 1174 1144 Paulinus,
1196 1094 1356 1146 quam
1403 1077 1505 1132 sibi
1551 1076 1618 1129 de
1662 1074 1902 1128 Melania:

321 1176 702 1233 benedictione
727 1175 916 1242 pignus
937 1185 1054 1226 esse
1076 1170 1305 1224 dicebat.
1331 1167 1411 1222 Ex
1459 1167 1700 1221 laudibus
1741 1166 1842 1220 sibi
1870 1180 1900 1219 a

322 1270 524 1324 Severo
553 1267 694 1322 datis
718 1265 745 1303 δ
781 1264 951 1332 majus
996 1263 1214 1327 sumsit,
1271 1259 1414 1329 quod
1444 1274 1754 1328 responsum
1785 1273 1901 1311 ma-

323 1361 518 1415 nifeste
566 1357 782 1427 probat,
829 1353 1143 1407 humilitatis
1196 1359 1587 1419 argumentum.
1636 1346 1741 1401 Sed
1778 1347 1902 1401 huic

325 1451 491 1521 priori
542 1446 783 1517 epistola:
830 1443 1035 1496 addidit
1081 1442 1335 1504 alteram,
1367 1439 1674 1507 vigesimam
1704 1452 1902 1491 nonam

325 1542 550 1604 scilicet;
584 1539 637 1592 in
661 1552 766 1606 qua
794 1547 816 1574 ε
843 1550 909 1589 ex
949 1533 1123 1603 palliis
1143 1531 1470 1586 camelorum
1495 1530 1615 1599 pilis
1639 1528 1903 1583 contextis

326 1630 609 1684 materiam
636 1634 817 1695 captat
844 1639 903 1678 se
931 1619 1223 1678 confitendi
1251 1627 1591 1690 peccatorem
1619 1618 1708 1686 qui
1738 1617 1904 1686 pumi-

2001 450 2223 518 aliqnas,
2255 449 2456 504 dicatas
2484 451 2725 517 legimus.
2769 451 2978 505 Mortuo
3005 453 3166 507 Felici
3197 466 3223 504 (ι
3253 467 3461 512 erectus
3489 472 3568 514 cst

2001 541 2239 594 tumulus
2268 541 2357 608 qui
2382 556 2511 595 sane
2541 557 2646 594 non
2678 543 2810 594 tanti
2839 543 2935 595 viri
2966 544 3197 608 meritis,
3236 546 3328 599 sed
3352 563 3570 616 oppres-

2001 646 2073 685 sa:
2103 630 2392 685 infidelium
2423 632 2882 700 persecutionibus
2907 632 3156 687 Ecclesia:
3179 636 3336 690 rebus
3363 638 3572 692 aﬂlictis

2001 720 2382 790 respondebat.
2415 720 2483 774 At
2503 721 2723 789 insignis
2749 722 2882 776 tanti
2911 724 3008 776 viri
3039 725 3206 778 virtus
3227 726 3420 792 exiguo
3443 743 3573 781 con-

2003 812 2110 865 dita
2153 812 2358 865 tumqu
2412 813 2484 865 ita
2513 812 2735 867 miriﬁce
2764 815 2985 879 enituit,
3029 823 3084 868 ut
3114 816 3258 870 brevi
3291 827 3312 854 τ
3337 819 3573 888 quinque

2001 903 2234 957 basilicis
2289 903 2580 958 adornatus
2634 905 2826 970 fuerit,
2882 920 3104 972 quarum
3156 908 3360 974 fastigia
3417 910 3574 976 longe

2001 999 2272 1060 aspectata
2303 993 2448 1045 urbis
2475 993 2707 1060 speciem
2736 992 3107 1062 praeferebant.
3148 995 3222 1050 De
3251 997 3332 1050 his
3364 1008 3386 1033 ι·
3419 999 3573 1065 quin-

2001 1101 2104 1154 que
2133 1086 2365 1139 basilicis
2395 1087 2503 1153 agit
2530 1085 2780 1140 Paulinus
2810 1087 2862 1139 in
2888 1088 2997 1140 suis
3023 1089 3346 1143 carminibus
3375 1090 3441 1143 ab
3469 1091 3571 1143 ini-

2003 1177 2077 1230 tio
2103 1176 2227 1229 anni
2256 1175 2393 1242 599,
2449 1176 2588 1229 inter
2631 1191 2764 1244 quas
2805 1173 2943 1230 forte
2989 1177 3246 1246 capellam
3285 1179 3570 1246 quamdam

2004 1267 2421 1330 annumerabat,
2474 1281 2592 1335 qua:
2620 1266 2745 1321 licet
2770 1266 2986 1321 basilica
3017 1284 3122 1320 non
3153 1267 3335 1333 fuerit,
3393 1285 3460 1323 eo
3494 1278 3546 1323 ta

2003 1370 2123 1408 men
2157 1354 2371 1408 nomine
2401 1355 2576 1423 potuit
2606 1356 2929 1424 nuncupari,
2984 1356 3409 1424 quandoquidem
3447 1373 3568 1410 cum

2008 1448 2024 1480 ί
2048 1445 2113 1498 de
2140 1459 2274 1498 nova
2288 1444 2503 1498 basilica
2519 1444 2622 1498 hoc
2650 1459 2790 1497 anno
2811 1444 3049 1497 absoluta
3075 1444 3323 1512 loquitur,
3348 1453 3577 1512 quatuor

2003 1536 2232 1602 antiquis
2253 1535 2391 1589 hanc
2412 1533 2643 1587 additam
2671 1548 2788 1588 esse
2817 1534 3025 1587 asserit.
3065 1533 3169 1587 Sed
3191 1549 3288 1588 nec
3311 1535 3377 1587 ad
3403 1544 3576 1588 tumu-

2005 1627 2110 1678 lum
2137 1624 2193 1678 S.
2227 1624 2416 1678 Felicis
2442 1633 2470 1660 υ
2499 1624 2735 1678 aﬂluenti
2757 1625 2954 1693 popqu
2974 1625 3306 1678 sufﬁciebant
3327 1625 3578 1694 (quatuor

328 1721 507 1775 tentia:
537 1719 724 1772 habitu
773 1727 828 1771 et
856 1715 1042 1768 labore
1069 1711 1362 1780 indigeret,
1394 1711 1555 1777 idque
1607 1709 1722 1764 fuse
1773 1709 1904 1766 satis
1935 1722 1979 1780 Β
2008 1717 2088 1770 vel
2116 1715 2372 1784 quinque)
2406 1715 2506 1767 illm
2533 1714 2766 1768 basilica:
2795 1729 2928 1782 quas
2957 1713 3144 1766 Nolam
3179 1714 3466 1768 adveniens
3493 1729 3579 1768 re-

327 1811 585 1880 explicat.
615 1807 866 1876 .Reliqua
888 1804 915 1842 (³
945 1803 1271 1874 praeconium
1318 1801 1606 1856 coniiciunt
1649 1800 1904 1866 Melaniae,

333 1911 356 1933 ο
382 1901 469 1954 cui
499 1905 689 1967 utpote
717 1896 900 1950 Romae
928 1891 1280 1948 commoranti
1311 1891 1499 1944 timere
1538 1905 1595 1944 se
1619 1889 1764 1943 dicit.
1797 1888 1911 1942 Hoc

330 2003 546 2055 quoque
601 2001 765 2049 anno,
798 1999 898 2038 nec
943 1983 1115 2037 serius
1161 1980 1226 2034 ad
1271 1979 1532 2034 Severum
1585 1979 1910 2048 trigesimam

333 2078 474 2129 misit
501 2075 785 2144 epistolam
840 2072 1120 2136 Paulinus,
1175 2085 1336 2138 quam
1389 2070 1714 2137 Augustinus
1753 2071 1768 2106 ί
1805 2079 1913 2123 tra-

333 2176 482 2219 ctans
510 2165 580 2219 de
608 2164 763 2233 culpa
793 2161 1038 2230 originali
1065 2160 1248 2215 citavit
1276 2199 1290 2213 .
1321 2159 1390 2215 de
1417 2174 1481 2214 ea
1506 2158 1617 2228 jam
1644 2175 1804 2229 supra
1825 2160 1910 2214 di-

335 2265 479 2309 ctum
506 2261 591 2307 est
620 2267 738 2322 cap.
769 2251 858 2316 20,
891 2267 945 2304 n.
980 2250 1031 2304 1.

403 2344 458 2396 4.
502 2343 806 2410 Rogaverat
829 2341 1079 2405 Severus,
1110 2348 1168 2394 ut
1195 2341 1481 2396 verisimile
1508 2350 1618 2405 est,
1652 2351 1676 2388 Β
1708 2338 1914 2393 Paulini

338 2445 391 2488 et
418 2434 691 2488 Therasiae
716 2432 1008 2498 imagines,
1057 2430 1111 2484 in
1149 2445 1258 2499 quo
1287 2446 1410 2485 eum
1448 2432 1682 2486 insanire
1711 2446 1915 2498 espro-

339 2524 459 2578 brat
487 2523 740 2577 Paulinus
758 2560 772 2585 ,
829 2521 1100 2589 multaque
1126 2535 1249 2575 eum
1277 2521 1500 2576 caritate
1527 2535 1665 2590 pene
1690 2520 1915 2574 delirum

343 2617 495 2679 fieri;
540 2622 597 2668 et
626 2613 900 2680 ingeniose
919 2611 1243 2681 postulatum
1273 2610 1299 2647 ιι
1327 2612 1393 2666 de
1422 2613 1640 2667 homine
1665 2612 1920 2666 interiore

344 2707 706 2774 interpretans
733 2702 921 2767 eludit,
973 2718 1038 2757 ac
1065 2702 1223 2757 solita
1244 2710 1530 2757 venustate
1557 2710 1612 2757 et
1634 2702 1920 2757 sanctitate

346 2797 411 2850 de
450 2811 518 2850 eo
560 2795 816 2863 disputat.
865 2792 1149 2848 Concludit
1176 2793 1406 2862 denique
1437 2792 1624 2849 dicens
1660 2792 1675 2830 ί
1708 2791 1851 2861 quod
1874 2791 1920 2846 si

347 2894 524 2941 tantus
555 2901 706 2939 amor
733 2885 805 2938 illi
839 2893 930 2938 est
954 2883 1180 2939 visibilia
1207 2898 1424 2953 quoque
1464 2893 1682 2954 captare
1706 2882 1918 2947 solatia,

348 2974 546 3042 poterit
593 2987 690 3042 per
735 2973 1016 3040 magistras
1051 2972 1215 3025 animi
1244 2972 1324 3026 sui
1355 2972 1523 3026 lineas
1542 2972 1628 3027 vel
1658 2971 1918 3041 imperitis

2010 1814 2224 1874 pererat
2274 1803 2565 1857 Paulinus:
2617 1814 2642 1840 ν
2679 1819 2873 1857 novam
2921 1805 3102 1871 itaque
3147 1805 3349 1858 exstrui
3397 1805 3576 1874 jussit,

2013 1910 2172 1963 quam
2222 1895 2364 1962 apsis
2406 1894 2522 1948 solo
2567 1901 2625 1946 et
2669 1893 2961 1963 parietibus
3005 1903 3327 1946 marmorata
3369 1909 3578 1947 necnon

2011 2000 2221 2040 camera
2263 1985 2468 2038 musivo
2499 1984 2649 2037 illusa
2679 1982 3020 2045 clariﬁcabat,
3047 1984 3135 2036 ubi
3164 1978 3395 2036 Triniia's
3421 1983 3579 2051 pleno

2013 2075 2331 2130 coruscabat
2373 2074 2630 2144 mysterio
2663 2092 2675 2126 :
2724 2074 2937 2126 Patrem
2974 2072 3191 2141 quidem
3221 2089 3327 2125 vox
3369 2088 3400 2125 e
3439 2073 3578 2125 nnht:

2015 2175 2227 2233 tonans,
2258 2166 2526 2221 Christum
2553 2178 2751 2231 agnus,
2782 2163 3036 2233 Spiritum
3061 2163 3306 2217 columba
3334 2162 3580 2229 designat-

2014 2260 2123 2313 bat.
2158 2259 2387 2312 Crucem
2416 2265 2672 2326 prieterea
2701 2271 2900 2311 corona
2930 2254 3105 2308 lucido
3131 2255 3374 2320 cingebat
3402 2253 3582 2321 globo,

2014 2349 2099 2402 cui
2137 2362 2349 2401 corona:
2397 2347 2607 2399 inerant
2651 2344 2879 2413 apostoli
2920 2345 2970 2397 in
3000 2344 3367 2397 columbarum
3418 2343 3584 2396 choro

2018 2435 2226 2503 figurati
2257 2453 2269 2487 :
2321 2444 2431 2488 tum
2459 2435 2526 2488 de
2550 2442 2701 2504 petra
2730 2442 2963 2501 quatuor
2991 2433 3242 2486 meabaut
3273 2433 3447 2486 fontes
3475 2433 3585 2499 qui-

2016 2527 2114 2580 bus
2133 2527 2347 2580 stabant
2367 2526 2703 2592 evangelista:
2727 2533 2958 2593 quatuor
2974 2525 3091 2577 viva
3111 2522 3210 2577 Chi
3224 2524 3308 2577 isti
3331 2523 3544 2577 Iltnnina
3569 2541 3584 2588 ;

2015 2632 2204 2671 versus
2241 2617 2380 2670 enim
2414 2617 2652 2686 inscripti
2678 2616 2791 2670 haec
2819 2617 2996 2670 omnia
3037 2616 3394 2684 explicabant.
3445 2614 3587 2670 Intra

2017 2709 2254 2778 apsidem
2281 2718 2302 2749 κ
2339 2709 2633 2762 trichorum
2668 2708 2944 2762 videbatur
2970 2708 3140 2761 altare
3166 2707 3218 2760 in
3243 2722 3350 2775 quo
3370 2715 3589 2761 sacrata:

2018 2798 2386 2869 apostolorum
2424 2806 2478 2851 et
2505 2806 2798 2867 martyrum
2836 2797 3072 2864 reliquis:
3099 2797 3387 2850 recondita:
3414 2804 3587 2860 erant,

2019 2904 2225 2943 necnon
2275 2889 2533 2957 particula
2573 2887 2638 2941 de
2667 2887 2808 2954 ligno
2835 2887 3010 2940 crucis
3043 2895 3201 2955 quam
3252 2884 3479 2938 Melania
3523 2885 3590 2937 ab

2021 2978 2353 3033 Hierusalem
2383 2978 2487 3031 hoc
2515 2977 2631 3046 ipso
2660 2990 2803 3029 anno
2832 2975 2898 3027 ad
2926 2989 3044 3028 eum
3077 2973 3359 3027 detulerat.
3396 2973 3589 3027 Totum

349 3073 438 3117 ειη
458 3063 827 3132 isnoramibus
840 3060 1118 3115 Ρ³υ¹ίηι¹¹ῐ¹
1137 3068 1193 3116 ει
1210 3060 1519 3116 “erasnm
1535 3061 1736 3115 diem"?
1750 3060 1918 3130 Dicm“
1946 3068 1992 3131 C
2022 3085 2152 3125 vero
2180 3077 2331 3124 extra
2362 3068 2622 3122 concham
2649 3076 2676 3115 γ
2700 3059 2931 3121 basilica:
2959 3064 3186 3134 spatium
3215 3063 3325 3117 alto
3365 3072 3420 3117 et
3448 3064 3593 3118 lacu-

351 3155 524 3216 ribus,
578 3152 892 3206 memoriam
930 3151 1034 3204 illis
1088 3150 1142 3204 in
1167 3165 1274 3219 qua
1317 3164 1414 3205 eos
1453 3150 1677 3205 haberet
1723 3152 1915 3220 pictos,

351 3247 495 3300 velut
535 3245 788 3299 imitanda
843 3243 911 3297 de
950 3243 1256 3312 conspicuis
1297 3242 1640 3297 assidentium
1688 3242 1921 3296 vultibus

348 3352 442 3389 ora
471 3349 797 3405 proponens.
843 3334 950 3388 Sed
969 3334 1013 3387 si
1043 3336 1212 3403 forte,
1243 3332 1429 3388 additi
1471 3331 1616 3386 idem
1647 3331 1920 3395 Paulinus,

349 3428 418 3479 ad
443 3425 758 3478 intellectum
794 3424 932 3476 verbi
978 3423 1052 3475 tui
1091 3423 1328 3476 inscitior
1356 3437 1539 3475 manus
1573 3422 1701 3474 artis
1727 3427 1748 3456 ι
1779 3437 1924 3472 erra-

351 3519 508 3581 rerit,
546 3515 826 3568 dissimiles
849 3513 1022 3583 piuget
1047 3515 1206 3577 aliis;
1243 3513 1334 3566 tibi
1371 3522 1542 3565 tamen
1570 3509 1586 3548 ι
1614 3527 1707 3564 nos
1729 3527 1926 3578 semper

352 3611 524 3661 animo
565 3603 916 3659 consideranti
958 3612 1006 3656 et
1043 3604 1430 3672 complectenti,
1486 3600 1925 3673 quoslibetuultus

354 3698 444 3750 sub
473 3705 650 3749 nostro
682 3695 890 3748 nomine
921 3693 1180 3762 imperitia
1219 3709 1312 3746 sua
1336 3693 1591 3763 pinxerit,
1643 3700 1811 3744 tamen
1840 3699 1928 3742 tua

355 3787 668 3839 conscientia
695 3801 788 3838 nos
812 3785 1022 3838 erimus.
1054 3783 1214 3852 quue
1236 3783 1466 3838 Severus
1487 3781 1674 3837 fecisse
1695 3782 1927 3848 videtur,

357 3876 785 3946 quandoquidem
811 3891 954 3929 anno
990 3874 1234 3943 sequenti
1261 3884 1294 3909 ω
1313 3873 1592 3927 Paulinum
1620 3873 1672 3926 in
1701 3873 1814 3926 inde
1845 3886 1930 3925 sa-

358 3984 447 4022 cra
476 3968 622 4037 pingi
651 3975 937 4021 curaverat
963 3985 974 4018 :
1015 3965 1156 4020 unde
1184 3966 1287 4020 hoc
1315 3981 1457 4019 anno
1483 3965 1738 4034 scriptam
1767 3962 1932 4017 fuisse

359 4059 656 4126 colligimus
709 4057 848 4111 hanc
897 4057 1179 4125 epistolam
1203 4095 1221 4122 ,
1268 4070 1426 4123 quam
1470 4069 1569 4109 nec
1608 4054 1778 4108 multo
1807 4060 1931 4106 ante

360 4149 700 4203 conscribere
724 4146 900 4216 potuit
930 4163 944 4210 ;
973 4161 1077 4215 qua
1106 4146 1246 4200 enim
1275 4160 1372 4213 spe
1394 4143 1672 4198 Paulinum
1703 4142 1933 4197 adeundi

362 4242 655 4295 ducebatur
680 4239 930 4300 Severus,
966 4252 1028 4290 ea
1057 4251 1186 4290 sane
1213 4235 1454 4303 deiectus
1477 4242 1558 4289 est
1578 4250 1699 4288 cum
1726 4232 1933 4286 Paulini

365 4332 648 4399 imaginem
678 4329 982 4398 postulavit.
1027 4328 1142 4381 Non
1161 4335 1382 4395 apparet
1407 4341 1435 4379 a
1456 4341 1563 4393 quo
1593 4324 1794 4378 reddita
1824 4323 1935 4378 fue-

365 4423 434 4476 rit
475 4422 590 4475 hcec
634 4420 860 4490 epistola
880 4460 894 4486 ,
954 4433 1053 4474 nec
1081 4434 1144 4473 ea
1182 4418 1347 4472 ullum
1371 4417 1531 4471 habet
1560 4416 1793 4470 historia:
1821 4428 1936 4467 mo-

367 4516 698 4564 nomentum.

930 4633 1156 4689 CAPUT
1208 4633 1364 4688 XLII.

368 4758 526 4812 Juxta
562 4757 623 4811 S.
659 4756 850 4809 Felicis
897 4755 1143 4808 tumulum
1175 4771 1358 4808 novam
1403 4755 1670 4808 basilicam
1710 4754 1940 4808 construi

501 4827 651 4898 jubet
681 4825 951 4878 Paulinus.
978 4841 1189 4878 eamaue
1209 4825 1367 4878 variis
1387 4835 1538 4879 ornat
1565 4826 1798 4894 picturis.

441 4959 548 5028 74
575 4959 627 5010 1.
654 4956 770 5010 iam
788 4956 1058 5020 Paulinus,
1078 4963 1138 5010 ut
1153 4965 1176 4992 η
1196 4971 1354 5026 supra
1386 4955 1639 5023 diximus,
1669 4957 1944 5025 adiunctas

371 5050 434 5102 ad
457 5049 511 5102 S.
531 5047 726 5102 Felicis
753 5048 1035 5101 ecclesiam
1065 5048 1207 5101 zedes
1239 5062 1378 5101 anno
1400 5047 1503 5102 400
1530 5058 1807 5104 exstruere
1833 5063 1943 5103 oce-

372 5148 542 5208 perat,
574 5153 711 5207 quas
736 5147 760 5174 ⁸
793 5139 953 5193 tertio
982 5147 1104 5207 post
1131 5154 1303 5202 anno,
1337 5140 1542 5194 scilicet
1569 5139 1704 5207 402,
1733 5141 1946 5195 absolu-

443 5279 467 5307 ι
509 5268 749 5339 Ep.29,
801 5285 857 5323 η.
910 5267 1267 5339 ὅκδιὺίὰτ,
1324 5269 1504 5339 n._l;
1562 5277 1618 5324 et
1660 5284 1747 5339 ep.
1787 5268 1902 5339 28,
1949 5283 2013 5339 _n.

377 5354 426 5391 n.
463 5339 543 5391 I5.

381 5410 473 5476 arti
479 5410 512 5476 ﬁ
521 5409 613 5460 cis.

385 5471 500 5528 187.
581 5478 608 5525 η
637 5475 817 5530 Carm.
851 5475 940 5540 I8,
965 5471 1016 5530 vv.
1046 5476 1165 5529 I70.
1248 5486 1268 5513 τ
1294 5477 1455 5541 11)ίά.,
1489 5493 1540 5530 v.
1565 5471 1686 5530 170.
1763 5487 1784 5511 ³
1816 5476 1944 5529 Ibid.

629 5338 648 5376 ί
669 5338 801 5422 Aug.
829 5354 916 5407 ep.
950 5337 1069 5403 I86,
1102 5356 1155 5392 n.
1189 5337 1256 5391 40
1329 5348 1354 5385 ε
1385 5337 1588 5392 Paulin.
1623 5335 1708 5407 ep;
1742 5338 1830 5404 50,
1859 5355 1911 5391 n.
1941 5337 1994 5389 2.
2071 5335 2098 5374 ιι
2128 5336 2258 5391 Ibid.

697 5407 712 5444 1
749 5407 908 5444 ιηηνιο
937 5408 1214 5444 magna...“
1245 5417 1412 5444 ωηο...
1507 5419 1545 5444 ω
1577 5407 1652 5444 πη
1705 5407 1773 5444 κθ
1824 5423 1854 5444 n
1906 5407 1940 5444 εὶ
2033 5415 2059 5443 n
2091 5406 2199 5444 nm
2241 5407 2258 5444 β

749 5406 908 5476 Forte
937 5408 1215 5475 legendum
1245 5417 1435 5460 autent.
1507 5419 1545 5444 ω
1577 5406 1672 5475 Ep.
1705 5407 1790 5468 52,
1824 5423 1874 5458 n.
1906 5407 1956 5459 2.
2033 5415 2059 5443 υ
2088 5406 2220 5476 Cap.
2241 5407 2326 5476 57,
2347 5424 2400 5460 n.
2434 5407 2485 5460 5.

2021 3171 2148 3217 nato
2168 3160 2400 3216 culmine
2418 3159 2644 3228 geminis
2663 3158 2930 3225 utrimque
2943 3155 3236 3225 porticibus
3250 3154 3591 3214 dilatahatur,

2022 3253 2220 3322 quibus
2264 3251 2462 3321 duplex
2491 3259 2590 3319 per
2617 3248 2855 3316 singulos
2896 3261 3053 3301 arcus
3090 3245 3416 3312 dirigebatur
3459 3245 3594 3299 ordo

2022 3342 2411 3398 columnarum.
2469 3350 2490 3376 ³
2542 3337 2796 3394 Cubicula
2843 3338 2981 3391 intra
3027 3336 3267 3404 porticus
3311 3343 3593 3403 quaterna,

2025 3433 2197 3500 longis
2243 3431 2475 3486 basilica:
2518 3430 2770 3484 lateribus
2798 3429 3031 3491 inserta,
3079 3426 3302 3481 secretis
3330 3426 3595 3481 orantium

2024 3523 2108 3575 vel
2133 3522 2184 3574 in
2214 3521 2329 3589 lege
2360 3520 2568 3574 Domini
2596 3518 2994 3580 meditantium,
3034 3525 3290 3585 praeterea
3324 3515 3598 3568 memoriis

2026 3611 2393 3674 religiosorum
2436 3623 2499 3661 ac
2528 3607 2898 3670 familiarium,
2929 3605 3342 3658 accommodatas
3363 3613 3429 3654 aa
3457 3605 3600 3672 pacis

2028 3710 2234 3755 wternw
2258 3701 2481 3768 requiem
2502 3697 2638 3749 locos
2657 3694 2964 3766 praebebant.
3001 3693 3202 3746 Deinde
3228 3701 3348 3745 enm
3380 3701 3434 3728 ⁸⁸
3465 3691 3600 3744 dua.

2028 3793 2128 3845 bus
2172 3790 2360 3843 dextra
2404 3790 2638 3854 lmvaque
2683 3785 2958 3840 conchulis
3001 3785 3140 3837 intra
3186 3782 3480 3851 spatiosum
3518 3783 3599 3836 sui

2030 3879 2287 3933 ambitum
2321 3877 2463 3932 absis
2509 3877 2720 3930 sinuata
2764 3874 3083 3928 Iaxabatur:
3137 3873 3349 3925 sinistra
3388 3871 3601 3940 quidem

2031 3978 2248 4024 orantes
2304 3977 2358 4021 et
2405 3969 2574 4036 legem
2621 3974 2861 4021 sanctam
2918 3965 3235 4019 meditantes
3287 3964 3600 4032 recipiebat,

2029 4061 2218 4115 dextra
2249 4073 2376 4112 vero
2420 4055 2717 4110 immolanti
2759 4054 3092 4123 jubilationis
3139 4053 3342 4107 hostias
3379 4052 3601 4105 antistiti

2035 4151 2272 4221 patebat,
2306 4151 2471 4202 instar
2498 4147 2816 4202 veneranda:
2842 4161 3013 4216 penus
3031 4160 3134 4214 qua
3157 4145 3523 4198 condebantur
3551 4152 3607 4196 et

2033 4257 2136 4309 qua
2161 4241 2543 4309 promebantur
2570 4238 2708 4293 sacri
2744 4236 3025 4292 ministerii
3053 4251 3177 4290 vasa
3211 4243 3266 4291 et
3293 4243 3605 4290 ornamenta

2037 4332 2102 4384 ad
2131 4331 2298 4383 altare
2325 4327 2634 4383 deferenda.

1965 4429 2014 4488 Ι)
2107 4421 2160 4474 2.
2194 4422 2248 4474 In
2281 4421 2380 4474 hac
2395 4419 2450 4458 δι’
2482 4435 2617 4472 nova
2642 4417 2858 4472 basilica
2884 4417 3154 4484 antiquam
3185 4428 3377 4482 tegem,
3405 4414 3508 4468 hoc
3529 4420 3610 4468 est

2046 4523 2097 4551 ει·
2116 4510 2488 4574 Pentateuchi,
2512 4508 2671 4563 Josue
2683 4513 2738 4561 et
2756 4506 2901 4559 Ruth
2917 4506 3166 4560 historias
3179 4545 3194 4570 ,
3213 4503 3269 4541 άά
3299 4504 3493 4558 additis
3521 4519 3607 4556 ar-

2041 4601 2334 4672 gumentis,
2363 4601 2574 4669 depingi
2603 4598 2773 4653 voluit
2802 4597 3054 4651 Paulinus
3084 4598 3136 4650 in
3166 4595 3392 4662 gratiam
3421 4610 3610 4649 eorum

2041 4694 2132 4762 qui
2160 4693 2226 4746 ad
2259 4691 2317 4746 S.
2354 4691 2543 4745 Felicis
2574 4689 2766 4743 festum
2796 4688 3029 4757 undique
3058 4687 3280 4754 singulis
3316 4685 3469 4739 annis
3490 4685 3614 4739 illuc

2042 4779 2497 4846 conlluebant,qui
2525 4778 2738 4846 quidem
2757 4778 2921 4831 ferme
2942 4791 3128 4830 omnes
3151 4785 3206 4813 σο
3228 4775 3409 4829 rustici
3439 4782 3612 4835 erant,

2045 4872 2290 4938 adeoque
2309 4868 2470 4923 rudes
2490 4877 2544 4922 et
2577 4867 2892 4937 imperiti,ut
2919 4866 3116 4935 aliquid
3143 4865 3377 4920 maxime
3397 4863 3614 4930 religio-

2044 4979 2162 5017 sum
2208 4961 2464 5015 ducerent
2497 4974 2658 5028 super
2685 4959 2916 5012 tumulos
2941 4966 3246 5012 sanctorum
3274 4971 3484 5010 mensas
3511 4955 3615 5023 75

2046 5059 2272 5113 struere,
2304 5058 2358 5104 et
2378 5048 2616 5102 convivia
2639 5056 2906 5102 sectantes
2926 5048 2976 5100 in
3005 5048 3130 5114 ipsis
3151 5046 3384 5101 basilicis
3404 5051 3615 5099 noctem

2048 5141 2103 5194 in
2133 5141 2302 5209 epulis
2327 5139 2637 5206 crebrisque
2659 5138 3023 5207 potationibus
3051 5150 3385 5191 consumere.

2069 5267 2122 5338 _4.
2202 5279 2232 5338 CA
2260 5267 2360 5338 Ep.
2394 5266 2470 5338 _29
2492 5309 2507 5333 ,
2539 5285 2594 5322 ιι.
2626 5268 2652 5320 1
2692 5275 2747 5338 et
2775 5266 2827 5321 4.
2868 5263 3208 5338 A_"_Ibid.,_n.
3250 5263 3303 5318 6.
3341 5333 3355 5338 _
3383 5273 3406 5301 ⁸
3446 5261 3573 5338 Ibid.
3597 5301 3613 5323 ,

2343 5337 2357 5374 ί
2394 5331 2547 5402 Ibid.,
2601 5354 2656 5391 n.
2683 5337 2736 5390 6.
2815 5338 2829 5386 i
2867 5335 2999 5390 Ibid.
3078 5335 3098 5370 ⁸
3128 5333 3289 5390 Forte
3341 5331 3617 5399 legendum

2347 5424 2400 5460 n.
2434 5407 2485 5460 5.
2568 5408 2782 5460 °Carm.
2814 5403 2900 5466 25,
2932 5421 2983 5455 ν.
3016 5402 3120 5456 268
3195 5413 3219 5449 ι’
3247 5401 3402 5464 Ibid.,
3431 5416 3482 5452 v.
3510 5398 3619 5466 2et

2027 5479 2053 5545 ⁸.
2080 5465 2182 5545 Et):
2222 5465 2324 5545 53;
2356 5492 2410 5529 η-
2444 5474 2528 5527 10-
2609 5485 2633 5511 ’³
2664 5476 2841 5545 Carm.
2875 5465 2961 5537 18,
2990 5470 3179 5545 v_._I82
3201 5479 3301 5545 E‘et
3328 5483 3490 5545 carm.
3523 5465 3616 5532 24,

383 5545 581 5615 v._491.
639 5557 682 5615 γ’
715 5544 812 5615 Ep.
966 5561 1033 5597 n..
1063 5545 1165 5615 I0;
1215 5552 1409 5615 etnot.
1641 5555 1663 5581 κ
1693 5545 1822 5615 Ibid.
1857 5555 1922 5615 ,γ

2019 5538 2105 5615 id_.,
2127 5535 2201 5599 In.
2236 5535 2358 5615 I2;
2401 5556 2421 5581 ι
2449 5545 2578 5600 Ibid.
2657 5554 2714 5583 δυ
2742 5544 2898 5610 Ibid.,
2935 5535 2985 5596 ὴ.
3014 5542 3080 5596 I5
3110 5550 3164 5596 et
3195 5538 3278 5592 I6.
3353 5536 3412 5576 Μ’
3434 5535 3618 5594 Carm.

385 5612 468 5682 25,
495 5631 545 5669 v.
578 5614 700 5670 I75.
761 5611 833 5654 ⁷η
866 5612 1042 5670 Carm.
1064 5613 1154 5683 27,
1185 5631 1234 5669 v.
1267 5613 1387 5667 5I7.
1460 5613 1519 5653 ιιά
1548 5615 1702 5677 Ibid.,
1731 5631 1777 5669 v.
1811 5611 1925 5670 584.

2019 5625 2031 5652 ³
2059 5613 2211 5680 Ibid.,
2248 5631 2296 5668 v.
2329 5612 2429 5668 517
