4020 6186
292 321 386 378 101

1674 330 2197 389 PROLEGOMENA.

3477 342 3582 397 10⁸2

288 432 631 490 celebranda.
691 432 793 490 llic
820 434 975 492 locus
1005 437 1147 494 forte
1189 437 1367 494 fuerat
1396 456 1426 495 a
1456 440 1893 499 Paulinosolum-
1912 450 1961 508 Α
1990 460 2218 515 Operum
2247 460 2366 515 quae
2410 447 2480 501 ad
2528 463 2736 505 sacram
2767 451 2822 507 8.
2874 452 3065 510 Felicis
3110 453 3277 511 :cdem
3314 456 3495 511 addita
3523 467 3582 513 et

286 522 452 578 modo
471 532 714 587 ornatus,
746 525 1034 583 decoratus
1061 544 1125 583 ac
1153 540 1466 599 renovatus,
1496 549 1619 587 cum
1650 533 1884 589 fateatur

288 626 312 652 ³
332 616 387 669 in
416 631 486 670 eo
512 630 573 670 se
602 628 914 686 superatum
938 634 968 673 a
994 618 1197 677 Severo
1226 624 1367 693 quod
1389 625 1763 695 baptisterium
1792 628 1882 683 ille

287 704 638 759 condidisset.
696 704 823 761 Haec
878 707 991 763 fere
1018 711 1232 775 omnia,
1291 721 1552 780 quantum
1607 716 1882 784 potuimus

285 796 538 867 assequi,
567 796 823 852 describit
851 797 1105 855 Paulinus
1134 811 1322 857 noster
1353 804 1421 859 de
1445 806 1805 863 additionibus
1828 817 1883 864 et

285 887 623 941 ornamentis
643 887 711 940 ab
736 888 850 956 ipso
873 888 1026 944 factis
1048 891 1099 944 in
1122 891 1176 945 S.
1205 893 1398 950 Felicis
1417 897 1699 963 honorem,
1722 914 1881 967 quem

285 976 339 1030 in
369 984 660 1045 patronum
691 988 1040 1035 assumserat.
1074 981 1189 1038 Non
1212 983 1440 1040 deerunt
1461 989 1884 1058 perspicaciores

283 1068 428 1122 oculi
460 1068 553 1136 qui
577 1068 729 1137 plura
750 1079 1057 1137 penetrem.

355 1157 409 1210 5.
443 1156 573 1213 Haec
600 1158 822 1213 :ediﬁcia
858 1160 971 1215 Deo
1000 1170 1219 1232 accepta
1249 1165 1417 1221 fuisse
1447 1174 1677 1223 testatur
1705 1168 1884 1225 Pauli.

284 1262 420 1315 nus,
449 1246 478 1285 ιι
502 1248 647 1317 quod
678 1257 735 1303 et
763 1251 1025 1307 miraculo
1054 1255 1286 1323 quodam
1316 1259 1728 1328 comprobatum
1778 1272 1881 1318 est.

283 1337 341 1392 ln
365 1338 544 1393 media
573 1340 716 1393 enim
744 1354 872 1395 area
896 1341 1051 1411 juxta
1078 1346 1320 1401 ecclesia:
1343 1348 1526 1404 limina
1556 1362 1715 1407 erant
1737 1362 1885 1408 vetu-

284 1430 349 1484 lze
386 1431 585 1486 domus
612 1430 730 1485 duae
770 1432 960 1499 ligneae
999 1450 1116 1505 quae
1158 1435 1302 1493 ﬁndo
1346 1439 1501 1495 obice
1537 1453 1880 1512 prospectum

282 1523 565 1578 creabant
612 1532 668 1578 et
720 1524 875 1579 decus
919 1543 1069 1580 omne
1108 1544 1317 1598 operum
1364 1532 1704 1601 perimebant.
1759 1534 1882 1590 Illas

283 1614 497 1668 amoliri
526 1614 779 1683 cupiebat
808 1613 1104 1682 Paulinus;
1157 1626 1215 1672 at
1253 1618 1507 1676 dominus
1541 1622 1692 1691 cujus
1728 1634 1882 1680 erant

285 1702 499 1771 iurabat
545 1717 607 1758 se
651 1704 835 1774 potius
880 1714 1111 1761 mortem
1160 1709 1526 1778 oppetiturum
1567 1727 1730 1782 quam
1756 1713 1881 1769 inde

283 1808 651 1862 egressumm.

788 1890 895 1960 77
928 1898 1214 1962 Temnenda
1244 1901 1443 1962 quidem
1472 1917 1566 1953 vox

408 1954 510 2028 ista
531 1954 827 2028 videbatur}
853 1954 1090 2028 sederat,
1112 1954 1272 2028 fateor
1292 1966 1411 2014 mihi
1435 1967 1647 2028 idipsum

405 2018 631 2081 Invidiae,
660 2022 874 2071 taedebat
891 2027 1020 2072 enim
1046 2018 1123 2074 vel
1148 2026 1348 2076 vincere
1382 2018 1511 2088 rixa,

285 2122 357 2175 ait
383 2121 646 2178 Paulinus
678 2134 724 2177 ο.

356 2214 423 2267 At
458 2210 485 2250 ιι
528 2213 764 2282 quadam
806 2223 969 2271 nocte
1008 2230 1076 2271 ex
1122 2216 1416 2287 improviso
1473 2235 1578 2274 una
1621 2221 1877 2275 cellarum

286 2301 534 2358 incendio
564 2303 746 2358 subito
773 2304 1033 2372 ﬂagrante
1061 2306 1133 2359 ita
1155 2309 1359 2362 exarsit
1386 2310 1543 2378 ignis,
1570 2320 1628 2365 ut
1651 2312 1877 2367 ecclesia

282 2394 393 2462 ipsa
423 2403 481 2449 et
511 2404 629 2449 tota
656 2395 849 2449 vicinia
876 2397 1323 2464 periclitarentur.
1358 2400 1575 2455 Frustra
1603 2400 1670 2455 ad
1699 2417 1883 2457 arcen-

283 2484 402 2537 dam
430 2484 709 2539 ilammam
735 2486 826 2541 diu
850 2487 1183 2542 elaboratum
1210 2498 1313 2553 est,
1343 2491 1519 2547 donec
1544 2493 1658 2561 ipse
1702 2492 1881 2548 Pauli-

286 2593 379 2630 nus
408 2577 468 2630 S.
501 2577 703 2633 Felicis
731 2580 986 2649 templum
1018 2581 1288 2649 ingressus
1314 2586 1582 2653 supplices
1610 2587 1679 2640 ad
1710 2587 1878 2642 Deum

282 2683 469 2736 preces
499 2668 658 2731 fudit,
686 2678 743 2723 et
762 2671 1011 2741 martyris
1031 2672 1193 2728 fultus
1217 2675 1483 2743 precibus,
1508 2678 1712 2733 meritis
1739 2693 1877 2746 quo-

283 2774 386 2828 que
432 2760 808 2827 apostolorum
853 2776 1083 2829 quorum
1131 2766 1341 2820 cineres
1398 2776 1453 2821 et
1496 2768 1735 2837 reliquiae
1779 2771 1879 2824 sub

283 2849 438 2903 altari
496 2851 692 2905 vicinae
739 2852 978 2907 ecclesiae
1027 2854 1446 2924 delitescebant,
1495 2859 1715 2914 domum
1767 2861 1879 2930 ipse

284 2950 468 3011 postea
512 2958 785 3008 reversus,
834 2953 1068 2999 sumtum
1115 2947 1183 3002 de
1211 2964 1352 3003 verte
1380 2952 1555 3005 crucis
1601 2952 1745 3020 ligno
1770 2952 1879 3007 fra-

284 3044 559 3103 gmentum
613 3036 844 3093 ﬂammis
892 3043 1165 3109 Opposuit,
1216 3058 1337 3111 qum
1385 3045 1567 3098 statim
1620 3046 1878 3115 impetum

284 3136 568 3181 remorata:
597 3139 920 3184 convertere
947 3144 1007 3184 se
1056 3131 1106 3184 in
1137 3132 1420 3201 pristinum
1469 3133 1645 3189 locum
1674 3136 1743 3191 de
1770 3152 1877 3205 quo

284 3217 713 3285 insurrexcrant,
745 3219 833 3272 ubi
859 3220 1140 3277 deficiente
1168 3223 1365 3293 pabulo
1411 3224 1560 3279 brevi
1604 3228 1882 3283 exstinctae

283 3317 423 3361 sunt.
456 3317 485 3347 α
516 3308 675 3363 Mane
704 3309 846 3365 facto
892 3328 997 3365 una
1024 3313 1305 3368 dumtaxat
1330 3327 1543 3385 reperta
1570 3326 1654 3371 est
1691 3318 1884 3375 domus

285 3400 419 3468 ignis
445 3401 699 3457 incendio
728 3403 1005 3470 absumta;
1038 3405 1134 3460 sed
1163 3406 1242 3461 ira
1278 3408 1677 3464 excandescens
1704 3410 1880 3465 domi-

284 3507 399 3556 nus,
445 3491 603 3560 cujus
632 3493 826 3549 domus
857 3493 1030 3549 fuerat
1079 3505 1187 3550 tam
1234 3499 1547 3564 miserabili,
1590 3516 1659 3555 ne
1704 3501 1879 3556 dicam

285 3584 537 3648 mirabili,
569 3600 700 3640 casu
723 3601 936 3653 eversa,
967 3588 1191 3643 alteram
1222 3590 1523 3645 destruxit:
1557 3593 1736 3661 itaque
1764 3593 1881 3647 sine

288 3675 377 3730 lite
430 3678 546 3729 voti
604 3690 828 3745 compos
877 3676 1050 3733 factus
1101 3687 1187 3735 est
1234 3678 1512 3736 Paulinus.
1563 3682 1745 3738 Altera
1791 3684 1878 3738 illa

286 3768 535 3833 basilica,
585 3768 640 3821 in
668 3784 774 3838 qua
803 3784 989 3824 orasse
1021 3768 1297 3825 Paulinum
1342 3781 1398 3826 et
1426 3776 1699 3843 apostolos
1728 3776 1882 3829 invo-

286 3875 437 3915 casse
462 3860 719 3924 diximus,
743 3860 959 3915 videtur
978 3859 1141 3916 fuisse
1161 3878 1299 3917 nova
1329 3864 1417 3918 illa
1443 3880 1603 3933 quam
1633 3877 1881 3922 constru-

286 3960 468 4017 xerat;
492 3961 550 4005 et
569 3951 695 4020 quia
711 3950 825 4021 jam
847 3952 1005 4006 altari
1028 3956 1334 4023 suppositas
1352 3957 1607 4025 reliquias
1632 3958 1876 4027 legimus,

287 4041 571 4098 manifeste
598 4051 827 4113 apparet
843 4043 954 4113 jam
976 4054 1088 4100 tum
1119 4047 1262 4101 illam
1291 4063 1411 4103 esse
1439 4049 1759 4105 dedicatam.
1802 4052 1879 4108 De

292 4132 311 4171 ί
340 4134 485 4202 ligno
515 4134 660 4188 enim
687 4149 832 4189 vera:
871 4134 1058 4191 Crucis
1101 4147 1297 4209 praeter
1335 4140 1691 4210 fragmentum
1736 4143 1880 4212 quod

288 4228 383 4281 sub
409 4243 477 4283 eo
506 4229 664 4283 altari
686 4230 948 4299 reposuit,
978 4232 1137 4286 aliam
1162 4242 1186 4281 ε
1204 4235 1518 4304 particulam
1541 4237 1607 4291 ad
1619 4236 1879 4292 Severum

290 4332 430 4371 anno
462 4319 705 4387 sequenti
747 4320 1060 4376 mittendam
1095 4336 1463 4380 reservaverat
1491 4344 1502 4379 :
1533 4327 1626 4381 sed
1650 4329 1763 4383 sive
1792 4329 1878 4382 illa

292 4407 509 4463 basilica
540 4409 646 4465 hoc
674 4425 839 4475 anno,
870 4412 955 4466 vel
982 4416 1227 4483 sequenti
1274 4415 1433 4471 fuerit
1477 4417 1717 4473 dedicata
1737 4458 1752 4484 ,
1782 4418 1880 4473 fuit

293 4509 436 4555 certe
484 4501 508 4537 δ
541 4503 608 4557 ab
660 4503 919 4573 episcopo
966 4503 1134 4561 Paulo
1180 4505 1433 4563 Ecclesiae
1486 4508 1705 4565 Nolana:
1753 4518 1880 4567 tunc

296 4591 535 4659 pmule.

820 4701 956 4742 anno
993 4702 1201 4743 CHRISTI
1238 4686 1360 4744 405.

860 4832 1091 4890 CAPUT
1128 4835 1309 4892 XLIV.

302 4943 726 5027 Basilicamjtem
744 4903 954 5027 iunctis
991 4952 1190 5027 exstrui
1222 4950 1370 5023 jubet
1408 4952 1684 5027 Paulinus,
1715 4965 1762 5009 et
1790 4974 1885 5027 pro

366 5016 760 5071 Primuliacensi
786 5018 1002 5071 basilica
1022 5020 1092 5072 ad
1121 5016 1363 5075 Severum
1383 5024 1539 5076 mittit
1559 5016 1808 5080 carmina:

377 5154 419 5205 Ι.
443 5156 521 5209 Ad
543 5156 759 5209 solitam
783 5155 1004 5212 Paulino
1025 5158 1365 5215 festivitatem
1389 5165 1616 5217 accessit
1636 5174 1692 5219 et
1712 5168 1881 5224 altera

308 5241 453 5300 ihoc
497 5263 642 5302 anno
688 5247 1036 5312 solemnitas,
1087 5249 1352 5307 dedicatio
1394 5253 1598 5308 scilicet
1640 5259 1881 5314 omnium

371 5409 395 5436 η
423 5398 517 5468 Ep‘.
550 5398 724 5464 52,11.
756 5400 808 5455 ι.

371 5409 395 5436 ιι
423 5400 517 5483 Ep}
550 5400 642 5464 52,
669 5416 724 5454 n.
756 5400 808 5455 1.
886 5400 914 5440 ιι
938 5402 1118 5458 Carm.
1142 5404 1231 5472 25,
1256 5423 1310 5464 ν.
1334 5408 1403 5462 62
1432 5418 1487 5466 et
1507 5428 1658 5500 seqq.

311 5466 544 5505 ῐῐιτηης)
597 5487 629 5505 ι.
684 5470 743 5505 41
853 5471 1403 5505 ινηπίηιηια
1502 5482 1630 5505 λι.-

358 5468 449 5537 Ep.
474 5469 562 5534 52,
594 5487 650 5522 ιι.
684 5470 774 5523 u.

1910 1816 1959 1877 B

1740 5428 1761 5502 ξ
1794 5418 1971 5502 Carm:
1998 5420 2089 5502 25,
2120 5440 2171 5502 χ.
2205 5423 2292 5479 72.
2326 5422 2395 5502 Mt!
2428 5426 2583 5502 Ibid?
2617 5445 2669 5484 v.
2705 5431 2771 5502 7_5
2801 5440 2855 5502 et
2883 5446 3035 5502 seqq.

852 5471 1122 5555 BH‘Epzj‘l,
1150 5493 1211 5555 n._
1228 5478 1257 5555 ε
1284 5486 1338 5533 et
1369 5479 1445 5555 2.Δ
1471 5482 1527 5555 χι
1558 5471 1654 5555 Ep.
1689 5487 1778 5555 52,
1809 5471 1985 5545 [(5.

312 5538 562 5638 ‘ulbidq‘v.
593 5539 731 5638 514m;
796 5538 971 5638 ZOEp.‘
997 5543 1277 5638 5.2.5..“1‘7.
1321 5550 1539 5638 πίλῳ.
1603 5538 1861 5638 ὀιιίἠᾶξ

1988 5562 2076 5638 ait;
2105 5538 2416 5638 Exilii."
2433 5538 2597 5638 ῤἘῖί.
2632 5538 2860 5637 si}???
2871 5542 2925 5625 ’7.

1985 551 2176 592 recens
2203 539 2444 593 absoluta
2482 542 2600 610 pari
2651 544 2886 611 undique
2932 546 3079 599 cultu
3126 547 3458 610 emicabant,
3491 548 3579 603 vel

1985 636 2131 682 certe
2159 627 2171 677 i
2210 630 2511 698 baptisterii
2542 633 2609 686 ab
2630 633 2882 702 episcopo
2907 632 3117 705 (Paulo)
3149 636 3215 689 ad
3244 637 3581 705 baptismatis

1984 725 2038 770 et
2064 717 2312 773 sacriﬁcii
2365 736 2519 775 usum
2568 725 2887 788 consecrati,
2934 726 3023 779 ubi
3082 735 3369 797 utrumque
3398 743 3579 783 sacra-

1985 816 2225 862 mentum
2256 810 2443 865 eadem
2473 812 2561 866 die
2589 814 2996 869 administravit.
3026 816 3082 869 ln
3127 817 3241 871 haec
3279 833 3418 872 nova
3446 819 3579 873 tedi-

1985 896 2103 952 llcia
2132 908 2185 953 et
2210 902 2539 969 prteterilum
2564 904 2867 957 incendium
2898 905 3165 961 decimum
3197 908 3249 962 in
3294 908 3350 961 S.
3383 908 3579 964 Felicis

1983 988 2194 1044 laudem
2224 993 2524 1046 natalitium
2560 1010 2774 1050 carmen
2808 994 2830 1032 ¹ι
2863 996 3105 1052 condidit
3136 997 3404 1065 Paulinus,
3434 1002 3582 1069 quod

1983 1080 2252 1149 integrum
2282 1082 2350 1135 ad
2380 1099 2479 1137 nos
2510 1101 2679 1154 usque
2726 1089 3101 1143 transmissum
3132 1099 3215 1144 est
3258 1109 3271 1143 :
3314 1094 3580 1147 accedunt

1986 1172 2086 1241 piae
2133 1174 2487 1241 cogitationes
2553 1178 2605 1231 in
2672 1180 2970 1248 spiritalem
3021 1182 3212 1236 anima:
3262 1184 3580 1239 Christiana:

1982 1265 2408 1331 renovationem,
2440 1276 2496 1322 et
2524 1270 2783 1338 przeclaro
2828 1272 2932 1327 hoc
2960 1274 3199 1330 carmine
3228 1276 3356 1330 illud
3384 1291 3579 1346 poema

1982 1355 2255 1410 concludit
2288 1355 2327 1411 ι.

2106 1475 2210 1524 Νοη
2237 1478 2387 1538 igitur
2409 1480 2559 1528 simus
2583 1487 2784 1531 veteres
2809 1483 2934 1531 inter
2956 1496 3075 1532 nova
3100 1488 3267 1533 tecta.
3294 1522 3328 1535 ..

2106 1537 2219 1607 γεω
2246 1537 2381 1607 prior
2391 1550 2589 1607 pereat,
2614 1550 2786 1601 pereat
2807 1558 2869 1592 ne
2893 1546 2988 1592 vita
3010 1546 3197 1607 futura;

2105 1600 2290 1670 Sponte
2309 1600 2642 1670 relinquamus
2661 1607 2912 1665 mundum,
2926 1619 3018 1655 non
3035 1600 3211 1667 amitte
3228 1608 3510 1670 carendum,

2104 1661 2292 1728 _Spon_te
2314 1664 2406 1728 nisi
2433 1661 2671 1726 fugimus;
2700 1661 2981 1728 moriamur,
3010 1661 3074 1715 ne
3095 1671 3357 1717 moriamur
3384 1705 3396 1717 .

2105 1720 2327 1789 Letalem
2354 1720 2510 1789 vitam
2528 1741 2544 1772 κ
2560 1720 2669 1774 itali
2687 1734 2845 1775 morte
2868 1720 3115 1789 legamus,

2107 1782 2331 1847 Terrena
2352 1787 2584 1845 intereat,
2610 1789 2779 1837 subeat
2806 1782 3026 1839 cwle‘Estis
3049 1782 3236 1847 imago:

2112 1844 2174 1911 lit
2197 1845 2385 1895 Christo
2410 1844 2628 1897 vertatur
2650 1851 2820 1910 Adam,
2848 1859 3095 1900 mutemur
3117 1844 3169 1899 et
3194 1850 3325 1911 istic,

2112 1906 2175 1973 _L’_t
2196 1914 2439 1973 mutemur
2460 1910 2527 1957 ibi
2558 1924 2568 1957 :
2594 1912 2677 1970 qui
2705 1906 2832 1959 nunc
2852 1911 3179 1973 permanserit
3204 1912 3255 1961 in
3267 1906 3325 1964 se

2108 1968 2265 2028 Idem,
2294 1976 2346 2017 et
2363 1972 2410 2017 in
2434 1968 2674 2020 aeternum
2700 1984 2792 2019 non
2815 1968 3146 2022 inimutabitur
3167 1989 3195 2022 a
3217 1989 3296 2026 se.

2052 2069 2349 2126 Ecclesiam
2366 2081 2405 2108 πι
2423 2087 2640 2141 quoque
2669 2073 2924 2129 Paulinus
2952 2076 3191 2131 construi
3211 2077 3575 2145 jussitFundia

1983 2161 2201 2231 oppido,
2234 2161 2322 2215 ubi
2351 2163 2720 2231 possessiones
2765 2164 2895 2218 olim
2945 2165 3207 2220 habuerat
3235 2176 3290 2222 et
3318 2167 3578 2225 familiare

1983 2257 2314 2311 domicilium
2341 2277 2351 2310 :
2388 2258 2459 2311 ita
2501 2258 2566 2311 ad
2594 2259 2785 2328 pignus
2812 2260 2962 2328 quasi
2992 2262 3100 2330 78
3128 2261 3309 2316 civica:
3337 2264 3576 2317 caritatis

1981 2348 2255 2403 basilicam
2287 2348 2434 2403 dedit
2464 2350 2514 2403 in
2548 2350 2901 2419 ipsooppido,
2926 2353 3180 2420 quoniam
3210 2361 3341 2408 etea
3371 2355 3577 2423 indige-

1981 2440 2090 2503 bat,
2116 2440 2386 2493 ruinosam
2414 2448 2701 2509 etparvam
2719 2442 2941 2495 habens.
2966 2433 3091 2497 Haec
3120 2451 3296 2498 tamen
3313 2446 3578 2513 posterior

1982 2545 2090 2583 non
2118 2531 2331 2585 videtur
2359 2531 2524 2601 priori
2554 2532 2717 2586 fuisse
2746 2534 2917 2588 multo
2957 2535 3148 2603 major,
3181 2546 3407 2591 vocatur
3434 2539 3577 2592 enim

1981 2620 2271 2689 aliquando
2301 2638 2330 2675 a
2361 2621 2586 2677 Paulino
2625 2633 2651 2660 ιι
2682 2624 2975 2679 basilicula.
3008 2626 3134 2695 Ejus
3165 2628 3384 2696 titulus,
3416 2646 3577 2698 quem

1980 2710 2182 2767 Severo
2230 2713 2404 2775 misit,
2438 2714 2598 2768 docet
2638 2717 2913 2784 quomodo
2936 2718 3172 2787 apsidem
3202 2718 3224 2738 °
3246 2721 3496 2789 pinxerit,
3526 2730 3578 2776 et

1981 2802 2151 2859 fertur
2181 2816 2206 2855 Ρ
2236 2821 2344 2859 non
2365 2807 2435 2860 ita
2475 2807 2680 2876 pridem
2712 2810 2913 2878 aliquid
2937 2826 3006 2865 ex
3035 2811 3134 2865 hac
3164 2813 3369 2881 pictura
3396 2813 3578 2869 [inure

1984 2898 2153 2950 visum
2186 2896 2366 2951 fuisse.
2396 2897 2667 2965 Reliquias
2691 2910 2717 2948 ιι
2739 2899 2833 2953 SS.
2868 2900 3117 2968 Andreae,
3148 2902 3321 2965 Luca},
3348 2904 3576 2970 Nuzarii,

1984 2986 2210 3042 Protasii
2248 3001 2303 3043 et
2354 2988 2595 3043 Gervasii
2625 2991 2723 3044 sub
2745 3006 2811 3044 eo
2835 2992 2989 3044 altari
3019 2995 3261 3060 reposuit
3293 2993 3575 3059 Paulinus;

1981 3088 2038 3135 et
2065 3095 2186 3134 cum
2216 3079 2331 3134 lucc
2363 3088 2383 3116 τ
2416 3080 2632 3134 basilica
2654 3090 2792 3134 esset
2818 3082 3205 3151 propemodum
3237 3093 3575 3149 constructa,

1909 3190 1954 3253 ρ
1986 3187 2050 3225 ac
2077 3186 2202 3225 mox
2253 3171 2612 3226 consecranda
2660 3172 2714 3224 in
2766 3174 2973 3227 nomine
3020 3172 3235 3241 Christi,
3282 3185 3578 3231 mactarunt

1990 3260 2193 3326 Sancti,
2219 3273 2503 3333 martyrum
2528 3262 2802 3333 Martyris,
2825 3274 2873 3316 et
2889 3264 3214 3317 dominorum
3238 3264 3466 3320 Domini.

2053 3353 2106 3405 2.
2143 3351 2374 3407 Litteras
2404 3354 2733 3423 trigesimum
2777 3356 3003 3423 primam
3049 3364 3103 3410 et
3132 3357 3459 3426 trigesimam
3488 3374 3578 3413 sc-

1982 3444 2210 3500 cundam
2241 3445 2345 3499 hoc
2374 3461 2515 3500 anno
2545 3446 2691 3500 dedit
2720 3444 2976 3501 Paulinus
3021 3446 3087 3500 ad
3134 3446 3394 3502 Severum
3424 3456 3446 3483 ⁶
3487 3450 3577 3518 qui

1982 3534 2147 3588 etiam
2177 3532 2503 3591 rediﬁcandis
2534 3536 2796 3603 religiosis
2828 3537 2959 3591 locis
3000 3552 3222 3607 Operam
3251 3538 3434 3593 dabat.
3468 3539 3575 3593 lm-

1983 3625 2167 3691 primis
2214 3622 2445 3679 Severus
2492 3624 2722 3679 basilica:
2759 3626 2773 3661 ¹
2819 3626 3211 3695 baptisterium,
3265 3628 3408 3696 quod
3454 3630 3578 3684 hinc

1981 3716 2037 3770 S.
2066 3715 2298 3781 Martini,
2328 3716 2473 3769 illinc
2496 3715 2701 3769 Paulini
2726 3716 3044 3784 imaginibus
3071 3716 3364 3785 decoravit,
3393 3720 3578 3775 elabo-

1980 3808 2205 3862 randum
2244 3807 2484 3871 curavit;
2517 3814 2543 3841 ιι
2574 3806 2777 3860 addidit
2805 3814 2858 3860 et
2886 3806 3127 3874 qumdam
3168 3810 3428 3877 carmina,
3458 3827 3577 3880 qua:

1979 3901 2386 3963 desiderantur,
2432 3902 2522 3955 ubi
2566 3902 2633 3957 de
2661 3902 2863 3956 lumine
2908 3910 2963 3956 et
3012 3902 3186 3957 mellis
3234 3902 3368 3959 favis
3413 3907 3577 3960 verba

1979 3991 2228 4047 faciebat.
2259 3993 2501 4062 Cumque
2527 3995 2593 4049 ad
2625 3994 2904 4049 Paulinum
2933 3997 3147 4065 scripsit
3175 4012 3270 4067 per
3299 3998 3573 4055 Victorem

1982 4094 2005 4119 ν
2037 4085 2129 4152 qui
2161 4086 2303 4154 apud
2334 4084 2590 4141 Severum
2624 4080 2862 4142 hiemare
2891 4088 3182 4154 debuerat,
3214 4099 3237 4126 ³
3281 4092 3491 4145 monuit
3518 4108 3579 4149 se

1979 4176 2278 4231 deleturum
2322 4178 2438 4233 haec
2479 4180 2750 4244 carmina,
2782 4180 2826 4233 si
2873 4180 2976 4235 alia
3028 4181 3268 4237 mitteret
3298 4181 3575 4238 Paulinus.

1981 4266 2076 4322 llis
2104 4269 2307 4323 addidit
2349 4270 2533 4325 Victor
2562 4281 2590 4320 γ
2617 4286 2647 4325 a
2677 4271 2879 4327 Sevel'o
2929 4273 3221 4328 desiderari
3264 4286 3579 4331 sanctorum

1980 4359 2236 4427 reliquias
2259 4374 2393 4428 quas
2419 4361 2475 4415 in
2500 4362 2601 4416 hac
2637 4364 2866 4417 ecclesia
2894 4365 3214 4420 reconderet
3242 4385 3253 4419 :
3287 4369 3371 4422 cui
3402 4366 3580 4423 Pauli-

1982 4466 2082 4505 nus
2112 4459 2135 4487 ι
2164 4450 2483 4521 significavit
2529 4453 2706 4507 nullas
2755 4453 2855 4507 sibi
2900 4470 3213 4522 superesse,
3262 4467 3460 4527 pneter
3486 4474 3581 4514 eas

1907 4565 1960 4626 Ι)
1983 4556 2117 4609 quas
2146 4557 2275 4596 mox
2302 4541 2609 4597 dedicanda:
2652 4542 2921 4598 Fundana:
2969 4546 3201 4601 basilica:
3245 4550 3577 4604 reservabat.

1986 4632 2056 4685 At
2078 4631 2430 4701 fragmentum
2453 4632 2519 4688 de
2543 4633 2685 4701 ligno
2706 4650 2845 4688 verm
2873 4636 3070 4699 crucis,
3090 4637 3234 4707 quod
3262 4639 3363 4693 sibi
3392 4657 3582 4711 super-

1985 4728 2102 4777 erat
2136 4737 2201 4777 ex
2227 4722 2370 4778 dono
2397 4722 2660 4789 Melaniae,
2689 4734 2744 4761 δ’·
2776 4725 2978 4781 tubello
3016 4742 3182 4782 aureo
3209 4730 3481 4786 conditum
3513 4732 3582 4789 ad

1992 4811 2214 4881 Sulpicii
2263 4813 2450 4869 Severi
2506 4830 2721 4870 socrum
2779 4817 3055 4873 Bassulam
3112 4819 3259 4875 misit
3312 4821 3583 4879 Tberasia:

1991 4914 2200 4970 sponsze
2228 4919 2336 4958 suae
2366 4904 2604 4968 nomine,
2638 4907 2779 4975 quod
2811 4908 3033 4976 perinde
3057 4917 3176 4964 erat
3204 4926 3268 4966 ac
3295 4912 3339 4967 si
3379 4913 3584 4970 Severo

1993 4991 2092 5060 ipsi
2124 4992 2249 5047 illud
2272 4993 2415 5049 dono
2444 4994 2709 5063 dedisset;
2744 4997 2866 5053 idco
2884 5015 2913 5054 a
2937 5015 2995 5054 se
3022 4999 3080 5038 ιδ
3097 5003 3317 5058 missum
3342 5004 3393 5059 id
3422 5004 3584 5061 fuisse

1991 5082 2194 5137 Severo
2243 5084 2370 5139 alibi
2424 5095 2671 5152 testatur,
2724 5088 2882 5157 eique
2919 5072 3120 5147 suadet
3171 5101 3226 5147 ut
3276 5095 3375 5149 sub
3426 5097 3581 5150 altari

1988 5176 2228 5229 ecclesiae
2251 5178 2391 5231 inter
2416 5178 2545 5233 alias
2567 5181 2820 5248 reliquias
2850 5191 3158 5252 reponamc
3185 5186 3285 5240 nisi
3314 5186 3498 5241 mallet
3517 5186 3584 5241 ad

1989 5268 2357 5334 quotidianam
2385 5271 2605 5324 tutelam
2627 5282 2788 5341 atque
2810 5275 3128 5331 medicinam
3150 5280 3251 5333 sibi
3274 5295 3548 5335 reservare
3565 5320 3580 5343 ,

3119 5444 3141 5471 ε
3170 5432 3327 5499 lbid.,
3358 5450 3409 5488 ν.
3453 5432 3580 5488 159.

2673 5500 2885 5565 i,lbid.,
2921 5500 2977 5554 vi
3018 5503 3140 5557 186.
3225 5504 3247 5539 ¹ι
3275 5503 3452 5557 Carm.
3487 5502 3585 5560 28.

3005 5584 3026 5610 ι’
3058 5573 3191 5627 Ibid.
3216 5588 3269 5625 η.
3298 5572 3381 5643 l7;
3408 5580 3581 5643 etiep.

2070 5495 2084 5531 ί
2118 5494 2296 5548 Carm.
2324 5494 2416 5562 25,
2440 5513 2492 5551 v.
2536 5498 2590 5552 2.

307 5607 553 5669 51,η.1.
635 5609 788 5680 ⁸Ερ.
813 5607 1127 5675 52,ἰ].1θι
1156 5615 1241 5669 10.
1321 5620 1339 5655 ι
1375 5607 1828 5690 ιδίάηηλῐίέ.

307 5676 763 5716 Ξῖηίοοιοη
822 5680 1061 5716 Ἅιδη-ιτ
1162 5685 1284 5716 ιν..
1337 5689 1393 5716 τι
1468 5695 1575 5716 ..ι
1687 5699 1877 5716 ηπ..

1988 5607 2218 5716 nam;
2240 5607 2299 5716 Et;
2312 5607 2929 5716 "'v_fr':p"."2'_3:'ii.'3_.f_'}
2962 5607 3191 5716 Ερἶίὲἓξ
3212 5607 3269 5695 HI
3294 5607 3381 5695 λζ’
3408 5607 3576 5716 “iiii:

306 5676 396 5745 δί,
426 5694 479 5733 n.
513 5679 564 5744 l;
613 5688 668 5735 et
695 5676 783 5752 ep.
822 5680 918 5751 52,
944 5699 997 5739 η.
1031 5683 1080 5737 7.
1162 5695 1184 5722 ι
1209 5685 1306 5759 Ερ.
1337 5689 1421 5755 31,
1467 5676 1531 5748 n.'
1555 5676 1604 5749 1⁷.

1685 5708 1739 5736 αα
1769 5699 1922 5768 lbid.,
1950 5718 2002 5755 n.
2035 5704 2088 5757 2.
2171 5704 2225 5744 δι’
2251 5704 2352 5775 Ep.
2384 5699 2553 5775 δεξεμ
2584 5709 2638 5768 7.

2719 5722 2771 5750 ευ
2802 5709 2962 5775 lbid.,
2996 5709 3049 5767 ἡ.
3078 5712 3130 5769 8.
