4020 6186
444 306 550 361 105

1469 292 1524 350 S.
1560 292 1900 350 PAULINUS
1940 290 2254 348 NOLANUS
2291 283 2679 344 EPISCOPUS.

3602 277 3700 332 104

440 418 706 482 docetque
743 422 769 450 ι
806 419 1003 482 quanta
1049 408 1347 465 reverentia
1399 414 1629 461 tractare
1674 404 1871 458 debeat
1915 418 2029 457 rem
2062 412 2106 464 Α
2136 400 2538 470 Gazophylacio,
2589 411 2697 451 non
2735 392 2894 449 aliam
2921 392 2993 447 oh
3031 403 3248 446 causam
3274 401 3435 459 quam
3464 401 3531 444 eo
3558 390 3707 458 quod

444 507 580 561 adeo
608 504 916 573 pretiosam,
940 510 995 556 et
1024 505 1185 554 refert
1211 497 1659 567 quemadmodum
1684 494 1708 531 δ
1726 495 1793 547 ab
1820 491 2022 547 Helena

444 615 577 653 crux
605 604 815 665 reperta
844 595 929 648 sit.
963 594 1202 661 Cumque
1230 599 1440 659 pateret
1468 588 1681 657 pagina,
1718 597 1737 622 ο
1759 585 2024 654 prolixam

445 689 729 757 epistolam
756 687 932 740 denuo
963 682 1255 747 inchoavit,
1281 682 1331 733 in
1361 694 1464 748 qua
1492 676 1840 744 conqueritur
1867 672 1894 711 ά
1914 689 1971 728 se
1993 688 2025 726 a

446 779 647 833 Severo
669 777 751 830 vel
774 775 963 843 majori
986 775 1190 827 honore
1210 771 1295 825 vel
1319 768 1514 836 injuria
1536 766 1805 828 affectum,
1829 763 2028 831 quippe

449 869 541 936 qui
572 868 740 936 ipsum
768 880 890 919 cum
919 864 978 916 S.
1009 861 1237 914 Martino
1282 856 1589 912 contulerit.
1639 853 1744 908 Sed
1796 860 1917 921 post
1961 850 2029 904 de

452 956 710 1011 industria
740 970 805 1007 eo
833 966 1135 1007 sermonem
1163 947 1449 1008 convertit,
1480 954 1503 981 θ
1522 943 1675 1013 quasi
1703 942 1933 996 Severus
1975 939 2028 992 in

451 1047 679 1101 Martino
726 1046 947 1097 formam
990 1040 1211 1108 justitiae
1255 1046 1311 1091 et
1348 1050 1608 1091 summam
1654 1034 1928 1094 virtutum,
1976 1028 2030 1082 in

454 1135 678 1190 Paulino
724 1149 852 1187 vero
890 1129 1228 1185 conscientia:
1272 1125 1565 1195 iniquitatis
1605 1121 1949 1176 obtritionem
1977 1124 2034 1171 et

451 1225 843 1282 confessionem
890 1219 1285 1284 declaraverit,
1344 1225 1401 1270 ut
1453 1222 1509 1269 et
1555 1213 1728 1267 beatis
1776 1210 2033 1263 Martinus

456 1316 758 1385 exemplum
784 1320 1012 1382 pateret,
1030 1319 1085 1364 et
1106 1309 1360 1363 Paulinus
1381 1301 1638 1359 miseris.f
1662 1301 1776 1354 Duo
1798 1300 1866 1353 ad
1885 1299 2033 1352 illum

455 1409 840 1477 epigrammata
860 1403 913 1456 in
937 1403 1077 1456 hanc
1104 1400 1248 1454 misit
1280 1396 1623 1461 sententiam,
1649 1401 1704 1447 et
1728 1391 1883 1461 petiit
1909 1397 1969 1442 ut
1989 1388 2061 1468 si.

460 1496 550 1548 illa
577 1495 641 1547 in'
659 1490 971 1561 baptisterio
995 1502 1198 1558 ponere
1227 1486 1406 1551 vellet,
1446 1489 1682 1538 servaret
1711 1489 1890 1533 tamen
1916 1491 2030 1531 sua.

458 1582 583 1637 [hcc
610 1581 787 1636 omnia
831 1589 855 1626 ε
899 1578 1087 1632 fecisse
1124 1590 1184 1630 se
1218 1574 1454 1629 declarat
1496 1588 1594 1641 pro
1619 1584 1717 1624 suo
1743 1581 1954 1622 summo
1982 1565 2037 1618 in

457 1688 582 1727 eum
628 1670 826 1732 studio,
872 1668 946 1722 ita
994 1675 1053 1720 ut
1102 1664 1273 1732 magis
1319 1663 1386 1716 de
1433 1677 1540 1715 non
1594 1653 2033 1726 obtemperando,

2124 491 2177 545 in
2219 506 2284 545 ea
2330 491 2503 558 primo
2554 487 2622 541 de
2661 482 3041 554 gazophylacio
3088 479 3345 548 loquitur,
3391 478 3538 547 quod
3584 488 3707 547 post

2125 579 2511 634 Tertullianum
2554 581 2713 630 vocat
2759 586 2999 627 mensam
3042 571 3094 623 in
3132 568 3362 623 ecclesia
3391 567 3622 636 positam
3652 569 3706 622 in

2124 683 2229 737 qua
2264 666 2695 721 recondchantur
2722 669 2954 730 erogata:
2982 658 3306 729 pauperibus
3329 657 3704 726 eleemosynae.

2129 759 2373 814 Alethius
2416 758 2503 812 ille
2531 756 2723 811 merito
2750 769 2815 808 ac
2850 752 2972 822 jure
3008 750 3253 805 laudatur
3277 749 3417 818 apud
3445 748 3710 818 llierony-

2127 866 2272 905 mum
2303 861 2324 887 τ
2344 864 2485 902 anno
2514 847 2639 913 407,
2665 837 2784 899 cum
2808 852 3013 898 tantum
3036 840 3331 895 sacerdotis
3355 846 3500 893 esset
3519 839 3709 893 chara-

2128 948 2278 993 ctere
2319 936 2602 1004 insignitus
2644 951 2656 986 :
2704 932 2903 987 factum
2950 930 3094 985 enim
3141 943 3263 983 eum
3310 926 3709 982 Cadurcensem

2136 1030 2483 1098 episcopum,
2514 1034 2727 1081 mortuo
2774 1023 2939 1078 fratre
2978 1021 3285 1087 Florentio,
3331 1019 3475 1088 apud
3521 1032 3711 1073 omnes

2136 1125 2369 1172 constat.

2203 1208 2256 1262 2.
2288 1206 2366 1262 Ad
2392 1208 2535 1261 hunc
2561 1204 2892 1259 Florentium
2935 1200 3150 1271 scripsit
3176 1214 3390 1270 quoque
3434 1200 3710 1267 Paulinus,

2132 1296 2278 1365 quod
2302 1296 2387 1350 hic
2406 1295 2749 1348 observamus
2768 1307 2889 1347 cum
2912 1299 3119 1360 tempus
3138 1290 3453 1359 conscriptae
3472 1289 3713 1358 epistola:

2134 1386 2552 1457 quadragesimae
2573 1383 2818 1438 secundae
2847 1398 2954 1437 non
2977 1382 3195 1437 omnino
3223 1390 3428 1435 certum
3456 1382 3521 1436 sit
3551 1399 3562 1433 :
3591 1397 3715 1436 eam

2135 1486 2315 1532 tamen
2343 1477 2484 1531 circa
2512 1490 2709 1529 annum
2732 1470 2836 1526 405
2853 1472 3107 1541 scriptam
3129 1481 3395 1541 putamus.
3422 1471 3468 1524 A
3490 1471 3714 1526 Floren-

2139 1568 2420 1636 tio’quem
2450 1564 2683 1619 nondum
2713 1572 2937 1618 noverat
2960 1560 3208 1617 Paulinus
3228 1563 3481 1632 epistolas
3500 1563 3717 1632 accepit

2137 1658 2324 1728 plenas
2351 1655 2510 1712 ollicii
2549 1662 2604 1709 et
2643 1653 2991 1708 humanitatis
3031 1651 3253 1722 perinde
3297 1667 3361 1707 ac
3405 1652 3450 1706 si
3496 1652 3716 1720 antiqua

458 1779 618 1834 quam
659 1761 727 1816 de
766 1757 1104 1826 multiloquio
1152 1762 1432 1824 peccatum
1460 1752 1673 1804 timeret
1697 1765 1709 1799 :
1743 1748 1845 1801 hac
1870 1759 1929 1799 se
1953 1758 2039 1797 ra-
2071 1761 2115 1820 Β
2139 1748 2499 1818 praecessisset
2517 1746 2656 1800 inter
2676 1759 2770 1802 eos
2786 1742 3120 1799 necessitudo
3140 1751 3194 1797 et
3216 1741 3564 1797 familiaritas.
3584 1742 3719 1797 Hu'c

464 1856 612 1907 tione
635 1850 660 1887 ¹³
683 1851 967 1906 adductum
992 1858 1048 1901 ut
1067 1848 1326 1901 suadente
1348 1845 1564 1899 Victore
1575 1842 1799 1896 duarum
1825 1838 2042 1894 Nolana:

463 1954 520 1999 et
549 1943 816 1996 Fundana:
842 1939 1183 1994 basilicarum
1211 1950 1395 1989 versus
1428 1934 1692 1995 mitteret,
1743 1928 1757 1965 ί
1792 1936 1848 1983 et
1874 1941 2043 1981 novos

463 2035 626 2089 etiam
655 2031 913 2087 conderet
940 2027 1124 2081 Severi
1146 2024 1486 2079 basilicarum
1517 2020 1807 2091 parietibus
1854 2015 2043 2071 inscri-

462 2126 688 2189 bendos,
715 2123 921 2192 ipsique
946 2120 960 2169 i
999 2117 1204 2173 tumulo
1226 2114 1283 2169 S.
1310 2112 1555 2183 martyris
1581 2110 1722 2163 Clari
1747 2108 1837 2178 qui
1860 2108 1913 2160 in
1942 2122 2045 2160 una

465 2220 654 2274 harmn
682 2213 1072 2283 requiescebat,
1102 2224 1332 2278 quorum
1359 2204 1637 2259 materiam
1666 2201 1851 2255 Victor
1876 2199 2045 2252 dicta-

466 2318 618 2364 verat
638 2304 980 2361 enarratione
998 2301 1197 2370 opcris.
1221 2296 1323 2352 Ubi
1348 2296 1515 2350 multa
1541 2293 1676 2347 dixit
1698 2290 1951 2344 Paulinus
1977 2289 2046 2343 de

474 2398 714 2455 mditiciis
738 2397 842 2449 illis
866 2391 1262 2457 materialihus,
1304 2387 1330 2427 Ιι
1370 2389 1439 2441 ad
1467 2382 1756 2455 spiritualis
1781 2382 2045 2435 rationem

467 2488 675 2544 aedilicii
719 2498 1022 2540 sermonem
1050 2478 1335 2547 convertit,
1362 2477 1430 2533 de
1456 2491 1565 2547 quo
1590 2489 1690 2530 suo
1728 2487 1880 2528 more
1908 2487 2047 2543 pra:-

470 2583 616 2636 clare
640 2577 870 2633 disserit.

1047 2707 1277 2764 CAPUT
1312 2705 1473 2761 XLV.

472 2809 553 2863 Ad
593 2807 869 2868 Alethium,
899 2812 948 2857 et
978 2800 1301 2868 Florentium
1343 2795 1719 2868 Cadurcensem
1761 2793 2052 2862 episcopum

719 2864 897 2930 scribit
924 2872 1196 2925 Paulinus.
1239 2867 1385 2922 Mors
1415 2866 1594 2938 fratris
1622 2864 1782 2933 ipsius

542 3018 652 3089 79
679 3015 731 3069 l.
760 3013 820 3068 In
850 3013 955 3068 hoc
994 3009 1186 3066 eodem
1215 3005 1395 3063 forsan
1424 3005 1618 3059 itinere
1643 3000 1827 3089 Victor
1861 3011 2052 3089 eorum

2140 1836 2304 1895 etiam
2334 1837 2590 1894 Paulinus
2617 1834 2919 1890 humaniter
2946 1841 3001 1889 et
3029 1833 3396 1888 liberalissime
3423 1832 3716 1902 respondit,

2140 1942 2197 1987 et
2223 1931 2296 1991 ita
2339 1930 2547 1984 lattatus
2576 1928 2594 1964 ί
2628 1934 2713 1983 est
2754 1925 2871 1995 ejus
2918 1924 3154 1994 episcopi
3198 1938 3258 1979 se
3301 1922 3549 1992 adeptum
3600 1938 3721 1979 esse

2142 2019 2431 2075 amicitiam
2462 2024 2519 2073 et
2548 2017 2773 2072 caritate
2819 2015 3079 2081 ditatum,
3111 2021 3171 2068 ut
3196 2013 3264 2068 de
3290 2028 3358 2069 eo
3400 2013 3582 2069 laudes
3608 2012 3720 2068 Deo

2141 2112 2401 2182 plurimas
2426 2109 2644 2164 referat.
2697 2106 2774 2162 De
2812 2107 2916 2161 hoc
2956 2105 3230 2160 Florentio
3276 2104 3408 2159 nihil
3452 2104 3723 2174 peculiare

2146 2202 2390 2269 legimus.
2410 2198 2685 2266 Magnifice
2706 2186 2995 2250 uPaulinus
3014 2193 3130 2264 ejus
3149 2193 3402 2265 pnedicat
3419 2194 3720 2264 epistolam,

2144 2290 2298 2358 cujus
2324 2305 2502 2346 sermo
2524 2287 2821 2358 apostolico
2847 2286 2959 2341 sale
2980 2286 3227 2340 conditus
3247 2300 3494 2355 saporem
3516 2286 3721 2354 gratias,

2146 2394 2265 2450 quae
2293 2380 2370 2434 illi
2398 2378 2523 2432 data
2552 2385 2726 2445 esset,
2758 2377 2833 2430 ita
2872 2376 3230 2446 exprimeret;
3276 2374 3725 2443 quemadmodum

2147 2472 2347 2541 eloquii
2388 2470 2624 2527 suavitas
2663 2483 2825 2538 quam
2868 2467 3047 2523 suavis
3089 2467 3144 2520 in
3187 2481 3254 2521 eo
3280 2474 3424 2521 esset
3472 2465 3727 2520 Dominus

2150 2572 2340 2635 aperte
2394 2561 2730 2618 ostendebat.
2786 2558 3040 2629 Adiungit
3092 2557 3345 2613 Paulinus
3393 2568 3420 2597 ν
3463 2573 3585 2613 eum
3632 2573 3728 2627 per

2151 2652 2614 2710 mansuetudinem
2662 2650 2779 2705 ovis
2823 2658 2879 2705 et
2915 2649 3037 2719 agni
3066 2649 3427 2705 innocentiam
3469 2648 3729 2702 meruisse

2151 2753 2420 2816 pastorem
2451 2742 2593 2808 fieri;
2624 2750 2680 2797 et
2706 2741 2987 2796 sublimem
3029 2739 3222 2793 factam
3249 2754 3347 2809 per
3375 2737 3729 2792 humilitatem

2153 2844 2209 2889 et
2237 2832 2699 2888 mansuetudinem
2723 2829 2901 2885 cordis
2920 2829 3154 2883 animam
3184 2829 3324 2883 illius
3347 2829 3397 2882 in
3429 2828 3481 2883 id
3507 2827 3731 2895 singulis

2154 2926 2342 2981 diebus
2367 2924 2691 2988 incumbere,
2723 2929 2783 2975 ut
2807 2920 3014 2975 animas
3039 2920 3108 2975 de
3141 2920 3336 2974 amaris
3363 2934 3427 2975 ac
3453 2918 3731 2988 profundis

2153 3014 2310 3084 hujus
2328 3013 2494 3069 seculi
2516 3011 2760 3067 fluctibus
2778 3011 2938 3065 hamo
2959 3009 3105 3064 verbi
3131 3009 3380 3064 salutaris
3399 3003 3732 3077 extraheret,

472 3086 775 3165 communis
794 3101 1102 3159 tabellarius
1124 3101 1145 3140 ι
1171 3096 1393 3151 Paulino
1408 3094 1611 3149 litteras
1630 3088 1828 3145 Alethii
1843 3086 2049 3151 detulit,
2081 3107 2128 3169 ο
2157 3105 2227 3159 ad
2266 3106 2377 3174 80
2418 3101 2561 3173 quod
2587 3116 2723 3170 opus
2752 3100 2805 3154 ίη
2841 3106 3043 3154 sortem
3072 3098 3438 3168 aposwlmm
3464 3105 3732 3153 assumus

476 3208 516 3236 ω
546 3198 638 3268 qui
665 3211 733 3250 ex
752 3193 864 3249 suis
890 3187 1381 3247 elucubrationibus
1427 3182 1645 3251 aliquid,
1694 3188 1753 3234 ut
1797 3177 2049 3241 arbitror,

473 3284 802 3358 postulabat,
850 3278 995 3349 quod
1038 3286 1066 3313 ’³
1094 3274 1481 3332 benevolentiae
1524 3276 1894 3339 argumentum
1943 3274 2052 3319 tam

472 3356 631 3430 dulce
658 3371 903 3437 Paulino,
930 3381 1093 3437 quam
1138 3364 1465 3433 insperatum
1493 3360 1592 3414 fuit
1627 3376 1640 3413 :
1671 3357 1766 3413 sed
1793 3356 1909 3425 ejus
1937 3362 2054 3409 stu-

474 3465 565 3520 dio
590 3471 616 3499 ο
648 3460 852 3515 Paulini
880 3456 1151 3513 humilitas
1193 3452 1410 3508 restitit.
1439 3450 1556 3506 Non
1584 3454 1667 3503 est
1692 3447 1896 3515 integra
1937 3444 2054 3514 epi-

476 3553 615 3612 stola
644 3550 916 3621 trigesima
944 3546 1121 3612 tertia,
1151 3557 1259 3613 qua
1299 3540 1551 3595 Paulinus
1573 3537 1786 3593 Alethio
1830 3550 2056 3605 respon-

476 3646 590 3714 det,
619 3643 734 3713 ejus
753 3642 896 3697 euim
918 3636 1253 3694 continuatio
1281 3634 1335 3688 in
1363 3647 1469 3701 qua
1498 3632 1673 3701 agitur
1697 3629 1764 3684 de
1791 3627 1846 3683 S.
1879 3625 2058 3680 Paula:

478 3738 584 3791 tilia
611 3740 818 3807 spectat
844 3730 1125 3803 epistolam
1165 3725 1513 3783 tredecimam
1542 3723 1610 3777 ad
1637 3720 2056 3776 Pammachium.

478 3825 637 3881 Putat
656 3821 951 3879 Chillletius
974 3830 1005 3869 ε)
1040 3817 1235 3873 Alethii
1260 3815 1402 3871 votis
1422 3813 1647 3870 cessisse
1674 3809 1975 3871 Paulinum,
2007 3814 2062 3862 et

479 3931 782 3974 sermonem
809 3916 878 3967 de
904 3909 1301 3980 Gazophylacio
1322 3906 1391 3962 ad
1415 3922 1540 3961 eum
1568 3904 1798 3971 misisse,
1821 3903 1912 3972 qui
1938 3899 2060 3970 qui-

480 4010 602 4064 dem
634 4008 685 4061 in
712 4021 814 4059 ms.
844 4002 1032 4065 codice
1068 3999 1328 4054 Vaticano
1377 3994 1592 4049 Alethio
1634 3994 1952 4049 nominatim
1981 3992 2061 4045 in-

480 4098 749 4154 scribitur.
772 4092 878 4149 Sed
902 4105 1023 4146 cum
1052 4099 1080 4139 ιι
1108 4088 1177 4142 ad
1202 4086 1401 4143 multos
1418 4085 1582 4140 verba
1602 4082 1762 4138 faciat
1789 4081 2061 4145 Paulinus,

482 4188 798 4243 concionem
828 4183 894 4237 ad
924 4179 1178 4251 p0pulum
1201 4176 1381 4247 potius
1405 4190 1566 4245 quam
1595 4174 1879 4244 epistolam
1906 4172 2062 4228 dixe-

486 4281 587 4334 rim
606 4318 621 4343 ,
654 4277 791 4331 inter
818 4288 950 4342 quas
980 4279 1161 4324 tamen
1200 4269 1250 4323 ei
1279 4267 1524 4322 dedimus
1551 4267 1727 4324 locum
1756 4274 1814 4320 ut
1840 4281 1939 4320 suo
1966 4281 2066 4320 nu-

484 4385 634 4424 mero
676 4371 968 4421 constaret.
1020 4360 1088 4415 Et
1132 4359 1287 4415 facile
1329 4358 1505 4427 quivis
1544 4356 1865 4426 iudicaverit
1906 4356 2067 4412 fuisse

2152 3192 2343 3248 fuerat.
2376 3190 2528 3245 Hunc
2553 3199 2580 3226 ι
2608 3188 2933 3243 Florentium
2970 3187 3212 3244 fecerunt
3237 3186 3453 3256 quidam
3494 3186 3731 3242 Tiburti-

2154 3297 2375 3339 nensem
2401 3281 2713 3351 episcopum
2739 3280 2865 3347 quia
2902 3287 3030 3335 tunc
3072 3278 3330 3348 temporis
3357 3277 3573 3333 vivebat
3611 3278 3732 3346 qui—

2154 3373 2276 3428 dam
2306 3387 2372 3428 eo
2419 3372 2637 3426 nomine
2680 3370 3068 3425 Tiburtinensis
3108 3370 3392 3439 epistmpus
3420 3386 3434 3422 :
3466 3369 3561 3424 sed
3605 3368 3734 3426 huic

2157 3465 2261 3521 levi
2288 3464 2611 3533 conjectum
2647 3462 3003 3534 prteponentia
3033 3470 3116 3518 est
3143 3462 3303 3516 trium
3340 3462 3586 3517 codicum
3614 3477 3733 3516 ms-

2156 3558 2554 3626 nuscriptorum
2582 3554 2861 3620 autoritas,
2893 3553 2948 3607 in
2975 3552 3168 3623 quibus
3193 3553 3499 3609 inscribitur
3524 3551 3733 3610 Cadur-

2157 3648 2334 3704 censis
2361 3647 2659 3716 episcopus.

2230 3738 2282 3792 5.
2315 3735 2569 3791 Paulinus
2592 3734 2746 3790 initio
2770 3734 3044 3804 sequentis
3064 3735 3192 3789 anni
3212 3745 3239 3783 γ
3257 3733 3577 3803 Delphinum
3599 3734 3737 3789 Bur-

2159 3827 2500 3895 degalensem
2538 3825 2849 3894 episcopum
2896 3825 2950 3879 in
2989 3833 3295 3880 sanctorum
3336 3836 3613 3879 numerum
3639 3824 3737 3878 ad-

2161 3915 2532 3985 scribit,cujus
2545 3915 2785 3986 reliquia:
2815 3915 2910 3969 has
2938 3922 3106 3969 terras
3132 3913 3604 3978 commendabant;
3634 3914 3738 3968 ita-

2161 4022 2268 4077 que
2294 4007 2466 4061 serius
2503 4021 2665 4075 quam
2711 4005 2961 4074 przesenti
3007 4006 3131 4060 huic
3175 4020 3319 4059 anno
3346 4020 3453 4059 non
3481 4004 3740 4059 debemus

2163 4097 2467 4152 adscribere
2488 4095 2769 4165 epistolam
2797 4095 2864 4150 ad
2888 4094 3205 4164 Delphinum
3228 4094 3551 4162 trigesimam
3579 4094 3739 4162 quin-

2166 4198 2293 4255 tam,
2315 4198 2336 4225 ι
2362 4203 2468 4257 qua
2493 4188 2657 4258 priori
2677 4186 2793 4255 ejus
2820 4187 3061 4257 epistohe
3081 4186 3407 4241 brevissimae
3426 4185 3737 4255 respondet,

2164 4294 2233 4335 ex
2258 4293 2362 4348 qua
2390 4278 2620 4333 fortasse
2645 4278 2731 4333 vel
2756 4277 2863 4332 alio
2893 4276 3089 4332 indicio
3116 4285 3347 4331 mortem
3387 4275 3567 4330 fratris
3595 4277 3740 4330 circa

2167 4370 2307 4426 idem
2333 4377 2543 4438 tempus
2561 4374 2886 4435 cognoverat
2913 4385 2925 4420 :
2950 4383 3055 4437 qua
3076 4366 3144 4422 de
3164 4381 3322 4421 causa
3350 4382 3457 4421 non
3478 4367 3741 4436 prolixam

485 4454 771 4525 aliquando
798 4451 1141 4508 sollicitatum
1176 4450 1243 4505 ab
1269 4449 1524 4519 episcopo
1556 4446 1761 4502 Nolano
1788 4445 2066 4502 Paulinum
2096 4461 2147 4521 ι)
2170 4459 2237 4514 ad
2282 4458 2603 4527 Delphinum
2646 4456 2773 4512 fecit
2810 4456 3112 4526 epistolam,
3160 4455 3410 4510 Dolorem
3464 4455 3743 4509 dumtaxat

487 4556 548 4603 ut
574 4546 826 4617 populum
848 4544 1067 4599 doceret
1094 4543 1327 4596 maxime
1356 4541 1709 4610 eleemosynae
1736 4541 1986 4594 virtutem
2015 4548 2070 4594 et

487 4641 763 4707 meritum,
782 4636 931 4707 cujus
952 4644 1068 4692 erat
1087 4635 1330 4704 egregius
1346 4632 1695 4687 concionator
1714 4641 1769 4686 et
1795 4631 2065 4699 magister:

488 4732 557 4785 de
575 4744 637 4785 ea
665 4729 806 4783 enim
834 4729 949 4783 hmc
974 4726 1243 4796 prtecipue
1258 4733 1451 4779 tractat
1470 4722 1642 4779 oratio
1656 4763 1671 4787 ,
1694 4736 1811 4792 quae
1833 4721 2069 4775 onmium

492 4822 699 4876 Paulini
730 4836 951 4891 operum
975 4817 1369 4887 elegantissima
1399 4825 1482 4872 est
1510 4824 1565 4870 et
1591 4815 1922 4870 suavissima.
1945 4813 2068 4885 Sty-

492 4913 576 4969 lus
605 4913 762 4982 longe
789 4910 973 4981 purior
1000 4924 1159 4978 quam
1187 4907 1242 4962 in
1271 4907 1539 4978 epistolis;
1586 4921 1707 4961 cum
1755 4905 1895 4960 enim
1925 4905 2069 4958 illam

494 5002 731 5057 studiose
773 5000 1050 5055 elaborare
1077 5006 1296 5055 coactus
1337 4997 1512 5062 fuerit,
1545 4997 1757 5051 videtur
1784 4995 1953 5064 magis
1978 4996 2073 5049 ad-

494 5092 679 5146 stricta
706 5088 1046 5160 compositio,
1075 5088 1129 5142 in
1156 5103 1262 5156 qua
1288 5089 1499 5143 solitam
1530 5088 1581 5141 in
1611 5086 1853 5155 epistolis
1882 5086 2073 5140 verbo-

496 5194 616 5234 rum
638 5178 844 5249 copiam
870 5185 928 5232 et
954 5176 1288 5247 rapiditatem
1317 5176 1576 5232 coercuit.
1615 5174 1872 5244 Inscripta
1902 5182 1985 5230 est
2011 5174 2075 5229 de

502 5449 559 5489 ιι.
591 5430 645 5485 4.
674 5430 691 5433 ⁷
721 5430 747 5467 ιι
776 5430 993 5491 lbid.,n.
1019 5430 1103 5481 10.
1187 5430 1200 5463 ί
1236 5430 1366 5481 Ibid.
1394 5442 1447 5480 n.
1473 5430 1577 5480 Set
1599 5430 1650 5490 7,
1677 5430 1730 5480 8.
1810 5430 1822 5474 i
1856 5430 1885 5479 ll

500 5519 565 5561 n.
591 5502 643 5555 2.
716 5509 744 5537 ιι
775 5498 928 5560 lbid.,
962 5513 1014 5551 η.
1040 5497 1091 5551 1.
1166 5504 1191 5532 ο
1222 5495 1376 5559 lbid.,
1419 5511 1471 5546 n.
1503 5495 1556 5547 2.
1633 5506 1660 5543 ρ
1688 5494 1885 5549 Chilll..

496 5571 598 5624 lin.
631 5584 715 5639 ep.
748 5568 831 5634 42,

501 5640 594 5703 27,
625 5632 683 5695 v:
705 5632 828 5695 76.7
874 5648 895 5676 ι
923 5635 1019 5706 Ep.
1051 5634 1138 5692 35.
1217 5644 1273 5675 ιι
1305 5632 1402 5703 Ep.
1435 5632 1522 5697 56,
1560 5649 1612 5687 ιι.
1641 5632 1697 5685 ‘2.

2172 4547 2421 4618 exposuit
2450 4562 2557 4601 non
2587 4554 2694 4600 tam
2716 4545 2783 4600 de
2812 4545 2992 4600 fratris
3018 4552 3193 4599 morte
3225 4552 3552 4613 susceptum,
3580 4558 3742 4612 quam

2171 4640 2239 4695 de
2282 4639 2446 4708 gestis
2485 4637 2668 4708 ipsius,
2696 4651 2816 4705 quze
2844 4644 2903 4690 ut
2931 4636 3117 4707 pietati
3161 4632 3477 4688 Christiana:
3523 4634 3597 4687 ita
3642 4648 3744 4687 nec

2171 4729 2310 4784 votis
2330 4728 2440 4784 suis
2464 4741 2697 4796 congrua
2724 4726 2972 4781 deﬂebat.
3007 4724 3112 4780 Pro
3139 4724 3255 4793 ejus
3282 4724 3457 4777 anima
3478 4731 3533 4777 et
3559 4738 3657 4792 pro
3685 4739 3745 4778 se

2171 4832 2360 4887 preces
2387 4816 2630 4885 Delphini
2656 4815 2910 4885 postulat.
2941 4814 3020 4869 Ad
3065 4812 3364 4867 Amandum
3393 4812 3553 4881 paulo
3580 4812 3746 4881 proli~

2172 4908 2441 4962 xiorem“
2457 4908 2644 4963 eadem
2663 4906 2731 4962 de
2753 4921 2917 4962 causa
2940 4904 3089 4962 dedit
3114 4905 3398 4976 epistolam
3419 4903 3746 4973 trigesimam

2174 5006 2398 5051 sextam.

572 5360 737 5441 ‘_Ep.l
870 5355 997 5441 _n.2.
1024 5355 1102 5441 mh
1125 5355 1436 5441 lbid.,n.?»
1474 5367 1538 5441 νε
1559 5356 1788 5441 ΔΙΞ].ρ.“ἒ’›Ξ,
2030 5351 2049 5393 ά

2152 5355 2333 5441 id.,|_n.
2487 5354 2702 5441 ἐιιξξὶά.)Δ
2720 5352 2843 5441 mp2
2869 5361 2925 5441 et
3061 5354 3289 5441 ’,τ-Ἰὺίὼέ
3323 5371 3378 5441 η.
3540 5364 3566 5403 s

721 5430 747 5467 ιι
776 5427 993 5491 lbid.,n.
1019 5427 1103 5481 10.
1187 5428 1200 5463 ί
1236 5426 1366 5481 Ibid.
1394 5442 1447 5480 n.
1473 5424 1577 5480 Set
1599 5422 1650 5490 7,
1677 5426 1730 5480 8.
1810 5426 1822 5474 i
1855 5424 2009 5489 lbid.,
2036 5442 2049 5478 l

721 5509 744 5537 ιι
775 5498 928 5560 lbid.,
962 5513 1014 5551 n.
1040 5497 1091 5551 1.
1166 5504 1191 5532 ο
1222 5495 1376 5559 lbid.,
1419 5511 1471 5546 n.
1503 5495 1556 5547 2.
1633 5506 1660 5543 ρ
1688 5494 1885 5549 Chilll..
1919 5510 1972 5563 p.
2003 5494 2049 5546 1ιῖ

2152 5465 2165 5478 .
2244 5425 2266 5462 ι(
2297 5425 2452 5490 lbid.,
2484 5422 2625 5478 n.l8
2653 5432 2709 5478 et
2737 5423 2825 5478 25.
2912 5423 3149 5494 ίΕρ.55,
3173 5442 3226 5478 n.
3262 5425 3286 5476 l
3320 5434 3377 5480 et
3404 5425 3457 5478 2.
3533 5424 3750 5492 Inlbid.,

2170 5506 2197 5545 ιι
2226 5494 2433 5548 Paulin.
2458 5494 2631 5563 '54,,n.
2664 5493 2718 5563 li.
2795 5497 2821 5529 '
2854 5494 2987 5549 Vide
3020 5495 3237 5549 Dissert.
3261 5494 3388 5561 3,n.
3422 5494 3476 5547 2.
3556 5503 3577 5528 ⁸
3611 5492 3750 5547 Pan.

866 5584 919 5621 η.
951 5566 1002 5620 1.
1079 5569 1101 5635 ίν
1131 5564 1261 5620 Ibid.
1306 5572 1364 5635 h“
1394 5563 1546 5635 lbid.,
1578 5581 1629 5617 ιι.
1654 5563 1686 5635 ⁸1
1705 5572 1759 5617 et
1775 5564 1826 5618 ‘2.
1905 5562 1931 5602 ’ί
1951 5564 2049 5619 Ibid

2152 5581 2186 5619 I.
2209 5564 2318 5621 2et
2345 5564 2397 5618 5.
2476 5573 2501 5601 ι
2526 5562 2659 5619 Vide
2680 5562 2837 5620 Chiﬂl
2886 5564 3014 5635 p.l0
3035 5571 3090 5620 et
3117 5564 3203 5620 ll.
3278 5574 3306 5615 γ
3338 5563 3547 5620 Paulin.
3580 5578 3753 5621 carm.

2170 5506 2197 5545 ιι
2226 5494 2433 5548 Paulin.
2458 5494 2545 5555 54,
2578 5511 2631 5548 η.
2664 5493 2718 5547 1.
2795 5497 2821 5529 ⁸
2854 5492 3237 5549 νὶίιθύἰεςθιδι.
3261 5494 3388 5561 3,n.
3422 5494 3476 5547 2.
3556 5503 3577 5528 ⁸
3611 5492 3755 5547 Pau-
