4020 6186
321 271 422 328 I05

748 400 755 405 ’
856 420 991 463 Auno
1018 423 1223 464 CHRISTI
1254 408 1379 463 404.

888 544 1117 601 CAPUT
1146 545 1329 601 XLVI.

331 653 633 727 Victricius,
665 656 883 727 Aperget
920 659 1235 727 Augustinus
1272 657 1497 727 Paulino
1537 658 1797 721 scribunt;
1829 659 1909 713 Itis

354 725 439 779 ille
463 730 763 795 respondet.
798 725 1043 798 Pelagius
1078 727 1235 781 etiam
1260 726 1437 781 scribit
1474 728 1544 781 ad
1570 727 1870 782 Paulinum.

390 857 440 911 1.
472 856 549 912 Ex
591 858 832 913 cannine
861 866 884 895 ³
917 858 1061 927 quod
1107 860 1207 913 sub
1254 858 1459 913 initium
1499 858 1657 928 hujus
1701 860 1826 915 anni
1856 860 1910 915 in

318 944 376 998 S.
404 944 599 1000 Felicis
627 946 840 1001 laudem
866 946 1030 1000 edidit
1052 935 1309 1001 Paulinus
1332 963 1502 1017 pauca
1544 948 1698 1004 nobis
1724 965 1908 1020 super.

318 1042 441 1088 sunt
468 1033 771 1104 fragmenta
790 1072 806 1104 ,
836 1036 889 1091 in
930 1037 1123 1105 quibus
1150 1037 1327 1106 agitur
1352 1038 1419 1093 de
1446 1047 1753 1094 sanctorum
1781 1040 1908 1094 reli-

318 1124 458 1191 quiis
507 1140 646 1194 quas
702 1125 844 1182 Deus
890 1142 987 1197 per
1038 1127 1224 1182 orbem
1270 1127 1337 1182 iis
1367 1128 1532 1183 veluti
1586 1130 1908 1199 expiandum

320 1214 593 1285 dispersit.
624 1215 684 1270 Si
714 1217 979 1286 integrum
1002 1218 1297 1273 exstitisset
1324 1234 1536 1288 poema,
1565 1235 1633 1274 ex
1661 1235 1727 1275 eo
1757 1221 1910 1275 inuo-

319 1306 507 1361 tuisset
534 1314 770 1374 quantus
797 1307 993 1362 Alarici
1022 1309 1253 1363 nominis
1276 1317 1448 1364 terror
1467 1326 1609 1365 anno
1629 1312 1908 1381 superiore

322 1397 529 1451 Italiam
560 1399 837 1463 invaserit,
872 1399 923 1452 in
954 1414 1113 1467 quam
1144 1398 1517 1463 descenderat,
1542 1409 1597 1455 et
1624 1400 1765 1457 unde
1789 1410 1911 1471 post

316 1500 556 1555 pugnam
586 1486 861 1542 Pollentia:
888 1489 1151 1542 discessit.
1196 1488 1309 1543 Hoc
1347 1505 1490 1545 anno
1531 1490 1597 1544 ad
1626 1492 1907 1546 Paulinum

318 1575 345 1613 δ
396 1577 618 1646 scripsit
666 1577 951 1631 Victricius
1008 1574 1417 1647 Rotomagensis
1476 1581 1757 1651 episcopus
1812 1596 1910 1652 per

315 1665 726 1729 Candidianum,
752 1669 837 1720 cui
865 1667 1138 1735 respondit
1167 1666 1422 1723 Paulinus
1444 1670 1668 1739 epistola
1700 1672 1900 1740 trigesi-

1687 270 2212 330 PROLEGOMENA.

1939 397 1986 453 Α
2016 387 2143 455 ipsis
2169 385 2356 456 primis
2395 387 2670 443 mensibus
2698 389 2853 445 binas
2894 389 3115 446 Paulino
3158 392 3413 461 epistolas
3458 388 3607 450 misit

3504 276 3606 337 106

2011 476 2364 545 Augustinus,
2396 478 2411 529 l
2450 478 2608 532 aliam
2637 494 2757 549 quat
2801 480 2989 551 periit,
3037 497 3135 551 per
3162 482 3605 539 Fortunatianum

2011 565 2291 633 Thagastze
2320 568 2691 638 presbyterum
2721 568 2947 624 Romam
2969 569 3393 640 proﬁciscentem
3419 591 3433 626 :
3461 574 3601 629 alte-

2013 672 2129 711 ram
2159 657 2183 694 κ
2209 672 2307 727 per
2322 656 2555 721 Celsum,
2589 661 2678 728 qui
2708 676 2829 715 cum
2858 660 3139 717 festinaret
3166 662 3354 717 Nolam
3379 670 3599 733 reverti,

2011 760 2184 815 pauca
2225 746 2372 803 illico
2401 748 2614 818 scripsit
2659 749 3013 819 Augustinus,
3052 750 3069 789 ι
3102 752 3188 806 cui
3219 753 3391 822 plura,
3422 766 3484 808 ut
3510 770 3606 810 vo-

2010 836 2218 905 luisset,
2248 837 2517 893 scribendi
2549 838 2852 894 lacultatem
2883 855 2989 895 non
3014 840 3160 895 dedit
3188 841 3393 897 Celsus.
3427 841 3607 898 Pauli-

2012 942 2137 981 num
2158 936 2312 996 rogat
2329 937 2369 967 ω
2398 937 2456 983 ιιι
2480 929 2581 998 ipsi
2622 930 2889 985 rescribat
2916 931 3110 1001 quibus
3139 933 3305 1000 signis
3332 935 3502 1003 possit
3524 936 3605 989 in-

2010 1024 2290 1072 notescere
2317 1017 2413 1073 Dei
2433 1018 2681 1073 voluntas
2703 1020 2756 1073 in
2786 1022 3160 1077 occasionibus
3184 1024 3305 1077 vita:
3331 1024 3602 1094 humanze,

2012 1106 2063 1158 in
2094 1107 2290 1174 quibus
2318 1118 2462 1177 smpe
2490 1108 2647 1164 facile
2674 1125 2782 1165 non
2813 1117 2990 1179 potest
3018 1111 3267 1168 discerni.
3301 1113 3437 1168 Eum
3482 1117 3601 1185 plu-

2011 1195 2131 1248 rimi
2175 1194 2366 1251 fecisse
2396 1196 2677 1252 Paulinum
2705 1214 2773 1254 ex
2817 1201 2883 1255 iis
2922 1201 3112 1256 litteris
3139 1204 3417 1259 evidenter
3444 1221 3603 1276 appa-

2011 1292 2113 1337 ret.
2147 1284 2284 1339 Dicit
2306 1294 2331 1321 υ
2361 1302 2418 1341 se
2446 1302 2557 1341 non
2586 1289 2846 1356 potuisse,
2878 1305 2975 1345 nec
3003 1292 3166 1346 etiam
3194 1292 3441 1349 debuisse
3481 1292 3601 1349 Cel-

2010 1390 2127 1429 sum
2172 1377 2424 1441 retinere,
2456 1379 2541 1432 cui
2581 1394 2701 1432 cum
2731 1378 2956 1436 Paulino
3004 1382 3194 1436 melius
3223 1400 3383 1453 quam
3415 1401 3598 1441 secum

2008 1475 2169 1520 esset.
2203 1466 2450 1523 Africana
2479 1468 2718 1523 Ecclesia
2745 1485 2887 1538 suape
2916 1472 3210 1538 cogebatur
3231 1474 3515 1544 episcopos
3545 1477 3598 1530 in

2006 1552 2210 1609 Italiam
2241 1558 2421 1612 multis
2449 1558 2516 1613 de
2544 1559 2952 1615 necessitatibus
2980 1562 3309 1629 gravissimis
3336 1564 3551 1620 mittere
3582 1583 3597 1620 :

2010 1654 2035 1681 υ
2065 1662 2201 1716 quos
2229 1648 2443 1716 quidem
2471 1649 2754 1719 episcopos
2800 1648 2911 1705 fere
2940 1666 3129 1706 omnes
3155 1651 3344 1707 Nolam
3378 1670 3437 1709 se
3465 1671 3599 1710 con-

316 1774 402 1813 ma
445 1760 697 1828 septimm
755 1760 947 1813 Videat
992 1760 1163 1815 lector
1223 1735 1663 1817 Disserm'ioncm
1710 1735 1792 1817 4"
1826 1763 1905 1819 Ad
1939 1763 1981 1820 Β
2009 1735 2195 1791 tulisse
2215 1746 2458 1807 apparet,
2488 1748 2547 1792 ut
2567 1739 2640 1793 ibi
2661 1738 2942 1793 Paulinum
2970 1740 3284 1796 salutarent.
3313 1743 3598 1799 Solabatur

315 1849 607 1904 Paulinum
636 1851 765 1905 item
801 1860 824 1890 ε
852 1852 1141 1920 scripserat
1163 1852 1307 1921 Aper
1334 1851 1401 1908 de
1422 1868 1517 1907 sua
1547 1852 1615 1905 ad
1637 1853 1906 1909 Christum

316 1942 670 1996 conversione
714 1959 727 1993 :
772 1942 964 1996 eodem
1012 1957 1155 1997 anno
1200 1942 1251 1997 ei
1315 1943 1591 2011 respondit
1642 1942 1899 1998 Paulinus

316 2032 549 2101 epistola
599 2031 873 2100 trigesima
902 2040 1112 2087 octava.
1163 2032 1293 2103 Quis
1340 2033 1430 2087 ille
1477 2032 1636 2087 fuerit
1674 2032 1818 2102 Aper
1852 2043 1907 2088 ct

316 2123 472 2190 quale
501 2120 715 2177 Paulini
743 2137 863 2177 cum
905 2137 972 2178 eo
1011 2125 1413 2189 commercium,
1444 2124 1565 2179 vide
1592 2124 1813 2180 Dissert.
1848 2124 1902 2178 5.

318 2212 456 2278 lloc,
506 2222 569 2267 ut
614 2214 839 2278 videtur,
889 2229 1032 2268 anno
1070 2213 1096 2250 ἀ
1145 2215 1364 2269 maximi
1410 2215 1647 2270 scandali
1691 2229 1906 2270 causam

316 2304 595 2374 praebuere
648 2303 895 2374 Hippone
934 2304 1239 2360 Bonifacius
1286 2306 1567 2376 presbyter
1609 2314 1666 2360 et
1690 2305 1904 2374 quidam

318 2394 484 2450 laicus
511 2396 732 2451 nomine
759 2394 913 2465 Spes,
938 2410 1166 2464 quorum
1213 2397 1616 2450 contentionem
1646 2412 1769 2450 cum
1798 2397 1907 2451 dis-

318 2495 501 2542 eutere
530 2496 626 2541 aut
654 2487 846 2541 saltem
871 2487 989 2540 aliis
1022 2487 1291 2557 explicare
1318 2502 1425 2541 non
1455 2496 1637 2557 posset
1656 2485 1907 2555 Augusti-

320 2596 445 2643 nus,
488 2579 654 2647 jussit
695 2587 981 2647 utrumque
1010 2578 1062 2632 in
1093 2578 1271 2633 locum
1319 2579 1607 2648 quemdam
1635 2578 1907 2633 miraculis

320 2669 525 2724 clarum
550 2682 806 2738 pergere,
836 2676 895 2722 ut
922 2668 1062 2722 Deus
1089 2667 1400 2722 alterutrius
1428 2668 1787 2723 innocentiam
1814 2676 1908 2722 aut

319 2772 530 2831 culpam
560 2761 905 2831 patefaceret.
933 2759 991 2813 In
1014 2769 1036 2797 ο
1059 2760 1237 2815 locum
1259 2760 1419 2828 igitur
1440 2760 1528 2814 ubi
1548 2760 1690 2814 beati
1712 2759 1752 2813 F
1757 2760 1907 2814 elicis

321 2853 507 2908 Nolani
536 2858 737 2922 Corpus
765 2851 1041 2907 conditum
1071 2859 1154 2905 est
1181 2865 1276 2905 eos
1299 2850 1465 2917 misit,
1494 2850 1618 2918 quia
1650 2849 1772 2904 inde
1804 2851 1905 2919 ipsi

323 2946 526 3001 facilius
556 2945 875 3013 ﬁdeliusque
909 2942 1071 3000 scribi
1114 2950 1328 3013 poterat
1363 2941 1627 3010 quidquid
1654 2957 1814 3011 super
1841 2956 1905 2995 ea

324 3053 378 3092 re
421 3036 679 3091 divinitus
728 3044 873 3090 esset
914 3034 1282 3104 propalatum;
1334 3033 1478 3103 quod
1523 3032 1658 3087 citra
1685 3032 1904 3087 dubium

2007 1827 2137 1882 illud
2164 1828 2539 1896 Augustinum,
2572 1830 2715 1900 quod
2746 1832 2957 1886 assidue
2988 1831 3268 1887 Paulinum
3300 1836 3598 1891 amicorum

2006 1917 2178 1973 oculis
2204 1918 2697 1975 videret.Theasius
2725 1930 2781 1975 et
2806 1922 3039 1977 Evodius
3067 1923 3227 1978 ambo
3253 1924 3446 1979 deinde
3476 1942 3598 1981 cou~

2005 2009 2268 2076 fessores,
2298 2022 2529 2081 quorum
2557 2012 2774 2068 ultimus
2800 2021 2916 2068 erat
2944 2014 3241 2081 Augustino
3269 2018 3596 2085 conjunctis-

2005 2099 2171 2155 simus
2196 2140 2212 2165 ,
2243 2100 2405 2169 legati
2446 2099 2659 2156 fuerant
2686 2117 2718 2157 a
2757 2102 3166 2172 Carthaginiensi
3195 2107 3427 2162 concilio
3456 2116 3516 2161 ut
3542 2108 3595 2166 in

2005 2195 2403 2251 Donatistariun
2441 2197 2758 2252 effrenatam
2799 2198 3111 2253 violentiam
3141 2208 3387 2268 peterent
3412 2202 3593 2270 leges:

2006 2285 2111 2340 hoc
2155 2285 2271 2355 ipso
2319 2301 2463 2342 anno
2515 2301 2608 2343 eas
2654 2287 3001 2341 obtinuerunt
3046 2303 3233 2342 mense
3280 2288 3593 2345 Februario.

2007 2371 2288 2429 Paulinum
2316 2375 2585 2440 adierunt,
2615 2374 2944 2444 Augustinus
2974 2392 3102 2431 vero
3128 2377 3219 2445 qui
3244 2393 3341 2433 eos
3368 2394 3595 2450 eXSpec-

2006 2465 2173 2532 tabat,
2201 2481 2322 2521 cum
2353 2466 2624 2536 profectus
2652 2474 2735 2521 est
2761 2464 2967 2532 Celsus,
2997 2466 3130 2521 dixit
3152 2479 3175 2516 ρ
3218 2464 3495 2524 Paulinum
3527 2472 3593 2526 ad

2005 2573 2065 2613 se
2106 2559 2159 2612 in
2201 2574 2388 2613 eorum
2417 2558 2793 2629 episcoporum
2822 2558 3128 2627 pectoribus
3157 2558 3211 2613 et
3260 2562 3593 2631 sermonibus

2005 2662 2125 2703 esse
2151 2655 2455 2712 venturum,
2479 2660 2707 2717 cumque
2730 2662 2797 2702 ex
2822 2647 2887 2702 iis
2908 2662 3027 2715 qua:
3054 2648 3315 2702 referrent
3338 2659 3593 2720 quantum

2006 2745 2189 2807 posset
2214 2752 2280 2792 eo
2316 2738 2543 2793 satiatus
2569 2738 2745 2804 fuerit,
2777 2750 2837 2793 se
2858 2738 2924 2792 ad
2953 2752 3075 2792 eum
3105 2739 3473 2808 prolixiorem,
3497 2756 3591 2795 cu-

1999 2827 2089 2898 jus
2116 2843 2175 2883 se
2216 2827 2574 2883 conﬁtebatur
2613 2829 2934 2895 debitorem,
2979 2830 3263 2884 missurum
3311 2832 3591 2901 epistolam

2004 2920 2276 2990 pollicitus
2296 2930 2397 2976 est.
2431 2921 2614 2989 Neque
2643 2935 2706 2974 ea
2728 2935 2869 2974 nunc
2891 2929 3131 2989 apparet,
3166 2936 3341 2989 neque
3371 2922 3477 2975 ulla
3499 2937 3590 2977 ea-

2004 3027 2124 3067 rum
2147 3027 2281 3082 quas
2308 3011 2376 3067 ad
2402 3026 2461 3067 se
2489 3011 2716 3067 invicem
2746 3011 2813 3066 ad
2836 3027 3034 3066 annum
3058 3027 3227 3081 usque
3249 3012 3353 3068 408
3376 3014 3591 3071 mittere

325 3127 527 3182 Paulini
554 3126 729 3194 gratia
759 3125 998 3187 dicebat,
1030 3139 1149 3179 cum
1179 3137 1286 3192 quo
1316 3123 1587 3192 inceptum
1618 3136 1761 3176 anno
1801 3120 1904 3175 595

2008 3110 2321 3172 potuerunt.

324 3220 705 3277 commercium
761 3217 1037 3287 probabile
1096 3224 1180 3271 est
1243 3230 1366 3270 eum
1423 3214 1617 3269 fovisse
1667 3229 1900 3283 semper,

325 3311 564 3382 quamvis
590 3308 735 3363 nulla
763 3308 904 3362 illius
928 3314 1106 3361 exstet
1133 3314 1259 3360 nota
1288 3306 1356 3359 ab
1383 3319 1524 3359 anno
1554 3304 1655 3358 596
1676 3304 1740 3356 ad
1762 3304 1905 3359 hunc

326 3417 489 3471 usque
510 3416 735 3455 annum.
765 3398 893 3464 Quis
913 3396 1073 3452 fuerit
1095 3395 1352 3451 Bonifacii
1372 3403 1427 3449 et
1450 3394 1576 3463 Spei
1601 3393 1905 3449 contentio-

324 3494 402 3547 nis
430 3493 609 3547 exitus
630 3506 736 3545 non
760 3496 1001 3558 apparet.
1030 3486 1143 3542 Iiac
1169 3485 1396 3541 fortasse
1425 3486 1477 3539 in
1500 3484 1784 3539 occasione
1804 3484 1905 3539 has

324 3587 465 3641 misit
490 3584 559 3638 ad
588 3582 871 3637 Paulinum
894 3580 1101 3635 litteras
1115 3578 1182 3633 de
1195 3578 1389 3653 quibus
1416 3592 1559 3630 anno
1579 3576 1824 3644 sequenti
1850 3576 1902 3630 in

324 3677 549 3748 epistola
582 3674 602 3714 ι
636 3675 964 3729 mentionem
995 3670 1142 3737 facit,
1174 3674 1226 3726 in
1254 3670 1481 3739 quibus,
1513 3679 1572 3723 ut
1596 3669 1827 3737 videtur,
1854 3667 1904 3724 ei

325 3767 664 3839 proponebat
714 3765 1065 3836 quzestionem
1119 3760 1407 3831 quamdam
1456 3758 1524 3813 de
1576 3759 1905 3828 obligatione

325 3869 507 3914 nostra
539 3871 754 3926 semper
782 3855 877 3910 Dei
904 3853 1167 3909 voluntati
1212 3854 1434 3923 parendi
1480 3871 1493 3906 :
1536 3852 1605 3907 de
1644 3853 1750 3921 81
1798 3864 1903 3918 qua

327 3950 579 4003 Paulinus
604 3947 675 4000 ad
714 3961 835 4000 eum
865 3944 1139 4014 rescripsit
1166 3952 1192 3991 Β
1222 3944 1293 3997 ita
1321 3958 1381 3998 se
1409 3943 1500 3998 illo
1534 3958 1642 4011 quo
1677 3940 1905 3995 feliciter

326 4040 578 4096 utebatur
607 4038 731 4092 loco
758 4049 1102 4106 perseverare
1140 4034 1462 4099 decrevisse,
1512 4042 1572 4088 ut
1610 4032 1656 4087 si
1683 4032 1809 4101 quid
1837 4030 1904 4085 de

326 4149 381 4188 se
406 4131 550 4187 aliud
577 4128 806 4184 Domino
833 4125 1235 4198 placuerit,ejus
1262 4124 1595 4179 voluntatem
1626 4123 1905 4193 prmferret

327 4238 453 4279 sum.
488 4220 817 4288 Augustinus
837 4216 861 4253 δ
894 4215 1174 4270 Paulinum
1202 4215 1508 4271 Christiano
1553 4215 1713 4287 plane
1742 4214 1902 4269 intel-

325 4314 465 4368 lectu
493 4321 549 4367 et
577 4310 865 4364 devotione
890 4308 941 4361 in
969 4322 1066 4361 sua
1086 4307 1314 4377 epistola
1344 4308 1578 4363 locutum
1609 4322 1731 4362 esse
1751 4306 1901 4373 dicit,

327 4421 510 4461 verum
552 4403 713 4457 nimis
740 4402 936 4455 cursim
978 4407 1033 4454 et
1072 4399 1325 4459 breviter.
1366 4407 1423 4453 et
1461 4408 1721 4468 exoptare
1759 4413 1817 4452 se
1846 4406 1903 4451 ut

2076 3214 2131 3268 5.
2162 3213 2412 3281 Pelagius
2438 3214 2550 3283 qui,
2594 3221 2879 3282 antequam
2910 3212 3126 3281 vulgata
3154 3222 3297 3270 esset
3333 3215 3451 3285 ejus
3478 3217 3589 3271 ha:-

2004 3306 2158 3371 rcsis,
2210 3302 2498 3359 multorum
2547 3310 2853 3357 sanctorum
2901 3303 3137 3357 virorum
3190 3306 3393 3361 amicus
3434 3314 3588 3373 erat,

2007 3407 2033 3445 (ι
2067 3404 2335 3464 tamquam
2386 3394 2480 3448 Dei
2524 3408 2710 3448 servus
2764 3394 2925 3447 etiam
2955 3408 2986 3447 a
3035 3392 3259 3449 Paulino
3290 3396 3588 3452 amabatur.

2007 3486 2331 3554 Augustinus
2378 3499 2437 3539 se
2474 3482 2698 3552 hujusce
2744 3483 3112 3539 haeresiarchas
3151 3492 3174 3521 τ
3223 3486 3481 3554 epistolas
3525 3487 3591 3542 ad

2006 3577 2287 3633 Paulinum
2334 3577 2542 3633 misisse
2587 3576 2747 3639 dicit,
2778 3576 2830 3630 in
2877 3576 3070 3646 quibus
3096 3592 3155 3630 se
3195 3577 3326 3631 satis
3364 3578 3590 3645 gratiam

2005 3683 2296 3737 agnoscere
2324 3667 2500 3722 aiebat
2533 3662 2795 3735 Pelagius,
2827 3666 2971 3735 quod
2999 3680 3030 3720 a
3060 3665 3171 3721 Deo
3202 3666 3355 3721 nobis
3378 3668 3590 3722 insitam

2005 3773 2125 3813 esse
2147 3759 2477 3813 voluntatem
2518 3756 2849 3823 liberumque
2875 3756 3154 3810 arbitrium
3184 3754 3458 3811 fateretur.
3491 3756 3591 3810 Ea-

2008 3849 2133 3903 dem
2170 3856 2272 3913 est,
2301 3856 2359 3901 ut
2380 3846 2610 3911 videtur,
2642 3845 2869 3914 epistola
2897 3844 2960 3900 ad
2992 3843 3274 3901 Paulinum
3303 3846 3461 3915 longa
3491 3847 3591 3901 500

2005 3938 2219 3993 circiter
2239 3937 2425 4000 lineas,
2459 3943 2517 3990 ut
2546 3942 2791 3990 numerat
2818 3946 2837 3971 ε
2873 3934 2987 4004 ipse
3036 3933 3382 4003 Augustinus,
3432 3952 3591 4005 quam

2006 4028 2251 4097 Pelagius
2278 4026 2535 4082 all‘erebat
2564 4041 2706 4081 anno
2735 4024 2839 4079 417
2868 4034 2928 4080 ιιι
2956 4026 3117 4082 (idem
3144 4042 3298 4082 suam
3340 4028 3591 4098 probaret

2005 4121 2270 4175 sinceram
2301 4127 2355 4173 et
2385 4116 2760 4173 orthodoxam.
2794 4116 3118 4186 Augustinus
3146 4134 3253 4173 non
3284 4118 3415 4174 dicit
3447 4120 3500 4174 in
3526 4135 3589 4175 ea

2006 4213 2232 4283 epistola
2275 4210 2476 4284 aliquid
2503 4208 2747 4266 absolute
2776 4211 2974 4265 malum
3023 4208 3187 4267 fuisse
3209 4250 3223 4276 ,
3256 4220 3313 4267 at
3359 4228 3482 4268 eum
3524 4212 3591 4268 de

2005 4304 2175 4371 gratia
2216 4302 2428 4357 nonnisi
2456 4300 2681 4355 remisso
2721 4299 3009 4355 admodum
3036 4300 3232 4370 vixque
3277 4302 3590 4357 sustinendo

2006 4392 2166 4447 modo
2196 4391 2249 4445 in
2278 4406 2341 4445 ea
2370 4389 2649 4460 scripsisse
2673 4391 2965 4445 contendit.
2992 4389 3238 4458 Pelagius
3263 4406 3382 4445 eam
3404 4408 3462 4446 se
3484 4394 3592 4461 epi.

327 4497 553 4565 idipsum
604 4493 881 4561 aliquanto
928 4488 1163 4558 apertius
1210 4489 1593 4557 explicuisset,
1668 4500 1901 4557 quonam
1934 4491 1984 4551 D
2008 4482 2201 4539 stolam
2234 4485 2246 4516 '
2274 4491 2398 4535 ante
2438 4479 2720 4535 duodecim
2751 4480 2864 4534 fere
2893 4496 3063 4534 annos
3100 4490 3259 4550 atque
3296 4482 3417 4536 ideo
3446 4483 3585 4537 circa

327 4587 487 4642 modo
516 4584 848 4638 voluntatem
887 4580 1001 4643 Dei,
1036 4593 1153 4648 qua:
1194 4587 1389 4634 nostra:
1413 4577 1771 4649 praeponenda
1798 4586 1902 4643 est,

329 4676 655 4731 noverimus.
698 4671 884 4739 Neque
928 4670 1209 4737 Augustini
1240 4669 1467 4737 litteras,
1495 4683 1669 4737 neque
1695 4667 1904 4722 Paulini

328 4781 644 4837 responsum
674 4762 969 4826 habemus,
999 4760 1141 4829 quod
1182 4761 1460 4831 probabile
1504 4770 1587 4816 est
1636 4776 1758 4815 eum
1807 4775 1905 4829 per

333 4861 349 4899 ι
374 4859 591 4915 Celsum
619 4855 972 4912 domesticum
999 4870 1153 4909 suum
1177 4855 1405 4909 misisse.

852 5009 988 5049 anno
1024 5009 1228 5049 cnntsn
1266 4994 1387 5049 405.

397 5113 451 5166 2.
481 5112 645 5167 Nobis
674 5109 805 5163 nihil
844 5109 1264 5181 superestillius
1293 5110 1558 5181 poematis
1582 5108 1726 5177 quod
1766 5107 1907 5162 Pau-

330 5206 463 5259 linus
508 5203 614 5257 hoc
657 5214 802 5254 anno
828 5199 881 5253 in
928 5197 987 5254 S.
1036 5198 1228 5253 Felicis
1258 5200 1518 5259 honorem
1546 5198 1779 5268 scripsit.
1814 5199 1909 5254 Vel

397 5345 422 5373 ⁸
448 5332 625 5388 Carm.
655 5328 745 5382 27.
823 5326 973 5398 δ-Ει).
1004 5326 1093 5398 ΞΠ,
1121 5346 1175 5398 ιι.
1198 5327 1256 5398 1,
1338 5339 1360 5398 ς
1391 5326 1489 5396 Ep.
1520 5326 1609 5398 '58,
1639 5342 1691 5398 ιι.
1726 5326 1776 5398 1.

2006 4587 2203 4626 annum
2226 4569 2331 4624 405
2352 4570 2625 4638 scripsisse
2648 4569 2962 4623 testabatur.
2990 4569 3066 4624 De
3088 4569 3217 4638 Apri
3236 4572 3592 4626 conversione

2006 4663 2121 4719 fuse
2149 4670 2437 4717 tractamus
2466 4659 2852 4716 Dissertatione
2882 4658 2932 4713 5.
2964 4660 3041 4714 De
3070 4659 3186 4727 ejus
3208 4660 3277 4714 ad
3306 4659 3585 4715 Paulinum

2005 4752 2255 4822 epistola,
2283 4753 2390 4822 82
2418 4751 2593 4820 deque
2620 4750 2826 4804 Paulini
2857 4749 2925 4804 ad
2954 4750 3125 4819 ipsum
3156 4765 3415 4820 responso
3444 4751 3586 4805 dixi-

2005 4851 2167 4898 mus“
2189 4857 2331 4896 anno
2352 4841 2647 4911 superiore.
2682 4840 2824 4910 Aper
2852 4857 3036 4895 rursus
3064 4840 3130 4895 ad
3167 4855 3289 4896 eum
3319 4851 3345 4878 ν
3372 4841 3587 4912 scripsit

2010 4941 2068 4987 et
2111 4941 2332 5001 questus
2360 4940 2444 4987 est
2486 4932 2854 5001 possessiones
2894 4928 3121 4985 filiorum
3151 4946 3371 4986 suorum
3401 4947 3593 4987 causas

2010 5022 2111 5077 sibi
2140 5036 2259 5077 esse
2312 5020 2644 5075 necessitatis
2672 5034 2776 5088 qua
2821 5028 3033 5074 terrena
3076 5028 3308 5085 curaret,
3338 5036 3457 5075 cum
3502 5035 3593 5075 eas

2011 5112 2245 5167 vendere
2271 5111 2561 5166 debuisset.
2607 5110 2814 5165 Paulini
2845 5120 2871 5147 ι
2920 5118 3286 5179 paupertatem
3317 5112 3586 5178 laudabat,

2011 5209 2064 5256 et
2080 5200 2185 5254 lato
2201 5209 2379 5271 potens
2392 5218 2481 5255 ore
2494 5210 2522 5250 1
2533 5200 2870 5255 describebat
2886 5200 3157 5254 hortulum
3172 5198 3451 5253 Nolanum.
3464 5198 3595 5253 Pau-

1855 5323 1879 5362 ἀ
1910 5325 2044 5380 Vide
2073 5342 2160 5395 ep.
2190 5324 2256 5378 78
2290 5326 2421 5393 Aug.
2455 5335 2510 5381 et
2539 5327 2654 5380 0rd.
2677 5325 2928 5395 chronol.
3004 5334 3027 5362 σ
3058 5325 3192 5393 Aug.
3224 5339 3309 5395 ep_.
3339 5324 3425 5388 78,
3452 5342 3503 5379 ιι.
3535 5324 3589 5378 '5.

334 5407 352 5445 t
381 5406 511 5471 Aug.
540 5416 627 5470 ep.
648 5398 739 5471 _80,
770 5393 938 5471 n.__2_._'
981 5406 1006 5444 ε
1026 5396 1316 5471 Ibid._lluzc
1340 5393 1545 5471 Paulini
1574 5395 2049 5471 epistola_excidit.
2083 5393 2155 5471 _'h
2178 5395 2328 5471 Aug._
2346 5411 2431 5471 ep.
2466 5394 2553 5459 80,
2584 5395 2714 5471 ιιι-2.
2780 5396 2814 5471 _t
2834 5393 3162 5471 Videlini'ra,
3190 5393 3328 5471 me.
3406 5398 3421 5465 ι
3454 5394 3588 5471 Aug.

331 5494 413 5543 εν.
441 5466 613 5546 ιῖο
648 5468 701 5546 ιε
775 5466 954 5546 "ad;

329 5534 733 5665 ει-.;.ι⁶οιι·έ-
1054 5535 1245 5658 ,ξι-ιη

613 5703 881 5759 Ριτιιοι..
930 5698 1093 5756 LXI.

1039 5464 1054 5504 ¹
1088 5465 1218 5520 Ibid.
1295 5476 1333 5503 ιιι
1359 5465 1515 5531 Ibid.,
1547 5464 1686 5520 ιιίΞ.
1760 5474 1786 5501 ιι
1808 5465 1962 5528 Ibid.,
1994 5481 2046 5518 ιι.
2076 5464 2126 5518 1.

1281 5544 1302 5572 ⁸
1319 5535 1453 5605 Aug.
1484 5536 1577 5591 lib.
1606 5536 1674 5591 de
1697 5532 1882 5590 Gratia
1908 5549 1957 5589 c.
1991 5532 2060 5588 55

2208 5473 2231 5501 ο
2256 5463 2396 5519 Ibid:
2412 5472 2467 5519 et
2481 5480 2565 5533 ep.
2590 5463 2677 5529 95,
2697 5480 2751 5519 ιι.
2774 5463 2824 5518 1.

2208 5473 2231 5501 ο
2256 5462 2565 5533 ῐιιίάξειθρ.
2590 5463 2751 5529 95,ιι.
2774 5463 2824 5518 1.
2901 5474 2927 5512 ν
2957 5463 2999 5515 Ε
3043 5463 3165 5531 .80,
3190 5479 3249 5517 ιι.
3272 5462 3322 5514 1.
3400 5462 3426 5510 ει
3450 5462 3529 5514 Au
3571 5498 3585 5513 .

2160 5535 2177 5570 ⁸
2212 5532 2345 5589 Ibid.
2423 5544 2448 5571 ιι
2471 5533 2601 5604 Cap.
2628 5533 2714 5600 46,
2739 5550 2793 5588 ιι.
2815 5532 2866 5587 1.
2944 5543 2970 5571 ν
2997 5479 3150 5586 θείω.
3179 5546 3266 5601 ep.
3310 5528 3399 5595 59,
3430 5546 3487 5584 ιι.

3079 5528 3266 5601 ιιιέει).
3310 5528 3399 5595 59,
3430 5546 3487 5584 ιι.
3530 5528 3591 5584 2.

3233 5684 3271 5740 5
