4066 6192
417 290 518 347 107

1434 287 1489 343 S.
1532 285 1872 344 PAULINUS
1911 286 2228 342 NOLANUS
2266 285 2654 341 EPISCOPUS.

3572 291 3675 345 I03

415 403 592 456 linus'|
611 413 711 456 suo
730 408 785 460 et
804 398 1069 455 Therasiae
1089 398 1304 453 nomine
1326 396 1395 452 ad
1417 398 1617 468 Aprum
1638 406 1694 453 et
1713 397 1781 452 ad
1805 398 1997 451 Aman—
2022 402 2075 461 Α
2101 396 2191 450 tibi
2207 399 2339 450 tanti
2386 398 2508 462 sint,
2541 397 2712 465 inquit
2736 438 2749 463 ,
2773 413 3078 466 magnarum
3099 413 3360 453 morarum
3379 399 3673 470 dispendia,

413 495 536 549 dam
566 492 837 561 rescripsit
875 510 886 543 :
917 506 1012 546 eos
1052 490 1363 546 hortabatur
1382 488 1410 527 ι’
1439 496 1499 544 ut
1526 496 1733 543 tantum
1761 488 1829 542 ad
1866 482 1997 543 εει-ιι·-⁸

413 582 669 638 ditionem
696 582 886 635 animm
915 580 1189 635 traherent
1228 587 1486 648 quantum
1514 578 1580 633 de
1604 577 1723 647 jure
1750 586 1987 648 possent,

420 683 442 708 ο
461 684 579 725 sese
617 668 818 724 Christi
846 683 1028 737 agrum
1059 683 1177 723 esse
1203 669 1522 736 cogitarent,
1555 674 1610 722 et
1634 668 1846 736 qualem
1875 668 1990 736 agri

412 760 513 825 sui,
539 766 597 813 ut
622 758 785 814 ferret
812 757 1032 823 fructus,
1055 758 1288 828 speciem
1312 757 1427 813 ﬁeri
1450 758 1804 829 postularent,
1825 756 1989 811 talem

413 850 590 905 cordis
616 851 697 903 sui
726 848 836 902 Deo
874 849 1100 902 Domino
1128 848 1389 903 culturam
1431 848 1717 903 redderent
1745 866 1758 901 :
1796 849 1991 904 deinde

413 942 436 977 ἀ
456 942 691 1011 seipsum
721 940 974 1009 deprimit
1000 939 1253 995 Paulinus
1279 949 1335 994 et
1360 940 1427 995 de
1454 941 1565 995 suis
1605 940 1989 995 tentationibus

430 1031 665 1099 oquitur.
685 1029 836 1083 Circa
861 1029 1001 1085 hunc
1018 1044 1213 1082 annum
1233 1029 1447 1098 scripsit
1470 1028 1722 1084 Paulinus
1741 1030 1809 1083 ad
1831 1028 1989 1084 Sanc-

406 1128 525 1174 tum
553 1128 606 1175 et
619 1118 918 1173 Amandum
941 1119 1194 1188 epistolas
1214 1119 1667 1187 quadragesimam
1680 1127 1735 1174 et
1753 1118 1987 1187 quadra-

411 1210 668 1280 gesimam
690 1209 935 1278 primam.
953 1208 1085 1262 Vide
1110 1208 1215 1262 Vit.
1248 1224 1297 1263 c.
1329 1207 1419 1262 25.

967 1366 1193 1422 CAPUT
1216 1365 1421 1420 XLVII.

408 1460 489 1514 Ad
517 1458 759 1515 Severum
795 1466 840 1510 et
871 1456 1191 1513 Desiderium
1228 1456 1402 1511 scribit
1453 1454 1723 1510 Paulinus.
1770 1440 1985 1509 Severus

543 1528 975 1583 Posthumianum
1001 1528 1234 1581 hortatur
1254 1536 1307 1580 ut
1330 1527 1514 1580 invisat
1535 1524 1837 1578 Paulinum.

477 1641 529 1693 I.
564 1638 667 1696 Per
697 1640 1010 1695 eVictorem
1039 1637 1107 1692 ad
1144 1636 1427 1691 Paulinum
1462 1650 1561 1701 eo,
1593 1642 1652 1689 ut
1697 1632 1980 1699 credimus,

408 1746 548 1785 anno
576 1730 790 1800 scripsit
840 1728 1104 1798 Sulpicius
1132 1726 1382 1781 Severus.
1415 1724 1545 1791 Quis
1573 1725 1869 1778 litterarum
1899 1732 1980 1778 te-

406 1837 507 1875 nor
532 1821 691 1875 fuerit
717 1836 823 1875 non
853 1819 1029 1888 palam
1070 1816 1222 1871 nobis
1250 1824 1351 1881 est,
1384 1814 1484 1868 nisi
1512 1812 1655 1883 quod
1683 1829 1715 1866 a
1758 1812 1982 1869 Paulino

403 1922 613 1985 peteret
658 1913 1047 1985 quamprimum
1094 1910 1195 1966 sibi
1245 1909 1446 1966 remitti
1475 1908 1768 1976 Victorem,
1813 1918 1870 1962 ut
1915 1907 1985 1961 ad

404 2008 683 2062 vindemiae
708 2006 821 2061 dies
850 2005 1104 2060 remissus
1133 2012 1457 2059 occurreret.
1486 2000 1501 2039 ί
1539 2001 1800 2057 Desiderii
1827 2014 1981 2070 prcs-

402 2096 577 2168 hyteri
606 2096 814 2151 litteras
839 2095 997 2149 simul
1022 2093 1074 2148 ei
1098 2094 1278 2148 Victor
1306 2092 1554 2159 reddidit,
1585 2092 1674 2161 qui
1698 2092 1765 2146 ab
1793 2106 1859 2146 eo
1887 2104 1983 2161 pe-

403 2188 551 2241 tebat
589 2185 991 2252 intelligentiam
1020 2182 1455 2237 benedictionnm
1477 2183 1668 2250 quibus
1697 2181 1834 2235 ﬁlios
1856 2196 1982 2236 suos

403 2275 563 2329 morti
610 2275 883 2343 proximus
905 2271 1071 2328 Iacob
1100 2271 1336 2326 donavit.
1369 2271 1498 2326 Post
1516 2282 1539 2319 ς
1569 2271 1838 2326 modicum
1882 2272 1981 2325 ad-

401 2376 593 2423 ventus
619 2368 702 2421 sui
738 2365 927 2421 Nolam
965 2376 1177 2433 tempus
1204 2365 1389 2419 Victor
1416 2379 1474 2419 se
1503 2363 1569 2417 ad
1610 2362 1713 2417 iter
1738 2362 1982 2431 relegen-

401 2461 525 2515 dum
548 2459 883 2529 praeparavit,
908 2458 980 2511 ita
1003 2466 1060 2511 ut
1080 2456 1332 2510 Paulinus
1352 2456 1541 2510 breves
1562 2454 1627 2508 ad
1648 2453 1979 2508 Desiderium

400 2559 456 2606 et
499 2550 757 2606 Severum
786 2549 993 2623 litteras
1031 2547 1237 2613 fecerit,
1268 2563 1386 2616 quae
1412 2548 1551 2602 bime
1588 2547 1881 2616 perierunt.
1912 2546 1982 2600 Et

400 2640 582 2696 forsan
610 2640 800 2696 eodem
829 2646 1073 2709 tempore
1096 2646 1187 2691 aut
1224 2639 1383 2707 paulo
1412 2645 1535 2707 post
1568 2638 1869 2706 conscripta
1895 2643 1980 2691 est

400 2730 470 2785 ad
488 2730 818 2785 Florentium
836 2728 1231 2785 Cadurcensem
1256 2730 1562 2799 episcOpum
1585 2729 1810 2799 epistola
1844 2743 1979 2797 qua-

399 2820 698 2889 dragesima
733 2819 987 2887 secunda,
1016 2820 1084 2874 de
1133 2834 1237 2888 qua
1286 2819 1399 2876 fuse
1445 2818 1471 2855 ιι
1514 2835 1674 2889 supra
1722 2818 1973 2875 diximus.

399 2916 468 2964 At
489 2926 616 2966 vero
630 2910 851 2980 jamjam
877 2908 889 2947 ί
924 2909 1283 2979 profecturum
1306 2909 1580 2965 Victorem
1605 2909 1766 2965 subiti
1793 2925 1975 2964 rerum

395 3003 580 3058 obices
604 3010 963 3067 retraxerunt,
992 3002 1115 3056 dum
1162 3002 1333 3055 hiems
1360 3003 1753 3070 navigationem
1797 3011 1851 3055 et
1888 3002 1975 3055 iti-

399 3107 527 3149 nera
556 3101 730 3148 metus
756 3092 1086 3158 clauderent,
1119 3092 1311 3161 quibus
1358 3094 1640 3161 impeditus
1669 3094 1973 3147 necessitati

396 3186 611 3253 longam
638 3184 783 3239 Nolae
803 3184 1110 3238 dilationem
1138 3183 1203 3237 ad
1231 3183 1388 3237 ﬁnem
1413 3199 1578 3253 usque
1619 3185 1811 3239 hiemis
1834 3201 1972 3254 pne-

388 3275 550 3328 stitit.
582 3271 753 3328 Metus
780 3273 871 3342 qui
901 3273 1089 3327 itinera
1110 3273 1321 3337 clausit,
1346 3273 1434 3326 ille
1462 3274 1812 3342 proculdubio
1834 3284 1969 3339 erat,

397 3378 464 3417 ne
492 3362 592 3432 ipsi
622 3362 983 3416 Romanorum
1009 3371 1100 3415 aut
1127 3363 1362 3416 hostium
1390 3364 1656 3418 exercitus
1683 3364 1736 3417 in
1773 3365 1856 3417 via
1881 3380 1973 3419 oc-

396 3461 697 3508 currerent:
729 3453 872 3521 quod
894 3452 1092 3507 referre
1117 3452 1195 3507 fas
1215 3453 1379 3509 estad
1397 3454 1710 3510 descensum
1726 3457 1921 3511 Alarici
1946 3457 1958 3508 i

397 3542 452 3595 in
493 3541 696 3596 Italiam
725 3557 865 3598 anno
892 3541 1014 3609 403,
1048 3551 1140 3597 aut
1168 3543 1487 3613 Rhadagaisi
1515 3542 1656 3600 anno
1684 3546 1805 3599 405.
1837 3543 1970 3601 Cum

394 3646 523 3689 vero
550 3634 888 3689 retulerimus
913 3634 979 3688 ad
1004 3650 1203 3689 annum
1225 3634 1327 3689 405
1347 3636 1627 3705 epistolam
1649 3638 1807 3692 aliam
1832 3637 1971 3693 Pau-

392 3723 483 3778 lini
513 3723 582 3779 ad
608 3725 863 3781 Severum
895 3727 995 3796 ipsi
1023 3743 1053 3780 a
1074 3727 1291 3782 Victore
1315 3728 1597 3793 redditam,
1631 3730 1835 3785 huncce
1857 3747 1968 3785 ine-

390 3819 503 3867 tum
539 3814 761 3883 rejicere
788 3824 1003 3885 Oportet
1042 3817 1095 3870 in
1146 3816 1459 3872 descensum
1490 3817 1827 3888 Rhadagaisi,
1872 3823 1967 3890 qui

391 3905 560 3960 multo
609 3906 866 3974 majorem
911 3922 1073 3975 quam
1116 3908 1357 3963 Alaricus
1402 3910 1453 3963 in
1505 3910 1653 3965 Italia
1682 3914 1967 3967 concitavit

392 4002 673 4051 terrorem.
706 3994 1021 4064 Rhadagaisi
1056 3994 1079 4031 ¹ί
1112 3999 1379 4052 exercitus
1415 4002 1626 4054 nonnisi
1669 4003 1809 4055 circa
1856 4003 1967 4057 hie.

392 4099 534 4139 mem
563 4083 769 4138 deletus
795 4080 958 4138 fuisse
979 4084 1190 4149 dicitur,
1220 4087 1310 4153 qui
1335 4088 1458 4141 licet
1482 4099 1607 4143 ante
1630 4088 1834 4157 fuisset,
1858 4090 1965 4145 Ro-

392 4173 537 4227 mani
581 4173 742 4227 etiam
793 4173 1059 4226 exercitus
1099 4175 1314 4240 milites,
1358 4177 1448 4244 qui
1486 4178 1658 4232 adhuc
1696 4180 1874 4235 multis
1912 4182 1964 4234 in

392 4264 523 4319 locis
550 4262 771 4333 dispersi
795 4277 914 4317 esse
939 4270 1206 4333 poterant,
1230 4267 1428 4336 quique
1454 4274 1512 4331 ut
1538 4269 1823 4337 plurimum
1842 4271 1967 4325 bar-

392 4355 506 4409 bari
534 4361 707 4421 erant,
737 4362 938 4410 metum
967 4356 1257 4412 viatoribus
1284 4359 1522 4413 incutere
1550 4369 1855 4429 potuerunt.

2090 487 2211 557 quin
2236 486 2343 539 illic
2369 484 2525 539 adeas
2553 486 2805 539 illustrem
2833 486 2995 539 virum
3023 503 3084 540 ac
3123 496 3227 541 toto
3260 488 3527 542 laudatum
3555 490 3676 543 orbe

2096 574 2391 629 Paulinum.
2420 573 2529 639 Illi,
2555 590 2728 644 quwso
2748 583 2815 639 te,
2840 576 3062 645 primum
3084 579 3333 631 sermonis
3358 580 3519 631 nostri
3540 581 3674 648 quod

2089 667 2167 720 vel
2220 667 2454 721 hesterno
2499 668 2809 738 confecimus
2864 667 2940 721 vel
2980 667 3132 721 hodie
3160 668 3385 723 diximus
3440 672 3672 743 volumen

2088 758 2275 812 evolve.
2309 756 2398 811 Illi
2426 758 2598 811 omnia
2626 758 2834 828 referes,
2866 756 2944 810 illi
2974 767 3155 811 cuncta
3183 758 3441 821 recitabis,
3469 770 3525 813 ut
3552 777 3671 815 mea:

2089 865 2182 918 per
2200 848 2345 901 illum
2367 864 2518 902 sacra
2547 849 2640 901 viri
2670 848 2847 901 laudes
2878 846 3045 901 Roma
3074 858 3369 919 cognoscat,
3400 852 3534 903 sicut
3560 853 3672 922 pri-

2090 953 2227 990 mum
2248 936 2393 990 illum
2430 944 2662 991 nostrum
2689 936 2912 989 libellum
2958 953 3060 989 non
3088 954 3178 1006 per
3206 937 3419 991 Italiam
3450 950 3670 1007 tantum,

2089 1028 2182 1082 sed
2208 1045 2298 1098 per
2319 1036 2480 1082 totum
2506 1027 2658 1080 etiam
2682 1026 2889 1095 diffudit
2906 1024 3193 1098 Illyricum.
3212 1026 3310 1081 Ille
3332 1026 3551 1081 Martini
3567 1045 3669 1083 non

2088 1120 2293 1173 invidus
2340 1119 2645 1191 gloriarum,
2675 1127 3069 1189 sanctarumque
3094 1135 3147 1172 ιη
3191 1120 3392 1173 Christo
3431 1121 3670 1175 virtutum

2089 1211 2350 1279 piissimus
2400 1210 2685 1264 testimator
2707 1246 2723 1273 ,
2754 1225 2856 1262 non
2905 1208 3092 1261 abnuet
3136 1210 3406 1275 prtrsulem
3439 1222 3670 1264 nostrum

2089 1318 2202 1354 cum
2222 1316 2314 1354 suo
2342 1299 2521 1354 Felice
2546 1315 2864 1366 componere.
2891 1298 3023 1352 Cum
3053 1309 3076 1334 ο
3108 1309 3349 1355 mortuus
3376 1309 3457 1354 est
3488 1298 3667 1354 Pauli-

2088 1407 2188 1445 nus
2216 1390 2357 1461 apud
2385 1404 2443 1445 se
2471 1390 2700 1444 habebat
2728 1389 3009 1459 quemdam
3039 1390 3410 1460 presbyterum
3453 1390 3669 1444 nomine

2086 1481 2526 1539 Posthumianum
2579 1500 2591 1535 :
2647 1496 2715 1534 an
2770 1480 2909 1534 idem
2956 1480 3115 1535 fuerit
3162 1480 3253 1549 qui
3308 1495 3553 1535 reversus
3599 1496 3665 1536 ex

2086 1574 2304 1631 Oriente
2331 1573 2552 1628 Paulino
2581 1571 2882 1635 adhmserit,
2915 1587 3020 1625 non
3050 1570 3179 1625 mihi
3207 1578 3436 1625 constat.

2619 1726 2754 1767 ANNO
2782 1725 2988 1765 cums'rt
3011 1708 3133 1763 406.

2156 1826 2208 1881 5.
2249 1823 2450 1881 Decimi
2480 1824 2622 1879 tertii
2652 1823 2875 1877 natalilii
2900 1822 3153 1877 carminis
3179 1832 3206 1871 ι)
3229 1822 3282 1876 in
3312 1824 3572 1878 honorem
3601 1824 3658 1880 S.

2083 1916 2304 1981 Felicis,
2334 1914 2475 1984 quod
2516 1913 2668 1983 juxta
2722 1913 2961 1967 historiae
3002 1920 3197 1967 nostra:
3224 1913 3415 1966 seriem
3445 1913 3663 1968 ineunte

2082 2009 2187 2063 hoc
2232 2022 2371 2061 anno
2417 2006 2671 2074 scriptum
2717 2003 2832 2067 fuit,
2883 2004 3069 2058 titulus
3104 2012 3186 2058 est
3218 2021 3231 2055 :
3265 2003 3344 2057 De
3380 2003 3662 2059 Gothorum

2082 2100 2336 2151 exercitus
2358 2113 2469 2150 cum
2492 2112 2583 2149 suo
2604 2113 2723 2167 rege
2747 2096 2955 2149 interitu
2978 2111 2995 2148 :
3019 2095 3212 2164 quibus
3238 2096 3414 2151 verbis
3434 2105 3617 2166 aperte
3634 2108 3661 2146 ιι

2082 2187 2405 2255 Rhadagaisi
2446 2185 2622 2240 clades
2684 2185 2988 2251 indicatur;
3045 2199 3164 2253 qua:
3221 2184 3436 2253 quidem
3483 2186 3661 2241 clades

2082 2284 2353 2344 tamquam
2382 2273 2720 2329 manifestum
2760 2274 2996 2342 illudque
3034 2274 3227 2328 mirum
3271 2275 3366 2329 Dei
3394 2275 3447 2328 in
3493 2276 3660 2345 impe—

2080 2367 2219 2420 rium
2272 2366 2691 2433 religionemque
2745 2363 3106 2419 Christianam
3174 2366 3353 2420 tutela:
3408 2368 3659 2421 indicium

2080 2470 2291 2525 semper
2316 2456 2494 2509 habita
2540 2463 2651 2520 est;
2699 2462 2755 2509 et
2793 2468 2856 2509 ea
2908 2469 3028 2522 qum
3055 2465 3338 2524 supersunt
3370 2472 3539 2526 pauca
3594 2471 3659 2513 ex

2081 2546 2184 2600 hoc
2200 2552 2448 2614 poemate
2479 2554 2500 2581 ι’
2532 2545 2768 2598 carmina
2799 2541 3078 2599 Paulinu‘m
3129 2544 3313 2599 Roma:
3359 2554 3414 2599 et
3450 2547 3659 2615 imperii

2078 2636 2401 2707 martyribus
2435 2630 2574 2689 hanc
2604 2633 2878 2689 victoi'iam
2912 2636 3158 2691 tribuisse
3206 2637 3452 2706 probant.
3483 2644 3504 2671 ³
3538 2636 3659 2692 Vic-

2078 2734 2250 2781 torem
2279 2741 2418 2780 anno
2455 2726 2731 2794 superiore
2760 2726 2787 2779 a
2819 2724 3019 2780 Severo
3048 2734 3103 2780 et
3133 2726 3404 2781 Desiderio
3434 2727 3655 2781 missum

2077 2816 2143 2870 ad
2188 2815 2467 2870 Paulinum
2494 2815 2744 2879 vidimus,
2785 2825 3137 2884 coactumque
3183 2810 3345 2870 fuisse
3372 2816 3516 2871 Nola:
3562 2826 3656 2871 ex-

2074 2918 2318 2978 spectare
2364 2908 2536 2962 donec
2581 2908 2921 2962 adventasset
2965 2923 3129 2962 verna
3178 2915 3469 2977 tempestas
3515 2918 3573 2963 ut
3601 2911 3653 2963 in

2074 3000 2272 3054 Gallias
2304 2999 2520 3054 rediret.
2552 2997 2641 3053 Sic
2674 3001 2692 3034 ί
2725 2996 3127 3067 exspectantem
3156 3012 3278 3052 eum
3307 2998 3498 3052 invasit
3533 3013 3654 3068 gra-

2002 3122 2047 3184 C
2077 3093 2321 3148 vissimus
2367 3091 2604 3155 morbus,
2636 3087 2743 3159 qilo
2774 3092 2826 3143 in
2855 3090 3111 3144 extremis
3157 3091 3366 3159 positus
3393 3101 3493 3145 est.
3528 3090 3654 3160 Ejus

2080 3183 2473 3237 tribulationem
2502 3190 2530 3218 ιι
2569 3181 2900 3250 compatiens
2944 3182 3193 3236 sustinuit
3239 3179 3509 3246 Paulinus,
3558 3182 3651 3237 sed

2072 3274 2315 3341 quamvis
2338 3273 2448 3341 jam
2478 3273 2546 3326 ab
2574 3272 2822 3326 omnibus
2846 3269 3167 3340 .dés‘peratus
3193 3278 3498 3339 argmtaret,
3526 3280 3555 3312 ν
3583 3272 3653 3327 de

2074 3364 2259 3419 Severi
2288 3375 2464 3418 tamen
2489 3361 2590 3419 ﬁde
2617 3363 2839 3432 ejusq‘ue
2868 3363 3074 3416 meritis
3103 3363 3386 3416 sanitatem
3416 3364 3651 3432 speravit

2072 3455 2346 3510 Paulinus.
2382 3454 2589 3509 Revera
2621 3463 2645 3491 ι
2675 3452 2942 3507 convaluit
2972 3451 3156 3507 Victor
3197 3470 3209 3505 :
3241 3452 3335 3507 sed
3364 3453 3481 3521 plus
3509 3461 3647 3507 tem-

2070 3547 2218 3617 poris
2244 3547 2296 3600 in
2325 3544 2611 3600 reﬁcienda
2644 3543 2947 3597 valetudine
2970 3544 3283 3607 consumsit,
3306 3548 3469 3611 quam
3488 3544 3646 3612 aegri-

2071 3636 2253 3690 tudine
2282 3636 2505 3690 tolerata
2529 3634 2874 3703 produxerat,
2907 3640 2962 3686 et
2988 3642 3015 3680 ἃ·
3044 3632 3221 3686 vicino
3251 3640 3457 3685 tantum
3484 3647 3645 3701 apos-

2071 3727 2301 3782 tolorum
2347 3726 2509 3779 natali
2538 3725 2696 3794 plane
2724 3725 3000 3778 restitutus
3027 3731 3124 3777 est.
3159 3722 3286 3776 Tam
3317 3725 3425 3778 cito
3463 3724 3644 3778 dimit-

2070 3828 2183 3875 tere
2224 3836 2345 3875 eam
2375 3819 2545 3873 noluit
2576 3818 2862 3883 Paulinus;
2893 3818 2985 3872 sed
3016 3818 3236 3872 retinuit
3264 3817 3437 3872 donec
3464 3832 3644 3871 secum

2070 3910 2294 3965 Romam
2341 3910 2489 3964 illum
2543 3910 2625 3963 sui
2672 3909 2877 3963 itineris
2902 3909 3064 3962 annui
3117 3909 3323 3962 socium
3377 3908 3645 3974 duceret,

2068 4008 2127 4055 ut
2174 4000 2318 4053 illinc
2346 3999 2771 4068 proﬁcisceretur
2800 3999 2850 4051 in
2880 3995 3079 4051 Gallias
3107 4012 3416 4051 reversurus
3439 4035 3454 4059 ,
3485 4006 3541 4051 et
3578 3999 3645 4052 ad

2065 4090 2345 4145 vindemia:
2373 4090 2486 4143 dies
2513 4089 2713 4143 Severo
2742 4090 2993 4142 remissus
3038 4096 3364 4151 occurreret,
3394 4089 3511 4157 ipso
3535 4090 3643 4142 sci-

2067 4183 2193 4236 licet
2220 4189 2460 4249 tempore
2482 4180 2625 4249 quod
2654 4179 3054 4248 pnescripserat
3109 4177 3340 4233 Severus
3365 4188 3385 4213 '-
3411 4218 3426 4243 ,
3459 4194 3642 4233 verum

2066 4270 2309 4339 sequenti
2338 4278 2542 4323 tantum
2571 4285 2731 4322 anno.
2763 4269 2904 4322 Duas
2930 4278 2982 4306 ἰα
3012 4270 3202 4323 breves
3230 4269 3484 4338 epistolas
3510 4285 3643 4338 quas

2067 4379 2206 4418 anno
2234 4362 2529 4432 superiore,
2566 4376 2686 4415 cum
2726 4361 2911 4415 Victor
2936 4361 3200 4431 proﬁcisci
3231 4361 3408 4426 vellet,
3440 4362 3507 4423 ad
3545 4362 3644 4416 Se-

462 4443 515 4498 2.
540 4442 636 4510 Eo,
655 4452 713 4498 ut
734 4444 959 4511 videtur,
984 4461 1125 4500 anno
1153 4446 1168 4485 ι
1204 4446 1614 4503 Posthumianus
1636 4465 1701 4504 ex
1724 4450 1960 4517 Oriente,
1993 4483 2043 4541 Β
2066 4470 2250 4510 verum
2274 4463 2329 4509 et
2356 4454 2686 4509 Desiderium
2714 4453 3001 4522 scripserat
3027 4451 3299 4517 Paulinus,
3320 4453 3493 4508 eidem
3518 4454 3643 4508 Vic-

393 4543 587 4588 exacto
615 4534 812 4590 ibidem
842 4543 957 4590 toto
989 4537 1237 4601 triennio,
1266 4554 1512 4593 reversus
1536 4547 1638 4593 est.
1669 4538 1961 4609 Trigesima

392 4624 510 4678 luce
533 4634 569 4659 ιη
589 4638 657 4678 ex
697 4622 929 4694 Egypto
957 4624 1242 4680 Massiliam
1288 4628 1553 4695 pervenit,
1581 4629 1787 4684 decima
1836 4645 1962 4685 vero

390 4727 456 4766 ex
485 4713 617 4766 urbe
642 4711 870 4768 Massilia
895 4713 961 4767 ad
990 4713 1165 4769 locum
1197 4715 1287 4770 ubi
1316 4716 1581 4785 Sulpicius
1609 4718 1839 4775 Severus
1866 4722 1960 4779 de-

390 4804 566 4871 gebat.
597 4801 877 4858 Materiam
919 4803 1259 4873 Dialogorum
1288 4809 1696 4877 suppeditarunt
1722 4809 1958 4882 Sulpicio

389 4894 589 4948 Severo
600 4895 768 4963 prima
780 4910 899 4950 cum
921 4895 1036 4965 ipso
1055 4896 1341 4965 colloquia,
1364 4899 1461 4953 sub
1476 4913 1703 4967 quorum
1727 4900 1885 4957 ﬁnem
1906 4912 1953 4968 η,

387 5001 507 5039 cum
538 4985 946 5042 Posthumianus
973 4995 1116 5041 esset
1142 4984 1413 5044 Orientem
1450 5005 1575 5045 mox
1602 4994 1922 5061 repetiturus
1939 5034 1954 5060 ,

386 5089 508 5129 eum
536 5075 781 5131 hortatur
805 5085 863 5132 ut
908 5092 1004 5146 per
1030 5076 1376 5149 Campaniam
1414 5082 1515 5136 iter
1541 5082 1783 5149 haberet,
1829 5084 1957 5140 licet

388 5164 455 5219 de
493 5164 578 5220 via
606 5165 833 5222 multum
877 5168 985 5238 83
1031 5167 1131 5223 hac
1173 5169 1240 5223 de
1268 5184 1427 5225 causa
1470 5169 1795 5228 deﬂecteret.
1829 5173 1953 5230 Non

2068 4546 2169 4601 tori
2195 4544 2508 4600 deferendas
2530 4544 2700 4609 dedit;
2724 4544 2814 4598 sed
2829 4544 2963 4598 duas
2984 4544 3299 4613 prolixiores
3315 4544 3381 4598 ad
3401 4545 3641 4611 eosdem,

2066 4637 2279 4689 remissa
2326 4645 2477 4706 atque
2502 4636 2680 4688 laxata
2707 4636 2759 4688 in
2790 4636 2945 4688 otium
2992 4643 3159 4687 mente
3201 4635 3425 4703 scriptas
3455 4635 3518 4689 iis
3547 4635 3642 4689 ad-

2061 4724 2207 4793 jecit.
2222 4722 2299 4778 Ea
2328 4738 2447 4792 qua:
2470 4724 2535 4777 ad
2564 4722 2821 4778 Severum
2848 4722 3107 4791 prolixior
3120 4731 3238 4777 erat
3264 4723 3485 4792 scripta,
3509 4738 3639 4790 per-

2063 4817 2153 4881 iit,
2200 4830 2298 4870 nec
2343 4816 2504 4870 etiam
2546 4814 2672 4883 quid
2722 4821 2963 4868 remanet
3010 4829 3193 4868 earum
3223 4828 3356 4883 quas
3384 4813 3451 4867 ad
3492 4797 3639 4867 illum

2060 4905 2250 4961 deinde
2268 4905 2500 4960 scribere
2526 4904 2718 4973 potuit.

2130 4998 2182 5052 4.
2216 4998 2274 5051 In
2302 4996 2359 5035 δι’
2377 4994 2661 5065 Spicilegio
2690 4993 2988 5049 Acheriano
3025 4994 3180 5049 binas
3209 4994 3425 5048 nomine
3451 4992 3639 5048 Severi

2061 5088 2128 5143 ad
2174 5086 2453 5140 Paulimun
2480 5084 2758 5152 inscriptas
2798 5082 3057 5139 habemus
3099 5082 3373 5153 epistolas,
3413 5097 3636 5150 quarum

2059 5180 2231 5251 prima
2257 5191 2387 5232 sane
2414 5183 2497 5230 est
2517 5174 2700 5230 Severi
2728 5172 2795 5227 ad
2824 5173 3124 5241 Paulinum,
3154 5186 3320 5243 quare
3347 5180 3403 5226 et
3429 5186 3547 5235 eam
3578 5181 3633 5210 τε

464 5335 834 5423 ’-Ερζῦξὶῶξη
870 5338 951 5423 ut.
1024 5338 1258 5423 graia,
1300 5342 1445 5423 περ.
1524 5344 1743 5423 εμρίάη
1791 5365 1845 5423 η.
1878 5350 1957 5423 5η
1996 5353 2211 5423 fama,
2262 5353 2397 5408 n.t.
2476 5362 2499 5390 ο
2541 5351 2689 5423 Paul.
2740 5368 2824 5422 ep.
2873 5353 2961 5417 ts,
3011 5370 3064 5407 η.
3115 5351 3249 5423 ιρι
3282 5352 3335 5407 2.
3406 5351 3438 5423 Δτ
3470 5351 3633 5423 lbid.,

393 5423 446 5482 [ι.
489 5404 588 5482 3.:
619 5416 643 5454 ε
687 5404 860 5482 Ihid.,
905 5407 1043 5482 ,ιμ’-1
1088 5417 1144 5463 et
1169 5404 1253 5482 ἓξ
1311 5410 1493 5482 h_Cap.
1558 5414 1663 5475 45,
1711 5404 1765 5472 ri.
1808 5418 1862 5473 2.

391 5475 540 5552 nisi.
569 5475 621 5543 ι,
642 5491 689 5530 c.
719 5473 1035 5552 summa.
1109 5486 1135 5514 ιι
1165 5478 1313 5552 εμρρ.
1339 5473 1463 5552 Sev'.
1492 5482 1625 5537 Dial.
1650 5473 1705 5552 3,
1733 5504 1781 5541 c.
1810 5488 1896 5543 l7.

388 5555 416 5593 «ι
447 5544 563 5621 νρά.
598 5543 857 5621 no_t_._.’_>29.
917 5553 957 5621 _'_'
979 5543 1282 5621 Carm.‘28'.
1358 5550 1541 5621 "Cap.
1575 5553 1662 5615 47,
1691 5543 1748 5608 ᾖ.
1784 5556 1833 5609 1.

1945 5420 2424 5547 ¹Ρῦ·...ῒιῖ’ξιὲδᾶί

1916 5560 2173 5630 lPaulin.
2206 5560 2394 5630 ep.w43
2418 5599 2431 5623 ,
2464 5576 2518 5630 n.
2554 5562 2603 5630 l.

2506 5425 2518 5471 i
2560 5420 2808 5491 Prosper.
2851 5424 3051 5491 Chron.
3131 5421 3153 5457 ’ί
3186 5420 3318 5477 Ibid.
3372 5421 3415 5491 7!
3478 5421 3627 5490 Sulp.

2146 5510 2197 5546 η.
2230 5494 2295 5548 de
2321 5489 2479 5545 Obitu
2512 5489 2733 5553 Paulini,
2767 5508 2819 5545 n.
2845 5493 2897 5544 2.
2932 5504 2956 5541 ρ
2988 5490 3135 5545 Paul.
3167 5507 3334 5545 carm.
3356 5490 3444 5554 28,
3472 5492 3522 5544 in
3547 5489 3631 5543 tit.

2682 5570 2706 5596 υ
2740 5561 2895 5623 lbid.,
2930 5578 2982 5613 ιι.
3014 5561 3066 5613 2.
3148 5571 3172 5597 ν
3199 5560 3333 5613 Ibid.
3410 5568 3435 5595 ι
3465 5560 3632 5625 Ibid.,

390 5628 443 5666 n.
477 5613 525 5663 I.
600 5623 627 5661 1
656 5613 787 5669 Ibid.
865 5623 887 5652 ι
917 5613 1069 5683 Ibid.,
1097 5632 1149 5671 n.
1175 5615 1227 5669 9..
1303 5626 1360 5657 ιι
1388 5613 1541 5687 ιδίαῖ,
1573 5637 1625 5674 n.
1651 5613 1679 5674 'I
1707 5634 1760 5679 et
1788 5625 1842 5679 ἓ.
1921 5629 1974 5667 bh

2075 5613 2187 5685 ian;
2213 5613 2258 5683 i.‘
2279 5629 2339 5695 v,
2367 5613 2430 5696 p.’
2474 5628 2594 5693 5:59.,
2627 5613 2894 5683 554.""cc'
2908 5629 3040 5697 Cap.
3075 5628 3163 5692 53,
3195 5646 3248 5682 n.
3289 5628 3337 5683 ι.
