4020 6186
347 319 445 374 109

1698 310 2225 384 PROLEGOMENA.

3508 341 3620 405 Ill)

341 448 497 528 supra
532 432 829 489 retulimus.
858 431 1038 487 Altera
1061 433 1223 528 etiam
1252 434 1513 528 potuisset
1540 437 1681 528 mitti
1707 437 1773 491 ad
1798 440 1929 493 Pau—
1956 448 2006 506 Α
2030 450 2088 496 et
2114 441 2430 511 Amandam,
2460 464 2490 502 a
2519 449 2713 519 quibus
2754 460 2915 508 unam
2961 465 3245 527 acceperat
3268 471 3428 528 quam
3475 461 3613 520 mula

338 521 525 587 linum,
554 537 728 592 eaque
748 532 893 576 esset
921 522 1234 591 pneelarum
1264 519 1476 593 pietatis
1502 524 1618 594 ejus
1645 540 1928 595 argumen-

2034 539 2146 587 tum
2184 534 2382 601 laudat,
2414 548 2439 587 ιδ
2468 546 2525 593 et
2552 540 2639 595 cui
2667 540 2796 596 dicit
2823 557 2883 598 se
2925 544 3057 600 nihil
3102 547 3276 603 simile
3319 566 3477 619 posse
3520 570 3611 610 reo

338 621 471 704 tum,
495 627 622 667 cum
650 613 721 666 sit
738 612 1030 704 gratiarum
1055 613 1197 668 actio
1217 614 1493 683 cujusdam
1523 619 1741 673 nomine
1768 620 1848 673 sui
1877 628 1934 675 et
2030 622 2191 681 ferre.
2224 626 2461 684 Tandem
2478 633 2666 685 statuit
2689 642 2716 682 (ι
2747 634 3027 703 epistolam
3056 636 3110 692 in
3132 612 3614 704 eorum-sermoni.

338 703 589 767 aliorum,
616 712 676 759 ut
696 702 931 767 videtur,
956 704 1300 771 rusticorum,
1327 706 1470 774 quod
1496 707 1664 776 ipsius
1678 709 1931 763 cohorta-

335 793 578 849 tionibus
604 793 888 850 veritatem
919 802 974 848 et
1000 794 1095 849 Dei
1122 795 1323 850 cultum
1344 796 1569 852 fuissent
1606 797 1808 863 edocti,
1832 799 1931 854 mi-

337 887 419 940 nis
446 893 558 939 no’n
590 886 782 940 territi.
815 884 923 940 Sed
950 902 1070 940 cum
1101 895 1311 941 constet
1338 888 1619 957 epistolam
1656 890 1795 945 hanc
1822 907 1928 946 non

335 993 455 1031 esse
479 975 691 1038 Severi,
721 990 821 1031 nos
847 976 945 1030 hac
973 991 1077 1030 una
1108 978 1218 1031 nixi
1258 979 1567 1044 autoritate,
1599 978 1841 1047 Paulino,
1866 997 1929 1036 ea

338 1083 455 1137 quae
470 1067 572 1136 ipsi
602 1067 742 1122 forte
760 1081 869 1121 non
888 1067 1233 1132 conveniunt,
1260 1068 1495 1124 tribuere
1518 1085 1625 1125 non
1648 1071 1926 1125 audemus.

338 1156 469 1210 Cum
490 1156 747 1210 Paulinus
769 1157 821 1210 in
851 1156 1077 1225 epistola
1107 1156 1174 1210 ad
1190 1156 1523 1212 Desiderium
1554 1168 1578 1196 α
1608 1160 1932 1217 ostendisset

338 1249 460 1316 quid
489 1263 670 1302 causa:
697 1246 870 1301 fuerat
899 1263 993 1301 cur
1025 1247 1208 1301 Victor
1258 1250 1471 1303 nonnisi
1522 1258 1646 1319 post
1690 1251 1927 1321 elapsum

338 1356 531 1394 annmn
565 1340 785 1404 rediret,
814 1340 1046 1393 maxima
1075 1355 1131 1394 se
1158 1340 1459 1396 humilitate
1484 1341 1595 1412 84
1618 1351 1839 1398 excusat
1863 1343 1929 1398 de

338 1448 499 1503 opere
527 1432 672 1502 quod
712 1432 928 1501 petebat
959 1431 1282 1496 Desiderius,
1310 1448 1540 1502 eumque
1568 1441 1724 1501 rogat
1751 1443 1809 1487 ut
1826 1435 1927 1490 sibi

338 1523 616 1577 duodecim
647 1521 1071 1591 patriarcharum
1102 1520 1509 1578 Benedictiones
1540 1523 1652 1592 ipse
1673 1524 1923 1592 explicet.

888 1658 1113 1714 CAPUT
1152 1659 1379 1715 XLVIII.

338 1749 619 1821 Duodecim
657 1751 1074 1821 patriarcharum
1094 1749 1502 1821 benedictionum
1528 1752 1925 1820 explicationem

404 1838 458 1890 αῖ
495 1818 700 1890 Ruﬁno
731 1819 992 1890 Paulinus
1034 1821 1294 1889 impetrat.
1352 1820 1431 1872 Ad
1479 1818 1673 1889 Aprum
1714 1820 1923 1884 scribit;
1961 1818 2003 1875 Β

406 1888 752 1959 Melania’que
780 1890 945 1958 ﬁlium
976 1888 1174 1941 laudat.

404 2002 454 2054 1-.
489 2001 641 2056 Hanc
669 2017 853 2055 rursus
892 2017 920 2054 a
966 2000 1179 2055 Ruﬂino
1226 2002 1661 2056 benedictionum
1691 2002 1927 2072 explica-

338 2094 537 2147 tionem
555 2091 849 2161 postulavit
870 2089 897 2128 δ
930 2089 1203 2155 Paulinus,
1234 2091 1304 2145 dc
1329 2105 1435 2160 qua
1463 2106 1523 2145 se
1551 2091 1619 2146 ab
1646 2092 1766 2146 aliis
1792 2107 1925 2147 con-

341 2184 439 2257 spli
458 2190 689 2236 testatur
713 2192 735 2220 ε
767 2180 822 2235 in
851 2197 946 2235 sua
974 2180 1043 2235 ad
1074 2179 1346 2235 Rulfinum
1373 2180 1599 2250 epistola
1627 2182 1926 2251 quadrage-

338 2274 473 2328 sima
528 2272 779 2342 septima.
834 2272 984 2327 Hanc
1038 2273 1432 2342 expositionem
1498 2273 1599 2343 ipsi
1658 2274 1927 2342 denegare

336 2380 442 2419 non
472 2364 648 2434 potuit
678 2360 937 2418 Rullinus.
965 2363 1097 2417 Cum
1117 2363 1261 2418 enim
1281 2362 1349 2417 ad
1373 2361 1655 2418 Paulinum
1685 2364 1928 2435 scripsis-

336 2466 416 2509 set
443 2453 471 2491 ά
495 2455 741 2509 Rul'linus
769 2469 827 2510 se
859 2454 1178 2523 quihusdam
1206 2454 1274 2508 de
1320 2456 1553 2523 negotiis
1574 2457 1784 2511 venisse
1812 2456 1923 2511 Ro-

336 2555 498 2611 mam,
522 2545 781 2601 Paulinus
812 2555 835 2583 ο
864 2561 988 2600 eum
1017 2546 1224 2613 rogavit
1267 2547 1490 2615 epistola
1520 2547 1924 2616 quadragesima

334 2644 483 2691 sexta
540 2646 599 2690 ut
649 2638 940 2705 capitulum
984 2652 1091 2706 quo
1119 2635 1282 2692 Iudas
1311 2654 1341 2692 a
1383 2636 1552 2693 Jacob
1591 2639 1927 2694 benedicitur

341 2726 681 2795 explanaret.
714 2724 908 2781 Postea
933 2726 1000 2781 ad
1026 2742 1148 2781 eum
1179 2742 1363 2782 rursus
1384 2728 1598 2796 scripsit
1625 2727 1641 2764 ί
1669 2728 1736 2781 ab
1750 2742 1925 2797 eoque

336 2816 491 2885 petiit
517 2824 577 2869 ut
621 2815 764 2869 hanc
790 2815 1223 2870 benedictionem
1254 2816 1447 2885 triplici
1480 2817 1925 2885 interpretatione

337 2908 657 2971 elucidaret,
694 2916 718 2953 8
749 2907 1003 2962 historica
1024 2908 1297 2970 nimirum,
1330 2908 1517 2963 morali
1565 2918 1620 2961 et
1663 2909 1920 2978 mystica;

337 3001 409 3055 ita
456 3008 516 3055 ut
546 2998 795 3053 Bullinus
835 3000 1183 3055 excusatione
1212 3000 1446 3068 primum
1476 3000 1635 3053 allata
1661 2998 1683 3035 ιι
1708 2999 1923 3054 tandem

335 3092 830 3162 obtemperaverit,
898 3092 1123 3160 ejusque
1177 3093 1317 3148 votis
1368 3092 1624 3161 paruerit.
1689 3092 1921 3161 Accepta

334 3185 478 3237 enim
505 3182 667 3250 hujus
698 3180 1088 3236 benedictionis
1117 3181 1475 3250 explicatione
1500 3182 1692 3250 prima,
1726 3180 1913 3250 petiiti
1948 3177 1992 3238 (ἶ

335 3289 365 3327 a
395 3272 610 3327 Ruflino
644 3271 915 3336 Paulinus,
950 3281 1008 3325 ut
1033 3287 1127 3341 per
1155 3273 1393 3341 reliquos
1418 3271 1557 3327 ﬁlios
1584 3272 1918 3327 distributa!-

335 3364 646 3431 dignaretur
693 3378 982 3432 exponere.
1037 3362 1218 3417 Paruit
1262 3362 1523 3428 Bullinus,
1573 3364 1768 3431 illaque
1814 3364 1920 3419 duo

335 3468 497 3524 opera
526 3454 826 3509 etiamnum
850 3461 1141 3522 supersunt
1162 3467 1283 3507 cum
1307 3453 1499 3507 litteris
1518 3467 1651 3521 quas
1674 3453 1833 3506 simul
1855 3454 1921 3507 ad

338 3541 619 3598 Paulinum
638 3543 802 3597 misit.
828 3542 1006 3608 Quare
1026 3551 1085 3596 ut
1099 3540 1363 3597 Gennadii
1380 3543 1724 3597 autoritatem
1742 3550 1919 3598 tacea-

338 3650 491 3695 mus,
528 3635 542 3683 i
586 3634 791 3689 Isidoro
839 3633 970 3687 illud
1017 3648 1153 3702 opus
1193 3633 1290 3701 ipsi
1325 3632 1547 3686 Paulino
1600 3631 1923 3700 adjudicanti

341 3726 605 3780 assentire
659 3739 765 3778 non
808 3739 1112 3793 possumus.
1145 3722 1215 3777 Se
1244 3723 1443 3791 aliquid
1470 3721 1733 3791 ejusmodi
1773 3723 1924 3793 ιιρθει

340 3828 533 3887 tempus
582 3832 614 3871 a
674 3816 887 3871 Ruflino
937 3817 1311 3886 expostulasse
1360 3822 1588 3871 testatur
1642 3814 1924 3878 Paulinus;

340 3908 689 3977 Rufﬁnusque
713 3908 813 3962 sibi
834 3909 901 3962 ab
930 3908 1047 3977 ipso
1070 3907 1312 3976 quaedam
1338 3907 1405 3961 de
1430 3906 1823 3977 Scripturarum
1856 3908 1931 3959 in-

341 4001 729 4071 terpretatione
757 3999 951 4053 tradita
1002 4000 1165 4053 luisse
1193 3999 1390 4053 asserit
1422 4016 1434 4051 :
1466 4014 1652 4053 verum
1701 3999 1789 4052 illa
1819 4013 1926 4053 non

338 4101 573 4146 exstant.
614 4090 692 4145 Ex
722 4091 899 4161 priore
930 4091 1067 4145 illius
1102 4089 1115 4126 ¹
1155 4090 1219 4144 ad
1250 4089 1520 4145 Bullinum
1549 4090 1775 4161 epistola
1805 4106 1926 4145 eum

341 4183 537 4252 aliquid
570 4183 637 4237 de
662 4182 721 4236 S.
752 4182 1029 4236 Clemente
1078 4181 1283 4252 (papa)
1339 4181 1676 4235 transtulisse
1705 4179 1928 4233 manife-

340 4286 479 4331 stum
509 4273 596 4339 fit;
614 4289 783 4343 quare
799 4289 919 4327 cum
942 4273 1154 4342 gravius
1182 4288 1305 4327 eum
1330 4282 1367 4307 τη
1399 4271 1765 4326 admonuisset
1796 4268 1925 4323 Ruf-

342 4368 477 4420 tinus
496 4374 556 4419 ut
580 4365 815 4419 studium
840 4365 894 4418 in
915 4363 1128 4419 Cnecas
1154 4364 1360 4419 litteras
1384 4365 1641 4417 attentius
1668 4371 1923 4426 sumeret,

339 4475 398 4515 se
423 4459 647 4529 implere
680 4473 785 4511 non
833 4457 1015 4512 valere
1057 4456 1309 4524 afﬁrmat,
1360 4456 1457 4511 nisi
1485 4456 1686 4510 diutius
1728 4453 1923 4508 Ruﬂini

2030 717 2410 773 retractatione
2436 728 2749 801 contexere,
2777 733 2833 777 et
2875 725 3013 795 apud
3054 741 3149 783 eos
3176 744 3360 786 rursus
3398 732 3613 791 illorum

2031 805 2313 873 epistolam
2333 808 2557 866 laudans
2579 822 2599 849 τ
2634 829 2760 869 usus
2779 822 2861 870 est
2888 816 3056 872 ferme
3079 818 3268 875 iisdem
3287 822 3467 880 verbis
3492 827 3613 895 quib

2029 898 2131 951 bus
2158 899 2484 968 Augustinus
2512 904 2579 960 ad
2608 906 2777 975 ipsum
2808 908 3097 978 scripserat
3123 926 3266 969 anno
3305 913 3425 971 595.
3447 913 3611 974 ‘Reli-

2030 1002 2194 1054 quum
2222 989 2464 1059 epistola:
2490 1001 2510 1028 ³
2543 993 2765 1049 adhibet
2803 996 2857 1051 in
2878 997 3063 1054 laudes
3096 1000 3353 1059 Amandae
3378 1020 3499 1074 quae
3522 1023 3613 1065 se-

2031 1077 2137 1130 culi
2184 1093 2341 1134 curas
2368 1082 2629 1150 curabat,
2660 1093 2719 1138 ut
2765 1098 2947 1154 posset
2987 1089 3137 1159 'Aper
3177 1100 3351 1150 totum
3396 1111 3456 1153 se
3480 1098 3611 1155 dare

2031 1167 2338 1259 coelestibus
2391 1180 2449 1225 et
2493 1174 2772 1229 ministerii
2816 1176 2896 1230 sui
2923 1180 3192 1247 operibus.
3242 1182 3350 1241 Eos
3376 1185 3611 1259 denique

2031 1254 2276 1311 hortatur
2309 1263 2325 1296 ι
2351 1268 2409 1314 ut
2438 1260 2573 1316 filios
2599 1263 2881 1332 diligenter
2908 1276 2963 1321 et
2992 1271 3079 1336 pie
3107 1271 3358 1330 educent.

2556 1416 2691 1457 naso
2720 1418 2925 1460 cumsrt
2949 1406 3072 1461 407.

2100 1508 2152 1561 '5.
2184 1507 2382 1564 Decimi
2411 1512 2589 1581 quarti
2618 1516 2843 1570 natalitii
2871 1520 3123 1576 carminis
3147 1531 3171 1557 ιι
3203 1523 3254 1576 in
3289 1522 3346 1578 S.
3376 1520 3610 1582 Felicem

2028 1609 2315 1668 supersunt
2343 1609 2548 1657 tantum
2598 1603 2894 1673 fragmenta
2923 1611 3189 1679 quaadam.
3222 1613 3353 1669 Illud
3391 1630 3610 1674 carmen

2028 1704 2095 1743 eo
2124 1692 2296 1745 solum
2325 1693 2601 1764 scripsisse
2629 1697 2840 1753 videtur
2869 1697 3143 1768 Paulinus,
3188 1712 3246 1758 ut
3274 1718 3612 1766 enumeraret

2030 1779 2125 1835 Dei
2164 1782 2215 1836 in
2262 1798 2321 1837 se
2362 1784 2619 1841 beneficia
2648 1787 2806 1857 hujus
2834 1792 3003 1847 sancti
3032 1793 3353 1853 confessoris
3379 1813 3504 1867 ope.
3554 1797 3612 1855 Si

2033 1880 2293 1941 integrum
2317 1884 2570 1945 exstaret,
2602 1892 2672 1932 ex
2697 1882 2807 1951 85
2836 1896 2902 1936 eo
2925 1884 3093 1938 multa
3122 1885 3189 1939 ad
3210 1884 3417 1942 Paulini
3448 1888 3611 1944 vitam

2028 1967 2325 2034 spectantia
2365 1968 2766 2036 colligeremus;
2798 1972 2891 2025 sed
2920 1981 2975 2027 et
3002 1988 3069 2029 ex
3099 1975 3161 2028 iis
3190 1990 3309 2043 qua:
3355 1974 3613 2035 habemus

2030 2056 2460 2112 animadvertere
2504 2073 2787 2127 possumus
2831 2075 2991 2129 quam
3032 2073 3187 2131 grato
3227 2064 3384 2121 fuerit
3417 2081 3449 2122 a
3498 2067 3611 2124 Deo

2032 2146 2263 2202 donatus
2290 2149 2469 2203 animo
2500 2148 2771 2217 Paulinus,
2802 2154 2893 2222 qui
2921 2161 2977 2207 et
3019 2153 3134 2222 ejus
3160 2157 3507 2222 generositati
3534 2158 3611 2213 ει-

2033 2245 2206 2307 neque
2234 2238 2520 2293 humilitati
2550 2242 2744 2296 merito
2774 2243 2936 2296 tribui
2966 2253 3164 2313 potest.
3198 2244 3311 2301 Hoc
3338 2247 3519 2316 etiam,
3550 2257 3609 2306 ut

2028 2328 2317 2393 credimus,
2360 2344 2501 2384 anno
2530 2329 2756 2386 Melania
2786 2334 2966 2387 senior
2991 2336 3092 2389 iter
3120 2335 3172 2389 in
3202 2336 3435 2394 Africam
3479 2353 3611 2397 con-

2028 2417 2177 2486 fecit,
2206 2434 2325 2487 quae
2352 2417 2580 2475 fortasse
2608 2421 2674 2475 ad
2704 2420 3058 2491 Augustinum
3083 2426 3260 2481 attulit
3278 2428 3561 2497 epistolam
3580 2433 3610 2468 '

2028 2509 2081 2563 in
2109 2524 2214 2579 qua
2245 2509 2497 2565 Paulinus
2524 2511 2614 2565 lilii
2644 2512 2787 2568 unici
2807 2513 3032 2583 hujusce
3061 2515 3232 2571 vidua:
3257 2516 3479 2576 illustris
3502 2518 3609 2575 Cir.

2028 2618 2090 2656 ea
2124 2602 2260 2656 idem
2292 2611 2501 2671 tempus
2531 2603 2795 2658 demortui
2819 2603 3001 2661 laudes
3029 2604 3353 2662 celebrabat.

2548 2758 2682 2795 anno
2722 2756 2928 2797 cumsrl
2966 2743 3088 2797 408.

2588 2878 2817 2933 CAPUT
2857 2880 3035 2935 XLIX.

2028 2991 2367 3075 De-‘Metania
2386 2994 2563 3075 scribit
2599 2991 2850 3075 Paulinus
2871 2993 2954 3075 ait
2964 2993 3379 3075 Augustin’unha
3398 3014 3496 3075 quo
3516 3011 3607 3070 per

2099 3062 2392 3138 Facsidium
2418 3062 2616 3138 litteras
2656 3063 2862 3138 accipit.
2908 3059 3169 3138 Plurimos
3200 3059 3386 3122 Gallia:

2098 3150 2192 3203 pos
2220 3132 2417 3185 laudat.
2452 3130 2529 3183 De
2573 3129 2631 3184 S.
2674 3128 2978 3186 Venerando
3007 3132 3427 3192 Claromontano.

2097 3274 2147 3325 l.
2190 3271 2466 3326 Decimum
2498 3272 2745 3339 quintum
2774 3271 3074 3328 natalitium
3121 3288 3341 3333 carmen
3358 3286 3405 3343 ι,
3435 3291 3607 3348 quan.

2024 3372 2135 3418 tum
2178 3362 2448 3430 conjicere
2490 3377 2774 3432 possumus
2816 3368 2885 3417 ex
2931 3363 2997 3418 iis
3039 3379 3160 3434 quae
3186 3375 3497 3437 supersunt,
3539 3369 3607 3424 ad

2027 3454 2288 3509 narranda
2316 3454 2373 3508 S.
2408 3453 2598 3509 Felicis
2632 3454 2891 3509 miracula
2918 3455 3132 3526 scripsit
3172 3450 3442 3515 Paulinus.
3472 3460 3606 3516 Illud

2026 3550 2092 3603 de
2116 3548 2173 3603 S.
2210 3547 2385 3602 Felice
2427 3547 2670 3600 ultimum
2701 3561 2731 3600 a
2761 3545 2984 3602 Paulino
3029 3549 3289 3618 scriptum
3324 3552 3607 3619 cognosci-

2026 3657 2165 3706 mus,
2188 3641 2300 3694 sive
2322 3640 2580 3709 perierint
2608 3639 2732 3705 alia,
2754 3639 2868 3693 sive
2887 3638 2954 3693 de
2981 3653 3048 3694 eo
3070 3640 3200 3693 nihil
3221 3642 3449 3710 amplius
3472 3645 3607 3699 scri~

2028 3732 2195 3800 pserit
2221 3729 2500 3792 Paulinus;
2533 3728 2734 3782 etenim
2778 3735 2990 3781 constat
3019 3729 3201 3783 turbas
3244 3730 3414 3785 tribus
3451 3734 3607 3789 annis

2027 3819 2374 3887 sequentibus
2415 3825 2632 3871 exortas
2676 3818 2743 3871 ab
2772 3816 2917 3871 hisce
2959 3818 3121 3872 animi
3159 3818 3608 3879 oblectationibus

2028 3909 2266 3980 potuisse
2307 3906 2584 3961 Paulinum
2628 3914 2892 3969 avertere,
2938 3906 3049 3974 qui,
3099 3907 3186 3962 ubi
3235 3910 3605 3980 episcopatum

2030 4002 2256 4071 adeptus
2272 4008 2372 4063 est,
2391 3998 2510 4052 aliis
2529 3998 2629 4053 sibi
2644 3997 2832 4052 studiis
2852 3997 3105 4065 pietatem
3128 3998 3410 4054 colendam
3431 4000 3604 4057 duxit.

2029 4090 2230 4146 Saltem
2260 4105 2365 4144 non
2399 4088 2470 4142 illi
2517 4096 2633 4141 erat
2657 4088 2787 4141 satis
2816 4088 2909 4140 otii
2948 4087 3084 4143 festo
3112 4088 3199 4143 die
3227 4088 3284 4143 S.
3332 4083 3533 4147 Felicis
3548 4102 3609 4147 ut

2027 4180 2323 4238 scribendis
2348 4177 2592 4233 versibus
2616 4178 2850 4231 animum
2885 4176 3216 4245 adjungeret.
3247 4179 3328 4233 Ab
3368 4180 3470 4235 hoc
3490 4182 3608 4251 ipso

2029 4287 2170 4325 anno
2214 4271 2427 4323 fuerunt
2474 4278 2500 4316 γ
2538 4267 2761 4321 Paulino
2807 4266 3146 4323 incredibiles
3199 4270 3603 4339 occupationes,

2026 4362 2221 4431 quibus
2260 4360 2407 4413 illum
2435 4368 2710 4427 expertem
2742 4357 3064 4422 Augustinus
3086 4358 3371 4425 credebat;
3404 4367 3461 4415 et
3483 4360 3607 4430 qui-

2029 4455 2127 4509 bus
2151 4452 2385 4522 jactatus
2414 4446 2665 4503 Paulinus
2696 4447 2920 4501 fortasse
2952 4458 2971 4483 κ
3004 4448 3164 4502 solito
3192 4448 3351 4503 citius
3376 4449 3603 4504 Romam

340 4552 613 4604 consortio
644 4547 871 4613 fruatur,
902 4562 1074 4615 eoque
1102 4554 1431 4615 praeceptore
1461 4552 1659 4598 utatur.
1704 4542 1922 4598 Postre-
1952 4539 2003 4597 D
2026 4543 2509 4615 peregrinationem
2536 4545 2846 4594 consuetam
2873 4545 3143 4591 maturare
3170 4538 3479 4607 compulsus
3495 4548 3607 4605 est;

341 4653 488 4695 mum
528 4655 629 4709 per
655 4636 935 4693 Cerealem
964 4639 1242 4707 epistolam
1270 4637 1730 4708 quadragesimam
1760 4636 1922 4706 septi-

344 4744 485 4783 mam
517 4729 665 4784 misit
708 4726 922 4782 Ruftino
949 4728 1038 4796 qui
1082 4736 1109 4763 ιι
1138 4736 1266 4782 tunc
1313 4728 1365 4781 in
1410 4726 1737 4782 monasterio
1766 4725 1922 4779 Pine-

345 4821 481 4874 tensi
525 4820 772 4887 degebat,
803 4818 945 4873 unde
971 4818 1121 4873 brevi
1167 4826 1284 4873 erat
1330 4817 1554 4872 Romam
1581 4823 1839 4871 venturus
1867 4825 1925 4868 ut

346 4912 397 4965 in
424 4908 702 4965 Orientem
752 4918 1142 4977 reverteretur;
1175 4911 1336 4979 idque
1383 4910 1526 4965 circa
1570 4924 1767 4964 annum
1795 4908 1919 4972 409,

346 5012 400 5056 ut
419 5001 879 5056 demonstrabitur
897 5000 1184 5071 aliquando
1205 5002 1256 5055 in
1282 5002 1501 5056 historia
1526 5001 1584 5055 ὃ.
1610 4999 1919 5071 Hieronymi

346 5102 396 5146 et
413 5090 631 5146 Bullini.

410 5182 469 5236 2.
498 5182 779 5238 Credimus
808 5183 900 5237 illo
927 5182 1117 5238 eodem
1143 5197 1286 5239 anno
1316 5183 1418 5242 406
1459 5182 1738 5237 Paulinum
1764 5192 1788 5218 ο
1820 5197 1921 5235 mi-

347 5274 475 5327 sisse
519 5272 804 5342 epistolam
850 5272 1310 5341 quadragesimam
1339 5281 1583 5342 quartam
1613 5272 1678 5327 ad
1724 5272 1922 5341 Aprum

419 5438 445 5498 ἒ
484 5427 586 5498 Ep.
608 5427 777 5498 45,1n.
808 5428 861 5483 4.
936 5427 963 5466 δ
992 5426 1090 5496 Ep.
1116 5427 1203 5498 46,
1229 5445 1281 5481 ιι.
1307 5427 1359 5480 2.

1439 5440 1459 5465 ε
1487 5426 1584 5496 Ep.
1614 5426 1709 5496 47,
1728 5443 1779 5479 ιι.
1808 5423 1898 5496 2.;
1928 5425 1971 5496 fl
1996 5423 2094 5496 Ep.
2127 5423 2193 5496 46
2213 5422 2630 5496 _Pau_l_in.,,_n.‘_l.

2032 4636 2156 4691 illuc
2197 4634 2339 4688 enim
2388 4640 2511 4701 post
2555 4628 2755 4683 Pascha
2782 4642 2842 4682 se
2890 4627 3133 4689 contulit,
3186 4628 3327 4683 unde
3372 4638 3499 4685 ante
3529 4630 3609 4685 15

2031 4728 2154 4782 Maii
2182 4726 2324 4781 diem
2355 4733 2472 4779 erat
2494 4736 2757 4778 reversus.
2790 4719 2936 4776 Ibi"
2967 4720 3193 4787 Quintus
3220 4722 3480 4781 diaconus
3494 4723 3608 4793 jam

2032 4819 2215 4873 Romae
2246 4815 2554 4885 aliquandiu
2584 4821 2946 4869 commoratus
2972 4813 3039 4867 ab
3069 4814 3367 4881 Augustino
3399 4815 3610 4884 episto-

2030 4910 2152 4973 lam,
2202 4906 2354 4976 cujus
2402 4915 2521 4960 erat
2565 4905 2815 4975 portitor,
2847 4903 3068 4959 Paulino
3099 4905 3338 4961 tradidit.
3391 4907 3461 4961 At
3508 4908 3610 4976 ipsi

2031 4999 2365 5071 percup'ienti
2406 4997 2686 5065 Augustini
2727 4996 3008 5066 epistolam
3057 4994 3234 5063 legere
3275 5014 3373 5068 per
3397 5008 3608 5069 tempus

2036 5107 2143 5146 non
2161 5091 2344 5156 licuit,
2371 5088 2428 5127 δῖ’
2448 5089 2622 5143 donec
2648 5087 3093 5157 interponendum
3116 5087 3403 5144 aditineris
3415 5092 3608 5145 stativa

2030 5181 2193 5243 diem,
2224 5194 2384 5250 quem
2415 5178 2468 5232 in
2497 5177 2694 5247 Oppido
2722 5176 3008 5231 Formiano
3034 5175 3239 5243 habuit,
3284 5185 3457 5234 totum
3486 5177 3611 5235 huic

2032 5272 2181 5341 operi
2212 5271 2562 5338 manciparet,
2593 5279 2648 5321 et
2680 5269 2731 5323 in
2756 5267 2871 5336 ejus
2899 5267 3139 5337 epistola:
3185 5267 3413 5325 lectione
3442 5271 3606 5324 veluti

2711 5432 2734 5460 ο
2765 5422 2922 5487 Ibid.,
2952 5437 3006 5475 ιι.
3033 5421 3086 5474 3.
3158 5419 3186 5490 4f
3222 5420 3319 5490 Ep.
3345 5422 3433 5485 47,
3467 5438 3520 5477 ιι.
3552 5422 3611 5481 2.

355 5508 378 5545 8
403 5480 858 5553 ςείιίιῖέιιζίῖᾶιειι.
882 5513 929 5552 e.
957 5480 1055 5550 17..
1120 5498 1145 5533 ιι
1176 5480 1326 5551 Paul.
1374 5512 1459 5565 ep.
1487 5480 1574 5559 4?,
1602 5513 1656 5550 ιι.
1686 5480 1757 5565 Ξ.
1823 5498 1836 5532 ί
1865 5494 1921 5549 Ib

2043 5480 2095 5565 ξι
2127 5493 2249 5549 Isid.
2295 5480 2499 5565 ﬂispal.
2532 5492 2648 5565 lib._
2674 5492 2870 5565 βοτῆρι.
2904 5480 3046 5565 eccl_._
3069 5506 3121 5565 ς.
3143 5488 3199 5549 4.
3230 5480 3491 5565 Hyagnin.
3522 5480 3613 5565 ep.

358 5569 435 5627 46,
467 5584 520 5621 n.
553 5567 607 5621 5.
654 5569 671 5606 ι
716 5568 871 5632 Ibid.,
895 5583 949 5620 n.
977 5565 1031 5619 2.
1075 5577 1112 5603 ω
1139 5567 1271 5621 Ibid.

1351 5576 1374 5601 ο
1406 5564 1523 5620 Vid.
1558 5566 1691 5635 Hist.
1719 5564 1940 5635 Hieron.
1973 5564 2000 5635 ᾗ
2036 5564 2159 5635 lﬁb.

359 5650 375 5674 τ
409 5636 536 5691 Ibid.
613 5644 636 5672 ⁸
671 5635 831 5703 Ibid.,
857 5630 915 5689 Vn.
953 5636 1007 5691 4.
1090 5640 1106 5674 ι
1140 5637 1299 5703 Ibid.,
1334 5651 1388 5690 n.
1422 5636 1473 5689 5.
1551 5645 1576 5671 ιι
1600 5634 1780 5689 Carm.
1824 5634 1912 5687 29.

2057 5633 2154 5702 Ep.
2189 5630 2288 5694 94,
2333 5648 2385 5686 n.
2428 5632 2483 5687 3.

2961 5572 2984 5609 ρ
3011 5558 3145 5613 Ibid.
3221 5569 3247 5607 (ι
3277 5557 3434 5624 Ibid.,
3468 5578 3523 5616 n.
3554 5557 3609 5618 ἦ.

2238 5572 2263 5632 ξ’
2296 5559 2444 5616 Paul.
2490 5578 2577 5632 ep.
2624 5562 2712 5632 44,
2744 5559 2807 5615 ιι.
2833 5559 2882 5632 1.

2564 5643 2585 5668 κ
2611 5621 2788 5685 Carm.
2824 5630 2909 5682 50.
2988 5638 3013 5676 γ
3054 5627 3195 5695 Aug.
3222 5640 3311 5697 ep.
3340 5621 3431 5692 95,
3464 5647 3515 5686 ιι.
3559 5634 3613 5688 9.

357 5708 375 5733 ³
420 5707 546 5761 Vide
574 5721 695 5773 cap.
725 5706 812 5771 22,
843 5722 898 5759 n.
932 5706 983 5758 ἢ.
1063 5716 1117 5743 ει
1142 5705 1291 5761 Paul.
1318 5721 1403 5772 ep.
1437 5703 1522 5771 45,
1549 5722 1600 5758 ιι.
1630 5706 1681 5757 8.
1760 5704 1816 5743 Μ)
1848 5704 1923 5759 lbi

2034 5718 2087 5757 ιι.
2128 5703 2177 5757 l.
