4020 6186
369 237 475 292 115

1754 226 2209 286 PROLEGOMRN
2221 231 2253 285 Α
2264 271 2276 285 .

3520 231 3621 285 114

364 355 459 421 qui
514 350 725 405 Paulini
772 348 1013 419 epistolae
1052 346 1469 418 quadragesimae
1511 346 1751 417 septima:
1803 360 1943 400 anno
1971 354 2020 414 Α
2047 362 2361 419 suscepisse.
2388 348 2536 404 Adde
2554 349 2696 419 quod
2716 364 2836 405 cum
2859 358 3065 421 tempus
3094 350 3358 421 inscripta:
3378 348 3619 420 epistola

367 442 473 495 409
491 441 813 509 conscripta:
835 438 1185 505 satisfaciens,
1210 438 1262 491 in
1293 436 1517 507 epistola
1561 435 1946 505 nuncupatoria

370 533 489 586 libri
530 548 566 586 ιι
596 531 664 585 de
694 528 1159 585 Benedictionibus
1175 528 1793 598 patriarcharum,quem
1812 541 1947 595 qua-

369 620 713 689 dragesimali
741 619 960 688 hujusce
982 628 1007 654 ει
1038 616 1164 671 anni
1184 624 1426 686 tempore
1454 616 1686 685 scripsit,
1706 630 1809 668 non
1834 612 1947 683 epi—

371 727 619 780 scopum,
635 709 731 765 sed
753 711 965 779 fratrem
986 707 1158 777 ipsum
1180 706 1434 775 appellat.
1458 705 1951 772 Quantulacumque

371 802 442 856 sit
467 799 710 870 episcopi
743 798 1006 862 dioecesis,
1037 812 1144 850 non
1172 796 1382 849 videtur
1427 810 1457 848 a
1500 794 1728 861 negotiis
1756 807 1953 847 vacuus

374 894 684 961 episcopus,
708 889 882 959 qualis
912 887 1206 955 Augustino
1232 886 1375 939 visus
1402 892 1483 937 est
1518 881 1772 936 Paulinus
1810 895 1951 934 anno

376 980 498 1033 408.
553 978 909 1033 Nihilominus
967 976 1115 1031 addit
1160 974 1485 1042 Augustinus
1534 972 1635 1027 sibi
1685 971 1953 1025 nuntiatas

376 1071 538 1126 fuisse
566 1070 904 1125 incredibiles
932 1067 1048 1137 ejus
1072 1066 1452 1136 occupationes
1484 1082 1498 1117 :
1536 1079 1655 1134 quae
1679 1063 1954 1133 expressio

376 1163 556 1233 potius
582 1161 805 1216 denotat
831 1175 922 1215 ws
949 1174 1068 1229 qua:
1088 1158 1301 1212 insolito
1328 1172 1454 1211 casu
1492 1156 1767 1222 eveniunt,
1796 1170 1954 1225 quam

376 1268 494 1322 qua:
515 1252 847 1321 episcopatui
876 1264 1097 1304 annexa:
1120 1256 1262 1302 sunt.
1294 1244 1749 1313 Quemadmodum
1779 1252 1956 1298 autem

379 1341 661 1395 Paulinum
684 1338 977 1408 episcopali
1007 1337 1243 1391 nondum
1266 1335 1523 1404 dignitate
1548 1332 1711 1388 fuisse
1736 1332 1957 1402 insigni-

381 1441 492 1485 tum
538 1431 693 1484 initio
740 1430 869 1484 anui
897 1426 1021 1493 409,
1051 1428 1125 1482 ita
1152 1442 1273 1481 eum
1302 1426 1414 1495 jam
1456 1425 1767 1495 episcopum
1815 1437 1958 1477 anno

380 1523 485 1577 415
513 1522 675 1576 fuisse
702 1528 936 1585 constat,
964 1518 1398 1590 quandoquidem
1419 1518 1524 1572 hoc
1554 1517 1770 1571 nomine
1789 1515 1959 1571 done-

383 1625 468 1668 tur
496 1614 564 1666 ab
593 1613 891 1679 Augustino
920 1610 948 1649 b
974 1610 1068 1665 lib.
1102 1608 1206 1665 ide
1235 1608 1463 1663 Civitate
1491 1607 1605 1673 Dei,
1637 1605 1795 1674 idque
1819 1603 1960 1659 rele-

2052 440 2352 495 lnnocentii
2381 439 2464 495 vel
2493 440 2689 510 partim
2721 439 2803 494 vel
2842 440 3060 494 omnino
3096 440 3321 507 rejicere
3350 441 3503 497 nobis
3531 454 3621 495 ne-

2052 544 2202 584 cesse
2228 530 2301 585 sit
2326 544 2393 583 ex
2414 543 2556 584 anno
2584 527 2686 583 404
2707 543 2812 599 quo
2836 529 2980 583 illam
3010 528 3023 565 ί
3058 530 3629 599 δρροειιίιηιιεμιυθπια

2052 622 2133 675 vis
2156 637 2262 677 non
2286 618 2353 673 15
2377 620 2651 676 Februarii
2678 620 2793 687 die,
2822 620 3010 674 eodem
3039 620 3254 688 quidem
3283 622 3481 676 mensis
3522 621 3621 675 hu-

2048 711 2138 779 jus
2173 710 2280 779 die,
2301 710 2396 767 sed
2416 711 2586 766 altero
2611 725 2752 764 anno
2772 710 3083 764 collocanda
3112 717 3216 775 est,
3248 716 3301 763 et
3323 708 3460 765 forte
3481 726 3623 766 anno

2054 800 2157 854 410
2181 815 2302 856 cum
2330 799 2600 855 Honorius
2628 799 2811 855 Romae
2839 816 3035 855 annum
3060 798 3162 853 407
3191 808 3246 855 et
3268 809 3473 869 partem
3498 802 3626 857 anni

2054 892 2157 946 408
2183 892 2439 960 exegerit.
2472 891 2678 948 Turbas
2707 900 2883 947 tamen
2906 906 3025 961 qua:
3054 893 3106 947 in
3144 891 3329 947 Galliis
3355 902 3411 947 et
3438 894 3490 947 in
3520 893 3627 947 Ita-

2055 983 2127 1036 lia
2154 981 2412 1037 exstitere
2438 996 2559 1036 cum
2586 982 2688 1036 illis
2718 996 2748 1035 a
2775 982 2929 1035 nobis
2951 982 3234 1049 assignatis
3261 981 3502 1036 Victricii
3530 998 3627 1051 pe-

2056 1072 2503 1141 regrinationibus
2531 1081 2586 1127 et
2624 1073 2727 1128 hoc
2769 1073 3065 1127 litterarum
3108 1073 3431 1127 commercio
3460 1074 3629 1143 aptis-

2056 1164 2190 1218 sime
2216 1164 2502 1218 convenire
2539 1163 2779 1231 judicant
2822 1162 3115 1217 doctissimi
3142 1161 3241 1216 viri
3273 1176 3409 1231 quos
3435 1178 3630 1217 consu-

2059 1253 2276 1318 luimus;
2308 1253 2529 1307 historia
2560 1267 2687 1306 vero
2734 1251 2866 1306 duas
2894 1251 3011 1305 illas
3051 1259 3257 1305 tantum
3286 1251 3351 1305 ab
3392 1250 3631 1307 Honorio

2060 1344 2284 1399 Romam
2311 1359 2409 1414 per
2435 1340 2803 1413 pontiﬁcatum
2831 1339 3125 1395 Innocentii
3171 1349 3448 1409 susceptas
3474 1355 3633 1410 pere-

2059 1435 2386 1502 grinationes
2413 1433 2664 1488 observat
2694 1449 2706 1484 :
2739 1430 2878 1485 unde
2924 1430 3219 1485 Innocentii
3249 1439 3304 1486 et
3333 1430 3537 1484 Paulini
3566 1429 3632 1485 ad

2064 1523 2369 1578 Victricium
2394 1521 2651 1590 epistolas
2676 1535 2817 1574 anno
2847 1518 2951 1573 404
2985 1518 3289 1575 adscribere
3316 1520 3485 1575 coacti
3528 1519 3632 1575 fui-

2062 1630 2199 1669 mus.
2228 1614 2410 1682 Neque
2436 1628 2505 1668 ex
2549 1613 2664 1667 sola
2704 1613 2882 1683 fratris
2910 1612 3265 1683 appellatione
3288 1611 3634 1680 iudicandum

383 1705 550 1759 τθηάο
580 1702 782 1773 aliqum
807 1701 950 1772 (ιυοά
970 1700 1222 1754 Paulinus
1242 1713 1383 1752 ³ηηο
1404 1695 1506 1749 “0
1533 1701 1797 1763 gesserat
1823 1692 1964 1747 unde
1995 1704 2040 1764 Β
2066 1706 2315 1760 duximus
2365 1705 2511 1759 illum
2566 1713 2678 1759 tum
2725 1703 2888 1760 fuisse
2933 1705 3264 1774 episcopum,
3310 1720 3431 1759 cum
3482 1704 3636 1760 nobis

384 1794 733 1865 probabiliter
757 1791 935 1860 colligi
980 1795 1159 1859 potest
1193 1788 1305 1856 jam
1334 1802 1475 1841 anno
1498 1784 1599 1838 410
1628 1784 1776 1838 illum
1803 1782 1964 1838 fuisse

385 1885 718 1955 episcopum.
765 1880 830 1935 Et
879 1888 1139 1951 prazterea
1164 1876 1375 1931 videtur
1423 1873 1674 1929 Paulinus
1718 1872 1967 1927 debuisse

384 1976 637 2045 quopiam
666 1989 723 2030 se
745 1974 987 2042 recipere
1016 1979 1073 2024 ut
1107 1984 1137 2025 e
1164 1968 1463 2024 Gothorum
1503 1965 1748 2020 manibus
1774 1979 1833 2019 se
1860 1964 1967 2019 eri-

374 2073 559 2134 'peret,
591 2072 654 2117 ut
679 2074 699 2101 ε
732 2076 921 2117 revera
949 2061 1001 2115 in
1028 2074 1213 2113 eorum
1242 2072 1431 2112 manus
1479 2055 1684 2121 incidit,
1711 2054 1810 2108 nisi
1840 2053 1968 2107 fuis-

388 2163 470 2210 set
497 2154 745 2209 addictus
772 2151 1042 2222 pascendo
1070 2151 1218 2220 gregi
1240 2190 1255 2215 ,
1288 2156 1342 2204 et
1370 2149 1470 2203 nisi
1499 2148 1723 2203 vinculis
1761 2145 1968 2216 episco-

391 2245 525 2316 palis
553 2244 791 2298 muneris
820 2242 1005 2296 fuisset
1032 2248 1290 2305 retentus,
1315 2255 1343 2293 a
1367 2238 1561 2308 quibus
1588 2238 1639 2291 in
1666 2234 1967 2293 sacerdotio

391 2334 714 2391 constitutus
742 2341 857 2387 erat
900 2332 1119 2387 omnino
1164 2330 1329 2395 liber;
1375 2329 1598 2399 singulis
1644 2336 1822 2382 autem
1850 2326 1967 2395 epi-

390 2426 545 2481 stolis
589 2426 855 2494 privatam
905 2421 1078 2491 egisse
1122 2420 1286 2474 vitam
1325 2420 1553 2475 videtur.
1600 2417 1970 2489 Comperimus

391 2520 557 2573 etiam
588 2515 940 2582 Augustinum
970 2514 1038 2566 ab
1067 2526 1134 2567 eo
1161 2508 1189 2548 ά
1217 2512 1397 2582 fratris
1424 2512 1639 2565 nomine
1659 2508 1969 2579 compellari

392 2607 443 2661 in
490 2605 719 2675 epistola
748 2619 907 2674 quam
954 2602 1275 2656 arbitramur
1313 2600 1569 2669 scriptam
1597 2599 1740 2653 circa
1771 2613 1970 2651 annum

396 2696 515 2750 410.
546 2694 873 2761 Augustinus
900 2703 923 2729 θ
948 2694 1000 2747 in
1030 2692 1271 2762 epistolis
1298 2690 1409 2745 suis
1434 2688 1500 2743 ad
1528 2687 1806 2742 Paulinum
1828 2687 1970 2741 circa

397 2801 594 2839 annum
627 2783 734 2837 415
777 2782 916 2838 datis
942 2789 995 2835 et
1034 2783 1088 2835 in
1128 2779 1515 2851 posterioribus
1561 2778 1679 2832 aliis
1723 2776 1973 2847 operibus

399 2894 516 2931 eum
544 2890 761 2945 semper
782 2881 942 2929 vocat
981 2876 1293 2943 episcopum,
1342 2870 1484 2924 nulla
1532 2868 1601 2923 de
1646 2866 1763 2936 ejus
1804 2880 1973 2920 uxore

399 2967 671 3021 mentione
700 2964 859 3029 facta,
886 2964 1024 3019 unde
1053 2978 1171 3018 eam
1213 2962 1327 3031 jam
1355 2960 1464 3014 vita
1493 2957 1731 3013 functam
1754 2956 1974 3011 omnino

2066 1804 2349 1867 suppetant
2377 1796 2631 1850 validiora
2664 1805 2997 1865 argumenta,
3039 1798 3232 1865 quibus
3257 1804 3407 1852 certo
3434 1796 3638 1864 colligi.

2066 1904 2185 1943 mus
2211 1896 2338 1942 ante
2366 1903 2563 1941 annum
2590 1886 2693 1941 409
2719 1888 2793 1942 illi
2816 1903 2923 1943 non
2962 1888 3211 1943 collatam
3240 1886 3403 1943 fuisse
3430 1889 3639 1958 episco-

2066 1977 2242 2047 palem
2268 1975 2605 2043 dignitatem,
2634 1991 2794 2044 quam
2826 1984 2884 2029 ut
2908 1977 2961 2031 in
2991 1977 3091 2031 hac
3118 1992 3223 2031 una
3261 1977 3491 2031 nominis
3535 1975 3638 2031 dif-

2070 2066 2303 2121 ﬁcultate
2330 2066 2647 2120 hiereamus.
2679 2064 2903 2121 Creatus
2930 2066 3028 2119 fuit
3055 2070 3068 2117 1
3104 2064 3338 2120 Nolanits
3358 2066 3638 2136 episcopus

2069 2156 2321 2211 Paulinus
2354 2163 2541 2212 noster
2568 2162 2629 2210 ut
2656 2170 2814 2210 nemo
2840 2155 3083 2220 dubitat,
3114 2156 3427 2224 videturque
3474 2148 3643 2210 Paulo

2068 2246 2408 2313 successisse,
2437 2244 2461 2282 ιι
2488 2243 2580 2312 qui
2608 2244 2762 2299 annis
2788 2243 2892 2297 402
2919 2253 2974 2299 et
3016 2244 3121 2298 405
3162 2245 3457 2299 certissime
3502 2246 3640 2300 hanc

2069 2334 2361 2393 Ecclesiam
2394 2334 2645 2404 regebat;
2696 2348 2814 2403 quae
2854 2349 2960 2387 non
2989 2332 3198 2387 videtur
3244 2333 3441 2401 ingenti
3486 2333 3642 2403 plebe

2069 2429 2232 2483 fuisse
2267 2442 2576 2496 numerosa,
2605 2422 3036 2494 quandoquidem
3066 2421 3363 2479 Paulinus1
3398 2438 3459 2478 se
3483 2429 3643 2479 vocat

2067 2517 2238 2587 exigui
2257 2517 2423 2587 gregis
2451 2526 2722 2585 pastorem.

2139 2607 2193 2663 2.
2229 2607 2347 2673 lam
2377 2622 2504 2663 vero
2526 2624 2629 2679 qua
2660 2607 2870 2662 ratione
2916 2607 2969 2661 in
2999 2604 3288 2675 episcopali
3317 2619 3539 2660 munere
3585 2621 3644 2660 se

2070 2698 2295 2767 gesserit
2321 2698 2587 2754 discamus
2614 2698 2681 2752 ab
2703 2698 2917 2753 oculata
2947 2705 3083 2750 teste
3111 2706 3148 2733 ιιι
3184 2714 3195 2748 :
3228 2695 3355 2750 Cum
3384 2704 3551 2749 autem
3576 2695 3644 2747 ad

2072 2804 2320 2842 summum
2366 2789 2639 2842 sacerdotii
2686 2787 2903 2857 gradum
2943 2788 3207 2856 provectus
3242 2795 3344 2850 est,
3383 2785 3548 2839 noluit
3591 2799 3646 2837 se

2075 2880 2226 2932 talem
2250 2878 2491 2933 exhibere
2510 2879 2801 2947 episcopum
2839 2878 2923 2943 qui
2955 2876 3019 2929 ab
3050 2877 3221 2945 aliqua
3254 2876 3535 2940 timeretur,
3556 2874 3646 2927 sed

2077 2969 2229 3028 talem
2254 2984 2310 3023 se
2330 2967 2551 3021 reddidit
2577 2961 2893 3020 sac'erdotem
2920 2967 3004 3035 qui
3026 2964 3087 3017 ab
3109 2963 3342 3018 omnibus
3364 2973 3644 3016 amaretur.

400 3057 676 3129 probabile
697 3065 798 3111 est.
830 3054 1115 3110 Contendit
1143 3052 1162 3092 ἲ
1185 3050 1481 3107 Cliillletius
1506 3049 1785 3104 Paulinum
1815 3047 1975 3103 fuisse
2004 3066 2047 3127 ε
2080 3057 2376 3129 Numquam
2399 3059 2474 3113 ,ξε
2502 3059 2664 3111 ἱναῑῃε
2705 3065 2803 3124 εει,
2842 3066 2897 3109 ιιι
2935 3073 3037 3111 non
3082 3057 3136 3109 in
3175 3056 3255 3107 ira
3282 3054 3648 3108 misericordia;

401 3150 710 3221 episcopum
760 3149 827 3202 ab
874 3147 1027 3203 initio
1057 3146 1181 3201 anni
1223 3144 1346 3209 597,
1386 3144 1482 3200 sed
1521 3142 1637 3212 ejus
1681 3142 1976 3197 rationibus

405 3242 725 3296 satislecisse
772 3240 1057 3295 credimus.
1115 3237 1385 3293 Potuisset
1430 3236 1645 3306 quidem
1684 3242 1739 3290 et
1782 3234 1977 3289 merito

406 3332 531 3385 duas
552 3331 619 3384 ad
644 3330 954 3385 Victricium
982 3328 1235 3399 epistolas
1263 3328 1522 3397 objicere,
1552 3342 1685 3395 quas
1712 3341 1853 3381 anno
1876 3323 1979 3379 599

408 3432 459 3478 et
485 3423 587 3476 404
632 3422 932 3493 posuimus,
978 3420 1239 3489 siquidem
1268 3419 1552 3475 Victricius
1581 3419 1866 3489 episcopus
1912 3416 1978 3470 ab

410 3527 472 3566 eo
499 3521 522 3558 δ
546 3513 713 3582 frater
734 3519 956 3565 vocatur
984 3509 1037 3564 in
1066 3510 1335 3579 trigesima
1358 3510 1585 3578 septima
1607 3508 1831 3579 epistola
1853 3508 1977 3562 anni

412 3602 509 3656 404
532 3619 599 3657 ex
629 3602 785 3657 editis
805 3611 858 3657 et
900 3618 1025 3657 mss.
1059 3601 1354 3670 codicibus,
1384 3617 1447 3657 ac
1484 3601 1645 3656 etiam
1673 3602 1725 3656 in
1754 3601 1980 3671 epistola

413 3692 612 3747 decima
644 3700 833 3748 octava
874 3692 998 3745 anui
1047 3690 1149 3745 599
1188 3707 1255 3746 ex
1285 3708 1384 3747 ms.
1418 3691 1708 3747 Viennensi
1756 3693 1941 3748 codice
1963 3734 1978 3758 ,

414 3797 527 3836 cum
555 3782 696 3845 aliis,
726 3783 889 3851 patris
913 3797 1105 3836 nomen
1135 3782 1384 3836 habeant.
1414 3780 1518 3836 Sed
1545 3782 1649 3837 hoc
1669 3785 1778 3853 88
1817 3796 1979 3850 argu-

416 3883 648 3929 mentum
678 3889 783 3928 non
812 3872 1024 3927 videtur
1046 3874 1222 3940 magni
1246 3874 1516 3943 ponderis,
1537 3890 1659 3929 eum
1691 3890 1981 3928 amanuen-

415 3978 498 4018 ses
522 3963 665 4018 hunc
699 3978 938 4019 errorem
989 3964 1141 4019 facile
1181 3964 1469 4018 admittant
1510 3965 1790 4020 scribendo
1824 3966 1985 4037 fratri

418 4070 513 4124 pro
557 4056 730 4123 patri;
774 4055 1017 4123 quamvis
1054 4056 1215 4109 etiam
1246 4054 1499 4111 Paulinus
1537 4058 1767 4126 potuerit
1788 4057 1983 4112 Victri-

416 4146 551 4199 cium
594 4147 807 4216 fratrem
854 4146 1026 4199 amice
1064 4145 1343 4200 dumtaxat
1388 4147 1728 4215 compellare,
1768 4156 1827 4205 ut
1875 4154 1987 4215 Ipse

419 4234 444 4273 δ
485 4235 737 4291 Paulinus
792 4245 848 4291 et
888 4234 1139 4289 Therasia
1192 4236 1246 4289 in
1303 4235 1529 4305 epistola
1581 4236 1985 4305 quadragesima

420 4330 599 4398 quinta
648 4343 789 4382 anno
819 4327 920 4380 408
957 4325 1022 4379 15
1059 4326 1180 4382 Maii
1220 4326 1345 4391 data
1383 4326 1730 4396 Augustinum
1768 4336 1985 4396 patrem,

2079 3166 2272 3203 memor
2312 3158 2489 3203 esset:
2520 3165 2678 3218 neque
2716 3150 2853 3202 enim
2899 3155 3099 3216 poterat
3143 3148 3220 3201 vir
3257 3146 3345 3200 ille
3367 3146 3526 3199 irasci
3564 3146 3649 3216 qui

2079 3240 2414 3295 contumelias
2441 3240 2771 3310 despiciebat,
2800 3248 2849 3292 et
2882 3239 3002 3293 odia
3029 3237 3240 3292 vitabat.
3272 3235 3567 3308 Numquam
3595 3238 3651 3290 in

2072 3335 2271 3405 judicio
2283 3335 2396 3388 sine
2421 3331 2776 3388 misericordia
2799 3333 2950 3392 sedit,
2975 3332 3095 3402 quia
3126 3339 3336 3384 noverat
3363 3331 3653 3384 misericor-

2080 3425 2220 3480 diam
2248 3424 2507 3478 meliorem
2534 3440 2644 3477 esse
2662 3438 2815 3494 quam
2834 3423 3149 3490 sacriﬁcium
3171 3419 3326 3492 (Osee
3348 3438 3418 3485 vr,
3442 3419 3527 3488 6);
3555 3421 3654 3472 mi-

2080 3515 2362 3570 sericordia
2407 3514 2720 3569 vestiendum
2755 3529 2866 3567 esse
2894 3528 3043 3565 omne
3070 3510 3482 3565 Christianorum
3518 3510 3656 3580 judi-

2081 3608 2235 3671 cium,
2264 3607 2465 3659 dicente
2504 3601 2779 3656 t'enerabili
2817 3602 3088 3671 Scriptura
3118 3618 3135 3654 :
3166 3601 3580 3655 Misericordiam
3607 3610 3657 3653 et

2076 3697 2331 3767 judicium
2352 3694 2571 3747 cantabo
2606 3694 2713 3755 tibi,
2758 3692 2978 3745 Domine
3008 3691 3169 3759 (Psal.
3201 3707 3253 3755 c,
3284 3690 3359 3759 i).
3390 3691 3657 3743 Justitiam

2083 3802 2277 3857 quoque
2295 3785 2424 3839 votis
2444 3781 2832 3852 benignioribus.
2846 3779 3195 3849 temperabat:
3218 3782 3385 3833 sciens
3414 3781 3657 3850 quoniam

2087 3874 2314 3942 Spiritus
2372 3880 2581 3926 sanctus
2627 3880 2874 3941 quantum
2913 3870 3139 3939 aequitati
3169 3878 3217 3922 et
3251 3868 3470 3938 justitiat
3499 3870 3657 3939 faret,

2088 3972 2285 4017 tantum
2305 3963 2411 4016 suis
2441 3962 2663 4031 gratiam
2684 3961 2886 4027 pietatis
2914 3960 3159 4029 benignus
3185 3959 3443 4029 indulget:
3472 3968 3521 4012 et
3544 3958 3659 4012 ideo

2089 4051 2290 4108 tenebat
2319 4054 2541 4123 rigorem
2578 4053 2632 4104 in
2662 4051 3043 4104 examinatione
3078 4050 3332 4119 justitite,
3368 4049 3660 4103 misericor-

2089 4144 2229 4197 diam
2258 4151 2427 4195 autem
2472 4142 2525 4194 in
2565 4141 2864 4211 deﬁnitione
2903 4142 3167 4194 sententia:
3194 4139 3501 4209 proferebat.
3548 4149 3575 4177 ιι
3617 4139 3662 4191 ο

2091 4234 2443 4289 admirabilem
2469 4234 2652 4298 virum,
2684 4242 2834 4303 atque
2855 4232 3081 4285 omnium
3109 4233 3346 4285 virtutum
3382 4230 3533 4285 laude
3553 4246 3664 4284 cen-

2091 4328 2338 4383 sendum!
2382 4325 2485 4379 Hic
2530 4328 2719 4378 etenim
2746 4325 2971 4378 omnium
3000 4324 3412 4391 patriarcharum
3433 4324 3667 4393 exempla

420 4422 627 4490 fratrem
652 4419 811 4473 simul
846 4428 901 4473 et
946 4420 1245 4489 magistrum
1268 4426 1479 4472 vocant.
1529 4418 1679 4484 Quod
1702 4419 1746 4473 si
1777 4418 1841 4473 iis
1868 4420 1988 4487 quis
2025 4426 2067 4483 [)
2095 4425 2315 4481 secutus,
2366 4416 2462 4486 fuit
2490 4415 2659 4484 ﬁdelis
2687 4422 2741 4466 ut
2782 4412 3071 4476 Abraham,
3122 4413 3357 4467 credulus
3384 4422 3441 4466 ut
3487 4411 3663 4479 Isaac,

420 4526 514 4564 nos
551 4519 707 4578 cogat
736 4510 979 4564 insistere
1005 4518 1059 4563 et
1085 4506 1240 4562 fateri
1268 4508 1401 4563 duas
1435 4508 1501 4562 ad
1531 4508 1841 4564 Victriciutn
1870 4510 1985 4579 epi-

420 4600 582 4655 stolas
607 4599 673 4653 ab
699 4600 1008 4668 episcopatu
1032 4596 1238 4651 Paulini
1270 4595 1430 4651 fuisse
1458 4597 1683 4666 scriptas
1701 4638 1716 4662 ,
1748 4606 1869 4668 post
1889 4613 1987 4653 an-

423 4706 544 4744 num
569 4688 673 4742 409
701 4689 855 4744 facile
883 4688 1318 4754 collocabuntur;
1346 4688 1570 4741 alteram
1613 4688 1755 4745 enim
1798 4688 1865 4743 ad
1894 4703 1988 4742 an-

420 4797 544 4836 num
577 4779 682 4838 399
709 4779 990 4837 retulimus
1018 4794 1085 4835 ex
1125 4778 1353 4849 simplici
1383 4778 1661 4832 dumtaxat
1711 4796 1832 4834 cum
1874 4780 1989 4850 epi-

421 4872 553 4927 stola
590 4870 800 4927 decima
846 4870 1071 4940 septima
1113 4868 1484 4924 convenientia
1508 4908 1526 4937 ,
1568 4877 1625 4924 et
1659 4869 1879 4924 alteram
1919 4870 1989 4924 ad

421 4975 614 5015 annum
639 4960 743 5014 404
766 4968 988 5031 propter
1018 4966 1230 5029 tempus
1257 4958 1527 5027 inscriptze
1569 4959 1809 5029 epistola:
1836 4959 1989 5015 inno-

424 5053 579 5107 centii
607 5067 729 5122 qua:
757 5052 868 5121 agit
898 5051 965 5106 de
995 5051 1187 5107 itinere
1214 5050 1455 5106 Victricii
1498 5050 1724 5105 Romam
1744 5093 1758 5117 ,
1788 5060 1841 5105 et
1865 5052 1991 5123 quia

426 5140 672 5197 Paulinus
700 5142 753 5197 in
776 5141 1001 5211 epistola
1044 5156 1140 5196 sua
1189 5140 1414 5195 Romam
1462 5141 1625 5195 etiam
1659 5140 1867 5195 venisse
1898 5141 1991 5195 Vi—

423 5233 661 5287 ctricium
701 5232 932 5293 asSerit,
982 5245 1090 5299 quo
1139 5232 1270 5285 duas
1314 5230 1776 5299 peregrinationes
1822 5233 1997 5299 potuit

493 5402 517 5429 ι
548 5393 665 5448 Vid.
717 5392 940 5463 cap.748
964 5434 978 5458 ,
1009 5408 1063 5446 n.
1096 5392 1146 5445 1.

428 5547 477 5583 n.
502 5531 552 5583 ‘2.
580 5530 591 5531 “
634 5533 646 5581 i
680 5530 817 5601 Aug.
850 5534 885 5586 l.
920 5549 935 5586 ι
965 5530 1266 5601 Οἰνίιευεί,
1298 5546 1347 5585 c.
1384 5530 1468 5583 10.

426 5602 561 5656 Qitit.
598 5598 806 5656 Pauliti.
841 5619 890 5655 ll.
930 5603 979 5652 (ἲ.
1062 5611 1084 5636 η
1120 5599 1283 5655 Ut'an.
1320 5619 1370 5654 tl.
1407 5601 1455 5652 7.
1537 5612 1556 5631 ⁴³
1592 5598 1751 5668 ibith
1785 5598 1835 5652 ιι.
1874 5600 1920 5655 4.

2097 4507 2342 4578 benignus
2370 4515 2427 4558 ut
2451 4504 2636 4571 Iacob,
2682 4504 2951 4572 muniﬁcus
2979 4512 3036 4556 ut
3065 4502 3466 4568 Melchisedech,
3498 4505 3669 4573 prori-

2096 4598 2189 4653 dus
2210 4605 2265 4650 ut
2300 4594 2518 4665 Joseplt,
2549 4611 2715 4663 rapax
2742 4603 2797 4646 ut
2832 4592 3107 4663 Benjamin
3131 4610 3147 4646 :
3176 4594 3349 4662 rapuit
3375 4595 3512 4648 enim
3539 4594 3670 4649 dini-

2097 4688 2251 4754 tibus,
2297 4697 2346 4741 et
2375 4684 2680 4756 pauperibus
2709 4687 2961 4755 erogavit;
2992 4693 3042 4738 et
3089 4693 3257 4737 tamen
3284 4685 3401 4754 plus
3429 4686 3670 4739 divitibus

2097 4793 2247 4843 quam
2275 4774 2581 4846 pauperibus
2628 4776 2881 4845 profuisse
2920 4774 3261 4844 cognoscitur,
3286 4776 3407 4845 quia
3434 4778 3671 4846 pauperi-

2098 4869 2188 4921 bus
2218 4868 2269 4921 in
2322 4867 2415 4920 hoc
2442 4867 2611 4920 seculo
2658 4867 2871 4937 profuit,
2902 4866 3141 4920 divitibus
3179 4875 3351 4920 autem
3396 4867 3452 4920 in
3500 4869 3679 4936 futuro

2098 4960 2337 5030 providit.
2368 4957 2487 5028 Ipse
2512 4958 2673 5013 etiam
2704 4965 2729 4993 ο
2747 4957 3093 5013 moribundus
3114 4965 3441 5028 asportatam
3463 4972 3493 5011 a
3514 4958 3672 5027 longe

2097 5051 2400 5121 pecuniam,
2428 5063 2589 5118 quam
2612 5050 2723 5120 89
2748 5048 3101 5119 eleemosynis
3129 5048 3481 5118 impenderet,
3514 5061 3671 5102 acce-

2098 5144 2196 5214 pit.
2227 5142 2423 5198 Fateor
2446 5141 2695 5212 equidem
2721 5148 2967 5196 antorem
2994 5141 3069 5195 illi
3098 5138 3261 5194 fuisse
3290 5139 3671 5209 Hieronymum

2101 5242 2161 5288 ut
2182 5232 2383 5288 alienas
2410 5231 2779 5302 eleemosynas
2823 5228 3461 5284 distribuendas‘minime
3506 5226 3674 5281 susci-

1224 5390 1251 5461 l}
1283 5391 1415 5461 Aug.
1451 5392 1487 5444 I.
1518 5390 1640 5461 inde
1665 5389 1905 5461 Civ._Dei
1932 5432 1946 5457 ,

2074 5392 2148 5445 10.
2232 5391 2405 5461 είγίό.
2438 5406 2556 5460 cap.
2584 5389 2677 5461 5i,
2711 5407 2764 5445 η.
2795 5390 2849 5461 2.
2924 5388 2951 5428 ἀ
2991 5390 3223 5461 Paulin:
3242 5403 3327 5461 ep.
3362 5386 3430 5441 50
3450 5427 3471 5461 ,_
3498 5403 3550 5441 η.
3584 5388 3671 5461 18.

429 5473 451 5497 ι’
493 5463 620 5531 Aug.
652 5479 739 5531 ep.
772 5458 890 5528 H9,
921 5464 973 5516 in
1003 5464 1084 5515 tit.
1156 5461 1185 5531 il
1215 5458 1399 5531 (11ιί111.
1421 5477 1474 5531 p.
1687 5470 1737 5531 _8
1774 5459 1931 5531 Paul.
1959 5479 1971 5515 ι

2076 5463 2145 5516 57
2173 5469 2228 5531 et
2252 5459 2342 5531 18,
2368 5462 2419 5515 in
2444 5458 2523 5514 ut;
2601 5460 2623 5495 ιι
2654 5460 2749 5531 μέν,
2784 5459 2873 5527 ts,
2903 5461 2954 5515 in
2984 5462 3062 5531 ut.

3147 5460 3162 5497 ί
3198 5457 3415 5512 DiSsert.
3448 5457 3502 5520 ιι,
3528 5466 3565 5511 ι.
3585 5458 3673 5523 ιν,

1547 5528 1572 5567 ιι
1598 5528 1722 5599 vat.
1757 5544 1874 5599 cap.
1910 5530 1971 5583 45

2074 5576 2075 5579 η
2110 5532 2169 5597 3;
2202 5530 2289 5597 41,
2323 5524 2373 5585 n.
2406 5531 2457 5597 1,
2490 5540 2591 5584 etc.
2677 5524 2970 5599 1'Paul.ep.
3000 5530 3081 5595 49,
3110 5546 3159 5582 n.
3190 5526 3269 5578 14.
3348 5535 3385 5560 α
3424 5524 3585 5582 Uran.
3611 5532 3679 5591 dt,
