4066 6192
384 286 488 340 117

1771 270 2275 327 PROLEGOMENA

3551 270 3604 322 11
3617 269 3662 322 8-

383 400 459 454 cit
488 396 840 465 Augustinus,
868 403 892 432 ⁸
916 393 1105 449 Nolam
1127 391 1330 447 scilicet
1352 391 1623 444 obsessam
1652 402 1682 441 a
1704 387 1965 449 barbaris,
1995 386 2043 445 Δ
2075 385 2147 438 tia
2175 384 2354 438 divina
2383 382 2559 439 fuerat
2584 383 2906 439 constitutus
2935 382 3044 436 Deo
3066 382 3262 450 gratias
3291 388 3490 451 ageret.
3527 377 3651 431 Non

383 507 491 561 quo
522 500 766 560 tempore
794 489 1013 558 hujusce
1035 488 1179 543 urbis
1202 486 1408 543 civibus
1434 486 1579 541 visus
1600 492 1683 540 est
1708 482 1766 538 S.
1797 483 1968 550 Felix,

385 584 581 653 quibus
602 583 714 651 jam
744 588 823 636 tot
851 581 1067 651 pietatis
1093 595 1201 634 suae
1230 586 1545 647 argumenta
1574 576 1778 633 crebris
1805 576 1969 629 mira-

386 673 519 727 culis
549 671 883 741 prtebuerat;
930 668 1073 738 quod
1117 669 1446 737 Augustinus
1473 682 1583 722 non
1621 681 1690 721 ex
1717 665 1972 735 opinione

388 762 659 817 communi
684 801 698 824 ,
747 761 842 817 sed
871 776 937 815 ex
967 760 1128 816 certis
1159 760 1383 816 testibus
1410 774 1466 814 se
1488 758 1814 827 comperisse
1836 755 1973 811 fate-

388 860 492 905 tur.
544 851 682 905 Hinc
726 851 927 919 colligit
951 848 979 888 δ
1008 850 1268 904 Baronius
1307 849 1472 903 haece
1517 848 1801 903 occasione
1828 845 1975 899 cives

388 942 625 998 Nolanos
652 943 884 997 evasisse
913 942 1208 997 incolumes
1253 940 1398 1010 quod
1434 955 1541 994 non
1570 938 1761 993 asserit
1789 938 1971 1003 Augu-

389 1036 600 1099 stinus;
629 1033 735 1104 91
763 1032 928 1087 immo
964 1048 1094 1087 vero
1128 1042 1147 1069 ο
1173 1032 1321 1086 hanc
1346 1031 1529 1085 urbem
1566 1037 1779 1099 captam
1810 1026 1973 1081 fuisse

391 1134 445 1179 et
470 1140 501 1178 a
526 1123 773 1179 barbaris
815 1130 1081 1177 vastatam
1127 1120 1255 1174 alibi
1282 1119 1516 1173 affirmat
1548 1137 1563 1171 ;
1594 1116 1736 1187 quod
1764 1115 1831 1170 ad
1859 1116 1975 1169 haec

392 1224 638 1284 tempora
666 1210 693 1250 ἀ
720 1228 843 1269 cum
873 1212 929 1267 S.
962 1211 1156 1266 Felicis
1178 1209 1601 1279 apparitionibus
1628 1206 1793 1263 refert
1812 1207 1973 1261 etiam

393 1304 678 1358 Baronius.
729 1302 932 1357 Tentus
979 1309 1061 1356 est
1100 1309 1154 1355 et
1200 1300 1314 1369 ipse
1347 1309 1369 1336 θ
1394 1297 1676 1363 Paulinus;
1720 1296 1815 1352 sed
1855 1311 1976 1351 cum

392 1395 620 1463 magnis,
647 1394 841 1462 quibus
857 1401 1013 1447 antea
1036 1391 1360 1455 abundabat,
1384 1390 1581 1445 divitiis
1603 1389 1974 1451 renuntiasset,

394 1503 495 1542 nec
522 1488 631 1542 alio
652 1488 880 1556 amplius
904 1501 1063 1554 quam
1087 1485 1298 1538 eximia:
1319 1484 1530 1538 virtutis
1558 1482 1810 1537 thesauro
1836 1480 1947 1535 dita
1963 1510 1975 1521 ο

394 1585 562 1642 retur,
597 1579 737 1633 hanc
757 1575 1008 1630 Paulinus
1030 1576 1389 1630 calamitatem
1426 1572 1613 1627 duram
1637 1580 1782 1626 certe
1805 1570 1980 1625 avaris

396 1676 451 1723 et
470 1669 596 1724 vitae
630 1669 933 1723 amantibus
962 1666 1266 1721 hominibus
1288 1681 1394 1720 non
1417 1679 1603 1734 parum
1637 1663 1975 1733 temperavit,

398 1761 563 1815 immo
591 1775 813 1815 suavem
840 1760 939 1813 sibi
963 1758 1139 1812 effecit
1162 1758 1424 1812 bonorum
1449 1770 1669 1824 operum
1700 1754 1980 1819 memoria,
2014 1742 2060 1802 Β

398 1851 593 1920 quibus
633 1849 915 1905 facultates
949 1865 1073 1903 suas
1114 1864 1211 1918 per
1246 1864 1435 1901 manus
1463 1861 1756 1916 pauperum
1784 1859 1850 1899 eo
1879 1845 1982 1899 loci

398 1947 715 2008 reposuerat
735 1954 841 2009 quo
871 1940 1134 2007 attingere
1162 1937 1373 1991 barbari
1397 1952 1504 1991 non
1526 1936 1793 1990 valebant.
1828 1934 1984 1989 llisce

401 2029 522 2084 ﬁdei
552 2036 610 2082 et
647 2029 762 2098 spei
790 2027 1068 2083 affectibus
1095 2027 1174 2083 sic
1198 2028 1249 2081 in
1279 2025 1441 2081 corde
1470 2040 1589 2089 suo,
1625 2032 1684 2079 ut
1711 2024 1778 2078 ab
1808 2024 1898 2077 illo
1927 2038 1985 2077 se

402 2121 678 2190 accepisse
700 2128 929 2175 testatur
945 2119 1270 2188 Augustinus
1291 2116 1308 2155 τ
1330 2116 1613 2171 Dominum
1632 2115 1949 2185 precabatur
1970 2132 1980 2165 :

407 2211 647 2277 Domine,
672 2228 775 2265 non
792 2213 1053 2264 excrucier
1080 2219 1290 2281 propter
1312 2226 1492 2263 aurum
1523 2218 1571 2262 et
1592 2200 1878 2279 argentum,
1901 2204 1987 2259 ubi

401 2304 542 2356 enim
586 2304 692 2356 sint
739 2303 911 2355 omnia
957 2318 1071 2353 mea
1118 2310 1169 2353 tu
1216 2301 1336 2353 scis.
1386 2298 1553 2368 llujus
1598 2307 1721 2353 vota
1747 2298 1988 2367 profecto

404 2392 663 2447 exaudita
685 2392 847 2447 fuisse
875 2391 1090 2448 dubium
1120 2407 1229 2447 non
1256 2400 1357 2456 est,
1390 2390 1816 2459 quandoquidem
1844 2387 1991 2443 addit

404 2484 739 2550 Augustinus
782 2499 842 2537 se
882 2483 1091 2539 nescire
1130 2497 1452 2552 quemquam
1491 2496 1708 2544 eorum,
1740 2482 1830 2551 qui
1857 2495 1992 2551 opes

406 2592 534 2631 suas
589 2584 810 2646 propter
854 2574 1121 2629 Christum
1172 2574 1503 2643 abjeccrint,
1554 2573 1715 2627 veluti
1756 2573 1994 2642 pecunia:

408 2683 779 2739 possessorem
820 2682 851 2721 a
881 2667 1120 2721 barbaris
1165 2666 1549 2721 excruciatum.
1600 2664 1711 2719 Hac
1738 2665 1995 2719 barbaro-

409 2774 530 2813 rum
561 2758 866 2812 incursione
912 2765 968 2811 et
1011 2755 1309 2812 vastatione
1356 2770 1581 2809 accensa
1611 2755 1739 2819 fuit,
1774 2769 1879 2807 non
1903 2768 1999 2807 ex-

410 2852 629 2914 stincta,
652 2848 859 2903 Paulini
882 2849 1109 2912 caritas;
1132 2847 1261 2917 quin
1283 2847 1464 2909 immo,
1486 2855 1509 2893 ε
1527 2859 1877 2914 quzccumque
1898 2844 1996 2897 ha-

412 2942 545 2999 bere
565 2940 743 3010 potuit
771 2949 827 2993 ut
852 2940 1155 3009 episcopus,
1178 2937 1248 2991 ad
1272 2937 1606 3007 captivorum
1634 2942 1690 2991 et
1705 2948 1998 3005 pauperum

414 3033 668 3089 solatium
696 3032 751 3086 in
772 3031 1147 3102 eleemosynas
1171 3031 1431 3099 erogavit.
1878 3036 1881 3037 '

2073 476 2242 540 enim,
2292 474 2465 544 inquit
2492 473 2852 543 Augustinus,
2902 471 3135 526 uberiore
3183 473 3350 542 fructu
3390 471 3538 542 legit,
3577 470 3653 523 uel

2076 567 2221 619 audit
2249 583 2328 620 me
2359 561 2620 620 docentem
2650 582 2711 619 ac
2740 565 3067 619 disserentem
3085 606 3098 628 ,
3131 565 3206 618 vel
3233 562 3533 635 quibuslibet
3560 578 3653 615 ex-

2074 656 2451 711 hortationibus
2487 656 2849 710 accendentem
2868 696 2882 721 ,
2914 671 3065 725 quam
3092 655 3297 723 inspicit
3321 662 3367 706 te
3387 654 3651 707 viventem.

2076 747 2151 801 De
2180 745 2405 802 Paulino
2435 746 2689 817 episcopo
2718 745 2924 800 Nolano
2960 744 3088 798 nihil
3116 743 3353 798 historim
3383 741 3653 812 proditum

2076 844 2159 891 est
2186 836 2340 891 annis
2366 833 2489 901 415,
2520 834 2641 889 416.

2635 961 2770 1001 ΑΝΝο
2790 961 2997 1002 cnms'n
3016 945 3137 997 417.

2149 1039 2202 1093 5.
2242 1038 2357 1092 Jam
2408 1046 2567 1093 antea
2596 1047 2622 1073 τι
2653 1037 3055 1093 observavimus
3090 1035 3369 1090 Paulinum
3415 1041 3657 1088 nostrum

2078 1129 2313 1183 amicitia
2359 1127 2522 1183 fuisse
2582 1128 2887 1183 devinctum
2937 1142 3060 1182 cum
3107 1124 3324 1193 Pelagio
3370 1130 3657 1191 antequam

2080 1218 2439 1289 proderentur
2467 1218 2583 1287 ejus
2610 1232 2853 1287 errores,
2889 1226 2943 1272 et
2968 1232 3088 1272 cum
3109 1216 3321 1271 Juliano
3347 1215 3400 1268 in
3428 1212 3659 1281 Campa-

2080 1313 2166 1367 nia
2196 1312 2449 1381 episcopo
2468 1350 2481 1375 ,
2513 1312 2603 1380 qui
2635 1319 2822 1381 postea
2858 1309 3128 1378 Pelagiani
3158 1307 3422 1377 dogmatis
3446 1305 3542 1359 fuit
3570 1302 3663 1358 de-

2081 1404 2262 1459 fensor
2290 1403 2600 1458 acerrimus.
2634 1400 2690 1455 ln
2717 1402 2829 1471 ipsa
2861 1410 2885 1438 ο
2914 1399 3119 1454 Paulini
3146 1397 3341 1452 familia
3366 1395 3526 1466 (apud
3554 1394 3662 1462 vos)

2081 1495 2165 1547 vel
2199 1494 2385 1549 saltem
2414 1494 2467 1547 in
2501 1493 2717 1547 civitate
2741 1491 2943 1546 Nolana
2962 1531 2976 1555 ,
3009 1502 3199 1557 magna
3226 1503 3323 1557 pro
3352 1499 3537 1546 errore
3564 1482 3666 1539 Pe-

2084 1584 2297 1653 lagiano
2338 1584 2555 1654 quidam
2603 1582 2966 1637 obstinatione
3006 1578 3347 1634 nitebantur:
3380 1582 3667 1646 eapropter

2086 1675 2413 1745 Augustinus
2460 1674 2743 1743 epistolam
2773 1671 2905 1737 186,
2938 1672 3071 1727 alias
3099 1669 3221 1737 106,
3250 1669 3316 1725 ad
3348 1670 3456 1740 92
3483 1666 3666 1721 Pauli-

2086 1781 2211 1818 num
2235 1764 2359 1820 fecit
2384 1772 2439 1819 et
2456 1764 2684 1834 plurima
2708 1773 2733 1812 ι)
2764 1763 2909 1817 misit
2935 1762 3131 1831 scripta
3162 1761 3211 1814 in
3242 1759 3577 1827 Pelagianos,
3609 1765 3671 1811 ut

2086 1863 2442 1924 prmtcrquam
2472 1854 2617 1921 quod
2642 1865 2665 1901 α
2694 1868 2793 1923 pro
2822 1853 2925 1907 illis
2956 1859 3135 1906 oraret
3164 1858 3222 1905 ut
3250 1850 3670 1919 corrigerentur,

2087 1961 2194 2001 non
2218 1945 2391 2000 solum
2412 1944 2480 1999 ad
2498 1944 2745 1999 vitandos
2767 1944 2885 1999 illos
2906 1952 3093 1999 cautus
3117 1950 3279 2006 esset,
3304 1957 3487 1996 verum
3507 1940 3669 1995 etiam

2088 2035 2154 2090 ad
2204 2034 2602 2091 convincendos
2648 2051 2743 2091 eos
2784 2038 2877 2104 qui
2922 2033 3123 2102 Pelagii
3163 2048 3375 2088 errores
3403 2031 3671 2086 mordicus

2087 2126 2454 2183 defendendos
2498 2126 2905 2196 suscepissent;
2963 2126 3093 2193 quin
3137 2124 3301 2178 etiam
3344 2137 3440 2177 eos
3478 2121 3674 2177 refellit

2091 2220 2417 2289 Augustinus
2445 2233 2512 2273 ex
2534 2218 2774 2287 epistolis
2804 2216 3011 2272 Paulini
3034 2261 3045 2284 ,
3095 2231 3158 2270 ac
3187 2214 3455 2285 pulicipue
3479 2228 3548 2267 ex
3574 2200 3673 2265 tri?-

2089 2309 2288 2377 gesima
2319 2317 2342 2345 ι’
2370 2306 2525 2375 (alias
2559 2306 2769 2373 octava)
2801 2304 2868 2358 ad
2906 2303 3183 2358 Severum.
3227 2300 3494 2371 Fragrant
3516 2301 3673 2363 enim,

2091 2398 2264 2468 inquit
2288 2405 2310 2433 ³
2333 2397 2402 2452 ad
2429 2412 2572 2462 eum,
2600 2396 2830 2467 epistolae
2852 2403 2953 2449 tua:
2980 2394 3137 2449 odore
3157 2393 3503 2447 sincerissimo
3528 2388 3690 2443 Chrit

2092 2488 2179 2552 sti,
2210 2487 2297 2540 ubi
2318 2486 2759 2558 germanissimus,
2784 2484 2968 2555 gratia:
2987 2484 3148 2553 ipsius
3177 2482 3391 2537 dilector
3410 2489 3460 2534 et
3484 2481 3677 2551 confes-

2095 2593 2182 2631 sor
2212 2592 2451 2646 appares.
2477 2574 2665 2630 Nullus
2693 2582 2842 2630 certe
2871 2589 2900 2628 a
2928 2573 3178 2641 dogmate
3198 2571 3486 2640 Pelagiano
3512 2570 3679 2637 magis

2097 2666 2377 2721 abhorruit
2412 2680 2571 2735 quam
2618 2664 2904 2729 Paulinus;
2955 2672 3009 2717 at
3054 2677 3086 2717 a
3127 2660 3681 2732 Semipelagianorum

2099 2769 2284 2810 errore
2311 2754 2403 2824 qui
2428 2754 2587 2810 bonae
2612 2753 2903 2810 voluntatis
2942 2753 3152 2807 initium
3180 2751 3415 2806 hominis
3442 2764 3564 2806 esse
3590 2763 3681 2802 as~

2098 2845 2351 2900 serebant
2378 2860 2486 2900 non
2510 2845 2641 2900 satis
2670 2844 2901 2899 alienum
2931 2860 3053 2898 eum
3084 2844 3249 2897 fuisse
3283 2849 3465 2912 posset
3491 2840 3684 2909 conjici

2101 2951 2166 2991 ex
2215 2935 2533 3004 quibusdam
2580 2934 2721 2989 illius
2768 2933 3089 3003 scriptorum
3135 2932 3302 2997 locis,
3338 2934 3355 2967 ί
3398 2945 3520 2985 cum
3547 2930 3685 2985 hanc

2104 3024 2457 3095 qumstionem
2490 3023 2727 3079 nondum
2749 3024 3056 3093 posuissent
3084 3020 3440 3077 Massilienses
3467 3021 3688 3091 presby-

489 3124 545 3178 ‘5.
585 3122 739 3177 Circa
768 3123 871 3178 hoc
898 3095 1037 3177 idem
1067 3095 1292 3191 tempus
1317 3122 1382 3176 ad
1412 3121 1766 3190 Augustinum
1803 3119 2004 3190 episto-
2031 3095 2075 3158 Ο
2108 3117 2227 3181 teri,
2258 3115 2485 3172 necdum
2514 3115 2838 3184 Augustinus
2858 3113 3144 3169 enodasset
3170 3120 3224 3168 et
3245 3112 3509 3168 solvisset.

416 3213 530 3267 iam
560 3212 627 3267 50
654 3213 868 3283 scripsit
897 3212 920 3249 ιι
945 3212 1195 3268 Paulinus
1224 3213 1397 3267 varias
1424 3212 1499 3266 illi
1529 3212 1853 3282 quaestiones
1878 3225 2005 3280 pro-

417 3320 633 3376 ponens
670 3304 866 3373 quibus
906 3304 1087 3358 statim
1125 3318 1442 3373 responsum
1468 3302 1615 3358 dedit
1641 3302 2002 3370 Augustinus;

418 3412 533 3467 quo
577 3396 815 3460 amisso,
859 3394 1031 3449 eidem
1078 3395 1351 3464 rescripsit
1393 3394 1587 3449 iterum
1615 3392 1888 3457 Paulinus,
1919 3392 2004 3447 cui

418 3502 739 3557 responsum
767 3486 993 3540 alterum
1016 3485 1159 3539 misit
1181 3485 1509 3552 Augustinus
1528 3484 1670 3553 quod
1695 3492 1749 3537 et
1770 3483 2007 3538 secundo

424 3577 687 3635 amissum
710 3583 811 3631 est.
854 3574 948 3629 His
974 3582 1156 3629 tamen
1192 3590 1297 3630 non
1318 3582 1594 3645 permotus
1621 3572 1873 3627 Paulinus
1900 3581 2006 3627 ter-

418 3667 555 3721 tiam
578 3666 644 3721 de
665 3666 850 3721 iisdem
871 3665 1271 3721 difficultatibus
1293 3665 1577 3735 epistolam
1602 3664 1835 3733 scripsit,
1862 3664 2006 3733 pium

418 3754 697 3823 quoddam
730 3770 867 3825 Opus
893 3754 1177 3808 meditans.
1226 3753 1381 3809 Anno
1410 3754 1515 3808 415
1541 3767 1792 3823 magnum
1825 3752 1891 3807 de
1915 3752 2006 3806 Ci-

419 3845 595 3898 vitate
622 3843 717 3899 Dei
738 3859 873 3914 opus
901 3843 1226 3911 Augustinus
1251 3860 1477 3901 exorsus
1497 3852 1603 3908 est,
1636 3843 1787 3912 cujus
1814 3843 1868 3897 in
1894 3843 2006 3912 pri-

419 3937 528 3991 mis
573 3937 838 4008 capitibus
884 3934 1139 3997 illustrei
1177 3934 1385 3990 Paulini
1432 3936 1615 3992 virtuti
1647 3935 2006 3991 testimonium

418 4027 619 4083 reddit.

959 4111 1091 4152 anno
1122 4112 1329 4155 CHRISTI
1359 4094 1481 4149 414.

460 4209 551 4264 -4,
594 4208 675 4264 Ad
700 4208 1023 4279 quaestiones
1068 4223 1099 4262 a
1140 4206 1363 4263 Paulino
1389 4208 1694 4277 propositas
1735 4207 2013 4279 respondit

418 4299 801 4369 Augustinusl
840 4299 1067 4369 epistola
1110 4296 1240 4363 149,
1288 4312 1448 4368 quam
1499 4297 1721 4353 Paulino
1749 4298 2010 4353 redditam

419 4392 590 4447 fuisse
634 4405 745 4446 non
784 4389 1003 4445 dubium
1034 4398 1144 4453 est,
1179 4406 1301 4446 cum
1331 4389 1398 4445 ad
1424 4406 1526 4445 nos
1554 4404 1723 4458 usque
1747 4404 2010 4460 pervene-

2627 3244 2764 3283 ANNO
2793 3228 3003 3283 cums'rl
3030 3225 3153 3280 418.

2179 3319 2230 3375 6.
2273 3319 2526 3375 Fortasse
2552 3330 2760 3390 partem
2783 3318 2966 3373 habuit
2988 3318 3041 3371 in
3064 3318 3128 3371 iis
3154 3330 3275 3386 qua:
3295 3329 3480 3370 mense
3498 3313 3686 3384 Aprili,

2106 3427 2248 3467 anno
2290 3411 2395 3466 418
2435 3412 2619 3468 Roma:
2664 3419 2719 3466 et
2766 3410 3035 3465 Ravennae
3081 3409 3337 3464 adversus
3377 3407 3691 3475 Pelagianos

2107 3511 2228 3558 aeta
2275 3512 2439 3569 sunt,
2489 3504 2681 3572 quibus
2725 3500 2997 3572 peractis,
3027 3498 3270 3553 Julianus
3311 3498 3593 3567 episcopus
3619 3497 3695 3552 ob

2108 3592 2357 3647 literesim
2384 3591 2725 3659 Pelagianam
2755 3591 2883 3645 sede
2909 3604 3006 3644 sua
3031 3589 3216 3658 pulsus
3244 3596 3327 3643 est
3354 3587 3565 3642 duobus
3592 3587 3692 3641 im-

2107 3682 2373 3751 peratoris
2400 3681 2625 3737 Honorii
2653 3680 2842 3735 edictis
2871 3697 2884 3732 :
2911 3686 2968 3733 at
2994 3678 3231 3733 historiae
3259 3676 3329 3733 de
3358 3675 3581 3733 Paulino
3610 3678 3707 3732 ni-.

2108 3774 2185 3828 hil
2214 3775 2315 3829 hoc
2342 3789 2483 3828 anno
2510 3771 2779 3842 proditum
2806 3778 2907 3827 est.

2648 3926 2780 3965 anno
2807 3926 3014 3966 cuntsn
3042 3908 3166 3963 419.

2724 4047 2953 4103 CAPUT
2982 4047 3088 4103 Lll.

2113 4142 2194 4195 Ad
2215 4141 2467 4211 synodum
2490 4139 2791 4211 Ravennam
2810 4137 3331 4211 invitaturjfaulinus
3359 4145 3417 4211 ut
3446 4132 3696 4211 Romqna:

2184 4202 2438 4265 Ecclesia:
2462 4210 2687 4264 schisma
2716 4215 3011 4278 componat.
3037 4206 3143 4262 SS.
3168 4206 3454 4261 Eucherius
3486 4215 3536 4260 et
3577 4202 3695 4258 Ho-

2186 4290 2401 4335 noratus
2431 4296 2547 4335 cum
2567 4279 2792 4333 Paulino
2814 4279 3098 4332 amicitiam
3117 4278 3414 4331 instituunt.

2188 4391 2240 4446 1.
2282 4390 2498 4448 Zosimo
2520 4404 2659 4460 papa
2686 4395 2902 4443 mortuo
2947 4396 3178 4443 exeunte
3203 4402 3347 4442 anno
3376 4385 3499 4449 418,
3530 4385 3701 4441 schis-

417 4485 536 4541 rjt:
568 4481 723 4551 cujus
749 4481 849 4536 sub
879 4480 1043 4535 linem
1063 4482 1083 4516 κ
1108 4480 1583 4557 animadvertimus
1602 4478 1883 4535 Paulinum
1905 4495 2007 4535 no-
2038 4491 2089 4551 ι)
2115 4499 2202 4538 ma
2230 4480 2522 4539 conflatum
2564 4488 2647 4535 est
2671 4486 2729 4534 et
2752 4479 2943 4533 oborta
2976 4478 3031 4532 in
3058 4478 3204 4533 clero
3225 4476 3517 4539 dissensio,
3548 4475 3702 4544 cujus

418 4582 602 4629 strum
648 4580 778 4627 tunc
817 4571 958 4641 apud
1004 4586 1064 4625 se
1110 4571 1361 4626 habuisse
1400 4570 1629 4624 alterum
1671 4570 1751 4625 sui
1780 4570 2014 4625 nominis

420 4661 834 4732 presbyterum;
869 4661 1085 4716 tertium
1125 4673 1340 4731 quoque
1369 4660 1608 4730 ejusdem
1634 4660 1903 4729 nominis,
1925 4662 2017 4731 qui

419 4760 735 4819 temporum
775 4750 1081 4805 calamitate
1126 4750 1463 4808 fortunarum
1499 4766 1716 4807 suarum
1748 4751 2016 4821 iacturam

420 4855 623 4912 passus
646 4839 715 4893 ad
741 4837 1018 4895 Paulinum
1042 4850 1282 4896 nostrum
1303 4856 1361 4895 se
1380 4850 1675 4911 receperat,
1702 4851 1758 4898 et
1784 4859 1851 4897 ex
1869 4843 2015 4897 dam-

420 4934 517 4987 nis
542 4934 656 4986 suis
690 4932 789 4986 sub
820 4940 967 4987 tanto
1009 4933 1145 4988 duce
1170 4934 1432 5004 proficere
1455 4934 1770 4990 conabatur.
1809 4934 1827 4973 ι
1859 4934 2020 4991 Vide-

424 5034 523 5078 tur
556 5024 648 5079 ille
675 5024 908 5093 aliquam
951 5024 1019 5079 ab
1057 5024 1364 5094 Augustino
1398 5028 1786 5083 institutionem
1830 5038 2020 5099 postu-

424 5116 574 5171 lasse
600 5156 617 5182 ,
664 5114 761 5170 sed
802 5115 945 5172 hunc
992 5114 1177 5185 paucis
1205 5117 1452 5174 hortatus
1484 5124 1585 5183 est,
1619 5119 1670 5172 in
1700 5118 1927 5188 epistola
1953 5119 2021 5174 ad

424 5206 488 5261 S.
519 5204 809 5261 Paulinum
827 5207 950 5262 data
989 5217 1055 5275 ω,
1082 5218 1140 5263 ut
1159 5207 1229 5264 de
1257 5223 1323 5264 eo
1349 5217 1494 5264 statu
1524 5210 1577 5264 in
1601 5225 1709 5279 quo
1729 5209 2022 5267 Providen—

2118 4589 2245 4647 pars
2291 4574 2469 4628 minor
2506 4570 2674 4641 elegit
2711 4568 2975 4624 Eulalium
3018 4567 3453 4623 archidiaconum
3475 4567 3529 4621 in
3557 4582 3705 4621 sum-

2117 4680 2265 4722 mum
2310 4661 2617 4734 pontificem
2640 4701 2656 4728 ,
2689 4660 2862 4729 major
2895 4674 3025 4715 vero
3062 4657 3394 4715 Bonifacium
3420 4658 3704 4729 presbyte-

2119 4771 2257 4811 rum.
2317 4754 2428 4810 Sub
2457 4752 2619 4807 finem
2660 4751 2863 4807 mensis
2905 4749 3081 4805 Martii
3121 4764 3262 4803 anno
3297 4745 3402 4800 419
3435 4745 3707 4802 Honorius

2122 4847 2413 4916 imperator
2438 4859 2538 4914 per
2564 4843 2771 4898 litteras
2815 4840 3184 4897 sanctissimos
3211 4838 3546 4894 diversarum
3580 4854 3708 4909 pro-

2122 4937 2420 4992 vinciarum
2448 4935 2732 5005 episcopos
2760 4933 2827 4987 ad
2867 4932 3133 5005 synodum
3163 4929 3476 4986 Ravennam
3504 4943 3707 4984 convo-

2123 5030 2285 5094 cavit,
2308 5044 2415 5099 quo
2445 5035 2609 5083 tanta:
2636 5025 3020 5082 controversia:
3048 5025 3210 5079 finem
3234 5023 3492 5079 facerent.
3529 5020 3711 5092 Impri-

2124 5123 2227 5178 mis
2255 5138 2386 5178 vero
2430 5121 2702 5191 scripsit“
2734 5119 2802 5174 ad
2847 5117 2904 5174 S.
2955 5117 3237 5172 Paulinum
3282 5115 3545 5170 Nolanum
3592 5114 3708 5183 cpi-

2127 5228 2392 5283 scopum;
2467 5210 2562 5265 sed
2616 5210 2662 5265 is
2717 5216 2942 5279 propter
2996 5209 3239 5277 corporis
3294 5204 3707 5260 invaletudinem

508 5374 538 5402 ⁸
558 5363 694 5487 Aug.
729 5365 819 5420 lib.
839 5365 906 5419 de
935 5364 1070 5420 Cura
1095 5381 1195 5436 pro
1223 5369 1561 5449 mortuishc.
1590 5368 1676 5422 16.
1753 5369 1779 5409 b
1804 5369 1997 5425 Baron.

519 5476 533 5488 .
564 5434 626 5488 41
682 5474 698 5493 .
730 5435 756 5493 S
786 5435 874 5493 45.
906 5435 993 5489 46.
1071 5448 1093 5474 ε
1126 5436 1284 5493 Aug"
1315 5437 1435 5492 loco
1459 5446 1549 5492 ett.
1633 5438 1651 5476 ί
1684 5439 1843 5493 Anth.
1877 5440 1951 5493 lb.

2104 5413 2117 5426 .
2141 5370 2268 5437 410,
2300 5372 2326 5493 ἓ
2522 5382 2544 5408 ο
2578 5368 2711 5437 Aug.
2744 5367 2836 5422 lib.
2861 5384 2877 5423 ι
2903 5367 2970 5422 de
2998 5366 3111 5449 tliv.
3145 5366 3258 5431 Dei,
3290 5381 3339 5422 c.
3373 5366 3454 5453 10.
3530 5360 3559 5400 ἀ
3589 5363 3708 5444 Bar.

2096 5442 2245 5493 Grea.
2273 5441 2300 5493 b
2330 5482 2342 5493 .
2368 5440 2494 5493 dial.
2519 5438 2654 5493 δίο.
2682 5438 2731 5491 1.
2810 5437 2833 5474 ιι
2866 5436 3072 5491 Pauhn.
3106 5453 3195 5493 eo.
3228 5436 3316 5491 50.
3401 5454 3413 5473 ι
3449 5435 3582 5493 Aug.
3618 5434 3708 5487 lib.

432 5453 533 5510 an.
564 5434 698 5510 go,
730 5435 874 5510 gas,
906 5435 1010 5510 46.-
1032 5504 1051 5510 Α
1071 5434 1284 5510 έᾼιιεη
1315 5437 1435 5492 loco
1459 5439 1588 5510 cit.“
1633 5438 1651 5476 τ
1684 5439 1843 5510 Aug.,
1877 5440 1951 5494 lb.

2096 5434 2300 5510 Βηθεζζῆ

2330 5482 2342 5494 .
2368 5440 2494 5494 dial.
2519 5433 2731 5505 ἵ),ὀ.’1.
2810 5437 2833 5474 ιι
2866 5436 3072 5491 Paulin.
3106 5453 3195 5505 ep.
3228 5436 3316 5491 50.
3400 5435 3427 5505 ί,
3449 5435 3591 5505 Aug:
3618 5433 3709 5487 lib.

434 5503 875 5578 tdepivit._'Dci,
910 5521 956 5578 ς.
992 5504 1077 5558 10.
1158 5507 1172 5555 i
1209 5503 1346 5578 Aug.
1379 5524 1464 5576 ep.
1491 5506 1614 5578 149.
1694 5512 1718 5547 ιι
1748 5503 2014 5574 lbid.,n.i

2131 5510 2145 5549 ¹
2184 5503 2313 5565 Ibid.
2391 5520 2428 5546 ω
2463 5503 2596 5574 Aug.
2628 5523 2712 5578 ep.
2749 5507 2870 5578 149,
2898 5525 2953 5562 n.
2984 5507 3071 5578 54.
3144 5503 3177 5541 1³
3207 5506 3337 5578 Cgp.
3370 5504 3454 5578 46,
3486 5520 3541 5558 n.
3563 5503 3715 5578 Siet

433 5591 491 5628 ε.
524 5572 608 5640 49,
634 5591 686 5628 ιι.
719 5574 772 5627 2.

436 5660 501 5703 η.
525 5642 576 5697 ‘2.
658 5655 678 5682 ι
712 5645 845 5714 Aug.
880 5661 964 5713 ep.
998 5642 1193 5711 186,11.
1222 5646 1308 5701 59.

852 5587 873 5610 ι·
908 5576 1040 5641 Aug.
1075 5589 1160 5643 ep.
1197 5575 1320 5637 186,
1356 5575 1525 5631 ιιίδὶξ).
1607 5590 1631 5627 ρ
1660 5578 1817 5643 lbid.,
1848 5596 1900 5632 n.
1931 5579 1983 5632 2.
2046 5592 2071 5631 ιι
2093 5580 2249 5644 lbid.,
2283 5598 2334 5633 n.
2362 5580 2428 5633 ’57
2460 5590 2513 5633 et
2543 5578 2627 5634 58.

1395 5650 1408 5684 ί
1446 5646 1650 5703 Paulin.
1687 5665 1771 5719 cp.
1810 5650 1903 5715 10,
1934 5668 1985 5705 ιι.
2030 5650 2092 5718 6;
2124 5660 2177 5706 ct
2207 5666 2368 5706 carm.
2411 5650 2490 5715 ll,
2526 5667 2574 5703 γ.
2616 5647 2714 5703 142
2743 5658 2795 5705 ct
2824 5663 2937 5715 seq.

2712 5590 2731 5616 ι’
2761 5577 2918 5641 lbid.,
2952 5596 3004 5631 n.
3038 5577 3132 5639 4ος
3164 5585 3218 5630 et
3256 5575 3461 5627 Paulin.
3494 5591 3579 5643 ep.
3614 5573 3701 5634 50,

3016 5657 3038 5682 υ
3068 5647 3260 5699 Ilat'on.
3295 5660 3379 5698 an.
3416 5644 3537 5712 H9,
3567 5645 3593 5715 ξ
3630 5646 3708 5699 19.
