4020 6186
270 323 362 381 ιιι

1635 313 2165 372 PROLEGOMENA.

3436 320 3533 376 132

260 442 328 495 de
356 437 457 492 hoc
479 434 683 491 mundo
702 434 769 490 ad
789 433 1010 491 cmleste
1031 432 1394 490 habitaculum
1419 433 1632 489 evolare
1658 434 1843 503 cupie-
1874 433 1922 489 A
1950 441 2056 486 tum
2083 450 2367 505 pauperum
2406 435 2587 491 soluat.
2615 436 2683 491 Et
2721 452 2868 505 ecce,
2898 454 3003 494 non
3034 440 3191 510 longa
3220 440 3532 513 interposita

263 530 352 584 bat
372 536 431 582 ut
452 526 525 581 ibi
554 541 678 581 cum
698 526 900 580 sanctis
925 525 1146 579 haberet
1168 524 1523 589 mansionem,
1542 540 1662 579 cum
1688 532 1713 561 ι
1734 538 1852 593 gra-

263 620 476 675 vissimo
517 618 705 673 lateris
732 617 919 672 dolore
946 626 1216 685 gravatus,
1259 624 1315 672 et
1341 617 1394 671 in
1424 617 1679 672 extremis
1706 617 1851 687 posi-

262 721 366 779 tus,
394 725 461 766 ex
512 708 787 780 superﬂuo
830 708 1219 763 archiatrorum
1260 707 1509 761 mandato
1550 708 1851 762 ustionibus

263 803 426 857 multo
456 802 629 869 magis
658 801 904 867 fatigatus
933 807 1032 853 est.
1053 798 1251 853 Triduo
1276 807 1400 853 ante
1428 799 1569 853 illius
1595 799 1797 853 obitum
1822 797 1848 837 δ

260 893 365 945 duo
406 890 476 944 ad
523 905 648 944 eum
693 889 930 959 episcopi
960 887 1211 942 visitandi
1254 886 1431 941 studio
1462 895 1849 954 convenerunt,

261 983 317 1037 S.
348 980 726 1052 Symmachus,
758 987 813 1035 et
846 976 1171 1034 Benedictus
1199 978 1503 1049 Acindynus
1538 980 1617 1049 (ut
1637 976 1854 1033 Chilfle-

263 1074 361 1127 tius
387 1084 410 1111 ε
444 1072 722 1141 ingeniosa
760 1084 890 1124 sane
929 1068 1235 1137 conjectura
1264 1069 1497 1123 restituit
1525 1084 1591 1123 ex
1620 1068 1853 1123 lectione

260 1180 357 1218 ms.
387 1162 594 1218 codicis
622 1160 880 1229 Medictei,
910 1176 1029 1214 cum
1067 1159 1118 1213 in
1149 1160 1378 1228 vulgatis
1402 1166 1559 1213 antea
1586 1158 1853 1226 legeretur

264 1253 570 1307 Benedictus
620 1252 1023 1322 Hyacinthinus.
1075 1247 1209 1303 Cum
1254 1257 1431 1305 autem
1469 1248 1496 1286 ά
1538 1263 1636 1303 nec
1682 1248 1853 1303 sancti

260 1343 573 1415 Symmachi
622 1357 721 1396 nec
758 1340 1028 1395 Benedicti
1056 1339 1316 1410 Acindynl
1345 1338 1501 1394 sedes
1528 1338 1855 1407 expresserit

264 1431 517 1497 Ilranius,
552 1430 865 1499 conjectura
894 1437 980 1484 est
1025 1444 1120 1484 eos
1163 1444 1194 1484 e
1237 1429 1432 1484 vicinia
1460 1428 1759 1491 advenisse,
1790 1442 1853 1483 ac

259 1524 418 1578 fuisse
449 1523 698 1577 fortassis
725 1529 970 1577 sanctum
996 1520 1377 1591 Symmachum
1408 1520 1719 1589 episcopum
1750 1518 1854 1573 Ca-

260 1628 518 1684 puanum,
542 1612 698 1681 cujus
722 1612 941 1667 nomine
970 1613 1149 1681 plures
1184 1620 1397 1666 exstant
1425 1610 1665 1666 ecclesiae
1691 1610 1742 1664 in
1772 1610 1853 1665 ci-

260 1706 419 1759 vitate
448 1713 505 1759 et
534 1703 810 1775 provincia
849 1702 1103 1773 Capuana
1122 1744 1137 1767 ,
1168 1710 1223 1755 et
1250 1700 1402 1770 cujus
1445 1701 1759 1755 solemnitas
1787 1702 1851 1754 ad

1950 541 2135 591 mora,
2184 528 2453 597 ingressus
2499 537 2583 583 est
2626 530 2838 600 quidam
2871 532 3151 604 presbyter
3192 533 3259 588 de
3290 533 3533 589 Lucania:

1950 620 2193 690 partibus
2233 622 2472 684 veniens,
2521 623 2713 677 missus
2743 638 2772 677 a
2802 632 2989 679 sancto
3016 625 3270 695 episcopo
3297 626 3533 697 Exsupe-

1949 710 2125 764 rantio
2150 716 2205 764 et
2230 725 2261 764 a
2290 711 2406 766 viro
2432 711 2728 766 clarissimo
2756 712 2917 767 fratre
2954 714 3069 782 ejus
3101 712 3335 778 Ursatio,
3361 716 3451 783 qui
3481 715 3531 769 ei

1949 815 2047 870 per
2074 800 2245 869 ipsum
2270 802 2506 856 muneris
2534 802 2702 869 gratia
2732 804 3112 873 quinquaginta
3142 804 3344 860 solidos
3370 807 3533 861 mise-

1950 897 2075 943 runt
2121 908 2133 941 :
2180 890 2374 958 quibus
2422 892 2693 959 acceptis,
2745 889 2995 947 Paulinus
3036 895 3234 962 gratias
3275 894 3385 949 Deo
3424 896 3534 963 egit

1950 980 2094 1047 quod
2150 996 2256 1034 non
2301 980 2670 1049 dereliquisset
2716 990 3020 1051 sperantem
3070 983 3123 1036 in
3168 984 3534 1039 misericordia

1952 1069 2088 1138 ejus.
2120 1069 2197 1124 De
2227 1071 2310 1124 his
2337 1079 2515 1124 autem
2542 1072 2925 1140 quinquaginta
2956 1072 3140 1126 solidis
3168 1073 3280 1142 ipse
3307 1073 3533 1144 presby-

1952 1173 2089 1229 tero,
2121 1162 2211 1231 qui
2242 1176 2337 1217 eos
2366 1163 2702 1227 exhibuerat,
2733 1180 2893 1219 manu
2915 1181 3009 1219 sua
3038 1166 3173 1221 duos
3200 1166 3378 1232 dedit;
3410 1168 3534 1222 reli-

1950 1268 2087 1323 quos
2110 1267 2240 1307 vero
2270 1253 2691 1320 negotiatoribus
2723 1253 2813 1321 qui
2853 1254 3168 1308 vestimenta
3210 1255 3534 1324 pauperibus

1952 1342 2230 1406 dederant,
2258 1342 2409 1398 reddi
2436 1343 2727 1398 mandavit.
2750 1343 2884 1398 Cum
2907 1352 3082 1398 autem
3102 1345 3212 1413 jam
3248 1342 3265 1382 ι
3290 1361 3397 1399 nox
3426 1344 3534 1402 diei

1952 1435 2337 1499 successisset,
2389 1450 2556 1505 usque
2603 1436 2669 1491 ad
2719 1436 2947 1491 mediam
2996 1446 3209 1493 noctem
3261 1438 3533 1507 paululum

1954 1526 2121 1595 quieti
2159 1526 2446 1591 concessit,
2494 1542 2595 1581 nec
2643 1526 2781 1580 ultra
2820 1528 2996 1597 potuit
3023 1543 3271 1583 somnum
3309 1544 3529 1598 capere,

1954 1618 2301 1673 crudescente
2329 1619 2513 1673 lateris
2536 1619 2724 1674 dolore
2750 1621 3031 1685 excitatus,
3064 1629 3119 1675 et
3147 1621 3533 1675 archiatrorum

1954 1710 2255 1764 ustionibus
2285 1709 2555 1778 fatigatus.
2589 1711 2705 1766 Una
2747 1721 3033 1781 antequam
3080 1713 3374 1768 lucesceret
3404 1715 3534 1767 hora

262 1812 308 1850 xi
330 1794 592 1849 kalendas
610 1793 925 1849 Novembris
952 1794 1214 1862 adscripta
1232 1794 1381 1848 estin
1407 1793 1571 1848 veteri
1591 1791 1845 1846 kalenda-
1877 1790 1921 1849 Β
1948 1798 2029 1853 vir
2056 1806 2271 1853 sanctus
2289 1841 2304 1866 ,
2336 1807 2393 1853 ut
2421 1800 2658 1868 solebat,
2716 1817 2905 1855 omnes
2947 1803 3202 1857 excitavit
3239 1809 3294 1857 et
3321 1802 3533 1856 matuti.

261 1887 333 1940 rio
353 1885 654 1954 Capuano;
685 1899 792 1953 quo
814 1891 994 1938 autem
1022 1883 1110 1937 ille
1139 1884 1475 1952 potissimum
1495 1882 1688 1937 vixerit
1716 1890 1851 1936 tem-

262 1992 385 2048 pore
431 1976 652 2044 penitus
698 1974 1023 2043 ignoramus.
1056 1972 1171 2027 Duo
1220 1972 1305 2026 isti
1337 1971 1592 2042 praesules
1616 1981 1641 2009 ο
1671 1970 1851 2024 Pauli-

262 2084 383 2121 num
413 2068 469 2121 in
500 2065 765 2120 extremis
802 2064 1134 2119 laborantem
1175 2070 1563 2126 convenerunt,
1594 2078 1714 2117 cum
1740 2061 1849 2131 jam

264 2158 321 2211 de
358 2158 541 2213 salute
591 2156 708 2225 ejus
749 2170 939 2210 omnes
976 2155 1369 2224 desperassent.
1400 2153 1480 2206 Ita
1513 2153 1531 2189 τ
1566 2160 1747 2205 tamen
1796 2152 1847 2203 in

264 2263 447 2301 eorum
479 2246 719 2301 adventu
740 2253 1013 2299 recreatus
1038 2254 1198 2313 atque
1217 2241 1450 2299 refectus
1472 2253 1554 2297 est
1576 2239 1847 2305 Paulinus,

266 2350 315 2393 ut
340 2338 509 2391 oblita
537 2337 687 2391 omni
716 2335 917 2389 carnali
947 2332 1273 2397 inﬁrmitate,
1303 2341 1474 2386 totum
1502 2346 1561 2385 se
1589 2332 1669 2386 eis
1696 2331 1853 2400 spiri-

265 2430 418 2485 talem
469 2437 635 2496 atque
680 2426 979 2495 angelicum
1022 2425 1316 2479 exhiberet.
1360 2421 1571 2477 Iussit!
1600 2421 1700 2475 sibi
1728 2428 1852 2474 ante

266 2522 517 2576 lectulum
549 2534 705 2573 suum
735 2532 885 2572 sacra
914 2531 1039 2570 vasa
1066 2523 1120 2568 et
1148 2521 1463 2569 ornamenta
1490 2511 1853 2568 ecclesiastica

267 2612 525 2679 exhiberi,
554 2619 611 2666 et
654 2626 761 2664 una
810 2624 931 2663 cum
972 2607 1167 2661 sanctis
1212 2605 1480 2675 episcopis
1520 2604 1713 2659 obtulit
1742 2603 1854 2658 Deo

268 2704 616 2765 sacriﬁcium;
649 2700 915 2767 simulque
960 2706 1014 2751 et
1042 2711 1137 2751 eos
1161 2711 1296 2765 quos
1318 2711 1417 2765 pro
1446 2694 1725 2763 disciplina
1757 2707 1851 2747 ec-

270 2796 565 2851 clesiastica
590 2807 621 2846 a
651 2790 1026 2846 communione
1054 2802 1329 2842 sacrorum
1356 2786 1732 2857 mysteriorum
1760 2798 1853 2837 ex-

271 2895 442 2939 torres
469 2886 581 2955 95
612 2898 732 2938 esse
761 2887 1109 2950 prtcceperat,
1139 2877 1203 2931 ad
1234 2892 1419 2946 pacem
1444 2875 1719 2946 pristinam
1764 2888 1853 2927 re-

273 2976 494 3030 vocavit.
528 2973 559 3009 δ
590 2972 657 3026 Et
681 2987 803 3027 cum
831 2970 948 3025 haec
974 2968 1151 3024 omnia
1179 2975 1396 3024 sanctus
1426 2966 1708 3035 episcopus
1731 2964 1853 3018 lteto

273 3078 428 3136 atque
455 3065 697 3136 perfecto
726 3062 911 3118 ordine
939 3061 1296 3125 celebrasset,
1329 3058 1506 3113 subito
1535 3057 1677 3112 clara
1722 3070 1853 3110 voce

1953 1903 2080 1942 num
2103 1888 2337 1943 officium
2364 1904 2431 1943 ex
2455 1905 2606 1943 more
2631 1898 2687 1944 et
2708 1890 2895 1945 ordine
2921 1892 3228 1945 celebravit.
3256 1891 3419 1945 Facta
3442 1907 3534 1945 au~

1956 1986 2062 2031 tem
2091 1977 2178 2033 die
2205 1979 2532 2049 presbyteris
2568 1986 2623 2031 et
2650 1978 2891 2033 diaconis
2919 1988 3080 2047 atque
3106 1980 3352 2034 omnibus
3379 1978 3533 2034 cleri-

1953 2067 2031 2121 cis
2060 2082 2249 2137 pacem
2294 2067 2673 2122 hereditariam
2705 2068 2953 2137 exemplo
2980 2068 3256 2123 Dominico
3283 2067 3536 2137 praedica.

1953 2158 2051 2223 vit,
2081 2157 2203 2212 dein
2235 2158 2427 2212 tacitus
2451 2173 2619 2227 usque
2641 2158 2707 2212 ad
2730 2174 3012 2227 vesperum
3036 2158 3363 2228 perduravit.
3387 2157 3533 2213 Tunc

1952 2266 2080 2305 vero
2126 2246 2437 2303 lucernariae
2483 2248 2783 2303 devotionis
2841 2259 3048 2318 tempus
3095 2262 3409 2316 agnoscens,
3442 2262 3534 2302 ex-

1952 2343 2119 2396 tensis
2143 2342 2405 2406 manibus,
2438 2341 2583 2394 lenta
2629 2340 2753 2394 licet
2788 2355 2924 2395 voce
2962 2339 3117 2407 dixit,
3148 2339 3339 2392 Paravi
3369 2339 3535 2392 lucer-

1954 2451 2076 2486 nam
2105 2433 2307 2487 Christo
2350 2450 2481 2487 meo.
2530 2431 2731 2485 Deinde
2774 2431 2914 2484 facto
2955 2429 3256 2500 aliquandiu
3303 2429 3532 2494 silentio,

1955 2533 1991 2559 πη
2023 2524 2162 2578 circa
2202 2524 2391 2576 horam
2430 2522 2691 2576 decimam
2739 2530 2831 2573 aut
2859 2518 3195 2574 undecimam
3242 2520 3294 2572 in
3342 2526 3533 2583 nocte,

1954 2612 2201 2666 omnibus
2228 2612 2319 2679 qui
2350 2610 2575 2665 aderant
2601 2610 2827 2665 sollicite
2847 2610 3207 2679 vigilantibus,
3232 2609 3407 2663 subito
3428 2608 3535 2663 cel-

1954 2704 2057 2757 lula
2087 2704 2202 2771 ejus
2231 2712 2337 2755 tam
2380 2701 2581 2769 ingenti
2610 2708 2766 2754 terra:
2795 2708 2942 2754 motu
2972 2715 3229 2755 concussa
3260 2700 3361 2763 eisi,
3394 2706 3451 2752 ut
3478 2698 3534 2751 hi

1953 2795 2043 2864 qui
2074 2794 2270 2847 lectulo
2300 2793 2414 2861 ejus
2439 2792 2757 2845 assistebant
2786 2791 3027 2845 exterriti
3060 2798 3219 2859 atque
3250 2786 3446 2843 t'urbati
3468 2788 3535 2841 ad

1954 2884 2250 2939 Orationem
2279 2898 2337 2936 se
2365 2883 2539 2937 cuncti
2581 2880 2919 2949 jaetaverint,
2943 2889 2968 2915 υ
2995 2881 3125 2934 nihil
3156 2888 3331 2933 tamen
3362 2879 3535 2933 scien-

1954 2975 2093 3028 tibus
2122 2974 2204 3027 his
2231 2974 2320 3040 qui
2350 2988 2447 3041 pro
2497 2971 2697 3025 foribus
2741 2971 3105 3024 consistebant
3132 2988 3144 3022 :
3178 2985 3349 3037 neque
3392 2970 3534 3022 enim

1955 3064 2197 3133 publicus
2221 3063 2308 3117 ille
2331 3062 2383 3115 in
2409 3069 2520 3115 tota
2541 3061 2720 3125 domo,
2744 3060 2836 3115 sed
2866 3060 3103 3129 privatus
3129 3060 3180 3112 in
3206 3058 3393 3113 cellula
3423 3057 3535 3112 fue-

274 3157 605 3225 interrogare
632 3154 795 3223 carpit
824 3153 912 3207 ubi
951 3158 1131 3205 essent
1159 3149 1349 3203 fratres
1375 3148 1499 3201 sui?
1530 3146 1678 3200 Tunc
1719 3160 1855 3199 unus
1884 3155 1928 3215 ρ
1958 3162 2040 3208 mi
2070 3162 2227 3208 terra;
2256 3159 2453 3216 motus,
2478 3146 2571 3220 'qui
2604 3150 2951 3219 (“mugiebat
2978 3157 3181 3218 quanio
3208 3148 3394 3203 dolore
3425 3162 3532 3202 om.

276 3264 335 3301 ex
366 3245 837 3301 circumstantibus
856 3286 871 3310 ,
909 3243 997 3311 qui
1025 3241 1233 3310 putavit
1278 3239 1421 3309 quod
1450 3238 1730 3307 episcopos
1768 3236 1859 3304 qui

278 3350 399 3393 tunc
426 3339 653 3393 aderant
680 3344 977 3405 quaereret,
1006 3335 1079 3388 ait
1108 3334 1181 3388 illi
1206 3351 1218 3385 :
1252 3331 1387 3400 Ecce
1415 3331 1496 3383 hic
1527 3340 1645 3384 sunt
1674 3331 1862 3400 fratres

281 3430 367 3481 tui.
392 3428 463 3481 At
489 3427 581 3481 ille
609 3446 620 3479 :
655 3426 761 3480 Sed
785 3442 877 3496 ego
907 3441 1040 3478 nunc
1071 3426 1259 3495 fratres
1282 3438 1419 3475 meos
1445 3419 1760 3473 Ianuarium
1782 3428 1863 3471 at-

281 3506 369 3588 que
397 3517 689 3571 Martinam
719 3517 863 3579 dico,
892 3517 976 3585 qui
1007 3514 1157 3567 modo
1205 3528 1401 3565 mecum
1441 3510 1598 3563 locuti
1644 3518 1783 3571 sunt,
1813 3518 1861 3561 et

284 3610 519 3663 continuo
536 3610 604 3660 ad
628 3625 707 3660 me
734 3616 966 3660 venturos
996 3622 1049 3658 se
1069 3622 1180 3658 esse
1199 3604 1459 3656 dixerunt.
1480 3601 1661 3669 Itaque
1690 3600 1863 3652 anim-

286 3701 625 3753 adverterunt
663 3699 1065 3753 citcumstantes
1094 3694 1236 3763 quod
1267 3691 1281 3729 ί
1310 3692 1401 3759 qui
1433 3700 1641 3745 tantum
1677 3691 1733 3744 in
1755 3690 1864 3743 vir-

288 3797 393 3848 tiite
420 3808 517 3862 per
539 3791 888 3861 multiplicata
920 3782 1537 3857 gratiaruntspiritalium
1554 3784 1864 3837 charismata

289 3882 630 3952 resplenduit,
654 3881 850 3935 meruit
898 3889 951 3932 ut
1002 3879 1053 3931 in
1102 3878 1308 3932 obitum
1355 3890 1511 3930 suum
1554 3874 1863 3944 priusquam

289 3974 526 4042 spiritum
576 3971 855 4032 redderet,
900 3971 1062 4023 hosce
1118 3967 1255 4022 duos
1310 3966 1695 4020 illustrissimos
1727 3981 1857 4020 eor-

289 4064 464 4132 porcis
508 4062 681 4117 oculis
743 4059 1199 4127 contemplaretur
1257 4057 1577 4126 episcopos;
1630 4070 1863 4123 quorum

292 4154 432 4221 prior
481 4160 599 4207 erat
652 4152 666 4201 i
733 4149 791 4204 S.
850 4146 1175 4214 Ianuarius,
1231 4147 1524 4201 Beneventi
1584 4146 1867 4215 episcopus

292 4251 344 4297 et
386 4253 589 4313 martyr
643 4242 783 4297 circa
832 4256 1029 4294 annum
1074 4239 1207 4303 505,
1259 4256 1348 4309 qui
1380 4238 1743 4307 Neapolitana:
1774 4252 1865 4289 ur-

292 4334 368 4387 bis
409 4333 703 4388 Ecclesiam
753 4340 880 4387 tunc
923 4332 1160 4400 reliquiis
1206 4332 1314 4386 suis
1360 4328 1692 4394 illustrabat;
1732 4329 1869 4383 alter

294 4439 416 4477 vero
442 4422 496 4477 S.
531 4422 790 4478 Martinus
837 4431 961 4476 tunc
1006 4408 1332 4475 Turonensis
1372 4420 1614 4483 antistes,
1661 4419 1743 4471 vir
1771 4434 1868 4488 per

1964 3262 2058 3301 nes
2088 3246 2139 3299 in
2167 3244 2322 3313 hujus
2351 3243 2521 3298 sancti
2551 3243 2699 3297 obitu
2728 3250 2907 3295 essent
2934 3239 3218 3295 alliciendi.

2033 3336 2085 3389 2.
2117 3335 2208 3389 Ille
2237 3349 2366 3388 vero
2406 3334 2516 3387 Deo
2556 3328 2792 3387 debitum
2826 3340 2849 3367 ο
2879 3330 3122 3400 spiritum
3152 3328 3421 3385 exhalavit
3446 3344 3537 3382 an-

1962 3426 2145 3495 gelicis
2172 3431 2476 3493 susceptum
2504 3423 2767 3478 manibus.
2802 3420 2970 3475 Porro
2999 3421 3089 3475 ubi
3130 3419 3195 3473 ad
3235 3420 3390 3474 beata
3419 3418 3539 3473 coeli

1964 3517 2154 3586 gaudia
2186 3514 2307 3569 felix
2336 3514 2513 3567 anima
2543 3512 2797 3578 evolavit,
2829 3522 2855 3559 P
2886 3511 2958 3564 ita
2988 3510 3143 3565 niveo
3172 3509 3403 3565 candore
3427 3507 3542 3561 vul-

1965 3616 2048 3661 tus
2076 3605 2190 3675 ejus
2216 3613 2270 3659 et
2314 3613 2483 3657 totum
2514 3618 2709 3671 corpus
2736 3603 2983 3655 all'ectum
3011 3607 3092 3654 est
3115 3641 3128 3665 ,
3159 3609 3213 3655 ut
3242 3614 3426 3653 omnes
3451 3596 3541 3667 qui

1965 3698 2187 3751 aderant
2216 3697 2352 3750 inter
2377 3696 2485 3769 96
2511 3694 2770 3761 singultus
2798 3700 2851 3746 et
2879 3692 3139 3761 lacrymas
3167 3689 3543 3743 benedicerent

1966 3787 2269 3842 Dominum.
2293 3783 2419 3852 Ejus
2449 3784 2610 3836 vitam
2639 3797 2705 3835 ex
2737 3781 2926 3834 merito
2950 3779 3139 3833 mortis
3168 3792 3353 3833 omnes
3374 3791 3542 3845 agno-

1964 3895 2113 3942 vere,
2144 3877 2294 3945 cujus
2322 3884 2376 3931 et
2405 3880 2634 3929 mortem
2664 3873 2731 3927 de
2759 3870 3169 3926 conversatione
3197 3870 3319 3923 vita:
3346 3869 3543 3939 proba-

1964 3978 2176 4023 verunt.
2207 3965 2342 4021 Ecce
2366 3977 2389 4015 ιι
2413 3964 2538 4033 quid
2569 3964 2751 4019 tribuit
2779 3962 3151 4031 eleemosyna;
3182 3974 3308 4015 ecce
3332 3960 3544 4029 qualem

1966 4068 2195 4113 mortem
2244 4054 2523 4119 concedit,
2554 4061 2610 4109 et
2648 4052 2833 4122 quales
2875 4052 3155 4105 thesauros
3186 4052 3386 4105 sanctis
3414 4048 3543 4113 suis,

1966 4152 2058 4221 qui
2087 4165 2209 4205 eum
2241 4150 2291 4202 in
2318 4146 2642 4217 pauperibus
2682 4144 2927 4213 diligunt,
2970 4143 3111 4197 Deus
3138 4140 3409 4210 indulget;
3440 4155 3546 4195 non

1967 4244 2039 4297 ita
2070 4240 2304 4295 avaritia:
2332 4238 2473 4291 malo
2502 4235 2847 4290 inhiantibus.
2880 4233 3025 4288 Noli:
3056 4242 3077 4271 τ
3098 4233 3150 4287 in
3180 4231 3295 4287 tnde
3318 4230 3548 4286 basilica:

1968 4334 2024 4388 S.
2070 4331 2261 4386 Felicis
2298 4328 2394 4382 451
2431 4337 2451 4361 ³
2483 4327 2690 4381 decimo
2736 4323 2991 4378 kalendas
3016 4321 3139 4377 Julii
3182 4322 3417 4391 glorioso
3446 4320 3549 4374 tino

1969 4423 2250 4479 defunctus
2277 4427 2377 4473 est.
2410 4417 2489 4471 Ad
2516 4416 2656 4470 hanc
2679 4414 2819 4469 diem
2844 4414 2897 4467 in
2924 4412 3171 4467 omnibus
3198 4412 3213 4447 ί
3241 4410 3550 4481 Martyrolo-

293 4515 466 4569 omnia
496 4514 843 4584 apostolicus,
874 4512 1125 4567 ECCICriiB
1165 4512 1448 4567 Gallicana:
1475 4512 1679 4566 illustre
1708 4510 1869 4565 decus
1901 4515 1945 4572 ι)
1972 4512 2071 4581 giis
2098 4510 2408 4577 consignata
2450 4515 2533 4561 est
2558 4505 2674 4574 ejus
2702 4504 2981 4570 memoria,
3025 4509 3081 4555 et
3120 4502 3261 4555 illius
3287 4500 3551 4561 festivita-

293 4613 343 4661 et
371 4616 765 4661 ornamentum.
793 4605 991 4659 Deinde
1019 4605 1191 4659 visum
1221 4615 1303 4659 est
1328 4602 1472 4673 quod
1500 4601 1774 4666 Paulinus,
1801 4601 1867 4654 li-

295 4705 375 4755 cet
396 4705 556 4751 artate
576 4697 897 4765 provectior,
915 4711 1021 4750 non
1038 4696 1213 4750 minus
1235 4694 1286 4748 iu
1312 4710 1575 4764 pauperes
1600 4693 1870 4749 beneﬁcus

295 4796 433 4843 esset
451 4798 507 4843 et
533 4788 787 4844 liberalis.
817 4788 861 4841 Α
891 4788 1203 4858 presbytero
1232 4788 1372 4842 enim
1404 4785 1428 4823 ¹ι
1464 4786 1867 4849 Posthumiano,

296 4879 381 4947 qui
409 4878 549 4933 forte
578 4880 691 4950 ipse
716 4887 794 4935 est
836 4876 1266 4943 Posthumianus,
1297 4877 1448 4945 cujus
1475 4877 1641 4932 semel
1683 4885 1739 4931 et
1765 4876 1868 4931 ite-

300 4986 409 5025 rum
437 4970 803 5037 meminimus,
844 4970 1203 5025 commonitus
1231 4968 1374 5037 quod
1416 4984 1514 5037 pro
1537 4966 1871 5022 vestimentis

299 5076 410 5128 qua:
444 5062 765 5133 pauperibus
809 5070 1027 5130 erogata
1074 5059 1285 5116 fuerant
1324 5060 1673 5130 quadraginta
1717 5060 1872 5116 solidi

301 5153 609 5209 deberentur
628 5197 642 5222 ,
667 5154 855 5208 leviter
881 5152 1162 5210 subridens
1186 5154 1265 5209 ait
1291 5152 1357 5206 ad
1389 5151 1824 5206 Posthumianum
1852 5169 1865 5205 :

303 5240 513 5297 Securus
540 5255 667 5308 esto,
694 5246 794 5314 ﬁli,
824 5244 973 5297 crede
1000 5243 1126 5297 mihi
1152 5244 1271 5315 quia
1296 5260 1399 5297 nou
1426 5242 1586 5297 deerit
1612 5243 1697 5313 qui
1725 5240 1870 5296 debi-

365 5450 388 5477 ⁸
432 5439 597 5495 Uran.
638 5439 704 5494 de
731 5437 893 5493 Obitu
921 5436 978 5492 S.
1015 5436 1246 5501 Paulin.,
1280 5455 1333 5499 ιι,
1363 5437 1416 5491 '5.
1494 5436 1519 5475 ιι
1548 5436 1701 5499 Ιὶιί.1.,
1734 5450 1788 5489 ιι.
1820 5435 1866 5489 1.

306 5590 337 5615 ³³
363 5580 491 5635 Ibid.
566 5588 592 5616 ι’
622 5579 756 5634 Ibid.

306 5666 353 5705 tt.
383 5650 462 5702 1‘2.
547 5652 561 5686 ί
597 5647 793 5703 Baron.
830 5647 1102 5715 Martyrol.
1134 5646 1205 5702 9.2
1242 5645 1364 5701 Jun.
1443 5656 1466 5681 υ
1502 5644 1691 5712 Eram,
1724 5661 1777 5701 ll.
1812 5644 1863 5698 -i.

1945 5444 1966 5472 ε
1991 5430 2167 5487 Chilll.
2191 5447 2243 5500 p.
2272 5428 2392 5482 192.
2467 5427 2671 5500 ‘j_1bid.,

307 5510 477 5589 illud:
555 5508 762 5589 μιριμ..
1053 5506 1067 5544 ί
1098 5500 1264 5589 εἶχε-ς..
1291 5507 1492 5589 Turoni.
1524 5504 1763 5589 deiq‘lor.

1958 5502 2088 5589 essu,
2121 5518 2185 5589 ελ
2198 5500 2335 5589 ¹107ἶ

840 5577 1016 5632 ο.ιι›ί‹ι.
1096 5588 1121 5626 ι’
1142 5565 1299 5641 Ibid,
1329 5594 1383 5631 ιι.
1420 5576 1503 5629 10.
1582 5588 1607 5625 ιι
1636 5574 1796 5642 Grcg.
1824 5572 2025 5627 Turon.
2052 5572 2120 5642 de
2147 5570 2297 5624 Glor.
2325 5568 2588 5642 Confess,
2608 5567 2798 5642 c.197.
2876 5565 3097 5628 fllran"
3124 5584 3177 5621 ιι.
3214 5566 3259 5617 1.

1943 5654 1966 5679 ν
1996 5641 2124 5701 Ibid.
2159 5656 2212 5699 ιι.
2247 5641 2300 5696 ὃ.

1971 4611 2075 4657 tem
2108 4602 2221 4671 ipsa
2251 4599 2337 4654 die
2375 4598 2615 4653 celebrat
2642 4594 2897 4649 Ecclesia.
2930 4593 2985 4647 In
3014 4592 3131 4662 ejus
3175 4593 3325 4647 obitu
3350 4601 3375 4628 ιι
3409 4598 3552 4645 totus

1969 4708 2109 4764 pene
2136 4691 2283 4745 orbis
2309 4688 2585 4757 ingemuit,
2617 4685 2813 4739 ﬂevere
2840 4683 3025 4739 fideles
3045 4692 3099 4737 et
3124 4682 3381 4737 infideles.
3400 4691 3426 4718 ν
3450 4680 3553 4736 De-

1970 4785 2131 4853 nique
2161 4798 2268 4837 non
2296 4782 2467 4836 solum
2498 4777 2807 4842 Christiani,
2839 4775 2933 4832 sed
2979 4785 3033 4829 et
3059 4773 3224 4830 Judaei
3256 4783 3417 4844 atque
3458 4787 3553 4842 pa-

1970 4874 2093 4944 gani
2125 4872 2325 4941 ingenti
2355 4869 2500 4933 lletu,
2532 4868 2710 4924 scissis
2739 4866 3002 4929 vestibus,
3034 4864 3100 4919 ad
3128 4865 3243 4933 ejus
3270 4861 3554 4932 exsequias

1970 4967 2358 5026 convenerant,
2384 4970 2439 5017 et
2461 4968 2701 5030 ereptum
2730 4958 2828 5013 sibi
2858 4966 3163 5027 patronum,
3191 4954 3550 5015 delensorem,

1970 5068 2227 5121 tutorem,
2253 5070 2354 5109 una
2384 5068 2573 5107 omnes
2597 5066 2728 5105 voce
2756 5050 3096 5119 planxerunt.
3117 5046 3176 5101 In
3203 5055 3228 5082 ι
3250 5045 3466 5101 basilica
3492 5041 3549 5097 S.

1972 5147 2164 5202 Felicis
2203 5144 2441 5214 sepultus
2469 5151 2571 5209 est,
2616 5141 2701 5195 cui
2734 5140 2823 5194 Dei
2852 5138 3048 5208 gratias
3074 5144 3130 5191 et
3156 5135 3295 5191 dona
3335 5140 3553 5201 accepta

1973 5248 2031 5294 ut
2060 5235 2341 5293 inediatori
2370 5249 2431 5289 ac
2470 5242 2699 5303 patrono
2740 5246 2952 5301 semper
2994 5228 3289 5296 retulerat,
3319 5234 3376 5281 et
3402 5223 3554 5293 cujus

2697 5444 2753 5498 p.
2780 5426 2899 5498 195.
2935 5496 2950 5498 _
2978 5437 2999 5463 ο
3028 5425 3325 5498 Uran._n._1_.
3385 5423 3553 5498 fIbid.

3146 5494 3347 5561 lIbid.,
3392 5510 3446 5547 ιι.
3495 5492 3554 5549 3.

3341 5573 3360 5599 ε
3396 5562 3552 5632 lbid.,

2418 5500 2431 5549 t
2473 5496 2635 5552 Uran.
2669 5496 2723 5551 η’.
2749 5498 2801 5551 2.
2881 5496 2902 5534 ¹ί
2932 5496 3063 5550 Ibid.

2380 5650 2404 5677 ι
2434 5638 2588 5703 Ibid.,
2620 5654 2676 5691 ιι.
2710 5638 2759 5691 1.
