4066 6192
486 313 585 371 125

1490 306 1544 364 S.
1585 304 1924 361 PAULINUS
1962 298 2276 360 NOLANUS
2312 297 2702 357 EPISCOPUS.

3626 304 3726 359 121

482 434 663 489 laudes
696 439 841 488 tanta
870 432 1049 487 laetitia
1077 438 1133 487 et
1162 426 1553 499 rnagnilicentia
1594 424 1885 486 celebravit
1920 422 2052 477 seri-

2166 422 2456 469 mentorum
2483 413 2683 483 inopia,
2714 419 2771 467 ut
2796 412 2952 481 hujus
2978 412 3220 468 ecclesia:
3260 412 3415 468 dicta:
3439 410 3497 468 S.
3527 411 3727 471 Iohan-

480 525 587 594 ptis
614 524 744 578 suis.

1071 608 1297 663 CAPUT
1336 608 1466 662 LIV.

481 705 524 757 Α
558 704 924 788 ρωυιϋωᾸωω
954 704 1052 788 nitu
1092 703 1273 780 functo.
1293 698 1361 751 ad
1401 700 1567 788 caelos0
1580 691 2051 788 et'ofatrtr_S.‘._l‘o—

551 774 744 827 hannes
776 761 1149 842 Neapolitanits
1194 770 1480 842 episcopus,
1528 766 1589 820 S.
1636 764 1846 818 Paulini
1890 761 2055 817 obitus

555 844 819 897 historiam
847 839 1023 895 scribit
1047 839 1292 893 Uranius.

555 955 605 1008 1.
638 953 739 1019 Qui
765 952 831 1006 de
875 950 1080 1004 Paulini
1119 950 1264 1003 obitu
1302 947 1514 1016 scripsit
1543 945 1792 1012 Uranius,
1822 954 1847 982 ι
1878 952 2058 1005 narrat

484 1047 871 1118 apparitionem
900 1061 1017 1115 qua:
1047 1060 1186 1097 anno
1211 1041 1407 1097 Christi
1430 1039 1535 1092 452
1557 1047 1679 1109 post.
1706 1037 1911 1092 Paulini
1940 1037 2059 1091 obi-.

484 1145 597 1192 tum
658 1135 902 1205 proximo
957 1133 1244 1200 contigisse
1292 1131 1545 1186 creditur.
1597 1128 1747 1183 Tunc
1803 1127 2059 1196 temporis

486 1230 511 1266 ιι
541 1236 767 1298 praeerat
810 1226 1055 1282 Ecclesia:
1102 1224 1464 1293 Neapolitana:
1511 1222 1794 1291 episcopus
1843 1220 2059 1274 nomine

480 1316 775 1383 Iohannes,
803 1316 895 1385 qui
923 1316 989 1369 de
1019 1323 1176 1369 nocte
1204 1314 1269 1367 ad
1297 1313 1533 1382 quintam
1577 1312 1764 1365 feriam
1795 1311 1846 1366 in
1871 1309 2059 1378 majori

481 1406 813 1462 hebdomada
862 1421 1051 1462 somno
1105 1405 1311 1473 sopitus
1355 1404 1485 1457 vidit
1537 1400 1594 1456 S.
1644 1401 1953 1470 Paulinum,
2004 1411 2060 1456 ut

483 1498 598 1567 ipse
623 1496 893 1551 Iohannes
922 1496 1122 1562 retulit,
1148 1496 1389 1564 angelica
1417 1494 1671 1561 dignitate
1700 1493 1955 1548 vestitum
1982 1500 2062 1545 at-

484 1603 589 1656 que
614 1594 889 1651 ornatum,
920 1587 1098 1639 favum
1141 1586 1311 1639 mellis
1340 1584 1773 1639 candidissimum
1817 1584 1871 1636 in
1901 1597 2059 1635 manu

485 1685 786 1742 tenentem,
820 1692 881 1731 ac
911 1676 1174 1731 dicentem
1224 1676 1324 1730 sibi
1352 1694 1363 1727 :
1393 1675 1583 1729 Frater
1608 1674 1909 1739 Iohannes,
1941 1674 2062 1745 quid

2157 507 2259 569 nis,
2280 505 2482 560 sortita:
2523 504 2628 559 sint
2656 519 2849 559 nomen
2876 504 2933 558 S.
2964 504 3223 560 Iohannis
3249 505 3501 574 Baptista:
3532 524 3544 559 :
3576 508 3730 577 cujus

2153 596 2367 666 quidem
2395 596 2474 651 rei
2516 602 2571 650 et
2611 596 2730 650 aliis
2758 596 2811 649 in
2840 596 2973 651 locis
3000 596 3105 649 alia
3133 596 3434 650 invenimus
3460 599 3727 668 exempla.

2154 686 2377 741 Constat
2416 701 2536 739 eum
2564 685 2771 741 sabbati
2800 686 2970 745 sancti
3014 685 3119 751 die,
3158 683 3175 722 ί
3203 685 3295 754 qui
3318 701 3461 741 anno
3483 685 3589 739 452
3614 699 3731 743 erat

2154 776 2417 839 secundus
2446 776 2671 846 Aprilis,
2720 792 2788 830 ex
2833 777 2933 830 hac
2976 776 3083 830 vita
3112 777 3399 842 migrasse;
3429 793 3523 832 cur
3558 789 3728 834 intem

2157 865 2209 918 in
2238 864 2382 918 diem
2422 865 2728 933 vigesimam
2760 864 3049 919 secundam
3081 865 3279 919 mensis
3325 865 3467 920 Junii
3509 866 3731 923 P.ulino

2156 970 2360 1017 sacram
2389 956 2680 1009 translatus
2716 954 2786 1010 sit
2830 954 3022 1009 natalis
3051 952 3185 1023 ejus,
3228 955 3477 1023 ignorare
3500 972 3559 1012 se
3596 957 3733 1013 fate-

2160 1058 2244 1102 tur
2273 1058 2298 1094 ις
2329 1048 2609 1102 Baronius.

2228 1138 2279 1192 2.
2320 1140 2376 1194 S.
2410 1138 2617 1197 Paulini
2646 1137 2670 1175 ιι
2697 1138 2935 1209 episcopi
2979 1136 3173 1195 Nolani
3212 1153 3407 1207 corpus
3455 1139 3640 1200 Romae
3681 1140 3735 1197 in

2159 1231 2382 1287 ecclesia
2404 1230 2460 1284 S.
2494 1230 2868 1285 Bartholomazi
2898 1246 3037 1284 nunc
3065 1230 3328 1284 asservari
3357 1230 3573 1285 dicitur.
3609 1231 3734 1286 Sta-

2162 1322 2255 1375 tim
2283 1334 2441 1391 atquc
2463 1331 2706 1376 mortuus
2728 1330 2809 1375 est
2830 1322 2886 1375 S.
2916 1320 3187 1386 Paulinus,
3227 1320 3241 1358 ί
3270 1321 3386 1390 ejus
3418 1323 3580 1377 vitam
3609 1340 3738 1378 ver-

2160 1414 2304 1467 sibus
2332 1414 2596 1467 illustrare
2623 1413 2851 1467 instituit
2874 1412 3102 1467 Pacatus
3131 1432 3143 1467 :
3172 1414 3317 1482 quod
3345 1430 3411 1468 an
3440 1413 3630 1470 fecerit
3651 1417 3736 1469 in-

2161 1511 2367 1558 certum
2392 1511 2493 1568 est,
2515 1504 2691 1558 nullus
2717 1504 2860 1559 enim
2887 1503 3108 1571 hujusce
3128 1504 3307 1573 operis
3328 1506 3601 1571 meminit;
3626 1506 3739 1562 imo

2161 1592 2218 1648 S.
2251 1592 2539 1663 Gregorius
2564 1594 2577 1643 i
2619 1594 2945 1648 Turonensis
2974 1594 3104 1647 nihil
3124 1593 3191 1648 de
3220 1593 3277 1649 S.
3309 1594 3513 1649 Paulini
3541 1597 3648 1651 vita
3678 1613 3739 1654 se

2163 1686 2352 1753 legisse
2377 1686 2524 1740 dicit.
2570 1684 2825 1739 Pacatnm
2868 1700 3020 1751 vero,
3049 1700 3207 1752 quem
3238 1686 3529 1740 nobilitatis
3580 1688 3741 1743 titulo

486 1769 567 1821 hic
596 1767 764 1837 facis?
787 1768 923 1821 solve
964 1767 1162 1820 vincula
1207 1767 1469 1819 (mdiorum
1518 1776 1740 1831 tuorum,
1782 1772 1830 1817 et
1851 1765 1966 1834 jam
1993 1764 2062 1815 ad

2166 1783 2322 1830 ornat
2353 1774 2583 1831 Uranius
2606 1775 2630 1813 ¹ί
2660 1776 2743 1830 vel
2768 1776 2891 1830 huic
2918 1775 3110 1829 laicum
3139 1784 3194 1829 et
3241 1789 3438 1841 genere
3476 1777 3735 1844 nobilem,

484 1873 578 1911 nos
605 1859 755 1911 veni:
779 1858 887 1911 lucc
915 1858 1051 1910 enim
1078 1873 1218 1919 esca,
1259 1873 1412 1925 quam
1450 1858 1505 1909 in
1542 1872 1698 1908 manu
1730 1864 1891 1919 teneo,
1924 1854 2061 1924 apud

482 1966 577 2004 nos
600 1948 845 2002 abundat.
870 1947 993 2002 Ilaac
1014 1964 1134 2002 cum
1159 1948 1403 2011 dixisset,
1431 1946 1727 2001 Iohannem
1747 1948 2062 2016 episcopum

483 2039 795 2107 complexus
822 2046 923 2099 est,
962 2046 1018 2099 et
1047 2038 1265 2093 immisit
1293 2038 1345 2093 in
1371 2053 1431 2091 os
1457 2036 1571 2104 ejus
1614 2045 1819 2106 partem
1866 2035 1969 2090 favi
1996 2037 2061 2090 il-

485 2129 615 2195 lius;
647 2128 798 2197 cujus
844 2128 1175 2182 dulcedinem
1218 2138 1378 2197 atquc
1423 2128 1641 2181 odorem
1688 2127 1960 2180 Iohannes
1990 2127 2062 2179 ita

484 2221 811 2290 concupivit,
839 2228 897 2272 ut
919 2222 961 2273 si
994 2220 1068 2273 illi
1093 2220 1144 2273 in
1175 2220 1286 2288 ipsa
1314 2219 1640 2272 revelatione
1669 2224 1907 2287 potestas
1932 2217 2063 2271 fuis-

484 2319 586 2373 set,
617 2309 676 2364 S.
704 2308 911 2363 Paulini
938 2308 1101 2377 pedes
1129 2324 1262 2377 quos
1289 2307 1506 2362 tenebat
1526 2307 1796 2375 amplexos
1840 2306 2065 2360 nullate-

485 2417 584 2455 nus
612 2400 917 2455 dimisisset.
962 2399 1153 2453 Statim
1183 2413 1213 2451 a
1242 2413 1431 2452 somno
1470 2397 1730 2450 excitatus
1758 2404 1854 2459 est,
1883 2403 1939 2450 et
1975 2410 2065 2449 ea-

488 2491 612 2545 dem
642 2490 746 2557 die,
782 2490 833 2544 id
861 2498 943 2547 est
969 2491 1155 2559 quinta
1194 2489 1344 2554 feria,
1391 2502 1553 2542 sanus
1581 2486 1860 2541 dominica:
1895 2503 2063 2542 etiam:

488 2582 881 2636 solemnitatem
932 2580 1259 2646 celebravit,
1309 2587 1365 2634 et
1421 2578 1573 2647 juxta
1623 2578 2062 2633 consuetudinem

485 2686 637 2725 suam
666 2670 876 2725 clericis
903 2678 958 2724 et
986 2670 1309 2739 pauperibus
1351 2683 1560 2724 cumam
1597 2669 1843 2737 apposuit
1869 2686 1881 2722 :
1914 2677 2063 2723 sexta

484 2777 616 2817 vero
658 2760 785 2816 feria
817 2761 1045 2816 orationi
1077 2762 1303 2815 vacavit.
1349 2759 1586 2815 Sabbato
1627 2768 1805 2814 autem
1833 2759 2065 2815 secunda

487 2852 618 2908 hora
649 2852 772 2917 diei,
816 2853 867 2907 id
912 2862 991 2908 est
1017 2854 1158 2908 circa
1188 2853 1470 2923 septimam
1499 2852 1831 2915 matutinam,
1865 2851 1931 2905 ad
1958 2848 2064 2905 Ec-

2163 1880 2229 1919 ex
2250 1864 2419 1920 Gallia
2445 1864 2825 1928 Christianum,
2854 1873 2908 1919 et
2936 1866 3216 1934 probatum
3261 1865 3352 1918 illo
3379 1881 3495 1920 aevo
3519 1875 3736 1934 poetam

2162 1953 2325 2010 fuisse
2352 1955 2532 2023 colligi
2555 1963 2751 2025 potest,
2776 1953 2868 2023 qui
2895 1954 3156 2021 originem
3187 1954 3337 2007 duxit
3364 1970 3394 2007 a
3425 1954 3613 2009 Latino
3635 1954 3738 2009 Pa-

2163 2054 2283 2102 cato
2311 2046 2458 2101 claro
2508 2060 2636 2099 sane
2675 2053 2909 2108 oratore,
2949 2043 3038 2111 qui
3069 2042 3373 2097 Theodosio
3428 2043 3745 2113 imperatori

2164 2152 2306 2191 anno
2338 2135 2439 2189 589
2467 2130 2649 2193 Roma:
2678 2134 3055 2203 panegyricum
3104 2132 3239 2187 dixit
3268 2141 3387 2202 post
3414 2132 3629 2188 Maximi
3658 2142 3740 2205 ty-

2165 2226 2318 2279 ranni
2370 2224 2666 2278 interitum.
2709 2221 2783 2275 De
2827 2223 2916 2276 illo
2947 2237 3108 2276 unum
3139 2230 3285 2278 certo
3313 2222 3527 2287 scimus,
3564 2220 3583 2259 ι
3616 2237 3741 2278 eum

2164 2316 2369 2371 scilicet
2420 2328 2639 2381 rogasse
2667 2315 2775 2383 98
2817 2312 3070 2371 Uranium
3118 2312 3489 2383 presbyterum
3539 2320 3598 2367 ut
3638 2313 3740 2367 sibi

2165 2403 2391 2460 ﬁdeliter
2418 2403 2474 2459 S.
2508 2402 2714 2457 Paulini
2741 2404 2943 2457 obitum
2974 2401 3218 2467 referret,
3236 2413 3271 2438 ω
3294 2403 3379 2456 cui
3406 2401 3740 2471 interfuerat,

2164 2505 2224 2550 ut
2251 2512 2320 2551 ex
2346 2495 2697 2565 Sequentibus
2750 2501 2919 2562 patet,
2970 2493 3205 2547 Vidimus
3247 2492 3499 2564 quomodo
3548 2492 3744 2547 tollitur

2158 2590 2349 2659 justus,
2400 2598 2521 2653 etc.,
2556 2596 2581 2623 υ
2613 2603 2789 2641 omnes
2826 2603 2930 2640 una
2974 2586 3237 2643 nobiscum
3265 2602 3383 2639 voce
3410 2586 3743 2656 planxerunt.

2167 2677 2313 2733 lIanc
2342 2678 2504 2747 igitur
2527 2677 2889 2730 narrationem
2912 2676 3213 2745 composuit
3243 2674 3494 2739 Uranius,
3517 2690 3744 2744 eamque

2166 2768 2359 2824 Pacato
2382 2768 2666 2837 inscripsit,
2690 2782 2848 2836 quem
2871 2774 2897 2803 °
2928 2766 3201 2820 dominum
3218 2766 3499 2832 illustrem,
3517 2766 3568 2818 in
3592 2763 3745 2819 Chri-

2164 2869 2248 2917 sto
2268 2861 2645 2926 venerabilem,
2672 2867 2763 2915 etr
2789 2860 2959 2915 lilium.
2974 2858 3310 2913 carissimum
3333 2858 3583 2926 appellat.
3605 2850 3739 2909 Eum

484 2943 701 2998 elesiam
728 2943 877 2997 laetus
906 2943 1186 3011 processit,
1217 2950 1273 2996 et
1298 2957 1520 2997 ascenso
1549 2940 1798 2996 tribunali
1820 2956 1885 2996 ex
1915 2956 2070 2996 more
2167 2953 2485 3021 aqhormmr
2514 2962 2540 3001 (ι
2571 2959 2628 3005 ιιι
2656 2950 2893 3020 ριηωοιπί
2922 2948 3099 3019 operis
3136 2964 3331 3002 munus
3377 2946 3656 3011 acceleret,
3688 2954 3746 3000 ut

482 3037 738 3107 populum
767 3036 1034 3100 salutavit,
1066 3052 1250 3106 pacem
1280 3038 1358 3093 eis
1384 3037 1772 3106 praenuntians;
1805 3038 2063 3092 resaluta-

2166 3045 2289 3114 quia
2312 3044 2563 3112 navigare
2592 3040 2927 3110 disponebat,
2960 3038 3118 3107 hujus
3140 3039 3317 3108 operis
3343 3036 3573 3091 lectione
3595 3052 3746 3105 peru-

485 3135 675 3195 ιυεψιθ
697 3142 725 3180 ³
754 3128 970 3196 Populo.
1006 3127 1306 3182 orationem
1334 3128 1496 3193 dedit,
1528 3136 1585 3182 et
1612 3129 1835 3184 collecta
1862 3131 2064 3185 oratio-
2090 3142 2133 3201 (ζ
2167 3136 2247 3190 tili
2276 3133 2543 3190 frueretur
2569 3143 2589 3170 ι’
2618 3141 2907 3201 antequam
2957 3128 3345 3184 transfretaret.
3387 3126 3520 3181 Cum
3564 3140 3747 3178 narra-

485 3231 552 3269 ne
580 3217 825 3284 spiritum
871 3216 1159 3269 exhalavit.
1202 3216 1313 3269 Hac
1361 3226 1538 3272 tamen
1585 3218 1673 3273 die
1716 3226 1771 3272 et
1816 3220 2060 3286 sequenti

485 3313 646 3359 nocte
688 3305 849 3359 solito
898 3320 1047 3359 more
1088 3314 1361 3373 peractum
1406 3315 1490 3361 est
1527 3306 1761 3362 divinum
1807 3307 2059 3365 oﬂicium.

486 3395 711 3450 Postera
741 3403 938 3460 autem,
978 3395 1257 3450 dominica:
1288 3396 1710 3452 Resurrectionis
1734 3398 1840 3464 die,
1870 3399 2065 3453 illumi-

486 3487 628 3541 natis
666 3487 999 3556 lampadibus
1036 3503 1156 3542 cum
1187 3488 1386 3556 ingenti
1430 3490 1820 3560 neopbytorum
1847 3505 2061 3560 pompa,

486 3587 845 3647 prosequente
887 3578 1048 3633 etiam
1090 3578 1427 3633 multitudine
1451 3580 1773 3649 populorum
1802 3597 1972 3651 usque
2000 3581 2065 3636 ad

486 3667 821 3737 sepulcrum,
852 3667 1139 3737 gloriosam
1167 3677 1330 3737 atque
1376 3669 1694 3726 laudabilem
1738 3673 2064 3741 sepulturam

487 3757 719 3828 adeptus
759 3766 860 3813 est.
892 3757 1165 3815 Iohannes
1196 3772 1217 3798 ο
1250 3760 1340 3815 ille
1379 3761 1519 3816 inter
1544 3762 1926 3832 Neapolitanos
1954 3765 2067 3834 epi-

485 3865 682 3921 scopos
726 3850 963 3907 decimus
1006 3862 1226 3923 quartus
1264 3854 1467 3909 sedisse
1508 3854 1691 3909 fertur.
1725 3852 1799 3911 De
1827 3872 1893 3912 eo
1938 3858 2068 3911 nihil

486 3939 700 4010 legitur,
733 3942 835 3997 nisi
862 3942 1005 4010 quod
1035 3942 1305 3997 Marciano
1343 3960 1512 4013 prope
1552 3943 1808 4002 Puteolos
1829 3946 1854 3984 ά
1885 3948 2066 4003 subla-

488 4040 603 4086 tum
644 4032 704 4087 S.
747 4032 984 4087 Ianuarii
1025 4050 1220 4103 corpus
1259 4034 1535 4104 Neapolim
1576 4037 1850 4091 transferri
1887 4039 2064 4107 jussit,

487 4122 631 4187 quod
663 4123 714 4176 in
742 4138 809 4177 eo
828 4124 933 4193 97
966 4124 1205 4177 oratorio
1236 4138 1395 4177 manu
1421 4139 1517 4177 sua
1548 4125 1849 4182 condidisse
1877 4126 2063 4194 fertur,

487 4215 541 4269 in
571 4230 679 4285 quo
706 4222 761 4269 et
790 4215 903 4283 ipse
931 4222 1051 4282 post
1080 4222 1309 4269 mortem
1356 4215 1607 4271 humatus
1648 4226 1765 4272 est:
1794 4234 1957 4288 quam
1988 4228 2070 4275 ta-

488 4319 612 4359 men
643 4304 1047 4359 translationem
1091 4305 1441 4360 certissimam
1471 4322 1712 4365 asserere
1739 4326 1845 4365 non
1875 4311 2064 4368 audeo.

490 4395 568 4454 Ex
595 4397 695 4451 hac
708 4395 943 4450 Ecclesia
969 4396 1020 4450 in
1040 4396 1198 4451 aliam
1223 4398 1443 4467 hujusce
1468 4401 1637 4455 sancti
1657 4417 1849 4473 corpus
1876 4404 2068 4459 iterum

2170 3227 2369 3281 tionem
2398 3240 2547 3280 suam
2575 3222 2815 3277 ordiatur
2838 3220 3064 3275 Uranius
3092 3220 3157 3273 ab
3188 3218 3496 3273 accessione
3522 3215 3745 3269 duorum

2167 3319 2542 3388 episcoporum
2569 3314 2659 3383 qui
2680 3312 2744 3366 ad
2772 3311 3053 3366 Paulinum
3080 3308 3402 3363 visitandum
3426 3306 3601 3360 triduo
3623 3312 3748 3358 ante

2169 3409 2310 3463 illius
2337 3406 2544 3461 obitum
2563 3418 2887 3467 convenere,
2915 3418 2983 3456 ex
3007 3399 3258 3455 utriusvis
3286 3398 3453 3460 clero,
3507 3410 3613 3449 non
3644 3392 3750 3447 No-

2167 3500 2304 3552 lanze
2349 3495 2603 3556 Ecclesia:
2644 3492 2807 3547 fuisse
2850 3490 3079 3545 videtur.
3136 3487 3363 3555 Quidam
3410 3492 3431 3521 ⁵
3472 3488 3754 3538 autumant

2167 3588 2413 3645 eumdem
2444 3586 2609 3656 ipsius
2630 3599 2749 3638 esse
2780 3581 3033 3636 Uranium
3078 3595 3109 3633 a
3152 3593 3260 3647 quo
3289 3592 3348 3631 se
3403 3583 3516 3630 tota
3562 3579 3752 3627 mstate

2168 3680 2310 3736 circa
2332 3691 2529 3731 annum
2555 3674 2658 3728 400
2686 3672 2929 3742 Delphini
2955 3671 3165 3724 litteras
3185 3668 3381 3723 frustra
3407 3671 3755 3733 exspectasse

2170 3775 2396 3824 testatur
2449 3765 2702 3819 Paulinus
2734 3765 2752 3798 ί
2788 3761 3014 3831 epistola
3064 3759 3272 3815 decima
3317 3771 3480 3823 nona,
3527 3769 3592 3808 ex
3641 3768 3762 3821 quo.

2171 3869 2414 3928 tempore
2434 3856 2571 3911 forte
2590 3854 2922 3926 probabilem
2953 3868 3011 3907 se
3031 3850 3273 3906 exhibuit
3291 3855 3476 3903 sancto
3501 3846 3617 3899 viro
3638 3844 3750 3912 qui,

2169 3961 2391 4024 propter
2443 3951 2661 4006 dilatam
2706 3948 3010 4018 epistolam,
3062 3945 3129 4000 de
3178 3960 3245 4000 eo
3282 3943 3349 3997 ad
3380 3940 3699 4011 Delphinum
3728 3949 3755 3975 ιι

2171 4058 2361 4111 δεῖται-ξι
2393 4041 2553 4095 verba
2583 4040 2799 4094 fecerat.
2832 4037 3100 4105 Scriptum
3133 4034 3272 4088 illius
3301 4049 3328 4085 a
3360 4031 3548 4102 priscis
3577 4028 3755 4082 Patri-

2172 4134 2274 4188 bus
2316 4132 2415 4185 fuit
2440 4129 2790 4192 celebratum,
2823 4126 2973 4195 cujus
3001 4125 3353 4193 fragmentum
3378 4132 3400 4157 ν
3431 4119 3593 4176 refert
3621 4117 3759 4173 Gre-

2170 4224 2353 4293 gorius
2381 4221 2452 4276 M.
2477 4239 2492 4287 ;
2524 4230 2579 4275 et
2603 4220 2670 4275 de
2697 4219 2902 4274 Paulini
2927 4217 3155 4271 transitu
3203 4228 3448 4283 magnam
3476 4226 3643 4281 penes
3697 4224 3761 4264 se

2173 4314 2462 4371 lectionem
2501 4310 2748 4366 habuisse
2789 4308 2989 4364 indicat
3027 4303 3319 4373 Gregorius
3348 4312 3373 4339 ι
3405 4299 3757 4362 Turonensis,

2176 4406 2231 4460 in
2261 4420 2365 4475 qua
2394 4412 2462 4458 de
2487 4409 2794 4457 sanctorum
2822 4397 3060 4453 Ianuarii
3089 4404 3144 4451 et
3181 4393 3393 4449 Martini
3422 4390 3764 4461 apparitione

487 4484 801 4540 translatum
822 4483 984 4541 fuisse
1007 4486 1221 4541 dicitur.
1246 4487 1505 4545 Baronius
1531 4499 1553 4526 ο
1576 4491 1827 4546 observat
1846 4493 2069 4563 Neapoli
2103 4498 2148 4556 Ι)
2175 4495 2233 4551 fit
2261 4495 2492 4559 mentio;
2523 4493 2754 4549 Isidorus
2782 4501 2810 4541 γ
2840 4504 2968 4545 vero
2995 4488 3061 4543 de
3086 4487 3143 4542 S.
3179 4486 3381 4541 Paulini
3411 4484 3557 4538 obitu
3586 4482 3767 4535 histo-s

486 4573 668 4644 plures
691 4573 942 4628 ecclesias
962 4573 1018 4629 S.
1045 4574 1303 4630 Iohannis
1325 4578 1542 4632 nomine
1563 4578 1673 4632 Deo
1693 4579 1896 4636 dicatas
1916 4597 2066 4638 esse:

493 4665 637 4734 quod
665 4675 845 4722 autem
873 4667 1062 4721 harum
1094 4668 1237 4722 nulla
1266 4667 1527 4725 Iohannis
1551 4671 1809 4742 episcopi,
1838 4673 1932 4729 sed
1952 4689 2069 4729 om-

490 4768 586 4808 nes
631 4754 689 4809 S.
730 4755 989 4811 Iohannis
1027 4756 1281 4825 Baptista:
1326 4760 1543 4815 nomine
1576 4770 1969 4831 nuncupentur,
2018 4762 2072 4816 id

491 4842 685 4915 injuria
730 4853 1036 4917 temporum
1083 4846 1280 4901 factum
1326 4858 1480 4919 putat
1520 4858 1576 4905 et
1612 4862 1853 4907 veterum
1899 4853 2075 4908 moni-

569 5007 595 5035 ι
623 4995 788 5055 Uran.
814 5016 868 5054 n.
896 4999 982 5065 11,
1011 5009 1065 5056 et
1093 5000 1270 5055 Chiﬂl.

492 5067 856 5140 Martyrolﬁﬁ
874 5068 995 5140 Iun.

1313 5017 1365 5071 p.
1389 5001 1512 5064 211,
1545 5001 1668 5058 215.
1744 5004 1773 5043 δ
1804 5003 1968 5060 Uran.
2002 5023 2055 5060 n.
2086 5005 2171 5060 11.

1080 5072 1099 5147 ξ
1129 5070 1299 5147 Cbifll.
1326 5087 1382 5147 p.
1413 5071 1537 5125 215.
1616 5084 1640 5122 8
1672 5073 2171 5147 Baronalllarlyrol.
2196 5074 2421 5147 221ιιιι.
2455 5074 2520 5147 __h
2543 5070 2738 5147 Baron.
2807 5073 2933 5147 ibid.

493 5146 517 5203 1
548 5137 708 5213 greg.
740 5138 866 5213 Tur.
921 5139 1195 5213 de__Glor.
1219 5137 1483 5213 Con'fessq
1516 5159 1634 5213 cap.
1687 5143 1808 5198 107.
1886 5144 1910 5183 ιι
1937 5137 2100 5200 [ἴτείη.
2150 5146 2203 5200 in
2242 5146 2328 5199 tit.

2172 4588 2306 4642 riam
2360 4584 2547 4639 Uranii
2586 4588 2995 4639 commemorat.
3027 4579 3102 4634 De
3143 4578 3208 4633 iis
3235 4591 3354 4646 quae
3395 4575 3520 4629 huic
3570 4571 3762 4627 Uranii

2173 4675 2468 4730 narrationi
2498 4681 2589 4728 aut
2611 4672 2873 4741 adjicere,
2892 4679 2983 4724 aut
3009 4668 3265 4731 adimere,
3296 4664 3616 4734 quibusdam
3639 4661 3761 4730 pla-

2173 4767 2304 4831 cuit,
2352 4766 2564 4834 egregie
2613 4763 2851 4834 disputat
2904 4760 3202 4816 Chiﬂletius
3244 4759 3296 4813 in
3361 4756 3582 4810 Paulino
3633 4754 3761 4808 illu-

2177 4862 2369 4909 strato.

2251 5016 2273 5079 ff
2299 5004 2455 5079 _Paul.
2480 5004 2653 5079 Chii“.
2687 5020 2740 5074 p.
2774 5002 2910 5079 1118.-
2969 5001 2993 5038 ἀ
3019 5001 3161 5079 Sall.
3188 4994 3445 5079 Ponzzél.
3515 4996 3777 5079 {Baro}.

3016 5071 3033 5110 ί
3070 5071 3231 5126 Uran.
3289 5072 3340 5124 in
3391 5069 3473 5121 tit.
3507 5076 3562 5120 et
3587 5083 3637 5116 n.
3672 5063 3761 5115 12.

2410 5144 2426 5183 ι
2455 5144 2625 5213 Uran.
2652 5144 2704 5197 in
2745 5143 2961 5213 praefat.
2992 5150 3047 5213 et
3096 5157 3149 5195 η.
3185 5140 3290 5213 12.-
3346 5150 3382 5175 ’τ’
3412 5136 3671 5213 Ibidx‘n:
3707 5133 3765 5186 4.

492 5201 518 5244 υ
548 5201 701 5281 [δῖός.
723 5225 775 5263 n.
806 5208 859 5265 8.
906 5219 963 5281 Af‘
990 5210 1153 5271 Uran.
1186 5212 1237 5265 in
1272 5210 1421 5281 praef.
1471 5201 1525 5261 ’ρ
1554 5201 1709 5281 lbid.,
1742 5231 1793 5268 n.
1819 5215 1873 5268 Δ.
1910 5230 1919 5239 ’
1950 5226 1975 5264 q
2006 5215 2060 5268 1b

2188 5233 2239 5269 n.
2267 5215 2351 5267 12.
2432 5226 2453 5253 ι’
2485 5212 2661 5269 Chilll.
2690 5201 2899 5281 p.192,
2936 5221 2992 5265 et
3012 5211 3207 5281 Baron.
3230 5207 3519 5281 _Maljyrol.
3541 5202 3610 5257 22
3633 5201 3778 5263 Iun”

494 5289 515 5315 ἰ
548 5276 755 5349 Paulin.
778 5294 865 5349 ep.
896 5278 981 5349 19,
1011 5297 1042 5334 n
1093 5281 1145 5334 1.

1226 5274 1516 5354 ‘_Ibid.,_n.
1545 5282 1598 5337 2.
1673 5274 1707 5320 ιί
1727 5282 1887 5354 Greg.
1916 5284 1983 5338 Μ.
2013 5274 2302 5354 υἱιξιξιλιι,
2331 5300 2460 5354 cap.
2486 5283 2586 5354 19.._
2611 5352 2617 5354 Α
2651 5274 2859 5354 'Egeg.
2886 5274 3090 5354 Turoni.
3124 5280 3190 5335 de
3215 5279 3301 5335 Gl.
3327 5274 3610 5341 Cdnl'ess.,
3637 5287 3764 5341 cap.

493 5348 611 5410 107.
690 5358 714 5386 ι
740 5348 864 5407 Isid.
891 5348 1091 5420 llispal.
1126 5350 1217 5407 lib.
1250 5350 1316 5407 de
1345 5349 1605 5422 Scriptor.
1631 5354 1787 5421 eccl.,
1813 5348 1863 5411 οῖ
1890 5354 1943 5411 4.
2022 5364 2048 5403 γ
2074 5351 2250 5411 Cbifll.
2284 5348 2338 5425 p.
2371 5348 2496 5422 1'79,
2528 5352 2651 5419 180,
2677 5351 2778 5406 197
2805 5360 2860 5407 et
2884 5350 3005 5411 200.
