4066 6192
269 235 372 292 125
1642 218 1875 275 PROLEl

1926 216 2169 273 DMENA.
2748 283 2751 286 ν
2921 229 2926 234 ’
3431 214 3532 269 ne

1629 382 2158 466 EPITOME

1326 521 1668 626 VITZE
1736 516 1861 618 S.‘
1915 509 2390 622 PAULIN
2399 520 2477 619 Ι.

329 719 675 793 99—100
700 716 972 779 Paulinus,
1022 712 1115 782 qui
1163 717 1218 765 et
1279 707 1503 763 Pontius
1550 702 1840 772 Meropius.
1872 697 1917 755 A
1946 698 2144 768 scopis,
2193 700 2403 757 clericis
2464 716 2529 756 ac
2591 697 2870 755 monachis
2935 696 3197 754 invisitur.
3238 695 3369 769 Cap.
3434 701 3523 766 26,

258 789 426 883 βδεῖ
453 789 582 875 1,3.
609 809 660 861 ι.
1940 789 2081 883 ιιι.

324 879 411 958 Ex
439 900 775 958 senatoribus
799 905 910 951 tum
938 902 1170 965 paterno
1218 899 1332 947 tum
1367 897 1613 944 materno
1640 901 1838 958 genere
2011 879 2363 935 Sanctissimo
2384 880 2649 951 Capuana;
2679 881 2932 936 Ecclesiae
2974 880 3289 951 presbytero
3329 880 3524 935 Basilio

256 994 537 1051 Romanis.
568 990 727 1053 Ibid.,
755 1005 809 1042 n.
842 986 897 1041 2.
1938 988 2131 1042 magna
2154 976 2203 1028 vi
2226 986 2466 1046 ereptam
2494 975 2711 1037 domum
2742 975 2949 1030 restitui
2973 974 3241 1043 impetrat.
3270 974 3400 1043 Cap.
3435 972 3522 1038 51,

324 1083 487 1137 Patre
516 1080 758 1136 Paulino.
789 1077 948 1144 Ibid.,
992 1092 1046 1131 ιι.
1073 1075 1128 1132 5.

606 1080 758 1135 ιΙίιιο.
789 1077 948 1144 Ibid.,
992 1092 1046 1131 ιι.
1073 1075 1128 1132 5.
1937 1078 1992 1117 ιι.
2025 1063 2050 1115 1
2084 1070 2138 1117 et
2160 1062 2212 1117 2.

321 1172 620 1244 Burdigala:
640 1173 693 1226 in
716 1170 1000 1238 Aquitania
1031 1175 1202 1221 natus.
1223 1161 1584 1219 AnnoChristi
1605 1167 1837 1217 exeunte
2008 1155 2064 1209 In
2096 1156 2305 1210 Paulini
2331 1157 2557 1224 gratiam
2580 1157 2761 1213 scribit
2810 1156 3123 1225 Anastasius
3144 1170 3278 1224 papa
3309 1153 3375 1207 ad
3404 1153 3520 1223 epi-

256 1263 381 1329 555,
414 1272 510 1317 aut
538 1264 756 1316 ineunte
780 1259 904 1313 554.
937 1257 1067 1312 Ibid.
1100 1266 1157 1311 et
1183 1272 1298 1325 cap.
1332 1255 1422 1309 25.
1934 1260 2130 1315 scopos
2157 1245 2480 1315 Campanize.
2506 1247 2661 1300 Anno
2691 1246 2814 1300 598.
2844 1245 2975 1315 Cap.
3007 1245 3097 1309 52,
3125 1261 3179 1299 ιι.
3205 1245 3257 1298 5.

321 1356 409 1409 Ab
435 1354 670 1408 Ausonio
690 1351 973 1407 rhetoricis
994 1357 1049 1403 et
1064 1348 1291 1419 poeticis
1306 1346 1510 1401 artibus
1540 1344 1828 1399 institutus.
2006 1335 2168 1390 Gravi
2218 1344 2273 1390 et
2320 1336 2524 1391 diutino
2573 1337 2762 1391 morbo
2812 1338 3023 1390 laborat
3060 1334 3332 1389 Paulinus.
3367 1330 3521 1386 Anno

256 1446 387 1516 Cap.
418 1444 472 1509 2,
501 1462 553 1498 ιι.
576 1442 629 1496 2.
1440 1501 1455 1510 ‘
1935 1422 2057 1477 599.
2090 1423 2222 1493 Cap.
2255 1423 2342 1477 55.

317 1535 523 1591 Consul
547 1536 802 1589 suffectus
830 1539 931 1597 est,
964 1546 1071 1585 non
1092 1528 1413 1584 ordinarius.
1437 1526 1568 1597 Cap.
1592 1526 1644 1592 5,
1689 1541 1742 1578 ιι.
1775 1524 1825 1577 2.
2006 1516 2052 1569 A
2073 1516 2255 1571 Niceta
2282 1516 2549 1571 Dacorum
2579 1516 2833 1587 episcopo
2859 1523 2914 1570 et
2954 1531 2985 1569 a
3030 1513 3259 1569 Melania
3305 1511 3519 1566 seniore

319 1627 483 1681 Dives
510 1624 687 1679 valde.
719 1624 851 1694 Cap.
878 1622 929 1687 1,
953 1638 1007 1676 ιι.
1038 1620 1091 1675 5.

1933 1608 2195 1664 invisitur.
2222 1608 2375 1663 Anno
2396 1608 2517 1662 402.
2552 1609 2682 1679 Cap.
2710 1608 2798 1673 41,
2826 1625 2878 1661 n.
2911 1607 2936 1659 1
2971 1617 3025 1661 et
3043 1607 3097 1660 2.

316 1718 635 1774 Therasiam
663 1693 810 1787 piam
836 1723 893 1772 et
919 1714 1240 1785 locupletem
1260 1711 1410 1767 duxit
1431 1726 1672 1766 uxorem.
1694 1708 1826 1779 Cap.
2003 1698 2259 1754 Basilicas
2288 1698 2433 1754 Nola:
2460 1698 2703 1753 mdiﬁcat.
2737 1697 2867 1766 Cap.
2900 1695 2970 1747 42
2994 1703 3049 1749 et
3078 1693 3165 1747 45.

255 1813 299 1875 5,
332 1828 388 1863 ιι.
422 1809 475 1863 1.
663 1778 681 1787 -
1043 1778 1061 1785 -
1776 1778 1781 1779 ν

2003 1791 2137 1846 Item
2168 1791 2365 1846 Fundis
2412 1790 2693 1845 ecclesiam
2725 1787 2964 1844 construi
3009 1786 3182 1854 jubet.
3215 1783 3371 1836 Anno
3392 1778 3514 1833 405.

314 1899 482 1968 Cujus
511 1896 907 1953 bortationihus
930 1903 1345 1964 sanctorumque
1368 1894 1745 1963 episcoporum
1773 1898 1829 1945 et
1931 1878 2063 1951 Cap.
2090 1880 2177 1934 44.

254 1990 684 2061 presbyterorum
714 1984 1001 2054 sulIragiis,
1024 1984 1095 2038 ad
1124 1983 1396 2039 Christum
1424 1996 1717 2037 conversus
1746 1989 1828 2033 est
1863 2062 1889 2064 μ
2000 1994 2175 2064 Ipsius
2204 1993 2369 2049 [ηιει.
2396 1993 2640 2047 morm“
2666 1991 2799 2060 cup.
2832 1989 2923 2057 45’
2948 2006 3001 2042 η,
3028 1988 3079 2040 δ,

252 2081 419 2134 tuus
445 2095 588 2134 ³11ηο
618 2078 705 2133 56-
736 2078 894 2131 Anno
922 2083 1150 2130 θιθυοιθ
1172 2072 1293 2128 δδθο
1319 2074 1450 2143 0³9·
1480 2072 1532 2135 4,
1565 2089 1617 2125 η·
1641 2071 1677 2124 9
1695 2079 1749 2125 θι
1768 2070 1822 2135 5;
1861 2062 1900 2117 Β
2002 2062 2257 2138 Paulinus
2305 2082 2453 2137 Nola:
2491 2090 2703 2135 creatur
2733 2081 3034 2148 episc0pus,
3059 2075 3233 2140 {etatis
3254 2087 3395 2127 anno
3424 2068 3510 2123 56.

252 2178 302 2224 et
322 2184 445 2237 cap.
476 2167 529 2233 5,
561 2184 618 2221 ιι.
648 2166 701 2221 2.

1928 2176 2084 2231 Anno
2110 2182 2345 2230 exeunte
2373 2172 2496 2227 408.
2526 2172 2655 2241 Cap.
2680 2170 2769 2236 50,
2801 2188 2853 2223 ιι.
2884 2170 2930 2222 1.

315 2260 358 2321 Α
381 2258 644 2329 Delphino
669 2255 1051 2325 Burdesalensi
1070 2254 1329 2326 episcopo
1350 2254 1671 2323 baptizatus-
1689 2250 1821 2322 Cap-
1996 2266 2129 2322 Nola
2154 2280 2184 2319 a
2208 2265 2399 2319 Gothis
2423 2271 2603 2333 capta,
2626 2260 2757 2315 nihil
2785 2260 2909 2313 mali
2936 2257 3160 2311 Paulino
3184 2255 3386 2308 illatum
3407 2256 3508 2305 est.

251 2350 299 2411 5,
328 2367 382 2404 ιι.
414 2349 468 2404 2.

1925 2358 2082 2413 Anno
2111 2357 2236 2410 410.
2260 2354 2391 2426 Cap.
2426 2353 2515 2422 51,
2547 2371 2599 2408 ιι.
2624 2353 2675 2406 2.

312 2442 365 2496 In
400 2440 709 2510 Hispaniam
730 2454 850 2494 cum
875 2436 1108 2507 piissima
1124 2435 1352 2505 conjuge
1374 2433 1628 2489 Therasia
1649 2446 1826 2489 seces-

1995 2448 2148 2519 Apud
2177 2464 2297 2503 eum
2310 2463 2369 2502 se
2396 2442 2880 2515 recipiuntPaulini
2903 2442 3031 2507 duo,
3051 2454 3188 2495 unus
3202 2437 3504 2507 presbyter,

248 2535 329 2588 sit.
358 2532 576 2587 Incerto
606 2546 769 2595 anno,
801 2538 949 2584 certe
968 2536 1093 2582 ante
1113 2527 1235 2580 590.
1267 2526 1422 2590 Ibid.,
1446 2542 1500 2581 ιι.
1535 2524 1588 2580 1.
1925 2540 2063 2595 alter
2089 2539 2275 2593 laicus,
2300 2536 2455 2601 Ibid.,
2487 2554 2542 2591 η.
2567 2535 2619 2589 4,

314 2622 391 2677 Ῑυί
419 2628 656 2691 quam"
680 2618 980 2692 οοιηΡῘείοδ
1025 2632 1195 2671 annos
1218 2623 1583 2671 commoratus
1637 2629 1706 2669 ει
1760 2628 1823 2668 ea
1997 2631 2075 2685 Ad
2097 2629 2370 2701 Synodum
2394 2627 2703 2683 Ravennam
2726 2625 2792 2682 ab
2814 2626 3137 2696 imperatore
3160 2619 3429 2683 invitatur,
3450 2623 3507 2673 ut

245 2712 477 2781 ευδοθρίῑ
506 2710 672 2764 mium
699 2710 790 2777 (ἰαί
820 2708 921 2763 50b
966 2718 1213 2763 “Clavum
1252 2707 1319 2760 ab
1372 2713 1497 2759 0"“
1537 2704 1680 2759 diem
1730 2703 1823 2758 de‘
1925 2722 2184 2777 Romana:
2230 2718 2485 2776 Ecclesia:
2539 2720 2769 2775 scbisma
2820 2722 3127 2785 componat.
3188 2715 3342 2766 Anno
3380 2708 3504 2763 419.

246 2803 455 2858 functus
501 2800 773 2870 Compluti
818 2799 1060 2869 sepultus
1111 2804 1212 2853 est.
1246 2795 1489 2850 Exennte
1531 2793 1654 2849 589.
1686 2792 1817 2863 Cap.
1922 2812 2054 2882 Cap.
2083 2811 2174 2879 59’
2206 2828 2261 2866 η,
2287 2811 2339 2865 ί,

246 2894 295 2963 6,
325 2911 378 2948 ιι.
404 2894 459 2948 5.
1442 2930 1447 2933 ν
1992 2903 2321 2958 Gravissima
2351 2902 2579 2956 laterum
2603 2899 2791 2955 dolore
2811 2905 3092 2965 correptus
3114 2911 3143 2948 a
3165 2894 3370 2948 duobus
3390 2891 3506 2960 epi-

310 2984 568 3039 Paulinus
594 2998 656 3039 se
684 2982 796 3037 Deo
819 2981 963 3036 dicat
989 2988 1044 3036 et
1062 2987 1360 3045 consecrat,
1373 2992 1437 3033 ac
1467 2975 1819 3032 monasticam

1920 2995 2099 3064 scopis
2120 2994 2364 3047 invisitur
2392 2992 2571 3046 triduo
2596 2998 2721 3045 ante
2741 2989 2965 3044 obitum.
2994 2986 3148 3040 Anno
3168 2983 3293 3047 451,
3317 2996 3502 3036 mense

245 3074 402 3127 vitam
434 3071 797 3143 amplectitur.
825 3068 971 3140 Cap.
995 3070 1047 3138 7,
1074 3085 1127 3123 ιι.
1157 3068 1213 3123 2.

880 3070 1047 3140 39-17»
1074 3085 1127 3123 ηδ
1157 3068 1213 3123 2-
1921 3085 2044 3139 Jun.
2071 3084 2202 3153 Cap.
2236 3081 2321 3148 55,
2349 3098 2403 3138 ιι.
2435 3081 2486 3136 1.

308 3162 517 3217 Ρτωάίὲ
565 3162 767 3228 "md",
815 3168 870 3215 εί
916 3160 1195 3230 Pecuniam
1236 3158 1561 3229 Pauperibus
1612 3165 1814 3226 ετοεθιι
1993 3174 2126 3230 Cum
2151 3173 2344 3243 quibus
2371 3178 2497 3227 ante
2541 3169 2799 3226 lectulum
2828 3183 2983 3222 suum
3009 3163 3169 3220 oiI’ert‘
3194 3164 3305 3218 Deo
3334 3161 3504 3217 sacri-

244 3254 393 3309 Anno
417 3253 540 3308 592.
562 3253 696 3323 Cap.
722 3253 779 3320 8,
805 3268 859 3306 ιι.
894 3252 917 3304 1
952 3259 1007 3305 et
1034 3250 1087 3305 2.

894 3252 917 3304 1
952 3259 1007 3305 el
1034 3250 1087 3305 2.
1924 3265 2121 3321 ﬁcium.
2152 3263 2307 3328 Ibid.,
2340 3279 2393 3317 ιι.
2420 3262 2470 3316 1.

307 3345 611 3400 Barcinone
660 3344 803 3398 facto
856 3342 1207 3397 multitudinis
1259 3342 1461 3409 impetu
1518 3354 1548 3393 a
1597 3336 1818 3407 Lampia

1992 3356 2073 3409 Ad
2094 3354 2342 3409 Ecclesiae
2366 3352 2798 3407 communionem
2840 3353 3119 3404 revocata
3167 3344 3335 3399 sacris
3387 3359 3502 3415 my-

238 3438 521 3508 presbyter
548 3437 829 3492 ordinatur
849 3436 1047 3489 invitus
1073 3434 1161 3489 die
1193 3433 1461 3489 dominica
1516 3431 1819 3486 Nativitatis
1846 3421 1889 3480 C
1924 3444 2102 3499 ειθτίίε
2123 3451 2385 3498 extorres.
2416 3441 2549 3497 Ibid.

241 3528 459 3595 Christi,
483 3530 661 3584 artatis
687 3545 831 3585 anno
859 3528 947 3583 40.
973 3528 1127 3584 Anno
1150 3536 1382 3584 exeunte
1409 3526 1533 3580 595.
1567 3526 1698 3595 Cap.
1727 3524 1814 3593 15,
1990 3533 2254 3589 Postridie
2282 3548 2404 3588 cum
2451 3531 2562 3586 suis
2589 3531 2911 3585 matutinum
2939 3526 3198 3599 persolvit
3242 3524 3497 3580 ofﬁcium,

238 3636 287 3673 ιι.
319 3619 345 3672 1
378 3626 440 3675 et
461 3618 515 3673 2.
1096 3618 1101 3621 ⁷
1327 3627 1337 3636 ’
1916 3624 2048 3679 Ibid.

303 3708 383 3763 Ex
412 3708 671 3779 Hispania
700 3708 757 3763 in
798 3706 1002 3762 Italiam
1033 3712 1211 3775 venit,
1259 3717 1315 3765 et
1366 3709 1653 3765 Florentia:
1696 3724 1819 3779 per-
1990 3714 2058 3769 Et
2102 3713 2228 3768 data
2271 3726 2403 3781 pace
2422 3708 2671 3764 omnibus
2699 3706 2952 3762 Ecclesia:
2973 3719 3081 3760 suae
3102 3703 3331 3759 clericis.
3363 3700 3493 3755 Ibid.

233 3808 482 3853 amanter
531 3807 786 3869 exceptus
836 3805 918 3854 est
946 3800 1013 3854 ab
1040 3800 1346 3868 Ambrosio,
1376 3800 1466 3869 qui
1496 3800 1642 3855 illum
1672 3800 1817 3855 clero
1985 3804 2140 3860 Circa
2164 3804 2350 3857 horam
2372 3799 2633 3854 decimam
2661 3797 2715 3850 in
2744 3805 2900 3851 nocte
2939 3794 3242 3864 cubiculum
3290 3792 3343 3847 in
3389 3806 3499 3861 quo

232 3902 325 3942 suo
348 3888 658 3942 adscribere
683 3887 873 3955 voluit,
897 3895 955 3942 ut
976 3890 1077 3943 etsi
1100 3888 1323 3943 diversis
1344 3890 1399 3943 in
1419 3889 1550 3945 locis
1575 3889 1812 3959 degeret,
1912 3897 2131 3968 jacebat
2162 3901 2320 3948 terra:
2348 3899 2499 3945 motu
2519 3889 2864 3944 contremuit.
2890 3886 3022 3941 Ibid.
3049 3884 3057 3958 _.

233 3985 407 4034 tamen
444 3978 855 4035 Mediolanensis
885 3979 1132 4035 Ecclesia:
1162 3982 1438 4053 presbyter
1484 3991 1812 4038 censeretur.
1990 3989 2067 4044 Ac
2093 3986 2256 4058 paulo
2284 3992 2410 4053 post
2439 3983 2674 4037 animam
2700 3983 2813 4037 Deo
2843 3980 3091 4046 reddidit,
3137 3977 3311 4034 aetatis
3356 3991 3499 4031 anno

230 4069 381 4123 Anno
412 4067 615 4123 Christi
646 4068 768 4133 594,
800 4079 924 4140 post
948 4069 1173 4127 Pascha.
1206 4071 1336 4143 Cap.
1370 4072 1456 4138 17,
1490 4089 1541 4127 ιι.
1574 4073 1623 4127 1.

1314 4099 1336 4125 ι.
1370 4072 1456 4138 17,
1490 4089 1541 4127 ιι.
1574 4073 1623 4127 ι.
1918 4082 2003 4134 73.
2030 4058 2329 4143 Anno-151,
2359 4073 2569 4129 22Jun.
2598 4073 2755 4137 Ibid.,
2789 4089 2822 4127 ιι
2866 4072 2920 4125 2.

299 4159 441 4216 Hinc
469 4161 699 4215 Romam
729 4176 786 4216 se
814 4161 1056 4228 contulit,
1079 4161 1170 4216 ubi
1190 4162 1317 4217 dum
1338 4162 1634 4218 honoriﬁce
1655 4178 1784 4218 exce
1801 4195 1815 4204 -
1988 4169 2154 4224 Niveo
2182 4166 2416 4223 candore
2434 4165 2612 4221 vultus
2635 4164 2751 4235 ejus
2774 4173 2829 4220 et
2853 4171 3025 4220 totum
3052 4177 3249 4233 corpus
3268 4159 3499 4231 resplcn~

229 4258 348 4318 plus
375 4259 464 4305 est
483 4266 516 4304 a
546 4251 747 4320 populo
770 4258 825 4306 et
842 4252 1157 4321 proceribus
1184 4253 1339 4317 viris,
1357 4253 1532 4310 Siricii
1560 4269 1711 4324 papa:
1762 4262 1817 4308 et
1914 4260 2049 4317 duit.
2076 4258 2210 4313 Ibid.

230 4342 601 4439 quorumdam.
628 4341 897 4439 Romana:
962 4342 1212 4400 Ecclesia:
1274 4346 1598 4402 clericorum
1652 4346 1818 4401 sensit
1988 4349 2185 4419 Pagani
2207 4363 2269 4403 ac
2297 4346 2464 4402 Judaai
2485 4346 2688 4416 ingenti
2718 4343 2845 4401 ﬂetu
2874 4354 2929 4401 et
2947 4345 3129 4401 scissis
3144 4345 3383 4401 vestibus
3433 4346 3500 4401 ad

228 4431 506 4485 invidiam.
564 4431 679 4487 Ibid
706 4473 720 4497 ,
743 4448 797 4486 n.
830 4432 881 4487 2.
1919 4440 2033 4511 ejus
2058 4439 2342 4508 exsequias
2362 4453 2465 4493 una
2488 4452 2611 4493 cum
2630 4435 2948 4491 Christianis
2967 4434 3497 4491 convenerunt.Ibid.

288 4520 661 4585 Quamobrem
692 4523 877 4591 paucis
906 4532 1028 4592 post
1065 4523 1252 4579 diebus
1280 4524 1468 4580 Nolam
1516 4542 1575 4581 se
1604 4528 1815 4597 recipit,
1990 4532 2137 4587 Nola:
2167 4532 2219 4584 in
2244 4530 2463 4584 basilica
2490 4528 2547 4583 S.
2578 4528 2771 4583 Felicis
2791 4528 3034 4597 sepultus
3062 4538 3163 4582 est.
3195 4525 3329 4581 Ibid.

225 4618 275 4673 et
302 4612 379 4665 ibi
408 4611 667 4665 consistit
696 4627 801 4665 una
829 4628 951 4667 cum
981 4615 1229 4682 conjuge.
1254 4615 1410 4671 Anno
1442 4616 1564 4671 595.
1596 4617 1728 4674 Ibid.
1991 4622 2071 4677 Ad
2100 4621 2267 4677 cados
2295 4620 2363 4674 ab
2385 4635 2452 4673 eo
2475 4628 2732 4673 evocatur
2768 4619 2823 4672 S.
2850 4616 3086 4673 Joannes
3123 4617 3501 4687 Neapolitanus

286 4702 344 4756 In
394 4702 655 4758 morbum
677 4703 880 4769 incidit,
912 4711 967 4759 et
995 4705 1061 4758 ab
1092 4704 1281 4761 Africie
1301 4716 1356 4762 et
1377 4706 1686 4779 Campania:
1704 4712 1817 4782 epi—
1918 4712 2223 4783 episcopus.
2255 4710 2412 4765 Anno
2439 4707 2564 4762 452.
2594 4707 2724 4779 Cap.
2758 4707 2846 4772 54,
2874 4724 2927 4763 n.
2962 4707 3015 4762 1.

1211 4889 1319 4991 S.
1402 4886 1877 4993 PAULIN
1887 4891 1925 4989 Ι
2002 4875 2475 4987 ELOGIA

715 5028 825 5088 EX
883 5029 1147 5090 VARIIS
1190 5030 1751 5094 SCRIPTORIBUS
1797 5030 1903 5092 AD
1948 5027 2121 5089 MSS.
2167 5022 2498 5088 CODICES
2538 5022 3000 5086 RECOGNITA

436 5150 601 5220 101
631 5164 903 5220 ausouws,
941 5166 1110 5207 zmsr.
1142 5151 1212 5215 20
1231 5166 1301 5207 Α»
1326 5168 1610 5209 ΡΑιιιιιιυιι.
2002 5144 2042 5199 Ρ

1506 5168 1610 5209 mu.
2002 5144 2282 5201 Praecessit
2307 5152 2548 5198 nostrum
2576 5142 2709 5198 sella
2732 5144 2933 5199 curulis
2959 5144 3112 5200 ebur.

226 5245 359 5301 illim!
385 5248 727 5323 fragmentum
774 5252 1084 5323 recognitum
1097 5254 1201 5323 mari
1228 5254 1594 5323 minaria“,
1631 5258 1685 5306 ει
1708 5254 1817 5305 edd,
1845 5256 1899 5316 υ
1926 5234 1993 5290 Ει
2012 5250 2129 5307 qua:
2144 5232 2459 5304 jamdudum
2480 5232 2572 5286 tibi
2603 5232 2783 5302 palma
2812 5235 3021 5303 poetica
3043 5236 3230 5304 pollet,

537 5312 686 5360 (ἐι-ειν.
713 5311 871 5372 Lugd.
888 5311 1077 5364 Poelm.
1097 5314 1219 5364 Toll.
1245 5321 1299 5365 et
1319 5315 1508 5378 Viuet.)
1545 5311 1569 5316 ⁷
1845 5311 1886 5316 ”

1845 5311 1886 5316 _
1992 5325 2273 5381 Lemnisco
2302 5330 2491 5378 ornata
2520 5329 2622 5390 est,
2652 5338 2761 5392 quo
2783 5340 2903 5379 mea
2928 5326 3105 5395 palma
3133 5338 3319 5384 caret:

223 5395 444 5469 Paulino
478 5402 773 5459 Ausonius.
797 5402 1023 5461 Metrum
1052 5406 1129 5462 sic
1156 5407 1345 5475 suasit,
1370 5415 1429 5463 ut
1456 5423 1601 5465 esses
1922 5418 2195 5485 Longaevae
2223 5423 2428 5470 tantum
2450 5429 2763 5485 superamus
2788 5415 2995 5472 honore
3015 5428 3262 5474 sencctm.

285 5489 366 5543 'I‘u
395 5508 578 5562 prior,
609 5501 664 5547 et
693 5508 889 5549 nomen
911 5497 1309 5565 praegrederere
1327 5513 1528 5553 meum.
1989 5508 2128 5576 Quid
2148 5506 2349 5563 refert?
2376 5506 2563 5563 cornix
2589 5522 2697 5562 non
2730 5506 2849 5562 ideo
2876 5516 3002 5564 ante
3031 5524 3276 5581 cycnum.

219 5583 563 5657 Quamquam
593 5594 645 5639 et
676 5586 955 5644 Fastorum
982 5589 1136 5645 titulo
1164 5590 1328 5659 prior,
1363 5599 1414 5647 et
1440 5599 1528 5648 tua
1558 5592 1740 5649 Romae
1919 5600 2024 5657 Nec
2056 5600 2182 5673 quia
2211 5599 2353 5655 inille
2379 5613 2549 5665 annos
2579 5600 2703 5654 vivit
2737 5599 3063 5672 Gangeticus
3084 5602 3217 5667 ales,
