4020 6186
579 297 677 351 127

641 410 821 467 Vincit
839 415 1055 465 centum
1084 406 1270 463 oculos
1297 404 1444 474 regie
1470 413 1495 441 η
1526 418 1664 473 pavo
1694 410 1835 457 tuos.

574 504 825 559 Cedimus
852 501 1067 569 ingenio
1088 505 1346 569 quantum
1375 496 1725 567 prtecedimus
1748 509 1883 550 aevo.

648 592 888 661 Assurgit
914 591 1075 646 Musae
1102 596 1283 643 nostra
1312 587 1565 642 Cammna
1597 594 1718 640 ture.

582 681 727 752 Vive,
758 686 898 751 vale,
923 692 977 737 et
1001 680 1227 736 totidem
1250 688 1509 734 venturos
1531 676 1558 716 ι’
1582 691 1815 745 congere
1843 674 2025 740 Ianos,

650 774 792 841 Quot
819 780 941 828 tuus
964 779 1056 825 aut
1084 776 1268 824 noster
1296 783 1622 823 conseruere
1649 774 1853 837 patres.

887 894 1154 946 ausomus,
1180 894 1349 933 EPIST.
1380 876 1445 929 21
1478 894 1544 931 ΑΒ
1570 891 1853 931 muunun.

761 977 900 1042 (Haec
923 978 1196 1039 fragmenta
1236 974 1406 1024 collata
1432 977 1489 1023 ad
1515 973 1714 1023 eosdem
1738 970 1973 1033 codices.)

684 1082 863 1137 lambe
890 1080 1119 1142 Parthis,
1152 1088 1209 1135 et
1236 1077 1513 1150 Cydonum
1541 1076 1777 1148 spiculis,

686 1174 863 1230 lambe
888 1173 1065 1242 pinnis
1093 1171 1278 1224 alitum
1303 1168 1560 1235 velocior,

688 1263 815 1319 Padi
837 1263 1041 1319 ruentis
1069 1263 1270 1332 impetu
1303 1258 1612 1325 torrentior,

688 1356 879 1423 Magna
907 1368 1118 1410 sonam
1145 1352 1417 1421 grandinis
1434 1351 1487 1405 vi
1514 1349 1752 1414 densior,

688 1447 940 1501 Flammis
963 1445 1175 1500 corusci
1202 1442 1437 1497 fulminis
1464 1440 1749 1505 vibratior;

690 1536 805 1590 Jam
835 1550 979 1591 nunc
1006 1551 1105 1605 per
1130 1549 1307 1600 auras,
1339 1532 1514 1587 Persei
1537 1530 1816 1593 talaribus,

692 1628 991 1698 Petasoque
1014 1630 1139 1684 ditis
1166 1627 1403 1683 Arcados
1428 1634 1615 1682 vectus
1637 1625 1829 1679 vola...

691 1721 898 1775 Paulini
918 1720 1154 1787 adusque
1177 1718 1391 1780 moenia,
1425 1716 1783 1783 Ebromagum
1810 1712 2022 1781 loquor.

692 1812 765 1868 Et
791 1813 1037 1881 protinus
1059 1810 1172 1879 jam
1200 1810 1245 1864 si
1274 1808 1527 1864 resumtis
1553 1807 1774 1868 viribus,

693 1900 872 1955 Alacri
898 1900 1084 1955 refecti
1111 1898 1355 1968 corporis
1376 1904 1527 1952 motu
1549 1897 1714 1964 viget,

690 1988 912 2044 Salvere
937 1988 1144 2057 iussum
1166 2003 1291 2042 mox
1316 2000 1541 2056 reposce
1567 1992 1879 2039 mutuum...

693 2080 790 2135 Dic
817 2086 893 2147 et,
914 2080 1127 2143 valere;
1153 2079 1258 2146 dic,
1286 2093 1446 2132 avere
1475 2084 1529 2131 te
1554 2077 1707 2145 jubet

694 2170 931 2233 Amicus,
962 2178 1018 2223 et
1044 2170 1271 2233 vicinus,
1302 2177 1358 2222 et
1378 2167 1555 2221 fautor
1579 2175 1724 2232 tuus,

695 2256 928 2311 Honoris
948 2264 1153 2317 auctor,
1180 2257 1319 2311 altor
1344 2256 1545 2322 ingenii
1574 2255 1678 2320 tui;

696 2347 792 2402 Dic
820 2355 875 2403 et
896 2348 1173 2416 magister,
1197 2346 1285 2401 dic
1305 2345 1529 2413 Parens,
1558 2346 1644 2400 dic
1673 2345 1853 2399 omnia

698 2438 896 2492 Blanda
927 2448 1087 2505 atque
1110 2446 1294 2491 sancta
1324 2436 1563 2492 caritatis
1593 2434 1831 2490 nomina.

699 2526 920 2594 Aveque
948 2527 1112 2591 dicto,
1137 2526 1222 2581 die
1246 2525 1383 2593 vale,
1415 2534 1471 2581 et
1499 2534 1737 2581 actutum
1758 2525 1939 2582 redi...

700 2615 913 2685 Aliquid
943 2625 1223 2685 reportans
1246 2616 1457 2670 interim
1480 2617 1780 2673 munusculi

698 2706 774 2762 De
799 2708 1047 2777 largitate
1068 2708 1255 2764 musici
1282 2709 1614 2778 promptarii.

943 2838 1214 2891 ausonws,
1238 2821 1490 2878 ertsr.25
1506 2838 1573 2876 an
1605 2838 1887 2876 PAULINUII.

598 2937 908 3000 (Recensita_
923 2944 1034 2986 sunt
1066 2936 1485 3000 haecifrgagmenla
1531 2937 1610 3000 ad_
1635 2950 1751 2986 mss.
1763 2936 1970 3000 fodices
1998 2934 2175 3000 Lugd,

661 2999 866 3061 Poelm.,
885 2998 1007 3061 Reg.
1032 3006 1083 3047 et
1104 2999 1214 3047 edd.
1240 2996 1380 3061 Bad.,
1403 2998 1571 3060 Grav.,
1589 2996 1740 3059 Lud.,
1763 2997 1971 3057 Poelm.,
1987 2996 2174 3057 Fchot.,

658 3060 781 3111 Toll.
807 3069 859 3110 et
886 3060 1075 3122 Vinet.)

600 3163 941 3227 Discutimus,
969 3160 1211 3227 Pauline,
1240 3160 1427 3231 jugum
1449 3160 1593 3228 quod
1621 3165 1768 3214 certa
1798 3157 2015 3212 fovebat

600 3251 909 3319 Temperies
934 3268 947 3303 :
979 3249 1097 3305 leve
1124 3250 1267 3319 quod
1295 3250 1549 3319 positum,
1582 3255 1635 3303 et
1664 3247 1940 3301 tolerabile
1955 3244 2173 3314 junctis,

601 3338 887 3394 Tractabat
917 3340 1132 3409 paribus
1157 3339 1445 3395 concordia
1474 3339 1617 3392 mitis
1638 3337 1927 3391 habenis...

566 3493 574 3499 _
602 3428 835 3483 Cedebat
862 3427 1087 3501 Pylades
1118 3447 1129 3482 :
1164 3428 1379 3501 Phrygii
1406 3443 1619 3499 quoque
1646 3426 1812 3494 gloria
1835 3426 1946 3482 Nisi

609 3520 763 3591 102
804 3517 921 3574 Jam
978 3520 1173 3590 minor,
1229 3529 1285 3575 et
1330 3519 1597 3590 promissa
1651 3518 1839 3573 obiens
1880 3515 2181 3571 vadimonia

1881 3608 2178 3681 [Damon...

604 3701 882 3758 Paulinum
912 3702 1312 3773 Ausoniumque
1340 3703 1505 3769 viros,
1533 3718 1670 3773 quos
1696 3716 1849 3758 sacra
1878 3700 2086 3767 Quirini
2118 3704 2121 3709 '

606 3793 863 3865 Purpura,
887 3802 943 3850 et
971 3804 1185 3851 auratus
1215 3796 1411 3851 trabea:
1430 3795 1629 3850 velavit
1653 3794 1898 3860 amictus,

606 3887 717 3943 Non
742 3888 897 3942 decet
917 3888 1119 3941 insidiis
1139 3890 1433 3957 peregrina:
1454 3888 1646 3943 cedere
1666 3886 1827 3941 Divze.

606 3978 742 4044 Quid
770 3992 986 4047 queror,
1011 3976 1217 4046 Eoique
1245 3978 1478 4033 insector
1505 3978 1729 4032 crimina
1754 3974 2016 4030 monstri?

606 4068 825 4122 Occidui
852 4081 937 4120 me
964 4067 1081 4135 ripa
1101 4066 1249 4135 Tagi,
1274 4082 1360 4121 me
1388 4067 1587 4121 Punica
1616 4063 1761 4119 laedit

608 4159 858 4225 Barcino,
881 4172 969 4213 me
998 4157 1217 4212 bimaris
1237 4158 1364 4226 juga
1385 4157 1637 4226 ninguida
1660 4148 1969 4228 Pyrenaii...

608 4248 937 4317 Agnoscisne
957 4245 976 4269 δ
1007 4256 1152 4302 tuam
1180 4249 1334 4303 Ponti
1363 4248 1667 4304 dulcissime
1697 4247 1908 4318 culpam
1924 4250 2015 4304 ?...

608 4337 683 4391 Ne
711 4351 970 4406 sparsam,
998 4345 1315 4407 raptamque
1343 4338 1581 4403 domum,
1608 4338 1950 4407 lacerataque
1970 4349 2189 4394 centum

608 4426 711 4481 Per
731 4419 976 4483 dominos
1000 4428 1197 4482 veteris
1226 4414 1432 4482 Paulini
1453 4441 1615 4495 regna
1639 4428 1860 4483 ﬂeamus
1884 4446 1899 4481 :

609 4516 793 4588 Teque
818 4525 1010 4587 vagum
1037 4522 1150 4574 toto
1176 4533 1337 4588 quam
1359 4519 1517 4589 longa
1548 4515 1800 4590 Hispania
1828 4527 2027 4579 tractu.

609 4604 979 4663 Immemorem
1000 4616 1240 4663 veterum
1265 4610 1558 4679 peregrinis
1581 4608 1745 4664 ﬁdere
1765 4609 1969 4665 amicis.

610 4699 843 4755 Accurre
871 4715 904 4754 o
928 4708 1167 4755 nostrum
1186 4700 1370 4764 decus,
1403 4716 1436 4755 ο
1465 4715 1583 4754 mea
1606 4700 1833 4753 maxima
1856 4715 1983 4755 cura
2009 4717 2022 4754 :

615 4785 781 4851 Votis,
813 4788 1185 4860 ominibusque
1211 4788 1387 4855 bonis,
1424 4789 1777 4861 precibusque
1804 4795 2028 4843 vocatus

615 4873 948 4944 Adpropera.

906 4980 1175 5034 ausomus,
1198 4984 1371 5025 srlsr.
1403 4968 1473 5023 24
1495 4985 1561 5025 ΑΙ)
1594 4982 1877 5024 mnuum.

612 5063 813 5126 (Pollata
836 5072 950 5115 sunt
990 5066 1096 5117 haec
1118 5067 1388 5128 fragmenta
1415 5082 1521 5119 cum
1545 5068 1794 5131 codicibus
1823 5078 1969 5131 supra
1990 5073 2187 5128 notatis,

1041 5137 1093 5177 et
1109 5136 1353 5189 praeterea
1368 5144 1476 5180 cum
1496 5128 1760 5193 ms.Voss.)

613 5217 861 5273 Proxima
889 5234 1008 5288 quae
1038 5230 1233 5276 nostra:
1259 5222 1435 5277 fuerat
1461 5222 1797 5295 querimonia
1826 5224 2047 5288 chartm,

689 5388 715 5453 ξι
741 5377 965 5453 Quidam
988 5380 1218 5453 codices,
1250 5401 1395 5453 pave.

690 5449 716 5486 δ
733 5448 898 5501 Codd.
926 5450 1161 5518 quidam,
1185 5448 1412 5508 consere.

694 5529 717 5557 ε
746 5518 875 5589 βόα.
907 5519 1121 5589 quidam
1145 5522 1322 5585 codd.,
1357 5533 1536 5578 tuas...
1568 5539 1761 5577 musas.

691 5589 716 5625 ά
742 5587 821 5643 lta
849 5587 947 5662 ius}
985 5587 1114 5657 Reg.
1149 5600 1204 5645 ct
1232 5592 1347 5646 cdd.
1380 5593 1533 5649 codd.
1572 5593 1722 5662 Bad.,
1749 5591 1942 5661 Lugd.,
1975 5592 2107 5649 Tull.
2145 5602 2198 5649 et.

620 5659 796 5714 Vinct.
826 5659 935 5718 alii.
972 5669 1210 5715 veterum.

1576 287 1635 343 S.
1679 284 2019 342 PAULINUS
2060 272 2376 340 NOLANUS
2414 279 2809 336 EPISCOPUS.

3714 284 3803 339 123

2177 411 2230 470 Α
2254 395 2599 451 Credideram
2622 394 2767 463 quod
2796 402 2867 458 te,
2892 393 3135 461 Pauline,
3160 393 3433 449 inﬂectere
3458 404 3653 463 posset,

2189 1790 2239 1850 Β

2257 488 2597 557 Eliceretque
2628 498 2649 525 ο
2681 493 2827 540 tuam
2854 486 3047 540 blanda
3079 485 3381 554 objurgatio
3408 500 3614 540 vocem.

2257 578 2366 634 Sed
2388 587 2467 646 tu,
2492 576 2684 647 iuratis
2704 578 2851 633 velut
2878 578 2983 631 alta
3004 578 3213 633 silentia
3243 576 3413 632 sacris

2258 670 2494 724 Devotus
2524 676 2726 733 teneas,
2750 675 2960 737 perstas
2990 669 3041 721 in
3073 667 3191 737 lege
3222 666 3452 722 tacendi.

2258 761 2374 815 Non
2402 760 2567 815 licet?
2587 775 2726 816 anne
2754 759 2920 829 pudet
2936 761 3025 813 ?...

2258 851 2313 906 Si
2336 852 2514 922 prodi,
2541 850 2782 914 Pauline,
2817 852 2992 917 times,
3023 860 3327 922 nostrzeque
3354 853 3558 909 vereris

2260 941 2471 997 Crimen
2501 941 2772 1008 amiciti-te,
2801 940 3063 1010 Tanaquil
3094 949 3183 995 tua
3212 942 3419 997 nesciat
3440 943 3595 997 istud.

2262 1031 2340 1087 Tu
2371 1038 2659 1087 contemne
2679 1031 2833 1096 alios,
2866 1046 2967 1087 nec
2994 1031 3285 1098 dedignare
3312 1040 3593 1102 parentem

2261 1120 2448 1175 Adfari
2472 1122 2672 1176 verbis.
2704 1121 2816 1191 Ego
2837 1138 2954 1177 sum
2985 1130 3108 1177 tuus
3136 1124 3296 1188 altor,
3328 1132 3383 1178 et
3413 1125 3503 1180 ille

2262 1210 2570 1281 Przeceptor
2597 1212 2820 1281 primus,
2851 1211 2877 1249 ἀ
2900 1213 3103 1282 primus
3125 1214 3349 1281 largitor
3375 1216 3657 1282 bonorum,

2264 1299 2425 1353 Primv
2448 1315 2475 1355 s
2503 1301 2554 1354 in
2587 1300 2851 1354 Aonidum
2879 1302 2971 1370 qui
2998 1308 3052 1356 te
3075 1303 3300 1370 collegia
3324 1303 3473 1358 duxi.

2571 1428 2842 1481 ausomus,
2872 1430 3043 1470 EPIST.
3076 1414 3146 1469 25
3170 1433 3237 1471 Αο
3262 1434 3545 1475 numnum.

2266 1515 2550 1591 (Recognjta
2586 1526 2702 1591 sunt
2748 1519 2854 1591 hanc
2891 1520 3267 1591 fragmentanad
3302 1538 3415 1572 mss.
3442 1527 3633 1577 codices
3668 1527 3825 1591 Lugd,

2482 1579 2737 1642 Mariang,
2762 1579 2891 1642 Reg.
2908 1579 3040 1630 et'ad
3065 1584 3092 1630 7
3115 1584 3228 1632 cdd.
3253 1598 3397 1647 supra
3422 1593 3653 1650 notatos.)

2266 1678 2468 1745 Quarta
2499 1679 2597 1734 tibi
2628 1679 2741 1734 haec
2769 1688 2931 1735 notos
2958 1681 3163 1736 detexit
3190 1684 3417 1753 epistola
3440 1697 3679 1756 questus,

2267 1767 2507 1835 Pauline,
2539 1777 2593 1823 et
2620 1770 2819 1824 blando
2846 1772 3075 1826 residem
3105 1788 3354 1829 sermone
3375 1775 3620 1846 lacessit;

2267 1857 2514 1914 Ofﬁcium
2543 1860 2637 1915 sed
2667 1861 2811 1915 nulla
2833 1863 2978 1932 pium
3002 1863 3135 1918 mihi
3161 1866 3355 1934 pagina
3376 1868 3617 1925 reddit...

2268 1948 2508 2013 Vertisti,
2535 1948 2773 2015 Pauline,
2803 1960 2924 2007 tuos
2952 1953 3258 2010 dulcissime
3281 1972 3524 2012 mores...

2271 2037 2411 2107 Ergo
2438 2055 2636 2107 meum,
2666 2043 2957 2112 patriaeque
2979 2042 3164 2113 decus,
3189 2049 3547 2116 columenque
3571 2061 3593 2087 ε
3617 2059 3837 2121 senatus,

2273 2129 2493 2195 Bilbilis,
2531 2139 2625 2185 aut
2653 2133 2863 2187 merens
2890 2135 3124 2203 scopulis
3156 2132 3175 2172 ί
3206 2135 3511 2205 Calagurris
3534 2139 3776 2195 habebit?

2274 2218 2377 2272 Aut
2398 2233 2517 2286 qua:
2544 2220 2770 2275 detectis
2786 2221 2912 2289 juga
2941 2238 3039 2291 per
3058 2239 3313 2293 scruposa
3336 2228 3505 2281 ruinis

2275 2308 2455 2374 Arida,
2486 2316 2779 2364 torrentem
2802 2310 3031 2367 Sicorim
3060 2312 3335 2382 despectat
3365 2315 3558 2370 llerda.

2275 2397 2374 2453 llic
2393 2399 2655 2466 trabeam,
2680 2398 2921 2466 Pauline,
2956 2412 3121 2468 tuam,
3156 2402 3469 2473 Latiamque
3497 2408 3733 2462 curulem

2274 2491 2592 2558 Constituis,
2619 2493 2933 2563 patriosque
2956 2495 3077 2549 istic
3104 2496 3355 2565 sepelibis
3378 2497 3652 2554 honores?

2505 2632 2852 2681 PRUDENTIUS,
2884 2633 2986 2671 LIB.
3011 2633 3027 2672 Ι
3056 2633 3265 2673 CONTRA
3294 2635 3631 2675 SYIﬂlAClthl.

2277 2726 2394 2782 Non
2424 2726 2794 2795 Paulinorum,
2826 2745 2933 2785 non
2956 2730 3264 2795 Bassorum,
3295 2731 3560 2787 dubitavit

2279 2816 2533 2889 Prompta
2561 2819 2689 2874 fides
2717 2819 2847 2875 dare
2876 2835 2935 2875 se
2961 2820 3197 2886 Christo,
3223 2822 3553 2892 stirpemque
3582 2828 3848 2897 superbam

2281 2907 2471 2965 Gentis
2494 2910 2734 2980 patriciae
2764 2918 2991 2966 venturo
3020 2911 3271 2966 attollere
3298 2914 3462 2969 scclo.

2462 3032 2615 3102 103
2638 3047 2990 3098 HIERONYMUS,
3027 3050 3197 3089 EPIST.
3232 3033 3298 3088 i3
3318 3052 3384 3090 an
3414 3053 3700 3093 mansum.

2206 3144 2253 3206 ο
2286 3138 2485 3199 (Collata
2508 3153 2615 3189 cum
2641 3154 2726 3190 ms.
2770 3144 2940 3192 codice
2980 3143 3227 3212 Victorino
3258 3151 3311 3195 et
3349 3147 3566 3198 editione
3592 3150 3854 3212 Moguntina

2928 3216 3008 3254 an.
3052 3204 3215 3269 U70.)

2354 3305 2537 3361 Bonus
2585 3306 2747 3360 homo
2794 3306 2862 3361 de
2906 3307 3052 3362 bono
3101 3310 3355 3365 thesauro
3377 3312 3555 3367 cordis
3576 3314 3776 3383 profert
3800 3330 3857 3371 ea

2285 3411 2406 3465 quae
2436 3396 2576 3451 bona
2604 3404 2750 3464 sunt,
2781 3406 2834 3452 et
2869 3412 2936 3451 ex
2987 3397 3247 3454 fructibus
3290 3401 3454 3455 arbor
3508 3406 3856 3473 cognoscitur.

2285 3488 2489 3543 Metiris
2530 3505 2631 3544 nos
2676 3489 2963 3544 virtutibus
2992 3490 3116 3555 tuis,
3149 3498 3204 3545 et
3229 3506 3427 3561 parvos
3456 3508 3683 3563 magnus
3704 3496 3860 3551 extol-

2284 3578 2382 3643 lis;
2410 3579 2757 3648 ultimamque
2782 3587 2989 3649 partem
3016 3580 3247 3635 convivii
3274 3596 3527 3652 occupas,
3577 3594 3637 3640 ut
3684 3586 3861 3656 patris-

2286 3672 2513 3726 familias
2527 3671 2730 3739 judicio
2760 3672 3092 3742 proveharis.
3122 3670 3258 3738 Quid
3286 3674 3430 3728 enim
3462 3674 3514 3729 in
3563 3677 3739 3743 nobis,
3783 3686 3865 3731 aut

2287 3763 2601 3833 quantulum
2632 3772 2736 3832 est,
2786 3773 2845 3819 ut
2893 3767 3069 3820 docta:
3113 3767 3264 3824 vocis
3319 3783 3627 3825 mereamur
3675 3786 3867 3842 pramo-

2289 3854 2467 3920 nium;
2498 3860 2557 3907 ut
2586 3853 2677 3909 illo
2698 3869 2793 3909 ore
2817 3869 2924 3924 quo
2952 3855 3386 3924 religiosissimus
3414 3860 3672 3929 princeps
3700 3860 3869 3916 defen-

2288 3945 2450 4011 ditur,
2482 3944 2715 4001 humiles
2740 3963 2840 4002 nos
2868 3948 3171 4019 modicique
3210 3950 3523 4005 laudemur?
3551 3950 3677 4007 Noli
3698 3952 3869 4021 igitur,

2290 4035 2455 4092 frater
2497 4038 2792 4101 carissime,
2853 4054 3118 4093 annorum
3169 4055 3270 4095 nos
3311 4032 3578 4097 mstiniare
3606 4058 3869 4098 numero:

2290 4142 2393 4182 nec
2413 4127 2732 4197 sapientiam
2761 4144 2924 4183 canos
2953 4138 3190 4200 reputes,
3217 4130 3310 4186 sed
3339 4148 3505 4187 canos
3524 4135 3870 4203 sapientiam:

2290 4219 2579 4275 Salomone
2600 4229 2855 4288 testante,
2885 4220 3015 4275 Cani
3045 4222 3285 4287 hominis,
3311 4224 3585 4293 prudentia
3615 4227 3749 4297 ejus,
3772 4233 3873 4280 etc.

2292 4313 2534 4383 Denique
2563 4320 2619 4368 et
2637 4322 2696 4368 tu
2725 4316 2903 4369 audita
2928 4315 3193 4368 sententia
3217 4314 3511 4370 Salvatoris
3538 4335 3550 4369 :
3586 4313 3647 4371 Si
3672 4319 3745 4372 ris
3764 4333 3878 4389 per-

2295 4408 2454 4477 fectus
2502 4421 2632 4472 esse,
2673 4404 2820 4468 uade,
2853 4405 3013 4459 vende
3036 4406 3212 4459 omnia
3233 4422 3345 4473 qua:
3373 4405 3548 4469 habes,
3579 4416 3628 4460 et
3651 4408 3721 4460 da
3751 4423 3878 4477 pau—

2218 4509 2267 4569 D
2296 4494 2521 4567 peribus,
2552 4506 2601 4549 et
2624 4497 2759 4561 veni,
2782 4512 2989 4566 sequere
3014 4512 3116 4563 me,
3141 4495 3305 4549 verba
3336 4497 3500 4550 vertis
3529 4497 3581 4551 in
3612 4512 3799 4567 opera,
3828 4503 3882 4551 et

2293 4587 2489 4641 nudam
2535 4602 2749 4643 crucem
2787 4587 2960 4643 nudus
2987 4602 3248 4657 sequens,
3284 4587 3588 4658 expeditior
3624 4598 3680 4644 et
3713 4589 3883 4646 levior

2297 4685 2321 4724 Β
2349 4677 2560 4733 scandis
2586 4678 2787 4733 scalam
2814 4676 2998 4732 Jacob.
3027 4676 3286 4733 Tunicam
3315 4688 3490 4734 mutas
3510 4694 3629 4733 cum
3656 4681 3835 4734 animo
3867 4699 3879 4731 :

2297 4784 2398 4825 nec
2426 4769 2586 4839 pleno
2614 4769 2888 4840 marsupio
2943 4769 3206 4837 gloriosas
3254 4770 3441 4826 sordes
3494 4770 3735 4840 appetis;
3793 4770 3886 4826 sed

2297 4862 2447 4932 puris
2494 4862 2742 4916 manibus
2784 4869 2838 4916 et
2888 4860 3114 4916 candido
3157 4869 3401 4931 pectore,
3431 4875 3726 4931 pauperem
3753 4869 3806 4916 te
3833 4866 3888 4914 et

2299 4951 2490 5022 Spiritu
2536 4960 2592 5007 et
2638 4952 2891 5021 Operibus
2937 4951 3249 5019 gloriaris...
3282 4950 3502 5007 Librum
3524 4959 3696 5020 tuum,
3726 4966 3887 5022 quem

2296 5058 2397 5112 pro
2445 5041 2751 5097 Theodosio
2806 5042 3045 5112 principe
3087 5040 3378 5111 prudenter
3405 5050 3704 5111 ornateque
3733 5057 3887 5098 com-

2297 5131 2533 5200 positum
2558 5130 2918 5196 transmisisti,
2952 5130 3181 5184 libenter
3209 5130 3334 5198 legi,
3383 5138 3441 5186 et
3459 5131 3728 5201 praecipue
3757 5129 3889 5184 mihi

2298 5220 2352 5277 in
2382 5220 2473 5276 illo
2500 5220 2791 5276 subdivisio
2820 5220 3025 5291 placuit
3049 5237 3060 5272 :
3093 5234 3319 5291 cumque
3347 5221 3399 5276 in
3430 5220 3616 5293 primis
3644 5219 3891 5290 partibus

2378 5392 2400 5418 ο
2429 5380 2526 5436 Ms.
2557 5380 2839 5450 Mariang.,
2871 5383 3056 5436 senati.

2378 5450 2395 5488 ί
2429 5451 2519 5507 Sic
2546 5468 2673 5507 mss.
2703 5449 2870 5522 Lugd.
2895 5461 2951 5508 et
2974 5452 3106 5521 Reg.
3134 5467 3257 5507 cum
3278 5450 3400 5507 edd.
3428 5449 3634 5507 Poelm.
3666 5449 3808 5507 Edd.
3834 5453 3892 5520 4,

2303 5520 2624 5576 Calaaorris.

2377 5599 2401 5637 ε
2430 5590 2680 5661 liisNict.
2706 5592 2824 5646 cod.
2850 5608 2970 5649 cum
2995 5592 3079 5647 ed.
3098 5590 3334 5661 Mogunt.
3351 5607 3438 5645 an.
3458 5590 3895 5661 M70,asrendic.

2378 5661 2397 5681 ‘
2423 5659 2511 5715 Sic
2541 5676 2665 5716 mss.
2698 5662 2929 5717 codices.
2964 5662 3122 5730 Editi,
3158 5659 3507 5732 .vt'gnosresue.
