4066 6192
232 348 341 403 129

1639 335 2160 395 PROLEGOMENA.

3419 340 3519 395 150

229 460 420 513 vincas
440 455 598 521 alios,
630 456 683 510 in
713 452 1022 525 penultimis
1050 461 1101 507 te
1143 453 1313 522 ipsum
1343 464 1584 520 superas.
1617 449 1727 505 Sed
1770 458 1826 505 et
1852 456 1903 512 Α
1930 450 2125 504 talibus
2172 446 2388 519 (Horat.
2424 445 2542 501 Sat.
2572 462 2654 515 pr.
2684 445 2775 500 tib.
2809 446 2871 515 ι).
2917 444 3160 503 Nobilem
3183 456 3235 505 te
3283 448 3519 507 Ecclesia

230 551 411 621 ipsum
438 563 613 618 genus
634 548 833 616 eloquii
860 560 1103 617 pressum
1132 552 1235 611 est,
1268 552 1322 599 et
1347 542 1601 609 nitidum;
1633 550 1828 597 etcum

232 640 486 695 Tulliana
516 648 541 676 ι
563 638 743 692 luceat
772 637 1026 707 puritate,
1054 636 1301 690 crebrum
1331 642 1415 689 est
1435 633 1488 687 in
1524 632 1823 687 sententiis.

230 728 388 785 Jacet
442 728 609 795 enim,
657 735 717 781 ut
759 726 976 796 quidam
1034 727 1129 793 ait,
1183 725 1382 791 oratio,
1410 724 1464 779 in
1487 738 1593 793 qua
1620 731 1827 777 tantum

228 820 402 876 verba
430 819 738 874 laudantur.
780 816 1049 872 Praeterea
1079 829 1271 884 magna
1298 823 1383 870 est
1408 829 1589 869 rerum
1638 828 1825 868 conse-

229 913 480 986 quentia,
531 920 587 966 et
633 910 861 965 alterum
898 908 1101 979 pendet
1129 922 1198 961 ex
1225 906 1414 962 altero.
1446 903 1712 975 Quidquid
1740 919 1829 958 as-

230 1004 552 1074 sumpseris,
583 1002 670 1057 vel
691 1001 811 1056 ﬁnis
840 1001 1199 1070 superiorum,
1228 998 1314 1053 vel
1338 996 1545 1051 initium
1593 1012 1829 1065 sequen-

231 1098 373 1151 tium
402 1104 503 1151 est.
536 1093 690 1150 Felix
712 1091 1071 1158 Theodosius,
1093 1090 1184 1159 qui
1213 1104 1245 1144 a
1274 1088 1367 1143 tali
1390 1086 1588 1142 Christi
1614 1095 1831 1141 oratore

232 1183 562 1240 defenditur.
620 1181 905 1239 lllustrasti
954 1193 1223 1249 purpuras
1266 1177 1400 1247 ejus,
1459 1183 1513 1232 et
1542 1176 1831 1231 utilitatem

233 1276 417 1343 legum
446 1272 642 1328 futuris
669 1272 865 1330 seculis
892 1268 1242 1325 consecrasti.
1275 1266 1447 1320 Macte
1476 1265 1674 1319 virtute
1701 1282 1713 1316 :
1740 1263 1831 1332 qui

234 1364 364 1418 talia
396 1364 565 1418 habes
584 1362 910 1429 rudimenta,
941 1358 1117 1429 qualis
1153 1357 1480 1412 exercitatus
1510 1356 1663 1409 miles
1692 1354 1833 1409 eris?

235 1456 342 1511 Osi
365 1457 498 1510 mihi
518 1456 708 1510 liceret
738 1452 1040 1509 istiusmodi
1062 1450 1352 1519 ingenium,
1379 1465 1486 1504 non
1512 1463 1611 1517 per
1630 1447 1833 1502 Aonios

234 1561 453 1606 montes
481 1559 538 1604 et
583 1547 856 1603 Heliconis
881 1546 1135 1609 vertices,
1166 1551 1226 1598 ut
1268 1550 1440 1613 poetm
1485 1549 1705 1603 canunt,
1737 1540 1832 1594 sed

235 1659 339 1716 per
367 1642 501 1698 Sion
530 1652 584 1696 et
613 1640 945 1703 lthabirium,
980 1646 1035 1692 et
1061 1636 1188 1692 Sina
1218 1635 1430 1690 excelsa
1453 1632 1480 1671 δ
1529 1633 1752 1697 ducere;
1786 1632 1830 1686 si

237 1736 583 1802 contingeret
624 1732 821 1787 docere
872 1744 990 1798 qua:
1036 1727 1218 1794 didici,
1265 1732 1320 1780 et
1342 1724 1495 1795 quasi
1516 1738 1614 1793 per
1641 1738 1833 1776 manus

239 1825 497 1896 mysteria
524 1822 737 1877 tradere
758 1819 1176 1889 Scripturarum,
1209 1822 1521 1869 nasceretur
1549 1812 1704 1867 nobis
1732 1812 1833 1865 ali-

238 1919 369 1990 quid
409 1918 556 1988 quod
595 1915 752 1969 docta
796 1911 1000 1966 Gnncia
1035 1924 1143 1963 non
1171 1908 1487 1961 haberet....
1520 1904 1577 1959 Si
1603 1904 1835 1958 haberes

238 2010 344 2064 hoc
364 1998 771 2061 fundamentum
798 2001 1021 2072 (divinas
1044 2014 1225 2067 nempe
1253 1995 1609 2066 Scripturas);
1671 1993 1835 2047 immo

237 2101 287 2156 si
333 2098 490 2169 quasi
540 2104 780 2150 extrema
836 2106 1027 2145 manus
1058 2099 1081 2127 ο
1120 2087 1272 2158 operi
1318 2094 1411 2141 tuo
1467 2084 1833 2147 induceretur,

240 2191 377 2246 nihil
406 2187 705 2258 pulchrius,
728 2184 858 2239 nihil
887 2181 1117 2245 doctius,
1149 2178 1278 2233 nihil
1320 2177 1546 2241 dulcius,
1600 2176 1839 2245 nihilque

241 2280 463 2335 latinius
520 2278 626 2331 tuis
681 2277 1001 2330 haberemus
1046 2269 1425 2326 voluminibus.
1476 2268 1839 2324 Tertullianus

242 2376 440 2432 creber
468 2383 551 2429 est
596 2374 651 2427 in
702 2371 1003 2435 sententiis,
1033 2368 1127 2424 sed
1156 2364 1388 2422 difﬁcilis
1440 2366 1493 2419 in
1541 2363 1834 2433 loquendo.

244 2467 446 2521 Beatus
473 2464 795 2535 Cyprianus,
850 2463 1018 2516 instar
1056 2459 1218 2514 fontis
1247 2455 1539 2528 purissimi,
1563 2454 1733 2510 dulcis
1759 2452 1842 2506 in-

244 2560 411 2623 cedit,
443 2566 499 2613 et
530 2556 768 2626 placidus
793 2562 906 2618 est;
936 2560 1136 2607 etcum
1166 2558 1311 2603 totus
1333 2549 1402 2602 sit
1452 2548 1505 2601 in
1536 2544 1562 2583 ἀ
1587 2546 1843 2600 exhorta-

248 2654 398 2707 tione
422 2653 701 2713 virtutum,
727 2654 1019 2715 occupatus
1043 2654 1065 2681 θ
1095 2641 1533 2713 persecutionum
1560 2636 1840 2706 angustiis,

246 2744 315 2800 de
358 2741 654 2810 Scripturis
701 2738 896 2792 divinis
947 2748 1286 2805 nequaquam
1342 2729 1610 2785 disseruit.
1656 2726 1844 2781 lnclito

251 2835 562 2889 Victorinus
589 2830 848 2902 martyrio
878 2835 1189 2887 coronatus,
1222 2821 1365 2891 quod
1396 2820 1643 2886 intelligit
1667 2816 1845 2884 eloqui

250 2942 359 2980 non
393 2930 592 2993 potest.
614 2920 923 2976 Lactantius
942 2916 1093 2987 quasi
1122 2913 1339 2984 quidam
1364 2910 1557 2965 fluvius
1584 2909 1846 2975 eloquen-

254 3015 340 3069 tia:
366 3013 647 3075 Tulliana,
681 3010 882 3065 utinam
912 3015 1022 3061 tam
1045 3012 1228 3060 nostra
1253 3001 1272 3041 ί
1304 2997 1625 3058 confirmare
1646 2996 1851 3067 potuis-

255 3118 356 3173 set,
404 3119 566 3176 quam
623 3099 776 3153 facile
818 3096 992 3148 aliena
1046 3087 1330 3145 destruxit.
1385 3081 1661 3176 Arnobius
1700 3077 1857 3150 104

259 3170 537 3267 mtequalis
586 3199 643 3247 et
691 3188 891 3243 nimius
937 3191 1039 3249 est,
1064 3189 1119 3235 et
1148 3179 1349 3246 absque
1376 3173 1556 3245 operis
1574 3170 1661 3226 sui
1684 3170 1852 3239 parti-

258 3262 407 3346 tione
427 3284 704 3342 confusus.
744 3278 974 3333 Sanetus
1002 3272 1232 3327 Hilarius
1260 3267 1536 3323 Callicano
1583 3262 1849 3322 cothurno

258 3381 556 3443 attollitur;
589 3383 647 3430 et
673 3388 798 3429 cum
819 3368 1039 3452 Crescite
1082 3364 1301 3418 ﬁoribus
1330 3360 1643 3420 adornetur,
1676 3354 1856 3421 longis

260 3471 535 3532 interdum
562 3465 804 3540 periodis
834 3446 1144 3522 involvitur,
1173 3464 1229 3510 et
1254 3470 1284 3507 a
1316 3452 1546 3507 lectione
1594 3458 1618 3495 κ
1649 3446 1859 3517 simpli-

261 3567 469 3622 ciorum
499 3535 730 3615 fratrum
760 3552 947 3623 procul
979 3551 1151 3603 abest.
1183 3546 1359 3599 Taceo
1408 3541 1477 3596 de
1522 3537 1718 3594 ceteris
1772 3535 1860 3589 vel

262 3644 558 3711 defunctis,
582 3642 670 3697 vel
698 3642 863 3695 etiam
893 3640 1067 3693 adhuc
1095 3637 1421 3702 viventibus,
1471 3650 1634 3703 super
1659 3632 1853 3704 quibus

262 3737 315 3791 in
368 3747 658 3805 utramque
702 3743 912 3804 partem
966 3739 1090 3801 post
1141 3745 1239 3784 nos
1287 3728 1377 3781 alii
1400 3726 1741 3796 judicabant.
1774 3722 1855 3778 Ad

260 3830 496 3900 teipsum
528 3828 758 3891 veniam,
790 3831 1160 3896 symmystem,
1190 3819 1432 3876 sodalem
1454 3832 1631 3872 meum
1653 3824 1709 3870 et
1730 3814 1859 3869 ami-

260 3938 385 3978 cum
405 3939 421 3983 ;
445 3920 703 3983 amicum,
733 3917 970 3984 inquam,
994 3928 1197 3979 meum,
1229 3918 1516 3978 antequam
1539 3913 1727 3960 notum
1757 3922 1769 3957 :
1803 3910 1859 3958 et

261 4011 535 4083 precabor
559 4025 631 4063 ne
660 4005 1083 4061 assentationem
1138 4002 1191 4055 in
1240 3996 1637 4054 necessitudine
1685 3993 1860 4063 suspi-

262 4104 443 4158 ceris:
484 4101 620 4168 quin
664 4098 841 4169 potius
890 4096 976 4150 vel
1031 4108 1215 4149 errare
1260 4106 1348 4146 me
1392 4089 1723 4155 existimato,
1772 4086 1859 4141 vel

260 4208 455 4247 amore
473 4190 604 4258 labi,
640 4204 799 4260 quam
830 4187 1062 4241 amicum
1092 4182 1401 4239 adulatione
1446 4180 1716 4250 decipere.
1749 4177 1864 4232 Ma-

261 4301 431 4355 gnum
459 4285 631 4338 habes
653 4281 944 4351 ingenium,
968 4288 1024 4334 et
1048 4274 1311 4331 inﬁnitam
1336 4273 1601 4330 sermonis
1647 4270 1865 4341 suppel-

264 4378 503 4435 lectilem
532 4394 546 4429 :
575 4384 632 4430 et
652 4374 806 4429 facile
826 4371 1082 4441 loqueris,
1116 4377 1169 4424 et
1196 4382 1359 4438 pure;
1381 4365 1718 4433 facilitasque
1746 4362 1863 4434 ipsa

263 4482 321 4526 et
342 4470 571 4540 paritas,
605 4469 771 4521 mixta
799 4462 1103 4535 prudentia:
1130 4469 1233 4524 est,
1261 4458 1440 4529 capite
1486 4456 1685 4527 quippe
1728 4469 1863 4511 sano

263 4576 462 4617 omnes
484 4572 678 4614 sensus
698 4557 901 4626 vigent.
926 4552 1061 4608 Huic
1082 4549 1378 4622 prudentiae
1398 4557 1453 4603 et
1471 4546 1797 4618 eloquentia:
1817 4546 1861 4601 si

262 4654 563 4711 accederet
581 4653 665 4707 vel
688 4651 947 4716 studium,
966 4647 1051 4703 vel
1075 4642 1426 4713 intelligentia
1442 4641 1860 4712 Seripturarum,

264 4749 514 4804 viderem
537 4756 591 4801 te
612 4745 763 4800 brevi
779 4756 959 4797 arcem
977 4749 1162 4795 tenere
1188 4744 1525 4800 nostrorum;
1558 4732 1585 4771 ιι
1612 4741 1666 4788 et
1685 4744 1868 4785 ascen-

264 4843 494 4896 dentem
522 4854 646 4894 cum
691 4836 859 4891 Jacob
888 4841 1030 4888 tecta
1060 4831 1190 4887 Sion
1239 4842 1436 4884 canere
1481 4826 1534 4880 in
1563 4822 1868 4879 domatibus

268 4932 422 5002 quod
455 4933 508 4986 in
531 4929 799 4985 cubilibus
828 4925 1194 4994 cognovisscs.
1226 4920 1539 4989 Accingere,
1578 4930 1761 4986 quaeso
1791 4923 1864 4980 te,

269 5025 579 5091 accingere.
612 5019 754 5075 Nihil
797 5018 915 5072 sine
944 5030 1139 5085 magno
1170 5013 1355 5067 labore
1382 5012 1491 5064 vita
1539 5009 1682 5065 dedit
1717 5023 1866 5062 mor-

341 5174 371 5202 ι
400 5162 505 5218 Ms.
538 5161 703 5221 Vict.,
728 5160 944 5212 eluceat.

343 5236 371 5271 ιι
403 5215 508 5285 bis.
541 5215 715 5287 codei
747 5229 881 5282 Vict.
907 5240 1026 5281 cum
1050 5223 1137 5279 ed.
1170 5219 1339 5288 Mog,
1367 5219 1602 5271 ducerem
1626 5215 1863 5287 Scriptu-

276 5319 478 5358 rarum.

355 5354 381 5418 έ
408 5354 581 5430 viridem
605 5369 839 5429 codices,
867 5364 923 5418 in
953 5369 1037 5415 tuo
1060 5372 1212 5431 apere
1227 5354 1513 5431 duceretur.

353 5412 379 5483 αἱ
414 5412 932 5500 's'iFEmEhHEJiaiiig
955 5412 1028 5485 ei
1046 5412 1147 5483 m's.
1173 5422 1358 5479 codice
1383 5419 1519 5472 Vict.
1559 5422 1613 5471 et
1638 5413 1725 5470 ed.
1755 5412 1870 5468 Mo-

282 5514 611 5586 gunt.‘Au_t_e
638 5501 1185 5586 erat,ea_:ercitatione.
1308 5564 1374 5586 ..Α
1416 5560 1460 5586 ἔ-
1516 5514 1531 5548 ι

361 5597 385 5622 ο
417 5583 516 5637 Ms.
544 5581 680 5634 Vict.
711 5569 768 5631 et
787 5573 873 5629 ed.
904 5571 1067 5637 Mog,
1091 5569 1480 5637 persecutionis.

366 5654 386 5692 ί
422 5651 520 5706 Ms.
548 5649 710 5713 Vict.,
743 5649 972 5713 firmare.

363 5734 390 5769 ε
424 5720 524 5775 Ms.
556 5705 725 5773 codei
743 5705 919 5778 Vict,
950 5705 1281 5775 simplicium.
1323 5771 1357 5778 __
1453 5765 1512 5778 ψ
1553 5772 1564 5778 _
1641 5767 1682 5778 Α
1746 5756 1821 5778 ΑΜ

365 5756 391 5829 ί
427 5756 1205 5855 Eddi‘t‘aupva‘rti‘c‘ula’ete;ms.
1240 5771 1427 5827 codice
1453 5765 1589 5819 Vict.
1633 5767 1686 5815 et
1740 5756 1850 5812 edit

1932 539 2149 605 haheat,
2180 544 2239 593 ut
2264 538 2413 608 prius
2440 544 2660 591 senatus
2693 536 2901 590 habuit.
2953 534 3202 606 Praepara
3249 539 3343 593 tibi
3384 542 3510 595 divi-

1934 631 2055 694 tias,
2107 644 2242 700 quas
2291 626 2531 697 quotidie
2558 640 2768 694 eroges,
2819 635 2873 679 et
2922 642 3211 696 numquam
3234 628 3516 693 deﬁciant;

1930 723 2057 777 dum
2085 722 2401 789 vigctaetas,
2423 718 2550 771 dum
2587 717 2603 753 ί
2638 717 2874 771 nondum
2906 717 3054 772 canis
3083 716 3096 767 ἱ
3133 719 3402 787 spargitur
3429 735 3521 773 ca-

1931 820 2047 883 put,
2098 819 2389 878 autequam
2427 806 2641 861 subeant
2668 809 2852 865 morbi.
2884 810 3141 877 tristisque
3168 816 3431 872 senectus;
3472 817 3521 862 et

1932 902 2097 964 labor,
2127 912 2179 955 et
2208 901 2233 939 ¹ί
2265 901 2411 955 diraz‘
2442 900 2616 969 rapiat
2664 899 2995 953 inclementia
3030 900 3211 953 mortis
3250 899 3517 970 (Virgil.).

1932 995 2075 1049 Nihil
2103 994 2156 1048 in
2178 1001 2233 1048 te
2254 993 2527 1048 mediocre
2556 1007 2675 1047 esse
2700 999 2988 1047 contentus
3016 1006 3155 1059 sum,
3187 998 3359 1046 totum
3378 1006 3523 1046 sum-

1932 1100 2101 1149 mum.
2126 1092 2299 1139 totum
2329 1082 2629 1153 perfectum
2658 1081 2925 1137 desidero.

2201 1210 2551 1259 nianouvuus,
2586 1210 2753 1248 EPIST.
2788 1193 2857 1246 54
2885 1211 2952 1247 an
2974 1210 3251 1248 JULIANUH.

2004 1300 2115 1356 Nec
2160 1306 2245 1354 est
2296 1297 2442 1368 quod
2480 1310 2707 1351 excuses
2750 1296 3084 1350 nobilitatem
3132 1304 3187 1350 et
3215 1294 3519 1349 divitiarum

1934 1390 2199 1461 pondera.
2247 1389 2478 1458 Respice
2507 1396 2750 1442 sanctum
2780 1387 2955 1440 virum
2998 1384 3423 1453 Pammachium,
3467 1392 3523 1440 et

1936 1482 2337 1538 ferventissimm
2369 1480 2488 1535 ﬁdei
2521 1478 2800 1534 Paulinum
2833 1480 3234 1551 presbyterum;
3266 1479 3357 1550 qui
3412 1496 3521 1534 non

1934 1573 2110 1628 solum
2139 1572 2374 1635 divitias,
2404 1572 2499 1627 sed
2551 1574 2759 1641 seipsos
2788 1570 3016 1625 Domino
3046 1570 3358 1626 obtulerunt
3385 1588 3397 1623 :
3430 1571 3521 1640 qui

1934 1673 2124 1720 contra
2165 1663 2363 1718 diaboli
2409 1662 2929 1731 tergiversationem,
2961 1677 3297 1731 nequaquam
3323 1661 3521 1731 pellem

1934 1770 2035 1826 pro
2089 1754 2247 1824 pelle,
2288 1753 2383 1809 sed
2431 1768 2638 1819 carnes,
2682 1761 2737 1807 et
2766 1767 2907 1817 ossa,
2939 1760 2996 1808 et
3023 1753 3229 1807 animas
3256 1768 3381 1808 suas
3410 1752 3521 1807 Do-

1866 1850 1910 1909 B
1937 1848 2083 1903 mino
2113 1854 2499 1903 consecrarunt
2529 1864 2540 1898 :
2574 1845 2663 1915 qui
2692 1854 2745 1899 te
2766 1852 2820 1899 et
2848 1844 3098 1915 exemplo
3120 1852 3176 1899 et
3204 1844 3439 1914 eloquio,
3470 1842 3523 1898 id

1937 1946 2038 2002 est,
2068 1946 2122 1993 et
2145 1953 2311 2007 opere
2339 1944 2394 1991 et
2423 1936 2599 2004 lingua
2626 1944 2853 2005 possunt
2881 1935 2948 1989 ad
2968 1937 3175 2004 majora
3199 1934 3521 2004 perducere.

1936 2028 2141 2083 Nobilis
2165 2028 2256 2081 es?
2284 2034 2339 2081 et
2367 2026 2474 2093 illi;
2506 2025 2600 2081 sed
2629 2026 2681 2080 in
2704 2025 2920 2080 Christo
2943 2025 3234 2080 nobiliores
3258 2041 3270 2075 :
3303 2023 3450 2077 dives
3470 2030 3525 2077 et

1937 2122 2266 2176 honoratus?
2296 2129 2352 2175 et
2380 2120 2488 2185 illi;
2516 2120 2678 2173 immo
2723 2133 2791 2172 ex
2840 2118 3096 2172 divitibus
3150 2124 3205 2171 et
3250 2116 3526 2169 honoratis

1937 2227 2203 2283 pauperes
2224 2219 2278 2264 et
2308 2209 2547 2277 inglorii;
2578 2218 2633 2263 et
2662 2208 2864 2263 idcirco
2893 2208 3136 2272 ditiores,
3164 2215 3220 2262 et
3247 2207 3417 2275 magis
3445 2206 3526 2259 ih-

1939 2304 2074 2371 cliti,
2093 2303 2218 2374 quia
2250 2319 2347 2373 pro
2368 2301 2582 2357 Christo
2604 2314 2873 2371 pauperes
2899 2307 2953 2354 et
2975 2298 3301 2353 inhonorati.

2188 2430 2538 2478 maneamus,
2570 2429 2741 2469 EPIST.
2776 2413 2879 2467 105
2902 2429 2968 2467 an
2991 2415 3274 2467 rwusuu.

2008 2520 2145 2579 (Hac
2167 2519 2436 2579 fragmenta
2459 2516 2711 2577 recognita
2736 2521 2848 2564 sunt
2869 2514 2927 2562 ad
2969 2514 3060 2562 m's.
3081 2512 3299 2561 codicem
3319 2510 3469 2570 Vict.)

2012 2611 2203 2665 Frater
2250 2608 2564 2664 Ambrosius
2612 2615 2702 2661 tua
2730 2606 2863 2660 mihi
2891 2605 3207 2660 munuscula
3233 2602 3529 2675 perferens,

1943 2703 2137 2759 detulit
2183 2708 2239 2757 et
2266 2699 2610 2755 suavissimas
2640 2698 2870 2763 litteras,
2897 2710 3016 2764 qum
3043 2711 3071 2749 a
3100 2693 3363 2764 principio
3395 2693 3529 2746 ami-

1945 2794 2195 2849 citiarum
2234 2791 2391 2845 ﬁdem
2421 2790 2660 2859 probata:
2684 2787 2796 2856 jam
2829 2786 2950 2841 ﬁdei
2979 2795 3034 2841 et
3058 2785 3258 2840 veteris
3286 2785 3531 2839 amicitiai

1946 2883 2322 2957 praeferebant.
2351 2881 2491 2934 Vera
2517 2880 2658 2934 enim
2692 2879 2782 2933 illa
2810 2877 3150 2933 necessitudo
3180 2883 3283 2942 est,
3307 2884 3360 2930 et
3380 2875 3532 2930 Chri~

1946 2981 2015 3036 sti
2045 2978 2250 3047 glutino
2277 2975 2527 3044 copulata
2557 2987 2718 3041 quam
2748 2986 2855 3025 non
2880 2970 3081 3024 utilitas
3112 2969 3191 3023 rei
3238 2967 3531 3033 familiaris,

1950 3088 2057 3126 non
2080 3068 2363 3140 prmsentia
2390 3074 2593 3120 tantum
2623 3078 2932 3132 corporum,
2959 3076 3065 3115 non
3096 3058 3320 3115 subdola
3350 3066 3404 3113 et
3427 3059 3532 3128 pal.

1950 3181 2084 3236 paus
2108 3162 2361 3225 adulatio,
2389 3159 2483 3215 sed
2512 3158 2609 3211 Dei
2658 3157 2837 3219 timor,
2870 3162 2924 3209 et
2951 3154 3248 3208 divinarum
3290 3149 3533 3220 Scriptu~

1950 3270 2130 3311 rarum
2161 3251 2339 3307 studia
2368 3248 2676 3306 conciliant.
2708 3245 2885 3299 Habes
2905 3244 2994 3299 hic
3016 3242 3437 3297 amantissimum
3458 3239 3535 3299 tui

1948 3346 2168 3401 fratrem
2199 3341 2508 3405 Eusebium,
2537 3341 2630 3409 qui
2660 3338 2957 3393 litterarum
2985 3344 3196 3390 tuarum
3234 3334 3362 3387 mihi
3412 3345 3537 3400 gra-

1952 3438 2079 3492 tiam
2108 3435 2429 3506 duplicavit;
2460 3432 2699 3488 referens
2735 3430 2889 3500 105
2940 3427 3281 3481 honestatem
3328 3438 3537 3479 morum

1952 3541 2192 3591 tuorum,
2225 3533 2555 3582 contemtum
2583 3522 2770 3582 seculi,
2798 3520 2954 3574 ﬁdem
2989 3517 3257 3584 amicitiae,
3299 3529 3539 3572 amorem

1955 3621 2200 3675 Christi:
2259 3634 2381 3673 nam
2439 3617 2775 3687 prudentiam
2829 3620 2885 3668 et
2935 3612 3137 3681 eloquii
3168 3607 3540 3674 venustatem,

1955 3713 2118 3766 etiam
2148 3711 2349 3780 absque
2378 3709 2469 3763 illo
2498 3709 2612 3777 ipsa
2643 3704 2867 3775 epistola
2890 3701 3228 3773 praeferebat.

2089 3837 2395 3887 unuosws,
2452 3834 2620 3875 EPIST.
2653 3816 2722 3873 '50
2750 3816 2925 3885 (ALIAS
2950 3813 3040 3885 '56)
3064 3829 3132 3868 an
3160 3826 3403 3867 sumunt.

1960 3926 2237 3990 (Colla-[ad
2257 3935 2369 3990 mss.
2391 3917 2637 3990 codices};
2648 3908 3543 3990 emetlcenscmubflﬁangor.,Ll:rate‘ll.

2021 3971 2136 4051 sou;
2160 3971 2627 4051 vmuotipgoots:
2649 3976 2872 4051 Michael.
2894 3978 2946 4027 in
2992 3976 3157 4025 stoute
3189 3972 3394 4023 Tumbae
3431 3971 3544 4032 too,

2025 4037 2078 4100 et
2103 4037 2401 4099 mserit-0rd.
2426 4044 2519 4093 Dei
2540 4043 2632 4093 600
2656 4037 2847 4100 auuor.)

2035 4157 2315 4214 Paulinum
2340 4146 2628 4223 splendore
2670 4142 2884 4214 generis
2905 4141 2961 4196 in
2993 4138 3009 4180 ι
3043 4140 3283 4212 partibus
3324 4135 3547 4209 Aquita-

1967 4256 2069 4313 nia:
2093 4253 2224 4308 nulli
2270 4245 2582 4308 secundum,
2614 4238 2845 4296 venditis
2897 4234 3259 4300 facultatibus,
3288 4240 3399 4286 tam
3438 4230 3549 4285 suis

1966 4362 2129 4418 quam
2158 4343 2321 4398 etiam
2348 4334 2738 4405 conjugalibus,
2767 4330 2818 4385 in
2848 4329 2949 4383 hos
2971 4341 3091 4382 sese
3114 4324 3348 4379 induisse
3373 4321 3551 4378 cultus

1969 4411 2037 4495 ad
2068 4437 2226 4489 ﬁdem
2254 4427 2514 4498 comperi,
2548 4432 2693 4478 utea
2737 4421 2788 4473 in
2835 4429 3099 4488 pauperes
3146 4411 3388 4498 conferat
3429 4424 3549 4479 qua!

1965 4524 2172 4593 redegit
2197 4523 2250 4576 in
2278 4496 2591 4590 pecuniam;
2621 4517 2678 4564 et
2702 4508 2815 4577 ipse
2835 4517 3041 4575 pauper
3062 4515 3126 4555 ex
3160 4498 3326 4553 divite
3349 4496 3536 4561 factus,

1931 4588 1937 4619 ἴ
1970 4586 2241 4683 tamquam
2260 4586 2584 4662 deoneratas
2610 4595 2757 4666 gravi
2807 4593 3037 4655 sarcina,
3091 4587 3301 4653 domui,
3332 4586 3539 4655 patrim,

1970 4678 2275 4776 cogn-ationi
2298 4708 2511 4767 quoque
2539 4687 2823 4750 valedicat,
2847 4700 2955 4754 quo
2984 4680 3275 4748 impensius
3304 4678 3544 4732 Deoscr-

1970 4765 2102 4857 viat.
2141 4765 2379 4860 Elegisse
2404 4796 2441 4822 ιη
2473 4790 2653 4836 autem
2678 4783 2945 4833 secretum
2974 4770 3272 4826 afﬁrmatur
3324 4765 3543 4821 Nolana:

1972 4889 2140 4953 urbis,
2163 4857 2264 4939 ubi
2284 4876 2565 4934 tumultum
2593 4870 2852 4939 fugitans,
2879 4878 3050 4919 aevum
3080 4861 3277 4929 exigat.
3300 4857 3544 4912 Matrona

1972 4948 2187 5051 quoque
2212 4968 2397 5029 virtuti
2418 4973 2474 5020 et
2495 4961 2671 5018 studio
2696 4957 2811 5028 ejus
2837 4955 3082 5027 proxime
3110 4948 3333 5014 accedit,
3373 4959 3546 5017 neque

1972 5120 2208 5242 “05%;:
2221 5176 2359 5238 Vict.
2391 5184 2446 5233 et
2465 5173 2550 5230 ed.
2574 5171 2739 5239 Mog.,
2762 5167 2882 5242 dum
2910 5164 3075 5217 adhuc
3104 5178 3228 5217 non.

2047 5260 2062 5310 l
2230 5250 2401 5307 codex
2428 5244 2589 5307 Vict.,
2621 5238 2926 5311 aspergitur.

2044 5308 2071 5367 ίι
2102 5308 2199 5381 Mé.
2230 5322 2368 5377 Vict.
2404 5323 2461 5372 et
2485 5313 2569 5369 ed.
2594 5308 2943 5381 Mog.,_duraz.

2048 5396 2070 5439 ι
2099 5367 2565 5453 inssjvcodic‘es
2592 5367 2951 5453 Praftellensis.
2973 5368 3389 5453 gemeticensis,
3423 5367 3548 5453 Vin-

1970 5436 2737 5527 docineln-sisﬁllicha‘clinusin
2762 5453 2944 5527 mou't‘e
2973 5442 3198 5524 Turnba,
3229 5436 3543 5527 mihist-Rei;

1972 5506 2517 5600 BZE"'JiiG's";{Faiiéi-i
2553 5521 2837 5600 lectionem
2884 5512 3100 5567 Baronii
3151 5512 3204 5565 in
3233 5506 3546 5562 Annalibus.

1976 5593 2113 5665 Ante
2141 5593 2353 5664 eratﬁn
2377 5593 2675 5667 Aquitania.
3100 5665 3114 5667 _
3134 5664 3149 5667 Α
3174 5645 3259 5667 "At

2047 5645 2586 5739 :UA‘iidi'm'pai-iicula
2614 5668 2782 5713 autent
2811 5671 2879 5713 ex
2930 5666 3059 5708 mss.
3090 5645 3365 5705 codicibus
3412 5659 3550 5717 qua.

1981 5760 2122 5806 tuor.
