4066 6192
541 333 635 388 l3!

1552 332 1608 387 S.
1651 330 1992 389 PAULINUS
2033 332 2351 391 NOLANUS
2389 334 2777 395 EPISCOPUS.

3709 348 3808 402 132

535 459 563 497 a
588 440 888 512 proposito,
913 440 1012 496 viri
1066 440 1335 512 discrepat
1368 458 1379 494 :
1414 439 1649 511 denique
1707 443 2044 514 transcriptis
2069 444 2122 498 in
2151 451 2199 506 Α
2227 444 2546 502 cellentibus
2574 447 2730 503 donis
2759 448 2873 514 Dei,
2905 447 3059 507 bonis
3081 450 3204 507 tuis.
3236 451 3512 522 Quotquot
3541 467 3634 509 eas
3659 454 3823 523 lege»

534 533 759 587 aliorum
785 530 906 599 jura
929 531 1040 586 suis
1065 531 1279 601 pnediis
1305 531 1480 585 virum
1508 532 1783 600 sequitur;
1816 538 1873 585 et
1925 531 2122 597 exiguo

535 622 642 677 illic
667 620 910 688 conjugis
938 628 1191 675 contenta
1251 621 1479 690 cespite,
1513 632 1539 658 ι·
1568 621 1775 676 solatur
1828 635 1948 676 sese
1996 620 2123 675 reli-

535 711 704 780 gionis
724 719 781 765 et
808 711 835 749 δ
858 712 1100 767 caritatis
1122 712 1341 766 diVitiiS.
1372 711 1600 767 Soboles
1629 713 1708 767 eis
1736 713 1901 778 nulla,
1922 720 1978 767 et
2000 711 2121 766 ideo

535 803 853 856 meritorum
883 803 1172 871 posteritas
1193 802 1515 858 desiderata.
1564 802 1693 859 Haec
1719 805 1808 858 ubi
1859 804 2124 858 audierint

537 891 794 948 Proceres
821 893 943 958 viri,
978 903 1001 933 α
1032 909 1151 964 quae
1173 894 1495 962 loquentur?
1519 893 1601 947 Ex
1647 895 1735 949 illa
1784 895 2002 959 familia,
2034 894 2123 948 illa

537 984 807 1053 prosapia,
841 984 929 1038 illa
959 983 1156 1049 indole,
1189 993 1339 1039 tanta
1371 985 1649 1055 pncditum
1681 986 1990 1055 eloquentia
2018 986 2123 1039 mi—

538 1087 722 1141 grasse
743 1088 773 1125 a
801 1086 1027 1139 senatu;
1057 1075 1413 1144 interceptam
1443 1074 1654 1129 familia:
1676 1076 1869 1132 nobilis
1913 1091 2125 1131 succes-

537 1165 777 1229 sionem;
810 1163 934 1220 ferri
956 1166 1060 1221 hoc
1080 1181 1187 1221 non
1210 1181 1390 1235 posse.
1441 1166 1508 1219 Et
1547 1183 1665 1221 cum
1699 1168 1800 1237 ipsi
1845 1168 2021 1237 capita
2068 1172 2125 1221 et

537 1256 822 1324 supercilia
859 1270 955 1309 sua
995 1255 1466 1325 radantsiquanlo
1495 1256 1648 1311 Isidis
1692 1257 1993 1326 suscipiunt
2038 1271 2127 1310 sa-

536 1360 655 1410 cra;
684 1345 730 1398 si
777 1342 917 1400 forte
965 1345 1300 1400 Christianus
1352 1347 1432 1400 vir
1470 1347 1724 1400 attentior
1767 1354 2126 1401 sacrosancta:

536 1436 803 1504 religioni,
827 1444 1033 1492 vestem
1070 1438 1377 1503 mutaverit,
1403 1433 1677 1507 indignum
1724 1436 1929 1492 facinus
1957 1434 1982 1473 ἀ
2008 1438 2121 1492 cla-

538 1534 706 1579 mant.
736 1525 999 1593 Equidem
1027 1527 1185 1582 doleo
1213 1535 1417 1581 tantam
1448 1543 1565 1582 esse
1593 1529 1645 1581 in
1692 1527 1972 1583 mendacio
2026 1528 2122 1583 ob-

535 1615 878 1680 servantiam,
905 1615 958 1668 in
985 1616 1214 1670 veritate
1245 1617 1641 1686 negligentiam,
1675 1624 1732 1670 ut
1784 1616 2120 1671 confundan-

537 1709 623 1755 tur
652 1702 892 1772 plerique
919 1704 1234 1759 attentiores
1262 1705 1325 1758 ad
1364 1713 1763 1759 sacrosanctam
1808 1704 2119 1772 religionem

2220 544 2367 601 runt,
2398 537 2634 605 rapiunt,
2668 539 2791 606 quia
2818 540 3100 610 rapiuntur
3122 557 3244 597 cum
3271 543 3475 612 legunt.
3502 542 3676 611 Quam
3692 561 3812 601 sua-

2223 622 2306 675 vis
2334 624 2468 677 odor
2494 623 2716 691 Christi,
2741 635 2796 681 et
2843 642 3007 696 quam
3049 629 3253 699 fragrat
3296 646 3366 686 ex
3410 632 3509 698 eis,
3539 632 3647 688 dici
3701 650 3809 690 non

2222 699 2421 780 potest.
2453 712 2559 767 Illa:
2580 714 2771 770 littera:
2792 732 2914 770 cum
2939 725 2992 772 te
3013 717 3244 773 oﬂ‘erunt
3273 729 3333 773 ut
3358 719 3608 788 videaris,
3639 737 3813 792 quan-

2224 809 2338 853 tum
2369 817 2469 857 nos
2491 805 2729 860 excitant
2755 809 3087 875 utquzeraris
3120 827 3132 862 :
3165 826 3289 865 nam
3323 820 3378 866 et
3400 815 3811 882 perspicabilem

2223 892 2446 961 faciunt,
2475 904 2530 951 et
2556 898 2988 955 desiderabilem.
3025 899 3237 968 Quanto
3284 904 3430 959 enim
3469 906 3812 975 praesentiam

2226 990 2373 1037 tuam
2399 986 2553 1040 nobis
2581 986 2815 1054 quodam
2837 976 2998 1044 modo
3028 992 3305 1061 exhibent,
3335 1003 3484 1050 tanto
3513 996 3811 1052 absentiam

2225 1089 2326 1128 nos
2353 1075 2493 1129 ferre
2522 1092 2629 1130 nou
2655 1078 2856 1133 sinunt.
2881 1080 3077 1135 Amant
3108 1091 3159 1138 te
3187 1100 3375 1140 omnes
3394 1086 3446 1141 in
3468 1088 3568 1153 eis,
3591 1096 3648 1142 et
3674 1104 3810 1142 ama-

2226 1164 2269 1216 ri
2300 1164 2396 1219 abs
2417 1173 2471 1220 te
2489 1166 2732 1235 cupiunt.
2765 1167 3039 1225 Laudatur
3065 1181 3119 1226 et
3146 1173 3483 1231 benedicitur
3534 1177 3696 1244 Deus,
3719 1193 3811 1232 cu-o

2219 1256 2308 1325 jus
2336 1259 2509 1326 gratia
2538 1267 2596 1314 tu
2627 1262 2747 1315 talis
2771 1277 2849 1317 es.
2883 1264 2959 1318 lbi
2988 1268 3255 1322 excitatur
3282 1269 3543 1338 Christus,
3576 1280 3637 1326 ut
3680 1287 3812 1327 ven-

2227 1354 2311 1401 tos
2332 1355 2388 1401 et
2415 1349 2581 1402 maria
2615 1350 2707 1403 tibi
2731 1352 2943 1419 placare
2967 1354 3215 1423 dignetur
3243 1359 3483 1414 tendenti
3508 1360 3576 1414 ad
3605 1361 3813 1415 stabili-

2228 1444 2394 1491 tatem
2424 1453 2597 1492 suam.
2625 1449 2649 1487 s
2682 1440 2906 1497 Videtur
2932 1459 2964 1497 a
2991 1444 3291 1514 legentibus
3321 1449 3392 1503 ibi
3440 1451 3637 1519 conjux
3655 1493 3673 1521 ,
3700 1467 3812 1508 non

2223 1526 2334 1582 dux
2363 1528 2430 1583 ad
2450 1531 2731 1587 mollitiem
2754 1534 2870 1588 viro
2892 1550 3013 1601 suo,
3040 1537 3133 1591 sed
3159 1539 3227 1591 ad
3256 1540 3620 1597 fortitudinem
3642 1544 3813 1599 redux

2224 1618 2279 1672 in
2301 1634 2422 1673 ossa
2451 1620 2550 1675 viri
2578 1623 2660 1676 sui
2694 1640 2704 1675 :
2732 1637 2893 1691 quam
2921 1626 2976 1679 in
3016 1634 3163 1681 tuam
3218 1630 3478 1685 unitatem
3535 1632 3812 1687 redactam

2224 1716 2281 1762 et
2311 1709 2595 1777 redditam,
2649 1721 2703 1767 et
2740 1714 3068 1783 spiritalibus
3118 1718 3211 1772 tibi
3266 1729 3415 1775 tanto
3466 1722 3813 1788 firmioribus,

484 1804 490 1811 ‘
534 1790 724 1857 videri,
766 1809 875 1847 non
915 1794 1317 1848 considerantes
1365 1810 1554 1849 vocem
1604 1795 1830 1850 dicentis
1863 1814 1875 1848 :
1904 1795 2002 1860 Qui
2042 1812 2123 1850 me
2151 1804 2199 1866 Β
2223 1810 2426 1868 quanto
2454 1803 2777 1858 castioribus
2798 1805 3027 1861 nexibus
3053 1809 3384 1877 copulatam,
3403 1810 3593 1868 ofliciis
3617 1821 3815 1868 vestrm

533 1883 777 1951 confusus
802 1884 954 1952 fuerit
978 1899 1155 1937 coram
1175 1883 1488 1952 hominibus,
1544 1896 1567 1921 ε
1611 1886 1903 1957 εοηίιιηάαι·
1950 1898 1999 1942 et
2024 1904 2116 1959 ego

533 1984 647 2021 eum
675 1985 849 2022 coram
874 1968 1036 2023 Patre
1058 1988 1168 2024 meo
1193 1973 1276 2041 qui
1296 1974 1446 2026 estin
1470 1974 1631 2027 cadis.

636 2074 984 2125 AUGUSTINUS,
1018 2077 1187 2116 EPIST.
1220 2061 1287 2115 26
1312 2064 1430 2135 (AL.
1460 2065 1558 2134 '59)
1590 2082 1658 2121 Ab
1706 2082 2011 2122 LICENTIUM.

534 2148 880 2212 (Recognitum
904 2158 982 2200 est
1005 2152 1097 2200 hoc
1130 2152 1463 2214 fragmentum
1500 2167 1611 2204 cum
1651 2158 1729 2205 ed.
1768 2159 1955 2207 Beued.
1979 2160 2036 2205 ad
2061 2157 2121 2208 25

910 2224 1025 2262 mss.
1051 2213 1245 2262 codices
1270 2221 1323 2262 et
1363 2215 1474 2262 edd.
1501 2219 1751 2278 qualtltl‘.)

603 2289 751 2343 Vade
781 2291 833 2344 in
862 2290 1231 2361 Campaniam,
1260 2292 1406 2350 disce
1427 2295 1729 2362 Paulinum,
1754 2298 2027 2366 egregium
2067 2309 2122 2354 et

535 2388 780 2433 sanctum
808 2379 903 2435 Dei
954 2396 1187 2445 servum,
1216 2397 1376 2452 quam
1421 2385 1675 2453 grandem
1732 2385 1925 2441 fastum
1954 2388 2117 2442 seculi

534 2471 714 2539 hujus,
737 2478 886 2526 tanto
925 2473 1291 2539 generosiore,
1323 2484 1525 2543 quanto
1575 2476 1859 2532 humiliore
1909 2478 2121 2533 cervice

534 2559 906 2615 incunctanter
932 2564 1260 2629 excusserit;
1293 2572 1353 2618 ut
1379 2579 1502 2619 eam
1531 2566 1785 2621 subderet
1814 2566 2011 2622 Christi
2039 2568 2120 2636 ju-

533 2661 622 2714 go,
652 2649 790 2703 sicut
818 2650 1088 2705 subdidit:
1114 2660 1170 2706 et
1201 2668 1359 2717 nunc,
1391 2653 1483 2708 illo
1513 2654 1855 2711 moderatOre
1908 2658 2117 2711 itineris

531 2739 638 2804 sui,
667 2740 878 2806 quietus
899 2752 955 2793 et
982 2740 1255 2795 modestus
1276 2743 1530 2797 exsultat.
1556 2743 1721 2807 Vade,
1755 2745 1902 2800 disce
1924 2747 2117 2815 quibus

531 2827 724 2895 opibus
753 2830 970 2896 ingenii,
1003 2830 1263 2886 sacriﬁcia
1293 2832 1464 2889 laudis
1494 2834 1544 2889 ei
1586 2834 1798 2904 offerat,
1828 2838 2117 2892 refundens

532 2915 608 2969 illi
636 2915 891 2985 quidquid
912 2919 1036 2973 boni
1065 2921 1273 2991 accepit
1313 2937 1382 2976 ex
1423 2924 1547 2992 illo;
1577 2940 1645 2981 ne
1672 2928 1893 3001 amittat
1913 2929 2111 2997 omnia,

528 3006 573 3061 si
604 3021 709 3060 non
748 3007 800 3060 in
831 3023 896 3062 eo
925 3021 1149 3080 reponat
1177 3027 1206 3065 a
1235 3028 1342 3081 quo
1365 3013 1480 3069 bzec
1512 3017 1691 3072 habet.

660 3109 1014 3165 AUGUSTINUS,
1048 3117 1215 3155 EPIST.
1248 3102 1315 3155 27
1345 3105 1465 3172 (AL.
1491 3106 1592 3177 5‘2)
1623 3125 1690 3163 An
1720 3127 2000 3165 pAULINUu.

2226 1891 2499 1945 sanctitati
2528 1891 2742 1960 debitis,
2770 1894 2821 1946 in
2851 1904 2905 1949 te
2930 1910 3038 1950 uno
3084 1898 3460 1954 resalutamus.
3491 1899 3518 1938 ιι
3546 1901 3625 1956 Ibi
3664 1902 3813 1960 cedri

2227 1978 2416 2035 Libani
2439 1981 2504 2035 ad
2536 1990 2733 2036 terram
2758 1984 3036 2054 deposita},
3061 1995 3115 2040 et
3137 1987 3192 2040 in
3222 2003 3360 2043 area:
3389 1989 3641 2045 fabricam
3662 2007 3805 2047 com-

2224 2072 2416 2141 pagine
2445 2072 2687 2127 cantatis
2714 2082 2926 2137 erectze,
2955 2075 3137 2129 mundi
3165 2076 3322 2145 hujus
3344 2076 3533 2134 lluctus
3562 2080 3812 2149 imputri-

2222 2162 2404 2217 biliter
2431 2170 2635 2217 secant.
2659 2162 2737 2217 lbi
2765 2164 2952 2231 gloria,
2985 2173 3043 2220 ut
3065 2168 3393 2235 acquiratur,
3419 2173 3813 2240 contemnitur;

2223 2261 2278 2308 et
2306 2255 2555 2320 mundus,
2582 2262 2640 2309 ut
2661 2256 2984 2324 obtineatur,
3016 2259 3353 2330 relinquitur.
3380 2263 3457 2316 lbi
3483 2266 3706 2333 parvuli,
3734 2267 3806 2321 si-

2221 2361 2288 2401 ve
2316 2347 2478 2401 etiam
2526 2348 2888 2415 grandiusculi
2943 2349 3039 2405 lilii
3083 2351 3370 2424 Babylonis
3422 2355 3695 2411 eliduntur
3737 2357 3814 2413 ad

2222 2446 2452 2507 petram,
2478 2439 2602 2492 vitia
2632 2440 2838 2495 scilicet
2862 2442 3190 2499 confusionis
3231 2446 3598 2517 superbiteque
3648 2463 3811 2504 secu-

2223 2528 2368 2583 laris.
2394 2528 2518 2585 llmc
2538 2539 2699 2600 atque
2727 2531 3031 2600 hujusmodi
3061 2536 3375 2591 suavissima
3400 2546 3455 2592 et
3507 2540 3807 2595 sacratissi~

2220 2635 2306 2674 ma
2328 2622 2636 2689 spectacula
2665 2623 2857 2678 littera:
2884 2631 2987 2680 tute
3012 2624 3253 2695 praebent
3280 2628 3594 2697 legentibus,
3612 2631 3810 2687 litterae

2221 2711 2339 2777 illae,
2368 2713 2561 2768 litterae
2589 2714 2710 2768 fidei
2733 2731 2840 2771 non
2861 2716 3017 2783 ﬁcta},
3054 2718 3239 2773 littera:
3267 2722 3381 2789 spei
3403 2722 3576 2786 bonae,
3611 2724 3809 2779 littene

2220 2816 2368 2871 pura:
2395 2805 2654 2859 caritatis.
2689 2806 2970 2871 Quomodo
2998 2810 3152 2865 nobis
3180 2812 3433 2867 anhelant
3460 2815 3602 2869 sitim
3632 2825 3803 2885 tuam,

2217 2901 2273 2948 et
2299 2893 2621 2950 desiderium
2648 2894 3027 2969 defeétumque
3069 2903 3260 2958 anima:
3290 2913 3393 2959 tua:
3444 2905 3497 2960 in
3524 2908 3659 2961 atria
3690 2907 3804 2962 Do-

2216 2986 2381 3041 mini?
2408 2986 2536 3055 quid
2555 2989 2755 3045 amoris
2776 2992 3095 3046 sanctissimi
3124 2995 3367 3062 spirant?
3388 3004 3641 3064 quantam
3664 3013 3804 3067 opuc

2218 3076 2434 3130 lcntiam
2457 3079 2653 3132 sinceri
2683 3080 2861 3135 cordis
2889 3085 3220 3137 extestuant?
3249 3099 3383 3153 quas
3410 3095 3574 3154 agunt
3599 3090 3804 3155 gratias

527 3186 708 3250 (Hujus
731 3190 947 3251 epistola:
973 3189 1243 3251 fragmenta
1270 3167 1440 3244 collata
1481 3167 1594 3246 sunt
1637 3212 1747 3247 cum
1773 3202 1889 3250 edit.
1916 3202 2107 3250 Bened.
2141 3170 2182 3230 C
2216 3167 2365 3222 Deo?
2385 3184 2518 3237 quas
2549 3170 2836 3239 impetrant
2862 3187 2893 3226 ³
2912 3172 3059 3229 Deo?
3082 3174 3394 3232 Blandiores
3421 3188 3564 3245 sum’
3613 3195 3681 3233 an
3711 3196 3800 3235 π’

956 3252 1013 3298 ad
1034 3253 1093 3299 ει
1117 3266 1231 3300 mss.
1266 3260 1372 3303 cod.
1398 3264 1449 3304 et
1473 3259 1583 3305 edd.
1610 3260 1681 3320 4.)

594 3326 640 3382 Ο
666 3329 807 3385 bone
826 3330 909 3384 vir
935 3339 990 3385 et
1010 3331 1153 3386 bone
1173 3331 1358 3399 frater,
1385 3335 1591 3392 latebas
1631 3340 1863 3395 animam
1892 3358 2066 3397 meam
2092 3363 2105 3399 :

526 3428 581 3476 et
600 3421 649 3475 ei
672 3420 794 3476 dico
824 3430 881 3475 ut
901 3422 1093 3475 toleret
1122 3425 1263 3492 quod
1293 3426 1469 3482 adhuc
1512 3428 1651 3485 lates
1681 3432 1868 3488 oculos
1923 3450 2105 3501 meos;

525 3520 581 3567 et
598 3513 689 3567 vix
712 3512 1064 3581 obtemperat,
1101 3514 1263 3567 immo
1295 3531 1403 3569 non
1425 3518 1850 3590 obtemperat....
1901 3524 1979 3579 Ne
2022 3540 2106 3580 re-

523 3601 844 3672 prehendas,
867 3617 1068 3671 qumso,
1093 3605 1245 3674 106
1267 3607 1536 3663 sanctiore
1561 3612 1820 3678 gravitate
1840 3629 1943 3683 qua
1972 3630 2109 3686 prai-

524 3692 689 3757 vales,
717 3699 773 3745 et
798 3692 945 3746 dicas
992 3708 1098 3747 non
1124 3702 1273 3748 recte
1304 3711 1390 3751 me
1416 3697 1602 3754 dolere
1655 3701 1803 3770 quod
1832 3704 2003 3760 adhuc
2051 3712 2107 3759 te

524 3795 631 3835 non
653 3783 914 3846 noverim,
938 3797 1060 3837 cum
1102 3784 1340 3839 animum
1389 3788 1519 3842 mihi
1551 3798 1720 3855 tuum,
1773 3793 1875 3848 hoc
1921 3804 2021 3859 est,
2048 3810 2105 3857 te

522 3872 693 3943 ipsum
716 3872 1022 3929 interiorem
1049 3875 1413 3945 aspiciendum
1443 3879 1779 3949 patefeceris.
1810 3883 1945 3951 Quid
1960 3887 2102 3941 enim

520 3964 565 4015 si
616 3964 819 4032 uspiam
870 3971 923 4017 te
950 3964 1035 4017 vel
1066 3965 1117 4018 in
1148 3974 1363 4021 terrena
1394 3976 1483 4023 tua
1527 3973 1746 4027 civitate
1800 3975 2100 4031 didicissem

522 4051 742 4106 fratrem
766 4060 821 4105 et
843 4051 1156 4105 dilectorem
1184 4070 1385 4124 meum,
1416 4065 1470 4111 et
1522 4067 1727 4115 tantum
1775 4064 1829 4117 in
1875 4066 2101 4121 Domino

519 4158 583 4197 ac
631 4143 788 4196 talem
832 4142 1033 4207 virum,
1081 4144 1355 4201 nullumne
1402 4162 1489 4202 me
1533 4149 1774 4206 dolorem
1821 4171 2100 4212 sensurum

520 4232 684 4285 fuisse
713 4231 1070 4295 arbitrareris,
1098 4233 1143 4285 si
1161 4248 1266 4287 non
1288 4235 1497 4290 sinerer
1512 4242 1896 4297 nossedomum
1920 4250 2100 4302 tuam?

518 4321 799 4388 Quomodo
821 4335 950 4389 ergo
972 4327 1076 4376 ndu
1093 4322 1300 4378 doleam
1315 4327 1458 4394 quod
1486 4332 1721 4386 nondum
1737 4333 1925 4389 faciem
1952 4346 2095 4392 tuam

518 4414 664 4475 novi,
696 4412 799 4465 hoc
822 4422 921 4477 est,
944 4413 1159 4467 domum
1186 4417 1377 4471 anima:
1409 4427 1531 4487 tuae,
1550 4436 1707 4490 quam
1737 4427 1876 4481 sicut
1923 4445 2096 4485 meam

519 4506 679 4557 novi?
708 4502 835 4571 Legi
855 4504 996 4558 enim
1028 4505 1231 4561 litteras
1254 4516 1371 4563 tuas
1396 4508 1620 4568 fluentes
1643 4515 1723 4568 lac
1742 4526 1796 4570 et
1818 4520 1940 4581 mel,
1965 4536 2095 4590 pta:-

516 4592 748 4648 ferentes
774 4595 1165 4665 simplicitatem
1199 4600 1376 4655 cordis
1403 4600 1507 4667 tui,
1536 4602 1587 4656 in
1617 4619 1720 4673 qua
1749 4610 1941 4676 quaeris
1990 4611 2095 4665 Do-

515 4684 718 4737 minum
746 4687 982 4741 sentiens
1008 4686 1075 4742 de
1104 4689 1195 4743 illo
1225 4691 1276 4744 in
1303 4691 1564 4762 bonitate,
1603 4695 1619 4733 τ
1646 4706 1700 4751 et
1727 4699 2013 4758 afferentes
2042 4706 2092 4759 ei

514 4774 810 4829 claritatem
838 4784 894 4830 et
912 4777 1190 4832 honorem.
1222 4780 1489 4850 Legerunt
1532 4785 1742 4855 fratres,
1765 4799 1820 4845 et
1858 4794 2091 4860 gaudent

514 4863 912 4935 infatigabiliter
938 4877 995 4923 et
1023 4869 1360 4927 ineil‘abiliter
1387 4888 1496 4929 tam
1514 4878 1766 4936 uberibus
1787 4891 1843 4937 et
1866 4893 1971 4939 tam
1993 4901 2088 4941 ex-

585 4997 1153 5077 :Sic‘elmendavimus
1195 5018 1261 5057 ex
1314 5021 1415 5061 ms.
1466 5008 1841 5071 Vindocinensi
1885 5020 2087 5077 codice.

518 5067 635 5130 Alii,
661 5067 911 5122 solabitur
930 5086 999 5123 se.

587 5139 610 5175 δ
635 5136 819 5214 Εάἱιίο
840 5137 1181 5214 _Pari_siensis,
1204 5144 1569 5214 simplicitatis.

584 5206 729 5301 ibis.
754 5207 922 5301 codex
956 5209 1177 5301 Vindoc.
1206 5214 1257 5266 in
1289 5206 1525 5284 margine
1547 5236 1645 5290 per
1669 5230 2079 5301 correctionem,

506 5277 848 5348 audierunt...
874 5283 1220 5348 querelantur.

580 5344 605 5381 ἀ
637 5345 715 5427 Ita
759 5344 1158 5427 repositumnex
1203 5354 1370 5427 tribus
1400 5371 1525 5412 mss.
1571 5362 1842 5423 codicibus
1869 5368 2077 5427 Gemet.

511 5412 726 5491 Pratell.
745 5423 800 5469 et
820 5412 979 5491 Mich.
1006 5420 1169 5491 Illius,
1200 5426 1484 5491 appellant.

506 5496 603 5607 dae
630 5485 754 5540 Mss.
787 5486 998 5542 codices
1025 5485 1245 5545 Vindoc.
1270 5485 1533 5564 uilis-Dei,
1561 5509 1612 5554 et
1643 5500 1827 5573 Mich.,
1858 5512 2079 5581 confun-

578 5572 647 5609 ιη.

538 5624 596 5761 Ι(
631 5623 771 5747 13Δὲιί
817 5625 1047 5695 codices,
1089 5637 1138 5682 et
1189 5630 1429 5700 a/fereus.
1459 5636 1526 5691 At
1556 5654 1682 5696 mss.
1708 5646 1995 5720 sexdecim,
2027 5663 2077 5706 et

582 5710 696 5748 eren
722 5711 795 5748 εδ.

504 5708 795 5748 atterentes.

2184 5539 2309 5593 que,
2332 5527 2467 5608 vides
2495 5530 2637 5596 quid,
2661 5540 2789 5608 etc._,
2816 5548 2880 5588 ac
2907 5536 3121 5608 demum
3151 5527 3216 5595 ex
3248 5544 3312 5598 iis

2182 5608 2304 5673 cuni
2324 5597 2467 5648 sitiat
2497 5614 2515 5648 :
2541 5614 2647 5721 quo
2675 5603 3042 5673 verbopulcre
3087 5608 3275 5666 alludit
3299 5597 3303 5598 ί
3325 5597 3769 5683 Adﬁhsi‘ih’dsia

2182 5673 2476 5719 Siceitatem
2505 5667 2547 5720 A
2571 5669 2717 5721 rieze.
2748 5681 2805 5721 ut
2834 5672 2963 5721 facit
2984 5692 3192 5721 rursum
3227 5682 3276 5721 in
3310 5684 3440 5721 unici
3500 5686 3557 5721 at
3594 5696 3640 5721 al
3676 5687 3741 5721 ω

2181 5667 2476 5719 siccitatem
2505 5667 2547 5720 A

2212 3258 2518 3313 dentiores?
2548 3259 2944 3329 luminosiores,
2973 3282 3040 3319 an
3072 3267 3443 3324 fecundioreS?
3468 3269 3603 3336 Quid
3648 3274 3799 3327 enim

2210 3352 2292 3399 est
2316 3346 2460 3414 quod
2484 3347 2555 3401 ita
2604 3365 2702 3404 nos
2730 3352 2987 3421 mulcent,
3037 3355 3110 3409 ita
3165 3358 3481 3424 accendunt,
3514 3360 3587 3414 ita
3641 3376 3798 3417 com-

2212 3438 2420 3507 pluunt,
2446 3448 2499 3493 et
2529 3442 2602 3495 ita
2624 3457 2825 3497 serenae
2854 3449 3014 3501 sunt?
3044 3447 3183 3514 Quid
3208 3457 3310 3514 est,
3352 3467 3535 3520 quaeso
3584 3462 3668 3519 te,
3702 3465 3799 3509 aut

2210 3527 2338 3597 quid
2365 3529 2461 3583 tibi
2491 3545 2587 3599 pro
2617 3533 2696 3587 eis
2725 3536 3035 3603 rependam,
3069 3539 3169 3592 nisi
3196 3540 3320 3608 quia
3353 3549 3495 3597 totus
3522 3557 3638 3597 sum
3671 3553 3798 3600 tuus

2207 3618 2261 3671 iu
2284 3633 2374 3686 eo,
2395 3620 2547 3690 cujus
2569 3630 2714 3678 totus
2735 3628 2833 3679 es?
2862 3625 2919 3679 Si
2940 3643 3130 3696 parum
3179 3640 3279 3692 est,
3309 3632 3429 3699 plus
3482 3641 3629 3689 certe
3684 3652 3795 3689 non

2206 3707 2475 3764 habeo....
2504 3709 2736 3779 Fratres,
2764 3730 2870 3769 non
2899 3717 3071 3772 solum
3100 3720 3191 3788 qui
3215 3722 3490 3777 nobiscum
3520 3724 3792 3794 habitant,

2206 3807 2262 3853 ct
2288 3800 2377 3868 qui
2400 3801 2624 3856 ubilibet
2671 3804 2971 3863 habitantes
3004 3810 3113 3865 Deo
3160 3814 3364 3882 pariter
3401 3817 3661 3882 serviunt,
3694 3820 3792 3874 sed

2206 3905 2373 3960 prope
2394 3907 2584 3948 omnes
2626 3897 2719 3964 qui
2766 3912 2866 3953 nos
2893 3901 2947 3954 in
2976 3901 3189 3959 Christo
3216 3906 3446 3963 libenter
3498 3924 3787 3978 noverunt,

2203 3982 2455 4050 salutant,
2486 3995 2829 4054 venerantur,
2858 3990 3161 4050 desiderant
3182 4002 3609 4069 germanitatem,
3662 4005 3791 4058 bea-

2205 4076 2507 4143 titudinem,
2540 4078 2928 4138 humanitatem
2980 4094 3148 4142 tuam.
3207 4090 3321 4145 Non
3369 4094 3539 4149 audeo
3566 4104 3789 4164 petere;

2202 4166 2298 4220 sed
2322 4166 2367 4221 si
2400 4168 2495 4222 tibi
2526 4169 2591 4223 ab
2612 4172 2987 4231 ecclesiasticis
3013 4181 3321 4235 muneribus
3342 4191 3519 4252 vacat,
3576 4184 3588 4222 ί
3631 4188 3783 4241 vides

2199 4256 2325 4324 quid
2353 4273 2563 4314 mecum
2594 4261 2739 4315 sitiat
2778 4262 2977 4320 Africa.

2207 4367 2358 4438 107
2388 4383 2731 4439 AUGUSTINUS,
2772 4389 2937 4429 EPIST.
2966 4376 3024 4430 51
3056 4380 3237 4446 (ALIAS
3267 4382 3369 4453 δι)
3392 4401 3456 4438 An
3510 4403 3776 4445 PAULINUII

2778 4481 2848 4519 ΕΤ
2881 4483 3200 4525 TIIERASIAM.

2126 4536 2171 4594 ί)
2202 4555 2378 4616 (llujus
2403 4560 2621 4622 epistolae
2641 4560 2919 4629 fragmenta
2959 4571 3202 4629 recensita
3244 4578 3357 4619 sunt
3399 4572 3459 4621 ad
3485 4573 3562 4623 ed.
3590 4575 3780 4629 Bened.

2591 4625 2649 4670 ad
2670 4626 2731 4674 25
2752 4638 2866 4674 mss.
2893 4634 2942 4675 et
2969 4628 3086 4677 edit.
3108 4630 3303 4681 codices
3325 4631 3392 4694 4.)

2268 4715 2498 4777 Sanctos
2519 4723 2710 4780 fratres
2731 4726 3029 4783 Romanum
3059 4738 3114 4785 et
3133 4730 3359 4801 Agilem,
3391 4736 3550 4792 aliam
3579 4740 3784 4809 episto-

2197 4808 2300 4863 lam
2327 4815 2897 4889 vestram,audientem
2943 4835 3104 4876 voces
3150 4831 3312 4893 atque
3357 4808 3695 4899 reddentem,
3726 4843 3784 4888 et

2193 4900 2560 4957 suavissimam
2591 4916 2796 4975 partem
2818 4916 3008 4963 vestra:
3036 4914 3353 4981 prmsentim,
3375 4916 3469 4971 sed
3490 4932 3594 4985 qua
3625 4923 3781 4979 vobis

2266 5048 2290 5085 κ
2314 5037 2414 5117 Sic
2448 5039 2511 5094 9.1
2557 5058 2702 5117 mss.
2725 5044 2810 5117 ΔΑι
2855 5048 3053 5115 vulgati
3096 5050 3311 5117 habent,
3344 5054 3413 5107 ad
3439 5056 3777 5116 stabilitatem

2191 5111 2616 5191 sitqntdignetur.
2753 5111 2983 5191 conjima:
2998 5122 3272 5191 excitatur,
3299 5111 3411 5177 'non
3436 5126 3561 5188 dux.
3590 5142 3697 5183 etc.

2263 5177 2468 5255 h_lta_in
2491 5196 2618 5235 mss.
2655 5177 2923 5255 Vaticanis
2943 5187 3113 5242 tribus
3134 5200 3187 5244 et
3210 5177 3560 5248 in'sexdecim'
3595 5177 3772 5255 Giin-

2189 5246 2356 5326 canis.
2405 5249 2462 5302 lu
2495 5266 2593 5326 Ius.
2627 5267 2734 5305 uno
2764 5253 3046 5324 Vaticano,
3086 5276 3189 5313 una
3212 5272 3378 5316 mente
3406 5246 3772 5326 {dilucida}.

2191 5314 2247 5369 ln
2268 5318 2424 5384 prius
2443 5319 2618 5383 editis,
2650 5337 2752 5376 uno
2772 5341 2861 5378 ore
2886 5314 3188 5384 salutamus.

2265 5383 2284 5422 ί
2318 5385 2478 5455 Editi,
2509 5392 2681 5465 genia:
2701 5402 2750 5444 et
2775 5395 2946 5449 rideas
2971 5398 3093 5465 quid
3114 5383 3308 5457 mecum
3341 5408 3529 5460 sentiat
3567 5408 3768 5465 Africa.

2187 5453 2257 5507 At
2276 5471 2415 5542 mss.‘
2426 5453 2640 5542 cediees
2669 5473 2855 5517 carent
2884 5466 2966 5542 his
2982 5453 3185 5536 'verbis,
3198 5453 3767 5542 'iéiiiiéé'i,"h§ﬁ£ﬁil

3512 5548 3635 5618 quid
3658 5566 3769 5602 me-

2571 5669 2717 5739 ricze,
2748 5681 2805 5725 ut
2834 5669 2963 5730 facit
2984 5692 3192 5734 rursum
3227 5682 3279 5736 in
3310 5669 3464 5753 epist.
3489 5669 3644 5741 Valet
3673 5669 3763 5742 ιίῖ
