  <div class='ocr_page' id='page_1' title='image "/cluster/home/n/w/nwhite01/storage/ocr_20150623/61/hvd.32044054758685/072.png"; bbox 0 0 4020 6186; ppageno 0'>
   <div class='ocr_carea' id='block_1_1' title="bbox 237 303 332 358">
    <p class='ocr_par' dir='ltr' id='par_1_1' title="bbox 237 303 332 358">
     <span class='ocr_line' id='line_1_1' title="bbox 237 303 332 358; baseline 0 -1"><span class='ocrx_word' id='word_1_1' title='bbox 237 303 332 358; x_wconf 75' lang='grc'><strong>133</strong></span> 
     </span>
    </p>
   </div>
   <div class='ocr_carea' id='block_1_2' title="bbox 1616 302 2139 361">
    <p class='ocr_par' dir='ltr' id='par_1_2' title="bbox 1616 302 2139 361">
     <span class='ocr_line' id='line_1_2' title="bbox 1616 302 2139 361; baseline -0.002 -2"><span class='ocrx_word' id='word_1_2' title='bbox 1616 302 2139 361; x_wconf 76' lang='lat' dir='ltr'><strong>PROLEGOMENA.</strong></span> 
     </span>
    </p>
   </div>
   <div class='ocr_carea' id='block_1_3' title="bbox 3389 310 3493 364">
    <p class='ocr_par' dir='ltr' id='par_1_3' title="bbox 3389 310 3493 364">
     <span class='ocr_line' id='line_1_3' title="bbox 3389 310 3493 364; baseline 0.01 -1"><span class='ocrx_word' id='word_1_3' title='bbox 3389 310 3493 364; x_wconf 62' lang='lat' dir='ltr'><strong>15b</strong></span> 
     </span>
    </p>
   </div>
   <div class='ocr_carea' id='block_1_4' title="bbox 233 414 3492 493">
    <p class='ocr_par' dir='ltr' id='par_1_4' title="bbox 233 414 3492 493">
     <span class='ocr_line' id='line_1_4' title="bbox 233 414 3492 493; baseline 0.003 -25"><span class='ocrx_word' id='word_1_4' title='bbox 233 415 460 470; x_wconf 75' lang='lat' dir='ltr'><strong>visendis</strong></span> <span class='ocrx_word' id='word_1_5' title='bbox 484 414 819 471; x_wconf 88' lang='lat' dir='ltr'><strong>inhiaremus</strong></span> <span class='ocrx_word' id='word_1_6' title='bbox 841 416 1079 482; x_wconf 80' lang='lat' dir='ltr'><strong>avidius,</strong></span> <span class='ocrx_word' id='word_1_7' title='bbox 1110 431 1231 471; x_wconf 91' lang='lat' dir='ltr'><strong>cum</strong></span> <span class='ocrx_word' id='word_1_8' title='bbox 1254 429 1447 485; x_wconf 87' lang='lat' dir='ltr'><strong>magna</strong></span> <span class='ocrx_word' id='word_1_9' title='bbox 1490 416 1543 470; x_wconf 92' lang='lat' dir='ltr'><strong>in</strong></span> <span class='ocrx_word' id='word_1_10' title='bbox 1592 418 1818 473; x_wconf 85' lang='lat' dir='ltr'><strong>Domino</strong></span> <span class='ocrx_word' id='word_1_11' title='bbox 1844 422 1894 481; x_wconf 82' lang='grc' dir='ltr'><strong>Λ</strong></span> <span class='ocrx_word' id='word_1_12' title='bbox 1922 418 2030 483; x_wconf 88' lang='lat' dir='ltr'><strong>tui;</strong></span> <span class='ocrx_word' id='word_1_13' title='bbox 2061 417 2103 471; x_wconf 92' lang='lat' dir='ltr'><strong>si</strong></span> <span class='ocrx_word' id='word_1_14' title='bbox 2126 431 2246 472; x_wconf 88' lang='lat' dir='ltr'><strong>cum</strong></span> <span class='ocrx_word' id='word_1_15' title='bbox 2275 416 2501 473; x_wconf 75' lang='lat' dir='ltr'><strong>dixisses</strong></span> <span class='ocrx_word' id='word_1_16' title='bbox 2532 418 2602 472; x_wconf 85' lang='lat' dir='ltr'><strong>ita</strong></span> <span class='ocrx_word' id='word_1_17' title='bbox 2634 427 2686 475; x_wconf 85' lang='lat' dir='ltr'><strong>te</strong></span> <span class='ocrx_word' id='word_1_18' title='bbox 2715 419 2769 474; x_wconf 87' lang='lat' dir='ltr'><strong>in</strong></span> <span class='ocrx_word' id='word_1_19' title='bbox 2797 419 2912 488; x_wconf 85' lang='lat' dir='ltr'><strong>illo,</strong></span> <span class='ocrx_word' id='word_1_20' title='bbox 2932 434 3039 489; x_wconf 91' lang='lat' dir='ltr'><strong>quo</strong></span> <span class='ocrx_word' id='word_1_21' title='bbox 3059 418 3279 477; x_wconf 73' lang='lat' dir='ltr'><strong>feliciter</strong></span> <span class='ocrx_word' id='word_1_22' title='bbox 3303 425 3492 493; x_wconf 85' lang='lat' dir='ltr'><strong>uteris,</strong></span> 
     </span>
    </p>
   </div>
   <div class='ocr_carea' id='block_1_5' title="bbox 234 507 1815 579">
    <p class='ocr_par' dir='ltr' id='par_1_5' title="bbox 234 507 1815 579">
     <span class='ocr_line' id='line_1_5' title="bbox 234 507 1815 579; baseline -0.002 -15"><span class='ocrx_word' id='word_1_23' title='bbox 234 508 554 578; x_wconf 83' lang='lat' dir='ltr'><strong>jocunditate</strong></span> <span class='ocrx_word' id='word_1_24' title='bbox 582 509 939 579; x_wconf 85' lang='lat' dir='ltr'><strong>suscepimus.</strong></span> <span class='ocrx_word' id='word_1_25' title='bbox 972 507 1142 573; x_wconf 85' lang='lat' dir='ltr'><strong>Unde,</strong></span> <span class='ocrx_word' id='word_1_26' title='bbox 1173 516 1266 563; x_wconf 87' lang='lat' dir='ltr'><strong>aut</strong></span> <span class='ocrx_word' id='word_1_27' title='bbox 1286 507 1521 578; x_wconf 83' lang='lat' dir='ltr'><strong>quando,</strong></span> <span class='ocrx_word' id='word_1_28' title='bbox 1542 516 1635 562; x_wconf 86' lang='lat' dir='ltr'><strong>aut</strong></span> <span class='ocrx_word' id='word_1_29' title='bbox 1677 524 1815 578; x_wconf 93' lang='lat' dir='ltr'><strong>quo-</strong></span> 
     </span>
    </p>
   </div>
   <div class='ocr_carea' id='block_1_6' title="bbox 233 598 1815 669">
    <p class='ocr_par' dir='ltr' id='par_1_6' title="bbox 233 598 1815 669">
     <span class='ocr_line' id='line_1_6' title="bbox 233 598 1815 669; baseline -0.002 -16"><span class='ocrx_word' id='word_1_30' title='bbox 233 599 387 654; x_wconf 91' lang='lat' dir='ltr'><strong>modo</strong></span> <span class='ocrx_word' id='word_1_31' title='bbox 418 599 503 653; x_wconf 90' lang='lat' dir='ltr'><strong>vel</strong></span> <span class='ocrx_word' id='word_1_32' title='bbox 534 615 633 653; x_wconf 83' lang='lat' dir='ltr'><strong>vos</strong></span> <span class='ocrx_word' id='word_1_33' title='bbox 664 608 940 669; x_wconf 64' lang='lat' dir='ltr'><strong>praestare,</strong></span> <span class='ocrx_word' id='word_1_34' title='bbox 963 598 1047 654; x_wconf 76' lang='lat' dir='ltr'><strong>vel</strong></span> <span class='ocrx_word' id='word_1_35' title='bbox 1077 614 1175 654; x_wconf 90' lang='lat' dir='ltr'><strong>nos</strong></span> <span class='ocrx_word' id='word_1_36' title='bbox 1195 614 1475 668; x_wconf 84' lang='lat' dir='ltr'><strong>possemus</strong></span> <span class='ocrx_word' id='word_1_37' title='bbox 1500 598 1731 667; x_wconf 75' lang='lat' dir='ltr'><strong>exigere,</strong></span> <span class='ocrx_word' id='word_1_38' title='bbox 1758 605 1815 652; x_wconf 87' lang='lat' dir='ltr'><strong>ut</strong></span> 
     </span>
    </p>
   </div>
   <div class='ocr_carea' id='block_1_7' title="bbox 233 691 1815 760">
    <p class='ocr_par' dir='ltr' id='par_1_7' title="bbox 233 691 1815 760">
     <span class='ocr_line' id='line_1_7' title="bbox 233 691 1815 760; baseline -0.001 -15"><span class='ocrx_word' id='word_1_39' title='bbox 233 708 327 745; x_wconf 92' lang='lat' dir='ltr'><strong>nos</strong></span> <span class='ocrx_word' id='word_1_40' title='bbox 346 691 414 745; x_wconf 93' lang='lat' dir='ltr'><strong>de</strong></span> <span class='ocrx_word' id='word_1_41' title='bbox 430 692 587 745; x_wconf 86' lang='lat' dir='ltr'><strong>vobis</strong></span> <span class='ocrx_word' id='word_1_42' title='bbox 613 700 759 745; x_wconf 88' lang='lat' dir='ltr'><strong>tanta</strong></span> <span class='ocrx_word' id='word_1_43' title='bbox 781 691 1063 746; x_wconf 88' lang='lat' dir='ltr'><strong>scribendo</strong></span> <span class='ocrx_word' id='word_1_44' title='bbox 1091 691 1378 759; x_wconf 89' lang='lat' dir='ltr'><strong>doceretis,</strong></span> <span class='ocrx_word' id='word_1_45' title='bbox 1401 700 1597 760; x_wconf 90' lang='lat' dir='ltr'><strong>quanta</strong></span> <span class='ocrx_word' id='word_1_46' title='bbox 1625 706 1815 745; x_wconf 91' lang='lat' dir='ltr'><strong>eorum</strong></span> 
     </span>
    </p>
   </div>
   <div class='ocr_carea' id='block_1_8' title="bbox 233 781 1815 849">
    <p class='ocr_par' dir='ltr' id='par_1_8' title="bbox 233 781 1815 849">
     <span class='ocr_line' id='line_1_8' title="bbox 233 781 1815 849; baseline -0.001 -13"><span class='ocrx_word' id='word_1_47' title='bbox 233 798 322 836; x_wconf 91' lang='lat' dir='ltr'><strong>ore</strong></span> <span class='ocrx_word' id='word_1_48' title='bbox 372 782 695 836; x_wconf 84' lang='lat' dir='ltr'><strong>didicimus?</strong></span> <span class='ocrx_word' id='word_1_49' title='bbox 750 782 950 836; x_wconf 77' lang='lat' dir='ltr'><strong>Aderat</strong></span> <span class='ocrx_word' id='word_1_50' title='bbox 991 782 1183 846; x_wconf 90' lang='lat' dir='ltr'><strong>etiam,</strong></span> <span class='ocrx_word' id='word_1_51' title='bbox 1234 782 1378 849; x_wconf 89' lang='lat' dir='ltr'><strong>quod</strong></span> <span class='ocrx_word' id='word_1_52' title='bbox 1430 781 1559 835; x_wconf 93' lang='lat' dir='ltr'><strong>nulli</strong></span> <span class='ocrx_word' id='word_1_53' title='bbox 1618 782 1815 835; x_wconf 71' lang='lat' dir='ltr'><strong>chartze</strong></span> 
     </span>
    </p>
   </div>
   <div class='ocr_carea' id='block_1_9' title="bbox 232 871 1816 941">
    <p class='ocr_par' dir='ltr' id='par_1_9' title="bbox 232 871 1816 941">
     <span class='ocr_line' id='line_1_9' title="bbox 232 871 1816 941; baseline -0.001 -16"><span class='ocrx_word' id='word_1_54' title='bbox 232 873 413 926; x_wconf 90' lang='lat' dir='ltr'><strong>adesse</strong></span> <span class='ocrx_word' id='word_1_55' title='bbox 443 880 649 941; x_wconf 89' lang='lat' dir='ltr'><strong>potest,</strong></span> <span class='ocrx_word' id='word_1_56' title='bbox 673 879 879 925; x_wconf 88' lang='lat' dir='ltr'><strong>tantum</strong></span> <span class='ocrx_word' id='word_1_57' title='bbox 906 872 960 925; x_wconf 90' lang='lat' dir='ltr'><strong>in</strong></span> <span class='ocrx_word' id='word_1_58' title='bbox 990 872 1331 925; x_wconf 86' lang='lat' dir='ltr'><strong>narrantibus</strong></span> <span class='ocrx_word' id='word_1_59' title='bbox 1357 871 1623 938; x_wconf 81' lang='lat' dir='ltr'><strong>gaudium,</strong></span> <span class='ocrx_word' id='word_1_60' title='bbox 1649 878 1816 939; x_wconf 89' lang='lat' dir='ltr'><strong>utper</strong></span> 
     </span>
    </p>
   </div>
   <div class='ocr_carea' id='block_1_10' title="bbox 232 961 1812 1032">
    <p class='ocr_par' dir='ltr' id='par_1_10' title="bbox 232 961 1812 1032">
     <span class='ocr_line' id='line_1_10' title="bbox 232 961 1812 1032; baseline -0.001 -16"><span class='ocrx_word' id='word_1_61' title='bbox 232 964 399 1032; x_wconf 85' lang='lat' dir='ltr'><strong>ipsum</strong></span> <span class='ocrx_word' id='word_1_62' title='bbox 431 962 600 1016; x_wconf 91' lang='lat' dir='ltr'><strong>etiam</strong></span> <span class='ocrx_word' id='word_1_63' title='bbox 656 963 860 1016; x_wconf 91' lang='lat' dir='ltr'><strong>vultum</strong></span> <span class='ocrx_word' id='word_1_64' title='bbox 909 962 1202 1031; x_wconf 84' lang='lat' dir='ltr'><strong>oculosque</strong></span> <span class='ocrx_word' id='word_1_65' title='bbox 1256 961 1603 1029; x_wconf 90' lang='lat' dir='ltr'><strong>loquentium,</strong></span> <span class='ocrx_word' id='word_1_66' title='bbox 1635 975 1730 1014; x_wconf 87' lang='lat' dir='ltr'><strong>vos</strong></span> <span class='ocrx_word' id='word_1_67' title='bbox 1759 961 1812 1014; x_wconf 92' lang='lat' dir='ltr'><strong>in</strong></span> 
     </span>
    </p>
   </div>
   <div class='ocr_carea' id='block_1_11' title="bbox 230 1049 1813 1120">
    <p class='ocr_par' dir='ltr' id='par_1_11' title="bbox 230 1049 1813 1120">
     <span class='ocr_line' id='line_1_11' title="bbox 230 1049 1813 1120; baseline -0.002 -14"><span class='ocrx_word' id='word_1_68' title='bbox 230 1052 478 1106; x_wconf 81' lang='lat' dir='ltr'><strong>cordibus</strong></span> <span class='ocrx_word' id='word_1_69' title='bbox 504 1066 695 1106; x_wconf 90' lang='lat' dir='ltr'><strong>eorum</strong></span> <span class='ocrx_word' id='word_1_70' title='bbox 721 1051 955 1120; x_wconf 87' lang='lat' dir='ltr'><strong>scriptos</strong></span> <span class='ocrx_word' id='word_1_71' title='bbox 983 1066 1103 1105; x_wconf 90' lang='lat' dir='ltr'><strong>cum</strong></span> <span class='ocrx_word' id='word_1_72' title='bbox 1156 1049 1409 1105; x_wconf 76' lang='lat' dir='ltr'><strong>ineffabili</strong></span> <span class='ocrx_word' id='word_1_73' title='bbox 1446 1050 1627 1103; x_wconf 64' lang='lat' dir='ltr'><strong>laetitia</strong></span> <span class='ocrx_word' id='word_1_74' title='bbox 1666 1051 1813 1119; x_wconf 81' lang='lat' dir='ltr'><strong>lege--</strong></span> 
     </span>
    </p>
   </div>
   <div class='ocr_carea' id='block_1_12' title="bbox 230 1138 1811 1210">
    <p class='ocr_par' dir='ltr' id='par_1_12' title="bbox 230 1138 1811 1210">
     <span class='ocr_line' id='line_1_12' title="bbox 230 1138 1811 1210; baseline 0.001 -17"><span class='ocrx_word' id='word_1_75' title='bbox 230 1155 497 1194; x_wconf 88' lang='lat' dir='ltr'><strong>rcmus....</strong></span> <span class='ocrx_word' id='word_1_76' title='bbox 529 1140 638 1195; x_wconf 87' lang='lat' dir='ltr'><strong>Sed</strong></span> <span class='ocrx_word' id='word_1_77' title='bbox 660 1155 980 1210; x_wconf 89' lang='lat' dir='ltr'><strong>quamquam</strong></span> <span class='ocrx_word' id='word_1_78' title='bbox 1006 1140 1191 1208; x_wconf 88' lang='lat' dir='ltr'><strong>jugum</strong></span> <span class='ocrx_word' id='word_1_79' title='bbox 1210 1138 1408 1194; x_wconf 87' lang='lat' dir='ltr'><strong>Christi</strong></span> <span class='ocrx_word' id='word_1_80' title='bbox 1433 1154 1530 1209; x_wconf 89' lang='lat' dir='ltr'><strong>per</strong></span> <span class='ocrx_word' id='word_1_81' title='bbox 1577 1141 1811 1209; x_wconf 87' lang='lat' dir='ltr'><strong>seipsum</strong></span> 
     </span>
    </p>
   </div>
   <div class='ocr_carea' id='block_1_13' title="bbox 231 1230 1810 1300">
    <p class='ocr_par' dir='ltr' id='par_1_13' title="bbox 231 1230 1810 1300">
     <span class='ocr_line' id='line_1_13' title="bbox 231 1230 1810 1300; baseline 0.001 -17"><span class='ocrx_word' id='word_1_82' title='bbox 231 1230 345 1284; x_wconf 87' lang='lat' dir='ltr'><strong>lene</strong></span> <span class='ocrx_word' id='word_1_83' title='bbox 379 1232 471 1295; x_wconf 90' lang='lat' dir='ltr'><strong>sit,</strong></span> <span class='ocrx_word' id='word_1_84' title='bbox 523 1243 582 1285; x_wconf 88' lang='lat' dir='ltr'><strong>et</strong></span> <span class='ocrx_word' id='word_1_85' title='bbox 630 1232 838 1286; x_wconf 83' lang='lat' dir='ltr'><strong>sarcina</strong></span> <span class='ocrx_word' id='word_1_86' title='bbox 878 1231 1047 1285; x_wconf 86' lang='lat' dir='ltr'><strong>levis:</strong></span> <span class='ocrx_word' id='word_1_87' title='bbox 1081 1240 1257 1284; x_wconf 90' lang='lat' dir='ltr'><strong>tamen</strong></span> <span class='ocrx_word' id='word_1_88' title='bbox 1312 1238 1533 1300; x_wconf 70' lang='lat' dir='ltr'><strong>promer</strong></span> <span class='ocrx_word' id='word_1_89' title='bbox 1576 1239 1810 1285; x_wconf 54' lang='lat' dir='ltr'><strong>nostram</strong></span> 
     </span>
    </p>
   </div>
   <div class='ocr_carea' id='block_1_14' title="bbox 229 1321 1813 1391">
    <p class='ocr_par' dir='ltr' id='par_1_14' title="bbox 229 1321 1813 1391">
     <span class='ocr_line' id='line_1_14' title="bbox 229 1321 1813 1391; baseline 0.001 -17"><span class='ocrx_word' id='word_1_90' title='bbox 229 1323 597 1391; x_wconf 82' lang='lat' dir='ltr'><strong>asperitatem,</strong></span> <span class='ocrx_word' id='word_1_91' title='bbox 630 1331 793 1391; x_wconf 90' lang='lat' dir='ltr'><strong>atque</strong></span> <span class='ocrx_word' id='word_1_92' title='bbox 816 1321 1193 1385; x_wconf 85' lang='lat' dir='ltr'><strong>inﬁrmitatem,</strong></span> <span class='ocrx_word' id='word_1_93' title='bbox 1224 1321 1269 1375; x_wconf 89' lang='lat' dir='ltr'><strong>si</strong></span> <span class='ocrx_word' id='word_1_94' title='bbox 1298 1321 1426 1391; x_wconf 91' lang='lat' dir='ltr'><strong>quid</strong></span> <span class='ocrx_word' id='word_1_95' title='bbox 1472 1336 1558 1376; x_wconf 89' lang='lat' dir='ltr'><strong>me</strong></span> <span class='ocrx_word' id='word_1_96' title='bbox 1603 1322 1813 1376; x_wconf 86' lang='lat' dir='ltr'><strong>mordet</strong></span> 
     </span>
    </p>
   </div>
   <div class='ocr_carea' id='block_1_15' title="bbox 228 1409 1813 1481">
    <p class='ocr_par' dir='ltr' id='par_1_15' title="bbox 228 1409 1813 1481">
     <span class='ocr_line' id='line_1_15' title="bbox 228 1409 1813 1481; baseline -0.001 -16"><span class='ocrx_word' id='word_1_97' title='bbox 228 1412 325 1465; x_wconf 86' lang='lat' dir='ltr'><strong>hoc</strong></span> <span class='ocrx_word' id='word_1_98' title='bbox 370 1412 647 1466; x_wconf 81' lang='lat' dir='ltr'><strong>vinculum</strong></span> <span class='ocrx_word' id='word_1_99' title='bbox 695 1421 858 1481; x_wconf 90' lang='lat' dir='ltr'><strong>atque</strong></span> <span class='ocrx_word' id='word_1_100' title='bbox 910 1420 1062 1479; x_wconf 81' lang='lat' dir='ltr'><strong>urget</strong></span> <span class='ocrx_word' id='word_1_101' title='bbox 1114 1411 1220 1467; x_wconf 86' lang='lat' dir='ltr'><strong>hoc</strong></span> <span class='ocrx_word' id='word_1_102' title='bbox 1272 1425 1441 1474; x_wconf 88' lang='lat' dir='ltr'><strong>onus,</strong></span> <span class='ocrx_word' id='word_1_103' title='bbox 1475 1409 1813 1465; x_wconf 82' lang='lat' dir='ltr'><strong>ineﬂ‘abiliter</strong></span> 
     </span>
    </p>
   </div>
   <div class='ocr_carea' id='block_1_16' title="bbox 227 1501 1811 1570">
    <p class='ocr_par' dir='ltr' id='par_1_16' title="bbox 227 1501 1811 1570">
     <span class='ocr_line' id='line_1_16' title="bbox 227 1501 1811 1570; baseline 0.001 -17"><span class='ocrx_word' id='word_1_104' title='bbox 227 1502 351 1554; x_wconf 89' lang='lat' dir='ltr'><strong>mihi</strong></span> <span class='ocrx_word' id='word_1_105' title='bbox 381 1502 663 1570; x_wconf 89' lang='lat' dir='ltr'><strong>aliquanto</strong></span> <span class='ocrx_word' id='word_1_106' title='bbox 694 1510 883 1555; x_wconf 66' lang='lat' dir='ltr'><strong>vestra:</strong></span> <span class='ocrx_word' id='word_1_107' title='bbox 915 1502 1209 1569; x_wconf 57' lang='lat' dir='ltr'><strong>praesentiae</strong></span> <span class='ocrx_word' id='word_1_108' title='bbox 1236 1501 1431 1556; x_wconf 88' lang='lat' dir='ltr'><strong>solatio</strong></span> <span class='ocrx_word' id='word_1_109' title='bbox 1482 1501 1811 1555; x_wconf 90' lang='lat' dir='ltr'><strong>tolerabilius</strong></span> 
     </span>
    </p>
   </div>
   <div class='ocr_carea' id='block_1_17' title="bbox 228 1590 1806 1660">
    <p class='ocr_par' dir='ltr' id='par_1_17' title="bbox 228 1590 1806 1660">
     <span class='ocr_line' id='line_1_17' title="bbox 228 1590 1806 1660; baseline 0.001 -17"><span class='ocrx_word' id='word_1_110' title='bbox 228 1600 277 1643; x_wconf 84' lang='lat' dir='ltr'><strong>et</strong></span> <span class='ocrx_word' id='word_1_111' title='bbox 299 1592 624 1660; x_wconf 88' lang='lat' dir='ltr'><strong>portabilius</strong></span> <span class='ocrx_word' id='word_1_112' title='bbox 653 1590 984 1654; x_wconf 87' lang='lat' dir='ltr'><strong>redderetur,</strong></span> <span class='ocrx_word' id='word_1_113' title='bbox 1008 1606 1144 1659; x_wconf 90' lang='lat' dir='ltr'><strong>quos</strong></span> <span class='ocrx_word' id='word_1_114' title='bbox 1187 1590 1345 1645; x_wconf 86' lang='lat' dir='ltr'><strong>audio</strong></span> <span class='ocrx_word' id='word_1_115' title='bbox 1373 1591 1516 1645; x_wconf 89' lang='lat' dir='ltr'><strong>curis</strong></span> <span class='ocrx_word' id='word_1_116' title='bbox 1543 1590 1806 1659; x_wconf 88' lang='lat' dir='ltr'><strong>ejusmodi</strong></span> 
     </span>
    </p>
   </div>
   <div class='ocr_carea' id='block_1_18' title="bbox 226 1680 1808 1751">
    <p class='ocr_par' dir='ltr' id='par_1_18' title="bbox 226 1680 1808 1751">
     <span class='ocr_line' id='line_1_18' title="bbox 226 1680 1808 1751; baseline 0.002 -19"><span class='ocrx_word' id='word_1_117' title='bbox 226 1680 592 1748; x_wconf 75' lang='lat' dir='ltr'><strong>expeditiores</strong></span> <span class='ocrx_word' id='word_1_118' title='bbox 614 1680 999 1748; x_wconf 87' lang='lat' dir='ltr'><strong>liberioresque</strong></span> <span class='ocrx_word' id='word_1_119' title='bbox 1021 1680 1223 1735; x_wconf 84' lang='lat' dir='ltr'><strong>vivere.</strong></span> <span class='ocrx_word' id='word_1_120' title='bbox 1255 1680 1432 1747; x_wconf 87' lang='lat' dir='ltr'><strong>Quare</strong></span> <span class='ocrx_word' id='word_1_121' title='bbox 1473 1696 1580 1734; x_wconf 93' lang='lat' dir='ltr'><strong>non</strong></span> <span class='ocrx_word' id='word_1_122' title='bbox 1633 1682 1808 1751; x_wconf 83' lang='lat' dir='ltr'><strong>impu-</strong></span> 
     </span>
    </p>
   </div>
   <div class='ocr_carea' id='block_1_19' title="bbox 225 1768 1885 1845">
    <p class='ocr_par' dir='ltr' id='par_1_19' title="bbox 225 1768 1885 1845">
     <span class='ocr_line' id='line_1_19' title="bbox 225 1768 1885 1845; baseline 0.004 -26"><span class='ocrx_word' id='word_1_123' title='bbox 225 1768 412 1822; x_wconf 87' lang='lat' dir='ltr'><strong>denter</strong></span> <span class='ocrx_word' id='word_1_124' title='bbox 434 1782 540 1836; x_wconf 87' lang='lat' dir='ltr'><strong>ego</strong></span> <span class='ocrx_word' id='word_1_125' title='bbox 571 1782 702 1837; x_wconf 87' lang='lat' dir='ltr'><strong>rogo</strong></span> <span class='ocrx_word' id='word_1_126' title='bbox 750 1784 879 1835; x_wconf 89' lang='lat' dir='ltr'><strong>vos,</strong></span> <span class='ocrx_word' id='word_1_127' title='bbox 910 1777 966 1823; x_wconf 89' lang='lat' dir='ltr'><strong>et</strong></span> <span class='ocrx_word' id='word_1_128' title='bbox 1017 1770 1263 1839; x_wconf 90' lang='lat' dir='ltr'><strong>postulo,</strong></span> <span class='ocrx_word' id='word_1_129' title='bbox 1295 1777 1352 1823; x_wconf 92' lang='lat' dir='ltr'><strong>et</strong></span> <span class='ocrx_word' id='word_1_130' title='bbox 1405 1768 1618 1837; x_wconf 82' lang='lat' dir='ltr'><strong>ﬂagito,</strong></span> <span class='ocrx_word' id='word_1_131' title='bbox 1646 1781 1701 1824; x_wconf 91' lang='lat' dir='ltr'><strong>ut</strong></span> <span class='ocrx_word' id='word_1_132' title='bbox 1756 1773 1809 1826; x_wconf 93' lang='lat' dir='ltr'><strong>in</strong></span> <span class='ocrx_word' id='word_1_133' title='bbox 1846 1787 1885 1845; x_wconf 76' lang='grc' dir='ltr'><strong>Β</strong></span> 
     </span>
    </p>
   </div>
   <div class='ocr_carea' id='block_1_20' title="bbox 227 1858 1810 1928">
    <p class='ocr_par' dir='ltr' id='par_1_20' title="bbox 227 1858 1810 1928">
     <span class='ocr_line' id='line_1_20' title="bbox 227 1858 1810 1928; baseline 0.004 -18"><span class='ocrx_word' id='word_1_134' title='bbox 227 1858 459 1913; x_wconf 78' lang='lat' dir='ltr'><strong>Africam</strong></span> <span class='ocrx_word' id='word_1_135' title='bbox 489 1858 695 1927; x_wconf 85' lang='lat' dir='ltr'><strong>majore</strong></span> <span class='ocrx_word' id='word_1_136' title='bbox 726 1859 911 1912; x_wconf 84' lang='lat' dir='ltr'><strong>talium</strong></span> <span class='ocrx_word' id='word_1_137' title='bbox 940 1859 1212 1913; x_wconf 87' lang='lat' dir='ltr'><strong>hominum</strong></span> <span class='ocrx_word' id='word_1_138' title='bbox 1242 1860 1526 1928; x_wconf 89' lang='lat' dir='ltr'><strong>siti,quam</strong></span> <span class='ocrx_word' id='word_1_139' title='bbox 1553 1861 1810 1916; x_wconf 83' lang='lat' dir='ltr'><strong>siccitatis</strong></span> 
     </span>
    </p>
   </div>
   <div class='ocr_carea' id='block_1_21' title="bbox 227 1949 1808 2017">
    <p class='ocr_par' dir='ltr' id='par_1_21' title="bbox 227 1949 1808 2017">
     <span class='ocr_line' id='line_1_21' title="bbox 227 1949 1808 2017; baseline 0.002 -16"><span class='ocrx_word' id='word_1_140' title='bbox 227 1949 505 2003; x_wconf 90' lang='lat' dir='ltr'><strong>nobilitate</strong></span> <span class='ocrx_word' id='word_1_141' title='bbox 531 1949 871 2003; x_wconf 89' lang='lat' dir='ltr'><strong>laborantem</strong></span> <span class='ocrx_word' id='word_1_142' title='bbox 921 1951 1105 2003; x_wconf 88' lang='lat' dir='ltr'><strong>venire</strong></span> <span class='ocrx_word' id='word_1_143' title='bbox 1148 1949 1459 2017; x_wconf 92' lang='lat' dir='ltr'><strong>dignemini.</strong></span> <span class='ocrx_word' id='word_1_144' title='bbox 1490 1949 1601 2004; x_wconf 89' lang='lat' dir='ltr'><strong>Scit</strong></span> <span class='ocrx_word' id='word_1_145' title='bbox 1648 1950 1808 2015; x_wconf 90' lang='lat' dir='ltr'><strong>Deus,</strong></span> 
     </span>
    </p>
   </div>
   <div class='ocr_carea' id='block_1_22' title="bbox 225 2039 1808 2110">
    <p class='ocr_par' dir='ltr' id='par_1_22' title="bbox 225 2039 1808 2110">
     <span class='ocr_line' id='line_1_22' title="bbox 225 2039 1808 2110; baseline 0.003 -19"><span class='ocrx_word' id='word_1_146' title='bbox 225 2040 342 2107; x_wconf 85' lang='lat' dir='ltr'><strong>quia</strong></span> <span class='ocrx_word' id='word_1_147' title='bbox 400 2054 513 2093; x_wconf 93' lang='lat' dir='ltr'><strong>non</strong></span> <span class='ocrx_word' id='word_1_148' title='bbox 545 2039 717 2093; x_wconf 91' lang='lat' dir='ltr'><strong>solum</strong></span> <span class='ocrx_word' id='word_1_149' title='bbox 760 2047 980 2108; x_wconf 88' lang='lat' dir='ltr'><strong>propter</strong></span> <span class='ocrx_word' id='word_1_150' title='bbox 1023 2039 1345 2094; x_wconf 89' lang='lat' dir='ltr'><strong>desiderium</strong></span> <span class='ocrx_word' id='word_1_151' title='bbox 1393 2056 1591 2108; x_wconf 88' lang='lat' dir='ltr'><strong>memn,</strong></span> <span class='ocrx_word' id='word_1_152' title='bbox 1634 2058 1808 2110; x_wconf 88' lang='lat' dir='ltr'><strong>neque</strong></span> 
     </span>
    </p>
   </div>
   <div class='ocr_carea' id='block_1_23' title="bbox 225 2121 1805 2202">
    <p class='ocr_par' dir='ltr' id='par_1_23' title="bbox 225 2121 1805 2202">
     <span class='ocr_line' id='line_1_23' title="bbox 225 2121 1805 2202; baseline 0.003 -19"><span class='ocrx_word' id='word_1_153' title='bbox 225 2129 388 2183; x_wconf 83' lang='lat' dir='ltr'><strong>solum</strong></span> <span class='ocrx_word' id='word_1_154' title='bbox 421 2140 649 2199; x_wconf 88' lang='lat' dir='ltr'><strong>propter</strong></span> <span class='ocrx_word' id='word_1_155' title='bbox 671 2145 767 2183; x_wconf 89' lang='lat' dir='ltr'><strong>eos</strong></span> <span class='ocrx_word' id='word_1_156' title='bbox 796 2131 889 2198; x_wconf 92' lang='lat' dir='ltr'><strong>qui</strong></span> <span class='ocrx_word' id='word_1_157' title='bbox 917 2130 1002 2184; x_wconf 88' lang='lat' dir='ltr'><strong>vel</strong></span> <span class='ocrx_word' id='word_1_158' title='bbox 1025 2145 1123 2200; x_wconf 90' lang='lat' dir='ltr'><strong>per</strong></span> <span class='ocrx_word' id='word_1_159' title='bbox 1151 2121 1249 2185; x_wconf 90' lang='lat' dir='ltr'><strong>nos</strong></span> <span class='ocrx_word' id='word_1_160' title='bbox 1291 2140 1527 2185; x_wconf 84' lang='lat' dir='ltr'><strong>vestrum</strong></span> <span class='ocrx_word' id='word_1_161' title='bbox 1561 2135 1805 2202; x_wconf 85' lang='lat' dir='ltr'><strong>proposi-</strong></span> 
     </span>
    </p>
   </div>
   <div class='ocr_carea' id='block_1_24' title="bbox 227 2220 1803 2291">
    <p class='ocr_par' dir='ltr' id='par_1_24' title="bbox 227 2220 1803 2291">
     <span class='ocr_line' id='line_1_24' title="bbox 227 2220 1803 2291; baseline 0.004 -20"><span class='ocrx_word' id='word_1_162' title='bbox 227 2228 350 2283; x_wconf 89' lang='lat' dir='ltr'><strong>tum,</strong></span> <span class='ocrx_word' id='word_1_163' title='bbox 380 2220 467 2273; x_wconf 87' lang='lat' dir='ltr'><strong>vel</strong></span> <span class='ocrx_word' id='word_1_164' title='bbox 497 2220 873 2291; x_wconf 89' lang='lat' dir='ltr'><strong>undecumque</strong></span> <span class='ocrx_word' id='word_1_165' title='bbox 923 2221 1062 2275; x_wconf 90' lang='lat' dir='ltr'><strong>fama</strong></span> <span class='ocrx_word' id='word_1_166' title='bbox 1110 2221 1434 2291; x_wconf 66' lang='lat' dir='ltr'><strong>praedicante</strong></span> <span class='ocrx_word' id='word_1_167' title='bbox 1471 2223 1803 2291; x_wconf 88' lang='lat' dir='ltr'><strong>didicerunt;</strong></span> 
     </span>
    </p>
   </div>
   <div class='ocr_carea' id='block_1_25' title="bbox 225 2312 1804 2384">
    <p class='ocr_par' dir='ltr' id='par_1_25' title="bbox 225 2312 1804 2384">
     <span class='ocr_line' id='line_1_25' title="bbox 225 2312 1804 2384; baseline 0.004 -21"><span class='ocrx_word' id='word_1_168' title='bbox 225 2312 309 2364; x_wconf 85' lang='lat' dir='ltr'><strong>sel</strong></span> <span class='ocrx_word' id='word_1_169' title='bbox 332 2313 498 2364; x_wconf 90' lang='lat' dir='ltr'><strong>etiam</strong></span> <span class='ocrx_word' id='word_1_170' title='bbox 526 2320 748 2381; x_wconf 72' lang='lat' dir='ltr'><strong>propter</strong></span> <span class='ocrx_word' id='word_1_171' title='bbox 774 2321 1014 2377; x_wconf 90' lang='lat' dir='ltr'><strong>ceteros,</strong></span> <span class='ocrx_word' id='word_1_172' title='bbox 1046 2315 1134 2383; x_wconf 89' lang='lat' dir='ltr'><strong>qui</strong></span> <span class='ocrx_word' id='word_1_173' title='bbox 1178 2316 1368 2384; x_wconf 89' lang='lat' dir='ltr'><strong>partim</strong></span> <span class='ocrx_word' id='word_1_174' title='bbox 1417 2332 1521 2369; x_wconf 91' lang='lat' dir='ltr'><strong>non</strong></span> <span class='ocrx_word' id='word_1_175' title='bbox 1564 2318 1804 2383; x_wconf 87' lang='lat' dir='ltr'><strong>audiunt,</strong></span> 
     </span>
    </p>
   </div>
   <div class='ocr_carea' id='block_1_26' title="bbox 225 2405 1804 2479">
    <p class='ocr_par' dir='ltr' id='par_1_26' title="bbox 225 2405 1804 2479">
     <span class='ocr_line' id='line_1_26' title="bbox 225 2405 1804 2479; baseline 0.005 -24"><span class='ocrx_word' id='word_1_176' title='bbox 225 2406 414 2471; x_wconf 79' lang='lat' dir='ltr'><strong>partim</strong></span> <span class='ocrx_word' id='word_1_177' title='bbox 447 2405 629 2457; x_wconf 88' lang='lat' dir='ltr'><strong>audita</strong></span> <span class='ocrx_word' id='word_1_178' title='bbox 653 2419 758 2458; x_wconf 91' lang='lat' dir='ltr'><strong>non</strong></span> <span class='ocrx_word' id='word_1_179' title='bbox 788 2406 1034 2472; x_wconf 90' lang='lat' dir='ltr'><strong>credunt,</strong></span> <span class='ocrx_word' id='word_1_180' title='bbox 1066 2415 1242 2460; x_wconf 86' lang='lat' dir='ltr'><strong>tamen</strong></span> <span class='ocrx_word' id='word_1_181' title='bbox 1266 2416 1489 2476; x_wconf 88' lang='lat' dir='ltr'><strong>possunt</strong></span> <span class='ocrx_word' id='word_1_182' title='bbox 1530 2419 1804 2479; x_wconf 90' lang='lat' dir='ltr'><strong>comperta</strong></span> 
     </span>
    </p>
   </div>
   <div class='ocr_carea' id='block_1_27' title="bbox 223 2496 1802 2568">
    <p class='ocr_par' dir='ltr' id='par_1_27' title="bbox 223 2496 1802 2568">
     <span class='ocr_line' id='line_1_27' title="bbox 223 2496 1802 2568; baseline 0.006 -22"><span class='ocrx_word' id='word_1_183' title='bbox 223 2496 461 2563; x_wconf 84' lang='lat' dir='ltr'><strong>diligere,</strong></span> <span class='ocrx_word' id='word_1_184' title='bbox 496 2512 595 2549; x_wconf 90' lang='lat' dir='ltr'><strong>vos</strong></span> <span class='ocrx_word' id='word_1_185' title='bbox 617 2497 730 2550; x_wconf 89' lang='lat' dir='ltr'><strong>istis</strong></span> <span class='ocrx_word' id='word_1_186' title='bbox 763 2498 919 2551; x_wconf 89' lang='lat' dir='ltr'><strong>terris</strong></span> <span class='ocrx_word' id='word_1_187' title='bbox 939 2498 1097 2551; x_wconf 90' lang='lat' dir='ltr'><strong>etiam</strong></span> <span class='ocrx_word' id='word_1_188' title='bbox 1114 2501 1471 2568; x_wconf 89' lang='lat' dir='ltr'><strong>corporaliter</strong></span> <span class='ocrx_word' id='word_1_189' title='bbox 1499 2502 1685 2557; x_wconf 88' lang='lat' dir='ltr'><strong>adesse</strong></span> <span class='ocrx_word' id='word_1_190' title='bbox 1707 2518 1802 2557; x_wconf 87' lang='lat' dir='ltr'><strong>cu-</strong></span> 
     </span>
    </p>
   </div>
   <div class='ocr_carea' id='block_1_28' title="bbox 225 2588 1806 2661">
    <p class='ocr_par' dir='ltr' id='par_1_28' title="bbox 225 2588 1806 2661">
     <span class='ocr_line' id='line_1_28' title="bbox 225 2588 1806 2661; baseline 0.005 -22"><span class='ocrx_word' id='word_1_191' title='bbox 225 2589 489 2655; x_wconf 67' lang='lat' dir='ltr'><strong>pimus...</strong></span> <span class='ocrx_word' id='word_1_192' title='bbox 522 2588 679 2641; x_wconf 78' lang='lat' dir='ltr'><strong>Aliud</strong></span> <span class='ocrx_word' id='word_1_193' title='bbox 701 2597 785 2642; x_wconf 87' lang='lat' dir='ltr'><strong>est</strong></span> <span class='ocrx_word' id='word_1_194' title='bbox 812 2588 977 2656; x_wconf 89' lang='lat' dir='ltr'><strong>enim,</strong></span> <span class='ocrx_word' id='word_1_195' title='bbox 1009 2589 1150 2643; x_wconf 89' lang='lat' dir='ltr'><strong>nolle</strong></span> <span class='ocrx_word' id='word_1_196' title='bbox 1179 2591 1523 2660; x_wconf 90' lang='lat' dir='ltr'><strong>incorporarc</strong></span> <span class='ocrx_word' id='word_1_197' title='bbox 1565 2608 1682 2661; x_wconf 60' lang='lat' dir='ltr'><strong>quae</strong></span> <span class='ocrx_word' id='word_1_198' title='bbox 1710 2593 1806 2647; x_wconf 88' lang='lat' dir='ltr'><strong>de-</strong></span> 
     </span>
    </p>
   </div>
   <div class='ocr_carea' id='block_1_29' title="bbox 223 2678 1801 2747">
    <p class='ocr_par' dir='ltr' id='par_1_29' title="bbox 223 2678 1801 2747">
     <span class='ocr_line' id='line_1_29' title="bbox 223 2678 1801 2747; baseline 0.003 -16"><span class='ocrx_word' id='word_1_199' title='bbox 223 2686 358 2741; x_wconf 89' lang='lat' dir='ltr'><strong>sunt,</strong></span> <span class='ocrx_word' id='word_1_200' title='bbox 393 2678 564 2745; x_wconf 88' lang='lat' dir='ltr'><strong>aliud,</strong></span> <span class='ocrx_word' id='word_1_201' title='bbox 588 2678 696 2746; x_wconf 90' lang='lat' dir='ltr'><strong>jam</strong></span> <span class='ocrx_word' id='word_1_202' title='bbox 723 2680 1061 2747; x_wconf 87' lang='lat' dir='ltr'><strong>incorporata</strong></span> <span class='ocrx_word' id='word_1_203' title='bbox 1086 2679 1360 2734; x_wconf 88' lang='lat' dir='ltr'><strong>divellere.</strong></span> <span class='ocrx_word' id='word_1_204' title='bbox 1410 2680 1499 2733; x_wconf 89' lang='lat' dir='ltr'><strong>Illa</strong></span> <span class='ocrx_word' id='word_1_205' title='bbox 1532 2683 1673 2735; x_wconf 80' lang='lat' dir='ltr'><strong>velut</strong></span> <span class='ocrx_word' id='word_1_206' title='bbox 1701 2683 1801 2736; x_wconf 89' lang='lat' dir='ltr'><strong>cibi</strong></span> 
     </span>
    </p>
   </div>
   <div class='ocr_carea' id='block_1_30' title="bbox 224 2768 1804 2838">
    <p class='ocr_par' dir='ltr' id='par_1_30' title="bbox 224 2768 1804 2838">
     <span class='ocr_line' id='line_1_30' title="bbox 224 2768 1804 2838; baseline 0.004 -18"><span class='ocrx_word' id='word_1_207' title='bbox 224 2770 591 2837; x_wconf 89' lang='lat' dir='ltr'><strong>repudiantur,</strong></span> <span class='ocrx_word' id='word_1_208' title='bbox 627 2768 713 2821; x_wconf 92' lang='lat' dir='ltr'><strong>illa</strong></span> <span class='ocrx_word' id='word_1_209' title='bbox 743 2769 889 2822; x_wconf 88' lang='lat' dir='ltr'><strong>velut</strong></span> <span class='ocrx_word' id='word_1_210' title='bbox 940 2768 1177 2822; x_wconf 88' lang='lat' dir='ltr'><strong>membra</strong></span> <span class='ocrx_word' id='word_1_211' title='bbox 1228 2771 1606 2838; x_wconf 60' lang='lat' dir='ltr'><strong>praeciduntur.</strong></span> <span class='ocrx_word' id='word_1_212' title='bbox 1657 2771 1804 2827; x_wconf 80' lang='lat' dir='ltr'><strong>liaitc</strong></span> 
     </span>
    </p>
   </div>
   <div class='ocr_carea' id='block_1_31' title="bbox 222 2859 1802 2928">
    <p class='ocr_par' dir='ltr' id='par_1_31' title="bbox 222 2859 1802 2928">
     <span class='ocr_line' id='line_1_31' title="bbox 222 2859 1802 2928; baseline 0.002 -16"><span class='ocrx_word' id='word_1_213' title='bbox 222 2875 343 2928; x_wconf 78' lang='lat' dir='ltr'><strong>ergo</strong></span> <span class='ocrx_word' id='word_1_214' title='bbox 370 2859 575 2913; x_wconf 88' lang='lat' dir='ltr'><strong>Christi</strong></span> <span class='ocrx_word' id='word_1_215' title='bbox 607 2861 831 2927; x_wconf 86' lang='lat' dir='ltr'><strong>gloriam</strong></span> <span class='ocrx_word' id='word_1_216' title='bbox 862 2860 1021 2914; x_wconf 90' lang='lat' dir='ltr'><strong>etiam</strong></span> <span class='ocrx_word' id='word_1_217' title='bbox 1052 2860 1223 2914; x_wconf 89' lang='lat' dir='ltr'><strong>oculis</strong></span> <span class='ocrx_word' id='word_1_218' title='bbox 1276 2871 1583 2916; x_wconf 91' lang='lat' dir='ltr'><strong>nostrorum</strong></span> <span class='ocrx_word' id='word_1_219' title='bbox 1631 2862 1802 2915; x_wconf 89' lang='lat' dir='ltr'><strong>homi-</strong></span> 
     </span>
    </p>
   </div>
   <div class='ocr_carea' id='block_1_32' title="bbox 224 2950 1799 3021">
    <p class='ocr_par' dir='ltr' id='par_1_32' title="bbox 224 2950 1799 3021">
     <span class='ocr_line' id='line_1_32' title="bbox 224 2950 1799 3021; baseline 0.001 -17"><span class='ocrx_word' id='word_1_220' title='bbox 224 2968 342 3004; x_wconf 89' lang='lat' dir='ltr'><strong>num</strong></span> <span class='ocrx_word' id='word_1_221' title='bbox 365 2952 619 3019; x_wconf 88' lang='lat' dir='ltr'><strong>cupimus</strong></span> <span class='ocrx_word' id='word_1_222' title='bbox 647 2950 941 3011; x_wconf 89' lang='lat' dir='ltr'><strong>admoveri,</strong></span> <span class='ocrx_word' id='word_1_223' title='bbox 974 2950 1026 3004; x_wconf 91' lang='lat' dir='ltr'><strong>in</strong></span> <span class='ocrx_word' id='word_1_224' title='bbox 1067 2966 1176 3003; x_wconf 91' lang='lat' dir='ltr'><strong>uno</strong></span> <span class='ocrx_word' id='word_1_225' title='bbox 1230 2950 1479 3020; x_wconf 89' lang='lat' dir='ltr'><strong>conjugio</strong></span> <span class='ocrx_word' id='word_1_226' title='bbox 1527 2952 1799 3021; x_wconf 90' lang='lat' dir='ltr'><strong>proposita</strong></span> 
     </span>
    </p>
   </div>
   <div class='ocr_carea' id='block_1_33' title="bbox 223 3039 1799 3109">
    <p class='ocr_par' dir='ltr' id='par_1_33' title="bbox 223 3039 1799 3109">
     <span class='ocr_line' id='line_1_33' title="bbox 223 3039 1799 3109; baseline 0 -15"><span class='ocrx_word' id='word_1_227' title='bbox 223 3043 429 3109; x_wconf 87' lang='lat' dir='ltr'><strong>utrique</strong></span> <span class='ocrx_word' id='word_1_228' title='bbox 473 3040 627 3095; x_wconf 85' lang='lat' dir='ltr'><strong>sexui</strong></span> <span class='ocrx_word' id='word_1_229' title='bbox 667 3039 934 3094; x_wconf 70' lang='lat' dir='ltr'><strong>calcanda:</strong></span> <span class='ocrx_word' id='word_1_230' title='bbox 983 3040 1265 3109; x_wconf 78' lang='lat' dir='ltr'><strong>superbiae,</strong></span> <span class='ocrx_word' id='word_1_231' title='bbox 1296 3056 1402 3094; x_wconf 93' lang='lat' dir='ltr'><strong>non</strong></span> <span class='ocrx_word' id='word_1_232' title='bbox 1459 3039 1799 3109; x_wconf 67' lang='lat' dir='ltr'><strong>desperandae</strong></span> 
     </span>
    </p>
   </div>
   <div class='ocr_carea' id='block_1_34' title="bbox 1917 506 3492 578">
    <p class='ocr_par' dir='ltr' id='par_1_34' title="bbox 1917 506 3492 578">
     <span class='ocr_line' id='line_1_34' title="bbox 1917 506 3492 578; baseline 0.007 -19"><span class='ocrx_word' id='word_1_233' title='bbox 1917 506 2038 560; x_wconf 91' lang='lat' dir='ltr'><strong>loco</strong></span> <span class='ocrx_word' id='word_1_234' title='bbox 2066 521 2412 575; x_wconf 86' lang='lat' dir='ltr'><strong>perseverare</strong></span> <span class='ocrx_word' id='word_1_235' title='bbox 2438 506 2759 574; x_wconf 84' lang='lat' dir='ltr'><strong>decrevisse,</strong></span> <span class='ocrx_word' id='word_1_236' title='bbox 2786 517 2847 563; x_wconf 90' lang='lat' dir='ltr'><strong>ut</strong></span> <span class='ocrx_word' id='word_1_237' title='bbox 2874 510 2919 563; x_wconf 92' lang='lat' dir='ltr'><strong>si</strong></span> <span class='ocrx_word' id='word_1_238' title='bbox 2971 510 3097 578; x_wconf 88' lang='lat' dir='ltr'><strong>quid</strong></span> <span class='ocrx_word' id='word_1_239' title='bbox 3125 512 3193 567; x_wconf 93' lang='lat' dir='ltr'><strong>de</strong></span> <span class='ocrx_word' id='word_1_240' title='bbox 3244 521 3297 567; x_wconf 91' lang='lat' dir='ltr'><strong>te</strong></span> <span class='ocrx_word' id='word_1_241' title='bbox 3348 516 3492 571; x_wconf 84' lang='lat' dir='ltr'><strong>aliud</strong></span> 
     </span>
    </p>
   </div>
   <div class='ocr_carea' id='block_1_35' title="bbox 1917 594 3489 673">
    <p class='ocr_par' dir='ltr' id='par_1_35' title="bbox 1917 594 3489 673">
     <span class='ocr_line' id='line_1_35' title="bbox 1917 594 3489 673; baseline 0.01 -26"><span class='ocrx_word' id='word_1_242' title='bbox 1917 594 2143 649; x_wconf 89' lang='lat' dir='ltr'><strong>Domino</strong></span> <span class='ocrx_word' id='word_1_243' title='bbox 2189 596 2481 665; x_wconf 89' lang='lat' dir='ltr'><strong>placuerit,</strong></span> <span class='ocrx_word' id='word_1_244' title='bbox 2519 598 2634 667; x_wconf 88' lang='lat' dir='ltr'><strong>ejus</strong></span> <span class='ocrx_word' id='word_1_245' title='bbox 2679 601 3009 656; x_wconf 89' lang='lat' dir='ltr'><strong>voluntatem</strong></span> <span class='ocrx_word' id='word_1_246' title='bbox 3064 606 3317 673; x_wconf 72' lang='lat' dir='ltr'><strong>pneferas</strong></span> <span class='ocrx_word' id='word_1_247' title='bbox 3364 615 3489 673; x_wconf 69' lang='lat' dir='ltr'><strong>ture,</strong></span> 
     </span>
    </p>
   </div>
   <div class='ocr_carea' id='block_1_36' title="bbox 1916 684 3493 761">
    <p class='ocr_par' dir='ltr' id='par_1_36' title="bbox 1916 684 3493 761">
     <span class='ocr_line' id='line_1_36' title="bbox 1916 684 3493 761; baseline 0.009 -24"><span class='ocrx_word' id='word_1_248' title='bbox 1916 684 2145 753; x_wconf 93' lang='lat' dir='ltr'><strong>idipsum</strong></span> <span class='ocrx_word' id='word_1_249' title='bbox 2176 688 2446 754; x_wconf 89' lang='lat' dir='ltr'><strong>aliquanto</strong></span> <span class='ocrx_word' id='word_1_250' title='bbox 2474 691 2709 759; x_wconf 90' lang='lat' dir='ltr'><strong>apertius</strong></span> <span class='ocrx_word' id='word_1_251' title='bbox 2727 693 3042 761; x_wconf 88' lang='lat' dir='ltr'><strong>explicares.</strong></span> <span class='ocrx_word' id='word_1_252' title='bbox 3065 696 3308 761; x_wconf 90' lang='lat' dir='ltr'><strong>Quonam</strong></span> <span class='ocrx_word' id='word_1_253' title='bbox 3332 692 3493 754; x_wconf 84' lang='lat' dir='ltr'><strong>modo</strong></span> 
     </span>
    </p>
   </div>
   <div class='ocr_carea' id='block_1_37' title="bbox 1915 773 3491 855">
    <p class='ocr_par' dir='ltr' id='par_1_37' title="bbox 1915 773 3491 855">
     <span class='ocr_line' id='line_1_37' title="bbox 1915 773 3491 855; baseline 0.013 -30"><span class='ocrx_word' id='word_1_254' title='bbox 1915 773 2241 828; x_wconf 88' lang='lat' dir='ltr'><strong>voluntatem</strong></span> <span class='ocrx_word' id='word_1_255' title='bbox 2264 775 2377 841; x_wconf 90' lang='lat' dir='ltr'><strong>Dei,</strong></span> <span class='ocrx_word' id='word_1_256' title='bbox 2400 792 2520 846; x_wconf 74' lang='lat' dir='ltr'><strong>qum</strong></span> <span class='ocrx_word' id='word_1_257' title='bbox 2570 788 2768 835; x_wconf 69' lang='lat' dir='ltr'><strong>nostrae</strong></span> <span class='ocrx_word' id='word_1_258' title='bbox 2822 783 3085 839; x_wconf 87' lang='lat' dir='ltr'><strong>voluntati</strong></span> <span class='ocrx_word' id='word_1_259' title='bbox 3134 792 3491 855; x_wconf 59' lang='lat' dir='ltr'><strong>praeponenda</strong></span> 
     </span>
    </p>
   </div>
   <div class='ocr_carea' id='block_1_38' title="bbox 1915 866 2901 925">
    <p class='ocr_par' dir='ltr' id='par_1_38' title="bbox 1915 866 2901 925">
     <span class='ocr_line' id='line_1_38' title="bbox 1915 866 2901 925; baseline 0.01 -10"><span class='ocrx_word' id='word_1_260' title='bbox 1915 870 2014 925; x_wconf 86' lang='lat' dir='ltr'><strong>est,</strong></span> <span class='ocrx_word' id='word_1_261' title='bbox 2044 866 2367 919; x_wconf 84' lang='lat' dir='ltr'><strong>noverimus.</strong></span> <span class='ocrx_word' id='word_1_262' title='bbox 2896 892 2901 897; x_wconf 90' lang='grc'><strong>·</strong></span> 
     </span>
    </p>
   </div>
   <div class='ocr_carea' id='block_1_39' title="bbox 1913 956 3489 1035">
    <p class='ocr_par' dir='ltr' id='par_1_39' title="bbox 1913 956 3489 1035">
     <span class='ocr_line' id='line_1_39' title="bbox 1913 956 3489 1035; baseline 0.015 -31"><span class='ocrx_word' id='word_1_263' title='bbox 1913 966 2253 1020; x_wconf 62' lang='lat' dir='ltr'><strong>aucosruvus,</strong></span> <span class='ocrx_word' id='word_1_264' title='bbox 2298 970 2467 1011; x_wconf 80' lang='lat' dir='ltr'><strong>EPIST.</strong></span> <span class='ocrx_word' id='word_1_265' title='bbox 2520 956 2589 1011; x_wconf 83' lang='lat'><strong>95</strong></span> <span class='ocrx_word' id='word_1_266' title='bbox 2626 958 2805 1029; x_wconf 56' lang='lat' dir='ltr'><strong>(mss</strong></span> <span class='ocrx_word' id='word_1_267' title='bbox 2825 962 2958 1035; x_wconf 75' lang='lat'><strong>250)</strong></span> <span class='ocrx_word' id='word_1_268' title='bbox 2998 981 3066 1021; x_wconf 63' lang='lat' dir='ltr'><strong>an</strong></span> <span class='ocrx_word' id='word_1_269' title='bbox 3116 985 3372 1025; x_wconf 72' lang='lat' dir='ltr'><strong>mcmvu</strong></span> <span class='ocrx_word' id='word_1_270' title='bbox 3422 987 3489 1027; x_wconf 74' lang='grc' dir='ltr'><strong>ετ</strong></span> 
     </span>
    </p>
   </div>
   <div class='ocr_carea' id='block_1_40' title="bbox 2544 1065 2862 1108">
    <p class='ocr_par' dir='ltr' id='par_1_40' title="bbox 2544 1065 2862 1108">
     <span class='ocr_line' id='line_1_40' title="bbox 2544 1065 2862 1108; baseline 0.019 -6"><span class='ocrx_word' id='word_1_271' title='bbox 2544 1065 2862 1108; x_wconf 71' lang='grc' dir='ltr'><strong>ΤΠΕΒΑΒΙΑΙΙ.</strong></span> 
     </span>
    </p>
   </div>
   <div class='ocr_carea' id='block_1_41' title="bbox 1915 1132 3595 1202">
    <p class='ocr_par' dir='ltr' id='par_1_41' title="bbox 1915 1132 3595 1202">
     <span class='ocr_line' id='line_1_41' title="bbox 1915 1132 3595 1202; baseline 0.013 -21"><span class='ocrx_word' id='word_1_272' title='bbox 1915 1132 2040 1195; x_wconf 82' lang='lat' dir='ltr'><strong>(Hoc</strong></span> <span class='ocrx_word' id='word_1_273' title='bbox 2055 1132 2378 1197; x_wconf 78' lang='lat' dir='ltr'><strong>fragmentum</strong></span> <span class='ocrx_word' id='word_1_274' title='bbox 2402 1138 2627 1189; x_wconf 89' lang='lat' dir='ltr'><strong>collatum</strong></span> <span class='ocrx_word' id='word_1_275' title='bbox 2668 1150 2744 1191; x_wconf 84' lang='lat' dir='ltr'><strong>est</strong></span> <span class='ocrx_word' id='word_1_276' title='bbox 2777 1158 2886 1192; x_wconf 90' lang='lat' dir='ltr'><strong>cum</strong></span> <span class='ocrx_word' id='word_1_277' title='bbox 2914 1148 3033 1195; x_wconf 86' lang='lat' dir='ltr'><strong>edit.</strong></span> <span class='ocrx_word' id='word_1_278' title='bbox 3053 1147 3245 1200; x_wconf 85' lang='lat' dir='ltr'><strong>Bened.</strong></span> <span class='ocrx_word' id='word_1_279' title='bbox 3272 1153 3331 1201; x_wconf 84' lang='lat' dir='ltr'><strong>ad</strong></span> <span class='ocrx_word' id='word_1_280' title='bbox 3354 1152 3491 1202; x_wconf 73' lang='lat' dir='ltr'><strong>Vati-</strong></span> <span class='ocrx_word' id='word_1_281' title='bbox 3584 1152 3595 1159; x_wconf 90' lang='grc'><strong><em>“</em></strong></span> 
     </span>
    </p>
   </div>
   <div class='ocr_carea' id='block_1_42' title="bbox 2206 1202 3193 1273">
    <p class='ocr_par' dir='ltr' id='par_1_42' title="bbox 2206 1202 3193 1273">
     <span class='ocr_line' id='line_1_42' title="bbox 2206 1202 3193 1273; baseline 0.013 -26"><span class='ocrx_word' id='word_1_282' title='bbox 2206 1210 2379 1247; x_wconf 82' lang='lat' dir='ltr'><strong>canum</strong></span> <span class='ocrx_word' id='word_1_283' title='bbox 2404 1202 2660 1263; x_wconf 76' lang='lat' dir='ltr'><strong>exemplar</strong></span> <span class='ocrx_word' id='word_1_284' title='bbox 2684 1213 2735 1253; x_wconf 90' lang='lat' dir='ltr'><strong>et</strong></span> <span class='ocrx_word' id='word_1_285' title='bbox 2758 1206 2817 1252; x_wconf 88' lang='lat' dir='ltr'><strong>ad</strong></span> <span class='ocrx_word' id='word_1_286' title='bbox 2838 1209 2957 1256; x_wconf 80' lang='lat' dir='ltr'><strong>edit.</strong></span> <span class='ocrx_word' id='word_1_287' title='bbox 2988 1208 3193 1273; x_wconf 84' lang='lat' dir='ltr'><strong>Lovan.)</strong></span> 
     </span>
    </p>
   </div>
   <div class='ocr_carea' id='block_1_43' title="bbox 1981 1275 3489 1359">
    <p class='ocr_par' dir='ltr' id='par_1_43' title="bbox 1981 1275 3489 1359">
     <span class='ocr_line' id='line_1_43' title="bbox 1981 1275 3489 1359; baseline 0.013 -29"><span class='ocrx_word' id='word_1_288' title='bbox 1981 1275 2210 1343; x_wconf 62' lang='lat' dir='ltr'><strong>Quaesivi</strong></span> <span class='ocrx_word' id='word_1_289' title='bbox 2238 1280 2332 1335; x_wconf 87' lang='lat' dir='ltr'><strong>abs</strong></span> <span class='ocrx_word' id='word_1_290' title='bbox 2352 1289 2405 1335; x_wconf 92' lang='lat' dir='ltr'><strong>te</strong></span> <span class='ocrx_word' id='word_1_291' title='bbox 2433 1282 2699 1352; x_wconf 90' lang='lat' dir='ltr'><strong>prioribus</strong></span> <span class='ocrx_word' id='word_1_292' title='bbox 2726 1286 2937 1356; x_wconf 90' lang='lat' dir='ltr'><strong>litteris,</strong></span> <span class='ocrx_word' id='word_1_293' title='bbox 2960 1291 3256 1359; x_wconf 89' lang='lat' dir='ltr'><strong>qualisnam</strong></span> <span class='ocrx_word' id='word_1_294' title='bbox 3287 1293 3382 1349; x_wconf 91' lang='lat' dir='ltr'><strong>tibi</strong></span> <span class='ocrx_word' id='word_1_295' title='bbox 3410 1295 3489 1349; x_wconf 79' lang='lat' dir='ltr'><strong>vi-</strong></span> 
     </span>
    </p>
   </div>
   <div class='ocr_carea' id='block_1_44' title="bbox 1911 1366 3486 1439">
    <p class='ocr_par' dir='ltr' id='par_1_44' title="bbox 1911 1366 3486 1439">
     <span class='ocr_line' id='line_1_44' title="bbox 1911 1366 3486 1439; baseline 0.014 -21"><span class='ocrx_word' id='word_1_296' title='bbox 1911 1366 2100 1421; x_wconf 92' lang='lat' dir='ltr'><strong>deatur</strong></span> <span class='ocrx_word' id='word_1_297' title='bbox 2127 1368 2301 1423; x_wconf 90' lang='lat' dir='ltr'><strong>futura</strong></span> <span class='ocrx_word' id='word_1_298' title='bbox 2324 1380 2523 1426; x_wconf 70' lang='lat' dir='ltr'><strong>(eterna</strong></span> <span class='ocrx_word' id='word_1_299' title='bbox 2553 1374 2662 1428; x_wconf 90' lang='lat' dir='ltr'><strong>vita</strong></span> <span class='ocrx_word' id='word_1_300' title='bbox 2691 1374 3030 1434; x_wconf 90' lang='lat' dir='ltr'><strong>Sanctorum.</strong></span> <span class='ocrx_word' id='word_1_301' title='bbox 3060 1380 3166 1436; x_wconf 90' lang='lat' dir='ltr'><strong>Sed</strong></span> <span class='ocrx_word' id='word_1_302' title='bbox 3192 1384 3329 1438; x_wconf 90' lang='lat' dir='ltr'><strong>bene</strong></span> <span class='ocrx_word' id='word_1_303' title='bbox 3357 1385 3486 1439; x_wconf 81' lang='lat' dir='ltr'><strong>milt&#39;</strong></span> 
     </span>
    </p>
   </div>
   <div class='ocr_carea' id='block_1_45' title="bbox 1912 1458 3489 1535">
    <p class='ocr_par' dir='ltr' id='par_1_45' title="bbox 1912 1458 3489 1535">
     <span class='ocr_line' id='line_1_45' title="bbox 1912 1458 3489 1535; baseline 0.015 -26"><span class='ocrx_word' id='word_1_304' title='bbox 1912 1458 2254 1526; x_wconf 88' lang='lat' dir='ltr'><strong>respondisti,</strong></span> <span class='ocrx_word' id='word_1_305' title='bbox 2278 1462 2438 1516; x_wconf 90' lang='lat' dir='ltr'><strong>etiam</strong></span> <span class='ocrx_word' id='word_1_306' title='bbox 2460 1463 2525 1518; x_wconf 90' lang='lat' dir='ltr'><strong>de</strong></span> <span class='ocrx_word' id='word_1_307' title='bbox 2555 1469 2832 1535; x_wconf 67' lang='lat' dir='ltr'><strong>przesentis</strong></span> <span class='ocrx_word' id='word_1_308' title='bbox 2858 1471 2980 1525; x_wconf 81' lang='lat' dir='ltr'><strong>vitae</strong></span> <span class='ocrx_word' id='word_1_309' title='bbox 2998 1479 3139 1527; x_wconf 87' lang='lat' dir='ltr'><strong>statu</strong></span> <span class='ocrx_word' id='word_1_310' title='bbox 3168 1475 3341 1530; x_wconf 86' lang='lat' dir='ltr'><strong>adhuc</strong></span> <span class='ocrx_word' id='word_1_311' title='bbox 3368 1484 3489 1532; x_wconf 77' lang='lat' dir='ltr'><strong>esse</strong></span> 
     </span>
    </p>
   </div>
   <div class='ocr_carea' id='block_1_46' title="bbox 1913 1545 2520 1615">
    <p class='ocr_par' dir='ltr' id='par_1_46' title="bbox 1913 1545 2520 1615">
     <span class='ocr_line' id='line_1_46' title="bbox 1913 1545 2520 1615; baseline 0.015 -18"><span class='ocrx_word' id='word_1_312' title='bbox 1913 1545 2093 1615; x_wconf 90' lang='lat' dir='ltr'><strong>utique</strong></span> <span class='ocrx_word' id='word_1_313' title='bbox 2120 1549 2520 1606; x_wconf 90' lang='lat' dir='ltr'><strong>consulendum.</strong></span> 
     </span>
    </p>
   </div>
   <div class='ocr_carea' id='block_1_47' title="bbox 2001 1643 3414 1719">
    <p class='ocr_par' dir='ltr' id='par_1_47' title="bbox 2001 1643 3414 1719">
     <span class='ocr_line' id='line_1_47' title="bbox 2001 1643 3414 1719; baseline 0.016 -31"><span class='ocrx_word' id='word_1_314' title='bbox 2001 1651 2341 1703; x_wconf 72' lang='lat' dir='ltr'><strong>AUGUSTINUS,</strong></span> <span class='ocrx_word' id='word_1_315' title='bbox 2372 1656 2540 1695; x_wconf 77' lang='lat' dir='ltr'><strong>EPIST.</strong></span> <span class='ocrx_word' id='word_1_316' title='bbox 2570 1643 2670 1697; x_wconf 73' lang='grc'>149</span> <span class='ocrx_word' id='word_1_317' title='bbox 2692 1646 2871 1716; x_wconf 72' lang='grc' dir='ltr'><strong>(ΑιιΑε</strong></span> <span class='ocrx_word' id='word_1_318' title='bbox 2906 1647 3001 1719; x_wconf 83' lang='grc'><strong>59)</strong></span> <span class='ocrx_word' id='word_1_319' title='bbox 3031 1668 3097 1705; x_wconf 71' lang='grc' dir='ltr'><strong>ΑΒ</strong></span> <span class='ocrx_word' id='word_1_320' title='bbox 3132 1669 3414 1710; x_wconf 71' lang='grc' dir='ltr'><strong>ΡΔυιίΝυΙΙ.</strong></span> 
     </span>
    </p>
   </div>
   <div class='ocr_carea' id='block_1_48' title="bbox 1912 1721 3487 1796">
    <p class='ocr_par' dir='ltr' id='par_1_48' title="bbox 1912 1721 3487 1796">
     <span class='ocr_line' id='line_1_48' title="bbox 1912 1721 3487 1796; baseline 0.016 -26"><span class='ocrx_word' id='word_1_321' title='bbox 1912 1721 2113 1784; x_wconf 76' lang='lat' dir='ltr'><strong>(Collata</strong></span> <span class='ocrx_word' id='word_1_322' title='bbox 2130 1734 2245 1776; x_wconf 88' lang='lat' dir='ltr'><strong>sunt</strong></span> <span class='ocrx_word' id='word_1_323' title='bbox 2268 1730 2372 1778; x_wconf 70' lang='lat' dir='ltr'><strong>haec</strong></span> <span class='ocrx_word' id='word_1_324' title='bbox 2395 1729 2659 1796; x_wconf 63' lang='lat' dir='ltr'><strong>fragtttcula</strong></span> <span class='ocrx_word' id='word_1_325' title='bbox 2701 1748 2809 1783; x_wconf 91' lang='lat' dir='ltr'><strong>cum</strong></span> <span class='ocrx_word' id='word_1_326' title='bbox 2835 1739 2953 1787; x_wconf 89' lang='lat' dir='ltr'><strong>edit.</strong></span> <span class='ocrx_word' id='word_1_327' title='bbox 2978 1740 3165 1791; x_wconf 84' lang='lat' dir='ltr'><strong>Bened.</strong></span> <span class='ocrx_word' id='word_1_328' title='bbox 3190 1743 3249 1792; x_wconf 83' lang='lat' dir='ltr'><strong>ad</strong></span> <span class='ocrx_word' id='word_1_329' title='bbox 3274 1758 3388 1796; x_wconf 84' lang='lat' dir='ltr'><strong>mss.</strong></span> <span class='ocrx_word' id='word_1_330' title='bbox 3406 1760 3487 1795; x_wconf 87' lang='lat' dir='ltr'><strong>co-</strong></span> 
     </span>
    </p>
   </div>
   <div class='ocr_carea' id='block_1_49' title="bbox 2423 1794 2950 1861">
    <p class='ocr_par' dir='ltr' id='par_1_49' title="bbox 2423 1794 2950 1861">
     <span class='ocr_line' id='line_1_49' title="bbox 2423 1794 2950 1861; baseline 0.015 -22"><span class='ocrx_word' id='word_1_331' title='bbox 2423 1795 2558 1840; x_wconf 74' lang='lat' dir='ltr'><strong>dices</strong></span> <span class='ocrx_word' id='word_1_332' title='bbox 2579 1794 2636 1842; x_wconf 69' lang='lat'><strong>:23</strong></span> <span class='ocrx_word' id='word_1_333' title='bbox 2663 1805 2712 1843; x_wconf 89' lang='lat' dir='ltr'><strong>et</strong></span> <span class='ocrx_word' id='word_1_334' title='bbox 2736 1798 2856 1846; x_wconf 87' lang='lat' dir='ltr'><strong>edit.</strong></span> <span class='ocrx_word' id='word_1_335' title='bbox 2880 1800 2950 1861; x_wconf 70' lang='grc'><strong>4.)</strong></span> 
     </span>
    </p>
   </div>
   <div class='ocr_carea' id='block_1_50' title="bbox 1985 1864 3485 1956">
    <p class='ocr_par' dir='ltr' id='par_1_50' title="bbox 1985 1864 3485 1956">
     <span class='ocr_line' id='line_1_50' title="bbox 1985 1864 3485 1956; baseline 0.017 -37"><span class='ocrx_word' id='word_1_336' title='bbox 1985 1864 2051 1920; x_wconf 93' lang='lat' dir='ltr'><strong>Ut</strong></span> <span class='ocrx_word' id='word_1_337' title='bbox 2075 1870 2245 1936; x_wconf 88' lang='lat' dir='ltr'><strong>potui,</strong></span> <span class='ocrx_word' id='word_1_338' title='bbox 2268 1886 2374 1923; x_wconf 93' lang='lat' dir='ltr'><strong>non</strong></span> <span class='ocrx_word' id='word_1_339' title='bbox 2404 1872 2547 1927; x_wconf 80' lang='lat' dir='ltr'><strong>defui</strong></span> <span class='ocrx_word' id='word_1_340' title='bbox 2575 1875 3077 1945; x_wconf 87' lang='lat' dir='ltr'><strong>interrogationibus</strong></span> <span class='ocrx_word' id='word_1_341' title='bbox 3120 1886 3243 1950; x_wconf 90' lang='lat' dir='ltr'><strong>tuis,</strong></span> <span class='ocrx_word' id='word_1_342' title='bbox 3275 1887 3485 1956; x_wconf 78' lang='lat' dir='ltr'><strong>adjutus</strong></span> 
     </span>
    </p>
   </div>
   <div class='ocr_carea' id='block_1_51' title="bbox 1911 1960 3485 2047">
    <p class='ocr_par' dir='ltr' id='par_1_51' title="bbox 1911 1960 3485 2047">
     <span class='ocr_line' id='line_1_51' title="bbox 1911 1960 3485 2047; baseline 0.016 -36"><span class='ocrx_word' id='word_1_343' title='bbox 1911 1960 2241 2017; x_wconf 89' lang='lat' dir='ltr'><strong>orationibus</strong></span> <span class='ocrx_word' id='word_1_344' title='bbox 2272 1963 2393 2028; x_wconf 87' lang='lat' dir='ltr'><strong>tuis,</strong></span> <span class='ocrx_word' id='word_1_345' title='bbox 2426 1975 2479 2018; x_wconf 90' lang='lat' dir='ltr'><strong>et</strong></span> <span class='ocrx_word' id='word_1_346' title='bbox 2505 1968 2652 2035; x_wconf 87' lang='lat' dir='ltr'><strong>ipsis,</strong></span> <span class='ocrx_word' id='word_1_347' title='bbox 2680 1986 2814 2038; x_wconf 89' lang='lat' dir='ltr'><strong>quas</strong></span> <span class='ocrx_word' id='word_1_348' title='bbox 2868 1975 3080 2042; x_wconf 88' lang='lat' dir='ltr'><strong>misisti,</strong></span> <span class='ocrx_word' id='word_1_349' title='bbox 3110 1978 3485 2047; x_wconf 79' lang='lat' dir='ltr'><strong>disputationi—-</strong></span> 
     </span>
    </p>
   </div>
   <div class='ocr_carea' id='block_1_52' title="bbox 1908 2048 3486 2137">
    <p class='ocr_par' dir='ltr' id='par_1_52' title="bbox 1908 2048 3486 2137">
     <span class='ocr_line' id='line_1_52' title="bbox 1908 2048 3486 2137; baseline 0.016 -37"><span class='ocrx_word' id='word_1_350' title='bbox 1908 2048 2007 2101; x_wconf 92' lang='lat' dir='ltr'><strong>bus</strong></span> <span class='ocrx_word' id='word_1_351' title='bbox 2039 2051 2161 2104; x_wconf 93' lang='lat' dir='ltr'><strong>tuis.</strong></span> <span class='ocrx_word' id='word_1_352' title='bbox 2192 2050 2326 2105; x_wconf 89' lang='lat' dir='ltr'><strong>Cum</strong></span> <span class='ocrx_word' id='word_1_353' title='bbox 2356 2055 2497 2108; x_wconf 94' lang='lat' dir='ltr'><strong>enim</strong></span> <span class='ocrx_word' id='word_1_354' title='bbox 2528 2057 2904 2127; x_wconf 82' lang='lat' dir='ltr'><strong>interrogando</strong></span> <span class='ocrx_word' id='word_1_355' title='bbox 2926 2064 3184 2134; x_wconf 88' lang='lat' dir='ltr'><strong>disputas,</strong></span> <span class='ocrx_word' id='word_1_356' title='bbox 3216 2077 3270 2121; x_wconf 92' lang='lat' dir='ltr'><strong>et</strong></span> <span class='ocrx_word' id='word_1_357' title='bbox 3290 2072 3486 2137; x_wconf 60' lang='lat' dir='ltr'><strong>quaeris</strong></span> 
     </span>
    </p>
   </div>
   <div class='ocr_carea' id='block_1_53' title="bbox 1907 2140 3481 2215">
    <p class='ocr_par' dir='ltr' id='par_1_53' title="bbox 1907 2140 3481 2215">
     <span class='ocr_line' id='line_1_53' title="bbox 1907 2140 3481 2215; baseline 0.016 -25"><span class='ocrx_word' id='word_1_358' title='bbox 1907 2140 2119 2205; x_wconf 88' lang='lat' dir='ltr'><strong>acriter,</strong></span> <span class='ocrx_word' id='word_1_359' title='bbox 2143 2148 2198 2193; x_wconf 92' lang='lat' dir='ltr'><strong>et</strong></span> <span class='ocrx_word' id='word_1_360' title='bbox 2243 2143 2403 2198; x_wconf 81' lang='lat' dir='ltr'><strong>doces</strong></span> <span class='ocrx_word' id='word_1_361' title='bbox 2453 2145 2815 2205; x_wconf 88' lang='lat' dir='ltr'><strong>humiliter....</strong></span> <span class='ocrx_word' id='word_1_362' title='bbox 2866 2151 2983 2207; x_wconf 86' lang='lat' dir='ltr'><strong>Non</strong></span> <span class='ocrx_word' id='word_1_363' title='bbox 3030 2156 3172 2209; x_wconf 92' lang='lat' dir='ltr'><strong>enim</strong></span> <span class='ocrx_word' id='word_1_364' title='bbox 3227 2158 3481 2215; x_wconf 90' lang='lat' dir='ltr'><strong>uberiore</strong></span> 
     </span>
    </p>
   </div>
   <div class='ocr_carea' id='block_1_54' title="bbox 1905 2226 3479 2317">
    <p class='ocr_par' dir='ltr' id='par_1_54' title="bbox 1905 2226 3479 2317">
     <span class='ocr_line' id='line_1_54' title="bbox 1905 2226 3479 2317; baseline 0.015 -37"><span class='ocrx_word' id='word_1_365' title='bbox 1905 2226 2079 2283; x_wconf 85' lang='lat' dir='ltr'><strong>fructu</strong></span> <span class='ocrx_word' id='word_1_366' title='bbox 2111 2231 2234 2297; x_wconf 90' lang='lat' dir='ltr'><strong>lcgit</strong></span> <span class='ocrx_word' id='word_1_367' title='bbox 2260 2233 2342 2286; x_wconf 90' lang='lat' dir='ltr'><strong>vel</strong></span> <span class='ocrx_word' id='word_1_368' title='bbox 2371 2234 2517 2288; x_wconf 89' lang='lat' dir='ltr'><strong>audit</strong></span> <span class='ocrx_word' id='word_1_369' title='bbox 2553 2252 2638 2290; x_wconf 93' lang='lat' dir='ltr'><strong>me</strong></span> <span class='ocrx_word' id='word_1_370' title='bbox 2666 2237 2951 2295; x_wconf 90' lang='lat' dir='ltr'><strong>docentem</strong></span> <span class='ocrx_word' id='word_1_371' title='bbox 2998 2259 3063 2298; x_wconf 90' lang='lat' dir='ltr'><strong>ac</strong></span> <span class='ocrx_word' id='word_1_372' title='bbox 3107 2245 3479 2317; x_wconf 83' lang='lat' dir='ltr'><strong>disserentem,</strong></span> 
     </span>
    </p>
   </div>
   <div class='ocr_carea' id='block_1_55' title="bbox 1904 2319 3483 2407">
    <p class='ocr_par' dir='ltr' id='par_1_55' title="bbox 1904 2319 3483 2407">
     <span class='ocr_line' id='line_1_55' title="bbox 1904 2319 3483 2407; baseline 0.015 -36"><span class='ocrx_word' id='word_1_373' title='bbox 1904 2319 1991 2372; x_wconf 91' lang='lat' dir='ltr'><strong>vel</strong></span> <span class='ocrx_word' id='word_1_374' title='bbox 2018 2321 2341 2388; x_wconf 86' lang='lat' dir='ltr'><strong>quibuslibet</strong></span> <span class='ocrx_word' id='word_1_375' title='bbox 2362 2325 2825 2384; x_wconf 84' lang='lat' dir='ltr'><strong>exhortationibus</strong></span> <span class='ocrx_word' id='word_1_376' title='bbox 2876 2333 3258 2391; x_wconf 90' lang='lat' dir='ltr'><strong>accendentem</strong></span> <span class='ocrx_word' id='word_1_377' title='bbox 3277 2379 3291 2405; x_wconf 94' lang='lat'><strong>,</strong></span> <span class='ocrx_word' id='word_1_378' title='bbox 3321 2353 3483 2407; x_wconf 88' lang='lat' dir='ltr'><strong>quam</strong></span> 
     </span>
    </p>
   </div>
   <div class='ocr_carea' id='block_1_56' title="bbox 1906 2411 2502 2481">
    <p class='ocr_par' dir='ltr' id='par_1_56' title="bbox 1906 2411 2502 2481">
     <span class='ocr_line' id='line_1_56' title="bbox 1906 2411 2502 2481; baseline 0.008 -16"><span class='ocrx_word' id='word_1_379' title='bbox 1906 2411 2117 2481; x_wconf 89' lang='lat' dir='ltr'><strong>inspicit</strong></span> <span class='ocrx_word' id='word_1_380' title='bbox 2142 2421 2195 2468; x_wconf 91' lang='lat' dir='ltr'><strong>te</strong></span> <span class='ocrx_word' id='word_1_381' title='bbox 2216 2415 2502 2470; x_wconf 87' lang='lat' dir='ltr'><strong>viventem.</strong></span> 
     </span>
    </p>
   </div>
   <div class='ocr_carea' id='block_1_57' title="bbox 1903 2528 3481 2605">
    <p class='ocr_par' dir='ltr' id='par_1_57' title="bbox 1903 2528 3481 2605">
     <span class='ocr_line' id='line_1_57' title="bbox 1903 2528 3481 2605; baseline 0.012 -28"><span class='ocrx_word' id='word_1_382' title='bbox 1903 2539 2240 2593; x_wconf 68' lang='lat' dir='ltr'><strong>AUGUSTINUS,</strong></span> <span class='ocrx_word' id='word_1_383' title='bbox 2264 2544 2433 2584; x_wconf 79' lang='lat' dir='ltr'><strong>EPIST.</strong></span> <span class='ocrx_word' id='word_1_384' title='bbox 2466 2528 2567 2584; x_wconf 87' lang='grc'>186</span> <span class='ocrx_word' id='word_1_385' title='bbox 2612 2531 2785 2601; x_wconf 63' lang='lat' dir='ltr'><strong>(suas</strong></span> <span class='ocrx_word' id='word_1_386' title='bbox 2816 2533 2937 2605; x_wconf 85' lang='grc'>106)</span> <span class='ocrx_word' id='word_1_387' title='bbox 2980 2552 3185 2593; x_wconf 73' lang='lat' dir='ltr'><strong>CONTRA</strong></span> <span class='ocrx_word' id='word_1_388' title='bbox 3231 2556 3481 2596; x_wconf 74' lang='lat' dir='ltr'><strong>PELAGIA-</strong></span> 
     </span>
    </p>
   </div>
   <div class='ocr_carea' id='block_1_58' title="bbox 2448 2636 2949 2680">
    <p class='ocr_par' dir='ltr' id='par_1_58' title="bbox 2448 2636 2949 2680">
     <span class='ocr_line' id='line_1_58' title="bbox 2448 2636 2949 2680; baseline 0.01 -5"><span class='ocrx_word' id='word_1_389' title='bbox 2448 2636 2545 2677; x_wconf 77' lang='lat' dir='ltr'><strong>N08</strong></span> <span class='ocrx_word' id='word_1_390' title='bbox 2575 2639 2638 2677; x_wconf 72' lang='lat' dir='ltr'><strong>AD</strong></span> <span class='ocrx_word' id='word_1_391' title='bbox 2668 2639 2949 2680; x_wconf 73' lang='lat' dir='ltr'><strong>PAULINUI.</strong></span> 
     </span>
    </p>
   </div>
   <div class='ocr_carea' id='block_1_59' title="bbox 1904 2703 3478 2837">
    <p class='ocr_par' dir='ltr' id='par_1_59' title="bbox 1904 2703 3478 2837">
     <span class='ocr_line' id='line_1_59' title="bbox 1904 2703 3478 2837; baseline 0.013 -86"><span class='ocrx_word' id='word_1_392' title='bbox 1904 2703 2273 2767; x_wconf 71' lang='lat' dir='ltr'><strong>(Fragmentum</strong></span> <span class='ocrx_word' id='word_1_393' title='bbox 2301 2708 2417 2757; x_wconf 90' lang='lat' dir='ltr'><strong>illud</strong></span> <span class='ocrx_word' id='word_1_394' title='bbox 2454 2710 2700 2822; x_wconf 48' lang='lat' dir='ltr'><strong>urg-(£131</strong></span> <span class='ocrx_word' id='word_1_395' title='bbox 2704 2722 2911 2837; x_wconf 49' lang='lat' dir='ltr'><strong>etst‘ctim</strong></span> <span class='ocrx_word' id='word_1_396' title='bbox 2931 2716 3049 2766; x_wconf 91' lang='lat' dir='ltr'><strong>edit.</strong></span> <span class='ocrx_word' id='word_1_397' title='bbox 3075 2717 3261 2768; x_wconf 87' lang='lat' dir='ltr'><strong>Bened.</strong></span> <span class='ocrx_word' id='word_1_398' title='bbox 3283 2720 3341 2770; x_wconf 80' lang='lat' dir='ltr'><strong>ad</strong></span> <span class='ocrx_word' id='word_1_399' title='bbox 3366 2735 3478 2771; x_wconf 85' lang='lat' dir='ltr'><strong>mss.</strong></span> 
     </span>
     <span class='ocr_line' id='line_1_60' title="bbox 2707 2789 2827 2824; baseline 0.017 -2"><span class='ocrx_word' id='word_1_400' title='bbox 2707 2789 2717 2822; x_wconf 89' lang='grc' dir='ltr'>ι</span> <span class='ocrx_word' id='word_1_401' title='bbox 2749 2812 2761 2823; x_wconf 93' lang='grc'><strong>.</strong></span> <span class='ocrx_word' id='word_1_402' title='bbox 2818 2815 2827 2824; x_wconf 92' lang='grc'>.</span> 
     </span>
    </p>
   </div>
   <div class='ocr_carea' id='block_1_60' title="bbox 2707 2789 2827 2824">
    <p class='ocr_par' dir='ltr' id='par_1_60' title="bbox 2707 2789 2827 2824">
     <span class='ocr_line' id='line_1_61' title="bbox 2707 2789 2827 2824; baseline 0.017 -2"><span class='ocrx_word' id='word_1_403' title='bbox 2707 2789 2761 2824; x_wconf 84' lang='lat' dir='ltr'><strong>ll.</strong></span> <span class='ocrx_word' id='word_1_404' title='bbox 2782 2789 2827 2824; x_wconf 74' lang='grc'><strong>4.</strong></span> 
     </span>
    </p>
   </div>
   <div class='ocr_carea' id='block_1_61' title="bbox 1970 2846 3481 2935">
    <p class='ocr_par' dir='ltr' id='par_1_61' title="bbox 1970 2846 3481 2935">
     <span class='ocr_line' id='line_1_62' title="bbox 1970 2846 3481 2935; baseline 0.014 -35"><span class='ocrx_word' id='word_1_405' title='bbox 1970 2846 2194 2903; x_wconf 89' lang='lat' dir='ltr'><strong>Oremus</strong></span> <span class='ocrx_word' id='word_1_406' title='bbox 2215 2865 2344 2919; x_wconf 89' lang='lat' dir='ltr'><strong>ergo</strong></span> <span class='ocrx_word' id='word_1_407' title='bbox 2368 2868 2465 2921; x_wconf 90' lang='lat' dir='ltr'><strong>pro</strong></span> <span class='ocrx_word' id='word_1_408' title='bbox 2490 2852 2618 2920; x_wconf 78' lang='lat' dir='ltr'><strong>illis,</strong></span> <span class='ocrx_word' id='word_1_409' title='bbox 2636 2865 2819 2911; x_wconf 89' lang='lat' dir='ltr'><strong>sancte</strong></span> <span class='ocrx_word' id='word_1_410' title='bbox 2849 2857 3052 2913; x_wconf 87' lang='lat' dir='ltr'><strong>Frater.</strong></span> <span class='ocrx_word' id='word_1_411' title='bbox 3082 2859 3268 2917; x_wconf 90' lang='lat' dir='ltr'><strong>Cernis</strong></span> <span class='ocrx_word' id='word_1_412' title='bbox 3284 2866 3481 2935; x_wconf 83' lang='lat' dir='ltr'><strong>quippe</strong></span> 
     </span>
    </p>
   </div>
   <div class='ocr_carea' id='block_1_62' title="bbox 1901 2938 3481 3022">
    <p class='ocr_par' dir='ltr' id='par_1_62' title="bbox 1901 2938 3481 3022">
     <span class='ocr_line' id='line_1_63' title="bbox 1901 2938 3481 3022; baseline 0.012 -32"><span class='ocrx_word' id='word_1_413' title='bbox 1901 2938 2176 2993; x_wconf 89' lang='lat' dir='ltr'><strong>nobiscum</strong></span> <span class='ocrx_word' id='word_1_414' title='bbox 2223 2954 2384 3008; x_wconf 90' lang='lat' dir='ltr'><strong>quam</strong></span> <span class='ocrx_word' id='word_1_415' title='bbox 2444 2943 2587 2996; x_wconf 90' lang='lat' dir='ltr'><strong>malo</strong></span> <span class='ocrx_word' id='word_1_416' title='bbox 2634 2960 2819 3000; x_wconf 88' lang='lat' dir='ltr'><strong>errore</strong></span> <span class='ocrx_word' id='word_1_417' title='bbox 2874 2956 3176 3004; x_wconf 90' lang='lat' dir='ltr'><strong>teneantur.</strong></span> <span class='ocrx_word' id='word_1_418' title='bbox 3221 2953 3481 3022; x_wconf 87' lang='lat' dir='ltr'><strong>Fragrant</strong></span> 
     </span>
    </p>
   </div>
   <div class='ocr_carea' id='block_1_63' title="bbox 1901 3030 3478 3109">
    <p class='ocr_par' dir='ltr' id='par_1_63' title="bbox 1901 3030 3478 3109">
     <span class='ocr_line' id='line_1_64' title="bbox 1901 3030 3478 3109; baseline 0.011 -25"><span class='ocrx_word' id='word_1_419' title='bbox 1901 3030 2044 3084; x_wconf 90' lang='lat' dir='ltr'><strong>enim</strong></span> <span class='ocrx_word' id='word_1_420' title='bbox 2090 3030 2330 3099; x_wconf 77' lang='lat' dir='ltr'><strong>epiStolze</strong></span> <span class='ocrx_word' id='word_1_421' title='bbox 2363 3040 2463 3086; x_wconf 77' lang='lat' dir='ltr'><strong>tua:</strong></span> <span class='ocrx_word' id='word_1_422' title='bbox 2515 3032 2684 3088; x_wconf 86' lang='lat' dir='ltr'><strong>odore</strong></span> <span class='ocrx_word' id='word_1_423' title='bbox 2735 3036 3096 3093; x_wconf 89' lang='lat' dir='ltr'><strong>sincerissimo</strong></span> <span class='ocrx_word' id='word_1_424' title='bbox 3146 3040 3364 3109; x_wconf 88' lang='lat' dir='ltr'><strong>Christi,</strong></span> <span class='ocrx_word' id='word_1_425' title='bbox 3391 3048 3478 3101; x_wconf 81' lang='lat' dir='ltr'><strong>ubi</strong></span> 
     </span>
    </p>
   </div>
   <div class='ocr_carea' id='block_1_64' title="bbox 222 3121 1802 3202">
    <p class='ocr_par' dir='ltr' id='par_1_64' title="bbox 222 3130 1798 3201">
     <span class='ocr_line' id='line_1_65' title="bbox 222 3130 1798 3201; baseline 0.001 -16"><span class='ocrx_word' id='word_1_426' title='bbox 222 3133 566 3201; x_wconf 86' lang='lat' dir='ltr'><strong>perfectionis</strong></span> <span class='ocrx_word' id='word_1_427' title='bbox 592 3131 932 3199; x_wconf 88' lang='lat' dir='ltr'><strong>exempla....</strong></span> <span class='ocrx_word' id='word_1_428' title='bbox 976 3130 1244 3186; x_wconf 85' lang='lat' dir='ltr'><strong>Adversus</strong></span> <span class='ocrx_word' id='word_1_429' title='bbox 1287 3146 1523 3201; x_wconf 88' lang='lat' dir='ltr'><strong>paganos</strong></span> <span class='ocrx_word' id='word_1_430' title='bbox 1571 3140 1621 3187; x_wconf 90' lang='lat' dir='ltr'><strong>te</strong></span> <span class='ocrx_word' id='word_1_431' title='bbox 1664 3134 1798 3187; x_wconf 90' lang='lat' dir='ltr'><strong>scri-</strong></span> 
     </span>
    </p>
   </div>
   <div class='ocr_carea' id='block_1_65' title="bbox 1903 3121 3480 3202">
    <p class='ocr_par' dir='ltr' id='par_1_65' title="bbox 1903 3121 3480 3195">
     <span class='ocr_line' id='line_1_66' title="bbox 1903 3121 3480 3195; baseline 0.011 -22"><span class='ocrx_word' id='word_1_432' title='bbox 1903 3121 2337 3187; x_wconf 89' lang='lat' dir='ltr'><strong>germanissimus</strong></span> <span class='ocrx_word' id='word_1_433' title='bbox 2386 3125 2567 3190; x_wconf 62' lang='lat' dir='ltr'><strong>gratiae</strong></span> <span class='ocrx_word' id='word_1_434' title='bbox 2614 3124 2779 3195; x_wconf 88' lang='lat' dir='ltr'><strong>ipsius</strong></span> <span class='ocrx_word' id='word_1_435' title='bbox 2825 3127 3051 3183; x_wconf 93' lang='lat' dir='ltr'><strong>dilector</strong></span> <span class='ocrx_word' id='word_1_436' title='bbox 3100 3140 3155 3185; x_wconf 92' lang='lat' dir='ltr'><strong>et</strong></span> <span class='ocrx_word' id='word_1_437' title='bbox 3204 3134 3480 3191; x_wconf 87' lang='lat' dir='ltr'><strong>confessor</strong></span> 
     </span>
    </p>
   </div>
   <div class='ocr_carea' id='block_1_66' title="bbox 222 3223 1799 3295">
    <p class='ocr_par' dir='ltr' id='par_1_66' title="bbox 222 3223 1799 3295">
     <span class='ocr_line' id='line_1_67' title="bbox 222 3223 1799 3295; baseline 0.003 -18"><span class='ocrx_word' id='word_1_438' title='bbox 222 3226 339 3279; x_wconf 84' lang='lat' dir='ltr'><strong>bere</strong></span> <span class='ocrx_word' id='word_1_439' title='bbox 359 3225 522 3278; x_wconf 71' lang='lat' dir='ltr'><strong>didici</strong></span> <span class='ocrx_word' id='word_1_440' title='bbox 549 3240 614 3277; x_wconf 87' lang='lat' dir='ltr'><strong>ex</strong></span> <span class='ocrx_word' id='word_1_441' title='bbox 645 3223 896 3278; x_wconf 86' lang='lat' dir='ltr'><strong>fratribus</strong></span> <span class='ocrx_word' id='word_1_442' title='bbox 926 3242 939 3276; x_wconf 87' lang='lat'><strong>:</strong></span> <span class='ocrx_word' id='word_1_443' title='bbox 970 3224 1012 3278; x_wconf 91' lang='lat' dir='ltr'><strong>si</strong></span> <span class='ocrx_word' id='word_1_444' title='bbox 1036 3225 1162 3293; x_wconf 85' lang='lat' dir='ltr'><strong>quid</strong></span> <span class='ocrx_word' id='word_1_445' title='bbox 1201 3225 1267 3279; x_wconf 91' lang='lat' dir='ltr'><strong>de</strong></span> <span class='ocrx_word' id='word_1_446' title='bbox 1292 3232 1385 3279; x_wconf 93' lang='lat' dir='ltr'><strong>tuo</strong></span> <span class='ocrx_word' id='word_1_447' title='bbox 1430 3234 1647 3295; x_wconf 89' lang='lat' dir='ltr'><strong>pectore</strong></span> <span class='ocrx_word' id='word_1_448' title='bbox 1688 3241 1799 3281; x_wconf 89' lang='lat' dir='ltr'><strong>me-</strong></span> 
     </span>
    </p>
   </div>
   <div class='ocr_carea' id='block_1_67' title="bbox 221 3312 1799 3385">
    <p class='ocr_par' dir='ltr' id='par_1_67' title="bbox 221 3312 1799 3385">
     <span class='ocr_line' id='line_1_68' title="bbox 221 3312 1799 3385; baseline 0.003 -17"><span class='ocrx_word' id='word_1_449' title='bbox 221 3330 411 3377; x_wconf 89' lang='lat' dir='ltr'><strong>remur,</strong></span> <span class='ocrx_word' id='word_1_450' title='bbox 440 3312 811 3367; x_wconf 67' lang='lat' dir='ltr'><strong>indifferenter</strong></span> <span class='ocrx_word' id='word_1_451' title='bbox 835 3314 986 3367; x_wconf 89' lang='lat' dir='ltr'><strong>mitte</strong></span> <span class='ocrx_word' id='word_1_452' title='bbox 1028 3323 1087 3368; x_wconf 93' lang='lat' dir='ltr'><strong>ut</strong></span> <span class='ocrx_word' id='word_1_453' title='bbox 1132 3314 1368 3383; x_wconf 80' lang='lat' dir='ltr'><strong>legamus</strong></span> <span class='ocrx_word' id='word_1_454' title='bbox 1399 3333 1411 3367; x_wconf 92' lang='lat'>:</span> <span class='ocrx_word' id='word_1_455' title='bbox 1444 3331 1565 3368; x_wconf 89' lang='lat' dir='ltr'><strong>nam</strong></span> <span class='ocrx_word' id='word_1_456' title='bbox 1612 3324 1799 3385; x_wconf 84' lang='lat' dir='ltr'><strong>pectus</strong></span> 
     </span>
    </p>
   </div>
   <div class='ocr_carea' id='block_1_68' title="bbox 221 3404 1797 3469">
    <p class='ocr_par' dir='ltr' id='par_1_68' title="bbox 221 3404 1797 3469">
     <span class='ocr_line' id='line_1_69' title="bbox 221 3404 1797 3469; baseline 0.003 -12"><span class='ocrx_word' id='word_1_457' title='bbox 221 3416 359 3457; x_wconf 89' lang='lat' dir='ltr'><strong>tuum</strong></span> <span class='ocrx_word' id='word_1_458' title='bbox 393 3404 500 3457; x_wconf 89' lang='lat' dir='ltr'><strong>tale</strong></span> <span class='ocrx_word' id='word_1_459' title='bbox 530 3404 743 3457; x_wconf 89' lang='lat' dir='ltr'><strong>Domini</strong></span> <span class='ocrx_word' id='word_1_460' title='bbox 771 3405 1047 3459; x_wconf 89' lang='lat' dir='ltr'><strong>oraculum</strong></span> <span class='ocrx_word' id='word_1_461' title='bbox 1076 3414 1187 3469; x_wconf 89' lang='lat' dir='ltr'><strong>est,</strong></span> <span class='ocrx_word' id='word_1_462' title='bbox 1214 3414 1269 3460; x_wconf 91' lang='lat' dir='ltr'><strong>ut</strong></span> <span class='ocrx_word' id='word_1_463' title='bbox 1315 3421 1383 3460; x_wconf 83' lang='lat' dir='ltr'><strong>ex</strong></span> <span class='ocrx_word' id='word_1_464' title='bbox 1413 3422 1479 3460; x_wconf 92' lang='lat' dir='ltr'><strong>eo</strong></span> <span class='ocrx_word' id='word_1_465' title='bbox 1509 3407 1661 3461; x_wconf 92' lang='lat' dir='ltr'><strong>nobis</strong></span> <span class='ocrx_word' id='word_1_466' title='bbox 1690 3416 1797 3461; x_wconf 81' lang='lat' dir='ltr'><strong>tam</strong></span> 
     </span>
    </p>
   </div>
   <div class='ocr_carea' id='block_1_69' title="bbox 219 3496 1795 3568">
    <p class='ocr_par' dir='ltr' id='par_1_69' title="bbox 219 3496 1795 3568">
     <span class='ocr_line' id='line_1_70' title="bbox 219 3496 1795 3568; baseline 0.003 -19"><span class='ocrx_word' id='word_1_467' title='bbox 219 3497 428 3565; x_wconf 85' lang='lat' dir='ltr'><strong>placita,</strong></span> <span class='ocrx_word' id='word_1_468' title='bbox 454 3505 509 3551; x_wconf 92' lang='lat' dir='ltr'><strong>et</strong></span> <span class='ocrx_word' id='word_1_469' title='bbox 537 3496 795 3551; x_wconf 89' lang='lat' dir='ltr'><strong>adversus</strong></span> <span class='ocrx_word' id='word_1_470' title='bbox 822 3497 1224 3566; x_wconf 89' lang='lat' dir='ltr'><strong>loquacissimas</strong></span> <span class='ocrx_word' id='word_1_471' title='bbox 1251 3499 1573 3567; x_wconf 64' lang='lat' dir='ltr'><strong>quaestiones</strong></span> <span class='ocrx_word' id='word_1_472' title='bbox 1623 3500 1795 3568; x_wconf 86' lang='lat' dir='ltr'><strong>expli-</strong></span> 
     </span>
    </p>
   </div>
   <div class='ocr_carea' id='block_1_70' title="bbox 222 3589 1795 3659">
    <p class='ocr_par' dir='ltr' id='par_1_70' title="bbox 222 3589 1795 3659">
     <span class='ocr_line' id='line_1_71' title="bbox 222 3589 1795 3659; baseline 0.004 -18"><span class='ocrx_word' id='word_1_473' title='bbox 222 3591 479 3642; x_wconf 78' lang='lat' dir='ltr'><strong>catissima</strong></span> <span class='ocrx_word' id='word_1_474' title='bbox 534 3589 648 3643; x_wconf 91' lang='lat' dir='ltr'><strong>dari</strong></span> <span class='ocrx_word' id='word_1_475' title='bbox 697 3606 951 3658; x_wconf 82' lang='lat' dir='ltr'><strong>responsa</strong></span> <span class='ocrx_word' id='word_1_476' title='bbox 998 3606 1400 3659; x_wconf 52' lang='lat' dir='ltr'><strong>praesumamus.</strong></span> <span class='ocrx_word' id='word_1_477' title='bbox 1453 3590 1795 3647; x_wconf 84' lang='lat' dir='ltr'><strong>Beatissimus</strong></span> 
     </span>
    </p>
   </div>
   <div class='ocr_carea' id='block_1_71' title="bbox 222 3679 1795 3735">
    <p class='ocr_par' dir='ltr' id='par_1_71' title="bbox 222 3679 1795 3735">
     <span class='ocr_line' id='line_1_72' title="bbox 222 3679 1795 3735; baseline 0.004 -6"><span class='ocrx_word' id='word_1_478' title='bbox 222 3680 373 3733; x_wconf 81' lang='lat' dir='ltr'><strong>frater</strong></span> <span class='ocrx_word' id='word_1_479' title='bbox 406 3679 641 3733; x_wconf 85' lang='lat' dir='ltr'><strong>Severus</strong></span> <span class='ocrx_word' id='word_1_480' title='bbox 690 3679 1009 3734; x_wconf 79' lang='lat' dir='ltr'><strong>Milevitanze</strong></span> <span class='ocrx_word' id='word_1_481' title='bbox 1061 3681 1283 3733; x_wconf 87' lang='lat' dir='ltr'><strong>antistes</strong></span> <span class='ocrx_word' id='word_1_482' title='bbox 1321 3679 1571 3735; x_wconf 74' lang='lat' dir='ltr'><strong>Ecclesize</strong></span> <span class='ocrx_word' id='word_1_483' title='bbox 1615 3680 1795 3735; x_wconf 89' lang='lat' dir='ltr'><strong>debito</strong></span> 
     </span>
    </p>
   </div>
   <div class='ocr_carea' id='block_1_72' title="bbox 222 3769 1791 3828">
    <p class='ocr_par' dir='ltr' id='par_1_72' title="bbox 222 3769 1791 3828">
     <span class='ocr_line' id='line_1_73' title="bbox 222 3769 1791 3828; baseline 0.004 -7"><span class='ocrx_word' id='word_1_484' title='bbox 222 3771 489 3823; x_wconf 84' lang='lat' dir='ltr'><strong>nobiscum</strong></span> <span class='ocrx_word' id='word_1_485' title='bbox 519 3769 697 3823; x_wconf 87' lang='lat' dir='ltr'><strong>officio</strong></span> <span class='ocrx_word' id='word_1_486' title='bbox 728 3770 1066 3824; x_wconf 78' lang='lat' dir='ltr'><strong>sanctitatem</strong></span> <span class='ocrx_word' id='word_1_487' title='bbox 1115 3780 1343 3825; x_wconf 86' lang='lat' dir='ltr'><strong>vestram</strong></span> <span class='ocrx_word' id='word_1_488' title='bbox 1397 3772 1607 3828; x_wconf 81' lang='lat' dir='ltr'><strong>salutat.</strong></span> <span class='ocrx_word' id='word_1_489' title='bbox 1660 3773 1791 3827; x_wconf 86' lang='lat' dir='ltr'><strong>Fra-</strong></span> 
     </span>
    </p>
   </div>
   <div class='ocr_carea' id='block_1_73' title="bbox 221 3862 1793 3929">
    <p class='ocr_par' dir='ltr' id='par_1_73' title="bbox 221 3862 1793 3929">
     <span class='ocr_line' id='line_1_74' title="bbox 221 3862 1793 3929; baseline 0.005 -19"><span class='ocrx_word' id='word_1_490' title='bbox 221 3868 323 3914; x_wconf 83' lang='lat' dir='ltr'><strong>tres</strong></span> <span class='ocrx_word' id='word_1_491' title='bbox 348 3876 565 3929; x_wconf 84' lang='lat' dir='ltr'><strong>quoque</strong></span> <span class='ocrx_word' id='word_1_492' title='bbox 593 3876 780 3914; x_wconf 87' lang='lat' dir='ltr'><strong>omnes</strong></span> <span class='ocrx_word' id='word_1_493' title='bbox 809 3862 1083 3915; x_wconf 88' lang='lat' dir='ltr'><strong>nobiscum</strong></span> <span class='ocrx_word' id='word_1_494' title='bbox 1116 3862 1339 3916; x_wconf 90' lang='lat' dir='ltr'><strong>Domino</strong></span> <span class='ocrx_word' id='word_1_495' title='bbox 1354 3864 1665 3927; x_wconf 88' lang='lat' dir='ltr'><strong>servientes,</strong></span> <span class='ocrx_word' id='word_1_496' title='bbox 1683 3875 1793 3919; x_wconf 92' lang='lat' dir='ltr'><strong>tam</strong></span> 
     </span>
    </p>
   </div>
   <div class='ocr_carea' id='block_1_74' title="bbox 222 3950 1790 4022">
    <p class='ocr_par' dir='ltr' id='par_1_74' title="bbox 222 3950 1790 4022">
     <span class='ocr_line' id='line_1_75' title="bbox 222 3950 1790 4022; baseline 0.005 -19"><span class='ocrx_word' id='word_1_497' title='bbox 222 3951 265 4003; x_wconf 93' lang='lat' dir='ltr'><strong>id</strong></span> <span class='ocrx_word' id='word_1_498' title='bbox 294 3950 514 4017; x_wconf 83' lang='lat' dir='ltr'><strong>faciunt,</strong></span> <span class='ocrx_word' id='word_1_499' title='bbox 547 3968 705 4020; x_wconf 88' lang='lat' dir='ltr'><strong>quam</strong></span> <span class='ocrx_word' id='word_1_500' title='bbox 733 3968 831 4007; x_wconf 88' lang='lat' dir='ltr'><strong>vos</strong></span> <span class='ocrx_word' id='word_1_501' title='bbox 855 3952 1182 4018; x_wconf 87' lang='lat' dir='ltr'><strong>desiderant;</strong></span> <span class='ocrx_word' id='word_1_502' title='bbox 1208 3962 1315 4007; x_wconf 92' lang='lat' dir='ltr'><strong>tam</strong></span> <span class='ocrx_word' id='word_1_503' title='bbox 1349 3970 1445 4009; x_wconf 92' lang='lat' dir='ltr'><strong>vos</strong></span> <span class='ocrx_word' id='word_1_504' title='bbox 1469 3955 1790 4022; x_wconf 88' lang='lat' dir='ltr'><strong>desiderant,</strong></span> 
     </span>
    </p>
   </div>
   <div class='ocr_carea' id='block_1_75' title="bbox 222 4045 1795 4116">
    <p class='ocr_par' dir='ltr' id='par_1_75' title="bbox 222 4045 1795 4116">
     <span class='ocr_line' id='line_1_76' title="bbox 222 4045 1795 4116; baseline 0.006 -21"><span class='ocrx_word' id='word_1_505' title='bbox 222 4058 371 4111; x_wconf 84' lang='lat' dir='ltr'><strong>quam</strong></span> <span class='ocrx_word' id='word_1_506' title='bbox 426 4060 523 4098; x_wconf 89' lang='lat' dir='ltr'><strong>vos</strong></span> <span class='ocrx_word' id='word_1_507' title='bbox 574 4045 829 4113; x_wconf 85' lang='lat' dir='ltr'><strong>diligunt;</strong></span> <span class='ocrx_word' id='word_1_508' title='bbox 879 4053 934 4098; x_wconf 90' lang='lat' dir='ltr'><strong>et</strong></span> <span class='ocrx_word' id='word_1_509' title='bbox 982 4054 1087 4099; x_wconf 88' lang='lat' dir='ltr'><strong>tam</strong></span> <span class='ocrx_word' id='word_1_510' title='bbox 1136 4046 1393 4115; x_wconf 92' lang='lat' dir='ltr'><strong>diligunt,</strong></span> <span class='ocrx_word' id='word_1_511' title='bbox 1446 4063 1605 4116; x_wconf 85' lang='lat' dir='ltr'><strong>quam</strong></span> <span class='ocrx_word' id='word_1_512' title='bbox 1666 4050 1795 4105; x_wconf 86' lang='lat' dir='ltr'><strong>cstis</strong></span> 
     </span>
    </p>
   </div>
   <div class='ocr_carea' id='block_1_76' title="bbox 222 4133 1008 4187">
    <p class='ocr_par' dir='ltr' id='par_1_76' title="bbox 222 4133 1008 4187">
     <span class='ocr_line' id='line_1_77' title="bbox 222 4133 1008 4187; baseline 0.005 -1"><span class='ocrx_word' id='word_1_513' title='bbox 222 4133 359 4187; x_wconf 83' lang='lat' dir='ltr'><strong>boni.</strong></span> <span class='ocrx_word' id='word_1_514' title='bbox 1000 4137 1008 4145; x_wconf 83' lang='grc'><strong><em>“</em></strong></span> 
     </span>
    </p>
   </div>
   <div class='ocr_carea' id='block_1_77' title="bbox 223 4246 1793 4319">
    <p class='ocr_par' dir='ltr' id='par_1_77' title="bbox 223 4246 1793 4319">
     <span class='ocr_line' id='line_1_78' title="bbox 223 4246 1793 4319; baseline 0.002 -20"><span class='ocrx_word' id='word_1_515' title='bbox 223 4260 563 4310; x_wconf 70' lang='lat' dir='ltr'><strong>st&#39;ccsnsus,</strong></span> <span class='ocrx_word' id='word_1_516' title='bbox 615 4262 784 4300; x_wconf 73' lang='lat' dir='ltr'><strong>EPIST.</strong></span> <span class='ocrx_word' id='word_1_517' title='bbox 864 4246 931 4299; x_wconf 86' lang='lat'><strong>80</strong></span> <span class='ocrx_word' id='word_1_518' title='bbox 978 4246 1161 4317; x_wconf 73' lang='lat' dir='ltr'><strong>(ALIAS</strong></span> <span class='ocrx_word' id='word_1_519' title='bbox 1180 4247 1367 4319; x_wconf 62' lang='lat'><strong>65)“)</strong></span> <span class='ocrx_word' id='word_1_520' title='bbox 1422 4264 1683 4302; x_wconf 72' lang='lat' dir='ltr'><strong>PAULINUII</strong></span> <span class='ocrx_word' id='word_1_521' title='bbox 1726 4265 1793 4302; x_wconf 79' lang='grc' dir='ltr'><strong>ετ</strong></span> 
     </span>
    </p>
   </div>
   <div class='ocr_carea' id='block_1_78' title="bbox 830 4353 1145 4392">
    <p class='ocr_par' dir='ltr' id='par_1_78' title="bbox 830 4353 1145 4392">
     <span class='ocr_line' id='line_1_79' title="bbox 830 4353 1145 4392; baseline 0.006 -2"><span class='ocrx_word' id='word_1_522' title='bbox 830 4353 1145 4392; x_wconf 61' lang='grc' dir='ltr'><strong>τηειῑλειωί.</strong></span> 
     </span>
    </p>
   </div>
   <div class='ocr_carea' id='block_1_79' title="bbox 223 4427 1792 4490">
    <p class='ocr_par' dir='ltr' id='par_1_79' title="bbox 223 4427 1792 4490">
     <span class='ocr_line' id='line_1_80' title="bbox 223 4427 1792 4490; baseline 0.003 -15"><span class='ocrx_word' id='word_1_523' title='bbox 223 4427 358 4488; x_wconf 85' lang='lat' dir='ltr'><strong>(Illud</strong></span> <span class='ocrx_word' id='word_1_524' title='bbox 379 4429 603 4488; x_wconf 70' lang='lat' dir='ltr'><strong>epistolae</strong></span> <span class='ocrx_word' id='word_1_525' title='bbox 628 4428 948 4489; x_wconf 72' lang='lat' dir='ltr'><strong>fragmentum</strong></span> <span class='ocrx_word' id='word_1_526' title='bbox 990 4432 1290 4490; x_wconf 78' lang='lat' dir='ltr'><strong>recognitum</strong></span> <span class='ocrx_word' id='word_1_527' title='bbox 1317 4434 1395 4479; x_wconf 81' lang='lat' dir='ltr'><strong>est</strong></span> <span class='ocrx_word' id='word_1_528' title='bbox 1427 4442 1533 4478; x_wconf 73' lang='lat' dir='ltr'><strong>tum</strong></span> <span class='ocrx_word' id='word_1_529' title='bbox 1553 4430 1669 4479; x_wconf 81' lang='lat' dir='ltr'><strong>edit.</strong></span> <span class='ocrx_word' id='word_1_530' title='bbox 1696 4430 1792 4479; x_wconf 87' lang='lat' dir='ltr'><strong>Be-</strong></span> 
     </span>
    </p>
   </div>
   <div class='ocr_carea' id='block_1_80' title="bbox 559 4490 1452 4551">
    <p class='ocr_par' dir='ltr' id='par_1_80' title="bbox 559 4490 1452 4551">
     <span class='ocr_line' id='line_1_81' title="bbox 559 4490 1452 4551; baseline 0.006 -16"><span class='ocrx_word' id='word_1_531' title='bbox 559 4492 671 4538; x_wconf 86' lang='lat' dir='ltr'><strong>ned.</strong></span> <span class='ocrx_word' id='word_1_532' title='bbox 694 4492 750 4537; x_wconf 89' lang='lat' dir='ltr'><strong>ad</strong></span> <span class='ocrx_word' id='word_1_533' title='bbox 776 4504 886 4537; x_wconf 86' lang='lat' dir='ltr'><strong>mss.</strong></span> <span class='ocrx_word' id='word_1_534' title='bbox 910 4490 963 4538; x_wconf 69' lang='lat'><strong>2|</strong></span> <span class='ocrx_word' id='word_1_535' title='bbox 993 4498 1043 4539; x_wconf 89' lang='lat' dir='ltr'><strong>et</strong></span> <span class='ocrx_word' id='word_1_536' title='bbox 1080 4492 1193 4539; x_wconf 84' lang='lat' dir='ltr'><strong>edd.</strong></span> <span class='ocrx_word' id='word_1_537' title='bbox 1218 4492 1357 4543; x_wconf 79' lang='lat' dir='ltr'><strong>Codd.</strong></span> <span class='ocrx_word' id='word_1_538' title='bbox 1382 4492 1452 4551; x_wconf 77' lang='lat' dir='ltr'><strong>l.)</strong></span> 
     </span>
    </p>
   </div>
   <div class='ocr_carea' id='block_1_81' title="bbox 285 4569 1791 4641">
    <p class='ocr_par' dir='ltr' id='par_1_81' title="bbox 285 4569 1791 4641">
     <span class='ocr_line' id='line_1_82' title="bbox 285 4569 1791 4641; baseline 0.003 -20"><span class='ocrx_word' id='word_1_539' title='bbox 285 4569 435 4624; x_wconf 82' lang='lat' dir='ltr'><strong>Nunc</strong></span> <span class='ocrx_word' id='word_1_540' title='bbox 460 4583 591 4637; x_wconf 87' lang='lat' dir='ltr'><strong>ergo</strong></span> <span class='ocrx_word' id='word_1_541' title='bbox 614 4571 754 4639; x_wconf 90' lang='lat' dir='ltr'><strong>quod</strong></span> <span class='ocrx_word' id='word_1_542' title='bbox 782 4571 931 4625; x_wconf 90' lang='lat' dir='ltr'><strong>soleo</strong></span> <span class='ocrx_word' id='word_1_543' title='bbox 953 4586 1114 4639; x_wconf 78' lang='lat' dir='ltr'><strong>rogo,</strong></span> <span class='ocrx_word' id='word_1_544' title='bbox 1148 4580 1205 4625; x_wconf 89' lang='lat' dir='ltr'><strong>ut</strong></span> <span class='ocrx_word' id='word_1_545' title='bbox 1231 4572 1373 4641; x_wconf 89' lang='lat' dir='ltr'><strong>quod</strong></span> <span class='ocrx_word' id='word_1_546' title='bbox 1420 4572 1603 4627; x_wconf 89' lang='lat' dir='ltr'><strong>soletis</strong></span> <span class='ocrx_word' id='word_1_547' title='bbox 1631 4571 1791 4627; x_wconf 84' lang='lat' dir='ltr'><strong>facia—</strong></span> 
     </span>
    </p>
   </div>
   <div class='ocr_carea' id='block_1_82' title="bbox 221 4660 1790 4731">
    <p class='ocr_par' dir='ltr' id='par_1_82' title="bbox 221 4660 1790 4731">
     <span class='ocr_line' id='line_1_83' title="bbox 221 4660 1790 4731; baseline 0.003 -17"><span class='ocrx_word' id='word_1_548' title='bbox 221 4663 300 4715; x_wconf 90' lang='lat' dir='ltr'><strong>tis.</strong></span> <span class='ocrx_word' id='word_1_549' title='bbox 321 4660 502 4716; x_wconf 88' lang='lat' dir='ltr'><strong>Oretis</strong></span> <span class='ocrx_word' id='word_1_550' title='bbox 532 4678 631 4731; x_wconf 91' lang='lat' dir='ltr'><strong>pro</strong></span> <span class='ocrx_word' id='word_1_551' title='bbox 652 4663 823 4727; x_wconf 90' lang='lat' dir='ltr'><strong>nobis,</strong></span> <span class='ocrx_word' id='word_1_552' title='bbox 850 4674 907 4715; x_wconf 91' lang='lat' dir='ltr'><strong>ut</strong></span> <span class='ocrx_word' id='word_1_553' title='bbox 940 4662 1113 4716; x_wconf 88' lang='lat' dir='ltr'><strong>videat</strong></span> <span class='ocrx_word' id='word_1_554' title='bbox 1142 4662 1283 4716; x_wconf 90' lang='lat' dir='ltr'><strong>Deus</strong></span> <span class='ocrx_word' id='word_1_555' title='bbox 1312 4664 1661 4717; x_wconf 85' lang='lat' dir='ltr'><strong>humilitatem</strong></span> <span class='ocrx_word' id='word_1_556' title='bbox 1690 4679 1790 4719; x_wconf 91' lang='lat' dir='ltr'><strong>no-</strong></span> 
     </span>
    </p>
   </div>
   <div class='ocr_carea' id='block_1_83' title="bbox 218 4752 1789 4821">
    <p class='ocr_par' dir='ltr' id='par_1_83' title="bbox 218 4752 1789 4821">
     <span class='ocr_line' id='line_1_84' title="bbox 218 4752 1789 4821; baseline 0.002 -17"><span class='ocrx_word' id='word_1_557' title='bbox 218 4759 395 4814; x_wconf 81' lang='lat' dir='ltr'><strong>stram,</strong></span> <span class='ocrx_word' id='word_1_558' title='bbox 431 4761 484 4804; x_wconf 92' lang='lat' dir='ltr'><strong>et</strong></span> <span class='ocrx_word' id='word_1_559' title='bbox 515 4752 751 4804; x_wconf 88' lang='lat' dir='ltr'><strong>laborem</strong></span> <span class='ocrx_word' id='word_1_560' title='bbox 783 4760 1041 4814; x_wconf 86' lang='lat' dir='ltr'><strong>nostrum,</strong></span> <span class='ocrx_word' id='word_1_561' title='bbox 1076 4761 1127 4805; x_wconf 92' lang='lat' dir='ltr'><strong>et</strong></span> <span class='ocrx_word' id='word_1_562' title='bbox 1148 4752 1382 4805; x_wconf 83' lang='lat' dir='ltr'><strong>dimittat</strong></span> <span class='ocrx_word' id='word_1_563' title='bbox 1435 4753 1613 4807; x_wconf 86' lang='lat' dir='ltr'><strong>omnia</strong></span> <span class='ocrx_word' id='word_1_564' title='bbox 1662 4768 1789 4821; x_wconf 90' lang='lat' dir='ltr'><strong>pec-</strong></span> 
     </span>
    </p>
   </div>
   <div class='ocr_carea' id='block_1_84' title="bbox 219 4842 1792 4911">
    <p class='ocr_par' dir='ltr' id='par_1_84' title="bbox 219 4842 1792 4911">
     <span class='ocr_line' id='line_1_85' title="bbox 219 4842 1792 4911; baseline 0 -15"><span class='ocrx_word' id='word_1_565' title='bbox 219 4853 325 4895; x_wconf 73' lang='lat' dir='ltr'><strong>ata</strong></span> <span class='ocrx_word' id='word_1_566' title='bbox 357 4853 568 4896; x_wconf 86' lang='lat' dir='ltr'><strong>nostra.</strong></span> <span class='ocrx_word' id='word_1_567' title='bbox 592 4842 838 4911; x_wconf 89' lang='lat' dir='ltr'><strong>Colloqui</strong></span> <span class='ocrx_word' id='word_1_568' title='bbox 861 4850 1037 4895; x_wconf 91' lang='lat' dir='ltr'><strong>autem</strong></span> <span class='ocrx_word' id='word_1_569' title='bbox 1069 4843 1340 4897; x_wconf 88' lang='lat' dir='ltr'><strong>vobiscum</strong></span> <span class='ocrx_word' id='word_1_570' title='bbox 1372 4843 1496 4895; x_wconf 89' lang='lat' dir='ltr'><strong>talia</strong></span> <span class='ocrx_word' id='word_1_571' title='bbox 1526 4845 1714 4911; x_wconf 90' lang='lat' dir='ltr'><strong>cupio,</strong></span> <span class='ocrx_word' id='word_1_572' title='bbox 1748 4843 1792 4897; x_wconf 92' lang='lat' dir='ltr'><strong>si</strong></span> 
     </span>
    </p>
   </div>
   <div class='ocr_carea' id='block_1_85' title="bbox 219 4933 1792 5002">
    <p class='ocr_par' dir='ltr' id='par_1_85' title="bbox 219 4933 1792 5002">
     <span class='ocr_line' id='line_1_86' title="bbox 219 4933 1792 5002; baseline 0.001 -17"><span class='ocrx_word' id='word_1_573' title='bbox 219 4933 522 5000; x_wconf 86' lang='lat' dir='ltr'><strong>dignemini,</strong></span> <span class='ocrx_word' id='word_1_574' title='bbox 550 4933 758 4996; x_wconf 85' lang='lat' dir='ltr'><strong>litteris,</strong></span> <span class='ocrx_word' id='word_1_575' title='bbox 788 4933 965 5001; x_wconf 90' lang='lat' dir='ltr'><strong>qualia</strong></span> <span class='ocrx_word' id='word_1_576' title='bbox 1000 4933 1234 5001; x_wconf 90' lang='lat' dir='ltr'><strong>colloqui</strong></span> <span class='ocrx_word' id='word_1_577' title='bbox 1280 4948 1579 5002; x_wconf 88' lang='lat' dir='ltr'><strong>possemus,</strong></span> <span class='ocrx_word' id='word_1_578' title='bbox 1612 4933 1657 4987; x_wconf 91' lang='lat' dir='ltr'><strong>si</strong></span> <span class='ocrx_word' id='word_1_579' title='bbox 1701 4948 1792 4987; x_wconf 89' lang='lat' dir='ltr'><strong>co-</strong></span> 
     </span>
    </p>
   </div>
   <div class='ocr_carea' id='block_1_86' title="bbox 220 5022 1792 5093">
    <p class='ocr_par' dir='ltr' id='par_1_86' title="bbox 220 5022 1792 5093">
     <span class='ocr_line' id='line_1_87' title="bbox 220 5022 1792 5093; baseline 0.002 -19"><span class='ocrx_word' id='word_1_580' title='bbox 220 5038 321 5074; x_wconf 87' lang='lat' dir='ltr'><strong>ram</strong></span> <span class='ocrx_word' id='word_1_581' title='bbox 350 5024 552 5077; x_wconf 82' lang='lat' dir='ltr'><strong>vestris</strong></span> <span class='ocrx_word' id='word_1_582' title='bbox 600 5023 844 5077; x_wconf 86' lang='lat' dir='ltr'><strong>sensibus</strong></span> <span class='ocrx_word' id='word_1_583' title='bbox 890 5022 1215 5077; x_wconf 87' lang='lat' dir='ltr'><strong>adessemus.</strong></span> <span class='ocrx_word' id='word_1_584' title='bbox 1264 5023 1419 5085; x_wconf 80' lang='lat' dir='ltr'><strong>Ecce,</strong></span> <span class='ocrx_word' id='word_1_585' title='bbox 1447 5024 1592 5078; x_wconf 90' lang='lat' dir='ltr'><strong>illam</strong></span> <span class='ocrx_word' id='word_1_586' title='bbox 1646 5038 1792 5093; x_wconf 74' lang='lat' dir='ltr'><strong>quze-</strong></span> 
     </span>
    </p>
   </div>
   <div class='ocr_carea' id='block_1_87' title="bbox 220 5115 1789 5183">
    <p class='ocr_par' dir='ltr' id='par_1_87' title="bbox 220 5115 1789 5183">
     <span class='ocr_line' id='line_1_88' title="bbox 220 5115 1789 5183; baseline 0.002 -18"><span class='ocrx_word' id='word_1_587' title='bbox 220 5115 555 5177; x_wconf 81' lang='lat' dir='ltr'><strong>stiunculam,</strong></span> <span class='ocrx_word' id='word_1_588' title='bbox 576 5130 732 5182; x_wconf 89' lang='lat' dir='ltr'><strong>quam</strong></span> <span class='ocrx_word' id='word_1_589' title='bbox 789 5129 959 5182; x_wconf 90' lang='lat' dir='ltr'><strong>nuper</strong></span> <span class='ocrx_word' id='word_1_590' title='bbox 1002 5129 1415 5183; x_wconf 88' lang='lat' dir='ltr'><strong>proposueram,</strong></span> <span class='ocrx_word' id='word_1_591' title='bbox 1449 5122 1717 5183; x_wconf 87' lang='lat' dir='ltr'><strong>tamquam</strong></span> <span class='ocrx_word' id='word_1_592' title='bbox 1747 5116 1789 5168; x_wconf 91' lang='lat' dir='ltr'><strong>si</strong></span> 
     </span>
    </p>
   </div>
   <div class='ocr_carea' id='block_1_88' title="bbox 220 5203 1791 5273">
    <p class='ocr_par' dir='ltr' id='par_1_88' title="bbox 220 5203 1791 5273">
     <span class='ocr_line' id='line_1_89' title="bbox 220 5203 1791 5273; baseline 0.001 -17"><span class='ocrx_word' id='word_1_593' title='bbox 220 5217 448 5269; x_wconf 68' lang='lat' dir='ltr'><strong>pnesens</strong></span> <span class='ocrx_word' id='word_1_594' title='bbox 477 5204 635 5273; x_wconf 77' lang='lat'><strong>108</strong></span> <span class='ocrx_word' id='word_1_595' title='bbox 662 5203 911 5271; x_wconf 76' lang='lat' dir='ltr'><strong>przesenti</strong></span> <span class='ocrx_word' id='word_1_596' title='bbox 944 5203 1080 5257; x_wconf 92' lang='lat' dir='ltr'><strong>inter</strong></span> <span class='ocrx_word' id='word_1_597' title='bbox 1098 5204 1282 5259; x_wconf 90' lang='lat' dir='ltr'><strong>dulces</strong></span> <span class='ocrx_word' id='word_1_598' title='bbox 1312 5205 1550 5273; x_wconf 89' lang='lat' dir='ltr'><strong>loquelas</strong></span> <span class='ocrx_word' id='word_1_599' title='bbox 1569 5214 1594 5241; x_wconf 74' lang='grc'><strong>⁸</strong></span> <span class='ocrx_word' id='word_1_600' title='bbox 1625 5204 1791 5259; x_wconf 85' lang='lat' dir='ltr'><strong>obde-</strong></span> 
     </span>
    </p>
   </div>
   <div class='ocr_carea' id='block_1_89' title="bbox 220 5292 1787 5362">
    <p class='ocr_par' dir='ltr' id='par_1_89' title="bbox 220 5292 1787 5362">
     <span class='ocr_line' id='line_1_90' title="bbox 220 5292 1787 5362; baseline 0.003 -17"><span class='ocrx_word' id='word_1_601' title='bbox 220 5306 343 5361; x_wconf 62' lang='grc' dir='ltr'><strong>κω,</strong></span> <span class='ocrx_word' id='word_1_602' title='bbox 372 5292 534 5362; x_wconf 91' lang='lat' dir='ltr'><strong>plane</strong></span> <span class='ocrx_word' id='word_1_603' title='bbox 561 5293 869 5348; x_wconf 85' lang='lat' dir='ltr'><strong>Christiano</strong></span> <span class='ocrx_word' id='word_1_604' title='bbox 918 5294 1190 5349; x_wconf 91' lang='lat' dir='ltr'><strong>intellectu</strong></span> <span class='ocrx_word' id='word_1_605' title='bbox 1237 5304 1293 5349; x_wconf 89' lang='lat' dir='ltr'><strong>et</strong></span> <span class='ocrx_word' id='word_1_606' title='bbox 1337 5296 1626 5351; x_wconf 89' lang='lat' dir='ltr'><strong>devotione</strong></span> <span class='ocrx_word' id='word_1_607' title='bbox 1676 5298 1787 5351; x_wconf 90' lang='lat' dir='ltr'><strong>sol-</strong></span> 
     </span>
    </p>
   </div>
   <div class='ocr_carea' id='block_1_90' title="bbox 220 5382 1784 5458">
    <p class='ocr_par' dir='ltr' id='par_1_90' title="bbox 220 5382 1784 5458">
     <span class='ocr_line' id='line_1_91' title="bbox 220 5382 1784 5458; baseline 0.008 -28"><span class='ocrx_word' id='word_1_608' title='bbox 220 5382 325 5435; x_wconf 83' lang='lat' dir='ltr'><strong>visti</strong></span> <span class='ocrx_word' id='word_1_609' title='bbox 355 5383 416 5447; x_wconf 60' lang='lat'><strong>5;</strong></span> <span class='ocrx_word' id='word_1_610' title='bbox 437 5382 533 5437; x_wconf 83' lang='lat' dir='ltr'><strong>sed</strong></span> <span class='ocrx_word' id='word_1_611' title='bbox 555 5384 712 5437; x_wconf 87' lang='lat' dir='ltr'><strong>nimis</strong></span> <span class='ocrx_word' id='word_1_612' title='bbox 733 5383 932 5437; x_wconf 86' lang='lat' dir='ltr'><strong>cursim</strong></span> <span class='ocrx_word' id='word_1_613' title='bbox 961 5393 1016 5438; x_wconf 93' lang='lat' dir='ltr'><strong>et</strong></span> <span class='ocrx_word' id='word_1_614' title='bbox 1053 5387 1287 5440; x_wconf 89' lang='lat' dir='ltr'><strong>breviter</strong></span> <span class='ocrx_word' id='word_1_615' title='bbox 1318 5404 1331 5437; x_wconf 71' lang='grc' dir='ltr'><em>ε</em></span> <span class='ocrx_word' id='word_1_616' title='bbox 1364 5396 1543 5457; x_wconf 90' lang='lat' dir='ltr'><strong>posset</strong></span> <span class='ocrx_word' id='word_1_617' title='bbox 1588 5389 1784 5458; x_wconf 84' lang='lat' dir='ltr'><strong>quippe</strong></span> 
     </span>
    </p>
   </div>
   <div class='ocr_carea' id='block_1_91' title="bbox 219 5470 1787 5545">
    <p class='ocr_par' dir='ltr' id='par_1_91' title="bbox 219 5470 1787 5545">
     <span class='ocr_line' id='line_1_92' title="bbox 219 5470 1787 5545; baseline 0.006 -22"><span class='ocrx_word' id='word_1_618' title='bbox 219 5470 281 5523; x_wconf 87' lang='lat' dir='ltr'><strong>ibi</strong></span> <span class='ocrx_word' id='word_1_619' title='bbox 305 5472 580 5541; x_wconf 83' lang='lat' dir='ltr'><strong>aliquanto</strong></span> <span class='ocrx_word' id='word_1_620' title='bbox 607 5473 807 5527; x_wconf 89' lang='lat' dir='ltr'><strong>diutius</strong></span> <span class='ocrx_word' id='word_1_621' title='bbox 837 5481 891 5527; x_wconf 90' lang='lat' dir='ltr'><strong>et</strong></span> <span class='ocrx_word' id='word_1_622' title='bbox 921 5474 1134 5530; x_wconf 84' lang='lat' dir='ltr'><strong>uberius</strong></span> <span class='ocrx_word' id='word_1_623' title='bbox 1175 5476 1419 5531; x_wconf 87' lang='lat' dir='ltr'><strong>habitare</strong></span> <span class='ocrx_word' id='word_1_624' title='bbox 1465 5478 1634 5545; x_wconf 85' lang='lat' dir='ltr'><strong>gratia</strong></span> <span class='ocrx_word' id='word_1_625' title='bbox 1676 5480 1787 5532; x_wconf 90' lang='lat' dir='ltr'><strong>oris</strong></span> 
     </span>
    </p>
   </div>
   <div class='ocr_carea' id='block_1_92' title="bbox 279 5609 1785 5686">
    <p class='ocr_par' dir='ltr' id='par_1_92' title="bbox 279 5609 1785 5686">
     <span class='ocr_line' id='line_1_93' title="bbox 279 5609 1785 5686; baseline 0.006 -24"><span class='ocrx_word' id='word_1_626' title='bbox 279 5619 302 5644; x_wconf 87' lang='grc'>·</span> <span class='ocrx_word' id='word_1_627' title='bbox 333 5609 476 5686; x_wconf 76' lang='lat' dir='ltr'><strong>Edit.</strong></span> <span class='ocrx_word' id='word_1_628' title='bbox 518 5610 733 5681; x_wconf 82' lang='lat' dir='ltr'><strong>quidam</strong></span> <span class='ocrx_word' id='word_1_629' title='bbox 781 5611 1018 5679; x_wconf 89' lang='lat' dir='ltr'><strong>codices,</strong></span> <span class='ocrx_word' id='word_1_630' title='bbox 1046 5614 1337 5684; x_wconf 81' lang='lat' dir='ltr'><strong>objicerem.</strong></span> <span class='ocrx_word' id='word_1_631' title='bbox 1369 5615 1436 5671; x_wconf 82' lang='lat' dir='ltr'><strong>At</strong></span> <span class='ocrx_word' id='word_1_632' title='bbox 1462 5632 1570 5671; x_wconf 68' lang='lat' dir='ltr'><strong>mss</strong></span> <span class='ocrx_word' id='word_1_633' title='bbox 1620 5616 1785 5686; x_wconf 86' lang='lat' dir='ltr'><strong>plcri-</strong></span> 
     </span>
    </p>
   </div>
   <div class='ocr_carea' id='block_1_93' title="bbox 220 5682 623 5746">
    <p class='ocr_par' dir='ltr' id='par_1_93' title="bbox 220 5682 623 5746">
     <span class='ocr_line' id='line_1_94' title="bbox 220 5682 623 5746; baseline -0.002 -12"><span class='ocrx_word' id='word_1_634' title='bbox 220 5694 330 5746; x_wconf 82' lang='lat' dir='ltr'><strong>que.</strong></span> <span class='ocrx_word' id='word_1_635' title='bbox 361 5682 623 5734; x_wconf 79' lang='lat' dir='ltr'><strong>abderent.</strong></span> 
     </span>
    </p>
   </div>
   <div class='ocr_carea' id='block_1_94' title="bbox 1824 4507 1872 4565">
    <p class='ocr_par' dir='ltr' id='par_1_94' title="bbox 1824 4507 1872 4565">
     <span class='ocr_line' id='line_1_95' title="bbox 1824 4507 1872 4565; baseline 0 0"><span class='ocrx_word' id='word_1_636' title='bbox 1824 4507 1872 4565; x_wconf 90' lang='lat' dir='ltr'><strong>D</strong></span> 
     </span>
    </p>
   </div>
   <div class='ocr_carea' id='block_1_95' title="bbox 1901 3212 3478 3292">
    <p class='ocr_par' dir='ltr' id='par_1_95' title="bbox 1901 3212 3478 3292">
     <span class='ocr_line' id='line_1_96' title="bbox 1901 3212 3478 3292; baseline 0.011 -29"><span class='ocrx_word' id='word_1_637' title='bbox 1901 3225 2146 3280; x_wconf 90' lang='lat' dir='ltr'><strong>appares.</strong></span> <span class='ocrx_word' id='word_1_638' title='bbox 2171 3212 2277 3267; x_wconf 91' lang='lat' dir='ltr'><strong>Sed</strong></span> <span class='ocrx_word' id='word_1_639' title='bbox 2306 3214 2447 3283; x_wconf 93' lang='lat' dir='ltr'><strong>quod</strong></span> <span class='ocrx_word' id='word_1_640' title='bbox 2478 3214 2566 3268; x_wconf 91' lang='lat' dir='ltr'><strong>diu</strong></span> <span class='ocrx_word' id='word_1_641' title='bbox 2591 3222 2765 3270; x_wconf 92' lang='lat' dir='ltr'><strong>tecum</strong></span> <span class='ocrx_word' id='word_1_642' title='bbox 2795 3232 2860 3272; x_wconf 87' lang='lat' dir='ltr'><strong>ex</strong></span> <span class='ocrx_word' id='word_1_643' title='bbox 2890 3218 2991 3274; x_wconf 89' lang='lat' dir='ltr'><strong>hac</strong></span> <span class='ocrx_word' id='word_1_644' title='bbox 3044 3236 3106 3275; x_wconf 89' lang='lat' dir='ltr'><strong>re</strong></span> <span class='ocrx_word' id='word_1_645' title='bbox 3155 3222 3478 3292; x_wconf 91' lang='lat' dir='ltr'><strong>loquendum</strong></span> 
     </span>
    </p>
   </div>
   <div class='ocr_carea' id='block_1_96' title="bbox 1899 3301 3467 3381">
    <p class='ocr_par' dir='ltr' id='par_1_96' title="bbox 1899 3301 3467 3381">
     <span class='ocr_line' id='line_1_97' title="bbox 1899 3301 3467 3381; baseline 0.013 -29"><span class='ocrx_word' id='word_1_646' title='bbox 1899 3301 2221 3369; x_wconf 91' lang='lat' dir='ltr'><strong>putavimus,</strong></span> <span class='ocrx_word' id='word_1_647' title='bbox 2244 3302 2419 3372; x_wconf 90' lang='lat' dir='ltr'><strong>primo</strong></span> <span class='ocrx_word' id='word_1_648' title='bbox 2445 3305 2570 3374; x_wconf 89' lang='lat' dir='ltr'><strong>quia</strong></span> <span class='ocrx_word' id='word_1_649' title='bbox 2605 3304 3048 3374; x_wconf 89' lang='lat' dir='ltr'><strong>jocundissimum</strong></span> <span class='ocrx_word' id='word_1_650' title='bbox 3100 3321 3205 3381; x_wconf 90' lang='lat' dir='ltr'><strong>est,</strong></span> <span class='ocrx_word' id='word_1_651' title='bbox 3228 3312 3467 3373; x_wconf 88' lang='lat' dir='ltr'><strong>fecimus.</strong></span> 
     </span>
    </p>
   </div>
   <div class='ocr_carea' id='block_1_97' title="bbox 1898 3394 3478 3478">
    <p class='ocr_par' dir='ltr' id='par_1_97' title="bbox 1898 3394 3478 3478">
     <span class='ocr_line' id='line_1_98' title="bbox 1898 3394 3478 3478; baseline 0.01 -30"><span class='ocrx_word' id='word_1_652' title='bbox 1898 3394 2035 3462; x_wconf 87' lang='lat' dir='ltr'><strong>Quid</strong></span> <span class='ocrx_word' id='word_1_653' title='bbox 2061 3397 2202 3450; x_wconf 91' lang='lat' dir='ltr'><strong>enim</strong></span> <span class='ocrx_word' id='word_1_654' title='bbox 2230 3398 2391 3453; x_wconf 92' lang='lat' dir='ltr'><strong>debet</strong></span> <span class='ocrx_word' id='word_1_655' title='bbox 2418 3414 2535 3453; x_wconf 89' lang='lat' dir='ltr'><strong>esse</strong></span> <span class='ocrx_word' id='word_1_656' title='bbox 2559 3400 2865 3469; x_wconf 91' lang='lat' dir='ltr'><strong>jocundius,</strong></span> <span class='ocrx_word' id='word_1_657' title='bbox 2898 3404 2981 3459; x_wconf 91' lang='lat' dir='ltr'><strong>vel</strong></span> <span class='ocrx_word' id='word_1_658' title='bbox 3037 3404 3261 3463; x_wconf 80' lang='lat' dir='ltr'><strong>inﬁmis</strong></span> <span class='ocrx_word' id='word_1_659' title='bbox 3309 3410 3478 3478; x_wconf 86' lang='lat' dir='ltr'><strong>gratia</strong></span> 
     </span>
    </p>
   </div>
   <div class='ocr_carea' id='block_1_98' title="bbox 1897 3490 3478 3563">
    <p class='ocr_par' dir='ltr' id='par_1_98' title="bbox 1897 3490 3478 3563">
     <span class='ocr_line' id='line_1_99' title="bbox 1897 3490 3478 3563; baseline 0.009 -24"><span class='ocrx_word' id='word_1_660' title='bbox 1897 3501 2001 3555; x_wconf 90' lang='lat' dir='ltr'><strong>qua</strong></span> <span class='ocrx_word' id='word_1_661' title='bbox 2022 3497 2297 3554; x_wconf 88' lang='lat' dir='ltr'><strong>sanantur,</strong></span> <span class='ocrx_word' id='word_1_662' title='bbox 2328 3490 2409 3543; x_wconf 86' lang='lat' dir='ltr'><strong>vel</strong></span> <span class='ocrx_word' id='word_1_663' title='bbox 2441 3491 2602 3559; x_wconf 90' lang='lat' dir='ltr'><strong>pigris</strong></span> <span class='ocrx_word' id='word_1_664' title='bbox 2635 3493 2806 3559; x_wconf 89' lang='lat' dir='ltr'><strong>gratia</strong></span> <span class='ocrx_word' id='word_1_665' title='bbox 2858 3508 2963 3563; x_wconf 92' lang='lat' dir='ltr'><strong>qua</strong></span> <span class='ocrx_word' id='word_1_666' title='bbox 3015 3498 3345 3563; x_wconf 80' lang='lat' dir='ltr'><strong>excitantur,</strong></span> <span class='ocrx_word' id='word_1_667' title='bbox 3394 3500 3478 3557; x_wconf 81' lang='lat' dir='ltr'><strong>vel</strong></span> 
     </span>
    </p>
   </div>
   <div class='ocr_carea' id='block_1_99' title="bbox 1897 3579 3476 3658">
    <p class='ocr_par' dir='ltr' id='par_1_99' title="bbox 1897 3579 3476 3658">
     <span class='ocr_line' id='line_1_100' title="bbox 1897 3579 3476 3658; baseline 0.009 -27"><span class='ocrx_word' id='word_1_668' title='bbox 1897 3579 2197 3633; x_wconf 86' lang='lat' dir='ltr'><strong>volentibus</strong></span> <span class='ocrx_word' id='word_1_669' title='bbox 2216 3582 2385 3647; x_wconf 88' lang='lat' dir='ltr'><strong>gratia</strong></span> <span class='ocrx_word' id='word_1_670' title='bbox 2407 3598 2510 3649; x_wconf 88' lang='lat' dir='ltr'><strong>qua</strong></span> <span class='ocrx_word' id='word_1_671' title='bbox 2536 3584 2820 3650; x_wconf 88' lang='lat' dir='ltr'><strong>juvantur;</strong></span> <span class='ocrx_word' id='word_1_672' title='bbox 2851 3585 3042 3639; x_wconf 91' lang='lat' dir='ltr'><strong>deinde</strong></span> <span class='ocrx_word' id='word_1_673' title='bbox 3067 3597 3125 3641; x_wconf 92' lang='lat' dir='ltr'><strong>ut</strong></span> <span class='ocrx_word' id='word_1_674' title='bbox 3144 3590 3187 3643; x_wconf 93' lang='lat' dir='ltr'><strong>si</strong></span> <span class='ocrx_word' id='word_1_675' title='bbox 3210 3590 3337 3658; x_wconf 92' lang='lat' dir='ltr'><strong>quid</strong></span> <span class='ocrx_word' id='word_1_676' title='bbox 3377 3608 3476 3645; x_wconf 90' lang='lat' dir='ltr'><strong>no-</strong></span> 
     </span>
    </p>
   </div>
   <div class='ocr_carea' id='block_1_100' title="bbox 1897 3669 3476 3742">
    <p class='ocr_par' dir='ltr' id='par_1_100' title="bbox 1897 3669 3476 3742">
     <span class='ocr_line' id='line_1_101' title="bbox 1897 3669 3476 3742; baseline 0.008 -20"><span class='ocrx_word' id='word_1_677' title='bbox 1897 3676 2005 3722; x_wconf 91' lang='lat' dir='ltr'><strong>stra</strong></span> <span class='ocrx_word' id='word_1_678' title='bbox 2036 3669 2384 3738; x_wconf 75' lang='lat' dir='ltr'><strong>dispositione</strong></span> <span class='ocrx_word' id='word_1_679' title='bbox 2429 3671 2538 3724; x_wconf 90' lang='lat' dir='ltr'><strong>Deo</strong></span> <span class='ocrx_word' id='word_1_680' title='bbox 2562 3671 2847 3739; x_wconf 86' lang='lat' dir='ltr'><strong>adjuvante</strong></span> <span class='ocrx_word' id='word_1_681' title='bbox 2894 3690 3199 3742; x_wconf 87' lang='lat' dir='ltr'><strong>possemus,</strong></span> <span class='ocrx_word' id='word_1_682' title='bbox 3234 3686 3321 3731; x_wconf 87' lang='lat' dir='ltr'><strong>tua</strong></span> <span class='ocrx_word' id='word_1_683' title='bbox 3369 3695 3476 3736; x_wconf 92' lang='lat' dir='ltr'><strong>non</strong></span> 
     </span>
    </p>
   </div>
   <div class='ocr_carea' id='block_1_101' title="bbox 1899 3762 3471 3834">
    <p class='ocr_par' dir='ltr' id='par_1_101' title="bbox 1899 3762 3471 3834">
     <span class='ocr_line' id='line_1_102' title="bbox 1899 3762 3471 3834; baseline 0.008 -23"><span class='ocrx_word' id='word_1_684' title='bbox 1899 3762 2046 3826; x_wconf 83' lang='lat' dir='ltr'><strong>fides,</strong></span> <span class='ocrx_word' id='word_1_685' title='bbox 2069 3763 2160 3816; x_wconf 90' lang='lat' dir='ltr'><strong>sed</strong></span> <span class='ocrx_word' id='word_1_686' title='bbox 2190 3762 2308 3815; x_wconf 87' lang='lat' dir='ltr'><strong>fidei</strong></span> <span class='ocrx_word' id='word_1_687' title='bbox 2333 3770 2521 3815; x_wconf 88' lang='lat' dir='ltr'><strong>contra</strong></span> <span class='ocrx_word' id='word_1_688' title='bbox 2575 3763 2706 3816; x_wconf 89' lang='lat' dir='ltr'><strong>tales</strong></span> <span class='ocrx_word' id='word_1_689' title='bbox 2753 3764 3165 3819; x_wconf 90' lang='lat' dir='ltr'><strong>adminiculetur</strong></span> <span class='ocrx_word' id='word_1_690' title='bbox 3210 3770 3471 3834; x_wconf 64' lang='lat' dir='ltr'><strong>assertio;</strong></span> 
     </span>
    </p>
   </div>
   <div class='ocr_carea' id='block_1_102' title="bbox 1895 3851 3476 3924">
    <p class='ocr_par' dir='ltr' id='par_1_102' title="bbox 1895 3851 3476 3924">
     <span class='ocr_line' id='line_1_103' title="bbox 1895 3851 3476 3924; baseline 0.004 -18"><span class='ocrx_word' id='word_1_691' title='bbox 1895 3853 2034 3906; x_wconf 90' lang='lat' dir='ltr'><strong>sicut</strong></span> <span class='ocrx_word' id='word_1_692' title='bbox 2062 3868 2159 3905; x_wconf 90' lang='lat' dir='ltr'><strong>nos</strong></span> <span class='ocrx_word' id='word_1_693' title='bbox 2180 3866 2394 3919; x_wconf 91' lang='lat' dir='ltr'><strong>quoque</strong></span> <span class='ocrx_word' id='word_1_694' title='bbox 2423 3851 2476 3905; x_wconf 92' lang='lat' dir='ltr'><strong>in</strong></span> <span class='ocrx_word' id='word_1_695' title='bbox 2497 3852 2640 3910; x_wconf 82' lang='lat' dir='ltr'><strong>hanc</strong></span> <span class='ocrx_word' id='word_1_696' title='bbox 2664 3852 2967 3907; x_wconf 85' lang='lat' dir='ltr'><strong>facultatem</strong></span> <span class='ocrx_word' id='word_1_697' title='bbox 2993 3862 3094 3908; x_wconf 75' lang='lat' dir='ltr'><strong>ture</strong></span> <span class='ocrx_word' id='word_1_698' title='bbox 3109 3860 3476 3924; x_wconf 84' lang='lat' dir='ltr'><strong>gemianitatis</strong></span> 
     </span>
    </p>
   </div>
   <div class='ocr_carea' id='block_1_103' title="bbox 1897 3940 3475 4010">
    <p class='ocr_par' dir='ltr' id='par_1_103' title="bbox 1897 3940 3475 4010">
     <span class='ocr_line' id='line_1_104' title="bbox 1897 3940 3475 4010; baseline 0.007 -16"><span class='ocrx_word' id='word_1_699' title='bbox 1897 3941 2086 3995; x_wconf 91' lang='lat' dir='ltr'><strong>litteris</strong></span> <span class='ocrx_word' id='word_1_700' title='bbox 2116 3940 2449 4010; x_wconf 90' lang='lat' dir='ltr'><strong>adjuvamur.</strong></span> <span class='ocrx_word' id='word_1_701' title='bbox 2497 3940 2633 4008; x_wconf 89' lang='lat' dir='ltr'><strong>Quid</strong></span> <span class='ocrx_word' id='word_1_702' title='bbox 2663 3943 2806 3996; x_wconf 92' lang='lat' dir='ltr'><strong>enim</strong></span> <span class='ocrx_word' id='word_1_703' title='bbox 2845 3945 3063 3999; x_wconf 89' lang='lat' dir='ltr'><strong>uberius</strong></span> <span class='ocrx_word' id='word_1_704' title='bbox 3096 3956 3151 4001; x_wconf 94' lang='lat' dir='ltr'><strong>et</strong></span> <span class='ocrx_word' id='word_1_705' title='bbox 3195 3951 3475 4006; x_wconf 84' lang='lat' dir='ltr'><strong>veracissi-</strong></span> 
     </span>
    </p>
   </div>
   <div class='ocr_carea' id='block_1_104' title="bbox 1896 4030 3470 4107">
    <p class='ocr_par' dir='ltr' id='par_1_104' title="bbox 1896 4030 3470 4107">
     <span class='ocr_line' id='line_1_105' title="bbox 1896 4030 3470 4107; baseline 0.007 -23"><span class='ocrx_word' id='word_1_706' title='bbox 1896 4048 1981 4085; x_wconf 90' lang='lat' dir='ltr'><strong>ma</strong></span> <span class='ocrx_word' id='word_1_707' title='bbox 2010 4030 2344 4085; x_wconf 87' lang='lat' dir='ltr'><strong>confessione</strong></span> <span class='ocrx_word' id='word_1_708' title='bbox 2387 4032 2616 4101; x_wconf 88' lang='lat' dir='ltr'><strong>plenius,</strong></span> <span class='ocrx_word' id='word_1_709' title='bbox 2643 4048 2801 4100; x_wconf 89' lang='lat' dir='ltr'><strong>quam</strong></span> <span class='ocrx_word' id='word_1_710' title='bbox 2859 4033 2984 4088; x_wconf 89' lang='lat' dir='ltr'><strong>illud</strong></span> <span class='ocrx_word' id='word_1_711' title='bbox 3033 4045 3112 4091; x_wconf 89' lang='lat' dir='ltr'><strong>est</strong></span> <span class='ocrx_word' id='word_1_712' title='bbox 3160 4037 3213 4090; x_wconf 92' lang='lat' dir='ltr'><strong>in</strong></span> <span class='ocrx_word' id='word_1_713' title='bbox 3241 4039 3470 4107; x_wconf 86' lang='lat' dir='ltr'><strong>quadam</strong></span> 
     </span>
    </p>
   </div>
   <div class='ocr_carea' id='block_1_105' title="bbox 1896 4121 3474 4190">
    <p class='ocr_par' dir='ltr' id='par_1_105' title="bbox 1896 4121 3474 4190">
     <span class='ocr_line' id='line_1_106' title="bbox 1896 4121 3474 4190; baseline 0.006 -15"><span class='ocrx_word' id='word_1_714' title='bbox 1896 4121 2119 4190; x_wconf 87' lang='lat' dir='ltr'><strong>epistola</strong></span> <span class='ocrx_word' id='word_1_715' title='bbox 2153 4129 2261 4187; x_wconf 91' lang='lat' dir='ltr'><strong>tua,</strong></span> <span class='ocrx_word' id='word_1_716' title='bbox 2292 4122 2380 4176; x_wconf 94' lang='lat' dir='ltr'><strong>ubi</strong></span> <span class='ocrx_word' id='word_1_717' title='bbox 2404 4131 2647 4176; x_wconf 89' lang='lat' dir='ltr'><strong>naturam</strong></span> <span class='ocrx_word' id='word_1_718' title='bbox 2686 4132 2924 4177; x_wconf 89' lang='lat' dir='ltr'><strong>nostram</strong></span> <span class='ocrx_word' id='word_1_719' title='bbox 2976 4141 3082 4181; x_wconf 92' lang='lat' dir='ltr'><strong>non</strong></span> <span class='ocrx_word' id='word_1_720' title='bbox 3131 4130 3387 4184; x_wconf 88' lang='lat' dir='ltr'><strong>mansisse</strong></span> <span class='ocrx_word' id='word_1_721' title='bbox 3417 4141 3474 4185; x_wconf 92' lang='lat' dir='ltr'><strong>ut</strong></span> 
     </span>
    </p>
   </div>
   <div class='ocr_carea' id='block_1_106' title="bbox 1897 4211 3472 4286">
    <p class='ocr_par' dir='ltr' id='par_1_106' title="bbox 1897 4211 3472 4286">
     <span class='ocr_line' id='line_1_107' title="bbox 1897 4211 3472 4286; baseline 0.006 -21"><span class='ocrx_word' id='word_1_722' title='bbox 1897 4211 2109 4265; x_wconf 91' lang='lat' dir='ltr'><strong>condita</strong></span> <span class='ocrx_word' id='word_1_723' title='bbox 2132 4220 2233 4274; x_wconf 91' lang='lat' dir='ltr'><strong>est,</strong></span> <span class='ocrx_word' id='word_1_724' title='bbox 2266 4212 2357 4266; x_wconf 89' lang='lat' dir='ltr'><strong>sed</strong></span> <span class='ocrx_word' id='word_1_725' title='bbox 2388 4214 2624 4266; x_wconf 89' lang='lat' dir='ltr'><strong>vitiatam</strong></span> <span class='ocrx_word' id='word_1_726' title='bbox 2655 4228 2773 4268; x_wconf 74' lang='lat' dir='ltr'><strong>es:e</strong></span> <span class='ocrx_word' id='word_1_727' title='bbox 2819 4230 2917 4284; x_wconf 92' lang='lat' dir='ltr'><strong>per</strong></span> <span class='ocrx_word' id='word_1_728' title='bbox 2937 4216 3082 4270; x_wconf 90' lang='lat' dir='ltr'><strong>illum</strong></span> <span class='ocrx_word' id='word_1_729' title='bbox 3112 4221 3322 4286; x_wconf 81' lang='lat' dir='ltr'><strong>generis</strong></span> <span class='ocrx_word' id='word_1_730' title='bbox 3371 4222 3472 4275; x_wconf 81' lang='lat' dir='ltr'><strong>lm-</strong></span> 
     </span>
    </p>
   </div>
   <div class='ocr_carea' id='block_1_107' title="bbox 1898 4301 3474 4381">
    <p class='ocr_par' dir='ltr' id='par_1_107' title="bbox 1898 4301 3474 4381">
     <span class='ocr_line' id='line_1_108' title="bbox 1898 4301 3474 4381; baseline 0.008 -29"><span class='ocrx_word' id='word_1_731' title='bbox 1898 4301 2039 4353; x_wconf 88' lang='lat' dir='ltr'><strong>mani</strong></span> <span class='ocrx_word' id='word_1_732' title='bbox 2090 4310 2314 4370; x_wconf 67' lang='lat' dir='ltr'><strong>patrem,</strong></span> <span class='ocrx_word' id='word_1_733' title='bbox 2349 4304 2618 4357; x_wconf 88' lang='lat' dir='ltr'><strong>humiliter</strong></span> <span class='ocrx_word' id='word_1_734' title='bbox 2670 4304 2980 4373; x_wconf 84' lang='lat' dir='ltr'><strong>deplorasti,</strong></span> <span class='ocrx_word' id='word_1_735' title='bbox 3013 4307 3144 4361; x_wconf 91' lang='lat' dir='ltr'><strong>dice.</strong></span> <span class='ocrx_word' id='word_1_736' title='bbox 3169 4324 3233 4362; x_wconf 88' lang='lat' dir='ltr'><strong>s:</strong></span> <span class='ocrx_word' id='word_1_737' title='bbox 3268 4309 3474 4381; x_wconf 72' lang='lat' dir='ltr'><strong>Pauper</strong></span> 
     </span>
    </p>
   </div>
   <div class='ocr_carea' id='block_1_108' title="bbox 1896 4392 3475 4471">
    <p class='ocr_par' dir='ltr' id='par_1_108' title="bbox 1896 4392 3475 4471">
     <span class='ocr_line' id='line_1_109' title="bbox 1896 4392 3475 4471; baseline 0.007 -27"><span class='ocrx_word' id='word_1_738' title='bbox 1896 4407 1988 4461; x_wconf 81' lang='lat' dir='ltr'><strong>ego</strong></span> <span class='ocrx_word' id='word_1_739' title='bbox 2018 4401 2066 4444; x_wconf 88' lang='lat' dir='ltr'><strong>et</strong></span> <span class='ocrx_word' id='word_1_740' title='bbox 2119 4392 2319 4454; x_wconf 82' lang='lat' dir='ltr'><strong>dolens,</strong></span> <span class='ocrx_word' id='word_1_741' title='bbox 2351 4395 2435 4463; x_wconf 85' lang='lat' dir='ltr'><strong>qui</strong></span> <span class='ocrx_word' id='word_1_742' title='bbox 2484 4393 2649 4446; x_wconf 82' lang='lat' dir='ltr'><strong>adhuc</strong></span> <span class='ocrx_word' id='word_1_743' title='bbox 2700 4403 2919 4447; x_wconf 66' lang='lat' dir='ltr'><strong>terrente</strong></span> <span class='ocrx_word' id='word_1_744' title='bbox 2956 4397 3197 4467; x_wconf 84' lang='lat' dir='ltr'><strong>imaginis</strong></span> <span class='ocrx_word' id='word_1_745' title='bbox 3238 4402 3475 4471; x_wconf 72' lang='lat' dir='ltr'><strong>squalore</strong></span> 
     </span>
    </p>
   </div>
   <div class='ocr_carea' id='block_1_109' title="bbox 1896 4484 3473 4554">
    <p class='ocr_par' dir='ltr' id='par_1_109' title="bbox 1896 4484 3473 4554">
     <span class='ocr_line' id='line_1_110' title="bbox 1896 4484 3473 4554; baseline 0.006 -20"><span class='ocrx_word' id='word_1_746' title='bbox 1896 4492 2158 4536; x_wconf 81' lang='lat' dir='ltr'><strong>concretus</strong></span> <span class='ocrx_word' id='word_1_747' title='bbox 2181 4499 2313 4547; x_wconf 87' lang='lat' dir='ltr'><strong>sum,</strong></span> <span class='ocrx_word' id='word_1_748' title='bbox 2344 4492 2393 4536; x_wconf 91' lang='lat' dir='ltr'><strong>et</strong></span> <span class='ocrx_word' id='word_1_749' title='bbox 2419 4484 2533 4551; x_wconf 87' lang='lat' dir='ltr'><strong>plus</strong></span> <span class='ocrx_word' id='word_1_750' title='bbox 2555 4484 2617 4537; x_wconf 89' lang='lat' dir='ltr'><strong>de</strong></span> <span class='ocrx_word' id='word_1_751' title='bbox 2637 4485 2803 4553; x_wconf 85' lang='lat' dir='ltr'><strong>primo</strong></span> <span class='ocrx_word' id='word_1_752' title='bbox 2823 4501 2977 4554; x_wconf 86' lang='lat' dir='ltr'><strong>quam</strong></span> <span class='ocrx_word' id='word_1_753' title='bbox 2998 4486 3061 4538; x_wconf 87' lang='lat' dir='ltr'><strong>de</strong></span> <span class='ocrx_word' id='word_1_754' title='bbox 3075 4489 3295 4541; x_wconf 85' lang='lat' dir='ltr'><strong>secundo</strong></span> <span class='ocrx_word' id='word_1_755' title='bbox 3307 4491 3473 4544; x_wconf 77' lang='lat' dir='ltr'><strong>Adam</strong></span> 
     </span>
    </p>
   </div>
   <div class='ocr_carea' id='block_1_110' title="bbox 1894 4572 3476 4648">
    <p class='ocr_par' dir='ltr' id='par_1_110' title="bbox 1894 4572 3476 4648">
     <span class='ocr_line' id='line_1_111' title="bbox 1894 4572 3476 4648; baseline 0.005 -23"><span class='ocrx_word' id='word_1_756' title='bbox 1894 4573 2095 4627; x_wconf 85' lang='lat' dir='ltr'><strong>carneis</strong></span> <span class='ocrx_word' id='word_1_757' title='bbox 2140 4572 2369 4627; x_wconf 82' lang='lat' dir='ltr'><strong>sensibus</strong></span> <span class='ocrx_word' id='word_1_758' title='bbox 2396 4584 2444 4627; x_wconf 88' lang='lat' dir='ltr'><strong>et</strong></span> <span class='ocrx_word' id='word_1_759' title='bbox 2491 4575 2705 4627; x_wconf 86' lang='lat' dir='ltr'><strong>terrenis</strong></span> <span class='ocrx_word' id='word_1_760' title='bbox 2744 4574 2940 4627; x_wconf 81' lang='lat' dir='ltr'><strong>actibus</strong></span> <span class='ocrx_word' id='word_1_761' title='bbox 2984 4579 3171 4645; x_wconf 63' lang='lat' dir='ltr'><strong>refero,</strong></span> <span class='ocrx_word' id='word_1_762' title='bbox 3221 4581 3476 4648; x_wconf 84' lang='lat' dir='ltr'><strong>quomodo</strong></span> 
     </span>
    </p>
   </div>
   <div class='ocr_carea' id='block_1_111' title="bbox 1892 4664 3472 4741">
    <p class='ocr_par' dir='ltr' id='par_1_111' title="bbox 1892 4664 3472 4741">
     <span class='ocr_line' id='line_1_112' title="bbox 1892 4664 3472 4741; baseline 0.006 -24"><span class='ocrx_word' id='word_1_763' title='bbox 1892 4665 1985 4719; x_wconf 85' lang='lat' dir='ltr'><strong>tibi</strong></span> <span class='ocrx_word' id='word_1_764' title='bbox 2015 4664 2210 4720; x_wconf 80' lang='lat' dir='ltr'><strong>audebo</strong></span> <span class='ocrx_word' id='word_1_765' title='bbox 2239 4684 2317 4720; x_wconf 89' lang='lat' dir='ltr'><strong>me</strong></span> <span class='ocrx_word' id='word_1_766' title='bbox 2344 4667 2573 4737; x_wconf 83' lang='lat' dir='ltr'><strong>pingere,</strong></span> <span class='ocrx_word' id='word_1_767' title='bbox 2606 4684 2719 4721; x_wconf 88' lang='lat' dir='ltr'><strong>cum</strong></span> <span class='ocrx_word' id='word_1_768' title='bbox 2758 4667 2973 4721; x_wconf 78' lang='lat' dir='ltr'><strong>ccelestis</strong></span> <span class='ocrx_word' id='word_1_769' title='bbox 2998 4671 3242 4740; x_wconf 80' lang='lat' dir='ltr'><strong>imaginis</strong></span> <span class='ocrx_word' id='word_1_770' title='bbox 3269 4673 3472 4741; x_wconf 83' lang='lat' dir='ltr'><strong>inﬁcia-</strong></span> 
     </span>
    </p>
   </div>
   <div class='ocr_carea' id='block_1_112' title="bbox 1896 4755 3473 4831">
    <p class='ocr_par' dir='ltr' id='par_1_112' title="bbox 1896 4755 3473 4831">
     <span class='ocr_line' id='line_1_113' title="bbox 1896 4755 3473 4831; baseline 0.004 -22"><span class='ocrx_word' id='word_1_771' title='bbox 1896 4767 1974 4811; x_wconf 85' lang='lat' dir='ltr'><strong>tor</strong></span> <span class='ocrx_word' id='word_1_772' title='bbox 1994 4755 2181 4827; x_wconf 79' lang='lat' dir='ltr'><strong>prober</strong></span> <span class='ocrx_word' id='word_1_773' title='bbox 2209 4760 2538 4825; x_wconf 79' lang='lat' dir='ltr'><strong>corruptione</strong></span> <span class='ocrx_word' id='word_1_774' title='bbox 2568 4760 2811 4811; x_wconf 85' lang='lat' dir='ltr'><strong>terrena?</strong></span> <span class='ocrx_word' id='word_1_775' title='bbox 2842 4759 3108 4831; x_wconf 84' lang='lat' dir='ltr'><strong>Utrimque</strong></span> <span class='ocrx_word' id='word_1_776' title='bbox 3136 4778 3215 4815; x_wconf 87' lang='lat' dir='ltr'><strong>me</strong></span> <span class='ocrx_word' id='word_1_777' title='bbox 3259 4765 3473 4817; x_wconf 81' lang='lat' dir='ltr'><strong>conclu-</strong></span> 
     </span>
    </p>
   </div>
   <div class='ocr_carea' id='block_1_113' title="bbox 1894 4846 3473 4925">
    <p class='ocr_par' dir='ltr' id='par_1_113' title="bbox 1894 4846 3473 4925">
     <span class='ocr_line' id='line_1_114' title="bbox 1894 4846 3473 4925; baseline 0.005 -26"><span class='ocrx_word' id='word_1_778' title='bbox 1894 4847 1969 4899; x_wconf 88' lang='lat' dir='ltr'><strong>dit</strong></span> <span class='ocrx_word' id='word_1_779' title='bbox 1991 4847 2175 4916; x_wconf 89' lang='lat' dir='ltr'><strong>pudor.</strong></span> <span class='ocrx_word' id='word_1_780' title='bbox 2205 4846 2463 4900; x_wconf 80' lang='lat' dir='ltr'><strong>Erubesco</strong></span> <span class='ocrx_word' id='word_1_781' title='bbox 2483 4849 2693 4918; x_wconf 81' lang='lat' dir='ltr'><strong>pingere</strong></span> <span class='ocrx_word' id='word_1_782' title='bbox 2712 4848 2848 4919; x_wconf 85' lang='lat' dir='ltr'><strong>quod</strong></span> <span class='ocrx_word' id='word_1_783' title='bbox 2875 4865 3006 4915; x_wconf 86' lang='lat' dir='ltr'><strong>sum,</strong></span> <span class='ocrx_word' id='word_1_784' title='bbox 3038 4867 3139 4905; x_wconf 86' lang='lat' dir='ltr'><strong>non</strong></span> <span class='ocrx_word' id='word_1_785' title='bbox 3171 4853 3334 4907; x_wconf 86' lang='lat' dir='ltr'><strong>audeo</strong></span> <span class='ocrx_word' id='word_1_786' title='bbox 3355 4856 3473 4925; x_wconf 86' lang='lat' dir='ltr'><strong>pin-</strong></span> 
     </span>
    </p>
   </div>
   <div class='ocr_carea' id='block_1_114' title="bbox 1896 4938 3472 5014">
    <p class='ocr_par' dir='ltr' id='par_1_114' title="bbox 1896 4938 3472 5014">
     <span class='ocr_line' id='line_1_115' title="bbox 1896 4938 3472 5014; baseline 0.004 -24"><span class='ocrx_word' id='word_1_787' title='bbox 1896 4954 2013 5007; x_wconf 85' lang='lat' dir='ltr'><strong>gere</strong></span> <span class='ocrx_word' id='word_1_788' title='bbox 2039 4938 2175 5008; x_wconf 90' lang='lat' dir='ltr'><strong>quod</strong></span> <span class='ocrx_word' id='word_1_789' title='bbox 2203 4954 2306 4991; x_wconf 90' lang='lat' dir='ltr'><strong>non</strong></span> <span class='ocrx_word' id='word_1_790' title='bbox 2334 4954 2479 4990; x_wconf 89' lang='lat' dir='ltr'><strong>sum:</strong></span> <span class='ocrx_word' id='word_1_791' title='bbox 2502 4940 2587 4991; x_wconf 82' lang='lat' dir='ltr'><strong>odi</strong></span> <span class='ocrx_word' id='word_1_792' title='bbox 2615 4938 2753 5010; x_wconf 86' lang='lat' dir='ltr'><strong>quod</strong></span> <span class='ocrx_word' id='word_1_793' title='bbox 2794 4956 2926 5004; x_wconf 87' lang='lat' dir='ltr'><strong>sum,</strong></span> <span class='ocrx_word' id='word_1_794' title='bbox 2955 4950 3006 4993; x_wconf 89' lang='lat' dir='ltr'><strong>et</strong></span> <span class='ocrx_word' id='word_1_795' title='bbox 3053 4958 3154 4995; x_wconf 86' lang='lat' dir='ltr'><strong>non</strong></span> <span class='ocrx_word' id='word_1_796' title='bbox 3202 4958 3313 4996; x_wconf 87' lang='lat' dir='ltr'><strong>sum</strong></span> <span class='ocrx_word' id='word_1_797' title='bbox 3338 4944 3472 5014; x_wconf 84' lang='lat' dir='ltr'><strong>quod</strong></span> 
     </span>
    </p>
   </div>
   <div class='ocr_carea' id='block_1_115' title="bbox 1863 5026 3474 5111">
    <p class='ocr_par' dir='ltr' id='par_1_115' title="bbox 1863 5026 3474 5111">
     <span class='ocr_line' id='line_1_116' title="bbox 1863 5026 3474 5111; baseline 0.008 -31"><span class='ocrx_word' id='word_1_798' title='bbox 1863 5026 1865 5028; x_wconf 69' lang='grc'><em>’</em></span> <span class='ocrx_word' id='word_1_799' title='bbox 1896 5045 2032 5082; x_wconf 90' lang='lat' dir='ltr'><strong>amo.</strong></span> <span class='ocrx_word' id='word_1_800' title='bbox 2072 5030 2223 5098; x_wconf 75' lang='lat'><strong>109</strong></span> <span class='ocrx_word' id='word_1_801' title='bbox 2254 5029 2362 5084; x_wconf 87' lang='lat' dir='ltr'><strong>Sed</strong></span> <span class='ocrx_word' id='word_1_802' title='bbox 2386 5030 2508 5111; x_wconf 84' lang='lat' dir='ltr'><strong>quid</strong></span> <span class='ocrx_word' id='word_1_803' title='bbox 2528 5032 2716 5085; x_wconf 87' lang='lat' dir='ltr'><strong>misero</strong></span> <span class='ocrx_word' id='word_1_804' title='bbox 2764 5032 2888 5086; x_wconf 83' lang='lat' dir='ltr'><strong>mihi</strong></span> <span class='ocrx_word' id='word_1_805' title='bbox 2903 5033 3133 5103; x_wconf 84' lang='lat' dir='ltr'><strong>proderit</strong></span> <span class='ocrx_word' id='word_1_806' title='bbox 3176 5037 3344 5090; x_wconf 85' lang='lat' dir='ltr'><strong>odisse</strong></span> <span class='ocrx_word' id='word_1_807' title='bbox 3370 5039 3474 5092; x_wconf 86' lang='lat' dir='ltr'><strong>ini-</strong></span> 
     </span>
    </p>
   </div>
   <div class='ocr_carea' id='block_1_116' title="bbox 1897 5123 3475 5198">
    <p class='ocr_par' dir='ltr' id='par_1_116' title="bbox 1897 5123 3475 5198">
     <span class='ocr_line' id='line_1_117' title="bbox 1897 5123 3475 5198; baseline 0.006 -26"><span class='ocrx_word' id='word_1_808' title='bbox 1897 5123 2164 5192; x_wconf 79' lang='lat' dir='ltr'><strong>quitatem,</strong></span> <span class='ocrx_word' id='word_1_809' title='bbox 2189 5132 2236 5174; x_wconf 86' lang='lat' dir='ltr'><strong>et</strong></span> <span class='ocrx_word' id='word_1_810' title='bbox 2264 5139 2440 5175; x_wconf 84' lang='lat' dir='ltr'><strong>amare</strong></span> <span class='ocrx_word' id='word_1_811' title='bbox 2462 5124 2696 5176; x_wconf 78' lang='lat' dir='ltr'><strong>virtutem</strong></span> <span class='ocrx_word' id='word_1_812' title='bbox 2715 5140 2733 5187; x_wconf 83' lang='lat'><strong>,°</strong></span> <span class='ocrx_word' id='word_1_813' title='bbox 2757 5140 2870 5177; x_wconf 86' lang='lat' dir='ltr'><strong>cunt</strong></span> <span class='ocrx_word' id='word_1_814' title='bbox 2893 5125 2948 5177; x_wconf 89' lang='lat' dir='ltr'><strong>id</strong></span> <span class='ocrx_word' id='word_1_815' title='bbox 2966 5125 3137 5195; x_wconf 82' lang='lat' dir='ltr'><strong>potius</strong></span> <span class='ocrx_word' id='word_1_816' title='bbox 3155 5142 3307 5196; x_wconf 86' lang='lat' dir='ltr'><strong>agam</strong></span> <span class='ocrx_word' id='word_1_817' title='bbox 3336 5129 3475 5198; x_wconf 84' lang='lat' dir='ltr'><strong>quod</strong></span> 
     </span>
    </p>
   </div>
   <div class='ocr_carea' id='block_1_117' title="bbox 1895 5210 3473 5288">
    <p class='ocr_par' dir='ltr' id='par_1_117' title="bbox 1895 5210 3473 5288">
     <span class='ocr_line' id='line_1_118' title="bbox 1895 5210 3473 5288; baseline 0.005 -25"><span class='ocrx_word' id='word_1_818' title='bbox 1895 5212 2002 5274; x_wconf 86' lang='lat' dir='ltr'><strong>odi,</strong></span> <span class='ocrx_word' id='word_1_819' title='bbox 2028 5227 2119 5264; x_wconf 91' lang='lat' dir='ltr'><strong>nec</strong></span> <span class='ocrx_word' id='word_1_820' title='bbox 2146 5210 2399 5266; x_wconf 85' lang='lat' dir='ltr'><strong>elaborent</strong></span> <span class='ocrx_word' id='word_1_821' title='bbox 2423 5213 2568 5282; x_wconf 87' lang='lat' dir='ltr'><strong>piger</strong></span> <span class='ocrx_word' id='word_1_822' title='bbox 2588 5213 2641 5265; x_wconf 87' lang='lat' dir='ltr'><strong>id</strong></span> <span class='ocrx_word' id='word_1_823' title='bbox 2668 5214 2835 5283; x_wconf 87' lang='lat' dir='ltr'><strong>potius</strong></span> <span class='ocrx_word' id='word_1_824' title='bbox 2865 5231 3017 5285; x_wconf 85' lang='lat' dir='ltr'><strong>agere</strong></span> <span class='ocrx_word' id='word_1_825' title='bbox 3042 5216 3178 5281; x_wconf 83' lang='lat' dir='ltr'><strong>quod</strong></span> <span class='ocrx_word' id='word_1_826' title='bbox 3205 5218 3356 5270; x_wconf 82' lang='lat' dir='ltr'><strong>amo?</strong></span> <span class='ocrx_word' id='word_1_827' title='bbox 3378 5218 3473 5288; x_wconf 83' lang='lat' dir='ltr'><strong>Ip-</strong></span> 
     </span>
    </p>
   </div>
   <div class='ocr_carea' id='block_1_118' title="bbox 1895 5303 3475 5377">
    <p class='ocr_par' dir='ltr' id='par_1_118' title="bbox 1895 5303 3475 5377">
     <span class='ocr_line' id='line_1_119' title="bbox 1895 5303 3475 5377; baseline 0.004 -21"><span class='ocrx_word' id='word_1_828' title='bbox 1895 5320 1949 5356; x_wconf 90' lang='lat' dir='ltr'><strong>se</strong></span> <span class='ocrx_word' id='word_1_829' title='bbox 1977 5303 2173 5356; x_wconf 86' lang='lat' dir='ltr'><strong>discors</strong></span> <span class='ocrx_word' id='word_1_830' title='bbox 2200 5304 2300 5356; x_wconf 85' lang='lat' dir='ltr'><strong>mei</strong></span> <span class='ocrx_word' id='word_1_831' title='bbox 2327 5313 2374 5355; x_wconf 86' lang='lat' dir='ltr'><strong>et</strong></span> <span class='ocrx_word' id='word_1_832' title='bbox 2394 5305 2634 5358; x_wconf 88' lang='lat' dir='ltr'><strong>intestino</strong></span> <span class='ocrx_word' id='word_1_833' title='bbox 2657 5303 2787 5359; x_wconf 89' lang='lat' dir='ltr'><strong>bello</strong></span> <span class='ocrx_word' id='word_1_834' title='bbox 2817 5305 3100 5373; x_wconf 82' lang='lat' dir='ltr'><strong>distrahor,</strong></span> <span class='ocrx_word' id='word_1_835' title='bbox 3127 5306 3247 5360; x_wconf 87' lang='lat' dir='ltr'><strong>dum</strong></span> <span class='ocrx_word' id='word_1_836' title='bbox 3262 5310 3475 5377; x_wconf 81' lang='lat' dir='ltr'><strong>spiritus</strong></span> 
     </span>
    </p>
   </div>
   <div class='ocr_carea' id='block_1_119' title="bbox 1890 5395 3475 5467">
    <p class='ocr_par' dir='ltr' id='par_1_119' title="bbox 1890 5395 3475 5467">
     <span class='ocr_line' id='line_1_120' title="bbox 1890 5395 3475 5467; baseline 0.004 -22"><span class='ocrx_word' id='word_1_837' title='bbox 1890 5396 2133 5446; x_wconf 78' lang='lat' dir='ltr'><strong>adversus</strong></span> <span class='ocrx_word' id='word_1_838' title='bbox 2178 5410 2407 5455; x_wconf 84' lang='lat' dir='ltr'><strong>carnem,</strong></span> <span class='ocrx_word' id='word_1_839' title='bbox 2450 5410 2569 5447; x_wconf 90' lang='lat' dir='ltr'><strong>caro</strong></span> <span class='ocrx_word' id='word_1_840' title='bbox 2618 5395 2863 5449; x_wconf 78' lang='lat' dir='ltr'><strong>adversus</strong></span> <span class='ocrx_word' id='word_1_841' title='bbox 2888 5398 3126 5467; x_wconf 80' lang='lat' dir='ltr'><strong>spiritum</strong></span> <span class='ocrx_word' id='word_1_842' title='bbox 3155 5399 3392 5459; x_wconf 84' lang='lat' dir='ltr'><strong>dimicat,</strong></span> <span class='ocrx_word' id='word_1_843' title='bbox 3426 5409 3475 5451; x_wconf 76' lang='lat' dir='ltr'><strong>et</strong></span> 
     </span>
    </p>
   </div>
   <div class='ocr_carea' id='block_1_120' title="bbox 1892 5483 3472 5558">
    <p class='ocr_par' dir='ltr' id='par_1_120' title="bbox 1892 5483 3472 5558">
     <span class='ocr_line' id='line_1_121' title="bbox 1892 5483 3472 5558; baseline 0.004 -24"><span class='ocrx_word' id='word_1_844' title='bbox 1892 5483 1977 5534; x_wconf 72' lang='lat' dir='ltr'><strong>lex</strong></span> <span class='ocrx_word' id='word_1_845' title='bbox 2005 5484 2231 5537; x_wconf 76' lang='lat' dir='ltr'><strong>corporis</strong></span> <span class='ocrx_word' id='word_1_846' title='bbox 2260 5485 2368 5554; x_wconf 82' lang='lat' dir='ltr'><strong>lege</strong></span> <span class='ocrx_word' id='word_1_847' title='bbox 2394 5486 2589 5552; x_wconf 85' lang='lat' dir='ltr'><strong>peccati</strong></span> <span class='ocrx_word' id='word_1_848' title='bbox 2615 5485 2774 5556; x_wconf 80' lang='lat' dir='ltr'><strong>legmt</strong></span> <span class='ocrx_word' id='word_1_849' title='bbox 2803 5490 2985 5541; x_wconf 88' lang='lat' dir='ltr'><strong>mentis</strong></span> <span class='ocrx_word' id='word_1_850' title='bbox 3042 5488 3346 5558; x_wconf 74' lang='lat' dir='ltr'><strong>impugnat?</strong></span> <span class='ocrx_word' id='word_1_851' title='bbox 3378 5489 3472 5541; x_wconf 72' lang='lat' dir='ltr'><strong>In-</strong></span> 
     </span>
    </p>
   </div>
   <div class='ocr_carea' id='block_1_121' title="bbox 1961 5623 2753 5695">
    <p class='ocr_par' dir='ltr' id='par_1_121' title="bbox 1961 5623 2753 5695">
     <span class='ocr_line' id='line_1_122' title="bbox 1961 5623 2753 5695; baseline -0.001 -16"><span class='ocrx_word' id='word_1_852' title='bbox 1961 5626 1983 5663; x_wconf 70' lang='grc' dir='ltr'><strong>ιι</strong></span> <span class='ocrx_word' id='word_1_853' title='bbox 2014 5623 2143 5680; x_wconf 66' lang='lat' dir='ltr'><strong>Haec</strong></span> <span class='ocrx_word' id='word_1_854' title='bbox 2164 5626 2391 5695; x_wconf 89' lang='lat' dir='ltr'><strong>epistola</strong></span> <span class='ocrx_word' id='word_1_855' title='bbox 2420 5641 2525 5681; x_wconf 91' lang='lat' dir='ltr'><strong>non</strong></span> <span class='ocrx_word' id='word_1_856' title='bbox 2558 5636 2753 5680; x_wconf 80' lang='lat' dir='ltr'><strong>exstat.</strong></span> 
     </span>
    </p>
   </div>
  </div>
