4020 6186
517 296 617 350 135

1520 284 1577 340 S.
1620 280 1960 339 PAULINUS
1997 278 2315 339 NOLA'NUS
2354 271 2750 332 EPISCOPUS.

3690 267 3798 324 156

508 406 633 479 felix
654 420 766 476 ego,
796 402 881 475 qui
907 401 963 456 in
991 417 1071 455 me
1093 407 1394 455 venenatum
1422 399 1645 452 inimica:
1668 397 1870 449 arboris
1887 402 2091 465 gustum
2120 402 2167 459 Α
2194 391 2262 445 ab
2289 405 2355 445 eo
2378 397 2565 459 postea
2593 384 2966 455 cognovimus,
2997 381 3318 452 precabatur
3351 398 3363 433 :
3398 379 3642 479 Domine,
3688 396 3802 479 non

509 514 600 551 nec
622 496 799 549 Cruci:
824 495 963 565 ligno
990 494 1198 564 digessi.
1232 491 1401 544 Durat
1424 491 1563 545 enim
1607 490 1733 543 mihi
1785 487 1917 542 illud
1947 496 1974 524 ⁸
2001 503 2095 557 per

510 589 677 641 Adam
699 589 835 640 virus
864 594 1161 655 paternum,
1212 599 1310 653 quo
1344 580 1730 634 universitatem
1783 578 1985 649 generis
2013 576 2096 630 sui

509 688 657 748 pater
667 675 1031 746 prwvaricams
1048 672 1250 744 infecit?
1264 671 1370 741 (Ea:
1382 672 1531 740 epist.
1549 669 1761 721 Paulini
1774 668 1841 719 ad
1854 667 2097 720 Severum

512 768 597 833 50,
612 768 684 820 al.
702 766 777 834 8).
795 764 859 817 Et
873 773 1074 827 cetera,
1090 777 1209 831 qua:
1222 762 1289 815 de
1299 761 1404 815 hac
1416 760 1625 813 miseria
1639 758 1805 811 multa
1820 759 1840 793 ι’
1854 757 2099 811 contexis

514 854 927 926 ingemiscendo,
942 862 1260 923 exspectans
1272 849 1662 904 redemtionem
1678 847 1921 917 corporis
1934 845 2032 910 tui;
2044 853 2101 899 et

514 949 749 1004 nondum
766 962 845 1009 re,
863 944 955 1000 sed
970 958 1064 1012 spe
1079 943 1284 997 salvum
1300 949 1354 995 te
1368 954 1488 994 esse
1502 951 1851 1006 cognoscens.
1865 934 1971 988 Sed
1987 932 2099 987 for-

514 1038 671 1092 tassis
683 1046 737 1090 tu
749 1036 908 1089 alium
926 1035 978 1088 in
996 1042 1047 1087 te
1065 1029 1472 1098 transﬁgurasti,
1488 1043 1609 1083 eum
1622 1028 1736 1081 hzec
1759 1025 1985 1089 diceres;
2002 1038 2102 1077 nec

515 1129 721 1197 aliquas
749 1126 816 1181 de
858 1139 1021 1180 carne
1062 1122 1481 1191 concupiscente
1531 1119 1788 1174 adversus
1834 1115 2100 1185 spiritum,

515 1218 761 1289 quamvis
778 1218 947 1272 einon
962 1214 1284 1277 consentias,
1308 1211 1582 1265 molestias
1605 1209 1936 1278 importunas
1946 1213 2101 1272 pate-

515 1311 613 1375 ris,
629 1317 684 1364 et
698 1308 979 1362 odiosas...
1002 1306 1076 1359 De
1105 1303 1309 1358 orando
1337 1310 1537 1365 autem,
1566 1308 1620 1353 et
1648 1296 1933 1365 gemitibus
1962 1293 2107 1362 flagi-

523 1401 686 1454 tando
708 1396 1015 1468 proficiendi
1042 1410 1105 1449 ac
1124 1402 1269 1448 recte
1286 1391 1497 1446 vivendi
1525 1389 1809 1458 adjutorio,
1834 1398 1856 1425 ο
1873 1400 1992 1455 quae
2016 1393 2104 1438 tua

521 1507 630 1545 non
655 1490 821 1543 fervet
834 1487 1058 1557 epistola
1075 1487 1098 1539 ?
1124 1484 1261 1550 Quid
1278 1491 1361 1537 est
1383 1483 1456 1535 tui
1478 1488 1967 1551 quantumcumque
1992 1490 2109 1530 ser-

519 1581 712 1644 monis,
732 1579 819 1632 ubi
839 1593 944 1632 non
960 1578 1029 1631 sit
1049 1589 1291 1644 sparsum
1312 1570 1644 1641 gemebunda
1660 1568 1877 1637 pietate,
1899 1565 2107 1635 quodin

521 1666 1033 1724 orationedicimus?
1062 1662 1146 1718 Ne
1162 1680 1256 1717 nos
1277 1664 1470 1733 inferas
1500 1661 1553 1714 in
1578 1659 1910 1712 tentationem
1925 1658 1949 1710 Ζ)
1967 1656 2107 1710 Invi—

521 1747 639 1817 cem
658 1763 837 1830 itaque
859 1773 956 1813 nos
968 1755 1369 1811 etconsolemur
1384 1753 1435 1805 in
1452 1752 1535 1804 his
1550 1749 1814 1813 omnibus,
1834 1756 1889 1802 et
1903 1747 2104 1802 exhor-
2139 1752 2180 1811 Β

522 1861 716 1917 temur,
748 1860 804 1905 et
826 1856 1084 1917 quantum
1105 1846 1195 1900 dat
1226 1844 1480 1898 Dominus
1508 1840 1839 1909 adjuvemus.

521 1986 879 2038 AUGUSTINUS,
916 1985 1017 2023 LIB.
1059 1984 1125 2023 DE
1168 1982 1303 2021 CURA
1344 1980 1443 2019 PRO
1481 1977 1709 2018 IOR‘I‘UIS
1758 1976 2001 2018 GBRENDA
2039 1976 2107 2015 AD

1178 2072 1459 2114 PAULINUII.

523 2166 811 2229 (Recognita
853 2170 965 2212 sunt
1006 2161 1086 2211 illa
1129 2160 1402 2283 fraga???
1449 2156 1507 2205 ad
1551 2169 1666 2205 mss.
1710 2154 1909 2205 codices
1945 2153 2108 2203 Vatic.

594 2318 695 2371 Diu
722 2313 991 2370 sanctitati
1015 2320 1139 2376 tua},
1164 2309 1486 2378 coepiscope
1515 2306 1825 2362 venerande
1850 2306 2072 2360 Pauline
2090 2343 2105 2367 ,

526 2409 907 2477 rescriptorum
932 2403 1144 2458 debitor
1173 2400 1267 2465 fui,
1292 2416 1359 2455 ex
1379 2413 1487 2468 quo
1510 2399 1639 2452 mihi
1668 2397 1932 2466 scripsisti
1960 2393 1986 2433 ἀ
2015 2411 2112 2466 per

526 2498 769 2553 homines
786 2495 903 2548 ﬁliae
929 2501 1126 2548 nostrm
1150 2490 1563 2559 religiosissimae
1584 2488 1775 2554 Florae,
1804 2502 2051 2556 qumrens
2078 2501 2110 2542 a

528 2606 613 2645 me
643 2597 819 2643 utrum
852 2587 1023 2656 prosit
1052 2594 1076 2623 ο
1100 2584 1293 2652 cuique
1321 2591 1441 2652 post
1468 2589 1697 2635 mortem
1743 2580 1887 2649 quod
1916 2595 2112 2649 corpus

528 2683 643 2752 ejus
671 2681 810 2750 apud
839 2677 1024 2732 Sancti
1070 2676 1293 2744 alicujus
1332 2673 1646 2728 memoriam
1689 2672 1965 2741 sepelitur.
1997 2670 2113 2725 lioc

528 2775 670 2830 enim
702 2772 799 2825 abs
844 2779 896 2824 te
924 2768 1081 2822 vidua
1112 2773 1404 2821 memorata
1435 2764 1700 2834 petiverat
1734 2778 1833 2833 pro
1859 2762 2112 2818 defuncto

528 2866 585 2920 in
624 2865 701 2919 eis
746 2862 985 2933 partibus
1037 2858 1145 2913 tilio
1173 2873 1271 2913 suo
1304 2875 1316 2909 :
1350 2864 1405 2911 et
1437 2855 1788 2925 rescripseras
1828 2853 2113 2909 consolans

530 2970 672 3022 eam,
694 2953 853 3023 idque
880 2951 1043 3006 etiam
1070 2949 1318 3003 nuntians
1339 2947 1405 3001 de
1427 2945 1689 3001 cadavere
1712 2942 1882 2998 ﬁdelis
1900 2942 2114 3011 juvenis

530 3044 779 3118 Cynegii,
832 3042 978 3112 quod
1024 3049 1267 3095 materno
1298 3054 1352 3093 et
1397 3038 1487 3108 pio
1530 3035 1724 3091 affectu
1764 3034 2111 3101 desideravit,

2197 480 2467 534 excrucier
2504 478 2661 547 ιιο
2688 481 2895 544 propter
2914 489 3097 525 aurum
3123 479 3173 524 et
3197 477 3467 540 argentum
3497 485 3514 522 :
3547 468 3633 521 ubi
3654 468 3804 521 enim

2194 571 2300 624 sint
2320 567 2494 622 omnia
2523 582 2658 630 mea,
2688 572 2742 617 tu
2772 563 2891 616 scis.
2924 560 3002 616 lbi
3031 561 3173 616 enim
3198 560 3433 614 habebat
3459 559 3639 614 omnia
3670 574 3795 621 sua,

2198 660 2287 714 ubi
2316 673 2439 713 eum
2473 656 2709 711 condere
2755 664 2810 708 et
2851 653 3214 707 thesaurizare
3242 652 3331 705 ille
3359 659 3669 718 monuerat,
3699 651 3799 719 qui

2198 748 2314 803 haec
2341 747 2479 801 mala
2507 744 2707 800 mundo
2730 754 2954 799 ventura
2982 742 3324 812 pnedixerat.

2375 870 2639 912 SULPICIUS
2675 869 2908 909 SEVBRUS
2943 869 3011 907 AD
3040 868 3199 906 FINEI
3238 866 3597 906 DIAI.OGORUI.

2199 944 2572 1007 (Fragmentum
2615 945 2727 993 illud
2769 952 3075 1007 recognitum
3117 954 3193 1007 est
3231 942 3291 1007 ad
3327 945 3667 1007 nissnendices
3690 949 3805 1007 tres

2468 1007 2736 1126 §%%,)700,
2778 1005 2869 1055 500
2892 1000 3083 1059 annon,
3121 1005 3245 1051 duos
3264 1001 3359 1050 Jul.
3385 1002 3498 1062 800,
3525 1001 3650 1052 Vtc‘.
3676 1000 3795 1063 ωε),

2265 1080 2295 1117 e
2382 1081 2450 1126 lg.
2568 1099 2583 1114 .

2265 1080 2317 1117 et
2344 1080 2450 1127 mg.
2473 1080 2583 1115 ouo.

2272 1148 2379 1203 Sed
2400 1148 2524 1203 dum
2555 1146 2805 1207 recurris,
2837 1146 3181 1214 diversasque
3205 1146 3474 1214 regiones,
3500 1147 3639 1212 loca,
3663 1163 3802 1216 pora

2204 1249 2308 1301 tus,
2343 1240 2565 1307 insulas,
2594 1238 2864 1306 urbesque
2895 1238 3240 1305 przeterlegis,
3270 1237 3484 1293 Martini
3514 1253 3709 1293 nomen
3740 1247 3804 1292 et

2203 1332 2426 1401 gloriam
2448 1344 2639 1400 sparge
2661 1344 2756 1399 per
2792 1329 3043 1399 populos.
3086 1329 3332 1398 Inprimis
3378 1339 3650 1383 memento
3684 1344 3805 1383 non

2204 1421 2483 1493 praeterire
2510 1418 2894 1489 Campaniam;
2918 1426 2975 1472 et
3002 1419 3048 1472 si
3073 1419 3306 1473 maxime
3335 1434 3524 1473 cursus
3550 1420 3605 1472 in
3634 1417 3807 1473 devio

2205 1515 2296 1581 sit,
2326 1528 2433 1567 non
2458 1521 2637 1566 tamen
2662 1511 2755 1565 tibi
2776 1510 2910 1564 tanti
2931 1509 3040 1564 sint
3067 1510 3151 1564 vel
3182 1522 3495 1578 magnarum
3522 1524 3807 1564 morarum

2207 1602 2315 1656 ulla
2362 1600 2659 1671 dispendia,
2707 1599 2835 1669 quin
2874 1598 2983 1654 illic
3030 1599 3191 1654 adeas
3220 1600 3481 1655 illustrem
3510 1600 3702 1666 virum,
3735 1614 3808 1653 ac

2211 1702 2324 1749 toto
2352 1703 2376 1741 lt
2407 1691 2681 1747 laudatum
2711 1691 2843 1745 orbe
2871 1688 3151 1743 Paulinum
3182 1707 3194 1742 :
3247 1689 3341 1754 illi,
3373 1705 3555 1759 quaeso
3584 1698 3656 1754 te,
3687 1690 3809 1760 pri-

2209 1798 2354 1838 mum
2389 1781 2653 1837 sermonis
2682 1780 2875 1847 nostri,
2907 1778 2932 1816 ιι
2963 1780 3107 1848 quod
3148 1780 3233 1835 vel
3279 1781 3530 1835 hesterno
3555 1779 3807 1835 confeci-

2209 1889 2350 1939 mus,
2376 1872 2462 1927 vel
2489 1870 2655 1926 hodie
2694 1870 2945 1935 diximus,
2979 1870 3229 1924 volumen
3272 1871 3478 1925 evolve.
3509 1870 3589 1925 llli
3617 1870 3809 1925 omnia

2210 1962 2432 2028 referes,
2461 1963 2535 2015 illi
2556 1971 2752 2016 cuncta
2782 1960 3064 2025 recitabis;
3096 1968 3155 2013 ut
3179 1976 3305 2014 mox
3328 1975 3423 2029 per
3446 1960 3593 2013 illum
3615 1975 3809 2014 sacras

2212 2056 2313 2111 viri
2340 2056 2523 2110 laudes
2544 2054 2714 2110 Roma
2740 2060 3033 2120 cognoscat
3058 2069 3070 2106 :
3103 2052 3239 2107 sicut
3263 2054 3493 2122 primum
3524 2053 3671 2107 illum
3697 2068 3809 2105 no-

2215 2154 2386 2201 strum
2410 2144 2646 2199 libellum
2674 2159 2782 2197 non
2804 2158 2901 2213 per
2920 2141 3126 2196 Italiam
3149 2150 3375 2207 tantum,
3393 2142 3488 2197 sed
3510 2158 3605 2213 per
3626 2150 3809 2197 totum

2213 2235 2375 2290 etiam
2400 2232 2611 2288 diffudit
2639 2232 2926 2302 Illyricum.
2958 2232 3052 2288 Ille
3082 2231 3291 2286 Martini
3321 2248 3426 2287 non
3458 2234 3665 2287 invidus
3684 2234 3812 2300 διο.

2212 2324 2431 2388 riarum,
2474 2331 2891 2391 sanctarumque
2926 2323 2941 2359 ι
2991 2323 3041 2376 in
3071 2322 3281 2376 Christo
3325 2322 3578 2377 virtutum
3620 2324 3812 2394 piissi-

2214 2430 2333 2469 mus
2360 2412 2676 2480 testimator,
2707 2429 2816 2468 non
2845 2414 3046 2469 abnuet
3072 2415 3350 2484 praesulem
3398 2425 3638 2470 nostrum
3678 2433 3811 2471 cum

2213 2495 2315 2562 suo
2342 2504 2521 2561 Felice
2548 2519 2897 2575 componere.

2375 2621 2525 2661 sure.
2566 2620 2800 2661 sevsnus
2827 2621 2895 2660 ne
2920 2622 3041 2661 vna
3070 2622 3113 2662 s.
3142 2624 3380 2676 IABTINI,
3411 2623 3531 2664 car.
3558 2609 3643 2661 21.

2216 2699 2360 2759 (illud
2385 2701 2712 2761 fragmentum
2757 2700 3054 2761 recensitqu
3080 2709 3155 2747 est
3180 2699 3380 2761 admss.
3421 2702 3810 2751 rodicestierm.

2760 2766 2812 2808 et
2837 2758 2932 2808 Jol.
2954 2762 3044 2809 800
3071 2760 3266 2822 aunor.)

2286 2841 2540 2896 Paulinus
2569 2856 2719 2906 vero,
2732 2841 2815 2895 vir
2829 2842 3007 2910 magni
3030 2842 3369 2911 postmodum
3392 2843 3600 2899 futurus
3616 2859 3813 2898 exem-

2214 2934 2310 3005 pli,
2342 2949 2463 2988 cum
2493 2934 2708 2988 oculum
2735 2933 2971 3003 graviter
2988 2934 3171 2989 dolere
3200 2936 3468 3005 erupisset,
3494 2944 3548 2991 et
3566 2936 3677 3005 jam
3706 2953 3813 3006 pu-

2218 3027 2399 3097 pillam
2430 3025 2545 3094 ejus
2569 3026 2802 3105 crassior
2829 3027 2998 3081 nubes
3026 3027 3347 3096 superducta
3382 3029 3621 3092 texisset,
3667 3044 3813 3082 ocu-

532 3115 653 3193 esse
680 3135 1028 3204 completum,
1060 3138 1119 3185 ut
1148 3131 1352 3185 scilicet
1379 3130 1432 3183 in
1460 3127 1752 3183 beatissimi
1770 3126 1807 3179 F
1812 3125 1960 3180 elicis
1979 3140 2113 3179 con-
2140 3116 2185 3178 C
2218 3118 2325 3172 lum
2359 3120 2371 3165 1'
2405 3116 2521 3185 ejus
2548 3115 2845 3170 Martinusk
2880 3116 3126 3186 peniculo
3148 3117 3390 3185 contigit,
3416 3117 3814 3188 pristinamque

534 3228 752 3284 fessoris
777 3226 996 3280 basilica
1040 3230 1398 3292 poneretur...
1431 3220 1608 3275 Habes
1635 3219 1703 3273 ad
1730 3234 1793 3273 ea
1821 3233 1941 3288 quae
1970 3232 2001 3272 a
2028 3231 2115 3272 me

534 3316 733 3390 putasti
775 3330 892 3371 esse
932 3313 1249 3384 quazrenda,
1297 3310 1507 3381 qualem
1536 3311 1686 3379 potui
1715 3309 1971 3373 reddere,
2004 3324 2117 3364 res-

536 3407 853 3478 ponsionem
884 3419 1059 3458 meam
1092 3419 1104 3454 :
1136 3417 1254 3471 qua:
1281 3401 1326 3455 si
1374 3400 1509 3454 ultra
1553 3415 1713 3469 quam
1762 3398 1778 3436 ί
1830 3399 1962 3454 satis
2007 3407 2115 3468 est,

537 3499 747 3571 prolixa
769 3503 870 3563 est,
897 3494 965 3550 da
1012 3494 1261 3550 veniam:
1296 3494 1348 3548 id
1391 3493 1535 3548 enim
1579 3490 1777 3546 factum
1821 3501 1906 3546 est
1932 3506 2117 3547 amore

538 3590 736 3645 diutius
775 3586 1028 3657 loquendi
1057 3594 1254 3641 tecum.
1280 3584 1433 3639 liuuc
1473 3598 1602 3652 ergo
1632 3584 1824 3638 librum
1853 3582 2115 3654 quemad-

539 3680 759 3736 modum
805 3679 1075 3748 aceeperit
1099 3677 1421 3732 venerabilis
1474 3675 1692 3730 dilectio
1731 3682 1843 3745 tua,
1872 3684 2002 3746 peto
2030 3691 2117 3731 re-

539 3771 752 3842 scriptis
791 3770 896 3824 tuis
935 3768 1194 3834 noverim,
1229 3782 1389 3837 quem
1417 3767 1511 3821 tibi
1548 3766 1787 3837 perlator
1815 3768 1930 3837 ejus
1958 3764 2120 3822 faciet

540 3864 659 3920 sine
679 3862 840 3917 dubio
868 3860 1178 3929 gratiorem,
1210 3859 1379 3915 frater
1405 3860 1611 3916 scilicet
1634 3868 1688 3915 et
1716 3862 2121 3931 compresbyter

541 3964 727 4013 noster
754 3952 1136 4016 Candidianus,
1161 3966 1321 4019 quem
1351 3966 1448 4020 per
1478 3962 1595 4006 tuas
1615 3951 1823 4008 litteras
1846 3952 2117 4020 cognitum
2152 3984 2159 3993 -

543 4056 660 4104 toto
688 4044 852 4101 corde
872 4044 1100 4112 suscepi,
1124 4043 1429 4112 invitusque
1456 4043 1651 4097 dimisi.

689 4180 1153 4229 Αυουδτιιςυειιιιι.
1186 4179 1202 4217 ι
1231 4180 1297 4218 ne
1322 4179 1569 4219 omnm
1598 4180 1705 4231 DEI,
1730 4180 1843 4221 cae.
1881 4166 1965 4221 I0.

546 4260 675 4324 (Hoc
714 4258 1038 4319 fragmentum
1083 4252 1589 4378 collagmlﬁsstfum
1640 4257 1856 4306 editione
1882 4256 2119 4309 Venetica

618 4419 770 4476 Unde
796 4418 1049 4475 Paulinus
1076 4426 1281 4488 noster,
1302 4418 1545 4476 Nolensis
1564 4421 1867 4493 epise0pus,
1892 4439 1960 4479 ex
1988 4441 2123 4495 opu-

549 4514 844 4571 lentissimo
874 4511 1036 4567 divite
1069 4513 1348 4569 voluntate
1383 4514 1775 4584 pauperrimus,
1826 4525 1881 4572 et
1931 4520 2121 4588 copio-

550 4605 759 4661 sissime
779 4612 1015 4671 sanctus,
1040 4605 1256 4674 quando
1280 4613 1335 4661 et
1373 4605 1543 4675 ipsam
1568 4605 1755 4660 Nolam
1784 4607 1999 4664 barbari
2027 4625 2121 4664 va-

552 4704 846 4764 staverunt,
875 4712 995 4751 cum
1023 4698 1090 4750 ab
1111 4698 1189 4751 eis
1217 4705 1507 4759 teneretur,
1534 4696 1611 4751 sic
1654 4698 1707 4752 in
1737 4699 1898 4755 corde
1924 4716 2041 4766 suo,
2067 4710 2126 4756 ut

627 4914 655 4943 ι
679 4903 830 4975 Apud
859 4903 1136 4960 Paulinum
1158 4904 1368 4972 legitur,
1393 4903 1457 4958 ab
1478 4906 1665 4962 Adam.
1980 4956 1983 4957 ν

625 4981 655 5023 δ
682 4982 760 5037 Ita
794 4999 919 5038 mss.
960 4993 1087 5038 tres.
1127 4983 1196 5038 At
1221 4992 1332 5040 tres
1361 4983 1476 5051 alii,
1509 4994 1562 5040 et
1584 4986 1712 5041 editi
1752 4986 1805 5053 I,
1844 4992 2124 5045 connectis.

632 5084 655 5111 ε
689 5070 849 5138 Editi,
875 5088 1021 5139 quem
1049 5079 1151 5145 tua,
1169 5088 1272 5125 non
1314 5073 1488 5145 feriret
1513 5074 1769 5145 epistola?
1807 5076 1912 5132 Sed
1937 5078 2130 5133 melius

555 5158 710 5217 mss.,
741 5157 854 5217 qua}
857 5150 982 5217 “tua”
991 5158 1119 5217 nam
1128 5144 1320 5217 fervet?
1353 5144 1401 5197 id
1431 5153 1532 5206 est,
1562 5160 1679 5215 quae
1703 5161 1767 5201 ex
1797 5147 1904 5201 tuis
1931 5147 2130 5217 episto-

557 5215 641 5277 lis,
671 5209 773 5265 etc'.
808 5210 919 5263 RR.
946 5209 1049 5265 PP.
1082 5209 1359 5265 Benedict.

628 5288 654 5327 ἀ
693 5288 808 5342 Νοη
829 5295 1005 5342 exstat
1031 5288 1145 5342 haec
1169 5288 1414 5356 epistola.

633 5387 655 5416 ο
685 5375 761 5429 lta
782 5375 887 5430 duo
913 5391 1039 5433 mss.
1071 5374 1282 5431 codices
1311 5374 1573 5432 Vaticani.
1606 5378 1773 5449 Editi,
1806 5385 1980 5438 alicui.

637 5456 656 5495 ί
682 5455 771 5510 Sic
797 5455 903 5509 duo
927 5471 1052 5509 mss.
1078 5454 1199 5508 Vat.
1223 5456 1331 5525 AL,
1361 5472 1463 5513 sat.

633 5544 778 5624 aSic
798 5545 1112 5624 _reslitgtun)
1145 5560 1209 5624 ex
1259 5547 1694 5624 mss.__codieihus
1722 5551 2125 5624 tribusCerm.,

560 5613 916 5691 duobusdol,
961 5613 1236 5691 Victorino
1266 5626 1321 5672 et
1366 5616 1667 5687 Bigotiano.
1723 5620 1780 5673 In
1808 5613 2126 5691 quihusdam

560 5685 735 5753 editis,
766 5685 1098 5739 laudandum.

2219 3209 2267 3263 ei
2292 3208 2575 3263 sanitatem
2602 3207 2813 3262 sublato
2844 3209 2988 3262 omni
3025 3208 3212 3263 dolore
3242 3209 3492 3265 restituit.

2218 3336 2482 3377 IABTINUS
2508 3335 2644 3374 APUD
2674 3335 2821 3375 SULP.
2856 3335 3097 3376 εενειιυκ
3127 3338 3179 3376 ΙΝ
3218 3338 3338 3377 EJUS
3372 3339 3518 3377 νιτΑ.
3549 3338 3667 3378 CAP.
3711 3321 3811 3378 εδ.

2221 3412 2690 3479 (Hoc__fragmentum
2717 3413 2947 3479 collatum
2966 3416 3125 3479 estad
3150 3416 3180 3462 4
3208 3426 3322 3479 mes.
3348 3412 3517 3479 Germ.
3555 3415 3668 3479 90",
3692 3416 3813 3479 800,

2341 3476 2449 3533 500,
2476 3476 2567 3522 400
2592 3488 2781 3533 annon,
2812 3474 2901 3522 Jul.
2927 3474 3175 3533 800,Vict.
3205 3477 3314 3536 600,
3344 3484 3397 3525 et
3416 3476 3520 3536 Big.
3547 3476 3677 3537 500.)

2289 3555 2481 3611 Sermo
2510 3563 2689 3610 autem
2714 3556 2855 3611 illius
2883 3572 2989 3611 non
3014 3556 3151 3612 alius
3181 3558 3323 3628 apud
3352 3574 3451 3613 nos
3500 3558 3613 3623 fuit,
3643 3574 3814 3627 quam

2219 3647 2402 3701 mundi
2432 3646 2590 3715 hujus
2616 3647 2896 3702 illecebras
2925 3656 2981 3703 et
3024 3649 3192 3703 seculi
3222 3664 3389 3705 onera
3428 3650 3811 3720 relinquenda,

2198 3742 2280 3791 'ut
2309 3737 2594 3791 Dominum
2622 3736 2803 3792 Jesum
2835 3738 2989 3793 liberi
3020 3740 3364 3810 expeditique
3405 3756 3758 3810 sequeremur
3791 3760 3811 3797 ι

2218 3829 2821 3900 praestantissimumque
2869 3831 3025 3885 nobis
3080 3833 3421 3901 prresentium
3478 3842 3810 3903 temporum,

2222 3919 2439 3973 illustris
2469 3920 2567 3973 viri
2600 3918 2829 3988 Paulini,
2859 3921 3008 3989 cujus
3028 3935 3185 3991 supra
3216 3923 3543 3978 mentionem
3566 3923 3813 3991 fecimus,

2223 4010 2529 4079 exemplum
2582 4009 2895 4079 ingerebat,
2936 4012 3026 4081 qui
3074 4015 3298 4068 summis
3352 4014 3544 4083 opibus
3587 4014 3818 4083 abjectis

2222 4099 2494 4154 Christum
2518 4109 2754 4169 secutus,
2778 4103 2925 4158 solus
2948 4119 3086 4173 pene
3113 4106 3194 4159 his
3224 4106 3553 4175 temporibus
3574 4122 3816 4175 cvange-

2223 4188 2325 4245 lica
2352 4199 2618 4260 praecepta
2666 4193 3029 4263 complesset:
3065 4196 3211 4250 illum
3259 4197 3411 4251 nobis
3456 4198 3818 4267 sequendum,

2232 4280 2379 4335 illum
2403 4279 2668 4336 clamabat
2690 4283 3032 4338 imitandum:
3060 4287 3383 4355 beatumque
3403 4285 3554 4343 esse1
3576 4301 3819 4358 prtesens

2225 4371 2499 4436 saeculum,
2532 4380 2695 4425 tantae
2724 4372 2843 4427 fidei
2865 4375 3184 4444 virtutisque
3199 4376 3523 4432 documento
3544 4395 3557 4430 :
3582 4393 3703 4431 cum
3725 4393 3819 4432 sco

2151 4487 2198 4545 Ι)
2223 4462 2454 4517 cundum
2480 4463 2797 4517 sententiam
2821 4464 3047 4530 Domini,
3065 4467 3214 4522 dives
3242 4476 3298 4522 et
3318 4468 3596 4537 possidens
3620 4468 3819 4535 multa,

2224 4551 2503 4607 vendendo
2533 4554 2731 4619 omnia,
2762 4564 2801 4591 ω
2824 4562 2878 4609 et
2902 4554 3078 4610 dando
3100 4559 3441 4626 pauperibus,
3471 4559 3614 4629 quod
3644 4568 3767 4613 erat
3788 4569 3820 4597 ιι

2230 4646 2375 4702 factu
2412 4647 2773 4718 impossibile,
2802 4648 3062 4717 possibile
3096 4656 3120 4684 ο
3149 4649 3373 4704 fecisset
3394 4652 3667 4720 exemplo.
3690 4651 3821 4707 Jam

2230 4753 2361 4794 vero
2384 4739 2439 4795 in
2468 4742 2652 4796 verbis
2668 4749 2723 4795 et
2735 4740 3177 4797 confabulatione
3197 4742 3318 4813 ejus
3333 4752 3535 4812 quanta
3551 4746 3822 4813 gravitas,

2305 4940 2456 5068 hdltar
2477 4944 2874 5000 emendavimus
2903 4961 2969 5000 ex
3017 4955 3223 5016 septem
3252 4962 3379 5000 mss.
3413 4947 3686 5003 codicibus
3713 4960 3816 5002 su-

2305 5027 2328 5066 a
2371 5030 2417 5068 lC
2446 5031 2509 5068 IS.

2232 5027 2509 5081 prameus.

2311 5080 2326 5118 ί
2361 5083 2526 5137 Abest
2555 5083 2608 5137 in
2631 5082 2834 5138 Christo
2856 5100 2884 5138 a
2903 5100 3000 5139 ms.
3034 5085 3219 5140 codice
3240 5101 3349 5142 uno
3378 5086 3482 5141 Jol.
3512 5086 3568 5140 In
3592 5084 3814 5140 Germa-

2234 5152 2385 5228 nens}
2413 5168 2518 5207 uno
2548 5153 2894 5228 additumest
2921 5156 3023 5209 alia
3055 5170 3235 5228 manu.
3708 5166 3711 5169 '

2306 5220 2320 5269 i
2358 5220 2433 5274 Ita
2463 5238 2564 5277 ms.
2595 5223 2765 5277 codex
2784 5222 3041 5281 Jolianus.
3073 5226 3215 5284 Alias
3237 5231 3304 5284 ei.

2306 5288 2450 5363 illis.
2478 5291 2681 5363 codex!
2711 5293 2916 5363 Germ,
2948 5297 3205 5363 penicillo.

2312 5358 2323 5395 ι
2362 5359 2483 5412 Mss.
2516 5361 2622 5437 duo
2651 5362 2863 5418 codices
2882 5358 3086 5434 Germ.,
3112 5371 3377 5437 prwsentis
3405 5368 3630 5422 seculi...
3652 5371 3814 5421 docu-

2233 5436 2475 5489 mentum,
2502 5430 2658 5483 male.

2304 5508 2344 5536 ω
2366 5498 2449 5570 pls
2499 5497 2523 5549 I
2556 5498 2934 5565 Germanensis
2957 5506 3141 5570 codex,
3176 5508 3437 5563 donando.

2235 5577 2333 5691 se:
2362 5567 2439 5706 Ity!
2468 5584 2569 5691 t’ns.
2610 5586 2744 5625 unus
2773 5572 2953 5627 Germ.
2984 5567 3152 5630 codex
3184 5595 3305 5633 cum
3370 5578 3548 5634 editis.
3579 5577 3644 5629 At
3680 5590 3815 5634 ruas.

2337 5677 2354 5704 ,
2408 5654 2468 5689 ac
2492 5655 2541 5691 ο.

2337 5677 2354 5704 ,
2386 5654 2541 5704 jacio.

2310 5716 2334 5741 ο
2367 5706 2463 5759 Ms.
2491 5722 2626 5760 unus
2653 5706 2833 5763 Germ.
2868 5711 3037 5767 codex
3056 5755 3070 5778 ,
3104 5716 3242 5785 fecit.
