4020 6186
268 187 366 239 137

260 400 420 453 quam
480 386 535 438 in
590 386 931 441 exsolvendis
991 387 1386 458 Scripturantm
1460 393 1843 459 quaestionibus

261 484 542 545 promptus
570 484 628 532 et
655 478 851 532 facilis.

267 604 416 670 ιιι
438 614 703 655 nononws
731 614 1048 665 υιιιειυιτοκ,
1074 616 1124 654 nv
1153 617 1441 657 nescmrro
1470 618 1572 666 QUO
1600 619 1667 658 an
1685 618 1839 659 smo-

722 686 828 723 υωι
861 686 1119 723 PAULINUI
1143 687 1377 724 INVI'I‘AT.

285 758 378 820 (Ex
411 771 501 807 ms.
547 758 716 808 codice
743 758 986 819 Vaticano,
1028 760 1151 817 aput]
1193 761 1450 809 Barouium
1488 774 1614 811 anno
1644 763 1822 812 Christi

853 820 961 878 H9,
992 834 1124 869 num.
1154 821 1255 879 20.)

328 916 531 970 Sancto
561 932 624 970 ac
653 918 947 971 venerabili
974 915 1119 971 Patri
1148 918 1371 973 Paulino
1400 918 1671 989 episcOpo.

329 1005 561 1059 Tantum
590 1007 690 1059 fuit
733 1006 872 1075 apud
920 1023 1019 1063 nos
1046 1016 1192 1061 certa
1223 1008 1464 1073 scientia,
1504 1009 1633 1062 nihil
1662 1009 1729 1064 ab
1757 1010 1840 1065 his

258 1094 635 1149 sacerdotibus
662 1096 751 1163 qui
776 1095 844 1148 ad
870 1095 1130 1166 synodum
1158 1105 1540 1164 convenerant,
1564 1113 1720 1167 posse
1747 1098 1841 1153 de-

257 1183 418 1248 ﬁniri,
453 1198 578 1237 cum
630 1183 908 1237 beatitudo
954 1192 1045 1237 tua
1096 1183 1163 1237 de
1192 1184 1432 1252 corporis
1480 1185 1840 1254 inaequalitate

255 1280 510 1336 causata,
563 1273 770 1328 itineris
808 1289 913 1327 nou
963 1274 1139 1343 potuit
1172 1274 1417 1341 injuriam
1448 1277 1729 1330 sustinere.
1770 1276 1839 1329 Et

252 1370 475 1431 propter
503 1362 803 1416 absentiam
823 1364 993 1417 sancti
1017 1363 1135 1427 viri,
1160 1379 1263 1416 non
1292 1363 1504 1431 quidem
1530 1366 1833 1431 obtentura;

253 1453 468 1506 interim
501 1461 683 1506 tamen
719 1453 846 1505 vitia
874 1453 1211 1521 gratulantur
1240 1455 1256 1522 (
1280 1455 1411 1523 forte
1458 1463 1766 1521 grassantur
1792 1454 1833 1523 ),

251 1560 369 1598 cum
415 1559 586 1614 prava
612 1553 668 1599 et
697 1552 848 1598 vetus
869 1545 1089 1599 ambitio
1132 1554 1185 1598 et
1214 1561 1334 1599 cum
1385 1546 1666 1599 benedicto
1696 1546 1830 1611 viro,

1621 196 2147 253 PROLEGOMENA.

261 302 458 364 quanta
508 294 739 363 dignitas
783 304 936 361 erat;
968 312 1125 366 quam
1174 299 1367 361 alacer,
1423 315 1582 370 quam
1628 302 1842 365 efﬁcax,
1877 314 1929 366 Α

3416 211 3518 268 I58

2093 307 2371 389 Messalam
2403 313 2597 381 ingenii
2621 318 2750 371 satis
2772 320 3018 387 profundi
3038 364 3051 388 ,

2090 397 2158 453 Et
2176 402 2306 457 nulli
2327 404 2489 459 modo
2508 404 2752 463 Martium
2775 413 3084 466 secundum.

2015 522 2330 577 GENNADIUS,
2363 531 2464 569 LIB.
2505 534 2572 572 DE
2608 534 2976 645 εοιιιρὶίέιιωυε
3008 541 3438 599 ECCLESIASTICIS,

2607 605 2723 644 CAP.
2840 633 2853 645 .

2607 605 2723 644 CAP.
2764 605 2853 646 ιδ.

1992 664 2069 751 (id
2091 672 2393 751 recognitum
2420 680 2495 722 est
2518 675 2576 723 ad
2595 688 2682 724 ms.
2703 679 2918 728 codicem
2940 680 3106 731 Germ.
3135 685 3254 735 1000
3275 690 3481 751 annor.)

2015 746 2267 841 Paulinus
2295 752 2440 808 Nola:
2469 760 2772 828 Campaniae
2791 764 3074 833 episcopus
3090 777 3112 802 ι
3129 769 3342 841 scripsit
3357 746 3510 827 versu

1940 838 2146 931 brevia,
2176 842 2270 895 sed
2296 845 2493 899 multa:
2524 856 2578 901 et
2604 848 2670 902 ad
2691 850 2901 906 Celsum
2930 856 3233 923 quemdam,
3252 838 3514 931 epitaphii

1940 928 2057 982 vice
2084 932 2502 990 consolatorium
2529 938 2765 994 libellum
2813 958 2975 1012 super
3000 954 3173 1001 morte
3221 928 3509 1007 Christiani

1938 1026 1995 1072 ct
2016 1019 2270 1089 baptizati
2306 1023 2539 1091 infantis,
2567 1044 2663 1097 spe
2690 1030 2991 1088 Christiana
3021 1038 3279 1092 munitum
3314 1058 3327 1093 :
3359 1051 3416 1096 et
3444 1044 3511 1097 ad

1939 1106 2194 1163 Severum
2223 1112 2403 1181 plures
2450 1119 2731 1186 epistolas;
2777 1131 2834 1176 et
2858 1123 2925 1177 ad
2955 1124 3310 1183 Theodosium
3337 1132 3508 1202 impe-

1936 1207 2190 1265 ratorem,
2221 1213 2346 1259 ante
2374 1208 2736 1278 episcopatum
2758 1229 2917 1282 prosa
2947 1223 3323 1290 panegyricum
3350 1240 3509 1295 super

1940 1290 2161 1345 victoria
2193 1302 2571 1366 tyrannorum;
2605 1318 2670 1357 eo
2700 1308 2929 1362 maxime
2968 1311 3111 1377 quod
3142 1311 3245 1367 ﬁde
3285 1324 3341 1369 et
3386 1290 3509 1372 ora-

1939 1382 2085 1437 tione
2107 1385 2227 1454 plus
2248 1402 2409 1455 quam
2432 1394 2594 1447 armis
2621 1396 2828 1451 vicerit.
2861 1398 3012 1454 Fecit
3046 1410 3102 1455 et
3130 1403 3509 1462 Sacramenta-

1935 1472 2075 1563 rium
2120 1481 2175 1563 et
2226 1474 2592 1545 Hymnarium.
2621 1482 2703 1537 Ad
2738 1500 2978 1542 sororem
3018 1504 3229 1560 quoque
3257 1496 3508 1563 epistolas

1936 1561 2133 1617 multas
2146 1562 2213 1617 de
2238 1574 2512 1623 contemtu
2537 1574 2719 1627 mundi
2743 1575 2921 1630 dedit:
2945 1586 2998 1632 et
3014 1581 3079 1634 de
3096 1561 3319 1638 diversis
3333 1588 3507 1643 causis

251 1644 561 1743 snncllwque
603 1635 748 1743 vitai.
780 1635 871 1735 dit}
901 1635 1029 1735 Velit
1057 1630 1255 1743 iub-(3|?
1282 1644 1584 1743 εθτιδιξιθης
1619 1646 1675 1689 ιιι
1702 1653 1831 1737 00‘}-
1861 1642 1910 1703 B
1934 1651 2144 1707 diversa
2168 1654 2524 1724 disputatione
2551 1671 2807 1720 tractatus
2826 1666 2852 1704 δ
2884 1630 3076 1723 edidit:

251 1730 330 1775 tra
360 1723 479 1776 haec
511 1724 820 1792 apostolica:
850 1724 1197 1778 institutionis
1232 1725 1369 1779 bona
1388 1766 1401 1790 ,
1434 1724 1502 1779 de
1531 1728 1829 1795 praesumus

250 1829 346 1884 per
383 1815 494 1869 vim
542 1815 837 1884 parietibus
885 1815 1157 1869 existimet
1198 1816 1587 1870 conﬁdendum.
1632 1816 1675 1870 0
1704 1833 1831 1872 vere

250 1904 406 1970 digna
450 1904 642 1968 causa-',
681 1918 840 1972 quam
879 1919 985 1957 non
1017 1906 1115 1957 nisi
1145 1920 1358 1959 corona:
1406 1913 1508 1959 tuze
1535 1905 1691 1960 beata
1722 1907 1829 1960 vita

249 1993 780 2063 designatlﬂilatum
822 1995 1000 2062 itaque
1023 1994 1280 2063 judicium
1310 1997 1636 2061 nuntiamus,
1663 2006 1720 2051 ut
1746 1999 1828 2051 di-

252 2087 369 2139 vina
413 2094 683 2155 praecepta
720 2100 788 2140 ex
818 2088 1175 2142 venerationis
1219 2098 1322 2143 tua:
1361 2104 1456 2145 ore
1494 2101 1825 2160 promantur,

251 2179 337 2245 qui
361 2194 425 2231 ea
455 2186 675 2232 secutus
704 2178 964 2246 implesti:
990 2194 1089 2233 nec
1118 2188 1294 2249 potest
1320 2182 1455 2236 alius
1476 2197 1661 2237 eorum
1688 2198 1827 2252 pra:-

251 2276 529 2337 ceptorum
557 2268 695 2322 lator
715 2269 966 2333 existere,
997 2284 1155 2338 quam
1184 2272 1275 2339 qui
1303 2271 1493 2339 dignus
1521 2273 1830 2341 apostolicis

252 2359 546 2427 disciplinis
570 2367 653 2413 est
682 2359 1026 2428 approbatus.
1050 2358 1366 2429 Specialiter
1386 2362 1583 2430 itaque,
1615 2362 1829 2417 domine

251 2461 454 2517 sancte,
491 2452 687 2507 merito
711 2454 1030 2508 venerabilis
1054 2452 1230 2520 Pater,
1249 2453 1425 2523 justus
1455 2456 1549 2511 Dei
1578 2456 1825 2522 lamulus,

252 2544 489 2598 divinum
524 2560 680 2615 opus,
713 2553 985 2600 contemto
1007 2546 1214 2611 labore,
1246 2548 1503 2602 tributum
1529 2550 1631 2604 hoc
1672 2549 1828 2605 nobis

252 2636 572 2690 visitatiouis
594 2644 716 2701 tuae,
749 2637 792 2690 si
823 2636 896 2689 ita
918 2636 1200 2691 dicendum
1231 2646 1333 2704 est,
1358 2654 1551 2693 munus
1571 2639 1823 2708 indulge:

253 2734 328 2790 ut,
353 2728 669 2796 postpositis
696 2728 964 2791 omnibus,
990 2737 1246 2796 quantum
1277 2730 1627 2798 temperantia
1653 2730 1735 2784 his
1772 2738 1826 2785 et

252 2816 609 2885 tranquillitas
652 2815 1040 2885 sullragantur,
1089 2817 1294 2887 synodo
1336 2817 1663 2886 profuturus,
1710 2819 1827 2874 sine

252 2906 668 2972 intermissione,
690 2907 852 2961 etiam
866 2906 1141 2961 desideriis
1162 2908 1379 2972 nostris,
1393 2915 1447 2961 et
1465 2906 1824 2963 benedictioni

254 3009 406 3063 quam
437 2996 702 3066 cupimus,
738 3004 788 3051 te
813 3005 1066 3066 przestare
1091 2996 1342 3066 digneris.

256 3134 568 3183 εῠεηειιιηε,
601 3134 653 3173 IN
701 3134 1037 3174 PARENETICA
1070 3133 1321 3174 EPISTOLA
1371 3135 1437 3173 AD
1462 3134 1818 3175 VALERIANUII.

321 3223 576 3278 Paulinus
601 3238 816 3294 quoque
862 3224 1099 3278 Nolanus
1142 3224 1443 3294 episcopus,
1472 3226 1741 3295 peculiare
1770 3234 1825 3281 et

258 3314 467 3368 beatum
496 3312 684 3367 Gallia:
713 3321 909 3367 nostrae
954 3313 1280 3382 exemplum,
1312 3313 1513 3382 ingenti
1553 3314 1822 3383 quondam

259 3401 559 3457 divitiarum
597 3418 781 3468 censu,
813 3403 1085 3458 uberrimo
1130 3404 1449 3472 eloquentiae
1476 3403 1644 3469 fonte,
1668 3403 1741 3457 ita
1772 3403 1824 3457 in

258 3495 573 3549 sententiam
596 3502 835 3548 nostram
851 3495 1289 3564 propositumque
1308 3494 1574 3561 migravit,
1588 3501 1645 3547 ut
1665 3493 1823 3547 etiam

260 3594 473 3640 cunctas
493 3585 783 3640 admodum
808 3584 988 3639 mundi
1017 3593 1200 3655 partes
1224 3585 1439 3654 eloquio
1472 3585 1825 3655 operibusque

262 3677 588 3747 resperserit.

394 3803 647 3854 PBOSPEII,
677 3803 726 3840 IN
761 3802 1043 3851 CIIIIONICO,
1072 3804 1138 3841 AD
1168 3804 1343 3843 ANNUI
1378 3805 1587 3844 ABCADII
1615 3806 1683 3844 ΕΤ

880 3873 1089 3911 IIONOIIII
1120 3872 1192 3911 IV.

326 3955 602 4019 Paulinus,
634 3955 872 4011 Nolanus
899 3957 1238 4025 postmodum
1267 3958 1568 4030 episcopus,
1591 3960 1824 4016 admira-

259 4046 346 4101 bili
374 4047 627 4116 exemplo
666 4047 895 4101 venditis
935 4048 1202 4112 omnibus,
1253 4064 1373 4104 cum
1412 4059 1552 4106 esset
1579 4052 1827 4107 dominus

260 4136 718 4191 innumerabilium
772 4136 1133 4205 praediorum,
1192 4138 1501 4207 religionem
1548 4141 1827 4210 expeditus

258 4226 431 4295 elegit.

390 4353 620 4401 IDA'I'IUS,
651 4354 700 4391 IN
730 4351 1006 4403 CIIIIONICO,
1036 4352 1101 4390 AI)
1129 4354 1302 4391 ANNUII
1332 4354 1540 4393 IIONOIIII
1574 4357 1698 4394 XXX.

320 4437 577 4492 Paulinus
604 4436 966 4491 nobilissimus
992 4445 1047 4491 et
1073 4437 1540 4504 eloquentissimus
1557 4482 1571 4506 ,
1624 4439 1823 4493 dudum

258 4529 606 4581 conversione
636 4526 687 4579 in
718 4525 887 4579 Deum
917 4526 1146 4579 nobilior
1167 4526 1355 4591 factus,
1381 4529 1461 4582 vir
1480 4530 1823 4597 apostolicus,

257 4618 379 4671 Nola
409 4617 719 4686 Campania:
740 4618 1021 4687 episcopus
1048 4618 1272 4672 habetur
1300 4620 1517 4687 insignis
1545 4640 1554 4672 :
1581 4622 1665 4675 cui
1696 4621 1827 4675 The-

258 4709 391 4761 rasia
420 4708 493 4761 de
522 4706 747 4774 conjuge
789 4704 929 4761 facta
957 4721 1131 4770 soror,
1166 4709 1476 4763 testimonio
1506 4710 1629 4762 vitae
1657 4710 1825 4763 beatae

255 4807 491 4865 nquatur
519 4805 575 4851 et
593 4797 807 4852 merito.
842 4795 1065 4851 Exstant
1093 4800 1271 4868 operis
1302 4800 1464 4870 ipsius
1487 4802 1683 4868 egregii
1708 4810 1816 4854 stu-

256 4890 330 4944 dia
352 4890 719 4961 praedicanda.

481 5026 719 5067 smost
743 5025 1085 5066 APOLLlN-Altls
1114 5028 1212 5066 un.
1244 5029 1313 5079 ιν,
1342 5029 1510 5070 εριετ.
1545 5014 1596 5065 5.

320 5110 579 5164 Paulinus
606 5118 887 5178 provocat.

586 5245 820 5284 sinemus
840 5246 1198 5296 APOLLINARIS,
1232 5247 1391 5287 ολιιιι.
1427 5233 1478 5286 9.

382 5330 494 5385 Sed
528 5345 593 5383 ne
618 5339 673 5383 tu
698 5331 829 5384 mibi
859 5346 1176 5400 comparare
1206 5340 1399 5399 tentes,

384 5421 537 5487 Quos
563 5422 733 5476 multo
756 5423 931 5476 minor
960 5424 1072 5492 ipse
1094 5425 1212 5493 plus
1240 5424 1434 5489 adoro;

267 5512 404 5584 112
436 5510 741 5576 Paulinum,
767 5513 1200 5583 Ampeliumque,
1234 5516 1747 5587 Symmachumque,

524 5607 798 5667 Parnm“
845 5609 1005 5669 LXI.

1933 1755 2055 1795 men
2072 1745 2310 1799 omnium
2333 1750 2709 1816 Opusculorum
2730 1754 2845 1822 ejus
2865 1766 2949 1811 est
2988 1759 3124 1814 liber
3151 1761 3219 1815 de
3233 1760 3506 1819 Paaniten-

1932 1833 2006 1885 tia
2032 1841 2087 1886 et
2106 1833 2173 1887 de
2212 1833 2393 1889 Laude
2415 1842 2651 1907 generali
2688 1846 2924 1900 omn‘ium
2954 1858 3268 1919 martyrum.
3300 1853 3505 1911 Claruit

1932 1923 2261 1991 temporibus
2293 1928 2317 1957 °
2348 1925 2569 1982 Honorii
2598 1938 2652 1984 et
2673 1933 3026 1991 Valentiniani
3053 1955 3159 1994 non
3179 1942 3353 1997 solum
3381 1960 3505 1999 eru-

1931 2008 2135 2066 ditione
2175 2024 2231 2067 et
2270 2018 2555 2073 sanctitate
2582 2017 2607 2055 ἀ
2644 2022 2793 2088 vitae,
2836 2025 2929 2079 sed
2966 2035 3021 2080 et
3047 2028 3286 2096 'potentia
3316 2033 3504 2088 adver-

1929 2114 2047 2155 sum
2076 2103 2360 2161 dremoues.

1932 2206 2108 2247 AU'I'OR
2157 2210 2416 2257 ANTIQUUS
2466 2214 2625 2269 INIER
2652 2216 2818 2256 OPEBA
2862 2220 2906 2258 8.
2940 2221 3223 2264 IIIERONIIII
3276 2227 3420 2268 TOIO
3450 2228 3504 2269 IX

2311 2281 2480 2320 EPIST.
2509 2268 2542 2320 5
2568 2285 2635 2322 an
2663 2279 2911 2327 GERUNTII
2935 2291 3119 2331 FILIAS.

2000 2350 2146 2407 Istud
2172 2354 2271 2408 sibi
2299 2357 2602 2425 sepulcrum
2631 2369 2684 2413 et
2705 2359 2957 2418 Paulinus
2980 2374 3163 2421 noster
3188 2370 3360 2439 nupei'
3390 2372 3503 2441 ipse

1929 2442 2127 2498 divitiis
2164 2459 2283 2498 cum
2312 2462 2407 2500 sua
2436 2449 2837 2508 matrefamilias
2865 2460 3217 2527 comparavit,
3244 2463 3336 2529 qui
3374 2479 3503 2518 con-

1930 2534 2233 2589 versatione
2263 2538 2715 2611 (conversationi)
2746 2547 2911 2600 seculi
2956 2550 3266 2617 morientes,
3290 2568 3320 2606 a
3342 2567 3501 2609 mun-

1928 2619 2155 2676 dialibus
2196 2626 2448 2693 operibus
2475 2627 2587 2696 jam
2622 2632 3017 2698 quiescunt.....
3043 2637 3157 2693 Hoc
3195 2641 3503 2709 sepulcrum

1928 2710 2029 2764 sibi
2053 2711 2267 2781 duplex,
2298 2716 2705 2783 patresfamilias
2756 2723 2843 2776 isti
2890 2724 2957 2779 de
2993 2727 3185 2794 qhibus
3224 2729 3387 2785 locuti
3412 2746 3503 2787 su:

1927 2815 2066 2866 mus,
2098 2804 2477 2871 providerunt;
2513 2808 2605 2876 qui
2650 2814 2925 2879 senatum,
2976 2815 3232 2886 honores,
3288 2820 3502 2877 divitias

1927 2893 2299 2961 relinquendo,
2322 2898 2516 2950 mortui
2545 2898 2649 2952 illis
2678 2900 3009 2965 videbantur.
3033 2907 3225 2973 quibus
3246 2913 3354 2965 nati
3381 2927 3501 2968 esse

1849 2990 1896 3053 ρ
1928 2980 2194 3046 videntur,
2244 2985 2406 3037 etiam
2436 2985 2561 3039 dum
2589 2989 2773 3042 vivunt
2804 2994 3019 3047 mortui.
3052 2992 3189 3050 Ecce
3217 3005 3379 3052 unum
3410 3016 3499 3055 se-

1923 3072 2188 3140 pulcrum,
2239 3074 2292 3127 in
2338 3089 2445 3143 quo
2493 3082 2829 3135 conversatio
2876 3085 3072 3139 v'etei'is
3118 3086 3349 3143 hominis
3374 3105 3500 3145 cum

1926 3164 2230 3232 crepundiis
2279 3179 2389 3219 sum
2435 3168 2728 3225 nobilitatis
2776 3174 3124 3230 absconditur
3164 3196 3175 3229 :
3221 3178 3351 3233 illud
3396 3181 3501 3236 erit

1925 3252 2088 3318 aliud,
2120 3269 2242 3308 cum
2272 3255 2444 3325 ipsum
2473 3273 2668 3328 corpus
2696 3263 2839 3329 quod
2869 3273 3075 3319 naturze
3104 3267 3219 3333 lege
3239 3268 3499 3325 caducum

1926 3350 2024 3407 est,
2049 3343 2367 3399 dissolutum
2387 3358 2687 3404 revertetur
2701 3352 2753 3405 in
2776 3358 2971 3407 terram
2991 3371 3004 3420 ;
3028 3355 3094 3410 de
3114 3371 3221 3425 quo
3242 3358 3499 3427 scriptum

1926 3438 2007 3485 est
2040 3450 2053 3484 :
2087 3431 2246 3486 Terra
2274 3452 2346 3499 es,
2380 3447 2429 3489 et
2450 3440 2503 3491 in
2528 3448 2718 3494 terram
2747 3444 2843 3496 ibis
2872 3442 3022 3514 (Gen.
3056 3462 3131 3510 ιιι,
3158 3445 3289 3517 l9);
3321 3449 3498 3502 anima

1926 3532 2104 3579 tamen
2126 3526 2178 3580 in
2203 3528 2480 3596 refrigerio
2510 3532 2838 3599 quiescente.

1927 3654 2269 3696 CASSIODORUS
2297 3659 2363 3697 DE
2392 3660 2760 3701 INSTITUTIONE
2787 3664 3069 3769 DIQI'NARIJII
3098 3665 3495 3705 SCRIPTUBARUI

2488 3730 2589 3768 LIB.
2618 3732 2667 3769 ι.
2696 3732 2809 3769 CAP.
2919 3756 2930 3768 .

2488 3730 2589 3768 un.
2618 3732 2667 3783 ι,
2696 3732 2809 3770 (ιλιι.
2845 3730 2930 3769 2|.

2109 3803 2201 3865 (Ex
2227 3818 2315 3853 ms.
2342 3805 2507 3853 codice
2531 3805 3129 3866 Fontanetensi,Chiﬁletii
3153 3811 3311 3871 cura.)

1999 3885 2047 3940 Is
2064 3887 2265 3955 (nempe
2286 3885 2654 3957 Hieronymus)
2670 3888 2948 3955 epistolam
2971 3905 3119 3943 suam
3138 3890 3203 3943 ad
3217 3891 3495 3945 Paulinum

1927 3993 1993 4032 ex
2022 3986 2270 4032 senatore
2289 3977 2658 4049 presbyterum
2681 3979 2959 4034 miriiicam
2978 3980 3284 4045 destinavit,
3299 3981 3498 4036 docens

1927 4071 2375 4140 quemadmodum
2403 4071 2706 4142 Scripturas
2733 4072 2958 4139 divinas,
2991 4074 3223 4128 adhibita
3267 4073 3496 4139 cautela,

1927 4164 2295 4234 perlegeret...
2324 4162 2417 4218 Ille
2443 4164 2584 4218 enim
2610 4164 2822 4235 scripsit
2844 4165 2910 4218 ad
2929 4162 3121 4218 divinae
3148 4164 3279 4232 legis
3300 4178 3498 4218 novum

1930 4256 2208 4319 lectorem,
2242 4256 2332 4325 qui
2356 4262 2562 4309 tantum
2590 4264 2705 4309 erat
2745 4255 2936 4310 litteris
2964 4254 3291 4309 secularibus
3319 4252 3499 4307 erudi-

1853 4346 1908 4409 D
1934 4356 2033 4410 tus,
2057 4354 2115 4401 ut
2134 4347 2293 4400 etiam
2323 4345 2513 4399 librum
2535 4345 2602 4400 de
2629 4344 2930 4401 Theodosio
2954 4344 3193 4415 principe
3212 4342 3500 4413 prudenter

1932 4446 2228 4505 ornateque
2248 4434 2558 4491 coniecerit.

2004 4567 2255 4607 PAULINUS
2280 4565 2657 4605 PETRICOIIDIAS
2686 4566 2786 4603 LIB.
2816 4565 2849 4602 II
2879 4565 2944 4602 DE
2968 4565 3091 4602 VI'I'A
3114 4564 3158 4602 S.
3193 4564 3431 4603 MRTINI.

1932 4646 2300 4708 (Fragmentum
2344 4644 2459 4693 illud
2506 4646 2820 4767 recensitum)
2848 4651 2925 4692 est
2965 4643 3021 4690 ad
3068 4654 3158 4689 ms.
3202 4642 3367 4690 Germ.
3412 4642 3504 4692 2.00

2630 4718 2794 4754 annor.

2630 4718 2794 4754 IIIIIIOI'.

2004 4800 2140 4867 Quin
2172 4809 2227 4854 et
2253 4796 2476 4853 Paulino
2505 4798 2692 4853 similis
2715 4797 2972 4851 medicina
2998 4796 3226 4850 salutem

1934 4892 2201 4957 Reddidit,
2229 4891 2447 4958 insignis
2476 4887 2596 4943 ﬁdei
2626 4903 2786 4957 quem
2807 4887 2975 4956 gloria
3005 4888 3112 4942 late

1938 4984 2090 5055 113
2119 4982 2337 5046 Extulit,
2369 4981 2600 5035 obducta
2630 4979 2780 5048 cujus
2815 4987 2927 5033 tum
2961 4980 3100 5033 nube
3128 4978 3328 5033 latebat

2004 5106 2027 5131 ’ί
2058 5096 2145 5150 Sic
2190 5095 2485 5163 repositum
2511 5108 2578 5147 ex
2598 5162 2605 5163 ί
2624 5108 2725 5146 ms.
2773 5091 2959 5146 codice
2988 5089 3341 5163 Germanensi
3372 5087 3506 5141 1000

1933 5182 2123 5220 anuor.
2158 5160 2293 5218 Ante
2318 5171 2434 5218 erat
2463 5164 2515 5215 in
2546 5162 2721 5226 editis,
2749 5160 3047 5230 composuit.

2008 5236 2034 5275 δ
2058 5236 2223 5288 Abest
2244 5234 2346 5287 hoc
2376 5233 2594 5286 verbum
2625 5247 2653 5285 a
2686 5245 2785 5283 ms.
2820 5228 3006 5283 codice
3036 5228 3215 5282 Germ.

2004 5317 2025 5344 ε
2056 5304 2153 5359 Ms.
2184 5301 2363 5356 Germ.
2394 5301 2582 5364 codex,
2618 5300 2906 5353 Theodosii.

1999 5374 2023 5412 ἀ
2042 5374 2099 5427 1η
2123 5374 2312 5428 eodem
2344 5388 2440 5425 ms.
2467 5371 2650 5424 codice
2672 5371 2825 5424 deest
2849 5370 2993 5429 vine;
3024 5367 3121 5423 sed
3152 5368 3288 5421 hanc
3316 5380 3502 5420 vocem

1929 5443 2263 5503 retinendam
2294 5440 2612 5495 conﬁrmant
2642 5440 2805 5494 verba
2842 5437 3071 5493 Usuardi
3107 5439 3161 5491 in
3191 5436 3503 5503 Martyrolo-

1929 5520 2015 5590 gio
2038 5516 2280 5570 desumta
2308 5528 2371 5565 ex
2406 5513 2520 5579 ipso
2549 5508 2847 5564 Gennadio.
