4066 6192
465 220 565 273 159

457 330 630 393 Visus,
658 333 713 383 et
742 324 929 383 infusis
955 325 1129 396 caligo
1156 334 1373 382 extenta
1404 328 1643 383 tenebris

457 419 689 473 Arcebat
717 424 966 473 cunctam
989 416 1316 472 macularum
1346 418 1581 486 tegmine
1606 419 1779 473 lucem
1807 438 1819 471 :

455 508 627 574 Quam
657 507 791 575 levis
819 515 874 560 et
903 505 1048 561 tenui
1076 514 1221 560 tactu
1244 512 1501 576 suspensa
1532 506 1738 575 fugavit

454 596 708 665 Spongia,
741 595 917 649 vicino
945 594 1241 649 benedicta:
1268 611 1493 650 munere
1520 596 1724 649 dextrm

457 686 583 739 Mox
612 685 825 739 admota
855 685 1012 739 oculo
1041 701 1053 735 :
1084 673 1273 738 didicit
1294 684 1405 752 jam
1430 686 1637 741 reddita
1667 686 1839 740 lucem

452 776 617 831 Ferre
646 776 817 839 acies,
848 775 1134 843 lumenque
1154 789 1353 828 novum
1376 774 1565 828 mirata
1597 776 1820 843 recepit.

452 865 629 934 Atque
656 863 859 918 utinam
889 862 1058 917 nostri
1082 863 1333 917 tenebras
1362 864 1677 930 contingere
1705 866 1881 919 cordis

454 952 569 1007 Tali
598 953 717 1008 luce
743 952 871 1005 velit
897 951 1066 1006 sancti
1093 951 1357 1005 medicina
1386 952 1599 1021 patroni
1624 969 1638 1016 ;

452 1043 662 1097 Reddat
691 1050 750 1095 ut
777 1041 982 1108 antiqui
1010 1056 1221 1095 rursum
1251 1042 1504 1112 mysteria
1533 1042 1657 1097 facti

449 1130 654 1186 Nomen
678 1131 840 1195 idem,
871 1129 1215 1198 medicusque
1240 1130 1403 1199 idem,
1433 1146 1531 1200 par
1550 1146 1709 1185 causa
1737 1140 1763 1170 α
1787 1131 2026 1187 medela}.

495 1257 791 1296 VENANTIUS
820 1256 1180 1304 FOBTUNATUS,
1214 1257 1316 1294 LIB.
1347 1256 1384 1293 II
1412 1256 1479 1293 DE
1512 1256 1633 1293 \‘I'I‘A
1661 1255 1707 1295 S.
1740 1256 1978 1296 IAR'I‘INI.

520 1331 837 1401 Paulinique
866 1332 1079 1387 oculum
1108 1339 1247 1385 tetra
1276 1332 1503 1400 caligine
1534 1347 1767 1386 mersum
1788 1372 1803 1395 ,

446 1421 717 1491 Impositis
742 1423 985 1475 manibus
1013 1422 1191 1475 radius
1217 1423 1517 1491 penetravit
1545 1430 1735 1477 acutus
1762 1441 1774 1474 :

447 1512 623 1579 Atque
648 1525 840 1565 serena
869 1510 985 1564 dies
1013 1510 1223 1564 detersa
1254 1509 1395 1563 nube
1418 1508 1629 1563 refulsit
1656 1527 1669 1563 :

446 1600 650 1655 Lumen
682 1608 736 1655 et
761 1601 979 1655 emicuit
1000 1599 1163 1655 facies
1191 1616 1299 1655 non
1329 1602 1474 1655 lusca
1500 1603 1807 1669 gemellum,

445 1693 660 1747 Martini
684 1693 863 1761 digitis
892 1694 1012 1747 oleo
1041 1702 1294 1749 manante
1323 1694 1573 1758 lucernae,
1810 1690 1821 1701 ί

444 1780 648 1837 Cuncta
676 1779 952 1836 salutifero
982 1796 1242 1850 superans
1270 1782 1489 1851 collyria
1522 1790 1687 1835 tactu.

497 1888 776 1937 MARTINUS,
808 1888 941 1925 APUD
970 1857 1325 1925 ι-ὀκτυὲιιτυιι
1355 1888 1403 1925 IN
1436 1888 1597 1925 IPSIUS
1624 1889 1745 1926 γιτΑ
1777 1890 1878 1927 LIB.
1913 1890 1966 1926 II.

509 1963 612 2029 Qui
641 1962 802 2018 Pater
829 1963 1047 2017 illustris
1074 1961 1281 2017 Paulini
1308 1971 1457 2031 gesta
1486 1964 1699 2028 beabat,

440 2054 645 2110 Floruit
668 2055 832 2108 Italiae
859 2070 966 2123 quo
994 2064 1115 2124 post
1143 2056 1385 2109 antistite
1412 2055 1566 2117 Nola,

439 2143 554 2209 Qua
581 2144 729 2210 regio
757 2132 1029 2211 Campana
1058 2144 1237 2207 sedet,
1271 2152 1481 2198 rectore
1512 2160 1765 2213 supremo
1792 2165 1803 2197 :

439 2234 597 2288 Dives
626 2234 766 2302 agris
785 2275 800 2301 ,
831 2235 1055 2302 opulens
1081 2234 1307 2299 famulis,
1349 2235 1589 2304 locuples
1618 2244 1671 2289 et
1701 2240 1906 2291 acervis
1930 2258 1943 2303 ;

438 2323 534 2377 Vir
553 2338 716 2377 censu
740 2330 938 2387 vastus,
970 2324 1081 2377 lare
1109 2324 1304 2389 celsus,
1336 2332 1392 2377 et
1418 2340 1515 2379 ore
1547 2326 1806 2379 rotundus
1832 2344 1845 2390 ;

437 2411 610 2465 Ditior
636 2412 749 2481 ipse
778 2411 901 2475 fide,
934 2428 1029 2482 pro
1059 2412 1273 2467 Christo
1296 2414 1352 2466 tit
1379 2414 1478 2468 sibi
1510 2431 1731 2484 pauper,

435 2499 504 2555 Et
531 2500 675 2556 dedit
704 2501 1015 2557 innumeros
1042 2503 1372 2557 redimentes
1400 2504 1625 2559 crimina
1655 2522 1904 2563 nummos
1930 2527 1943 2562 :

435 2590 599 2658 Cujus
628 2606 814 2659 sparsa
843 2592 959 2645 solo
989 2591 1237 2659 migravit
1263 2592 1328 2645 ad
1358 2603 1500 2647 astra
1532 2594 1777 2660 facultas,

435 2679 585 2735 Fecit
612 2689 666 2734 et
688 2681 739 2735 in
763 2681 956 2735 caelum
980 2682 1158 2749 pigras
1186 2682 1475 2737 ascendere
1501 2691 1673 2739 terras

437 2768 553 2823 Una
583 2770 775 2825 stando
796 2769 823 2807 ι’
855 2770 997 2839 loco,
1028 2779 1082 2825 et
1110 2772 1238 2825 dant
1266 2772 1419 2826 bruta
1459 2774 1526 2829 ad
1556 2775 1729 2830 sidera
1760 2778 1974 2832 saltum.

433 2858 574 2928 Ergo
604 2861 971 2929 evangelicum
1001 2860 1225 2917 Paulino
1253 2863 1510 2933 implente
1550 2866 1797 2931 relatum,

432 2949 694 3003 Martinus
718 2951 947 3003 monitat
973 2952 1179 3006 cunctis
1204 2952 1364 3006 talem
1393 2969 1511 3009 esse
1539 2959 1890 3026 sequendum,

433 3038 669 3094 Tramite
698 3039 898 3095 dilﬁcili
928 3043 1101 3111 potuit
1121 3043 1214 3112 qui
1240 3060 1464 3114 pergere
1493 3046 1661 3115 dives,

432 3127 794 3198 Dcpositoque
817 3146 983 3185 onere
1010 3134 1249 3187 ascendit
1277 3136 1367 3203 qui
1398 3136 1533 3191 liber
1562 3141 1613 3193 in
1644 3157 1844 3205 arcem,

431 3216 794 3289 Exemploque
822 3235 1048 3276 monens
1072 3232 1228 3277 vocat
1258 3226 1417 3279 altius
1449 3228 1525 3282 ire
1552 3245 1830 3298 sequaces.

475 3346 767 3386 GREGORIUS
792 3347 1113 3387 TURONENSIS
1144 3351 1451 3402 EPISCOPUS,
1485 3354 1585 3392 LIB.
1617 3356 1651 3395 ll
1682 3358 1746 3395 DE
1776 3358 1964 3399 GLORIA

857 3416 1226 3458 coxressoauu
1243 3446 1255 3469 ,
1290 3422 1406 3459 CAP.
1444 3407 1562 3460 107.

499 3488 622 3543 Fuit
649 3490 730 3543 vir
754 3490 877 3543 vitae
908 3494 1228 3548 venerabilis
1256 3494 1508 3551 Paulinus
1528 3538 1542 3562 ,
1592 3500 1810 3555 Nolana:
1839 3506 2004 3569 urbis,

429 3595 495 3634 ex
520 3581 681 3636 nobili
703 3583 870 3651 stirpe
891 3591 1059 3639 ortus.
1084 3585 1395 3642 Therasiam
1420 3590 1645 3645 similem
1669 3593 1765 3647 sibi
1790 3598 2008 3652 sortitus

428 3679 512 3727 est
539 3672 838 3742 conjugem,
871 3675 1073 3730 habens
1101 3677 1312 3733 divitias
1335 3681 1547 3745 nmltas,
1577 3692 1631 3737 et
1663 3695 1769 3738 tam
1802 3687 1852 3741 in
1885 3686 2005 3742 fun-

426 3760 615 3815 dorum
643 3764 998 3831 possessione,
1032 3780 1190 3834 quam
1216 3768 1266 3822 in
1289 3771 1535 3839 praesidio
1556 3772 1835 3829 domorum
1855 3778 2007 3833 valde

425 3849 575 3905 dives
601 3860 718 3905 erat
746 3868 811 3907 ac
839 3853 1096 3923 locuples.
1155 3855 1261 3911 Sed
1290 3875 1411 3913 cum
1444 3862 1676 3929 primum
1705 3879 1862 3920 aures
1889 3868 2005 3936 ejus

424 3938 834 4015 Evangeliorum
865 3942 1025 3997 lectio
1056 3945 1144 3998 illa
1165 3950 1493 4013 penetravit,
1532 3951 1583 4004 in
1610 3969 1713 4022 qua
1746 3954 2005 4013 Dominus

424 4028 824 4083 adolescentem
842 4046 939 4098 pro
974 4030 1172 4085 divitiis
1194 4037 1385 4102 arguit,
1407 4036 1619 4092 dicens:
1657 4040 1820 4109 Vade,
1848 4047 2005 4099 vende

423 4120 597 4171 omnia
623 4135 735 4189 qum
765 4118 920 4171 habes
941 4158 954 4182 ,
1005 4130 1053 4173 et
1082 4122 1149 4174 da
1169 4126 1477 4193 pauperibus
1500 4168 1514 4191 ,
1573 4138 1622 4181 et
1650 4130 1861 4187 habebis
1892 4137 2002 4188 the-

422 4223 632 4259 saurum
660 4209 711 4259 in
736 4209 896 4261 caelo:
927 4218 975 4261 et
1004 4211 1136 4275 veni,
1168 4228 1377 4282 sequere
1407 4232 1504 4268 me.
1538 4216 1773 4275 Facilius
1808 4234 1880 4277 est
1909 4244 1999 4279 ca-

421 4295 608 4347 melum
620 4313 711 4363 per
727 4298 958 4366 foramen
979 4315 1100 4352 acus
1117 4304 1359 4370 transire,
1384 4322 1536 4375 quam
1558 4308 1765 4365 divitem
1787 4316 2001 4371 introire

420 4386 476 4438 in
498 4402 708 4455 regnum
730 4384 861 4451 Dei;
881 4388 1060 4442 statim
1082 4391 1313 4447 venditis
1335 4397 1583 4453 omnibus
1602 4414 1721 4468 quae
1744 4403 1996 4475 habebat,

421 4476 743 4545 pauperibus
770 4479 1029 4543 erogavit.
1074 4479 1409 4539 Exoneratus
1445 4501 1475 4539 a
1504 4490 1710 4545 cunctis
1738 4495 1997 4561 cupidita-

419 4564 561 4618 tibus
590 4564 899 4634 Magistrum
931 4570 1065 4624 liber
1093 4574 1364 4641 sequitur,
1421 4591 1521 4646 per
1560 4578 1674 4635 haec
1715 4596 1774 4637 se
1800 4593 1995 4653 putans

417 4653 655 4724 paradisi
709 4656 907 4713 divitiis
958 4658 1293 4730 locupletari,
1345 4666 1390 4719 si
1438 4667 1712 4725 videretur
1760 4673 1889 4727 nihil
1930 4676 1996 4731 de

417 4745 740 4800 transitoriis
766 4749 1064 4815 possidere.
1094 4751 1191 4807 Cui
1214 4755 1465 4823 majestas
1492 4758 1669 4815 divina
1700 4764 1904 4831 tribuit,
1938 4776 1995 4821 ut

415 4832 561 4901 quod
589 4833 915 4903 impossibile
944 4836 1153 4894 dixerat
1179 4854 1276 4911 per
1304 4843 1648 4914 Evangelium
1670 4890 1684 4915 ,
1717 4852 1803 4908 hic
1818 4856 1993 4923 possin

414 4922 595 4975 biliter
621 4923 913 4993 adimplere
942 4939 1240 4986 mereretur
1255 4949 1349 5003 per
1370 4945 1567 4992 actum.
1598 4922 1839 5006 Quadam
1861 4960 1992 5002 vero

414 5012 503 5066 die
534 5015 677 5069 venit
703 5016 769 5069 ad
798 5031 920 5071 eum
950 5023 1041 5089 qui
1062 5023 1256 5092 stipem
1286 5036 1529 5097 peteret,
1562 5042 1617 5087 et
1644 5035 1717 5095 ait
1742 5037 1986 5107 conjugi:

424 5104 586 5200 Kade,
608 5116 655 5161 et
676 5109 807 5200 da‘ei
827 5114 963 5179 quod
986 5115 1133 5169 habet
1152 5124 1511 5179 necessarium.
1535 5126 1664 5193 Qum
1679 5104 1951 5200 respondit
1973 5154 1985 5188 :

413 5193 538 5287 gon
567 5205 642 5251 est
672 5198 818 5253 nobis
859 5204 1080 5272 amplius
1123 5224 1275 5277 quam
1318 5228 1451 5265 unus
1498 5218 1669 5285 panis.
1727 5193 1825 5274 cui
1874 5220 1981 5287 ille,

417 5283 583 5351 Vade,
615 5288 795 5360 inquit,
825 5294 1032 5363 porrige
1051 5313 1206 5363 eum;
1235 5283 1652 5362 Dominusenim
1674 5308 1813 5363 dabit
1837 5311 1983 5367 nobis

407 5414 990 5542 er:ItSicdeilnendatum
1021 5441 1088 5481 ex
1112 5432 1281 5485 veteri
1307 5450 1404 5489 ms.
1431 5436 1616 5493 codice
1638 5437 1818 5496 Germ.
1844 5443 1982 5498 Ante

547 5504 623 5540 me
659 5506 687 5540 ε
709 5506 757 5541 a.
1606 5524 1607 5527 “

547 5504 757 5541 meaeta.
1606 5524 1607 5527 ‘

480 5557 504 5591 δ
536 5557 617 5611 Al.
652 5557 766 5614 Ima
788 5559 986 5616 danda.

1480 218 1536 272 S.
1581 217 1920 276 PAULINUS
1961 221 2276 281 NOLANUS
2322 226 2713 285 EPISCOPUS.

2063 343 2111 398 Α
2144 340 2327 392 victum
2369 357 2387 393 :

3624 241 3727 295 ΗΟ

2435 341 2528 395 sed
2557 342 2677 407 illa,
2710 345 2860 411 quasi
2889 352 3138 415 strenua,
3188 351 3451 405 reservari
3478 348 3724 420 cupiens,

2143 443 2212 483 ne
2239 429 2436 498 aliquid
2462 432 2701 497 deesset,
2730 434 3005 503 porrigere
3028 438 3216 492 noluit.
3234 439 3446 495 Interea
3489 442 3724 497 advene-

2142 527 2269 574 runt
2302 521 2519 588 quidam
2542 562 2557 586 ,
2619 523 2775 593 114
2813 524 3052 580 dicentes
3086 529 3280 584 missos
3322 546 3381 585 se
3417 546 3449 585 a
3494 532 3725 589 dominis

2140 609 2278 676 suis,
2326 619 2382 666 ut
2407 612 2483 666 illi
2508 622 2735 669 annona:
2753 630 2817 670 ac
2844 616 2953 670 vini
2981 617 3252 672 deferrent
3295 622 3565 690 speciem;
3623 624 3719 677 sed

2139 712 2239 766 per
2265 699 2369 755 hoc
2392 715 2452 755 se
2479 710 2751 771 moratos,
2791 705 2935 772 quod
2964 714 3081 760 orta
3125 718 3417 776 tempestas
3450 726 3609 765 unam
3641 713 3724 766 eis

2139 803 2261 844 cum
2280 791 2459 847 tritico
2487 793 2768 848 abstulerit
2786 810 2997 851 navem.
3023 796 3174 853 Tunc
3201 800 3283 853 vir
3304 800 3396 855 Dei
3425 816 3719 858 conversus

2138 879 2207 933 ad
2232 881 2533 946 mulierem,
2566 882 2639 936 ait
2664 901 2677 936 :
2708 883 2946 957 Intellige
2975 894 3022 940 te
3045 903 3180 940 nunc
3208 890 3424 959 pauperi
3443 906 3597 943 unum
3622 909 3718 962 pa-

2136 984 2252 1023 nem
2281 972 2440 1042 fuisse
2462 974 2692 1043 furatam
2706 991 2724 1037 ;
2761 984 2811 1027 et
2832 975 2947 1030 ideo
2968 976 3101 1029 hanc
3131 994 3308 1032 navem
3336 996 3448 1033 esse
3469 999 3711 1036 mersam.

2136 1058 2382 1114 Perrexit
2409 1076 2536 1129 ergo
2565 1078 2686 1117 cum
2718 1065 2969 1133 conjuge,
3021 1069 3173 1135 quasi
3200 1072 3635 1138 peregrinaturus
3662 1076 3713 1132 in

2134 1148 2295 1202 aliam
2312 1151 2605 1218 regionem,
2626 1153 2753 1206 nihil
2770 1155 2973 1209 habens
2991 1165 3184 1225 praeter
3199 1166 3395 1212 statum
3413 1163 3710 1230 proprium.

2133 1235 2264 1292 Post
2290 1240 2515 1294 multum
2540 1256 2667 1296 vero
2696 1245 2983 1313 temporis,
3015 1260 3137 1299 cum
3159 1247 3225 1301 ab
3252 1248 3443 1304 incolis
3470 1251 3710 1318 regionis

2130 1341 2241 1380 sua:
2266 1328 2649 1396 requireretur,
2683 1346 2783 1385 nec
2812 1341 2995 1401 posset
3022 1336 3237 1404 penitus
3264 1338 3515 1406 reperiri,
3545 1354 3710 1408 nego-

2131 1416 2294 1469 tiator
2320 1416 2386 1471 de
2411 1418 2627 1473 civitate
2656 1420 2744 1473 illa
2774 1421 2839 1474 ad
2869 1420 3009 1477 hanc
3027 1425 3214 1478 urbem
3241 1425 3486 1494 advenit,
3527 1428 3579 1481 in
3602 1444 3710 1497 qua

2128 1505 2211 1558 vir
2238 1506 2427 1561 beatus
2448 1508 2653 1562 C(elesti
2673 1508 2900 1565 Domino
2921 1513 3208 1567 serviebat.
3230 1512 3469 1583 Cumque
3490 1516 3709 1573 vidisset

2128 1610 2253 1651 eum
2281 1598 2462 1651 statim
2503 1598 2790 1667 projiciens
2816 1616 2876 1656 se
2904 1602 3021 1657 solo
3047 1645 3063 1670 ,
3110 1612 3166 1657 et
3195 1604 3362 1673 pedes
3390 1607 3557 1660 sancti
3588 1623 3674 1659 am
3693 1637 3708 1649 -

2056 1685 2101 1744 B
2128 1687 2366 1756 plectens
2386 1729 2399 1753 ,
2446 1688 2521 1741 ait
2547 1706 2559 1739 :
2612 1688 2715 1743 Hic
2753 1699 2829 1744 est
2859 1692 3033 1747 beatus
3062 1693 3318 1748 Paulinus
3345 1703 3450 1750 toto
3473 1698 3707 1768 vulgatus
3758 1696 3769 1707 ’

2127 1778 2264 1841 orbe,
2299 1781 2382 1850 qui
2406 1780 2621 1833 multum
2650 1798 2682 1833 a
2707 1785 2813 1835 suis
2840 1784 3029 1837 civibus
3069 1787 3330 1856 qutesitus,
3361 1804 3570 1857 prorsus
3600 1805 3704 1841 non

2124 1869 2289 1935 potuit
2318 1869 2577 1933 inveniri;
2621 1877 2677 1924 et
2704 1880 2956 1927 narrante
2985 1889 3050 1927 eo
3080 1890 3267 1929 omnes
3297 1878 3536 1930 actiones
3564 1878 3706 1945 ejus,

2127 1958 2518 2026 obstupuerunt
2547 1961 2660 2015 htec
2688 1961 2985 2016 audientes.
3038 1964 3146 2019 Nec
3176 1981 3323 2019 mora
3342 2007 3356 2030 ,
3408 1968 3707 2027 decedente

2123 2046 2405 2101 sacerdote
2454 2049 2594 2117 apud
2640 2049 2901 2103 Nolanam
2948 2049 3172 2117 urbem,
3250 2055 3365 2123 ipse
3415 2056 3466 2108 in
3523 2056 3702 2110 locum

2122 2138 2359 2206 episcopi
2407 2138 2745 2207 subrogatur.
2805 2140 3050 2196 Habebat
3096 2152 3273 2197 autem
3323 2144 3561 2199 Ecclesia
3611 2146 3700 2199 illa

2122 2229 2316 2283 multas
2368 2230 2618 2296 divitias;
2682 2231 3032 2301 implevitque
3070 2233 3122 2287 in
3152 2250 3274 2288 eum
3303 2235 3558 2289 Dominus
3580 2251 3703 2304 qua)

2122 2334 2219 2388 per
2246 2319 2595 2387 Evangelium
2625 2323 2943 2390 promittere
2984 2332 3067 2377 est
3101 2325 3386 2391 dignatus;
3440 2326 3564 2395 quia
3611 2327 3701 2396 qui

2120 2409 2379 2477 reliquerit
2408 2412 2579 2463 omnia
2617 2419 2823 2481 propter
2851 2429 2959 2479 me,
2984 2414 3273 2484 centuplum
3305 2417 3359 2468 in
3404 2416 3497 2469 hoc
3525 2416 3701 2470 seculo

2119 2500 2369 2568 accipiet,
2426 2500 2482 2551 in
2508 2501 2683 2569 futuro
2722 2510 2893 2554 autem
2931 2503 3087 2557 vitam
3114 2512 3358 2557 retentam
3399 2504 3699 2574 possidebit.

2120 2588 2316 2642 Verum
2346 2597 2585 2644 assumto
2620 2590 2933 2660 episc0patu
2960 2606 3174 2661 semper
3201 2608 3259 2648 se
3287 2594 3542 2649 humilem
3572 2610 3700 2663 pro-

2119 2677 2353 2746 ferebat,
2399 2680 2525 2748 quia
2555 2682 2758 2737 sciebat
2796 2698 2855 2737 se
2884 2684 3025 2753 apud
3054 2684 3221 2739 Deum
3249 2687 3521 2741 excelsum
3548 2686 3696 2742 futu-

2118 2786 2235 2824 rum
2260 2809 2275 2834 ,
2324 2772 2370 2825 si
2396 2774 2751 2828 humilitatem
2781 2784 3015 2830 sectatus
3044 2776 3248 2832 fuisset.
3306 2776 3539 2834 Pecunia
3563 2794 3696 2833 vero

2118 2864 2185 2915 de
2217 2863 2514 2919 redditibus
2544 2863 2815 2931 Ecclesiae,
2864 2881 2984 2935 quac
3012 2884 3201 2922 manus
3229 2868 3346 2938 ejus
3376 2870 3695 2939 attingebat,

2117 2953 2400 3007 confestim
2447 2956 2770 3024 pauperibus
2800 2956 3139 3024 ei‘ogabatur.
3201 2958 3507 3013 Castissima
3550 2959 3695 3013 enim

2042 3039 2087 3100 C
2119 3043 2314 3111 conjux
2343 3044 2458 3113 ejus
2488 3061 2595 3098 non
2630 3046 2937 3100 discedebat
2978 3048 3043 3101 ab
3072 3064 3157 3103 eo.
3211 3048 3342 3102 Erat
3387 3058 3564 3104 autem
3614 3050 3696 3103 vir

2116 3140 2335 3186 sanctus
2359 3133 2509 3186 mira:
2538 3134 2867 3203 prudentiae,
2922 3144 2978 3191 et
3006 3137 3287 3193 rhetoricis
3326 3140 3515 3194 litteris
3562 3156 3686 3194 cru-

2110 3217 2276 3302 editus.
2332 3219 2433 3285 Qui
2465 3229 2670 3276 tantum
2693 3222 2747 3277 in
2774 3225 2973 3280 virtute
2998 3242 3092 3294 per
3119 3216 3470 3298 multiplicata
3494 3231 3692 3298 gratia—

2112 3326 2231 3365 rum
2260 3312 2578 3381 spiritalium
2610 3316 2930 3375 cbarismata
2951 3320 3304 3389 resplenduit,
3334 3329 3391 3375 ut
3414 3321 3466 3375 in
3488 3321 3693 3376 obitum

2112 3414 2303 3463 suum,
2356 3402 2531 3470 ipsum
2579 3402 2905 3474 Martinam,
2966 3406 3382 3479 Januariumque
3422 3409 3689 3477 Italicum,

2112 3491 2422 3560 priusquam
2453 3493 2697 3563 spiritum
2735 3496 3011 3564 redderet,
3057 3501 3332 3569 corporeis
3360 3502 3530 3556 oculis
3556 3516 3691 3557 con-

2112 3582 2460 3650 templaretur
2487 3603 2499 3636 :
2560 3585 2709 3655 prius
2749 3588 2890 3641 enim
2923 3590 2991 3643 ab
3023 3605 3090 3645 eo
3118 3590 3184 3645 de
3226 3591 3329 3647 hoc
3356 3592 3557 3647 mundo
3586 3592 3689 3645 mi-

2109 3681 2414 3738 graverant.
2464 3673 2531 3727 Et
2559 3676 2685 3743 quia
2711 3676 2777 3731 de
2808 3678 2967 3747 hujus
2995 3679 3139 3734 beati
3170 3681 3279 3735 vita
3317 3682 3449 3736 nihil
3479 3683 3688 3750 legera-

2108 3777 2255 3828 ntus,
2291 3763 2489 3819 idcirco
2514 3780 2577 3819 ea
2598 3780 2717 3834 quae
2747 3783 2844 3837 per
2871 3771 3185 3827 relationem
3221 3772 3450 3829 fidelium
3480 3790 3685 3844 cogno-

2106 3852 2321 3919 vimus,
2386 3854 2514 3909 dum
2568 3856 2635 3910 de
2690 3859 3045 3931 eleemosynis
3098 3864 3345 3935 proloqui
3398 3866 3682 3930 voluimus,

2106 3944 2538 3999 memoravimus.
2598 3945 2675 4001 De
2705 3951 2929 4004 transitu
2960 3961 3139 4007 autem
3169 3954 3287 4022 ejus
3312 3964 3394 4010 est
3416 3956 3556 4026 apud
3584 3973 3685 4011 nos

2104 4043 2295 4097 magna
2344 4032 2544 4101 lectio;
2601 4036 2723 4091 ideo
2767 4053 2889 4092 eum
2936 4056 3004 4095 ex
3047 4042 3235 4098 ordine
3275 4046 3545 4113 prosecuti
3573 4062 3681 4100 non

2103 4134 2307 4175 sumus.
2365 4120 2503 4179 Ecce
2530 4126 2659 4193 quid
2692 4128 2874 4183 tribuit
2915 4132 3277 4204 eleemosyna.
3332 4133 3472 4191 Ecce
3496 4138 3685 4206 quales

2104 4211 2381 4267 thesauros
2408 4217 2605 4271 sanctis
2634 4218 2774 4287 suis,
2795 4222 2883 4289 qui
2913 4237 2971 4277 se
3000 4225 3049 4277 in
3080 4226 3405 4295 pauperibus
3430 4226 3673 4295 diligunt,

2104 4302 2245 4357 Deus
2260 4302 2517 4374 indulget.
2542 4306 2584 4359 E
2599 4312 2892 4381 contrario,
2914 4316 3149 4369 avaritia:
3170 4316 3311 4370 malo
3333 4316 3679 4385 inhiantibus,

2030 4391 2076 4450 D
2103 4408 2221 4462 quae
2250 4397 2497 4464 nequiter
2525 4401 2915 4470 concupiscunt
2939 4404 3138 4470 aufert,
3163 4406 3314 4475 juxta
3345 4407 3472 4463 illud
3501 4407 3679 4462 Evan-

2103 4484 2227 4550 gelii
2257 4486 2423 4540 sancti
2453 4489 2754 4557 oraculum,
2799 4493 2920 4560 quia
2945 4496 3030 4564 qui
3059 4494 3237 4561 habet,
3283 4496 3489 4550 dabitur
3514 4498 3593 4562 ei,
3630 4508 3679 4551 et
3734 4500 3755 4517 ‘

2102 4572 2419 4641 abundabit;
2449 4579 2534 4646 qui
2558 4589 2728 4633 autem
2755 4598 2855 4636 non
2889 4584 3057 4650 habet,
3096 4586 3232 4655 quod
3258 4586 3454 4640 videtur
3492 4588 3678 4642 habere

2102 4665 2365 4733 auferetur
2391 4666 2455 4719 ab
2475 4684 2533 4722 eo
2562 4668 2770 4738 (Matth.
2801 4689 2923 4741 xxv,
2955 4672 3065 4743 29).

2336 4792 2624 4834 cusaonws
2650 4797 2704 4834 ιι.
2723 4823 2736 4848 ,
2770 4799 2868 4837 Lm.
2898 4800 2950 4838 ιιι
2978 4801 3207 4849 DIALOG.,
3240 4802 3355 4840 car.
3387 4790 3437 4842 1.

2102 4862 2242 4923 (Haec
2265 4865 2435 4915 collata
2458 4880 2567 4917 cum
2589 4884 2704 4938 mss.
2730 4875 2979 4938 codicibus
3002 4876 3211 4937 Big.600
3235 4888 3425 4938 annon,
3449 4877 3543 4926 Jul.
3561 4880 3676 4929 duo-

2587 4934 2678 4982 bus
2708 4940 2760 4981 et
2784 4937 3036 4983 novissima
3061 4934 3204 4998 edit.)

2169 5005 2301 5059 Cum
2343 5017 2366 5046 ο
2415 5011 2745 5067 saevientium
2773 5014 3157 5073 Wandalorum
3207 5027 3451 5091 tempore
3490 5023 3677 5078 fuisset

2094 5092 2247 5150 Italia
2288 5097 2341 5152 in
2386 5097 2693 5170 Campaniae
2721 5106 2960 5173 partibus
2992 5108 3316 5179 depopulata
3340 5146 3354 5175 ,
3413 5112 3674 5182 multique

2095 5193 2277 5239 essent
2322 5186 2393 5241 de
2439 5188 2539 5243 hac
2587 5200 2730 5245 terra
2778 5192 2830 5247 in
2861 5194 3160 5251 Africanam
3190 5199 3466 5266 regionem
3494 5208 3672 5257 trans.

2089 5270 2256 5339 ducti,
2285 5276 2368 5329 vir
2392 5276 2602 5334 Domini
2632 5278 2885 5340 Paulinus
2904 5296 3097 5342 cuncta
3117 5303 3235 5358 qua:
3256 5287 3282 5326 ἀ
3307 5289 3375 5346 de
3397 5293 3672 5363 episc0pio

2170 5394 2191 5460 ξ
2223 5383 2356 5460 Tres
2385 5401 2512 5442 mss.
2542 5390 2774 5460 codices,
2799 5393 2954 5450 Dum.

2164 5450 2189 5487 ἀ
2221 5451 2308 5534 Sic
2336 5450 2878 5537 reposuimusex'ms.
2904 5466 3086 5523 codice
3103 5466 3314 5526 Joliano
3340 5487 3473 5525 uno.
3496 5472 3663 5537 Alter,

2090 5521 2417 5642 igne’piscapii
2458 5542 2625 5583 usum.
2661 5530 2758 5588 Ms.
2792 5534 2906 5603 Big.
2931 5577 2946 5605 ,
2996 5521 3084 5592 ad;
3112 5521 3306 5606 VEddI,‘
3338 5521 3408 5595 ad
3421 5521 3667 5608 ⁷ειν-ίξέὸένξ
