4020 6186
204 227 311 278 Ill

1592 220 2110 286 PROLEGOMENA.

3382 243 3486 296 “2

193 354 310 394 suo
334 338 538 392 habere
566 339 776 408 potuit,
836 335 1061 406 captivis
1092 334 1550 403 indigentibusque
1581 335 1803 405 largitus
1833 350 1876 408 Α
1907 341 2108 409 disponi
2144 342 2323 394 debeat
2350 344 2593 412 provide,
2641 346 2760 412 quia
2794 362 2885 399 rex
2909 349 3057 400 citius
3078 388 3093 412 ,
3141 360 3189 402 et
3218 352 3308 405 sub
3340 354 3484 406 omni

194 436 311 484 est.
345 426 596 497 Cumque
619 428 731 496 jam
761 427 889 480 nihil
917 436 941 463 ι
969 425 1189 479 omnino
1211 432 1513 493 superesset
1538 426 1680 493 quod
1712 440 1805 495 pe.-

192 520 462 574 tentibus
488 521 615 572 dare
644 518 909 587 potuisset
937 558 951 583 ,
994 516 1228 584 quodam
1258 515 1347 570 die
1373 515 1619 584 qumdam
1650 517 1807 570 vidua

193 610 467 674 advenit,
488 624 605 677 quae
627 624 657 661 a
678 609 821 676 regis
841 607 1224 661 Wandalorum
1246 619 1445 673 genero
1465 622 1618 661 suum
1642 605 1807 661 ﬁlium

192 699 253 753 in
287 700 674 768 captivitatem
701 698 866 752 fuisse
891 698 1109 751 ductum
1132 698 1421 767 perhibuit,
1453 708 1615 766 atque
1637 713 1667 751 a
1690 698 1809 753 viro

191 785 309 841 Dei
348 787 471 856 ejus
499 788 728 857 pretium
759 786 1085 857 postulavit;
1132 786 1178 839 si
1208 785 1346 840 forte
1375 786 1514 839 illius
1561 784 1809 840 dominus

193 879 325 933 hoc
362 879 677 946 dignaretur
709 880 864 950 115
902 879 1146 946 accipere
1170 917 1185 942 ,
1229 885 1285 931 et
1314 878 1457 931 hunc
1484 876 1811 931 concederet

192 968 268 1021 ad
300 969 532 1037 propria
557 983 819 1022 remeare.
868 967 973 1022 Sed
1004 968 1085 1020 vir
1112 966 1207 1021 Dei
1241 980 1570 1036 magnopere
1598 967 1808 1036 petenti

194 1056 440 1111 femina:
466 1057 593 1126 quid
622 1058 753 1111 dare
779 1058 1041 1127 potuisset
1070 1059 1370 1126 inquirens,
1423 1058 1554 1111 nihil
1582 1058 1720 1128 apud
1750 1073 1808 1113 se

194 1148 373 1201 aliud
403 1148 504 1202 nisi
556 1163 615 1201 se
645 1148 885 1200 invenit:
920 1149 1231 1216 petentique
1270 1146 1481 1201 feminae
1512 1149 1804 1217 respondit,

193 1240 451 1293 dicens:
495 1238 715 1302 Mulier,
744 1239 881 1308 quod
924 1240 1118 1307 possim
1160 1239 1283 1291 dare
1330 1255 1433 1291 non
1463 1239 1663 1303 habeo;
1719 1240 1808 1292 sed

194 1330 579 1398 memetipsum
607 1329 769 1391 tolle;
810 1344 987 1398 meque
1022 1344 1218 1380 servum
1236 1328 1371 1397 juris
1404 1330 1475 1381 tui
1504 1346 1613 1382 esse
1642 1331 1807 1398 pro/i-

197 1430 375 1485 tere;
415 1429 564 1486 atque
600 1427 656 1469 ut
687 1417 853 1485 ﬁlium
884 1429 1019 1469 tuum
1060 1418 1310 1486 recipias,
1354 1434 1434 1470 me
1462 1420 1567 1471 vice
1594 1418 1731 1471 illius
1752 1419 1807 1471 in

196 1508 491 1562 servitium
513 1506 677 1559 trade.
736 1505 891 1571 Quod
921 1507 1008 1559 illa
1048 1521 1113 1560 ex
1144 1523 1239 1560 ore
1272 1508 1405 1560 tanti
1436 1508 1534 1560 viri
1564 1508 1805 1575 audiens,

201 1599 532 1652 irrisionem
581 1597 760 1665 potius
788 1596 1013 1650 credidit
1052 1611 1212 1664 quam
1241 1600 1688 1666 compassionem.
1740 1599 1808 1651 At

1908 433 2167 485 celeritate
2193 441 2268 486 est
2297 435 2595 487 moriturus.
2652 434 2805 500 Quod
2843 436 2930 490 ille
2960 438 3182 493 audiens
3203 478 3220 505 ,
3262 442 3387 509 quia
3416 444 3485 498 ab

1908 521 2099 575 eodem
2142 536 2269 591 rege
2318 538 2429 592 pra:
2482 525 2677 579 ceteris
2730 526 3052 595 diligebatur
3082 569 3098 592 ,
3155 529 3206 582 ei
3264 532 3487 587 minime

1910 612 2077 665 tacuit
2103 629 2117 677 ;
2167 612 2265 666 sed
2302 613 2429 681 quid
2459 628 2489 667 a
2519 630 2618 669 suo
2647 615 2934 670 hortulano
2953 655 2968 679 ,
3012 618 3255 687 sapiente
3281 621 3488 676 scilicet

1908 701 2054 766 viro,
2088 704 2395 769 agnovisset
2424 703 2698 758 indicavit.
2750 705 2903 770 Quod
2944 706 3071 760 dum
3100 722 3196 761 rex
3226 709 3485 775 audisset,

1908 790 2051 845 illico
2087 793 2363 860 respondit
2391 811 2402 845 ε
2447 792 2561 864 Ego
2602 794 2778 848 vellem
2810 798 2973 861 hunc,
3014 798 3079 851 de
3114 814 3213 869 quo
3242 799 3488 867 loqueris,

1907 879 2164 933 hominem
2190 882 2379 934 videre.
2419 881 2517 936 Cui
2546 896 2710 950 gener
2738 884 2888 951 ejus,
2931 887 3253 941 venerabilis
3281 887 3489 943 Paulini

1910 971 2221 1040 temporalis
2240 971 2504 1036 dominus,
2537 974 2832 1042 respondit,
2858 976 3040 1031 dicens
3066 994 3077 1029 :
3117 977 3357 1032 Virentes
3379 980 3489 1033 her-

1907 1061 1999 1114 bas
2028 1061 2153 1114 mihi
2181 1062 2251 1114 ad
2276 1064 2553 1132 prandium
2582 1065 2783 1135 deferre
2826 1068 3083 1121 consuevit
3107 1084 3125 1120 :
3177 1069 3273 1122 has
3317 1071 3489 1141 itaque

1909 1151 1979 1201 ad
2004 1168 2233 1204 mensam
2270 1150 2280 1188 ¹
2314 1168 2429 1204 eum
2465 1153 2738 1223 deportare
2767 1157 2955 1224 faciam
2979 1196 2993 1220 ,
3045 1166 3101 1210 ut
3137 1160 3249 1227 quis
3288 1160 3356 1211 sit
3404 1162 3488 1230 qui

1911 1239 2036 1291 mihi
2067 1240 2174 1292 hazc
2212 1241 2411 1293 locutus
2440 1253 2546 1305 est,
2592 1260 2863 1312 agnoscas.
2917 1244 3249 1315 Factumque
3277 1256 3378 1303 est.
3424 1248 3491 1301 Et

1910 1326 2035 1379 dum
2059 1343 2152 1381 rex
2183 1329 2249 1380 ad
2272 1338 2308 1363 ω
2332 1331 2697 1397 prandendum
2723 1332 3010 1397 discubuit,
3032 1332 3285 1389 Paulinus
3305 1351 3372 1389 ex
3391 1352 3489 1391 suo

1911 1431 2077 1483 opere
2104 1425 2127 1451 η
2159 1417 2306 1470 olera
2329 1432 2555 1486 qumque
2589 1427 2644 1472 et
2673 1421 2903 1474 virentia
2939 1422 3216 1479 delaturus
3252 1424 3485 1480 advenit.

1912 1502 2152 1571 Cumque
2201 1506 2341 1559 hunc
2386 1521 2481 1559 rex
2507 1508 2913 1575 conspexisset,
2966 1512 3145 1565 subito
3176 1512 3489 1581 intremuit;

1911 1601 2072 1662 atque
2102 1600 2128 1626 °
2155 1596 2418 1649 accersito
2458 1596 2575 1663 ejus
2616 1596 2837 1651 domino
2878 1598 2978 1652 sibi
3026 1616 3123 1668 per
3160 1600 3320 1655 tiliam
3366 1618 3490 1672 pro-

202 1689 307 1743 ille
340 1736 354 1755 ,
415 1696 477 1740 ut
516 1696 633 1740 erat
673 1688 756 1739 vir
792 1686 1263 1754 eloquentissimus
1289 1726 1303 1748 ,
1359 1695 1520 1755 atque
1566 1690 1808 1756 apprime
1841 1695 1883 1753 Β
1912 1684 2131 1753 pinquo,
2155 1685 2203 1738 ei
2226 1694 2492 1740 secretum
2515 1687 2656 1754 quod
2679 1689 2824 1756 prius
2845 1690 3196 1743 absconderat
3218 1692 3489 1755 indicavit,

202 1779 585 1835 exterioribus
620 1792 835 1845 quoque
862 1774 1050 1831 studiis
1086 1776 1327 1831 eruditus
1352 1818 1367 1843 ,
1424 1777 1688 1830 dubitanti
1725 1776 1805 1831 l'e-

203 1871 285 1923 mi
297 1884 391 1923 um
416 1870 579 1923 citius
607 1868 873 1936 persuasit
898 1875 957 1920 ut
982 1866 1161 1919 audita
1191 1868 1463 1933 crederet,
1513 1877 1568 1921 et
1594 1883 1691 1937 pro
1720 1882 1810 1921 re-

203 1960 479 2028 ceptione
526 1958 617 2011 lilii
657 1959 738 2013 sui
788 1958 842 2009 in
880 1957 1157 2011 servitium
1188 1958 1216 1994 δ
1246 1959 1563 2026 episcopum
1596 1960 1811 2014 tradere
1850 1960 1855 1961 ⁷

207 2064 335 2102 non
361 2048 653 2101 dubitaret.
702 2057 724 2085 ο
776 2045 1071 2100 Perrexere
1126 2047 1287 2114 igitur
1331 2056 1558 2115 uterque
1589 2049 1639 2101 in
1672 2048 1811 2102 Afri-

206 2156 365 2194 cani.
412 2139 440 2173 δ
501 2136 816 2192 Procedenti
869 2146 1049 2191 autem
1098 2140 1240 2205 regis
1290 2152 1513 2206 genero,
1561 2140 1652 2206 qui
1692 2140 1810 2207 ejus

214 2229 398 2283 ﬁlium
430 2230 694 2290 habebat,
733 2230 891 2281 vidua
922 2236 1172 2295 rogatura
1197 2243 1255 2282 se
1284 2229 1514 2291 obtulit;
1574 2244 1636 2282 ac
1666 2230 1813 2297 prius

214 2321 384 2391 petiit
410 2328 475 2372 ut
516 2329 539 2356 ο
591 2320 640 2372 ei
690 2318 856 2371 lilium
895 2320 1098 2373 donare
1143 2320 1431 2374 debuisset.
1487 2319 1639 2385 Quod
1690 2335 1809 2373 cum

214 2412 492 2466 barbarus
541 2409 623 2462 vir
670 2412 833 2478 typho
880 2411 1141 2478 superbia:
1195 2408 1214 2447 ί
1268 2411 1549 2479 turgidus,
1618 2412 1812 2477 gaudio

216 2502 555 2555 transitoria:
581 2500 951 2569 prosperitatis
981 2500 1195 2553 inﬂatus
1216 2541 1231 2565 ,
1274 2517 1380 2554 non
1412 2502 1582 2555 solum
1615 2504 1810 2568 facere,

216 2594 322 2647 sed
344 2593 510 2647 etiam
530 2593 714 2645 audire
732 2592 1068 2661 despiceret,
1104 2593 1258 2646 vidua
1279 2593 1571 2659 subjunxit,
1596 2593 1807 2648 dicens:

218 2684 366 2737 Ecce
395 2686 530 2737 hunc
565 2685 818 2737 hominem
840 2701 932 2753 pro
961 2701 1021 2737 eo
1056 2687 1301 2737 vicarium
1329 2685 1530 2752 prwbeo
1553 2704 1571 2750 ;
1620 2687 1813 2739 solum-

217 2776 382 2829 modo
407 2776 645 2846 pietatem
672 2778 725 2827 in
747 2792 827 2828 me
854 2774 1065 2839 exhibe,
1105 2776 1325 2845 mihique
1353 2780 1556 2830 unicum
1580 2779 1747 2847 [ilium
1779 2789 1803 2825 α

220 2870 410 2922 redde.
466 2866 706 2935 Cumque
741 2868 828 2921 ille
858 2865 885 2903 δ
917 2868 1125 2921 venusti
1162 2869 1340 2921 vultus
1368 2869 1640 2923 hominem
1679 2886 1811 2924 con-

222 2964 515 3029 spexisset,
548 2974 706 3027 quam
737 2967 907 3012 artem
939 2966 1119 3012 nosset
1152 2959 1443 3026 inquisivit.
1477 2960 1571 3012 Cui
1610 2962 1690 3012 vir
1719 2960 1813 3012 Dei

1910 1776 2094 1828 dicens
2122 1794 2133 1826 :
2176 1777 2332 1846 116
2362 1775 2552 1829 Verum
2574 1786 2649 1831 est
2676 1780 2812 1848 quod
2833 1781 3063 1844 audisti;
3088 1800 3208 1835 nam
3231 1794 3376 1837 nocte
3396 1786 3491 1838 hac

1916 1867 2017 1917 Pin
2048 1868 2244 1919 somnio
2272 1867 2501 1919 sedentes
2532 1869 2584 1921 in
2607 1869 2949 1923 tribunalibus
2983 1884 3161 1925 contra
3184 1892 3263 1927 me
3288 1877 3492 1945 judiccs

1913 1959 2047 2020 vidi,
2082 1960 2215 2010 inter
2243 1976 2366 2027 quos
2390 1961 2485 2011 iste
2513 1960 2667 2013 etiam
2703 1962 2857 2013 simul
2877 1964 3125 2028 sedebat;
3157 1975 3203 2018 et
3230 1968 3493 2037 ﬂagellant

1913 2050 2048 2119 quod
2077 2049 2355 2119 aliquando
2382 2066 2678 2119 acceperam
2705 2093 2719 2117 ,
2776 2068 2949 2104 eorum
2978 2055 3102 2106 mihi
3126 2056 3324 2124 judicio
3355 2059 3493 2113 tolle-

1914 2139 2081 2191 batur.
2143 2140 2251 2193 Sed
2286 2150 2619 2209 percunctare
2646 2143 2883 2212 quisnam
2912 2146 3009 2197 sit:
3063 2163 3183 2197 nam
3227 2164 3318 2217 ego
3361 2150 3495 2202 hunc

1917 2234 2047 2285 tanti
2071 2236 2240 2286 meriti
2283 2237 2443 2287 vitum
2470 2277 2483 2301 ,
2533 2236 2865 2304 popularem,
2914 2247 2967 2288 ut
3000 2240 3342 2307 conspicitur,
3387 2258 3495 2295 esse

1914 2340 2015 2376 non
2047 2326 2295 2394 suspicor.

1986 2413 2135 2468 Tunc
2163 2416 2303 2483 regis
2332 2429 2496 2483 gener
2521 2423 2731 2469 Secreto
2763 2415 3042 2473 Paulimun
3069 2422 3219 2488 tulit,
3264 2430 3319 2477 et
3346 2424 3493 2491 quis-

1916 2518 2038 2555 nam
2094 2513 2236 2557 esset
2285 2504 2579 2571 inquisivit.
2641 2506 2738 2558 Cui
2788 2508 2870 2560 vir
2919 2509 3129 2563 Domini
3178 2514 3492 2580 respondit:

1916 2592 2104 2647 Servus
2132 2603 2245 2647 tuus
2268 2612 2401 2662 sum,
2432 2613 2579 2666 quem
2600 2615 2694 2665 pro
2715 2598 2826 2667 ﬁlio
2856 2601 3021 2654 vidua:
3051 2602 3296 2655 vicarium
3324 2621 3497 2657 susce-

1916 2685 2055 2753 pisti.
2089 2683 2327 2753 Cumque
2353 2686 2612 2738 instanter
2641 2688 2730 2741 ille
2760 2690 3094 2756 requireret,
3145 2701 3203 2745 ut
3242 2708 3347 2746 non
3376 2694 3497 2762 quis

1917 2794 2057 2832 nunc
2081 2786 2240 2841 esset,
2299 2779 2392 2831 sed
2421 2779 2542 2846 quis
2572 2778 2623 2832 in
2658 2787 2797 2832 terra
2828 2797 2921 2834 sua
2949 2781 3156 2848 fuisset,
3214 2784 3496 2849 indicaret,

1918 2877 2080 2935 atque
2126 2868 2229 2921 hoc
2274 2868 2342 2920 ab
2373 2882 2437 2920 eo
2479 2877 2504 2915 (ι
2536 2865 2802 2935 frequenti
2850 2870 3191 2937 inquisitione
3216 2874 3496 2939 exigeret;

1918 2960 1998 3010 vir
2028 2958 2237 3011 Domini
2268 2957 2589 3011 constrictus
2618 2958 2825 3023 magnis
2854 2957 3338 3026 conjurationibus,
3383 2962 3496 3029 jam

227 3051 491 3105 Paulinus
520 3051 828 3119 respondit,
883 3052 1064 3105 dicens
1094 3068 1105 3101 :
1156 3052 1331 3101 Artem
1359 3050 1561 3119 quidem
1589 3052 1815 3122 aliquam
1843 3048 1887 3108 C
1921 3066 2026 3103 non
2052 3049 2235 3102 valens
2267 3061 2462 3114 negare
2508 3048 2627 3116 quis
2656 3057 2838 3112 esset,
2890 3050 3200 3120 episcopum
3250 3069 3308 3107 se
3336 3054 3499 3109 fuisse

229 3144 423 3207 nescio,
473 3142 562 3194 sed
590 3142 790 3193 hortum
814 3144 938 3194 bene
976 3142 1208 3194 excolere
1232 3142 1356 3193 scio.
1390 3142 1543 3205 Quod
1574 3142 1655 3194 vir
1685 3156 1815 3208 gen-

231 3236 344 3287 tilis
371 3234 533 3287 valde
561 3233 791 3287 libenter
819 3233 1057 3301 accepit,
1092 3247 1212 3286 cum
1241 3232 1294 3284 in
1324 3231 1620 3285 nutriendis
1648 3231 1811 3284 oleri-

230 3325 336 3378 bus
378 3322 506 3392 quia
548 3323 752 3391 peritus
777 3330 919 3376 esset
958 3322 1178 3375 audivit.
1220 3319 1466 3389 Suscepit
1506 3320 1686 3389 itaque
1715 3336 1822 3373 ser-

234 3430 382 3480 vum,
413 3422 471 3466 et
497 3414 710 3479 roganti
739 3414 911 3468 vidua:
940 3412 1173 3466 reddidit
1216 3410 1403 3464 ﬁlium.
1437 3412 1554 3476 Quo
1596 3427 1819 3480 accepto

237 3508 390 3563 vidua
421 3506 491 3559 ab
521 3507 767 3559 Alricana
808 3508 1027 3573 regione
1073 3505 1356 3569 discessit;
1409 3503 1663 3559 Paulinus
1691 3520 1819 3559 vero

239 3597 518 3650 excolendi
550 3596 691 3649 horti
719 3611 900 3650 curam
929 3596 1181 3665 suscepit.

307 3687 554 3755 Cumque
613 3687 753 3739 idem
799 3687 940 3755 regis
982 3700 1148 3753 gener
1204 3686 1396 3740 crebro
1452 3684 1821 3753 ingrederetur

242 3784 490 3845 hortum,
541 3795 807 3849 suumque
834 3781 1177 3834 hortulanum
1221 3781 1461 3847 quzedam
1499 3779 1819 3847 requireret,

244 3883 296 3927 et
321 3874 622 3941 sapientem
650 3871 806 3925 valde
843 3870 857 3907 ί
894 3887 1013 3925 esse
1041 3870 1312 3924 hominem
1343 3869 1576 3934 videret,
1621 3868 1822 3922 amicos

245 3966 402 4033 erepit
428 3963 719 4017 familiares
747 3964 1025 4027 deserere,
1058 3970 1114 4016 et
1142 3962 1337 4029 saepius
1362 3975 1484 4015 cum
1514 3976 1613 4014 suo
1634 3961 1823 4014 hortu-

252 4056 367 4108 lano
394 4055 655 4123 colloqui,
687 4062 849 4122 atque
875 4053 989 4120 ejus
1018 4053 1359 4107 sermonibus
1385 4050 1640 4105 delectari
1666 4068 1677 4101 :
1734 4050 1821 4104 cui

250 4143 494 4199 Paulinus
526 4145 771 4212 quotidie
818 4146 886 4197 ad
917 4159 1161 4197 mensam
1209 4144 1357 4197 olera
1408 4142 1421 4191 ἱ
1482 4143 1822 4209 virentesque

250 4235 432 4290 herbas
460 4237 676 4289 deferre
702 4242 1082 4299 consueverat,
1131 4241 1189 4287 et
1217 4240 1439 4302 accepto
1469 4245 1608 4301 pane
1633 4231 1699 4284 ad
1728 4245 1824 4285 cu-

252 4341 350 4379 ram
379 4327 529 4380 horti
559 4339 823 4380 remeare.
870 4325 1113 4394 Cumque
1141 4326 1242 4379 hoc
1266 4324 1469 4377 diutius
1499 4321 1523 4359 ¹ι
1548 4330 1819 4390 ageretur,

1922 3148 2146 3196 testatus
2186 3148 2285 3194 est.
2338 3139 2491 3204 Quod
2541 3154 2818 3208 possessor
2866 3138 2979 3208 ejus
3022 3142 3285 3209 audiens,
3341 3146 3499 3199 valde

1919 3235 2235 3304 pertimuit,
2285 3241 2448 3300 atque
2495 3233 2767 3286 humiliter
2805 3234 3039 3298 obtulit,
3091 3236 3277 3291 dicens
3320 3255 3330 3288 :
3374 3237 3501 3291 Pete

1918 3325 2053 3395 quod
2081 3326 2153 3378 vis
2180 3366 2193 3389 ,
2250 3333 2497 3392 quatenus
2527 3323 2596 3375 ad
2627 3333 2815 3376 terram
2845 3334 2985 3377 tuam
3007 3342 3037 3376 a
3066 3342 3146 3378 me
3172 3341 3286 3379 cum
3314 3345 3501 3399 magno

1920 3430 2127 3466 munere
2148 3414 2435 3465 revertaris.
2468 3411 2566 3464 Cui
2590 3413 2670 3465 vir
2692 3412 2900 3466 Domini
2924 3413 3177 3469 Paulinus
3199 3418 3301 3469 ait:
3332 3418 3502 3472 Unum

1920 3515 1994 3557 est
2035 3506 2170 3574 quod
2214 3503 2336 3555 mihi
2367 3502 2657 3570 impendere
2698 3502 2993 3571 beneﬁcium
3026 3516 3199 3572 potes,
3248 3515 3301 3557 ut
3330 3524 3503 3560 omnes

1920 3597 2141 3649 civitatis
2169 3612 2297 3648 mea:
2326 3596 2551 3660 captivos
2580 3594 2800 3646 relaxes.
2834 3595 2934 3658 Qui
2963 3598 3141 3649 cuncti
3176 3598 3419 3663 protinus
3448 3599 3501 3650 in

1921 3686 2167 3741 Africana
2199 3686 2419 3751 regione
2449 3684 2709 3750 requisiti,
2739 3698 2860 3737 cum
2882 3686 3087 3738 onustis
3110 3685 3375 3739 frumento
3402 3703 3501 3741 na—

1921 3778 2074 3831 vibus
2097 3817 2113 3843 ,
2162 3790 2263 3844 pro
2308 3774 2599 3827 venerandi
2626 3773 2726 3826 viri
2752 3770 2958 3826 Paulini
2988 3774 3352 3834 satisfactione
3374 3816 3389 3840 ,
3447 3779 3501 3833 in

1920 3870 2037 3937 ejus
2063 3868 2319 3923 comitatu
2348 3864 2511 3919 laxati
2540 3872 2680 3919 sunt.
3456 3920 3459 3923 Α

1993 3959 2121 4014 Post
2148 3973 2256 4012 non
2285 3956 2481 4011 multos
2509 3970 2641 4011 vero
2668 3957 2781 4011 dies
2801 3955 3185 4011 Wandalorum
3216 3974 3308 4013 rex
3340 3974 3502 4013 occu-

1921 4051 2067 4117 buit,
2099 4060 2156 4105 et
2176 4050 2471 4118 ﬂagellum,
2501 4048 2643 4117 quod
2673 4048 2739 4101 ad
2765 4064 2915 4102 suam
2943 4051 3255 4117 perniciem,
3286 4052 3505 4119 dispen-

1922 4150 2075 4200 sante
2103 4141 2236 4203 Deo,
2268 4156 2367 4210 pro
2397 4138 2629 4192 ﬁdelium
2659 4138 2937 4207 disciplina
2959 4149 2979 4176 τ
3007 4148 3271 4203 tenuerat,
3303 4142 3501 4195 amisit.

1924 4233 2118 4301 Sicque
2146 4231 2343 4286 factum
2371 4237 2473 4293 est,
2506 4236 2556 4283 ut
2583 4230 2968 4299 omnipotentis
2991 4230 3085 4284 Dei
3113 4231 3341 4286 famulus
3362 4230 3505 4286 Pau-

1925 4327 2067 4381 linus
2094 4340 2220 4379 vera
2244 4324 2593 4393 praediceret;
2651 4330 2705 4375 et
2732 4323 2821 4390 qui
2852 4337 2909 4375 se
2944 4323 2995 4375 in
3025 4324 3299 4377 servitium
3326 4325 3499 4379 solum

253 4417 470 4484 quadam
514 4418 606 4470 die
641 4433 741 4471 suo
789 4418 1009 4471 domino
1051 4431 1235 4471 secum
1277 4415 1537 4469 secretius
1584 4413 1822 4482 loquenti
1852 4401 1903 4462 D
1928 4414 2264 4477 tradiderat,
2304 4428 2426 4467 cum
2456 4412 2639 4465 multis
2681 4426 2712 4463 a
2740 4411 2960 4464 servitio
2990 4411 3057 4464 ad
3087 4412 3388 4467 libertatem
3418 4430 3505 4468 re-

255 4515 315 4559 :nt
343 4524 355 4558 :
384 4506 516 4559 Vide
543 4508 668 4576 quid
697 4523 854 4577 agas,
883 4517 929 4560 et
955 4505 1330 4559 Wandalorum
1358 4521 1571 4575 regnum
1605 4506 1824 4575 qualiter

311 4695 333 4721 ³
362 4685 465 4738 Ms.
498 4685 523 4736 1
555 4683 694 4748 Jol.,
717 4685 977 4746 omnium;
1009 4683 1175 4747 alter,
1208 4682 1522 4736 omnimodo.

310 4754 333 4791 ιι
364 4756 446 4807 Ex
482 4770 585 4808 ms.
622 4756 807 4807 codice
835 4754 1116 4820 Bigotiano
1144 4762 1200 4806 et
1225 4768 1362 4805 nova
1392 4754 1626 4806 editione
1654 4767 1808 4822 repo-

259 4827 439 4877 suimus
488 4825 805 4891 episcopum.
866 4825 1003 4875 Ante
1030 4831 1184 4885 erat,
1230 4824 1301 4873 sei
1332 4838 1474 4882 sum,
1523 4823 1816 4890 incongrua

263 4897 394 4947 iet-tio
421 4911 436 4957 ;
471 4910 573 4946 nec
597 4896 732 4945 forte
762 4894 883 4945 ideo
913 4894 1087 4943 minus
1116 4891 1463 4959 Gregoriana.

316 4986 321 4993 τ
360 4964 488 5017 Mss.
527 4965 636 5016 duo
666 4961 795 5025 Jol.,
830 4962 1193 5014 Perrexerunt.

312 5034 334 5068 ά
360 5034 453 5086 Sic
482 5033 890 5086 emendavimus
918 5047 982 5084 ex
1015 5046 1145 5084 mss.
1168 5030 1441 5084 codicibus
1472 5031 1682 5086 duobus
1708 5030 1813 5084 Jol.

264 5106 555 5156 eteJitione
587 5103 898 5157 novissima.
948 5101 1085 5154 Ante
1122 5109 1268 5163 erat,
1310 5100 1647 5154 Procedente.

318 5182 338 5206 ⁸
360 5172 492 5225 Edd.
513 5213 528 5236 ,
588 5172 721 5241 ejus.
754 5170 1111 5239 Reposuimus
1143 5171 1189 5241 ei
1218 5186 1285 5223 ex
1314 5187 1441 5224 mss.
1474 5172 1682 5224 duobus
1709 5168 1811 5222 Jol.

266 5245 485 5360 aquibus
512 5240 669 5295 abest
699 5256 805 5299 vox
828 5241 995 5309 ﬁlium
1015 5282 1030 5305 ,
1082 5248 1135 5293 et
1164 5240 1215 5293 in
1246 5254 1471 5307 quorum
1497 5256 1602 5294 uno
1626 5241 1818 5308 legitur

316 5328 444 5360 nan.

316 5328 444 5365 nan.

324 5384 335 5416 ¹
369 5382 463 5435 Ms.
500 5382 521 5433 l
554 5380 687 5446 10].,
719 5380 965 5433 tumidus.

322 5459 341 5491 κ
368 5451 461 5503 Ms.
491 5458 662 5507 codex
692 5452 1004 5520 Bigotianns
1034 5449 1181 5503 addit
1209 5466 1393 5503 meum.

322 5521 344 5555 δ
376 5520 491 5575 Mss.
521 5522 632 5588 Big.
657 5529 716 5575 et
735 5519 841 5578 Jul.
878 5519 927 5590 i,
959 5530 1165 5573 venusto
1193 5520 1351 5572 vultu.

327 5592 338 5625 ί
369 5590 444 5645 Ex
473 5609 597 5647 mss.
626 5590 736 5645 Jol.
760 5590 971 5645 duobus
994 5598 1049 5644 et
1078 5590 1189 5654 Dig.
1224 5590 1540 5651 addidimus,
1571 5603 1696 5641 esse.

1928 4509 2101 4564 diret:
2159 4506 2307 4560 illum
2350 4503 2603 4557 videlicet
2632 4502 2905 4566 imitatus,
2955 4503 3045 4570 qui
3093 4501 3319 4556 formam
3362 4506 3505 4558 servi

1995 4685 2008 4732 i
2044 4681 2191 4735 Nova
2213 4677 2377 4733 editio
2407 4678 2458 4730 in
2490 4691 2656 4746 marg.
2688 4695 2699 4727 :
2727 4676 2813 4746 iAl.
2849 4675 3156 4746 odoriferos.

1993 4750 2017 4787 ιι
2050 4751 2125 4803 Ita
2158 4759 2267 4801 tres
2296 4762 2420 4801 mss.
2458 4744 2675 4800 codices
2714 4745 2817 4798 Jul.
2859 4755 2914 4800 et
2941 4744 3056 4814 Bi‘g.
3090 4761 3211 4800 cum
3261 4746 3501 4804 editione

1921 4821 2229 4875 novissima.
2262 4816 2398 4869 Ante
2421 4824 2536 4885 erat
2559 4825 2751 4885 ageret.

1996 4890 2014 4928 ι
2047 4889 2143 4942 Ms.
2178 4889 2347 4941 codex
2376 4886 2395 4937 l
2427 4884 2529 4937 Jol.
2561 4884 2681 4938 cum
2714 4884 2949 4939 editione
2971 4900 3129 4950 nova,
3163 4886 3297 4939 hunc
3326 4886 3506 4956 depor-

1924 4970 2034 5014 tare
2064 4960 2217 5014 facio.

1994 5042 2034 5068 ω
2061 5023 2187 5083 Mss.
2222 5026 2329 5079 duo
2355 5023 2481 5085 10L,
2512 5024 2581 5075 ad
2607 5025 2907 5091 prandium.

2001 5109 2028 5136 η
2059 5099 2156 5152 Ms.
2190 5097 2211 5148 1
2248 5093 2372 5159 ΙοΙ.,
2403 5094 2563 5146 odora
2593 5132 2605 5143 .
2642 5131 2655 5144 .
2691 5132 2703 5145 .
2741 5131 2754 5144 .
2783 5094 2936 5145 venit.

2002 5180 2026 5205 ο
2054 5169 2178 5222 Mss.
2203 5166 2309 5219 duo
2339 5164 2551 5217 codices
2576 5161 2679 5214 Jol.
2702 5202 2715 5225 ,
2749 5165 2931 5215 accito.

1998 5250 2026 5290 P
2052 5238 2150 5291 Ms.
2178 5235 2199 5287 l
2232 5233 2363 5300 101.,
2390 5234 2443 5285 in
2466 5232 2677 5283 somnis.

1996 5318 2024 5358 ιι
2052 5308 2129 5361 lta
2146 5297 2438 5375 repositum
2454 5314 2669 5375 exmss.
2695 5298 2971 5375 codicibus
2992 5297 3095 5351 Jol.
3121 5305 3171 5353 et
3198 5298 3311 5369 Big.
3337 5300 3501 5361 Alias,

1924 5380 2194 5433 iteratione
2210 5370 2499 5444 'frequentis
2518 5370 2879 5439 inquisitionis.

1998 5459 2018 5485 ι·
2053 5447 2151 5499 Ms.
2184 5442 2342 5497 l‘Jol.
2371 5480 2384 5507 ,
2436 5447 2702 5508 acceperat
2730 5478 2745 5504 ,
2795 5447 2849 5491 et
2874 5452 2997 5492 mox
3026 5446 3264 5508 sequutus
3298 5458 3401 5513 pro
3428 5447 3505 5490 ss-

1924 5532 2098 5587 quens.
