4020 6186
601 344 709 400 ‘HS

1631 337 1688 393 S.
1730 334 2069 392 PAULINUS
2107 331 2419 387 NOLANUS
2459 330 2851 387 EPISCOPUS.

3753 330 3855 382 M5

605 459 859 515 assumsit
883 498 898 524 ,
937 474 1006 514 ne
1046 472 1143 511 nos
1170 468 1409 511 essemus
1436 456 1579 507 servi
1626 450 1865 520 peccati:
1911 448 2061 516 cujus
2088 460 2176 498 se-
2207 448 2256 505 Α
2282 444 2382 497 sibi
2426 459 2646 511 prorsus
2694 440 3100 497 infensissimam
3143 447 3355 507 gentem
3384 479 3401 505 ,
3442 438 3602 507 gestis
3630 439 3857 508 praprifs

609 566 783 618 quens
821 550 1042 617 vestigia
1073 547 1357 609 Paulinus,
1412 544 1482 598 ad
1511 550 1721 612 tempus
1741 539 2041 595 voluntarie
2069 551 2181 591 ser-

612 655 711 694 vus
739 639 912 694 factus
939 648 1021 693 est
1047 637 1194 691 solus
1211 676 1227 702 ,
1264 642 1325 688 ut
1351 641 1495 688 esset
1521 630 1861 701 postmodum
1889 628 2024 682 liber
2060 640 2184 680 cum

613 728 816 782 multis.
851 766 865 780 .
898 767 912 781 .
948 766 961 779 .
995 727 1070 780 De
1095 724 1247 794 cujus
1275 723 1438 777 etiam
1460 728 1651 784 morte,
1681 717 1823 788 apud
1851 717 1968 785 ejus
1993 714 2181 768 Eccle-

614 818 751 871 siam
800 817 1058 885 scriptum
1104 822 1216 879 est,
1271 812 1395 881 quia
1441 825 1563 865 cum
1609 809 1795 864 dolore
1833 817 1977 861 esset
2001 802 2187 857 lateris

615 913 810 969 tactus,
833 906 901 960 ad
920 913 1160 960 extrema
1181 901 1470 971 perductus
1491 908 1592 953 est.
1616 898 1857 965 Dumque
1882 895 1997 963 ejus
2012 892 2188 948 omnis

616 996 805 1050 domus
833 995 887 1049 in
914 1008 1011 1049 sua
1036 991 1304 1048 soliditate
1330 989 1658 1059 persisteret,
1683 984 1983 1040 cubiculum
2006 982 2059 1034 in
2082 994 2189 1048 quo

618 1086 830 1155 iacebat
855 1099 1017 1153 aeger,
1050 1083 1190 1137 facto
1216 1089 1369 1136 terrae
1397 1088 1570 1146 motu,
1598 1075 1939 1139 contremuit,
1971 1086 2189 1127 omnes-

618 1191 724 1245 quc
751 1178 840 1246 qui
863 1177 969 1230 illic
989 1175 1232 1239 aderant,
1262 1171 1424 1226 nimio
1448 1177 1655 1224 terrore
1674 1166 1941 1223 concussit
1965 1182 1978 1217 :
2008 1164 2192 1232 sicque

618 1276 804 1322 sancta
832 1267 920 1320 illa
950 1266 1125 1319 anima
1151 1276 1311 1318 carne
1338 1262 1513 1315 soluta
1541 1265 1642 1313 est.
1669 1256 1998 1323 Factumque
2026 1259 2107 1306 est
2133 1260 2193 1305 ut

618 1371 843 1425 magnus
869 1371 1039 1425 pavor
1058 1354 1337 1409 invaderet
1368 1366 1464 1407 eos
1488 1350 1580 1419 qui
1610 1347 1819 1402 Paulini
1855 1352 2081 1400 mortem
2110 1342 2190 1395 vi~

622 1447 749 1501 dere
778 1446 1098 1515 potuissent.

655 1549 902 1589 JULIANUS
929 1547 1216 1598 POIEBIUS,
1249 1546 1315 1584 DE
1344 1537 1931 1653 VITA9CONTEIPLAT1VA
1960 1537 2062 1575 LIB.
2102 1536 2155 1584 Il,

1313 1615 1429 1653 CAP.
1498 1638 1511 1651 .

1313 1615 1429 1653 CAP.
1459 1615 1511 1653 ν.

623 1694 772 1755 (Illud
810 1693 1137 1756 fragmentum
1162 1686 1660 1756 recognitum_est-a‘d‘
1700 1698 1813 1733 mss.
1854 1682 2046 1756 codices
2083 1680 2194 1741 Big.

927 1754 1040 1815 800,
1066 1754 1229 1802 Germ.
1249 1747 1359 1809 800,
1387 1759 1439 1799 et
1460 1750 1556 1798 Jol.
1574 1749 1664 1797 600
1690 1747 1881 1804 annor.)

696 1835 937 1903 Denique
965 1842 1182 1888 sanctus
1210 1829 1466 1886 Paulinus
1486 1869 1502 1896 ,
1548 1836 1608 1882 ut
1648 1826 1751 1896 ipsi
1785 1824 1975 1878 melius
2003 1819 2194 1886 nostis,

2227 1786 2274 1844 B

2290 535 2486 603 ubique
2513 534 2759 603 polleret.

2436 674 2439 675 '
2471 660 2759 707 ANONYIUS,
2790 659 2839 697 IN
2868 655 3103 697 PROLOGO
3129 655 3338 696 OPERUI
3371 654 3414 693 S.
3450 654 3675 693 PAULINI.

2352 735 2447 796 (Ex
2468 738 2633 785 codice
2658 734 2959 784 Cluniacensi
2984 740 3288 794 pervetusto.
3326 731 3384 781 F.
3404 730 3626 780 Cbillletii
3648 731 3805 792 cura.)

2362 835 2611 889 Paulinus
2638 841 2885 901 sanctus,
2915 832 3131 887 Nolana:
3172 833 3404 887 civitatis
3432 832 3746 902 episcopus,
3777 846 3863 900 ge.

2290 940 2418 981 nere
2448 924 2774 995 Aquitanus,
2804 923 3061 991 dignitate
3086 934 3217 976 vero
3244 922 3480 989 generis,
3513 921 3657 975 urbis
3687 920 3865 975 Romae

2289 1022 2507 1071 senator
2527 1014 2870 1077 clarissimus,
2894 1012 3140 1081 exemplo
3160 1012 3391 1066 maxime
3412 1022 3468 1067 et
3492 1013 3866 1081 praedicatione

2288 1105 2433 1159 beati
2462 1103 2674 1157 Martini
2714 1102 3040 1157 Turonensis
3067 1101 3304 1171 episcopi
3328 1140 3343 1165 ,
3374 1108 3429 1154 et
3458 1101 3705 1170 Delphini
3732 1102 3866 1155 Bur-

2289 1192 2609 1261 degalensis,
2642 1206 2746 1245 una
2775 1205 2896 1245 cum
2924 1188 3125 1244 Severo
3154 1189 3391 1259 Sulpicio
3419 1204 3571 1258 aeque
3614 1190 3781 1243 nobili
3816 1197 3867 1243 et

2291 1282 2530 1336 litterato
2559 1282 2697 1348 viro,
2727 1295 2794 1335 ex
2820 1280 2957 1334 laica
2981 1288 3035 1335 et
3059 1278 3325 1347 conjugali
3357 1280 3465 1333 vita
3491 1278 3561 1331 ad
3587 1280 3868 1349 perfectio-

2293 1373 2376 1426 nis
2418 1371 2734 1427 Christianze
2762 1371 3068 1440 pauperiem
3098 1370 3413 1424 ditissimum
3440 1370 3723 1435 animatus,
3754 1384 3868 1424 om-

2294 1479 2418 1519 nem
2445 1478 2696 1533 pompam
2725 1470 2780 1517 et
2808 1463 2990 1515 luxum
3034 1462 3199 1516 seculi
3248 1461 3483 1526 calcans,
3523 1475 3871 1531 quaecumque

2295 1554 2348 1607 in
2379 1553 2483 1606 hoc
2519 1552 2714 1606 mundo
2740 1551 3065 1620 possidebat,
3094 1550 3247 1619 juxta
3289 1550 3501 1605 Domini
3547 1559 3871 1621 praeceptum

2300 1642 2525 1711 (Matth.
2575 1659 2695 1707 xix,
2725 1641 2826 1712 21)
2856 1641 3092 1696 vendidit
3144 1650 3200 1696 et
3241 1643 3563 1711 pauperibus
3611 1643 3871 1711 erogavit.

2301 1733 2501 1788 Deinde
2537 1732 2692 1801 juxta
2733 1732 2919 1786 Nolam
2960 1731 3261 1802 Campania:
3292 1733 3561 1787 civitatem
3606 1741 3872 1787 monastea

2299 1825 2436 1878 rium
2463 1823 2745 1878 instituens
2774 1830 2827 1877 et
2853 1830 3095 1878 sanctam
3124 1824 3285 1876 vitam
3328 1837 3604 1886 exercens,
3634 1822 3874 1890 ejusdem

626 1924 861 1992 ingentia
892 1923 1091 1993 prmdia
1110 1961 1125 1987 ,
1155 1921 1280 1989 quia
1308 1918 1523 1974 fuerunt
1550 1930 1677 1980 sua,
1712 1911 1927 1969 vendita
1949 1908 2199 1979 pauperi-
2298 1914 2529 1969 civitatis
2555 1914 2835 1982 episcopus
2861 1912 3031 1967 factus
3061 1921 3161 1966 est.
3194 1912 3379 1981 Itaque
3407 1912 3573 1967 verbo
3602 1921 3657 1966 et
3689 1927 3874 1966 exem-

625 2016 725 2069 bus
760 2013 1036 2082 erogavit:
1088 2010 1184 2065 sed
1224 2024 1347 2063 cum
1388 2013 1579 2077 postea
1612 2004 1785 2059 factus
1813 2007 1961 2056 esset
1987 1998 2199 2067 episco-
2298 2003 2410 2072 plo,
2441 2016 2649 2057 necnon
2689 2009 2745 2055 et
2779 2004 2934 2073 118
2960 2002 3227 2055 miraculis
3272 2002 3568 2070 gloriosus,
3598 2002 3876 2055 beatorum

624 2119 740 2173 pus,
761 2118 867 2157 non
888 2096 1435 2157 contemsitEcclesize
1457 2095 1753 2156 facultates,
1779 2090 1875 2146 sed
1894 2087 2199 2143 fidelissime
2299 2092 2516 2146 Patrum
2544 2092 2827 2157 Ambrosii,
2856 2092 3153 2160 Augustini,
3184 2090 3512 2162 Hieronymi,
3545 2092 3877 2161 aliorumque

625 2192 977 2261 dispensavit.
1033 2190 1151 2256 Quo
1176 2189 1315 2243 facto
1342 2187 1473 2241 satis
1506 2183 1744 2240 ostendit
1779 2191 1834 2237 et
1860 2180 2077 2250 propria
2101 2179 2198 2233 de-

625 2284 755 2337 bere
784 2290 1007 2352 pr0pter
1026 2280 1408 2349 perfectionem
1439 2276 1732 2340 contemni,
1757 2282 1813 2329 et
1840 2274 1956 2327 sine
1985 2270 2203 2341 impedi-

620 2380 808 2426 mento
848 2370 1192 2441 perfectionis
1238 2383 1396 2438 posse
1440 2366 1691 2421 Ecclesiae
1737 2379 1856 2434 qua:
1903 2370 2029 2419 sunt
2076 2376 2202 2432 pro-

622 2461 767 2515 fecto
794 2459 1098 2516 communia
1125 2457 1403 2528 possideri.

807 2551 957 2620 117
989 2562 1271 2612 usunuus,
1304 2562 1353 2600 ιω
1384 2559 1780 2600 marmoream
1810 2542 1879 2596 22
1906 2558 2017 2597 ws.

908 2638 1001 2700 (Ex
1025 2651 1125 2711 ms.
1140 2638 1305 2685 codice
1347 2636 1599 2696 Bigotiano
1618 2634 1711 2684 600
1733 2632 1925 2694 auuor.)

700 2721 914 2776 Decimo
942 2719 1199 2774 kalendas
1226 2717 1368 2772 Julii.

700 2810 855 2880 Apud
884 2810 1070 2865 Nolam
1095 2808 1400 2879 Campaniae
1440 2807 1635 2863 natalis
1672 2807 1816 2862 beati
1842 2805 2050 2859 Paulini
2088 2804 2204 2874 epi-

628 2900 778 2970 scOpi
802 2909 858 2954 et
885 2898 1243 2966 confessoris,
1274 2897 1424 2967 cujus
1469 2896 1711 2951 meminit
1756 2904 1974 2951 sanctus
1998 2893 2203 2963 Grego-

628 2990 739 3045 rius
767 2990 819 3043 in
849 2989 985 3043 libro
1031 2987 1373 3055 Dialogorum
1406 3004 1418 3040 :
1450 2986 1641 3041 claruit
1679 2992 1860 3040 autem
1887 3000 1992 3040 non
2032 2985 2205 3039 solum

627 3082 928 3136 eruditione
971 3089 1024 3134 et
1051 3079 1267 3148 copiosa
1297 3080 1417 3132 vita:
1461 3077 1761 3141 sanctitate,
1793 3075 1888 3131 sed
1916 3075 2076 3131 etiam
2105 3090 2198 3144 po-

630 3176 795 3230 tentia
826 3173 1106 3227 adversum
1132 3171 1420 3225 dmmones.

698 3276 994 3323 DUNGALUS,
1027 3276 1129 3313 LIB.
1165 3273 1554 3312 RESPONSIONUH
1582 3273 1847 3313 ADVERSUS
1875 3272 2137 3311 CLAUDIUI

1065 3342 1431 3381 TAUBINBNSEI
1461 3342 1768 3381 EPISCOPUI.

702 3418 954 3473 Paulinus
982 3417 1293 3487 episcopus,
1325 3417 1409 3471 vir
1435 3416 1823 3471 eruditissimus
1850 3424 1905 3470 et
1940 3414 2212 3471 sanctissi-

629 3518 775 3577 mus,
807 3511 944 3566 sicut
988 3516 1044 3564 et
1087 3509 1241 3563 multi
1286 3508 1353 3563 de
1381 3523 1446 3563 eo
1480 3507 1661 3563 testati
1704 3514 1850 3573 sunt,
1879 3506 2113 3561 nobilem
2141 3505 2209 3559 li-

631 3602 784 3656 brum
810 3597 880 3651 l5
930 3598 1254 3654 carminibus
1278 3598 1605 3660 distinctum,
1647 3598 1699 3651 in
1741 3597 1947 3652 honore
1975 3603 2029 3651 et
2057 3595 2211 3651 laude

630 3692 804 3749 sancti
845 3690 1038 3747 Felicis
1082 3690 1334 3761 martyris
1361 3689 1555 3757 edidit;
1588 3691 1641 3743 in
1679 3704 1787 3759 quo
1823 3696 2022 3760 quanta
2050 3688 2212 3743 mira-

630 3783 749 3839 cula
777 3789 832 3838 et
868 3782 1091 3836 virtutes
1120 3796 1218 3851 per
1245 3780 1411 3851 ipsius
1452 3781 1644 3835 merita
1687 3789 1741 3836 et
1780 3780 2207 3845 intercessiones,

628 3873 808 3928 divina
836 3871 1095 3939 largiente
1121 3871 1422 3933 clementia,
1454 3870 1519 3924 ad
1542 3885 1695 3925 suum
1724 3869 1838 3924 fieri
1863 3870 2101 3938 quotidie
2126 3876 2211 3922 tu-

630 3963 830 4017 mulum
852 4002 867 4027 ,
899 3970 954 4015 et
980 3962 1213 4014 maxime
1231 3962 1317 4015 die
1340 3962 1531 4014 natalis
1559 3960 1674 4029 ejus
1692 3961 2075 4025 anniversario,
2104 3959 2215 4014 dis-

629 4052 819 4114 seruit,
850 4066 959 4104 non
986 4049 1144 4103 facile
1190 4064 1221 4101 a
1260 4063 1532 4117 quoquam
1579 4051 1795 4119 excerpi
1837 4060 1929 4103 aut
1965 4050 2211 4106 deflorari

631 4147 841 4209 potest;
872 4137 996 4206 quia
1018 4145 1209 4192 cuncta
1232 4174 1248 4201 ,
1273 4135 1450 4202 flores,
1473 4146 1731 4203 aromata,
1764 4152 1920 4205 rosae,
1951 4138 2060 4195 lilia
2089 4156 2210 4195 sua-

630 4230 901 4285 veolentia
947 4243 1011 4283 ac
1052 4227 1305 4282 mellitlua
1344 4236 1557 4281 sunt....
1590 4226 1726 4284 Hinc
1763 4229 1979 4285 beatum
2025 4229 2207 4286 Pauli-

628 4335 775 4385 num,
806 4318 1088 4374 sanctitate
1115 4326 1170 4372 et
1203 4316 1464 4387 sapientia
1490 4318 1789 4387 praeditum,
1819 4322 1971 4389 quasi
2016 4336 2207 4391 quam-

628 4410 752 4464 dam
778 4410 1004 4479 pharum
1026 4408 1425 4475 lucidissimam,
1454 4416 1508 4463 et
1532 4409 1718 4463 turrim
1740 4410 2203 4480 inexpugnabilem

627 4590 1048 4646 luculentissima
1071 4598 1231 4661 atque
1264 4589 1642 4645 fecundissimo
1664 4605 1911 4646 sermone
1933 4591 2199 4647 disseruit.

630 4693 887 4735 'OBANNES
927 4694 1209 4741 DIACONUS.
1253 4696 1305 4733 IN
1342 4695 1591 4735 PROG-ZIIO
1629 4696 1765 4734 νιτιε
1796 4695 1841 4735 8.
1873 4695 2116 4738 (ΗΠ-380811
2143 4699 2200 4737 Ι.

1063 4767 1130 4804 AD
1158 4765 1429 4804 JOHANNEM
1456 4766 1548 4804 VIII
1578 4766 1767 4804 PAPAM.

1019 4840 1158 4900 (ευιι.
1187 4841 1245 4887 ad
1269 4853 1358 4889 ms.
1386 4840 1494 4901 Big.
1515 4842 1608 4891 600
1627 4840 1821 4899 annor.)

696 4916 876 4985 Nuper
914 4917 982 4971 ad
1007 4919 1215 4987 vigilias
1246 4928 1270 4956 α
1300 4919 1440 4974 beati
1469 4920 1711 4988 Gregorii
1740 4920 1965 4976 Romani
1996 4923 2206 4991 pontifi-

627 5009 735 5074 cis,
768 5007 1059 5075 Anglorum
1098 5009 1270 5078 gentis
1315 5012 1578 5079 apostoli,
1608 5012 1838 5068 lectione
1880 5013 1947 5069 de
1984 5011 2206 5072 Paulino

628 5098 857 5154 civitatis
876 5097 1096 5154 Nolana:
1115 5100 1339 5168 przesule
1366 5104 1878 5159 consuetudinaliter
1904 5121 2202 5174 personan-

627 5197 702 5256 te,
732 5189 876 5244 visus
903 5204 962 5245 es
988 5204 1020 5244 a
1044 5192 1441 5247 venerabilibus
1461 5195 1739 5265 episcopis
1765 5196 1944 5252 divino
1973 5199 2205 5266 quodam

627 5278 878 5334 instinctu
919 5289 1222 5335 commotus
1257 5283 1561 5350 requirere,
1602 5300 1698 5339 cur
1726 5294 1906 5342 tantus
1933 5288 2203 5357 pontifex,

626 5369 717 5437 qui
742 5369 1032 5424 multorum
1075 5378 1379 5426 sanctorum
1410 5373 1556 5429 Vitas
1578 5382 1854 5441 texuerat,
1886 5379 2048 5445 gestis
2076 5393 2203 5448 pro-

630 5454 760 5522 priis
776 5458 826 5511 in
850 5461 1067 5529 propria
1088 5460 1365 5515 dumtaxat
1386 5461 1623 5535 Ecclesia
1652 5466 1910 5521 caruisset
1933 5485 1945 5519 :
1975 5482 2199 5536 parser-

630 5544 729 5598 tim
751 5559 871 5603 cum
898 5556 952 5605 et
993 5549 1133 5620 apud
1170 5549 1412 5608 Saxones
1447 5562 1504 5608 et
1548 5555 1689 5623 apud
1726 5554 2197 5625 Longobardorum

2234 3139 2284 3205 C

2297 2184 2379 2236 sui
2408 2183 2664 2251 temporis
2690 2192 2847 2238 notus
2870 2198 2933 2237 ac
2954 2181 3415 2246 familiarissimus,
3440 2197 3671 2251 quorum
3699 2182 3879 2237 dulces

2299 2272 2539 2341 epistolae
2561 2273 2643 2327 vel
2665 2273 2731 2326 ad
2752 2274 2943 2342 ipsum,
2967 2274 3052 2328 vel
3077 2272 3143 2328 de
3168 2274 3283 2343 ipso
3305 2274 3569 2342 leguntur,
3600 2283 3727 2343 post
3748 2273 3879 2325 mul-

2299 2369 2384 2416 tos
2430 2360 2657 2416 feliciter
2702 2378 2799 2431 pro
2845 2362 3057 2418 Christo
3102 2363 3403 2419 decertatos
3452 2376 3669 2432 agones,
3702 2372 3879 2418 sancta

2301 2451 2639 2519 longaevitate
2667 2454 2962 2521 confectus,
2990 2454 3133 2523 apud
3161 2454 3431 2523 praefatam
3460 2456 3644 2509 urbem
3672 2454 3881 2523 requie-

2305 2542 2379 2595 vit
2424 2542 2479 2595 in
2528 2543 2773 2597 Domino.
2806 2542 2901 2598 Est
2928 2552 3106 2598 autem
3149 2544 3402 2599 credibile
3449 2546 3592 2600 hunc
3635 2546 3882 2600 eumdem

2304 2648 2422 2688 esse
2448 2632 2726 2689 Paulinum
2749 2676 2764 2700 ,
2815 2634 2884 2690 de
2930 2650 3038 2705 quo
3088 2637 3278 2691 beatus
3322 2652 3461 2707 papa
3508 2638 3801 2706 Gregorius
3832 2638 3883 2693 in

2304 2724 2643 2794 Dialogorum
2669 2727 2804 2782 libro
2844 2729 3002 2782 tertio
3029 2742 3142 2782 rem
3170 2729 3495 2797 singularem
3527 2738 3689 2800 atque
3719 2730 3882 2784 admi-

2304 2819 2489 2875 rabilis
2516 2820 2728 2895 virtutis
2756 2820 3032 2884 historiam
3062 2820 3246 2875 refert.
3279 2821 3407 2875 Nam
3438 2831 3492 2876 et
3532 2822 3699 2877 verba
3744 2822 3885 2889 ejus-

2306 2911 2426 2965 dem
2452 2910 2596 2965 beati
2626 2910 2889 2979 Gregorii,
2922 2912 3113 2979 quibus
3142 2926 3265 2966 eum
3296 2923 3351 2967 et
3377 2912 3638 2967 Nolanum
3674 2914 3885 2982 episco-

2307 3018 2452 3072 pum,
2477 3010 2530 3057 et
2553 3001 2763 3056 Patrem
2786 3003 3082 3070 antiquum,
3110 3012 3164 3058 ct
3186 3004 3537 3058 exterioribus
3557 3004 3748 3058 studiis
3769 3018 3886 3059 eru-

2310 3093 2477 3148 ditum
2525 3092 2684 3149 fuisse
2721 3092 2916 3146 ibidem
2957 3093 3097 3148 inter
3137 3094 3240 3148 alia
3274 3103 3566 3159 memorat;
3598 3103 3654 3149 et
3687 3111 3886 3151 conve-

2314 3187 2512 3241 nientia
2541 3194 2841 3256 temporum
2883 3185 2986 3241 hoc
3012 3187 3138 3241 satis
3178 3186 3425 3241 videntur
3461 3202 3723 3241 asserere.
3756 3185 3886 3241 Cum

2311 3286 2366 3331 et
2394 3278 2534 3331 circa
2581 3277 2670 3331 illa
2718 3284 2961 3346 tempora
3006 3278 3219 3332 barbari
3259 3278 3325 3332 ab
3359 3276 3622 3333 Africanis
3650 3280 3888 3349 partibus

2311 3374 2676 3435 erumpentes,
2705 3382 2810 3421 non
2840 3366 3011 3421 solum
3036 3368 3204 3436 ipsam
3224 3365 3590 3437 Campaniam,
3612 3370 3707 3426 sed
3732 3377 3787 3424 et
3810 3379 3887 3423 to-

2314 3465 2420 3509 tam
2451 3470 2588 3525 pene
2616 3455 2821 3510 Italiam
2842 3461 3176 3523 e'verterent;
3209 3457 3597 3525 deficientibus,
3621 3460 3762 3528 proh
3790 3460 3889 3515 do-

2312 3546 2420 3601 lor!
2454 3546 2682 3600 Romani
2711 3546 2918 3616 imperii
2943 3546 3163 3603 viribus.

2311 3674 2572 3714 JOHANNES
2615 3676 2966 3723 TRITHEIIUS,
3017 3676 3117 3714 LIB.
3166 3676 3234 3714 DE
3276 3675 3644 3716 SCRIPTORIBUS
3691 3677 3889 3717 ECCLE-

2960 3746 3226 3785 SIASTICIS.

2382 3841 2661 3908 Paulinus,
2710 3843 3019 3913 presbyter,
3064 3842 3353 3912 discipulus
3404 3844 3574 3898 sancti
3610 3844 3890 3912 Augustini

2312 3932 2693 4002 Hipponensis,
2724 3941 2780 3986 et
2824 3940 3011 4001 postea
3041 3934 3321 4001 episcopus
3368 3932 3514 3987 Nolae
3551 3931 3887 4003 Campanize,

2311 4026 2377 4080 ad
2406 4037 2565 4092 quem
2594 4024 2874 4091 Augustini
2894 4032 2950 4078 et
2970 4023 3278 4096 Hieronymi
3308 4025 3486 4079 multa:
3514 4025 3758 4079 feruntur
3777 4026 3888 4095 epi-

2310 4114 2492 4179 stolze,
2522 4113 2764 4181 variique
2809 4120 3101 4176 tractatus,
3144 4114 3226 4167 vir
3271 4114 3324 4167 in
3371 4113 3661 4183 Scripturis
3690 4115 3893 4168 sanctis

2309 4202 2717 4265 eruditissimus,
2732 4211 2788 4256 et
2807 4202 2859 4256 in
2871 4203 3198 4257 secularibus
3213 4203 3403 4258 litteris
3425 4203 3553 4257 nulli
3565 4219 3663 4259 suo
3677 4212 3889 4273 tempo—

2310 4309 2369 4349 re
2410 4292 2694 4355 secundus,
2723 4306 2829 4346 non
2876 4292 3051 4346 minus
3079 4293 3364 4347 sanctitate
3389 4307 3550 4361 quam
3588 4293 3893 4348 eruditione

2312 4385 2489 4439 clarus
2517 4381 2711 4437 effulsit
2739 4399 2751 4433 :
2781 4381 2847 4436 de
2873 4395 2981 4449 quo
3009 4381 3196 4435 beatus
3222 4380 3511 4449 Gregorius
3537 4396 3675 4450 papa
3700 4382 3755 4436 in
3782 4390 3889 4437 ter-

627 4468 887 4569 imprimis
916 4498 1314 4569 przetendimus,
1345 4468 1436 4569 qui
1482 4501 1707 4569 plurima
1735 4502 1801 4556 de
1830 4468 2203 4569 hacvralionc,
2238 4468 2287 4526 Β
2314 4474 2388 4569 “9
2417 4474 2554 4569 mm?
2582 4472 2923 4569 Dlalf’gorum
2969 4472 3182 4537 scribi"
3230 4471 3375 4542 ⁴Ῑ¹¹⁰ίῘ
3402 4479 3565 4569 ί³¹ἶί²⁸
3595 4473 3813 4569 Nemi”
3838 4482 3894 4527 et

2311 4563 2669 4619 miserationis
2688 4562 2866 4627 fuerit,
2884 4568 2942 4615 ut
2964 4571 3148 4630 postea
3169 4576 3327 4630 quam
3350 4562 3528 4615 omnia
3554 4576 3651 4616 sua
3680 4562 3734 4615 in
3761 4578 3893 4633 pau-

2312 4669 2500 4724 perum
2529 4668 2654 4707 usus
2681 4662 2735 4707 et
2762 4651 3093 4720 captivorum
3122 4649 3489 4705 liberationem
3537 4651 3888 4721 expenderat,

2312 4742 2476 4797 etiam
2502 4741 2733 4809 seipsum
2755 4741 2807 4793 in
2830 4738 3137 4792 servitutem
3159 4753 3257 4806 pro
3286 4737 3396 4792 filio
3421 4738 3694 4806 cujusdam
3719 4739 3892 4792 vidum

2316 4834 2618 4894 tradiderit;
2651 4847 2681 4885 a
2709 4846 2813 4899 qua
2837 4829 3051 4884 tandem
3080 4845 3200 4884 cum
3225 4830 3405 4884 multis
3433 4832 3657 4900 captivis
3677 4831 3747 4885 ob
3767 4832 3892 4885 vitae

2314 4924 2561 4977 meritum
2591 4921 2837 4976 dimissus
2858 4918 2973 4973 fuit.
3006 4917 3228 4988 Scripsit
3249 4927 3355 4973 tam
3380 4928 3551 4975 metro
3579 4935 3738 4989 quam
3764 4937 3891 4990 pro-

2312 5029 2371 5068 sa
2402 5014 2568 5067 multa
2594 5012 2890 5074 volumina,
2921 5010 2987 5066 de
3012 5011 3204 5080 quibus
3232 5012 3330 5067 ista
3360 5010 3602 5066 feruntur
3635 5031 3647 5065 :
3679 5012 3757 5067 De
3786 5013 3889 5067 Sa-

2312 5107 2601 5162 cramentis
2644 5105 2735 5159 lib.
2781 5121 2826 5169 1;
2874 5103 3257 5174 Panegyricum
3286 5103 3572 5159 Theodosii
3614 5105 3705 5160 lib.
3734 5121 3781 5168 1;
3815 5104 3893 5159 De

2312 5197 2598 5253 Contemtu
2628 5194 2810 5248 mundi
2851 5194 2939 5247 lib.
2984 5211 3028 5259 1;
3054 5194 3128 5248 De
3156 5194 3624 5249 Bcnedictionibus
3660 5195 3891 5263 patriar-

2306 5288 2527 5342 charum
2558 5284 2648 5338 lib.
2672 5299 2717 5348 1;
2749 5282 2830 5337 Ad
2868 5282 3123 5338 Severum
3164 5282 3458 5353 Sulpicium
3504 5283 3756 5353 epistolas
3791 5281 3888 5347 μς

2307 5380 2482 5434 Vitam
2512 5377 2568 5432 S.
2592 5375 2784 5430 Felicis
2811 5374 2998 5429 Nolani
3018 5375 3257 5445 episcOpi
3278 5376 3370 5430 lib.
3395 5391 3444 5441 1;
3476 5375 3551 5429 De
3571 5373 3741 5429 Morte
3761 5372 3893 5441 bap-

2303 5470 2452 5525 tizati
2507 5467 2722 5522 infantis
2767 5467 2860 5521 lib.
2912 5483 2957 5531 1;
3008 5466 3338 5537 llymnorum
3381 5467 3595 5522 diverso
3649 5465 3891 5521 carmine

2302 5563 2394 5616 lib.
2418 5576 2454 5624 1;
2486 5558 2561 5612 De
2582 5556 2901 5612 Pmuitentia
2922 5558 3012 5613 lib.
3037 5573 3084 5624 1;
3117 5557 3191 5614 De
3207 5556 3386 5614 Laude
3405 5565 3696 5629 martyrum
3716 5556 3809 5612 lib.
3837 5572 3886 5622 1;

682 5686 710 5715 ⁸
738 5676 836 5735 Ms.
869 5678 1040 5736 codex
1076 5678 1213 5751 Big.,
1245 5680 1379 5735 beati
1407 5679 1640 5752 Gregorii
1686 5683 1966 5752 pontiﬁcu,
1995 5687 2275 5755 Anglorum
2299 5688 2493 5743 sciltcet
2518 5689 2681 5757 gemis
2708 5686 2945 5756 apostoli.
