4066 6192
296 335 403 390 145

1654 325 2171 383 PROLECOMENA.

3448 342 3545 399 HG

291 449 655 519 Epistolarum
682 446 747 501 ad
776 446 1016 502 diversos
1043 447 1133 500 lib.
1166 463 1202 501 1.
1235 445 1351 499 Alia
1378 460 1592 515 quoque
1621 444 1873 500 nonnulla
1904 446 1947 500 A
1975 457 2201 497 JODOCUS
2217 457 2403 497 BADIUS
2430 458 2721 509 tscsusws,
2745 461 2794 498 IN
2819 462 3156 503 PR£PATIONB
3184 466 3248 503 an
3274 464 3317 505 s.
3344 468 3550 509 PAULINI

292 541 485 605 edidit,
513 555 635 608 qua:
660 540 726 594 ad
755 540 996 593 notitiam
1036 553 1209 593 meam
1232 555 1338 593 non
1366 548 1641 594 venerunt.
1672 538 1877 593 Claruit

291 632 398 685 sub
440 628 682 685 Honorio
728 638 782 684 et
830 629 1206 684 Valentiniano
1236 629 1566 698 principibus
1593 644 1735 684 anno
1764 628 1873 682 Do-

292 723 429 775 mini
452 720 575 774 430.

403 868 657 907 BAPTISTA
681 866 1019 914 IIANTUANUS,
1053 867 1220 905 POETA
1250 868 1665 919 CARIIELITANL'S,
1698 870 1747 908 IN

894 936 1272 976 APOLOGETICO‘.

369 1033 505 1100 Quid
532 1033 600 1087 de
631 1030 850 1087 Paulino
880 1032 1094 1087 Nolanos
1128 1034 1273 1088 urbis
1302 1036 1584 1105 episcopo,
1615 1035 1875 1107 Hierony-

290 1126 369 1178 mi
397 1133 851 1193 contemporaneo
896 1132 950 1178 et
992 1124 1270 1179 familiari?
1297 1126 1422 1194 quid
1450 1127 1662 1182 dicam?
1691 1127 1878 1184 Nonne

290 1215 654 1286 pulcherrima
677 1230 793 1283 qua:
813 1214 987 1269 adhuc
1010 1225 1241 1281 exstant,
1267 1228 1320 1270 et
1339 1233 1550 1287 semper
1570 1221 1874 1287 exstabunt,

288 1305 513 1361 excudit
538 1306 827 1374 poemata?
854 1303 987 1359 Cum
1017 1305 1188 1359 adhuc
1215 1306 1643 1363 adolescentulus
1670 1324 1841 1365 essem
1858 1350 1874 1374 ,

290 1404 351 1450 et
381 1411 410 1448 a
438 1394 627 1448 studiis
655 1393 1033 1448 ecclesiasticis
1061 1394 1199 1447 illius
1238 1396 1409 1449 aetatis
1438 1412 1588 1451 more
1616 1398 1875 1453 abhorre-

292 1500 432 1550 rem,
465 1484 603 1538 forte
632 1484 685 1537 in
714 1498 776 1545 ea
804 1491 1052 1552 poemata
1082 1484 1270 1549 incidi,
1316 1494 1372 1539 et
1417 1488 1665 1541 carminis
1702 1489 1879 1543 suavi-

293 1581 410 1626 tate
436 1573 733 1627 delectatus
770 1572 1001 1624 animum
1040 1571 1107 1625 ad
1145 1587 1233 1626 res
1261 1573 1465 1628 divinas
1492 1576 1743 1643 paulatim
1781 1592 1878 1646 ap-

292 1663 429 1731 puli,
458 1670 513 1716 et
541 1677 608 1717 ex
643 1661 734 1716 illo
762 1668 1003 1731 tempore
1040 1660 1334 1715 litterarum
1365 1678 1637 1718 sacrarum
1674 1666 1879 1721 studio-

292 1754 412 1808 sior
439 1753 532 1805 fui.

514 1875 800 1915 annmosws
822 1874 943 1923 LEO,
968 1875 1070 1912 un.
1095 1875 1131 1913 ιι
1155 1876 1223 1913 ne
1254 1876 1408 1925 nou,
1434 1876 1551 1915 car.
1580 1863 1665 1916 15.

366 1970 635 2026 Sacellum
663 1984 793 2023 vero
818 1967 927 2021 divi
957 1966 1161 2023 Paulini
1187 1971 1401 2025 ubinam
1430 1973 1519 2037 sit,
1550 1973 1751 2026 clarum
1777 1982 1879 2040 est,

292 2060 442 2113 mdes
467 2059 583 2113 sola
614 2064 695 2112 est
735 2058 937 2124 absqne
982 2058 1137 2112 cella.
1190 2061 1346 2130 119
1372 2058 1551 2115 [heret
1594 2061 1666 2114 illi
1691 2076 1881 2131 magna

294 2150 511 2214 domus,
541 2163 661 2217 qua:
688 2148 843 2203 nobis
870 2150 1049 2219 pueris
1081 2150 1368 2219 hospitium
1396 2150 1763 2205 mendicorum
1793 2167 1883 2206 so-

296 2240 575 2294 lummodo
608 2240 1006 2295 adventantium
1042 2248 1187 2306 erat;
1219 2242 1470 2310 hospitale
1504 2255 1624 2295 eam
1661 2240 1730 2295 ob
1766 2256 1881 2295 rem

296 2330 654 2397 appellatum,
690 2338 745 2383 et
772 2330 838 2383 ab
868 2331 984 2399 ipso
1014 2338 1125 2384 tota
1153 2331 1345 2385 vicinia
1377 2331 1707 2398 cognominis
1742 2330 1880 2386 facta

295 2426 385 2472 est
415 2436 430 2470 :
462 2434 606 2473 nunc
632 2434 762 2474 vero
790 2421 843 2473 iu
875 2420 1178 2475 coenobium
1208 2428 1408 2475 mutata
1430 2428 1530 2486 est,
1562 2421 1615 2474 in
1640 2435 1748 2489 quo
1775 2421 1882 2475 divi

296 2507 584 2576 Augustini
623 2509 928 2563 sacerdotes
970 2510 1285 2564 inhabitant.
1315 2510 1374 2564 ln
1414 2526 1480 2565 eo
1519 2526 1645 2565 vero
1684 2512 1882 2566 sacello

296 2599 592 2666 quotannis
628 2599 943 2653 acrimonia:
990 2608 1151 2668 atque
1187 2601 1434 2655 nundinae
1474 2609 1721 2669 aguntur,
1761 2617 1883 2657 cum

296 2687 533 2756 pompis,
562 2689 902 2756 spectaculis,
934 2697 1095 2757 atque
1122 2691 1378 2758 magistro
1418 2690 1791 2757 nundinarum,
1826 2700 1885 2747 ut

299 2776 525 2831 inferius
551 2778 778 2847 amplius
807 2778 1029 2844 dicetur,
1052 2780 1195 2849 quod
1217 2780 1369 2835 divus
1397 2782 1441 2836 is
1466 2783 1720 2838 servitute
1747 2784 1887 2839 solu-

298 2875 411 2930 tus,
441 2876 602 2935 atque
648 2869 715 2922 ab
755 2866 930 2924 Africa
967 2869 1179 2926 rediens
1218 2869 1436 2934 Nolam,
1470 2887 1649 2927 secum
1697 2888 1887 2927 omnes

298 2959 468 3011 etiam
496 2957 732 3012 Nolanos
765 2960 979 3013 nomine
1005 2957 1122 3028 ejus
1152 2952 1412 3015 liberatos
1441 2962 1762 3026 transvexit,
1793 2962 1887 3030 qui

298 3046 447 3114 capti
488 3048 797 3101 serviebant
839 3049 893 3101 in
921 3047 1118 3103 Africa.
1146 3049 1278 3103 Nam
1312 3065 1432 3104 cum
1463 3051 1573 3106 illic
1610 3051 1884 3119 cujusdam

2655 531 2819 569 OPEBA
2830 554 2844 568 .

2043 603 2273 658 Sanctus
2301 604 2574 671 Paulinus,
2605 608 2695 676 qui
2724 623 2845 662 cum
2884 609 3221 663 ethnicorum
3250 611 3439 667 litteris
3466 629 3551 669 es-

1973 692 2543 760 setjnstructissimus,
2578 696 2654 751 sic
2685 705 2862 750 tamen
2892 697 3090 752 divitiis
3117 714 3243 753 usus
3274 708 3382 762 est,
3415 710 3473 755 ut
3497 704 3551 757 in

1974 783 2089 852 ejus
2116 784 2269 840 labiis
2292 794 2348 840 et
2376 785 2547 856 Pytho
2583 787 2672 842 illa
2710 796 2766 843 et
2792 787 2982 843 Suada:
3017 790 3246 844 medulla
3275 792 3563 847 sessitasse

1973 871 2167 927 merito
2192 874 2579 942 praedicentur;
2610 876 2769 930 docet
2796 877 2937 930 enim
2968 885 3023 930 et
3049 886 3257 944 movet,
3282 877 3554 947 adicitque

1976 962 2271 1029 legentem;
2305 963 2413 1017 imo
2452 979 2559 1032 quo
2589 965 2702 1018 vult
2734 965 2959 1034 impellit
2983 982 3143 1035 supra
3168 968 3454 1022 modum...
3486 967 3555 1023 Ut

1979 1053 2161 1121 paucis
2186 1054 2449 1122 explicem
2467 1056 2632 1109 vitam
2660 1056 2802 1110 beati
2837 1056 3071 1121 Paulini,
3104 1064 3163 1111 ut
3194 1073 3262 1112 ex
3285 1058 3400 1127 ejus
3429 1059 3555 1115 alio-

1979 1159 2202 1213 rumque
2229 1146 2443 1215 scriptis
2470 1160 2761 1216 excerpere
2786 1148 2936 1217 potui
2963 1148 3198 1204 breviter
3223 1164 3553 1205 commemo-

1978 1237 2129 1291 rabo.

2048 1330 2219 1384 Claris
2238 1329 2506 1385 natalibus
2534 1338 2701 1395 ortus,
2733 1338 2789 1385 et
2817 1331 2870 1384 in
2895 1331 3168 1399 splendida
3193 1346 3252 1386 re
3279 1334 3555 1400 educatus,

1978 1421 2222 1488 miroque
2242 1420 2455 1489 ingenio
2484 1421 2751 1490 praeditus,
2777 1422 3089 1477 cultioribus
3117 1422 3308 1477 litteris
3336 1437 3553 1493 operam

1980 1511 2125 1567 dedit
2152 1513 2250 1567 sub
2271 1513 2432 1567 Decio
2461 1512 2698 1568 Ausonio
2727 1512 3106 1581 Burdegalensi
3134 1524 3292 1583 poeta
3314 1515 3553 1569 amoenis-

1980 1600 2137 1661 simo,
2170 1600 2256 1653 cui
2301 1607 2523 1669 propter
2570 1600 2855 1655 amicitiam
2886 1608 2940 1654 et
2983 1602 3302 1655 commercia
3345 1609 3553 1669 patrum

1982 1689 2258 1757 utriusque
2288 1689 2539 1757 singulari
2568 1690 2844 1746 devinctus
2872 1699 2988 1745 erat
3019 1692 3278 1756 amicitia;
3309 1699 3363 1745 et
3386 1705 3554 1759 quan-

1912 1752 1955 1850 ᾗ
1985 1787 2095 1831 tum
2124 1752 2189 1833 ex
2213 1752 2431 1833 Ausonii
2458 1780 2699 1835 versibus
2717 1782 2967 1849 colligere
2996 1781 3170 1848 da‘tur,
3201 1752 3293 1835 aut
3316 1752 3440 1845 una,
3464 1788 3554 1836 aut

1980 1869 2216 1923 vicissim
2246 1884 2483 1925 summos
2508 1870 2691 1924 Romae
2718 1880 2997 1940 gesserunt
3025 1872 3276 1927 honores.
3303 1870 3451 1928 Unde
3490 1873 3555 1927 ila

1981 1958 2067 2013 lud
2096 1958 2318 2013 Ausonii
2342 1958 2408 2012 ad
2431 1957 2709 2013 Paulinum
2737 1960 2891 2028 epist.
2906 1958 2995 2012 25.

2074 2067 2324 2129 Paulinum
2350 2069 2716 2129 Ausoniumque
2734 2070 2878 2125 viros,
2903 2081 3024 2129 quos
3046 2080 3181 2117 sacra
3198 2068 3393 2126 Quirini

2077 2128 2293 2189 Purpura
2317 2134 2371 2178 et
2394 2137 2591 2179 auratus
2608 2128 2789 2178 trabea)
2815 2128 2990 2180 velavit
3014 2131 3231 2178 amictus.

2058 2230 2215 2299 120
2254 2227 2511 2284 Eruditus
2548 2229 2729 2298 itaque
2760 2228 3118 2284 interioribus
3145 2236 3201 2282 et
3245 2228 3555 2285 cultioribus

1981 2323 2173 2377 litteris
2199 2321 2429 2378 fecundo
2460 2338 2558 2378 suo
2602 2323 2817 2391 ingenio
2850 2322 3158 2377 admiranda
3187 2321 3313 2376 fecit
3340 2336 3556 2391 poema-

1980 2418 2078 2483 tia,
2105 2418 2246 2471 inter
2276 2432 2394 2485 quae
2426 2416 2495 2472 de
2521 2416 2821 2473 Caesaribus
2856 2432 2924 2473 ex
2961 2417 3220 2472 Suetonio
3256 2418 3508 2472 nonnulla
3541 2434 3555 2469 :

1982 2508 2344 2577 postmodum,
2388 2509 2682 2577 inspirante
2728 2507 2861 2574 Deo,
2893 2509 2959 2564 ad
3012 2508 3366 2563 Christianam
3396 2509 3557 2577 pieta¢

1986 2606 2093 2653 tem
2122 2598 2336 2668 penitus
2363 2614 2672 2663 conversus,
2716 2600 3001 2656 Ambrosio
3029 2606 3084 2654 et
3113 2599 3406 2668 Augustino
3431 2617 3558 2656 usus

1982 2687 2422 2756 praeceptoribus,
2465 2702 2533 2742 ne
2555 2690 2766 2756 generis
2794 2697 2887 2744 aut
2913 2690 3176 2744 honorum
3203 2689 3486 2758 splendore
3527 2704 3557 2746 a

1985 2775 2283 2831 Christiana
2320 2776 2581 2831 modestia
2618 2785 2965 2843 averteretur,
2999 2777 3349 2832 Barcinonem
3384 2777 3450 2832 ab
3481 2777 3559 2833 eis

1984 2866 2180 2921 missus
2220 2874 2302 2921 est
2340 2884 2352 2918 :
2397 2867 2486 2921 ubi
2531 2875 2586 2922 et
2631 2868 2800 2922 sacris
2840 2868 3076 2922 initiatus
3116 2882 3331 2921 omnem
3376 2867 3560 2925 mundi

1986 2970 2236 3027 pompam
2278 2955 2491 3023 rejecit;
2519 2970 2815 3023 venamque
2860 2954 3110 3008 liuentem
3153 2970 3217 3010 ac
3245 2970 3382 3024 pene
3409 2956 3559 3010 lasci-

1988 3046 2241 3109 vientem,
2272 3058 2486 3113 gravem
2507 3053 2560 3098 et
2586 3044 2831 3101 stabilem
2865 3044 3012 3108 fecit,
3043 3045 3305 3115 anxieque
3340 3059 3557 3099 omnem

300 3137 562 3205 principis
590 3138 751 3191 olitor
778 3139 915 3192 foret
950 3137 1221 3204 Paulinus,
1248 3148 1353 3195 etc.
1380 3140 1714 3196 Redeuntem
1754 3156 1884 3211 ergo
1910 3127 1955 3188 Ο
1986 3135 2237 3204 gentilem
2270 3134 2430 3188 ritum
2456 3134 2642 3188 vitavit
2688 3148 2857 3203 usque
2894 3134 3058 3196 adeo,
3092 3142 3150 3189 ut
3188 3149 3256 3189 ne
3281 3133 3559 3203 Virgilium

300 3232 514 3277 tantum
542 3223 759 3279 Nolana:
785 3226 1012 3281 civitatis
1040 3225 1272 3299 Patrem,
1299 3235 1610 3299 tantumque
1633 3231 1700 3287 de
1721 3230 1883 3285 Nola-

300 3316 389 3368 nis
417 3314 556 3369 bene
581 3324 895 3382 merentem,
921 3317 1068 3371 omni
1093 3332 1287 3389 pompa
1314 3318 1601 3389 laetitiaque
1623 3334 1887 3390 excepere

302 3403 530 3471 Nolani;
554 3414 714 3474 atque
736 3408 926 3461 deinde
953 3407 1201 3463 eumdem
1220 3409 1362 3464 diem
1388 3412 1541 3465 statis
1562 3413 1789 3481 pompis,
1817 3412 1891 3468 le-

303 3497 404 3549 stis
426 3498 851 3567 spectaculisque
886 3501 1127 3554 venerati
1155 3508 1298 3565 sunt,
1323 3510 1483 3571 atque
1510 3518 1677 3571 usque
1698 3503 1764 3557 ad
1789 3519 1889 3558 no-

303 3591 474 3637 stram
498 3593 871 3656 tempestatem
894 3588 1266 3644 venerationes
1292 3599 1417 3644 sunt
1435 3590 1706 3659 factitatae,
1730 3592 1888 3661 idque

304 3689 338 3729 a
362 3692 455 3730 xv:
478 3676 734 3732 kalendas
760 3676 927 3734 Julias
950 3694 1120 3747 usque
1148 3696 1183 3733 x
1211 3680 1446 3735 easdem.

576 3804 781 3845 PETBUS
807 3805 1068 3856 CRINITUS,
1099 3807 1167 3845 DE
1196 3807 1380 3847 POETIS
1405 3807 1629 3848 LATINIS.

629 3900 722 3962 (Ex
742 3902 958 3952 editione
980 3901 1099 3951 Bad.
1124 3901 1278 3950 Paris.
1305 3912 1378 3951 au.
1423 3902 1582 3966 1516.)

379 4004 605 4060 Pontius
650 4004 903 4063 Paulinus
949 4006 1113 4061 nobili
1163 4020 1365 4075 genere
1406 4015 1562 4062 natus
1608 4007 1749 4063 inter
1794 4023 1891 4065 eos

304 4105 503 4167 poetas
531 4098 760 4151 refertur
785 4097 875 4165 qui
901 4099 998 4152 sub
1026 4086 1249 4167 imperio
1275 4098 1411 4154 Caes.
1437 4100 1676 4153 Gratiani
1697 4098 1890 4155 ﬂorue-

305 4195 460 4249 runt,
491 4196 549 4240 ut
568 4184 815 4254 Faustus,
839 4180 1118 4243 Tetradius
1146 4196 1201 4242 et
1227 4188 1505 4244 Ausonius.
1536 4186 1893 4258 Burdegalen—

304 4278 381 4332 sis
414 4276 540 4341 fuit,
573 4293 637 4331 ac
667 4277 720 4331 in
756 4278 967 4346 poetica
994 4277 1245 4332 facultate
1273 4293 1593 4348 magnopere
1620 4279 1890 4334 excelluit.

303 4368 541 4433 Quidam
568 4376 822 4437 putarunt
852 4365 1013 4423 fuisse
1042 4378 1292 4438 nepotem
1321 4369 1572 4435 Ausonii,
1602 4370 1743 4438 quod
1770 4385 1891 4424 eum

1987 3223 2204 3292 quidem
2247 3222 2581 3293 postmodum
2616 3224 2892 3279 nominare
2936 3222 3094 3278 fuerit
3126 3238 3319 3287 ausus,
3367 3237 3561 3293 magno

1988 3312 2328 3380 documento,
2357 3313 2519 3368 alium
2547 3314 2738 3384 stylum
2770 3312 2961 3367 decere
2987 3313 3153 3368 sacris
3181 3313 3449 3368 initiatum
3474 3314 3559 3367 vi-

1989 3418 2136 3469 rum,
2172 3404 2333 3458 alium
2361 3403 2652 3473 prOphanis
2689 3402 2861 3457 adhuc
2888 3402 3156 3467 deditum;
3188 3402 3329 3457 unde
3366 3403 3479 3472 ipse
3506 3402 3560 3456 in

1988 3493 2251 3563 principio
2273 3493 2510 3562 epistolae
2531 3492 2852 3561 responsiva:
2878 3491 2944 3545 ad
2971 3491 3261 3546 Ausonium
3299 3506 3330 3546 ηε

2173 3604 2295 3663 Quid
2321 3604 2564 3652 abdicatas
2586 3603 2634 3650 in
2659 3614 2813 3650 meam
2837 3613 3002 3663 curam
3024 3608 3165 3663 pater

2234 3664 2417 3712 Redire
2446 3665 2603 3711 Musas
2637 3662 2889 3723 praecipis?

2177 3725 2372 3784 Negant
2390 3719 2650 3784 Cammnis,
2672 3734 2765 3771 nec
2781 3719 2952 3782 patent
2968 3719 3177 3779 Apollini

2234 3783 2404 3834 Dicata
2426 3783 2617 3833 Christo
2636 3790 2849 3844 pectora.

2062 3892 2120 3945 ln
2157 3889 2394 3946 carmine
2423 3897 2601 3942 tamen
2629 3902 2750 3941 eam
2788 3884 3007 3939 retinuit
3042 3882 3286 3954 gratiam,
3316 3892 3374 3938 ut
3413 3882 3563 3939 facile

1993 3984 2047 4037 in
2070 3996 2135 4036 eo
2160 3988 2215 4035 et
2242 3979 2456 4035 divitem
2476 3978 2688 4034 veniam
2713 3984 2768 4032 et
2786 3975 3006 4031 multam
3027 3974 3378 4030 eruditionem
3401 3989 3563 4044 agno-

1992 4088 2131 4131 SCRS.

1996 4197 2249 4237 HENRICUS
2276 4195 2493 4236 GBAVIUS
2521 4197 2570 4234 1N
2601 4194 2943 4234 PREFA'I‘IONE
2971 4195 3038 4233 Δῐ)
3066 4196 3110 4233 S.
3145 4193 3347 4232 PAULINI
3376 4192 3564 4232 OPERA.

2426 4271 2515 4331 (Ex
2538 4272 2751 4320 editione
2789 4270 2955 4318 Colon.
2980 4270 3140 4331 l560.)

2070 4381 2263 4435 Beatus
2288 4378 2563 4442 Paulinus,
2605 4385 2665 4430 ut
2691 4383 2803 4430 erat
2830 4376 2988 4441 longe
3027 4373 3362 4427 doctissimus
3388 4386 3450 4425 ac
3479 4386 3571 4425 ve-

302 4466 465 4524 grata
497 4473 561 4511 ac
589 4458 847 4512 benevola
874 4457 1103 4527 quadam
1140 4458 1498 4526 appellatione
1528 4458 1689 4512 lilium
1717 4460 1893 4513 nomi-
1922 4460 1975 4520 D
1998 4472 2364 4534 "missimus,
2395 4470 2467 4522 ita
2497 4467 2785 4521 ωυιιοι-ιιηι
2811 4464 3019 4518 inscitia
3047 4478 3111 4518 ac
3141 4462 3443 4516 temeritate
3470 4460 3573 4513 mi-

304 4557 440 4610 net;
467 4547 562 4600 sed
601 4547 704 4601 hoc
732 4562 839 4601 non
868 4548 995 4602 satis
1023 4555 1233 4602 constat
1261 4547 1314 4601 in
1344 4556 1451 4601 tam
1476 4548 1620 4601 varia
1664 4556 1719 4603 et
1750 4549 1894 4603 anci-

304 4633 409 4704 piti
443 4650 623 4689 rerum
653 4636 995 4691 obscuritate.
1026 4635 1170 4690 Inter
1202 4636 1303 4690 alia
1332 4652 1493 4706 opera
1532 4637 1788 4706 scriptum
1816 4646 1899 4694 est

302 4741 335 4779 a
369 4724 605 4779 Paulino
634 4740 827 4794 poema
861 4725 1188 4779 hexametris
1222 4726 1463 4781 versibus
1489 4724 1555 4779 de
1591 4726 1802 4794 regibus
1831 4742 1899 4781 ex

302 4817 579 4871 Suetonio
608 4816 915 4884 Tranquillo
951 4816 1218 4882 collectis,
1252 4817 1304 4870 in
1330 4832 1436 4886 quo
1465 4815 1753 4870 maximam
1783 4817 1899 4871 lau-

303 4908 438 4961 dem
479 4907 709 4975 adeptus
736 4914 846 4971 est,
878 4914 939 4960 ut
966 4907 1032 4960 ab
1060 4906 1298 4960 Ausonio
1326 4905 1553 4960 refertur
1578 4907 1658 4959 his
1680 4907 1858 4961 verbis
1881 4922 1895 4960 :

305 4999 541 5069 Coegisti
562 5002 617 5051 in
637 4999 887 5069 epitomen
908 5006 1010 5052 tres
1039 4998 1195 5051 libros
1218 4997 1449 5052 Suetonii
1472 4998 1535 5050 de
1562 4996 1765 5068 regibus
1786 5006 1903 5051 tan-

307 5102 363 5142 ta
386 5091 673 5158 elegantia,
704 5089 843 5143 solus
884 5100 939 5142 ut
970 5088 1173 5142 videare
1211 5097 1507 5142 consecutus
1545 5088 1679 5158 quod
1723 5096 1901 5141 contra

308 5196 492 5232 rerum
520 5189 765 5231 naturam
791 5188 884 5243 est,
917 5178 1134 5232 brevitas
1162 5188 1217 5231 ut
1244 5178 1459 5232 obscura
1485 5194 1587 5231 non
1622 5185 1772 5231 esset.
1804 5176 1905 5231 Le-

309 5277 519 5335 guntur
538 5268 715 5323 adhuc
736 5270 979 5337 quaedam
1008 5269 1171 5338 ipsius
1199 5266 1406 5322 Paulini
1434 5268 1693 5335 carmina,
1722 5268 1774 5321 in
1795 5267 1905 5336 qui-

307 5362 416 5413 bus
440 5357 666 5413 mirifica
689 5360 919 5415 eruditio
935 5369 990 5415 et
1016 5360 1343 5415 incredibilis
1371 5359 1635 5426 elegantia
1664 5365 1903 5427 apparet.

310 5449 468 5502 idem
500 5447 755 5504 Paulinus
776 5451 1047 5518 praeclaris
1076 5460 1238 5519 atque
1266 5448 1655 5503 honestissimis
1683 5448 1908 5515 dignita-

310 5540 469 5595 tibus
494 5542 805 5610 perfunctus
844 5552 947 5610 est,
978 5551 1032 5599 et
1077 5544 1216 5599 inter
1260 5541 1531 5613 principes
1575 5541 1713 5597 viros
1750 5548 1910 5612 atque

314 5629 690 5687 nobilissimos
712 5630 940 5687 habitus.

1997 4576 2115 4614 rum
2138 4560 2190 4613 in
2221 4558 2435 4612 modum
2460 4555 2779 4624 depravatus
2819 4553 2963 4606 exiit.
3015 4551 3187 4618 Atque
3227 4550 3278 4603 id
3308 4548 3571 4618 profecto,

2000 4665 2119 4703 cum
2146 4648 2417 4715 indignum
2444 4645 2513 4700 sit
2542 4644 2594 4696 in
2624 4642 2868 4696 omnibus
2892 4639 3130 4701 eruditis,
3156 4647 3263 4691 tum
3291 4638 3447 4704 longe
3487 4638 3571 4691 in-

2000 4737 2363 4807 dignissimum
2386 4741 2501 4789 erat
2526 4734 2579 4787 in
2604 4731 2845 4792 Paulino,
2887 4731 2976 4799 qui
3003 4729 3089 4783 vel
3119 4743 3251 4782 unus
3272 4727 3577 4781 merebatur

2002 4836 2060 4882 ut
2088 4826 2572 4896 incorruptissimus
2599 4830 2898 4877 servaretur
2917 4822 2986 4876 ob
3011 4818 3271 4875 sermonis
3290 4818 3576 4887 puritatem

2003 4920 2241 4986 aliasque
2274 4916 2427 4970 dotes
2452 4911 2695 4968 eximias.
2726 4910 2862 4975 Quid
2908 4909 3049 4963 enim
3095 4924 3161 4963 eo
3208 4906 3424 4977 purius?
3452 4904 3580 4973 quid

2004 5006 2410 5077 nitidius?:quid
2438 5005 2671 5074 gravius,
2704 5001 3097 5056 autardentius
3111 5002 3137 5053 ?‘
3158 4998 3214 5053 Si
3242 4999 3363 5051 vitm
3407 4997 3579 5066 pieta-

2005 5110 2112 5156 tem
2135 5106 2365 5169 spectes,
2397 5096 2516 5166 quis
2543 5094 2810 5149 Christum
2837 5092 3003 5161 spirat
3032 5090 3291 5143 vividius?
3311 5088 3430 5157 quis
3458 5101 3582 5141 eum

2007 5192 2116 5244 vita
2129 5188 2295 5256 magis
2308 5184 2594 5255 expressit?
2606 5182 2878 5250 Siquidem
2890 5180 3197 5249 prmclarum
3212 5178 3493 5232 admodum
3508 5176 3558 5231 id
3568 5218 3584 5245 ,

2009 5268 2157 5349 quod
2179 5278 2245 5332 de
2273 5292 2339 5331 eo
2366 5275 2532 5329 refert
2548 5272 2744 5327 Paulus
2762 5271 3111 5340 Aquileiensis
3146 5270 3402 5324 diaconus
3434 5286 3445 5321 :
3470 5267 3585 5321 Hoc

2014 5375 2257 5436 tempore,
2272 5362 2442 5431 inquit
2455 5360 2591 5428 (Lib.
2609 5378 2663 5415 tu
2676 5359 2839 5425 Dial.,
2858 5375 2902 5411 c.
2920 5359 2992 5429 l),
3007 5376 3103 5427 quo
3133 5358 3322 5411 scilicet
3342 5356 3586 5410 Wandali

2017 5473 2129 5509 cum
2142 5454 2341 5507 Mauris
2362 5460 2509 5519 capta
2528 5451 2693 5506 Roma
2718 5459 2875 5504 totum
2886 5447 3183 5518 Campania:
3204 5455 3414 5499 trartum
3429 5462 3588 5512 popu-

2019 5546 2160 5599 laren
2169 5552 2271 5610 tur,
2288 5540 2337 5595 Ν
2343 5542 2575 5611 alantque
2591 5541 2774 5594 misera
2787 5539 2937 5592 ruina
2948 5532 3480 5599 diruerent,Paulirms
3492 5534 3589 5599 ρρί.

2021 5648 2198 5700 scapus
2226 5629 2815 5695 Nolana'Ecclesia’,vit'
2841 5626 3189 5681 sanctissimus
3212 5621 3439 5685 et,sicuti
3465 5624 3587 5676 ετύι
