4066 6192
503 345 605 400 M7

1524 344 1579 400 S.
1618 341 1958 398 PAULINUS
1996 337 2315 398 NOLANUS
2352 344 2744 402 EPISCOPUS.

3672 361 3762 417 “3

470 490 484 504 ι
502 464 576 519 bit
596 461 891 533 Gregorius,
913 462 1373 529 eloquentissimus,
1402 460 1769 529 prophanaque
1795 458 2080 512 eruditione
2105 457 2158 514 Δ
2184 456 2563 515 habuitclaros
2589 463 2854 530 homines,
2886 480 3106 520 uxorein
3137 465 3449 524 Therasiam
3486 472 3640 527 valde
3668 492 3763 529 no-

499 554 754 621 imprimis
801 551 1000 616 doctus,
1031 567 1123 603 nec
1167 550 1451 620 prophetici
1485 551 1695 618 spiritus
1734 564 1949 617 expers,
1970 564 2085 599 cum

500 638 813 693 redimendis
842 636 1146 689 Christianis
1176 635 1386 703 captivis
1408 651 1614 688 censum
1634 650 1834 687 omnem
1855 649 2085 686 consum-

501 730 671 795 sisset,
699 728 983 797 videretque
1019 727 1225 779 viduam
1251 726 1504 795 captivum
1542 726 1709 794 filium
1747 724 1971 793 efﬂictim
1998 724 2081 777 lu-

501 826 704 889 gentem
748 826 797 870 et
842 816 1225 884 lamentantem,
1257 824 1455 885 tamque
1481 804 1781 869 immodicas
1827 814 2082 884 lacrymas

500 910 683 981 pietati
710 909 988 973 admixtos,
1007 908 1167 962 multo
1196 910 1364 977 magis
1388 909 1501 976 pius
1525 909 1633 976 ipse
1658 909 1792 977 ferre
1829 923 1930 960 non
1970 922 2085 975 pos-

500 1009 597 1067 set,
619 1017 734 1053 cum
760 1001 913 1054 vidua
941 1001 995 1052 in
1022 1000 1279 1069 Africam,
1297 998 1381 1052 ubi
1406 999 1632 1066 captivus
1651 1006 1761 1051 erat
1785 997 1949 1066 (ilius,
1973 1005 2082 1049 tra-

501 1094 637 1166 jecit,
663 1090 731 1145 ibi
759 1090 981 1145 vicarius
1000 1091 1139 1161 filius
1162 1090 1440 1144 redemtum
1461 1089 1627 1158 ﬁlium
1653 1088 1807 1141 matri
1835 1087 2077 1140 reddidit.

476 1183 756 1237 ,Paulinus
783 1198 920 1247 vero,
953 1198 1067 1235 cum
1094 1182 1204 1250 ejus
1241 1180 1492 1234 sanctitas
1520 1179 1671 1232 etiam
1702 1177 2081 1232 barbarissimis

502 1283 632 1327 esset
657 1273 948 1325 hominibus
977 1271 1297 1335 venerabilis,
1319 1272 1498 1341 jussus
1523 1280 1598 1323 est
1635 1270 1689 1322 in
1718 1270 1939 1337 patriam
1967 1285 2082 1321 cum

502 1367 609 1418 suis
641 1363 873 1417 omnibus
908 1362 1095 1416 civibus
1123 1363 1257 1415 dono
1286 1362 1505 1429 acceptis
1537 1360 1721 1412 redire.
1751 1359 1881 1412 Illud
1917 1359 2081 1412 etiam

502 1455 713 1510 silentio
767 1454 985 1509 minime
1039 1451 1465 1522 praetereundum
1516 1460 1625 1516 est;
1674 1450 1818 1518 quod
1866 1449 2081 1519 quidam

503 1547 645 1601 hunc
665 1546 924 1601 Nolanum
954 1547 1263 1614 episcopum
1284 1544 1445 1597 alium
1468 1559 1499 1597 a
1519 1542 1712 1597 Pontio
1734 1541 1958 1596 Paulino
1983 1557 2081 1596 au-

503 1642 713 1687 tumant
738 1635 854 1689 viro
883 1632 1159 1699 Prmtorio,
1183 1634 1273 1701 qui
1304 1642 1411 1687 tres
1432 1633 1597 1687 libros
1626 1631 1868 1686 Suetonii
1896 1631 1963 1685 de
1987 1631 2087 1686 Re-

502 1726 657 1793 gibus
696 1733 844 1779 tanta
887 1726 1150 1793 elegantia
1181 1726 1233 1779 in
1274 1726 1543 1795 epitomen
1580 1725 1813 1792 redegit,
1843 1732 1901 1778 ut
1949 1732 2084 1779 teste

2186 548 2367 608 bilem,
2400 552 2602 608 amicos
2637 562 2694 607 et
2737 557 3066 625 propinquos
3117 559 3289 613 bonos
3337 577 3401 616 ac
3441 578 3682 632 magnos.
3709 568 3764 621 In

2186 640 2575 701 Tarraconensi
2598 648 2875 714 provincia
2902 648 3172 718 Hispania:
3201 667 3231 706 a
3262 653 3484 724 Lampio
3512 658 3769 728 episcopo

2184 732 2568 791 Barcinonensi
2595 753 2778 794 sacros
2804 741 3019 795 ordines
3064 745 3291 812 accepit.
3330 745 3485 801 Initio
3528 752 3768 806 muneris

2182 821 2263 874 sui
2290 831 2637 889 aegrotantem
2666 827 2903 897 episcopi
2927 827 3235 899 Campanizn
3268 832 3379 889 fere
3420 851 3638 902 omnes,
3670 840 3766 893 sed

2183 919 2239 966 et
2266 914 2509 968 nonnulli
2538 929 2604 969 ex
2635 916 2841 981 Africa,
2892 933 3017 972 eum
3067 919 3364 977 inviseruut
3411 926 3765 983 observantia:

2183 1017 2363 1056 causa.
2419 1003 2568 1059 Nola:
2624 1008 2906 1077 presbyter
2957 1008 3058 1063 fuit
3115 1011 3341 1067 duorum
3388 1016 3765 1086 episc0porum

2184 1094 2402 1150 Maximi
2422 1105 2477 1150 et
2505 1096 2707 1164 Quinti,
2739 1100 2933 1168 quibus
2964 1101 3177 1156 tandem
3204 1119 3469 1159 consensu
3500 1108 3639 1163 illius
3666 1108 3767 1164 Ec-

2182 1184 2359 1239 clesia:
2406 1194 2463 1241 et
2491 1203 2819 1244 summorum
2858 1192 3131 1246 hominum
3179 1196 3452 1250 successit.
3504 1196 3769 1252 Nolanam

2183 1283 2238 1329 et
2264 1276 2575 1332 Fundanam
2602 1281 2850 1337 basilicas
2875 1284 3159 1349 exstruxit,
3194 1300 3391 1355 easque
3416 1303 3522 1342 non
3546 1298 3654 1343 tam
3678 1306 3768 1343 or-

2184 1370 2329 1421 navit
2356 1372 2656 1437 structuris,
2689 1388 2848 1441 quam
2877 1374 3090 1442 ingenio
3123 1393 3135 1428 :
3160 1392 3283 1429 nam
3310 1377 3486 1432 varias
3513 1378 3643 1435 locis
3664 1380 3769 1434 sin~

2183 1459 2321 1525 gulis
2349 1460 2727 1530 inscriptiones
2744 1448 2967 1518 addidit.
3000 1464 3118 1535 Ipse
3180 1466 3555 1522 domunculam
3586 1470 3771 1523 humi-

2184 1550 2287 1603 lem
2318 1551 2554 1618 possedit
2572 1551 2726 1620 juxta
2766 1554 2869 1607 divi
2915 1554 3105 1610 Felicis
3125 1557 3403 1625 templum,
3437 1559 3489 1611 in
3533 1573 3638 1626 qua
3669 1560 3768 1613 fuit

2186 1638 2452 1694 elevatum
2481 1657 2905 1712 suspensumque
2939 1659 2969 1698 a
2998 1652 3138 1699 terra
3170 1648 3521 1713 cmnaculum,
3555 1657 3608 1702 et
3642 1664 3766 1718 pro-

2184 1729 2383 1799 pinqua
2412 1732 2672 1799 porticus,
2706 1748 2874 1802 prope
2920 1749 3078 1803 quam
3108 1734 3315 1788 cellula:
3346 1736 3642 1804 hospitibus
3672 1737 3767 1791 de-

504 1816 759 1879 AusoniO.
784 1815 922 1869 solus
942 1815 1173 1868 videatur
1193 1823 1453 1867 assecutus
1480 1814 1615 1884 quod
1643 1824 1821 1867 contra
1842 1823 2082 1867 naturam
2112 1806 2159 1865 B
2185 1820 2394 1876 stinatae
2414 1832 2583 1875 erant.
2604 1822 2719 1876 Non
2735 1831 2912 1877 autem
2940 1839 2999 1878 se
3027 1824 3291 1892 saginavit
3312 1826 3513 1894 Optima
3536 1827 3769 1894 siligine,

502 1914 578 1960 est
616 1906 831 1959 brevitas
870 1914 925 1957 ut
955 1904 1167 1958 obscura
1214 1921 1316 1958 non
1358 1914 1517 1968 esset;
1547 1904 1772 1971 seducti,
1805 1904 1857 1958 ni
1906 1903 2081 1973 fallor,

502 1996 647 2066 quod
674 1997 760 2050 hic
788 2003 972 2050 noster
1000 1994 1251 2051 Paulinus
1279 1996 1345 2049 ab
1373 1997 1478 2050 alio
1522 1997 1644 2050 vitae
1671 1996 2001 2065 professione
2029 2007 2085 2051 et

502 2087 767 2143 scribendi
813 2088 954 2158 stylo
997 2089 1379 2156 aliquantulum
1428 2089 1712 2144 distulerit.
1751 2090 1945 2142 Verum
1983 2090 2081 2143 hos

471 2233 484 2243 ,
503 2187 566 2249 τῇ
594 2180 737 2247 πάσῃ
765 2176 863 2245 ὁδῷ
893 2180 1334 2247 ἁφαμαρτάνεσοαι
1358 2176 1510 2243 juxta
1532 2177 1871 2246 proverbium
1904 2178 2085 2245 paucis

505 2266 806 2335 explicabo.
839 2264 1011 2319 Claris
1039 2266 1301 2332 siquidem
1330 2265 1580 2320 Paulinus
1605 2274 1755 2320 ortus
1798 2265 2081 2329 natalibus,

504 2365 560 2411 et
581 2355 857 2426 splendida
886 2356 939 2409 in
974 2371 1032 2409 re
1067 2357 1341 2421 educatus,
1378 2357 1622 2425 miroque
1652 2356 1864 2424 ingenio
1888 2356 2084 2425 praedi-

505 2457 594 2502 tus
620 2447 932 2502 cultioribus
960 2447 1151 2501 litteris
1186 2461 1406 2515 operam
1440 2446 1585 2501 dedit
1620 2451 1769 2517 121
1801 2447 1899 2501 sub
1925 2448 2084 2501 Decio

508 2536 746 2590 Ausonio
796 2535 1173 2603 Burdegalensi
1212 2545 1370 2605 poeta
1417 2538 1796 2601 ammnissimo,
1851 2552 2085 2606 quocum

505 2637 597 2682 aut
617 2644 739 2693 una,
770 2635 861 2681 aut
890 2628 1139 2691 vicissim,
1170 2643 1404 2684 summos
1429 2628 1664 2682 honores
1693 2628 1876 2682 Romm
1900 2629 2084 2699 gessit,

504 2728 565 2772 ut
591 2719 757 2786 liquet
779 2733 845 2772 ex
876 2718 959 2772 his
980 2717 1047 2772 ad
1068 2718 1317 2772 eumdem
1345 2718 1565 2772 Ausonii
1599 2719 1838 2773 versibus
1863 2736 1876 2770 :

599 2832 893 2889 Quamquam
914 2838 961 2879 et
988 2810 1241 2879 Fastoruom
1262 2830 1403 2879 titulo
1429 2834 1577 2891 prior,
1597 2839 1647 2879 et
1667 2840 1747 2880 tua
1767 2831 1930 2880 Romae

658 2892 916 2943 Prmessit
939 2902 1153 2942 nostrum
1176 2892 1299 2941 sella
1321 2892 1520 2942 curullis
1539 2894 1679 2942 ebur.

501 2971 645 3028 Idem
674 2990 687 3027 :

594 3062 848 3125 Paulinum
876 3063 1240 3123 Ausoniumque
1263 3064 1409 3121 viros,
1433 3077 1556 3125 quos
1577 3076 1712 3113 sacra
1735 3067 1923 3123 Quirini

593 3123 810 3185 Purpura
831 3131 883 3173 et
907 3134 1103 3172 auratus
1126 3127 1309 3174 trabem
1329 3123 1506 3175 velavit
1527 3127 1745 3175 amictus.

570 3226 767 3281 Factus
787 3236 967 3281 autem
994 3228 1289 3296 inspirante
1313 3228 1423 3282 Deo
1453 3227 1817 3295 Christianus,
1853 3229 2082 3286 Ambro-

499 3320 582 3374 sio
610 3326 665 3372 et
692 3319 987 3386 Augustino
1016 3333 1142 3372 usus
1170 3326 1251 3373 est
1279 3320 1717 3388 praeceptoribus,
1743 3335 1773 3373 a
1794 3320 1987 3388 quibus
2013 3336 2082 3375 ne

498 3406 710 3474 generis
737 3414 827 3459 aut
868 3406 1087 3459 honoris
1113 3406 1397 3475 Splendore
1418 3422 1449 3460 a
1477 3407 1778 3462 Christiana
1818 3409 2081 3464 modestia

498 3504 866 3562 averteretur,
915 3496 1108 3553 missus
1132 3496 1488 3552 Barcinonem
1515 3498 1683 3553 sacris
1708 3508 1792 3553 est
1820 3500 2077 3556 initiatus.

498 3585 777 3640 Proditum
798 3593 882 3640 est
907 3584 1053 3639 illum
1076 3593 1199 3656 post
1226 3590 1634 3644 conversionem
1655 3606 1866 3645 omnem
1896 3594 2080 3647 mundi

495 3691 748 3746 pompam
784 3675 1053 3744 rejecisse,
1083 3692 1382 3746 venamque
1410 3678 1665 3734 ﬂuentem
1694 3696 1759 3735 ac
1787 3697 1921 3750 pene
1969 3683 2077 3737 Ias-

495 3766 779 3821 civientem
806 3780 1022 3835 gravem
1046 3776 1101 3822 et
1126 3767 1372 3822 stabilem
1398 3767 1586 3825 fecisse
1613 3787 1625 3822 :
1649 3771 1873 3838 gentiles
1892 3780 2078 3841 poetas

494 3871 601 3911 non
627 3857 789 3911 modo
829 3873 934 3912 non
986 3858 1194 3927 legisse,
1221 3860 1313 3914 sed
1339 3874 1407 3914 ne
1434 3861 1711 3915 nominare
1740 3861 1955 3930 quidem
1995 3876 2078 3917 so-

493 3948 666 4001 litum.
735 3946 885 4003 Unde
957 3948 1023 4003 de
1099 3951 1276 4019 seipso
1349 3950 1415 4003 ad
1484 3951 1729 4007 eumdem
1781 3953 2074 4008 Ausonium

496 4044 641 4097 canit
675 4061 686 4096 :

674 4153 798 4216 Quid
817 4153 1061 4216 abdicatus
1077 4154 1126 4201 ln
1147 4165 1303 4201 meam
1326 4166 1489 4201 curam
1507 4163 1646 4216 pater

740 4213 918 4274 Redire
944 4214 1105 4260 Musas
1137 4215 1399 4274 praecipis?

673 4272 868 4339 Negant
893 4272 1147 4339 Cadmus,
1166 4287 1259 4321 nec
1278 4272 1446 4334 patent
1466 4277 1674 4339 Apollini

736 4334 901 4382 Dicata
936 4333 1125 4383 Christo
1148 4333 1364 4395 pectora.

560 4435 714 4489 Hunc
740 4449 870 4490 sane
899 4436 1068 4489 virum
1099 4452 1218 4490 cum
1249 4436 1441 4491 eruditi
1468 4439 1665 4507 quique
1694 4441 1874 4495 multis
1902 4443 1953 4495 in
1985 4443 2065 4496 lo-

2102 3146 2149 3207 C

2183 1920 2275 1965 aut
2325 1913 2552 1980 panibus
2600 1911 2922 1977 Picentibus,
2956 1922 3015 1967 ut
3061 1914 3188 1969 olim
3228 1913 3411 1969 Romae
3457 1916 3766 1970 sacerdotes

2182 2001 2359 2056 Vesta:
2391 2020 2403 2055 :
2438 2004 2919 2074 nequesartagines
2937 2013 3029 2058 aut
3074 2005 3363 2074 phasianos
3412 2006 3511 2060 sibi
3557 2008 3766 2061 curavit

2183 2093 2401 2162 apponi,
2431 2102 2490 2147 ut
2513 2095 2709 2149 ibidem
2739 2094 3044 2149 sacerdotes
3071 2094 3297 2166 Cybeles
3324 2115 3336 2149 :
3379 2097 3473 2151 sed
3503 2098 3765 2157 moderati

2183 2186 2349 2239 seculi
2404 2188 2644 2241 moribus
2675 2188 2802 2241 vixit
2850 2203 3012 2257 parce
3062 2197 3117 2243 et
3169 2191 3432 2253 tenuiter,
3466 2206 3593 2245 usus
3621 2192 3767 2249 victu

2184 2290 2421 2343 paupere
2456 2283 2509 2329 et
2537 2276 2794 2345 parabili,
2828 2293 3022 2346 nempe
3049 2279 3283 2347 pultibus
3313 2296 3420 2333 non
3466 2295 3497 2334 e
3533 2281 3764 2348 siligine,

2184 2366 2278 2419 sed
2321 2382 2352 2420 c
2382 2366 2550 2421 lariua
2596 2375 2650 2420 et
2678 2368 2825 2422 milio
2854 2369 3023 2422 coctis
3060 2369 3110 2421 in
3139 2370 3260 2424 oleo
3289 2370 3500 2425 modico
3545 2380 3599 2425 et
3626 2386 3767 2440 aqua

2184 2458 2401 2525 copiosa
2436 2475 2449 2510 :
2504 2457 2680 2513 fabam
2723 2459 2852 2513 item
2880 2461 3086 2514 intrivit
3132 2462 3387 2531 panicio:
3434 2463 3576 2517 unde
3623 2464 3764 2520 idem

2184 2547 2541 2603 Marracinum
2568 2552 2889 2606 monachum
2916 2553 3198 2622 epulouem
3221 2553 3536 2609 detestatur.
3558 2554 3765 2609 Calices

2185 2639 2400 2694 fuerunt
2426 2642 2533 2695 rari
2557 2650 2612 2696 et
2636 2643 2845 2707 minuti,
2868 2658 3003 2712 quos
3028 2644 3339 2713 poculorum
3362 2646 3623 2701 stillicidia
3652 2648 3766 2716 ipse

2186 2732 2468 2786 nominat:
2511 2733 2662 2802 cujus
2689 2733 3007 2801 frugalitatis
3050 2743 3214 2789 testes
3261 2736 3476 2791 adducit
3527 2738 3766 2806 hospites

2184 2838 2313 2877 suos
2340 2823 2367 2861 δ
2392 2826 2701 2881 sacerdotes
2722 2826 2958 2896 optimos
2982 2826 3255 2881 Victorem
3286 2836 3340 2883 et
3366 2826 3763 2883 Cardamatem.

2184 2912 2329 2967 Inter
2367 2931 2589 2970 munera
2620 2932 2738 2985 qum
2767 2916 2986 2984 collegis
3029 2918 3297 2987 episcopis
3331 2923 3483 2990 122
3524 2921 3765 2975 externis

2183 3005 2348 3071 misit,
2382 3005 2595 3060 fuerunt
2637 3006 2811 3074 lignea
2842 3016 2933 3060 aut
2964 3007 3140 3061 fictilia
3169 3009 3378 3077 pocula,
3410 3018 3465 3063 et
3501 3010 3766 3078 imprimis

2182 3093 2337 3161 panis
2367 3092 2622 3157 Nolanus,
2653 3096 2767 3165 qui,
2798 3105 2857 3150 ut
2878 3098 3065 3151 scribit
3083 3097 3191 3153 Leo
3221 3097 3552 3161 Ambrosius,
3582 3099 3762 3152 lauda-

2187 3183 2420 3237 tissimus
2442 3182 2557 3248 fuit,
2589 3193 2644 3238 et
2683 3187 2864 3254 pulpa,
2891 3188 3147 3256 candore,
3177 3204 3388 3259 sapore,
3419 3190 3639 3243 lenitate
3668 3206 3763 3243 an-

2184 3274 2461 3331 tecellens.
2496 3273 2676 3330 Poscit
2703 3278 2935 3346 quodam
2984 3280 3035 3333 in
3084 3281 3203 3336 loco
3238 3283 3421 3335 viuum
3448 3292 3601 3337 vetus
3628 3281 3759 3336 Nar-

2183 3364 2421 3420 bonense
2467 3382 2497 3419 a
2536 3366 2775 3436 Sulpicio
2821 3384 2936 3434 suo,
2988 3370 3268 3425 sacerdote
3322 3371 3761 3440 Primuliacensi,

2182 3458 2326 3526 quod
2354 3474 2462 3513 non
2489 3459 2699 3514 cullulis
2722 3460 2915 3528 hausit,
2938 3468 3029 3515 aut
3049 3462 3442 3531 elephantibus,
3467 3463 3608 3517 notis
3628 3463 3760 3519 olim

2182 3549 2519 3603 sacerdotum
2564 3552 2791 3620 poculis,
2833 3552 2927 3606 sed
2972 3554 3235 3617 caliculis,
3266 3564 3357 3607 aut
3385 3564 3613 3616 cratere,
3664 3562 3758 3609 aut

2179 3646 2353 3706 gutto.
2380 3639 2620 3709 Corpore
2645 3656 2751 3695 non
2780 3642 2954 3697 v'alido
2976 3642 3102 3707 fuit,
3134 3650 3188 3697 et
3207 3643 3511 3698 valetudine
3533 3644 3756 3697 adversa

2178 3743 2320 3797 saepe
2348 3729 2641 3795 laboravit;
2674 3746 2772 3785 nec
2798 3731 2970 3785 solum
2999 3731 3164 3795 domi,
3209 3732 3302 3787 sed
3323 3733 3480 3787 etiam
3508 3733 3562 3786 iu
3604 3747 3757 3801 pere-

2178 3819 2583 3885 grinationibus.
2600 3820 2658 3874 In
2678 3822 2891 3890 scriptis
2912 3823 3023 3879 suis
3049 3823 3393 3891 reprehendit
3407 3823 3755 3892 philosophos

2177 3908 2272 3963 fati
2301 3918 2355 3964 et
2384 3910 2610 3965 fortuna:
2637 3911 2963 3976 defensores,
2988 3922 3047 3967 ut
3073 3914 3127 3971 in
3156 3914 3381 3982 epistola
3410 3915 3478 3969 ad
3505 3913 3746 3969 Jovium:

2178 4003 2304 4055 item
2332 4003 2625 4057 monachos
2651 4005 2816 4072 vagos
2834 4044 2851 4068 ,
2900 4004 2992 4073 qui
3038 4019 3145 4059 non
3174 4006 3349 4059 minus
3374 4005 3567 4059 rubent
3594 4006 3751 4058 armi-

2176 4093 2344 4158 lausa,
2371 4100 2427 4145 ut
2453 4093 2568 4161 ipse
2606 4102 2784 4161 vocat,
2812 4105 2961 4148 veste
2990 4110 3105 4160 sua,
3135 4110 3298 4163 quam
3330 4095 3463 4151 facie
3490 4096 3657 4157 ebria,
3690 4106 3752 4151 ut

2175 4184 2228 4237 in
2249 4184 2477 4251 epistola
2509 4183 2538 4235 7
2563 4182 2628 4236 ad
2657 4183 2935 4239 Severum.
2966 4184 3021 4239 In
3053 4186 3313 4254 religione
3352 4186 3448 4239 fuit
3473 4196 3747 4251 constans,

2174 4280 2229 4325 et
2253 4287 2350 4341 pro
2371 4286 2434 4325 ea
2465 4274 2718 4327 sustinuit
2753 4275 3047 4328 certamina
3094 4275 3295 4341 gravia.
3331 4277 3389 4346 (ο
3420 4276 3502 4330 Ab
3535 4276 3749 4330 Arianis

2171 4370 2322 4417 actus
2351 4362 2404 4416 in
2427 4363 2645 4417 exilium
2675 4363 2819 4432 quod
2843 4364 3054 4418 illorum
3086 4365 3371 4437 ὁμοιούσιον
3400 4366 3745 4436 improbavit,

2170 4454 2258 4521 pie
2299 4450 2914 4523 sentientiumipooi'mov
2934 4454 3187 4510 defendit.
3213 4457 3271 4509 lu
3299 4473 3571 4513 carcerem
3610 4473 3747 4512 cono

487 4529 568 4584 cis
596 4526 680 4581 vel
706 4526 998 4582 scribarum
1043 4529 1128 4582 vel
1175 4530 1628 4600 typographorum
1657 4532 1937 4587 oscitantia
1967 4534 2063 4588 de-
2094 4504 2144 4562 Β
2166 4504 2360 4611 jrectus,
2408 4544 2583 4612 angeli
2612 4510 2708 4598 Dei
2735 4544 2998 4600 beneficio
3037 4562 3096 4601 se
3135 4556 3406 4601 servatum
3450 4548 3565 4618 ipse
3590 4547 3657 4601 de
3684 4563 3749 4603 se

486 4626 765 4689 pravatum
787 4618 1065 4683 dolerent;
1096 4636 1271 4688 operae
1297 4621 1526 4689 pretium
1555 4635 1641 4675 me
1659 4621 1923 4678 facturum
1951 4626 2064 4679 exi-

432 4765 450 4783 .
486 4709 713 4773 stimavi,
746 4709 788 4763 si
818 4709 996 4764 studio
1045 4718 1098 4764 et
1151 4712 1334 4765 labore
1384 4712 1454 4765 ita
1484 4720 1819 4781 castigatum,
1869 4725 1927 4770 ut
1951 4717 2061 4785 jam

421 4787 430 4794 ’
484 4799 816 4854 commodius
837 4801 940 4867 legi
966 4810 1020 4853 et
1044 4803 1237 4856 rectius
1266 4803 1484 4873 intelligi
1511 4805 1694 4873 possit,
1714 4808 1765 4860 in
1794 4808 2062 4879 publicum

485 4887 800 4957 proferrem.

635 5012 926 5052 GREGOIUUS
952 5014 1227 5054 FABRITIUS
1249 5018 1313 5056 DE
1337 5018 1380 5057 S.
1416 5021 1637 5061 PAULINO
1664 5024 1889 5067 NOLANO.

479 5084 577 5147 (Ex
625 5092 754 5135 tomo
798 5086 819 5136 Ι
864 5086 1477 5214 Orthodoxolgégphpgrqm,
1522 5097 1727 5148 Basileas
1778 5114 1857 5150 an.
1912 5103 2056 5164 1569,

547 5226 774 5284 Pontius
795 5239 820 5268 ι
846 5229 1135 5302 EutrOpius
1161 5232 1432 5305 Paulinus,
1457 5242 1674 5298 natione
1700 5243 2058 5314 Burdegalen-

476 5322 571 5386 sis,
612 5329 765 5390 patre
811 5330 1059 5379 senatore
1109 5335 1306 5381 natus:
1340 5332 1719 5398 patrimonium
1768 5335 1963 5390 Fundis
2001 5339 2053 5392 in

475 5411 767 5482 Campania
791 5414 1027 5482 amplum
1057 5417 1315 5486 possedit,
1346 5420 1437 5475 sed
1462 5420 1516 5475 id
1544 5438 1642 5491 pro
1657 5422 1869 5480 Christo
1890 5427 2056 5494 negli-

473 5516 605 5573 gens
658 5513 1030 5575 paupertatem
1074 5506 1271 5566 divitiis
1310 5512 1574 5580 potiorem
1623 5514 1791 5571 duxit.
1842 5515 2056 5575 Fratris

546 5672 573 5699 ³
608 5662 896 5731 Meropius.

2171 4632 2373 4687 scribit.
2398 4632 2641 4689 Gothicis
2663 4636 2993 4704 temporibus
3021 4644 3079 4691 ut
3109 4637 3279 4692 viduas
3320 4638 3483 4693 tilium
3513 4639 3748 4696 redime—

2171 4732 2254 4779 ret
2280 4740 2340 4778 se
2366 4724 2526 4780 vendi
2575 4741 2764 4795 passus
2803 4736 2902 4791 est,
2949 4737 3004 4782 et
3043 4727 3399 4784 admiratione
3424 4732 3637 4786 virtutis
3676 4732 3748 4787 ab

2168 4816 2324 4873 hoste
2353 4818 2570 4871 immani
2593 4817 2861 4872 dimissus.
2884 4819 2900 4886 )
2928 4819 3241 4874 Anastasius
3267 4820 3508 4889 pontifex
3544 4822 3746 4877 Roma-

2162 4922 2262 4962 nus
2277 4906 2582 4976 Campania:
2603 4910 2869 4979 episcopis
2886 4925 3008 4964 eum
3038 4912 3150 4965 suis
3179 4912 3371 4966 litteris
3398 4914 3747 4968 commenda-

2162 4997 2254 5051 vit.
2278 4996 2503 5067 Scripsit
2521 4998 2733 5053 Natales
2753 5000 2859 5054 divi
2882 5000 3071 5056 Felicis
3100 5001 3357 5057 librorum
3382 5003 3592 5067 decem,
3619 5004 3747 5059 Car-

2160 5104 2283 5142 men
2307 5089 2681 5160 panegyricum
2698 5090 2764 5143 de
2784 5090 2943 5145 Obitu
2971 5091 3130 5148 Celsi.
3147 5091 3275 5146 Item
3305 5092 3372 5147 ad
3402 5092 3740 5165 Cytherium,

2159 5186 2214 5233 et
2268 5179 2527 5245 Nicetam,
2582 5190 2637 5235 et
2687 5183 3036 5250 epistolarum
3085 5184 3250 5238 libros
3305 5185 3562 5254 quinque.
3606 5184 3740 5239 Item

2170 5267 2474 5324 Theodosio
2497 5270 2805 5339 imperatori
2846 5270 3249 5344 Panegyricum.
3281 5274 3545 5330 Historica
3574 5277 3741 5330 etiam

2161 5368 2355 5414 tractat
2398 5369 2706 5427 argumenta
2737 5362 2788 5415 in
2837 5363 3094 5431 epistolis,
3117 5364 3184 5418 de
3217 5363 3443 5419 Melania
3474 5365 3540 5420 ad
3567 5364 3737 5419 Seve-

2161 5465 2302 5517 rum,
2347 5449 2413 5504 de
2442 5449 2612 5518 Valgii
2666 5452 2942 5520 naufragio
2991 5454 3055 5507 ad
3096 5453 3404 5522 Macarium,
3437 5456 3490 5511 in
3542 5456 3737 5525 quibus

2231 5610 2259 5648 ι»
2296 5608 2410 5662 Non
2443 5621 2591 5664 erant
2621 5613 2944 5669 sacerdotes.

2238 5695 2255 5717 τ
2292 5678 2416 5733 ιιςυυ
2447 5697 2549 5735 non
2582 5694 2849 5738 t‘UllSlattl.
