4066 6192
348 352 444 407 N9

1710 358 2213 417 PllOLEGOMENA
2224 404 2237 417 .

3501 376 3607 433 150

347 462 622 518 tuavitudo
649 463 919 517 narrantis
963 464 1251 519 admodum
1291 464 1539 520 delectat.
1564 466 1722 522 Venit
1741 469 1808 523 ad
1834 484 1924 525 se-
1950 476 2001 534 Α
2028 470 2152 525 ﬁne.
2178 471 2316 538 Quin
2350 482 2406 528 et
2451 474 2689 531 Ausonio
2736 477 2803 531 ad
2845 480 3114 547 poeticum
3153 488 3295 539 serio
3328 488 3615 543 revocanti

346 566 608 613 nectutem
638 556 919 625 grandem,
976 565 1236 623 mortuus,
1278 558 1577 627 imperante
1624 559 1917 627 Marciano,

347 650 482 705 circa
512 664 712 701 annum
744 647 848 701 458
880 658 928 701 ³.

484 773 637 812 ειιΑε
664 773 911 823 νικετυε,
940 774 991 812 IN
1020 774 1175 812 NOTIS
1201 775 1268 813 AD
1296 775 1499 816 AUSONII
1524 776 1692 816 OPERA
1723 777 1791 815 DE

964 844 1010 883 S.
1041 844 1285 883 PAULINO.

734 914 831 976 (Ex
855 915 979 965 edit.
998 917 1244 978 Burdigal.
1269 930 1349 966 an.
1378 916 1539 975 1575.)

310 1012 317 1029 ι
410 998 613 1053 Consul
644 998 918 1052 Romanus
945 1006 1071 1053 ante
1092 999 1384 1054 Ausonium
1411 1000 1530 1065 fuit,
1546 1007 1606 1053 ut
1632 1012 1925 1066 cognosces

346 1080 409 1143 ei
438 1087 669 1156 epistola
696 1087 765 1139 20
790 1086 1041 1154 Ausonii,
1074 1088 1175 1142 hoc
1215 1096 1299 1143 est
1335 1096 1461 1144 ante
1501 1103 1700 1142 annum
1729 1087 1925 1143 Christi

347 1177 475 1240 582’;
507 1177 604 1230 sed
634 1176 1116 1243 extraordinarius,
1150 1185 1207 1230 ut
1235 1177 1500 1241 dicemus,
1531 1192 1760 1245 eumque
1805 1192 1923 1229 ma-

345 1268 625 1333 gistratum
664 1265 883 1319 Ausonii
917 1280 1085 1334 opera
1133 1266 1344 1319 videtur
1387 1266 1679 1335 adeptus...
1712 1263 1814 1319 Ubi
1855 1264 1927 1320 sit

346 1363 592 1409 mortuus
617 1355 823 1421 nescio,
854 1355 956 1408 nisi
987 1354 1126 1409 forte
1172 1354 1321 1409 Nolae
1357 1369 1496 1422 suae,
1528 1355 1669 1409 unde
1697 1354 1924 1409 Romam

344 1444 662 1499 translatum
688 1459 884 1513 corpus
923 1443 1069 1512 ejus,
1099 1451 1155 1497 et
1181 1444 1234 1497 in
1261 1444 1374 1498 aede
1400 1443 1779 1499 Bartholomaei
1809 1444 1925 1499 col-

344 1532 578 1589 locatum
603 1533 789 1588 scribit
826 1533 1066 1602 Raphael
1098 1534 1496 1589 Volaterranus.

576 1658 817 1697 ANDREAS
837 1658 1108 1697 SCHOTTUS
1132 1659 1198 1696 DE
1229 1660 1346 1697 νιτΑ
1378 1660 1425 1698 Β.
1458 1660 1683 1699 ριυιιΝι.

371 1732 466 1793 (Ex
494 1740 626 1781 torno
651 1731 691 1781 V
714 1732 1029 1781 Bibliotheca:
1049 1734 1261 1792 Patrum,
1284 1734 1401 1781 edit.
1427 1732 1594 1783 Colon.
1620 1746 1697 1781 an.
1730 1732 1890 1792 1618.)

2022 563 2101 616 sic
2128 564 2417 632 respondet
2450 583 2461 617 :
2506 563 2643 629 Quid
2670 566 2958 635 abdicatus,
2982 578 3088 626 etc.

2095 652 2364 707 Ausonius
2393 652 2487 717 illi,
2518 663 2577 708 ut
2606 654 2811 724 Virgilii
2839 659 3109 725 quondam
3139 660 3327 715 lectori
3354 669 3409 715 et
3437 662 3608 716 imitaa

2021 738 2147 802 tori,
2173 739 2267 794 sed
2295 748 2352 794 ut
2382 742 2469 810 pio
2494 743 2794 811 repudianti
2829 745 2945 799 zelo
2974 745 3134 801 ducto
3160 748 3432 817 inscripsit
3458 748 3599 803 Cen-7

2023 836 2208 881 tonem
2237 830 2529 899 nuptialem
2558 846 2589 885 e
2619 827 2856 887 Marone.
2888 833 3009 887 Fuit
3029 843 3230 900 autem,
3260 835 3443 890 Severi
3480 836 3604 891 Sul-

2026 917 2153 986 picii
2173 920 2420 987 exemplo
2450 920 2562 988 (qui
2592 936 2765 975 uxore
2807 929 3018 978 mortua
3042 925 3224 978 seculo
3252 925 3611 990 renuntiarat,

2022 1021 2190 1074 seque
2221 1007 2277 1061 S.
2311 1008 2539 1065 Martino
2571 1010 2936 1081 adjunxerat),
2964 1028 2993 1066 a
3020 1014 3281 1083 Delphino
3332 1015 3608 1083 Burdega-

2024 1095 2158 1151 leusi
2196 1097 2449 1166 episcopo
2494 1098 2815 1167 baptizatus.
2849 1099 3057 1168 Conjux
3106 1102 3182 1156 illi
3230 1102 3483 1158 Therasia
3520 1103 3611 1172 pia

2024 1191 2290 1246 matrona,
2319 1200 2423 1254 qua
2452 1188 2782 1242 assentiente
2813 1188 3068 1246 Paulinus
3104 1192 3332 1247 venditis
3366 1192 3609 1261 plurimis

2025 1274 2262 1343 praediis,
2290 1282 2351 1328 et
2401 1275 2595 1339 fundis,
2619 1277 2762 1344 quod
2791 1279 2975 1332 scribit
3011 1280 3167 1348 epist.
3219 1280 3280 1332 11
3315 1282 3480 1350 (nunc
3516 1278 3609 1347 51)

2022 1366 2263 1421 seculum
2291 1366 2593 1436 relinquere
2619 1370 2825 1422 statuit.
2858 1368 2934 1423 De
2960 1385 3069 1438 quo
3097 1370 3408 1425 Ambrosius
3434 1370 3526 1425 lib.
3556 1384 3609 1426 vt

2023 1455 2204 1522 epist.,
2237 1454 2629 1523 etAugustinus
2668 1456 2736 1511 de
2764 1458 2992 1513 Civitate
3020 1474 3138 1528 cap.
3172 1458 3258 1513 10.
3287 1460 3518 1514 Severus
3555 1459 3607 1513 in

2023 1545 2144 1598 Vita
2170 1544 2228 1599 S.
2260 1544 2493 1600 Martini.
2524 1547 2780 1601 Viennam
2818 1548 3004 1603 Gallia:
3054 1551 3286 1619 primum
3314 1551 3608 1619 profectus,

2023 1634 2084 1688 Β.
2118 1635 2404 1691 Martinum
2433 1653 2554 1693 cum
2592 1637 2833 1708 Sulpicio
2861 1640 3072 1704 invisit,
3106 1640 3179 1694 ibi
3210 1656 3278 1694 ex
3317 1640 3490 1695 oculis
3530 1640 3609 1694 la-

2023 1720 2221 1779 borans
2263 1738 2293 1777 a
2347 1723 2575 1780 Martino
2616 1733 2867 1793 curatur,
2922 1737 2977 1781 et
3016 1744 3136 1782 cum
3174 1728 3471 1798 Victricio,
3517 1729 3607 1795 qui

432 1812 645 1867 Paulini
691 1826 885 1881 parens
927 1828 1040 1868 cos.
1092 1812 1277 1867 Roma:
1339 1828 1460 1867 cum
1509 1812 1749 1879 Juliano,
1808 1814 1921 1883 opi-
1956 1820 1995 1877 Β
2022 1820 2206 1880 postea
2232 1812 2514 1882 Rotomag.
2544 1816 2828 1885 episcopus
2855 1816 2973 1881 fuit,
3004 1818 3292 1872 amicitiam
3318 1817 3606 1872 contraxit.

345 1919 460 1966 nor,
490 1902 593 1956 fuit
613 1919 758 1957 anno
788 1903 854 1957 U.
876 1903 937 1958 C.
958 1920 1241 1969 cnoLxxvn,
1267 1904 1465 1961 Christi
1484 1905 1611 1969 525,
1652 1921 1759 1975 quo
1782 1922 1925 1963 anno

345 1996 553 2051 Nicena
583 1995 821 2065 synodus
856 1996 1027 2064 prima
1058 1996 1159 2049 518
1188 1995 1408 2050 Patrum
1438 1997 1625 2051 haberi
1648 1998 1833 2067 erepit,
1868 2006 1925 2052 ut

344 2085 394 2139 in
424 2085 599 2139 Fastis
627 2084 935 2153 Onupbrius
962 2086 1141 2140 docet.
1183 2085 1436 2141 Paulinus
1457 2103 1585 2141 vero
1608 2087 1743 2142 filius
1767 2096 1926 2143 natus

345 2182 423 2229 est
450 2173 771 2228 Constantio
793 2174 927 2242 Aug.
953 2191 1024 2239 rx,
1057 2174 1209 2230 Gallo
1236 2184 1292 2230 et
1319 2176 1528 2231 Juliano
1551 2178 1685 2232 Caes.
1716 2193 1752 2233 ιι
1780 2193 1921 2233 coss.

347 2283 482 2321 anno
520 2266 723 2321 Christi
753 2266 877 2331 557,
902 2268 1006 2332 vel,
1039 2276 1097 2321 ut
1137 2268 1322 2323 Victor
1349 2266 1618 2324 Giselinus
1659 2271 1712 2323 in
1741 2271 1924 2340 prole-

345 2372 484 2425 gom.
516 2357 705 2412 Severi
727 2358 949 2427 Sulpicii
972 2368 1237 2424 numerat,
1275 2376 1417 2415 anno
1438 2359 1636 2415 Christi
1667 2362 1793 2429 548,
1817 2378 1923 2431 quo

347 2455 398 2499 et
424 2444 751 2500 Prudentius
778 2456 935 2515 poeta
976 2463 1130 2501 sacer
1156 2448 1227 2501 sit
1256 2456 1439 2514 natus,
1480 2460 1538 2504 et
1563 2450 1773 2505 decimo
1800 2460 1925 2519 post

345 2553 486 2592 anno
535 2539 772 2593 Severus
817 2538 1115 2608 Sulpicius;
1166 2539 1324 2595 Urbis
1356 2541 1586 2595 condita:
1640 2558 1764 2606 ucx,
1800 2557 1923 2596 cum

347 2626 698 2683 Ariminensis
723 2638 777 2682 et
803 2628 1116 2683 Seleuciana
1156 2631 1227 2685 sit
1255 2631 1438 2684 habita
1465 2630 1724 2702 synodus.
1756 2632 1924 2687 Natus

346 2719 523 2786 itaque
554 2718 810 2773 Paulinus
829 2720 1097 2774 consulari
1118 2721 1317 2773 familia
1344 2721 1626 2791 Ebromagi
1657 2723 1786 2776 urbe
1816 2738 1924 2776 non

347 2807 500 2875 longe
521 2808 708 2861 dissita
739 2823 768 2861 a
793 2807 1162 2863 Tarbellorum
1191 2808 1403 2877 finibus,
1421 2820 1474 2863 et
1500 2810 1780 2880 Burdigala
1828 2826 1925 2865 seu

347 2898 523 2965 potius
548 2896 823 2952 Garumna
854 2896 1088 2964 ﬂumine,
1120 2914 1223 2967 qua
1253 2900 1343 2954 ille
1362 2916 1392 2953 a
1424 2899 1680 2955 Tarbellis
1707 2902 1926 2956 venien-

348 2996 427 3043 tes
453 2989 701 3057 proxime
725 2988 1066 3057 Burdigalam
1103 2992 1269 3057 ducit,
1298 3008 1407 3061 quo
1436 2992 1490 3046 in
1518 2993 1635 3047 loco
1666 2994 1861 3063 prmdia
1892 3010 1923 3047 a

347 3079 639 3146 majoribus
686 3080 903 3145 relicta,
946 3080 1247 3136 Lucaniaco
1285 3082 1505 3142 Ausonii
1554 3098 1662 3139 non
1713 3084 1921 3138 minora

2028 1899 2163 1955 Hinc
2190 1900 2548 1957 Mediolanum
2596 1904 2866 1973 profectus
2886 1944 2902 1970 ,
2933 1906 3023 1959 ubi
3050 1906 3112 1960 B.
3139 1906 3421 1962 Ambrosio
3451 1905 3607 1959 fami-

2026 1992 2229 2048 liariter
2255 2003 2340 2048 est
2368 2011 2514 2049 usus.
2547 1994 2731 2050 Roma:
2759 1996 2924 2050 etiam
2950 1998 3081 2051 vixit
3114 2015 3128 2051 :
3177 2007 3304 2052 tunc
3337 2005 3393 2052 et
3420 1996 3606 2052 Nolam

2025 2084 2272 2148 secessit,
2303 2092 2363 2138 ut
2384 2084 2697 2139 Ambrosius
2730 2087 2887 2153 epist.
2921 2086 2988 2140 ad
3015 2086 3270 2141 Sabinum
3290 2087 3382 2142 lib.
3412 2102 3465 2139 vt
3491 2101 3608 2140 me-

2026 2174 2200 2236 minit,
2232 2182 2287 2227 et
2314 2174 2428 2242 ipse
2457 2173 2712 2229 Paulinus
2737 2175 2909 2228 Natali
2939 2176 2974 2227 2
3000 2177 3054 2229 in
3084 2185 3327 2231 sanctum
3350 2176 3605 2230 Felicem.

2027 2262 2232 2316 Dehinc
2275 2262 2329 2314 in
2358 2261 2672 2329 Hispaniam
2702 2263 2804 2315 iter
2845 2264 3090 2317 instituit.
3124 2263 3410 2331 Peragrata
3453 2263 3629 2317 dein-'

2026 2366 2151 2421 ceps
2176 2350 2429 2420 Hispania
2459 2350 2802 2420 Complutum
2835 2354 3010 2418 venit,
3049 2353 3229 2422 ibique
3256 2368 3324 2407 ex
3352 2353 3607 2409 Therasia

2026 2457 2195 2496 uxore
2234 2440 2647 2510 primogenitum
2677 2440 2769 2494 diu
2795 2441 3156 2496 desideratum
3195 2457 3341 2497 mors
3369 2441 3600 2496 sustulit.

2028 2534 2095 2587 At
2130 2544 2325 2589 octavo
2354 2534 2440 2588 die
2470 2541 2683 2587 mortuo
2730 2535 2966 2599 infante,
3010 2536 3206 2590 ibidem
3247 2536 3312 2590 ad
3342 2544 3607 2606 martyres

2026 2624 2302 2692 sepelitur.
2343 2623 2633 2678 Prudentio
2660 2625 2821 2678 etiam
2861 2624 3339 2694 Caesaraugustam
3369 2635 3495 2681 tunc
3525 2627 3607 2679 in«

2028 2713 2266 2769 notuisse
2290 2722 2498 2783 putant.
2546 2714 2847 2770 Barcinone
2878 2717 3157 2788 presbyter
3185 2732 3213 2770 a
3244 2716 3466 2785 Latnpio
3493 2716 3607 2783 epi-

2026 2818 2191 2873 scopo
2212 2803 2507 2864 ordinatur,
2535 2818 2597 2857 ea
2636 2813 2816 2858 tamen
2843 2805 2959 2879 lege
2987 2820 3053 2858 ne
3084 2804 3174 2858 ulli
3205 2803 3458 2859 Ecclesia:
3483 2802 3605 2855 alli-

2026 2900 2261 2961 garetur,
2302 2900 2361 2946 ut
2387 2893 2549 2961 epist.
2580 2892 2648 2949 ad
2691 2892 2946 2948 Severum
2994 2895 3027 2946 6
3056 2892 3306 2948 ostendit.
3338 2892 3605 2947 Ausonius

2020 2982 2134 3050 jam
2162 2982 2218 3035 in
2244 2981 2446 3035 Gallias
2472 2982 3098 3050 retrahere,desidcrium
3123 2985 3239 3051 ejus
3269 2998 3374 3036 non
3402 2981 3602 3045 ferens,

2028 3072 2304 3141 satagebat
2344 3072 2587 3140 epistolis
2608 3071 2747 3128 datis
2786 3072 2847 3125 21
2871 3113 2886 3138 ,
2920 3072 3010 3141 25,
3039 3072 3106 3125 24
3132 3080 3187 3127 et
3214 3073 3283 3127 25
3303 3115 3318 3139 ,
3346 3083 3605 3127 accusans

345 3169 581 3237 possedit
612 3186 624 3221 :
649 3180 705 3223 et
734 3170 971 3225 Ausonio
1001 3188 1130 3227 usus
1156 3182 1484 3241 praeceptore
1527 3190 1632 3229 una
1661 3191 1782 3230 cum
1809 3177 1919 3230 fra-

2026 3173 2297 3232 tamquam
2344 3165 2501 3218 uxori
2550 3164 2708 3220 nimis
2735 3164 2993 3230 deditum,
3042 3180 3203 3234 quam
3254 3163 3602 3233 Tanaquilcm

348 3260 512 3313 tribus
541 3260 801 3315 educatus
817 3270 899 3315 est
932 3280 945 3314 :
978 3278 1155 3331 neque
1185 3266 1336 3335 123
1358 3265 1544 3320 dubito
1565 3266 1692 3334 quin
1721 3268 1920 3321 ibidem

346 3353 628 3404 maximam
648 3354 822 3407 rotatis
844 3363 1052 3421 partem
1080 3354 1351 3419 habitarit,
1376 3355 1550 3411 donec
1570 3364 1778 3412 mutato
1801 3359 1922 3413 vita:

347 3441 590 3494 instituto
618 3442 672 3494 in
723 3441 1034 3510 Hispaniam
1063 3459 1121 3496 se
1148 3444 1215 3497 ad
1266 3443 1545 3514 Lampium
1586 3448 1813 3501 contulit
1858 3462 1923 3503 ac

345 3532 735 3597 commigravit.
770 3530 865 3585 Hic
906 3532 1067 3599 igitur
1106 3531 1360 3589 Paulinus
1406 3550 1528 3589 cum
1558 3544 1669 3589 tota
1697 3538 1855 3605 epist.
1886 3537 1922 3592 5

346 3619 600 3686 gratulari
628 3620 731 3673 sibi
783 3636 890 3673 non
917 3621 1115 3675 desinit
1140 3623 1431 3677 amicitiam
1477 3639 1508 3677 a
1546 3624 1731 3694 primis
1768 3626 1923 3680 annis

344 3727 460 3764 cum
490 3714 695 3764 Severo
716 3713 1027 3768 suavissime
1048 3714 1267 3781 cultam,
1290 3730 1512 3785 eamque
1539 3717 1707 3785 ipsam
1731 3716 1924 3773 deinde

347 3814 407 3852 ex
460 3800 688 3854 seculari
718 3801 771 3853 in
813 3802 1109 3870 spiritalem
1164 3814 1569 3871 commutatam,
1616 3808 1924 3876 planissime

349 3890 528 3943 iisdem
559 3891 740 3945 verbis
765 3891 1245 3962 innuilSulpicium
1273 3910 1339 3949 eo
1365 3904 1608 3965 tempore
1631 3914 1737 3953 non
1767 3899 1925 3966 longe

348 3980 632 4034 admodum
658 3981 727 4035 ab
754 3980 1056 4050 Ebromago
1078 3983 1297 4052 vixisse,
1326 3986 1379 4041 in
1403 3988 1520 4042 solo
1550 3996 1609 4042 ut
1636 3990 1925 4046 verisimile

345 4078 425 4121 est
453 4071 631 4138 patrio
665 4089 677 4123 :
712 4072 763 4124 id
808 4086 938 4126 vero
987 4073 1072 4127 vel
1112 4074 1362 4129 Tolosam
1411 4075 1604 4143 fuisse,
1632 4079 1717 4133 vel
1746 4079 1923 4135 locum

347 4156 554 4212 Tolosa:
580 4160 817 4213 vicinum
847 4177 953 4214 non
985 4161 1215 4217 difﬁcilis
1242 4172 1323 4218 est
1350 4166 1658 4234 conjectura
1680 4209 1695 4235 ,
1725 4172 1923 4237 partim

347 4262 409 4299 ex
430 4249 656 4315 epistola
684 4248 893 4304 Paulini
920 4250 979 4303 ll
1007 4260 1062 4305 et
1085 4251 1153 4304 12
1181 4254 1347 4323 (nunc
1374 4255 1436 4308 51
1471 4265 1527 4310 et
1546 4257 1658 4327 52),
1691 4275 1808 4328 qua:
1833 4274 1924 4315 se-

348 4336 529 4390 cunda:
569 4337 758 4392 Severi
813 4340 1046 4395 basilica:
1096 4343 1235 4411 apud
1283 4344 1658 4401 Primuliacum
1717 4347 1925 4404 Paulini

348 4425 573 4478 conditae
602 4428 931 4482 mentionem
963 4429 1181 4495 faciunt,
1206 4433 1399 4499 partim
1442 4449 1508 4487 ex
1538 4434 1573 4486 '5
1602 4422 1828 4504 epistola
1858 4436 1926 4491 ad

2022 3254 2275 3325 appellat.
2302 3254 2598 3325 Respondit
2624 3254 2713 3310 ille
2738 3263 3059 3324 pervenuste
3090 3274 3103 3307 :

2174 3363 2280 3413 Nec
2300 3364 2534 3423 Tanaquil
2560 3366 2692 3423 mihi,
2717 3364 2809 3413 sed
2835 3364 3059 3414 Lucretia
3076 3366 3271 3422 coniux.

2092 3463 2169 3518 Ea
2199 3472 2514 3534 tempestate
2542 3464 2805 3519 Maximus
2833 3472 3089 3535 tyrannus
3114 3464 3425 3520 Gratianum
3455 3467 3602 3521 occi—

2023 3554 2119 3616 dit,
2152 3553 2294 3607 hunc
2322 3552 2656 3607 Theodosius
2696 3554 2986 3622 superavit.
3018 3554 3115 3608 Cui
3145 3555 3333 3609 victori
3362 3553 3604 3625 Panegy-

2022 3643 2192 3696 ricum
2214 3642 2466 3695 Paulinus
2487 3641 2550 3693 ad
2581 3640 2963 3695 Endelechium
2992 3643 3224 3710 scripsit,
3262 3644 3355 3696 sed
3387 3642 3601 3697 interci-

2023 3730 2117 3785 dit.
2144 3729 2306 3783 Fama
2324 3729 2432 3797 jam
2463 3729 2713 3781 Paulinus
2736 3737 2848 3782 toto
2873 3729 3003 3783 orbe
3023 3729 3341 3792 celebratus,
3361 3729 3387 3766 δ
3409 3731 3606 3786 absens

2025 3818 2359 3873 renuntiatur
2411 3815 2648 3870 Nolanus
2688 3817 2971 3885 episcopus
3007 3815 3203 3870 Christi
3251 3832 3393 3871 anno
3436 3818 3603 3885 c595',

2023 3906 2196 3960 astatis
2233 3919 2343 3960 suae
2378 3904 2467 3957 58.
2497 3903 2645 3959 Nola:
2684 3903 2903 3959 Natales
2949 3906 3008 3960 S.
3038 3906 3228 3960 Felicis
3273 3909 3543 3976 pertexuit
3570 3924 3602 3962 a

2024 3996 2260 4051 secundo
2288 3995 2443 4066 124
2468 4009 2637 4063 usque
2666 3996 2734 4050 ad
2761 3996 3049 4052 decimum.
3097 3997 3336 4052 Primum
3375 4000 3518 4052 enim
3548 3998 3603 4051 in

2026 4086 2280 4157 Hispania
2323 4087 2601 4141 inchoarat
2628 4104 2640 4139 :
2666 4087 2809 4142 unde
2838 4088 2892 4140 in
2918 4087 3121 4143 Italiam
3152 4090 3379 4157 trajecit,
3411 4097 3465 4142 ct
3493 4088 3601 4142 Na-

2028 4175 2186 4229 talem
2216 4173 2249 4228 8
2274 4174 2510 4229 condens
2533 4176 2790 4241 carmine,
2838 4192 2981 4233 anno
3021 4180 3213 4249 opinor
3257 4178 3452 4235 Christi
3479 4179 3604 4245 102,

2025 4280 2133 4333 quo
2167 4263 2328 4320 Gothi
2369 4273 2425 4319 et
2464 4264 2620 4318 Alani
2670 4265 2981 4335 Hispaniam
3040 4278 3384 4338 occuparant.
3430 4269 3607 4324 llosce

2026 4357 2232 4411 natales
2255 4356 2496 4411 versibus
2540 4357 2628 4426 pie
2655 4360 2991 4428 conscriptos
3019 4375 3179 4429 prosa
3210 4361 3433 4415 vertisse
3460 4359 3603 4414 Beda

2030 4447 2349 4501 venerabilis
2393 4457 2743 4501 memoratur.
2777 4448 2889 4504 Sub
2934 4449 3267 4516 Innocentio,
3295 4466 3433 4521 papa
3460 4466 3604 4506 anno

348 4510 621 4568 Bassulam
642 4530 874 4607 socrum.
908 4517 1194 4573 Consulem
1219 4520 1469 4589 juvenem
1495 4525 1805 4592 etiamnum,
1828 4526 1923 4582 sed
1952 4511 2001 4572 1)
2026 4535 2234 4591 Domini
2258 4534 2362 4588 404
2380 4544 2584 4599 creato,
2606 4536 2806 4607 Pelagii
2827 4538 3021 4607 dogma
3049 4510 3459 4594 exoritur-anno
3476 4539 3602 4607 415,

348 4612 405 4656 ut
452 4613 585 4672 puto
625 4606 1139 4676 extraordinarium,
1192 4612 1385 4667 factum
1431 4615 1613 4669 scribit
1657 4616 1925 4675 Ausonius

346 4694 501 4760 epist.
533 4694 621 4747 20.
648 4695 852 4751 Nomen
902 4700 1045 4753 enim
1103 4701 1157 4755 in
1209 4703 1575 4759 consularibus
1613 4705 1788 4762 Fastis
1815 4723 1924 4764 non

347 4784 602 4851 reperias.
627 4784 888 4840 Baronius
910 4789 1128 4857 conjicit
1155 4805 1220 4843 ex
1246 4791 1303 4844 Β.
1329 4791 1634 4865 Hieronymi
1659 4795 1924 4853 Chronico

347 4888 487 4926 anno
516 4872 715 4927 Christi
755 4875 860 4928 575
903 4879 1175 4932 consulem
1207 4880 1385 4935 fuisse.
1419 4882 1488 4935 At
1528 4886 1612 4937 vix
1660 4900 1830 4941 annos
1855 4884 1926 4939 25

348 4972 502 5016 natus
524 4963 733 5018 luisset.
765 4965 1057 5022 Ausonium
1080 4979 1271 5037 quarto
1294 4980 1415 5040 post
1436 4988 1574 5027 anno
1595 4991 1708 5029 cos.
1726 4974 1923 5031 factum

350 5068 453 5103 una
484 5068 608 5106 cum
637 5054 855 5124 Olybrio
885 5059 1098 5126 reperio
1142 5060 1194 5113 in
1244 5059 1505 5127 Baronio,
1537 5079 1677 5118 anno
1730 5064 1927 5122 Christi

347 5139 468 5193 579.
513 5140 720 5212 Stylum
771 5144 1085 5203 Christianis
1120 5148 1232 5217 jam
1262 5152 1428 5207 sacris
1467 5154 1702 5209 initiatus
1746 5165 1801 5211 et
1828 5159 1930 5213 rite

347 5230 649 5299 baptizatus
677 5235 918 5301 mutavit,
942 5238 1230 5292 verborum
1255 5240 1364 5307 jam
1394 5241 1658 5296 lenocinia
1683 5244 1885 5312 fugiens
1910 5265 1921 5298 :

347 5330 401 5374 et
420 5336 603 5376 sacras
631 5322 833 5378 litteras
854 5326 1218 5397 pietatemque
1246 5332 1519 5387 adamasse
1548 5334 1648 5403 pia:
1674 5335 1839 5404 ipsius
1859 5338 1926 5392 ad

346 5410 603 5466 Severum
636 5411 960 5484 Sulpicium,
992 5419 1256 5489 aliosque,
1288 5422 1523 5490 epistolae
1552 5424 1728 5479 missa:
1749 5426 1925 5483 decla-

347 5508 489 5565 rant,
537 5501 847 5572 clarumque
895 5508 1051 5576 epist.
1085 5508 1306 5581 6(nunc
1340 5511 1388 5581 1)
1429 5511 1495 5566 ad
1543 5511 1817 5582 Severum,
1870 5518 1921 5572 in

420 5634 446 5660 "
484 5624 626 5680 Obiit
655 5644 795 5682 anno
817 5630 940 5684 451.

419 5692 445 5731 δ
486 5694 599 5750 Non
632 5699 817 5753 aberat
852 5700 1003 5755 Nola.

2025 4625 2175 4693 cujus
2190 4630 2242 4678 et
2262 4632 2567 4692 suspectum
2591 4625 2961 4681 insimularant
2988 4625 3268 4682 Paulinum
3290 4629 3491 4696 remuli,
3512 4628 3607 4683 sed

2025 4720 2172 4767 recte
2190 4712 2424 4767 sensisse
2448 4713 2534 4767 vel
2556 4729 2692 4769 unus
2716 4716 2802 4772 hic
2824 4717 2976 4772 locus
2996 4717 3051 4773 in
3078 4716 3254 4772 Natali
3285 4718 3350 4771 l0
3374 4717 3609 4786 probare

2029 4800 2290 4857 videatur.

2149 4911 2553 4975 Conformemque
2580 4913 2683 4962 Deo
2701 4924 3087 4975 conregnatnrus
3108 4916 3344 4966 honorem

2150 4972 2373 5035 Accipiet
2391 4972 2581 5023 Christo
2604 4974 2792 5035 similis,
2819 4972 2910 5024 sed
2932 4989 3139 5026 munere
3164 4978 3359 5028 Christi.

2099 5069 2165 5124 Et
2192 5073 2349 5141 epist.
2382 5073 2449 5127 ad
2479 5072 2734 5127 Severum
2763 5074 2816 5139 2,
2845 5074 3081 5147 itemque
3106 5078 3191 5133 11.

2102 5162 2176 5217 De
2204 5163 2427 5218 Paulino
2456 5171 2635 5218 autem
2684 5179 2742 5221 se
2772 5168 3028 5223 vicarium
3065 5170 3227 5227 dante
3262 5188 3360 5242 pro
3400 5174 3609 5230 redem-

2034 5251 2179 5305 tione
2218 5252 2311 5305 lilii
2341 5252 2527 5317 vidum,
2558 5254 2684 5322 quia
2712 5260 3042 5313 controverti
3072 5260 3608 5332 video,disputantem

2031 5342 2232 5396 suadeo
2280 5342 2426 5411 legas
2474 5343 2762 5399 Baronium
2802 5346 2866 5400 ad
2896 5363 3093 5403 annum
3124 5340 3474 5419 Christilll’il,
3499 5369 3609 5421 quo

2028 5430 2193 5484 etiam
2222 5447 2476 5486 reducem
2521 5449 2587 5488 ex
2634 5435 2811 5491 Alrica
2855 5438 3173 5496 exstinctum
3215 5441 3452 5510 plerique
3486 5440 3606 5510 opi-

2028 5535 2242 5575 nantur.

2104 5660 2124 5685 ε
2166 5648 2349 5705 ldnon
2379 5662 2613 5725 constat.
