4020 6186
630 335 735 391 155

1742 333 1796 389 S.
1839 332 2111 389 PAULINI
2147 329 2396 387 NOLANI
2433 333 2739 390 EPISCOPI

3779 344 3870 397 156

629 465 860 517 memur,
906 457 963 504 et
1000 448 1286 518 opprobria
1333 447 1418 501 vel
1463 446 1584 501 odia
1631 443 1920 500 inﬁdelium
1973 445 2210 512 negliga-
2236 448 2289 504 Α
2311 445 2439 513 quio
2467 455 2558 500 tuo
2588 455 2749 515 atque
2790 457 3109 516 conspectu;
3141 457 3199 503 ut
3225 451 3272 505 si
3301 458 3391 504 tua
3431 451 3534 506 ﬁde
3559 454 3731 507 sanari
3774 462 3872 511 non

630 556 750 594 mus
775 559 787 592 :
822 540 885 593 In
915 539 1133 592 tenebris
1162 539 1305 592 enim
1333 536 1600 590 ambulant
1630 547 1674 601 υ,
1703 537 1828 604 quia
1856 535 1932 606 (a)
1954 535 2033 589 sol
2054 536 2210 606 justi-

634 633 719 685 tia:
742 649 841 684 non
863 639 1006 683 ortus
1035 641 1109 683 est
1128 630 1202 683 eis
1223 629 1271 683 δ.
1298 629 1553 681 Venenum
1581 630 1817 699 aspidum
1839 637 1920 683 est
1944 627 2034 682 sub
2058 629 2210 682 labiis

632 738 805 775 eorum
826 740 847 768 c
866 761 879 784 ,
904 721 1047 789 quod
1077 720 1243 775 inlicit
1282 728 1537 787 mentem,
1568 728 1622 773 et
1668 719 1898 772 animam
1940 718 2206 785 interﬁcit,

631 813 676 865 si
705 820 978 879 receptum
1010 811 1226 863 auribus
1251 809 1305 862 in
1333 809 1495 863 corda
1521 809 1835 878 pervaserit.
1869 807 1972 861 Cor
2012 825 2209 875 eorum,

632 903 806 971 inquit
851 902 1124 970 Scriptura
1161 902 1358 963 divina,
1390 917 1575 954 vanum
1613 909 1706 965 est,
1731 910 1780 953 et
1798 900 2086 969 sepulcrum
2112 918 2210 971 pa-

633 1005 745 1049 tens
766 1004 841 1049 est
859 1002 1033 1066 guttur
1059 1011 1235 1048 eorum
1263 992 1309 1047 ἀ.
1335 992 1630 1048 Caveamus
1653 1009 1684 1046 a
1714 992 1974 1047 fermento
2000 1008 2208 1057 eorum,

632 1101 702 1140 ne
744 1095 908 1140 totam
936 1100 1165 1138 massam
1195 1091 1504 1151 corrumpat
1526 1092 1570 1134 ε.
1600 1081 1869 1149 Scriptum
1910 1090 1992 1135 est
2020 1081 2163 1135 enim
2195 1098 2208 1133 :

634 1172 758 1228 Non
787 1175 1035 1228 habitabit
1065 1174 1220 1243 juxta
1257 1182 1306 1226 te
1331 1175 1586 1243 malignus
1632 1172 1673 1224 ί.
1706 1170 1773 1224 Et
1807 1172 1997 1225 iterum
2030 1189 2042 1223 :
2086 1170 2213 1224 Cum

632 1274 812 1319 sancto
830 1274 1037 1318 sanctus
1061 1266 1184 1330 eris,
1214 1272 1263 1316 et
1290 1279 1405 1315 cum
1432 1279 1663 1332 perverso
1683 1263 2073 1329 perrerteris‘NS.
2099 1261 2164 1315 Et
2196 1278 2209 1315 :

635 1356 882 1410 Discedat
906 1355 969 1408 ab
1009 1357 1276 1425 iniquitate
1310 1355 1393 1425 qui
1424 1354 1654 1407 nominat
1694 1370 1877 1407 nomen
1923 1352 2132 1423 Domini
2164 1352 2212 1407 ι’.

633 1444 881 1510 Obstrue,
906 1444 1089 1511 frater,
1114 1454 1168 1499 et
1187 1446 1296 1513 sepi
1317 1461 1466 1498 aures
1490 1454 1602 1498 tuas
1623 1446 1785 1513 spinis
1809 1442 1822 1481 ί
1842 1445 1909 1498 ad
1934 1446 2095 1498 verba
2117 1459 2214 1499 eo-

633 1552 776 1604 rum,
806 1552 924 1604 quze
944 1544 1066 1589 sunt
1093 1536 1259 1604 spiam
1279 1543 1333 1589 et
1354 1535 1561 1603 sagittae
1601 1535 1792 1599 zabuli,
1824 1535 1914 1603 qui
1943 1534 1997 1587 in
2026 1549 2212 1589 eorum

636 1628 948 1696 praecordiis
996 1628 1168 1681 latens
1200 1627 1483 1680 insidiatur
1504 1628 1558 1679 in
1580 1626 1775 1680 occulto
1804 1636 1859 1679 ut
1880 1628 2052 1695 rapiat
2078 1644 2211 1695 pau-

633 1732 805 1784 perem
839 1717 851 1765 i
877 1714 1090 1779 Christi,
1115 1722 1169 1768 et
1195 1714 1420 1768 vendtur
1432 1714 1663 1767 animam
1690 1713 1996 1767 Christiani.
2028 1714 2133 1769 Sed
2158 1717 2214 1767 in

2310 543 2505 603 potest,
2536 543 2590 588 te
2616 550 2712 590 sua
2734 534 3046 591 inﬁdelitate
3072 553 3179 591 non
3201 540 3466 593 vulneret.

2383 621 2434 676 5.
2466 624 2547 677 Sit
2592 625 2719 679 licet
2764 624 2928 679 frater
2953 636 3008 680 et
3035 628 3236 682 amicus
3274 628 3512 696 junctior
3550 630 3642 684 tibi
3669 631 3874 689 dextera

2314 723 2425 780 tua,
2454 724 2507 769 et
2535 717 2711 771 carior
2758 718 2988 784 lumine;
3020 721 3064 773 si
3108 721 3315 775 alienus
3343 731 3425 777 est
3462 731 3518 777 et
3562 724 3801 781 inimicus
3828 730 3875 783 in

2313 806 2563 871 Christo,
2621 810 2689 861 sit
2734 807 2824 861 tibi
2870 819 2925 861 ut
2970 819 3257 863 extraneas
3298 822 3347 865 et
3392 821 3449 865 ut
3491 812 3785 879 publicanus
3833 826 3873 871 '.

2316 897 2385 967 (c)
2436 896 2754 951 Abscidatur
2782 906 2841 951 ut
2887 899 3090 954 inutilis
3123 901 3343 955 dextera
3385 918 3416 956 a
3446 918 3672 971 corpore
3719 914 3805 959 tuo
3837 909 3874 969 ',

2313 989 2404 1058 qui
2431 989 2526 1042 tibi
2553 990 2608 1041 in
2631 988 2828 1043 Christi
2857 1005 3084 1058 corpore
3113 1006 3217 1044 non
3241 993 3506 1055 cohzeret;
3533 1001 3589 1047 et
3615 1003 3672 1046 ut
3696 1010 3879 1049 nocens

2314 1080 2499 1133 oculus
2527 1088 2763 1143 eruatur,
2803 1081 2891 1149 qui
2921 1096 3116 1148 corpus
3156 1089 3304 1135 tuum
3336 1091 3506 1136 totum
3551 1098 3647 1137 sua
3685 1087 3877 1139 macula

2314 1168 2397 1221 vel
2428 1168 2666 1222 cascilate
2695 1170 3063 1222 contenebrat.
3090 1169 3275 1223 Melius
3295 1180 3373 1224 est
3400 1174 3535 1225 enim
3556 1189 3714 1226 unum
3742 1192 3879 1227 mem-

2316 1256 2461 1309 brum
2488 1259 2652 1326 perire
2682 1273 2777 1325 pro
2826 1258 2989 1310 totius
3036 1259 3279 1326 corporis
3316 1260 3505 1325 salute,
3534 1278 3688 1330 quam
3736 1264 3879 1317 unius

2316 1348 2540 1401 membri
2574 1348 2749 1400 vitiosi
2781 1362 2986 1414 amore,
3009 1356 3169 1402 totum
3197 1365 3400 1418 corpus,
3426 1359 3485 1403 ut
3513 1351 3589 1403 ait
3615 1351 3878 1417 Dominus,

2314 1440 2391 1491 ire
2419 1439 2471 1490 in
2492 1440 2775 1508 gehennam
2802 1446 2848 1488 ιι.
2882 1437 2991 1491 Nec
3012 1438 3297 1493 metuenda
3320 1446 3405 1492 est
3424 1438 3646 1494 offensio
3687 1442 3879 1507 talium,

2314 1542 2435 1597 qum
2462 1528 2675 1597 quidem
2703 1536 2759 1582 et
2803 1528 3035 1596 optanda
3077 1529 3230 1583 nobis
3274 1537 3375 1593 est,
3406 1530 3659 1599 quoniam
3686 1531 3754 1585 de
3789 1533 3880 1586 ho-

2316 1634 2435 1672 rum
2461 1622 2480 1652 ⁹
2511 1618 2811 1687 opprobriis
2848 1626 3008 1685 atque
3038 1619 3332 1672 maledictis
3363 1620 3597 1674 nascitur
3634 1621 3724 1674 illa
3753 1637 3881 1674 mer.

2316 1724 2428 1771 ces,
2459 1724 2619 1777 quam
2650 1711 2920 1777 copiosam
2951 1709 3091 1764 Deus
3136 1710 3381 1778 promisit
3410 1712 3462 1763 in
3501 1711 3649 1765 ccelis
3672 1719 3721 1764 ν.
3767 1709 3882 1765 Νοη

634 1813 787 1873 caput
827 1820 1031 1868 eorum,
1074 1804 1211 1858 sicut
1254 1804 1511 1870 scriptum
1541 1811 1651 1866 est,
1699 1804 1944 1872 iniquitas
1987 1804 2215 1872 ipsorum
2249 1800 2291 1858 Β
2316 1811 2413 1867 est,
2436 1801 2625 1869 inquit,
2657 1801 2932 1870 discipulus
2953 1818 3107 1869 supra
3138 1803 3458 1872 magistrum,
3486 1819 3575 1855 nec
3602 1820 3771 1857 servus
3800 1820 3883 1857 su-

635 1902 972 1957 convertetur,
1003 1903 1052 1946 et
1073 1894 1300 1947 incident
1328 1894 1345 1923 ⁷
1371 1893 1427 1945 in
1456 1893 1655 1961 foveam
1679 1909 1833 1963 quam
1852 1901 2131 1961 operantur
2158 1892 2206 1948 ι.

704 1983 756 2033 5.
791 1980 865 2032 Tu
893 1992 1085 2045 autem,
1117 1982 1267 2036 homo
1314 1981 1440 2046 Dei,
1474 1984 1592 2052 fuge
1620 1981 1683 2036 ab
1710 1983 1823 2036 istis
1854 1981 1907 2049 1;
1951 1998 2126 2052 neque
2154 1992 2212 2037 ut

632 2070 1044 2140 sapientioribus
1085 2072 1348 2125 rationem
1373 2071 1599 2126 reddere
1639 2073 1880 2139 labores,
1911 2088 2032 2127 cum
2073 2074 2212 2129 scias

632 2176 799 2229 penes
828 2170 880 2213 te
910 2162 1224 2229 principium
1248 2176 1366 2215 esse
1401 2161 1456 2230 ἥ,
1482 2162 1774 2229 sapientiae,
1805 2162 1894 2229 qui
1923 2163 2077 2217 times
2102 2164 2210 2216 Do—

634 2252 837 2303 minum
863 2259 922 2302 ω.
943 2251 997 2303 Si
1027 2252 1244 2304 stultum
1276 2259 1465 2319 putant
1491 2266 1608 2304 esse
1635 2252 1777 2318 quod
1802 2252 2054 2318 gerimus,
2086 2267 2211 2319 gra-

634 2339 806 2393 tulare
827 2339 1071 2392 conscius
1093 2339 1185 2392 tibi
1207 2340 1329 2407 quia
1359 2354 1494 2407 Opus
1512 2339 1605 2392 Dei
1626 2347 1681 2392 et
1706 2349 2026 2408 pneceptum
2055 2342 2213 2395 Chri-

632 2428 702 2483 sti
730 2429 871 2495 geris
895 2446 908 2490 ;
942 2437 997 2482 et
1023 2429 1366 2483 reminiscere
1402 2429 1654 2496 quoniam
1680 2432 1837 2483 stulta
1862 2432 2039 2484 mundi
2064 2433 2215 2501 elegit

635 2517 792 2583 Deus,
817 2528 873 2571 ut
891 2520 1175 2589 confundat
1202 2521 1456 2587 sapientia
1479 2529 1503 2556 η
1530 2537 1547 2573 :
1574 2528 1628 2573 et
1648 2522 1896 2588 quoniam
1923 2525 2057 2593 quod
2081 2525 2216 2578 stat.

638 2618 741 2689 tum
760 2620 836 2662 est
864 2609 979 2674 Dei,
1012 2611 1293 2679 sapientius
1320 2620 1395 2664 est
1418 2610 1704 2666 hominibus
1728 2622 1770 2664 ο.
1797 2613 2011 2668 Talibus
2035 2622 2215 2668 autem

634 2700 774 2755 velle
799 2702 1031 2769 purgari,
1061 2701 1202 2755 idem
1231 2711 1314 2756 est
1341 2703 1484 2772 quod
1535 2719 1693 2772 posse
1720 2704 1989 2759 Christian
2043 2707 2216 2776 ipsum

634 2804 854 2858 negare,
882 2791 973 2860 qui
1019 2792 1398 2846 erubescentes
1444 2808 1637 2847 nomen
1684 2808 1837 2848 suum
1885 2810 2066 2849 coram
2114 2796 2219 2851 hoc

632 2880 831 2935 mundo
856 2919 872 2945 ,
920 2881 1200 2937 erubescet
1242 2882 1471 2937 invicem
1525 2899 1708 2938 coram
1758 2883 1917 2940 Patre
1969 2885 2217 2941 conﬁteri

632 2985 761 3025 SUOS
793 2981 839 3024 Ρ.

700 3057 754 3113 4.
787 3058 867 3113 Tu
896 3059 1056 3127 igitur
1082 3060 1173 3129 qui
1213 3060 1444 3126 laboras,
1479 3070 1535 3116 ut
1571 3064 1791 3125 scribis,
1825 3065 2088 3120 rationem
2116 3083 2215 3137 pro

2313 1910 2409 1961 pra
2464 1892 2727 1946 dominum
2753 1909 2902 1946 suum
2936 1902 2982 1946 ³.
3014 1892 3100 1957 Et,
3140 1894 3183 1947 si
3218 1895 3645 1964 patremfamilias
3688 1895 3884 1949 Beelze~

2314 1979 2410 2032 bub
2440 1980 2518 2050 (ά)
2563 1990 2881 2041 vocaverunt,
2924 1993 3113 2052 quanto
3158 1984 3324 2053 magis
3353 1982 3652 2038 domesticos
3681 1985 3789 2055 ejus
3826 1987 3882 2039 .V!

2314 2070 2370 2124 Si
2400 2070 2682 2124 Dominum
2707 2079 2763 2125 et
2787 2074 2827 2101 ι⁰
2845 2072 3034 2139 Deum,
3063 2086 3221 2141 quem
3240 2073 3530 2141 sequimur,
3556 2084 3882 2140 amaverunt,

2313 2168 2368 2216 et
2398 2175 2495 2215 nos
2519 2162 2773 2215 amabunt
2797 2180 2811 2226 ;
2841 2164 2885 2214 si
2915 2162 3061 2215 illum
3084 2166 3331 2232 persecuti
3352 2172 3490 2226 sunt,
3515 2174 3566 2217 et
3596 2182 3691 2218 nos
3720 2182 3878 2235 perse-

2315 2263 2550 2322 quentur.
2601 2249 2718 2314 Quo
2749 2252 2798 2320 5
2839 2249 2992 2303 nobis
3038 2250 3108 2320 (e)
3152 2252 3375 2318 gratiam
3429 2253 3630 2317 mundi,
3664 2268 3782 2322 qua:
3809 2263 3884 2309 est

2315 2345 2497 2399 odium
2525 2342 2761 2396 Christi?
2803 2342 2865 2396 Si
2894 2342 2956 2395 de
2984 2343 3195 2408 mundo,
3243 2344 3435 2411 inquit,
3466 2346 3667 2411 essetis,
3698 2353 3890 2399 amaret

2316 2434 2534 2488 mundus
2557 2433 2695 2501 quod
2721 2440 2853 2485 esset
2888 2448 3037 2486 suum
3069 2442 3111 2485 ι.

2388 2526 2440 2575 6.
2472 2523 2551 2575 Tu
2578 2537 2727 2590 ergo,
2759 2522 2848 2589 qui
2874 2523 3137 2577 rationem
3167 2525 3362 2592 qureris
3388 2524 3616 2579 reddere
3657 2526 3885 2580 homini-

2317 2614 2435 2678 bus,
2467 2621 2522 2667 et
2560 2613 2641 2666 his
2667 2605 2988 2677 inﬁdelibus,
3020 2612 3143 2666 vide
3181 2613 3307 2683 quid
3334 2613 3635 2678 desideres;
3664 2615 3885 2680 gratiam

2318 2704 2435 2758 sine
2463 2703 2625 2758 dubio
2662 2703 2957 2766 hominum,
2989 2702 3040 2755 id
3068 2709 3152 2756 est
3180 2702 3382 2769 mundi,
3428 2704 3513 2757 cui
3540 2703 3756 2771 placere
3783 2719 3884 2757 non

2319 2804 2491 2865 potes,
2524 2794 2626 2848 nisi
2655 2793 2868 2848 Christo
2897 2793 3151 2847 malueris
3185 2793 3486 2862 displicere.
3519 2793 3580 2848 Si
3615 2796 3774 2862 enim,
3806 2796 3885 2848 in-

2318 2886 2436 2953 quit
2464 2887 2513 2956 (f
2525 2885 2542 2953 )
2568 2883 2875 2954 Apostolus,
2907 2882 3196 2936 hominibus
3236 2884 3487 2952 placerem
3506 2924 3522 2951 ,
3564 2882 3756 2938 Christi
3783 2902 3887 2938 ser-

2318 2995 2409 3034 vus
2437 2994 2539 3031 non
2577 2992 2739 3029 essem
2771 2984 2847 3026 η.
2881 2973 3266 3043 Displiceamus
3293 2988 3420 3041 ergo
3448 2974 3547 3037 bis,
3579 2982 3633 3029 et
3658 2976 3886 3043 gratule-

2319 3084 2441 3125 mur
2467 3067 2655 3121 iisdem
2684 3080 2783 3118 nos
2808 3064 3109 3133 displicere,
3146 3064 3337 3133 quibus
3362 3072 3417 3117 et
3443 3064 3581 3117 Deus
3619 3064 3880 3134 displicet.

630 3166 752 3205 meo
780 3166 844 3205 ac
873 3158 965 3204 tuo
986 3151 1124 3205 facto
1145 3153 1387 3216 reddere,
1419 3153 1546 3222 quid
1577 3154 1754 3219 facies,
1785 3155 1830 3210 si
1859 3171 1963 3211 non
1988 3172 2211 3225 persua-
2238 3159 2281 3221 C
2315 3158 2430 3213 Non
2457 3158 2600 3212 enim
2632 3166 2892 3219 nostrum,
2911 3164 2965 3211 ut
2985 3156 3111 3222 scis,
3140 3156 3233 3211 sed
3260 3154 3470 3210 Domini
3501 3157 3668 3211 nostri
3698 3160 3733 3189 ”
3764 3156 3883 3212 Jesu

631 3241 765 3294 seris
792 3241 1093 3294 hominibus
1122 3257 1228 3295 non
1267 3242 1330 3295 ad
1373 3244 1777 3298 aadilicationem
1807 3262 1990 3309 suam,
2022 3248 2116 3301 sed
2143 3249 2210 3302 ad

631 3328 1048 3382 destructionem
1078 3338 1222 3384 tuam
1254 3339 1431 3385 tecum
1475 3333 1543 3385 de
1568 3349 1731 3402 opere
1771 3334 1866 3389 Dei
1894 3336 2214 3404 disputanti-

632 3418 762 3472 bus?
789 3417 905 3473 Jam
934 3421 1237 3486 erubesces,
1262 3421 1480 3490 jamque
1500 3424 1752 3492 pallebis,
1778 3434 1831 3479 ut
1863 3442 2036 3481 causa
2059 3430 2213 3496 pejo-

632 3509 705 3561 ris
729 3518 996 3575 assertor;
1029 3519 1082 3565 et
1110 3520 1286 3566 motus
1312 3513 1477 3580 gradu
1508 3516 1528 3546 ⁸
1560 3515 1815 3570 titubahis
1840 3517 1891 3570 in
1923 3518 2004 3571 via
2032 3518 2214 3573 DOmi-

632 3600 703 3664 ni,
738 3608 792 3653 et
832 3600 899 3655 de
927 3602 1064 3656 coelo
1093 3602 1143 3656 in
1174 3610 1374 3657 terram
1414 3604 1690 3671 relaberis,
1720 3606 1764 3660 si
1793 3622 1911 3677 qua:
1939 3608 2214 3663 mdilicasti

632 3692 878 3748 destruis.
910 3693 1129 3748 Multum
1155 3695 1396 3761 interest,
1418 3698 1637 3766 quinam
1670 3698 1743 3769 (b)
1776 3698 1861 3752 isti
1886 3700 1993 3753 sint
2021 3701 2215 3767 quibus

632 3784 767 3837 ratio
794 3784 1059 3839 reddenda
1092 3786 1178 3841 sit.
1211 3784 1266 3840 Si
1294 3787 1531 3842 discendi
1573 3789 1748 3845 studio
1776 3791 1941 3853 venit,
1974 3800 2030 3843 et
2059 3792 2213 3858 igno-

627 3875 858 3928 rantiam
903 3875 1215 3943 conﬁtetur;
1256 3893 1448 3948 sparge
1496 3880 1549 3933 in
1596 3896 1717 3934 eum
1764 3896 1948 3935 semen
1986 3880 2129 3945 ﬁdei,
2160 3888 2215 3936 et

632 3971 953 4033 prmceptum
974 3967 1147 4034 pande
1175 3968 1430 4022 divinum.
1463 3968 1519 4023 Si
1548 3972 1690 4038 capit
1717 3973 1959 4037 verbum,
1989 3972 2215 4026 lucratus

631 4066 683 4104 es
709 4050 959 4107 Ecclesia:
988 4055 1203 4123 fratrem
1225 4066 1275 4118 ιι,
1301 4064 1353 4109 et
1375 4072 1533 4111 ovem
1577 4058 1809 4113 Christo.
1842 4060 1899 4113 Si
1936 4077 2067 4115 vero
2108 4077 2214 4116 non

629 4141 732 4193 erit
773 4157 963 4210 purum
1015 4143 1141 4196 boni
1170 4144 1388 4200 seminis
1430 4160 1670 4215 germen,
1697 4158 1753 4202 et
1775 4163 1803 4201 a
1834 4157 2099 4207 nocturno
2120 4167 2215 4222 pa-

630 4230 957 4285 trisfamilias
984 4234 1218 4288 cmlestis
1258 4236 1473 4290 inimico
1499 4237 1703 4292 zizania
1732 4240 2086 4296 interserente
2108 4244 2217 4296 fru-

630 4321 825 4375 mentis
858 4332 903 4386 τ,
936 4338 1135 4379 nocens
1160 4338 1377 4392 gramen
1409 4334 1464 4380 et
1510 4327 1690 4383 infelix
1718 4344 1870 4399 seges
1907 4347 1940 4386 a
1977 4332 2216 4400 frugibus

628 4409 784 4466 bonis
809 4413 995 4468 messis
1020 4421 1262 4484 tempore
1281 4418 1637 4486 segreganda;
1663 4434 1760 4474 nec
1779 4420 1986 4475 horreis
2011 4420 2212 4491 debita,

2313 3249 2531 3313 Christi,
2565 3249 2615 3302 id
2644 3256 2726 3302 est
2753 3248 3134 3315 omnipotentis
3170 3247 3263 3300 Dei
3290 3262 3426 3315 opus
3449 3248 3503 3301 in
3526 3249 3682 3301 nobis
3712 3248 3881 3301 laces-

2314 3347 2466 3401 sunt;
2496 3352 2655 3405 quem
2686 3337 2737 3390 in
2766 3337 2875 3390 suis
2903 3336 3109 3390 actibus
3137 3340 3424 3405 spernunt,
3450 3336 3503 3390 in
3534 3338 3735 3392 nostris
3759 3353 3885 3406 ope-

2315 3430 2461 3482 ribus
2489 3428 2734 3490 oderunt,
2761 3441 2882 3480 sero
2911 3425 3103 3479 dicturi
3135 3443 3147 3477 :
3181 3424 3418 3491 Domine,
3449 3426 3655 3496 quando
3679 3436 3726 3479 te
3761 3426 3884 3479 vidi-

2315 3534 2428 3571 mus
2450 3517 2666 3580 nudum,
2696 3525 2743 3568 et
2772 3532 2874 3568 non
2907 3516 3233 3569 vestivimus?
3259 3517 3583 3579 esurientem,
3607 3527 3656 3569 et
3677 3533 3781 3570 non
3807 3517 3881 3569 ci-

2316 3607 2582 3660 bavimus?
2603 3606 2883 3674 inﬁrmum,
2907 3615 2957 3658 et
2976 3621 3078 3659 non
3108 3606 3418 3658 visitavimus
3437 3605 3493 3642 δι)
3511 3606 3535 3658 ?
3555 3604 3620 3657 Et
3641 3614 3767 3660 tunc
3790 3621 3885 3659 au-

2315 3697 2476 3751 dituri
2504 3714 2516 3748 :
2550 3694 2631 3748 Ite
2652 3697 2706 3747 in
2744 3697 2916 3763 ignem
2937 3703 3215 3761 (sternunt,
3236 3710 3383 3764 quem
3410 3696 3725 3763 praeparavit
3754 3692 3886 3747 Deus

2317 3788 2453 3855 patri
2476 3793 2639 3839 vestro
2668 3794 2718 3838 et
2738 3784 2937 3853 angelis
2956 3786 3066 3855 ejus
3093 3794 3178 3847 cc;
3210 3783 3461 3851 quoniam
3495 3798 3614 3851 qua:
3645 3783 3885 3852 indigen-

2317 3877 2457 3930 tibus
2488 3892 2592 3930 non
2623 3874 2839 3938 faciunt,
2869 3875 3081 3929 Christo
3113 3885 3335 3943 negant;
3367 3875 3458 3942 qui
3488 3891 3603 3927 cum
3638 3875 3778 3928 dives
3802 3892 3884 3927 es-

2315 3975 2410 4030 set,
2429 3982 2622 4035 pauper
2651 3967 2816 4035 fartus
2834 3972 2929 4029 est,
2957 3972 3012 4016 ut
3038 3979 3130 4017 nos
3154 3980 3247 4016 sua
3270 3970 3570 4032 paupertate
3600 3963 3788 4016 ditaret
3805 3960 3882 4014 δι’.

2390 4056 2440 4109 7.
2492 4055 2760 4108 Fruuntur
2820 4054 3033 4108 interim
3058 4052 3451 4121 voluptatibus,
3501 4053 3885 4121 dignitatibus,

2318 4147 2509 4215 opibus
2536 4145 2666 4211 suis,
2697 4145 2739 4198 si
2770 4152 2949 4198 tamen
2995 4158 3181 4198 eorum
3222 4150 3346 4197 sunt
3373 4140 3465 4205 θος
3484 4158 3618 4211 quas
3648 4143 3767 4196 istic
3794 4143 3886 4197 ha-

2317 4236 2444 4289 bere
2472 4234 2674 4287 malunt
2704 4234 2792 4287 ubi
2831 4248 2947 4287 esse
2975 4233 3283 4296 desinimus,
3316 4247 3475 4301 quam
3506 4232 3613 4286 illic
3653 4234 3743 4287 ubi
3769 4246 3886 4286 esse

2316 4326 2671 4399 persistimus.
2688 4322 2800 4380 Sibi
2826 4324 3058 4381 habeant
3085 4324 3421 4394 sapientiam,
3444 4323 3541 4377 sibi
3574 4324 3886 4379 felicitatem

2316 4435 2467 4475 suam
2500 4436 2512 4471 :
2538 4418 2699 4471 nobis
2721 4416 2956 4484 inopiam
2996 4422 3255 4480 nostram,
3283 4423 3341 4467 ut
3370 4422 3579 4483 putant,
3611 4422 3667 4467 et
3709 4413 3885 4467 stulti-

628 4499 721 4553 sed
768 4503 1013 4571 caminis,
1043 4505 1239 4574 pabulo
1289 4507 1426 4575 ignis
1469 4509 1656 4562 aeterni
1705 4524 1890 4564 arsura
1936 4512 2209 4578 materies,
2242 4522 2288 4582 ι)
2315 4512 2442 4565 tiam
2483 4516 2721 4563 nostram
2766 4506 3089 4575 relinquant.
3141 4505 3217 4558 De
3247 4504 3410 4572 ipsius
3438 4503 3601 4557 etiam
3625 4541 3642 4567 ,
3685 4518 3844 4571 quem
3868 4540 3886 4566 ,

628 4591 738 4646 suis
765 4592 976 4648 interim
998 4596 1189 4651 crescit
1209 4596 1487 4662 incendiis,
1517 4598 1720 4666 refuge,
1739 4606 1795 4653 et
1822 4600 2020 4669 repelle
2040 4601 2210 4656 collo-

2318 4600 2419 4657 etsi
2452 4599 2655 4653 nomine
2686 4597 3026 4665 confitentur,
3060 4602 3228 4648 tamen
3257 4602 3374 4646 actu
3402 4602 3610 4664 negant,
3646 4592 3887 4646 habentes

699 4731 725 4759 ἰ
756 4721 898 4778 Psal.
932 4741 1111 4799 ιιςιιςι,
1145 4725 1195 4779 5.
1271 4725 1305 4799 ιζ
1330 4726 1541 4799 Sap.},
1566 4727 1626 4793 6;
1658 4727 1781 4799 Mal.
1806 4746 1875 4794 ιν,
1906 4728 1959 4799 2.
2039 4742 2061 4769 ο
2091 4730 2212 4785 Psal

2316 4748 2373 4799 ιι,
2404 4732 2465 4793 5,
2494 4738 2547 4783 et
2574 4727 2866 4799 cxxx1x,74_.
2940 4725 2975 4799 δ,
2998 4725 3147 4799 Psal.
3172 4744 3225 4793 v,
3266 4725 3351 4790 10,
3380 4734 3435 4799 et
3450 4727 3663 4799 gini,_5._
3730 4724 3888 4799 ξοδ-

629 4789 720 4860 [ιιι.
748 4803 805 4856 v,
855 4809 941 4853 Ix:
987 4795 1149 4849 lCor.
1184 4812 1237 4860 v,
1278 4796 1329 4851 6.

629 4928 711 4982 10.
777 4930 865 5003 31”]
895 4928 1079 5003 Cori],
1104 4934 1191 4987 27.
1272 4944 1295 4970 ο
1325 4935 1480 4998 lbid.,
1504 4935 1593 4990 25.
1672 4949 1696 4986 P
1719 4937 1909 4991 Matth.
1933 4928 1990 5003 χ,
2020 4940 2117 5003 55;
2150 4939 2276 4993 Luc.
2309 4955 2380 5002 ix,
2413 4936 2510 5001 ‘26;
2540 4928 2704 4990 Marc.
2734 4953 2842 4997 vm,
2864 4934 2951 4989 58.
3016 4945 3053 5003 ft
3083 4928 3281 5003 Matth.
3301 4950 3445 4997 xvm,
3472 4933 3557 5003 15.

1554 5008 1572 5075 ι
1607 5003 1738 5060 ibid.
1771 5007 1822 5059 s.
1900 5017 1923 5043 u
1947 5008 2134 5062 Matth.
2161 5025 2212 5071 ν,
2244 5007 2332 5075 29,
2360 5009 2446 5061 δι).

628 5014 741 5065 χιιι,
770 4998 859 5054 25.
938 5011 958 5036 ⁸
984 5001 1172 5057 Matth.
1205 5021 1348 5067 xvut,
1388 5005 1473 5059 17.

1413 4799 1429 4834 ι’
1465 4796 1605 4852 Psal.
1646 4815 1696 4859 v,
1730 4798 1780 4851 6.
1859 4810 1883 4845 ις
1920 4798 2059 4854 Psal.
2102 4817 2231 4865 xvn,
2260 4796 2368 4854 26.
2424 4799 2450 4835 ιι
2480 4799 2521 4852 ll
2545 4799 2683 4851 Tim.
2714 4814 2771 4863 ιι,
2796 4797 2881 4851 19.

629 4855 685 4934 ξ),
713 4855 819 4916 sec.
845 4862 988 4934 μιχ
1012 4863 1165 4931 juxta
1192 4855 1444 4921 Hebraeos
1464 4883 1519 4927 χ,
1552 4867 1605 4920 9.
1681 4855 1706 4905 ίί
1737 4864 1879 4922 Psal.
1904 4886 1992 4934 vn,
2030 4869 2092 4921 16
2120 4880 2175 4924 et
2200 4855 2282 4922 1'7.

2964 4796 2977 4833 ί
3009 4792 3170 4851 Eccli.
3201 4792 3377 4857 XXVIII,
3409 4795 3497 4848 28.
3578 4797 3592 4846 l
3634 4793 3773 4850 Psal.
3809 4812 3884 4862 ix,

2898 4876 2933 4900 πη
2966 4864 3106 4919 Psal.
3140 4881 3226 4931 cx,
3262 4865 3357 4927 10;
3384 4863 3542 4918 Prov.
3572 4882 3607 4927 ι,
3644 4865 3692 4926 7,
3725 4876 3781 4918 et
3808 4881 3882 4927 ix,

2898 4934 2951 4985 8.
3026 4945 3053 4983 τι
3083 4934 3268 4985 Matth.
3301 4950 3445 4985 xvm.
3472 4933 3557 4985 15.
3638 4944 3658 4970 ι’
3690 4933 3883 4985 Matth.

2369 4869 2379 4906 ι
2410 4870 2428 4922 1
2457 4868 2594 4921 Tim.
2624 4884 2698 4930 vr,
2734 4867 2819 4920 11.

2527 5019 2543 5041 ν
2571 5006 2759 5059 Matth.
2791 5023 2841 5067 γ,
2876 5004 2975 5067 12ς
3007 5002 3134 5057 Luc.
3168 5020 3236 5062 vr.
3261 5002 3349 5056 25.
3427 5012 3451 5037 ι
3481 5002 3667 5056 Matth.
3699 5018 3753 5063 ι,
3777 5001 3883 5065 24ς

626 5067 822 5142 Johan.
849 5086 958 5142 xm,
996 5071 1112 5142 16.“
1155 5084 1183 5120 γ
1214 5075 1397 5128 Matth.
1432 5091 1484 5139 ιι,
1513 5074 1601 5129 25.
1645 5086 1701 5130 ,ι
1727 5075 1919 5129 Johan.
1954 5094 2040 5139 xv,
2068 5078 2154 5132 19.
2199 5067 2207 5071 ⁷

2317 5067 2433 5131 Cal.
2468 5093 2505 5142 I,
2554 5075 2641 5129 10.
2716 5074 2774 5113 ω)
2803 5074 2989 5127 Matth.
3039 5088 3163 5137 xxv,
3195 5071 3285 5139 44,
3329 5081 3384 5126 et
3412 5086 3479 5126 ex
3518 5088 3569 5127 v.
3605 5072 3672 5125 57
3706 5081 3763 5125 et
3793 5070 3885 5125 58.

631 5148 682 5175 ει
713 5138 845 5193 lbid.
896 5140 984 5193 41.
1061 5140 1117 5178 δά
1148 5142 1191 5197 ll
1219 5143 1345 5199 Cor.
1375 5138 1484 5208 vm,
1529 5145 1579 5198 9.
1661 5155 1713 5183 °°
1745 5146 1872 5214 Sap.
1904 5163 1960 5211 ιι,
1991 5138 2042 5200 6.

696 5247 772 5316 (a)
801 5247 878 5302 Ita
904 5250 957 5303 in
988 5250 1167 5305 multis
1192 5252 1337 5306 libris
1360 5252 1459 5318 legi
1488 5253 1678 5307 asserit
1701 5253 1944 5308 Nobilius
1968 5256 2016 5307 in
2038 5255 2191 5309 scho-

625 5313 713 5369 liis
754 5313 830 5397 ad
855 5320 1169 5397 ,yersionem
1205 5321 1380 5397 dixit:
1409 5313 1508 5397 Sic
1536 5323 1917 5397 _legit_ur__apud
1948 5324 2203 5397 Augusti-

625 5400 751 5437 num
773 5387 824 5440 in
854 5387 1084 5458 Speculo
1111 5390 1178 5444 de
1204 5391 1295 5445 lib.
1326 5387 1616 5445 Malachim.
1656 5390 1714 5445 1n
1743 5387 1987 5459 Vulgata,
2018 5387 2098 5447 sol
2122 5394 2202 5445 in-

623 5456 932 5513 telliaentiaz.

623 5527 768 5649 vi
800 5527 898 5583 Ed.
927 5529 1137 5598 Schot.,
1168 5532 1263 5584 iste
1283 5530 1351 5584 sit
1379 5530 1479 5583 cui.
1511 5529 1639 5596 Qua:
1676 5531 1845 5586 lectio
1886 5532 2201 5587 concinnior

773 5614 853 5649 lll‘.

658 5610 853 5652 ltl‘cllll‘.

695 5666 765 5732 (ε)
788 5668 865 5724 ita
894 5685 1019 5726 mss.
1049 5670 1260 5726 codices
1280 5679 1336 5726 et
1355 5680 1472 5726 eoo.
1509 5670 1666 5725 Rosv.
1704 5670 1803 5725 Alii
1828 5670 1948 5726 edd.
1980 5666 2198 5723 Abstin-

2304 5251 2637 5333 datur:Yid_e.
2654 5250 3052 5333 adnotationem
3076 5254 3313 5304 nostram
3342 5249 3409 5303 ad
3434 5249 3592 5320 epist.
3611 5247 3697 5313 25,
3721 5263 3777 5301 ιι.
3796 5248 3883 5304 12.

2311 5332 2365 5375 et
2392 5339 2423 5376 e
2462 5323 2547 5375 ist.
2581 5321 2666 5383 11,
2698 5336 2751 5373 ιι.
2788 5320 2838 5372 7.

2381 5340 2459 5457 (iii
2499 5391 2588 5444 Sic
2615 5405 2741 5444 mss.
2775 5388 2989 5444 codices
3018 5389 3146 5457 Reg.
3174 5397 3228 5445 et
3259 5388 3407 5443 Vien.
3438 5385 3602 5453 Editi,
3622 5402 3881 5441 vocavere.

2405 5461 2453 5527 e)
2485 5460 2581 5512 Ms.
2615 5459 2783 5529 codex
2818 5457 2992 5529 Yien.,
3028 5462 3219 5529 gratia.

2407 5524 2457 5599 f)
2488 5527 2781 5598 Apostolus.
2801 5526 2983 5599 __lianc
3010 5524 3235 5599 vocem,
3258 5542 3377 5596 quae
3421 5525 3652 5599 maxime
3677 5524 3883 5579 deside-

2308 5595 2547 5662 rabatur,
2570 5612 2636 5653 ex
2665 5612 2766 5652 ms.
2801 5595 3086 5653 VienneuSi
3118 5595 3304 5652 codice
3333 5595 3708 5665 supplevimus.
