4020 6186
235 358 323 411 l5?

1634 346 1969 405 EPISTOLA
2005 347 2046 403 l.

3390 349 3495 404 158

230 474 434 542 speciem
483 470 689 541 pietatis
717 511 733 536 ,
785 469 1025 523 virtutem
1079 468 1192 538 ejus
1249 463 1562 534 abnegantes
1616 472 1674 527 ⁶;
1731 461 1799 516 de
1827 472 1877 529 Α
1904 471 2011 517 esto
2035 504 2050 527 ,
2100 463 2155 516 in
2195 463 2428 519 omnibus
2478 463 2691 533 labora,
2734 477 2988 519 certamen
3039 464 3223 519 bonum
3252 475 3391 519 certa
3425 468 3488 529 ¹³,

229 564 407 631 ipsius,
438 563 671 633 inquam,
700 560 798 615 Dei
826 559 997 614 nostri
1025 556 1206 612 verbis
1232 554 1570 624 prudentiam
1600 554 1721 616 sibi,
1753 553 1799 607 si

226 654 409 723 placet,
437 658 705 719 arrogent,
746 658 803 704 et
845 648 1127 703 stultitiam
1158 646 1314 700 nobis
1341 644 1687 715 exprobrem.
1713 644 1801 697 Ait

227 744 359 798 enim
403 742 657 797 Dominus
694 758 707 794 :
748 739 881 794 Filii
909 740 1064 809 hujus
1109 737 1267 790 seculi
1296 737 1633 807 sapientiores
1679 742 1801 788 sunt

224 835 341 905 [iliis
381 831 589 897 lucisb;
618 831 714 887 sed
754 831 953 899 adjecit
985 846 999 883 :
1032 828 1100 883 In
1140 828 1239 882 hac
1282 828 1628 898 generatione.
1677 825 1799 880 Sint

222 924 609 993 prudentiores,
639 921 765 977 dum
788 938 899 976 non
921 922 1029 975 sint
1058 918 1152 973 ﬁlii
1177 919 1331 973 lucis.
1365 916 1483 973 Sint
1502 914 1559 972 in
1586 918 1683 971 hac
1702 934 1798 971 sua

225 1015 261 1044 “
274 1014 602 1083 generatione
618 1012 899 1081 sapientes,
920 1010 1044 1064 dum
1072 1010 1127 1063 in
1151 1008 1240 1063 illa
1262 1008 1669 1075 regeneratione
1694 1023 1795 1062 no-

221 1113 319 1158 stra
341 1103 685 1157 inveniantur
712 1101 994 1156 excordes.
1031 1099 1152 1154 Sint
1180 1114 1323 1153 nunc
1348 1098 1493 1153 beati
1515 1097 1600 1152 vel
1627 1096 1796 1165 magis

218 1193 491 1257 fortunati,
514 1207 610 1261 per
636 1191 815 1245 omnia
846 1205 1123 1260 prOSpera,
1151 1189 1227 1260 (a)
1258 1187 1567 1243 blandiente
1586 1186 1790 1249 seculo,

220 1282 545 1345 deﬁuentes;
584 1282 833 1335 mollibus
862 1282 1187 1342 vestiantur,
1232 1280 1285 1332 in
1315 1278 1564 1333 domibus
1608 1289 1792 1343 regum

216 1373 313 1427 sint
342 1382 402 1436 ες
438 1371 563 1426 dum
607 1372 659 1425 in
688 1370 953 1424 laboribus
982 1369 1247 1422 hominum
1289 1383 1393 1421 non
1429 1368 1564 1435 sint,
1601 1375 1650 1419 et
1677 1381 1792 1417 cum

217 1463 502 1516 hominibus
524 1480 625 1515 non
656 1462 983 1531 ﬂagellentur
1001 1460 1052 1513 (³.
1077 1458 1196 1513 Sint
1216 1459 1408 1513 divites
1436 1457 1641 1519 seculo,
1665 1456 1789 1524 quia

214 1560 329 1606 sunt
352 1560 578 1620 egentes
616 1550 749 1613 Dei;
789 1550 857 1603 de
885 1549 1081 1619 quibus
1109 1548 1370 1617 scriptum
1414 1552 1497 1601 est
1529 1562 1543 1600 :
1590 1543 1785 1598 Dirites

216 1650 458 1710 eguerunt
488 1650 535 1693 et
563 1641 851 1696 esurierunt
882 1648 940 1703 e;
970 1638 1106 1692 sicut
1138 1637 1206 1691 de
1235 1636 1389 1690 nobis
1417 1636 1560 1691 illico
1602 1632 1787 1701 subje-

216 1741 346 1787 ctum
378 1750 395 1784 :
438 1730 758 1801 Inquirentes
787 1738 959 1783 autem
986 1729 1266 1782 Dominum
1295 1744 1399 1782 non
1432 1726 1506 1797 (b)
1537 1726 1785 1794 deﬁcien-

214 1832 288 1875 tnr
304 1823 453 1876 omni
477 1823 607 1876 bono
638 1820 682 1875 ί.

273 1920 322 1973 8.
354 1919 594 1997 Utinam,
622 1920 693 1973 mi
716 1918 900 1984 frater,
934 1918 1081 1986 digni
1112 1918 1406 1972 habeamur
1436 1918 1525 1987 qui
1556 1916 1784 1971 maledi-

216 2027 405 2076 camur,
436 2022 490 2065 et
521 2020 786 2071 notemur,
837 2018 893 2065 et
928 2018 1289 2073 conteramur,
1321 2016 1481 2076 atque
1505 2008 1668 2062 etiam
1701 2008 1783 2059 in-

214 2103 537 2155 terﬁciarnur
562 2102 614 2155 in
646 2102 861 2156 nomine
890 2100 1015 2155 Jesu
1046 2099 1242 2154 Christi
1278 2108 1323 2162 8,
1357 2099 1480 2152 dum
1510 2114 1617 2152 non
1671 2100 1783 2167 ipse

215 2192 482 2245 occidatur
507 2192 752 2245 Christus
772 2192 824 2244 in
858 2192 1031 2245 nobis.
1064 2190 1199 2253 Tum
1228 2191 1442 2244 demum
1470 2206 1623 2259 super
1649 2190 1786 2258 aspi-

215 2282 311 2334 dem
332 2292 378 2334 et
402 2282 699 2335 basiliscum
730 2281 1108 2336 ambularemus
1128 2322 1142 2345 ,
1173 2290 1221 2334 et
1244 2282 1661 2336 conculcaremus
1692 2298 1782 2334 ca-

215 2383 289 2439 put
304 2374 551 2425 draconis
572 2370 708 2443 ι(γ.
727 2380 840 2427 ιιοῑ.
874 2371 962 2441 59)
995 2373 1220 2442 antiqui.
1254 2372 1362 2427 Sed
1392 2372 1566 2427 adhuc
1588 2372 1783 2437 amico,

216 2463 339 2530 quod
368 2463 529 2531 pejus
557 2470 659 2528 est,
691 2464 875 2517 seculo
920 2464 1192 2527 solvimur,
1224 2470 1282 2516 et
1316 2464 1369 2516 in
1396 2462 1612 2517 Christo
1652 2463 1786 2517 deli-

216 2555 404 2607 ciamur
440 2573 451 2605 :
482 2556 537 2624 6
564 2554 769 2608 laudari
810 2563 1017 2608 tantum
1059 2555 1111 2607 in
1143 2555 1357 2608 nomine
1398 2554 1565 2623 ipsius
1594 2570 1782 2607 aman-

216 2650 311 2710 tes,
337 2644 649 2697 contristari
689 2654 745 2697 et
799 2645 1058 2709 tribulari,
1103 2645 1245 2714 quod
1287 2654 1367 2698 est
1400 2646 1599 2709 utilius,
1631 2661 1787 2699 recu-

216 2743 396 2787 santes.
431 2734 698 2789 Memento
727 2749 951 2804 granum
981 2736 1201 2805 sinapis,
1235 2736 1303 2790 de
1330 2752 1438 2805 quo
1466 2737 1668 2792 semine
1690 2752 1783 2790 su-

218 2838 340 2889 mus,
366 2825 414 2879 si
460 2834 793 2889 conteratur,
826 2824 1047 2879 accendi
1086 2826 1287 2893 magis,
1335 2834 1390 2879 et
1420 2834 1532 2879 tum
1570 2826 1785 2880 demum

217 2916 263 2968 in
288 2917 388 2970 vim
429 2932 586 2971 suam
634 2918 878 2972 excitari.
929 2918 1291 2983 Quamobrem
1329 2917 1586 2972 debemus
1632 2918 1786 2987 quasi

218 3016 402 3061 natura:
446 3017 652 3061 nostra:
683 3008 735 3061 in
778 3009 881 3063 hoc
909 3009 1259 3078 respondere,
1309 3018 1366 3063 ut
1403 3010 1642 3064 adversis
1671 3026 1786 3065 ser-

218 3098 446 3153 monibus
485 3098 747 3162 contriti,
795 3099 1196 3154 inardescamus
1239 3101 1305 3153 ad
1335 3099 1491 3154 ﬁdem
1536 3119 1549 3153 :
1596 3108 1651 3155 et
1691 3116 1787 3155 eos

1902 569 2108 611 cursum
2140 569 2462 619 consumma,
2513 563 2571 608 ut
2599 555 3003 626 apprehendas,
3049 557 3104 610 in
3144 572 3250 625 quo
3294 572 3489 625 appre-

1901 643 2101 698 hensus
2126 659 2185 698 es
2220 662 2233 697 :
2265 644 2329 697 de
2357 654 2521 699 cetera
2566 656 2841 715 reponetur
2872 646 2963 700 tibi
2995 663 3187 700 corona
3222 647 3441 716 justitia:
3465 690 3480 709 .

1899 750 2053 804 quam
2104 735 2282 789 reddet
2320 735 2577 790 Dominus
2623 738 2679 790 in
2731 738 2823 790 illa
2873 739 2956 791 die
3004 738 3177 807 justus
3215 737 3385 792 ludet
3424 742 3487 793 iis

1898 827 1983 895 qui
2003 825 2226 895 diligunt
2253 826 2526 880 adrentum
2545 829 2677 898 ejus.
2704 826 2810 883 Eos
2838 838 3009 881 autem
3029 829 3198 883 devita
3228 830 3270 860 “
3291 832 3376 899 qui
3400 847 3489 883 sa-

1898 934 2021 972 nam
2058 916 2351 991 doctrinam
2392 934 2497 971 non
2546 920 2829 985 sustinent,
2870 920 3185 989 voluptatum
3230 929 3486 975 mutares

1897 1011 2063 1079 magis
2084 1026 2237 1079 quam
2259 1008 2357 1063 Dei
2385 1019 2444 1074 ω,
2475 1010 2525 1064 in
2556 1010 2708 1079 pejus
2752 1026 2966 1080 semper
2994 1010 3365 1081 proﬁcientes;
3396 1027 3485 1068 se-

1895 1099 2155 1155 ducentes
2192 1107 2247 1154 et
2281 1100 2568 1166 seductos;
2600 1100 2848 1155 homines
2882 1110 3063 1156 mente
3091 1109 3394 1171 corruptos,
3429 1111 3486 1156 et

1896 1208 1927 1246 a
1958 1193 2183 1247 veritate
2204 1193 2429 1257 alienos,
2458 1201 2513 1247 et
2543 1193 2613 1248 ob
2659 1194 2761 1248 hoc
2791 1194 2963 1263 ipsum
3012 1194 3239 1247 traditos
3269 1194 3319 1246 in
3350 1209 3484 1247 con-

1895 1284 2254 1352 cupiscentias
2281 1284 2458 1339 cordis
2497 1285 2600 1350 sui,
2636 1286 2677 1316 ¹⁸
2722 1286 2773 1338 in
2825 1285 3075 1353 laqueum
3121 1293 3176 1338 et
3215 1284 3482 1339 desideria

1894 1374 2080 1438 multa,
2125 1388 2242 1442 qua:
2270 1390 2299 1427 a
2328 1375 2430 1429 lide
2458 1374 2743 1443 naufragos
2772 1382 3020 1442 mergunt
3047 1374 3096 1428 in
3127 1374 3399 1428 interitum
3426 1383 3482 1428 et

1895 1465 2252 1535 perditionem
2282 1474 2307 1501 υ
2341 1484 2353 1518 :
2392 1467 2519 1534 quia
2568 1474 2873 1521 creaturam
2923 1466 3276 1536 prmtulerunt
3317 1466 3482 1520 Crea-

1893 1557 1996 1612 tori
2030 1568 2077 1621 °,
2106 1557 2155 1610 id
2191 1566 2295 1624 est,
2322 1559 2601 1612 simulacra
2639 1560 2886 1629 gentium,
2919 1575 3101 1611 aurum
3133 1568 3183 1611 et
3208 1566 3481 1627 argentum

1892 1658 1919 1697 P
1944 1648 2053 1702 Deo
2078 1648 2255 1702 carius
2283 1650 2561 1707 habentes.
2586 1659 2865 1705 servantes
2889 1649 3097 1703 animas
3129 1664 3255 1704 suas
3292 1649 3345 1702 in
3376 1649 3481 1703 hoc

1891 1738 2112 1801 mundo,
2135 1738 2422 1806 perdentes
2468 1740 2520 1792 in
2567 1739 2783 1793 Christo
2808 1749 2836 1788 «ι
2870 1756 2883 1792 :
2918 1739 3142 1793 Discede
3180 1740 3248 1793 ab
3290 1738 3477 1806 hujus-

1822 1822 1863 1879 Β
1894 1831 2039 1884 modi
2067 1840 2113 1892 ι’,
2154 1838 2209 1884 et
2256 1831 2564 1899 prophanas
2595 1846 2790 1885 vocum
2837 1830 3105 1884 novitates
3150 1829 3359 1893 devita,
3410 1843 3479 1884 ne

1888 1922 2030 1975 circa
2058 1922 2381 1989 quaestiones
2411 1922 2581 1975 aniles
2606 1928 2662 1974 et
2688 1935 2856 1974 vanas
2877 1960 2891 1983 ,
2926 1928 3020 1973 aut
3066 1920 3257 1988 impias
3283 1921 3323 1949 "
3353 1934 3477 1972 ver-

1887 2012 2077 2065 borum
2120 2011 2514 2075 contentiones,
2570 2010 2795 2079 incipias
2837 2018 3121 2076 :egrotare,
3165 2016 3220 2062 et
3263 2008 3477 2077 pericli-

1886 2102 2017 2155 teris
2058 2117 2087 2155 a
2136 2101 2281 2155 falsis
2335 2101 2628 2165 fratribus,
2692 2109 2784 2154 aut
2841 2115 2872 2153 a
2934 2099 3158 2168 perditis
3218 2098 3476 2167 reproba-

1886 2191 2062 2260 tisque
2086 2191 2416 2259 sapientibus
2448 2200 2505 2255 3;
2538 2200 2593 2245 et
2618 2191 2863 2243 omnes”
2894 2189 2985 2256 qui
3008 2188 3284 2252 videbunt,
3309 2186 3475 2242 insul-

1889 2291 2036 2335 tante
2081 2281 2176 2350 (V.
2223 2289 2336 2335 not.
2371 2280 2426 2348 2)
2476 2281 2687 2344 zabulo,
2728 2279 2945 2333 dicant:
2981 2277 3085 2330 llic
3122 2277 3271 2331 homo
3325 2276 3474 2345 carpit

1889 2373 2169 2441 cedi/icore,
2201 2381 2249 2424 et
2289 2388 2393 2424 non
2424 2372 2589 2440 potuit
2624 2385 2982 2424 consummare
3014 2370 3057 2419 ί.
3085 2366 3239 2433 Quod
3262 2367 3401 2420 absit
3442 2380 3474 2420 a

1887 2463 2060 2526 nobis,
2088 2463 2178 2531 qui
2207 2478 2314 2515 non
2358 2462 2555 2515 nostris
2585 2461 2840 2530 operibus
2888 2467 2981 2512 aut
2999 2458 3219 2521 viribus,
3259 2458 3354 2511 sed
3392 2459 3475 2512 di-

1886 2557 2008 2609 vina
2037 2556 2236 2609 virtute
2264 2562 2319 2609 et
2366 2553 2732 2607 misericordia
2774 2550 2915 2615 freti,
2948 2566 3084 2620 opus
3129 2550 3475 2619 perfectionis

1888 2649 2127 2717 arripere
2162 2647 2277 2701 ausi
2307 2657 2508 2701 Sumus.
2550 2644 2750 2699 Potens
2789 2652 2873 2699 est
2896 2646 3026 2713 ipse,
3056 2644 3146 2713 qui
3177 2650 3260 2697 est
3296 2643 3475 2697 omni-

1886 2748 2098 2809 potens,
2145 2735 2403 2807 perﬁcere
2432 2738 2484 2790 in
2517 2737 2672 2791 nobis
2715 2751 2849 2803 opus
2878 2735 3223 2803 perfectionis
3258 2751 3387 2797 suae,
3418 2742 3474 2787 et

1887 2829 2030 2897 quod
2054 2828 2278 2881 fundare
2301 2826 2413 2895 jam
2442 2841 2505 2880 ac
2532 2827 2717 2895 primis
2748 2825 3010 2878 machinis
3053 2824 3261 2891 erigere
3288 2822 3475 2891 digna-

1852 2914 1855 2915 ⁷
1891 2928 1973 2971 tus
1997 2929 2099 2981 est,
2129 2918 2241 2972 suis
2270 2925 2480 2970 struere
2508 2910 2557 2985 ’1
2580 2916 2862 2977 mensuris,
2893 2922 2949 2967 et
2975 2925 3350 2966 consummare
3391 2909 3474 2962 fa-

1888 3010 2047 3077 stigio
2080 3026 2093 3061 :
2121 3009 2244 3076 quia
2293 3009 2408 3075 ipse
2449 3006 2678 3060 turbatis
2714 3004 2779 3058 ad
2807 3006 2847 3036 ¹⁸
2872 3004 3051 3071 operis
3098 3001 3248 3056 istius
3275 3000 3474 3055 molem

1890 3100 2053 3154 etiam
2084 3097 2343 3167 apostolis
2364 3096 2474 3150 suis
2498 3097 2746 3165 dignatus
2762 3104 2843 3149 est
2866 3093 3045 3147 dicere
3066 3091 3205 3161 apud
3231 3090 3475 3145 homines

221 3187 365 3254 ipsos,
398 3190 490 3258 qui
521 3206 623 3243 nos
672 3198 731 3242 ut
759 3190 1011 3244 minimos
1058 3192 1355 3252 hominum,
1388 3192 1596 3245 scilicet
1635 3193 1787 3259 quasi
1817 3181 1861 3241 C
1894 3190 2221 3259 impossibile
2267 3190 2370 3243 hoc
2396 3204 2534 3251 esse,
2589 3186 2683 3241 sed
2726 3202 2831 3239 non
2864 3184 3005 3255 apud
3050 3184 3220 3239 Deum
3240 3223 3257 3250 ,
3288 3183 3341 3237 in
3368 3195 3477 3251 quo

218 3296 417 3347 granum
448 3282 671 3350 sinapis,
704 3281 839 3351 quod
868 3282 1133 3333 minimum
1162 3292 1239 3334 est
1276 3284 1527 3335 seminum
1572 3281 1614 3346 ί,
1640 3281 1786 3334 fran-

217 3382 331 3435 gere
378 3380 670 3433 conantur,
716 3372 790 3439 (ε)
836 3386 1069 3426 uramus.
1120 3370 1175 3425 Si
1199 3388 1327 3426 vero
1365 3372 1401 3425 ii
1449 3373 1540 3440 qui
1590 3372 1787 3426 deforis

219 3468 342 3524 sunt,
373 3462 643 3515 rationem
670 3477 700 3514 a
733 3469 785 3515 te
814 3462 984 3516 sancti
1013 3463 1191 3531 operis
1212 3464 1508 3532 inquirunt,
1539 3471 1593 3516 et
1626 3478 1790 3516 vene-

219 3557 350 3605 natas
375 3552 443 3605 de
469 3548 638 3605 corde
667 3552 913 3620 viperino
943 3553 1150 3619 linguas
1180 3554 1231 3606 in
1254 3569 1348 3608 cor
1374 3562 1524 3607 tuum
1549 3554 1786 3617 vibrant;

219 3641 313 3694 noli
348 3642 478 3695 dare
531 3653 764 3695 sanctum
797 3642 1043 3708 canibus,
1075 3653 1125 3697 et
1162 3646 1475 3714 margaritas
1524 3652 1640 3698 tuas
1686 3662 1790 3698 non

218 3733 446 3799 proﬁcias
478 3744 599 3785 ante
623 3750 803 3801 porcos
831 3734 874 3787 ἱ.
909 3732 1037 3797 Qua:
1056 3737 1191 3787 enim
1221 3752 1342 3804 pars
1360 3735 1507 3803 ﬁdeli
1535 3752 1647 3788 cum
1668 3736 1791 3805 inﬁ-

217 3821 339 3875 deli?
378 3841 496 3892 qua:
535 3826 753 3878 societas
802 3826 906 3878 luci
946 3826 1015 3877 ad
1062 3824 1336 3878 tenebras?
1375 3842 1489 3895 qua:
1526 3828 1790 3881 conventio

218 3913 392 3977 Christ
432 3916 503 3968 ad
535 3915 702 3970 Belial
726 3915 792 3970 ιι

275 4022 323 4076 9.
366 4024 448 4078 Tu
478 4040 610 4079 vero
638 4027 793 4081 miles
819 4025 1015 4081 Christi
1042 4034 1281 4080 armatus
1305 4027 1373 4081 ab
1403 4027 1664 4096 Apostolo
1693 4045 1788 4098 ga-

216 4116 286 4169 lea
311 4117 518 4182 salutis,
549 4128 601 4171 et
631 4119 791 4173 lorica
808 4121 1062 4189 justitiw,
1088 4129 1137 4172 et
1175 4128 1318 4174 scuto
1354 4121 1495 4189 ﬁdei,
1528 4130 1577 4174 et
1616 4120 1790 4191 gladio

217 4210 449 4275 teritatis,
475 4221 526 4263 et
554 4213 740 4265 virtute
771 4212 999 4282 Spiritus
1029 4215 1197 4268 sancti
1232 4211 1273 4281 ¹,
1305 4221 1385 4268 sla
1418 4214 1468 4266 in
1496 4215 1659 4267 armis
1683 4229 1791 4268 cre-

216 4296 423 4353 lestibus
453 4309 728 4368 constans,
761 4312 815 4356 et
844 4304 945 4356 tela
968 4306 1163 4357 inimici
1202 4304 1479 4357 candentia
1508 4303 1655 4358 fonte
1699 4320 1790 4358 sa-

213 4386 415 4454 pientia:
444 4399 503 4445 et
526 4390 741 4447 ﬂumine
761 4409 914 4463 aqua:
948 4395 1000 4447 in
1033 4404 1086 4449 te
1105 4396 1335 4449 viventis
1358 4395 1647 4465 exstingue.
1681 4394 1790 4448 De-

214 4484 425 4545 positum
467 4486 691 4553 custodi,
723 4487 878 4554 ﬁdem
907 4503 1070 4551 serva,
1103 4487 1364 4557 justitiam
1394 4496 1609 4551 sectare,
1649 4487 1789 4539 cari-

214 4579 356 4629 tatem
395 4576 598 4631 Christi
643 4588 800 4641 tene,
859 4580 1165 4647 patientiam
1202 4578 1472 4643 azmulare,
1518 4593 1699 4631 exerce
1746 4586 1792 4629 te

212 4666 365 4735 ipsum
386 4669 462 4720 ad
486 4670 728 4737 pietatem
756 4684 870 4739 qut:
898 4670 967 4721 ad
1013 4669 1192 4724 omnia
1221 4668 1361 4722 utilis
1388 4676 1466 4721 est
1516 4684 1535 4721 :
1588 4668 1791 4722 sobrius

270 4855 297 4882 ‘
325 4846 437 4901 Tit.
473 4863 515 4912 ι,
545 4845 653 4910 iﬁ;
685 4844 729 4898 ll
778 4844 915 4899 Tim.
948 4862 1026 4909 ιιι,
1086 4842 1137 4898 5.
1214 4842 1243 4882 ι’
1275 4843 1402 4899 Luc.
1454 4862 1561 4904 xvr.
1594 4842 1647 4898 8.

214 4930 387 4982 sum,
434 4916 526 4968 Η.
609 4916 627 4953 ί
653 4916 773 4970 See.
810 4915 972 4968 Psalt.
1028 4915 1184 4968 Rom.
1265 4923 1289 4961 ε
1316 4916 1434 4967 Act.
1459 4931 1511 4980 v,
1542 4913 1627 4966 41.

214 4984 285 5039 ις).
362 4985 612 5038 iMalth.
658 5002 751 5050 vn,
782 4982 833 5037 6.
909 4982 931 5021 ιι
966 4984 1008 5037 ιι
1052 4985 1178 5037 Cor.
1212 4983 1422 5048 v1.1.5.

215 5051 246 5103 ll
273 5055 410 5110 Tim.
447 5071 490 5120 t,
522 5053 617 5118 l4;
651 5046 802 5113 ibid.,
828 5070 883 5117 ιι,
916 5052 1019 5116 22;
1051 5053 1069 5105 l
1102 5054 1240 5107 Tim.
1272 5046 1343 5114 Iv,
1375 5053 1441 5119 8;
1470 5053 1512 5107 ll
1537 5046 1674 5106 Tini.
1710 5070 1785 5114 Iv,
1813 5049 1879 5113 5;
1910 5048 2062 5113 ibid.,
2109 5046 2171 5106 8;

216 5120 286 5172 ΞΒ.
361 5138 387 5172 ιι
421 5124 567 5172 Psal-
598 5140 725 5172 cmi
780 5123 832 5172 4.
909 5136 935 5172 τι
962 5122 1156 5172 .lnhan.
1192 5139 1281 5172 xu.
1312 5123 1399 5172 25.
1479 5124 1496 5146 '
1526 5123 1544 5172 l
1576 5123 1712 5172 Tim.
1740 5138 1809 5172 vt.
1842 5119 1927 5172 ll.
2008 5128 2028 5154 ⁸
2063 5116 2105 5171 ll
2130 5116 2171 5169 Τ

216 5123 286 5176 ‘5.
361 5138 387 5175 ιι
420 5124 567 5178 Psal.
598 5140 725 5178 cxnl
780 5123 832 5176 4.
909 5136 935 5173 σι
962 5123 1156 5177 Johan.
1192 5139 1281 5181 xu,
1312 5123 1399 5176 25.
1479 5124 1496 5146 '
1525 5123 1545 5175 ι
1576 5123 1712 5177 Tim.
1740 5138 1787 5175 vI

214 5189 257 5243 9.
331 5198 351 5231 ι
390 5195 525 5248 Luc.
556 5210 662 5260 xiv,
696 5193 783 5247 50.
859 5201 886 5227 ιι
916 5193 1105 5248 Matth.
1135 5210 1245 5257 xxx,
1275 5192 1361 5247 26.
1440 5204 1467 5233 ν
1499 5191 1632 5247 Gen.
1669 5209 1760 5258 xu,

1891 5123 1927 5172 ι.
2008 5128 2028 5154 ³
2063 5123 2105 5171 ιι
2130 5123 2267 5169 Tim.
2300 5132 2355 5177 ιι,
2390 5123 2481 5178 25,
2584 5123 2603 5167 ι

1906 5204 2017 5243 sec.
2068 5184 2235 5251 LXX;
2275 5185 2395 5239 Act.
2432 5200 2505 5239 vn
2530 5224 2544 5248 ,
2586 5182 2639 5237 ’5.

216 5120 286 5176 ΞΒ.
361 5138 387 5175 ιι
420 5124 567 5178 Psal.
598 5140 725 5178 cxnl
780 5123 832 5176 4.
909 5136 935 5173 σι
962 5122 1156 5177 Johan.
1192 5139 1281 5181 xu,
1312 5123 1399 5176 25.

213 5275 343 5330 ιηιι,
389 5263 485 5318 19.

272 5419 346 5481 (a)
377 5418 483 5472 Ms.
510 5419 691 5481 \’ien.,
724 5416 1036 5472 blandientis
1064 5417 1239 5471 seculi.

274 5480 347 5555 (Ξ)
378 5488 525 5542 Edit.
551 5480 703 5541 Grin.
736 5496 792 5541 et
830 5486 1148 5542 Psalterium
1194 5486 1377 5549 Rom.,
1406 5485 1686 5555 deficient.
1735 5480 1794 5537 In

215 5551 395 5627 ceteris
424 5557 725 5627 psalteriis,
773 5557 827 5610 in
857 5557 1083 5625 Vulgata
1105 5596 1120 5619 ,
1153 5557 1206 5610 in
1228 5571 1368 5610 vers.
1403 5551 1501 5609 lat.
1545 5551 1706 5621 LXX,
1740 5560 1794 5607 et

216 5627 342 5691 apud
361 5626 443 5681 S.’
461 5627 836 5695 Augustinum,
866 5628 1181 5695 minuentur.

277 5696 345 5766 (ς)
375 5696 479 5752 Hs.
508 5694 659 5753 Vien.
690 5704 745 5751 ct
776 5696 900 5750 edit.
934 5694 1112 5761 Grin.,
1141 5711 1393 5748 curemus.

1822 4537 1869 4595 D

1728 4853 1751 4883 ε
1785 4840 1973 4894 Matth.
2008 4856 2081 4903 χι,
2113 4837 2185 4903 8;
2217 4836 2346 4890 Luc.
2378 4850 2486 4899 vn,
2520 4831 2610 4888 25.
2685 4832 2711 4871 ά
2746 4831 2885 4903 Psal.
2936 4846 3126 4903 Lxxn_,_
3147 4827 3201 4882 5.

1708 4911 1733 4951 h
1760 4910 1900 4966 Psal.
1930 4926 2016 4973 xc,
2050 4909 2136 4962 l3.

1509 4964 1518 5020 ί
1553 4964 1695 5052 Eph.
1729 4964 1940 5052 v1.1”;
2036 4978 2196 5052 Thes.
2224 4975 2343 5052 v,__8
2371 4991 2385 5040 ;
2432 4964 2599 5052 Rom;
2646 4964 2740 5052 xv,_
2769 4971 2880 5052 '15.
2960 4981 2999 5008 ω
3088 4967 3353 5052 Timavi.
3377 4964 3480 5052 20;

1890 3281 2235 3337 credentibus
2261 3280 2392 3334 nihil
2422 3278 2752 3348 impossibile
2782 3286 2865 3331 est
2892 3286 2937 3329 υ.

1962 3394 2049 3448 to.
2092 3394 2312 3457 Verum,
2346 3402 2405 3447 ut
2434 3392 2665 3446 invicem
2693 3392 2743 3445 in
2773 3389 2948 3444 verbis
2975 3387 3187 3443 Domini
3232 3384 3479 3441 console—

1890 3504 2032 3555 mur,
2063 3495 2115 3541 et
2146 3487 2399 3555 operibus
2433 3482 2802 3554 proﬁciamus,
2836 3481 2921 3535 eri
2948 3480 3011 3533 de
3042 3490 3182 3533 terra
3208 3478 3285 3548 (d)
3315 3486 3403 3529 tua
3430 3482 3480 3529 et

1892 3580 1954 3633 de
1983 3580 2293 3649 cognatione
2324 3588 2408 3629 tua
2431 3586 2479 3639 ν,
2526 3584 2584 3629 ut
2614 3575 2883 3629 Abraham
2912 3571 3053 3627 ﬁdeli
3104 3571 3339 3624 imitatus
3382 3583 3481 3621 ex-

1892 3686 2047 3726 cessu
2080 3672 2144 3733 ‘9,
2174 3669 2333 3722 beato
2364 3667 2590 3720 Abrahae
2617 3666 2737 3720 sinu
2764 3665 2954 3731 dignus
2975 3663 3048 3716 sis
3086 3656 3132 3715 5‘.
3158 3660 3374 3713 Festina
3398 3673 3479 3713 ve-

1892 3760 2009 3813 nire
2036 3758 2104 3812 ad
2132 3774 2251 3821 nos,
2280 3758 2333 3810 in
2362 3770 2647 3809 commune
2678 3751 3055 3821 compendium
3085 3757 3405 3819 accepturus
3425 3756 3481 3803 et

1893 3851 2120 3905 daturus
2154 3849 2276 3901 ﬁdei
2306 3847 2702 3916 supplementa.
2734 3844 2848 3899 lloc
2879 3844 3023 3897 enim
3053 3851 3333 3911 acceptum
3380 3856 3480 3896 co-

1892 3956 2007 3995 ram
2040 3939 2149 3994 Deo
2180 3958 2192 3991 :
2224 3939 2348 4008 quia
2387 3946 2443 3992 et
2474 3938 2546 4007 (e)
2594 3940 2757 4005 frater
2794 3936 3011 4006 fratrem
3038 3933 3292 4002 adiuvans
3332 3931 3480 3986 exal«

1895 4032 2085 4086 labitur
2112 4039 2160 4084 γ.
2185 4029 2293 4084 Nos
2316 4027 2476 4083 modo
2508 4028 2559 4082 in
2583 4024 2986 4089 Barcinonensi,
3013 4031 3071 4078 ut
3094 4024 3219 4076 ante
3246 4020 3481 4089 scripse-

1894 4137 2009 4175 ram
2042 4118 2278 4191 (Excidit
2309 4119 2415 4173 liwc
2444 4116 2708 4185 epistola),
2729 4116 2948 4170 civitate
2977 4112 3337 4169 consistimus.
3352 4108 3480 4165 Post

1895 4211 2012 4265 illas
2042 4212 2249 4265 litteras
2276 4209 2471 4277 quibus
2490 4207 2815 4276 rescripsisti
2834 4248 2849 4272 ,
2878 4205 2966 4260 die
2996 4204 3229 4269 Domini,
3253 4218 3361 4273 quo
3391 4216 3480 4255 na-

1894 4302 1971 4356 sci
2000 4317 2164 4356 carne
2191 4301 2440 4370 dignatus
2470 4308 2570 4364 est,
2594 4298 2876 4369 repentina
2896 4337 2912 4362 ,
2941 4305 3001 4351 ut
3029 4297 3143 4366 ipse
3184 4294 3338 4350 testis
3376 4302 3481 4355 est,

1895 4391 1947 4444 vi
1978 4392 2334 4446 multitudinis
2357 4391 2453 4461 (V.
2480 4407 2567 4460 ep.
2600 4390 2655 4458 2,
2706 4406 2759 4443 ιι.
2792 4389 2847 4456 2,
2879 4397 2933 4443 et
2962 4404 3049 4458 ep.
3083 4388 3135 4451 5,
3184 4404 3237 4440 n.
3281 4384 3361 4455 4),
3388 4382 3482 4440 sed

1895 4480 2056 4536 credo
2085 4482 2250 4550 ipsius
2278 4481 2635 4545 ordinatione,
2668 4488 2980 4547 correptus,
3024 4486 3080 4532 et
3105 4476 3483 4546 presbyteratu

1896 4572 2135 4627 initiatus
2162 4588 2302 4639 sum,
2334 4573 2526 4638 fateor,
2556 4570 2783 4631 invitus,
2822 4586 2929 4624 non
2960 4568 3172 4623 fastidio
3201 4567 3304 4621 loci
3333 4566 3481 4634 (nam

1896 4672 2065 4720 testor
2092 4664 2286 4735 ipsum,
2337 4664 2464 4733 quia
2511 4671 2566 4719 et
2608 4662 2676 4717 ab
2714 4660 2895 4716 teditui
2942 4658 3160 4713 nomine
3201 4665 3259 4712 et
3302 4654 3482 4711 ofﬁcio

2222 4836 2346 4890 Luc.
2378 4850 2486 4899 vn,
2520 4831 2610 4888 25.
2685 4832 2711 4871 ά
2746 4831 2885 4887 Psal.
2936 4846 3113 4890 Lxxn,
3147 4827 3201 4882 5.
3282 4836 3305 4865 ε
3335 4823 3479 4881 Psal.

2222 4906 2236 4944 ί
2272 4906 2459 4959 Matth.
2490 4920 2602 4969 xui,
2636 4903 2736 4967 3|;
2770 4901 2933 4956 Marc.
2967 4917 3038 4967 iv,
3071 4898 3167 4969 ὄις
3206 4898 3333 4951 Luc.
3369 4912 3479 4969 xui,

2222 5036 2381 5108 ibid.,
2430 5060 2506 5108 ιιι,
2538 5044 2592 5097 4.
2668 5052 2695 5080 ιι
2722 5036 2746 5097 l
2769 5041 2905 5095 Tim.
2932 5057 3006 5105 vr,
3038 5040 3089 5092 9.
3170 5047 3193 5072 ο
3226 5036 3383 5108 Rom.
3442 5051 3480 5095 ι,

2584 5113 2605 5167 Ι
2639 5112 2775 5167 Tim.
2810 5128 2847 5175 ι,
2880 5111 2932 5174 4,
2965 5117 3020 5163 et
3052 5125 3121 5168 IV,
3153 5108 3215 5172 7;
3260 5105 3364 5175 Tit.
3402 5120 3480 5171 ιιι,

2720 5192 2745 5219 κ
2778 5173 2925 5236 Luc.
2954 5196 3061 5246 xvi,
3094 5177 3182 5232 22.
3259 5186 3286 5224 )·
3317 5173 3477 5229 Prov.

2836 5277 2878 5308 4,

2008 5128 2028 5154 ι
2063 5116 2105 5171 ll
2130 5116 2267 5169 Tim.
2300 5132 2355 5177 ιι,
2390 5113 2481 5178 23,

1976 5410 2055 5480 (ά)
2085 5404 2497 5480 εἰοῄιιιδεζῐὶρε.
2531 5413 2587 5459 et
2613 5404 2767 5459 Vien.
2801 5403 2969 5480 Abest
2994 5412 3081 5480 tua
3102 5401 3169 5480 ab
3195 5399 3369 5480 edit_is.

1976 5468 2049 5551 le)’
2068 5480 2149 5559 Ita
2179 5478 2306 5559 legit
2338 5468 2595 5559 Paulinus
2620 5473 2889 5559 noster
2920 5468 3359 5559 episthﬁtnqg,
3387 5480 3475 5559 ep.

1902 5536 2042 5615 5,]1.
2070 5536 2145 5616 ⁷5,
2184 5536 2259 5602 εἴ
2282 5563 2369 5615 ep.
2400 5544 2486 5617 40,
2518 5562 2571 5601 n.
2620 5546 2671 5612 5,
2714 5561 2777 5600 ac
2821 5542 2878 5599 S.
2930 5536 3227 5617 Cyprianus
3270 5536 3362 5591 lib.
3402 5550 3475 5605 sv,

1902 5622 2060 5689 epist.
2095 5615 2146 5687 2,
2172 5618 2312 5673 circa
2344 5615 2485 5671 med.
