4020 6186
531 347 630 402 159

1649 354 1702 411 S.
1744 350 2018 406 l’AULlNl
2056 348 2303 403 NOLANI
2343 347 2642 403 EPISCOPI

3674 352 3778 404 160

518 462 701 527 optavi
729 476 938 518 sacram
967 465 1202 535 incipere
1250 467 1607 535 servitutem),
1648 466 1745 521 sed
1774 473 1834 520 ut
1859 465 1967 519 alio
1996 462 2097 517 de-
2123 465 2177 524 Α
2201 478 2355 530 nues,
2385 464 2547 518 corde
2574 464 2759 529 crassi,
2786 480 2883 519 ore
2912 465 3099 533 jejuni,
3122 475 3196 531 et,
3223 465 3366 520 sicut
3393 466 3645 535 scriptum
3669 478 3777 534 est,

520 548 767 615 stinatus,
812 552 959 618 alibi,
1008 563 1066 607 ut
1092 556 1197 609 scis
1243 564 1424 609 mente
1469 555 1800 624 compositus
1823 562 1879 609 et
1923 554 2098 617 ﬁxus,

526 650 720 690 novum
742 639 1177 712 insperatumque
1205 644 1457 712 placitum
1484 644 1676 697 divinae
1696 644 1987 699 voluntatis
2013 656 2103 697 ex-

524 722 667 805 pavi.
688 730 819 784 Data
849 733 1010 800 igitur
1037 736 1244 789 cervice
1274 736 1326 788 in
1350 735 1534 803 jugum
1564 734 1761 789 Christi
1788 735 1945 791 video
1986 749 2103 788 ma-

521 829 639 897 jora
670 841 754 880 me
774 826 979 879 meritis
999 836 1053 879 et
1076 827 1323 880 sensibus
1370 842 1533 896 opera
1579 834 1811 881 tractare
1844 845 1855 878 :
1882 825 2103 895 jamque

522 918 733 973 arcanis
776 925 831 970 et
878 917 1241 985 penetralibus
1279 918 1371 971 Dei
1417 918 1611 972 summi
1642 926 1918 987 receptum
1946 925 2001 971 et
2028 918 2106 970 in-

521 1018 725 1064 sertum
754 1006 1153 1062 communicare
1200 1008 1459 1072 cmlestia,
1507 1016 1562 1062 et
1606 1008 1717 1062 Deo
1746 1008 1966 1077 propius
2002 1006 2101 1061 ad-

522 1109 730 1154 motum
760 1100 811 1152 in
846 1099 1037 1169 Spiritu
1084 1099 1201 1167 ipso
1229 1098 1425 1153 Christi
1456 1107 1510 1153 et
1553 1114 1781 1167 corpore
1825 1107 1881 1151 et
1918 1098 2102 1167 splen.

522 1188 655 1243 dore
682 1188 903 1240 versari.
936 1186 1037 1240 Vix
1067 1187 1241 1241 adhuc
1284 1188 1611 1242 intellectum
1637 1201 1803 1241 sacra:
1828 1186 1981 1240 molis
2006 1201 2102 1241 ca-

522 1278 614 1347 pio
642 1277 838 1331 mentis
863 1278 1148 1344 angustiis,
1176 1285 1232 1331 et
1261 1293 1397 1331 onus
1444 1279 1682 1332 muneris
1710 1277 1815 1331 mei
1853 1278 2102 1332 conscius

524 1365 847 1421 inﬁrmitatis
884 1367 1172 1431 horresco;
1210 1368 1303 1422 sed
1344 1368 1389 1422 is
1420 1369 1513 1437 qui
1542 1369 1851 1437 sapientiam
1876 1370 2105 1436 parvulis

525 1459 666 1512 dedit
685 1499 698 1523 ,
732 1468 781 1511 et
802 1474 867 1511 ea:
896 1475 984 1511 ore
1010 1460 1293 1529 infantium
1318 1468 1469 1529 atque
1503 1460 1798 1512 lactentium
1832 1460 1877 1490 ³ο
1906 1460 2106 1528 perﬁcit

524 1548 731 1601 laudem
769 1547 867 1600 sibi
890 1555 936 1608 α,
963 1555 1157 1614 potens
1177 1556 1260 1601 est
1282 1548 1334 1600 in
1358 1563 1442 1601 me
1462 1548 1623 1601 etiam
1644 1563 1778 1615 opus
1804 1564 1957 1602 suum
1979 1563 2104 1617 per—

526 1636 685 1691 ﬁcere
713 1642 767 1690 et
798 1652 990 1690 munus
1038 1652 1250 1701 ornare,
1298 1645 1355 1689 ut
1398 1652 1457 1690 se
1483 1636 1700 1704 dignum
1729 1636 1907 1701 faciat,
1939 1651 2101 1705 quem

528 1729 597 1781 ab
620 1727 837 1795 indigno
860 1728 1090 1781 vocavit.
1123 1726 1272 1781 Scito
1314 1736 1492 1782 tamen
1521 1728 1631 1781 voti
1660 1728 1980 1794 communis,
2010 1743 2108 1782 eo-

2203 564 2403 608 ventres
2429 556 2568 626 pigri
2600 557 2665 609 °?
2700 555 2898 609 Verum
2945 557 3048 610 etsi
3076 556 3325 611 omnibus
3353 557 3515 611 rebus
3560 556 3779 611 infcrio-

2204 657 2309 708 res,
2339 650 2519 697 tamen
2557 644 2753 699 caritas
2800 645 2914 699 sola
2960 662 3058 699 nos
3084 646 3238 699 vobis
3265 655 3482 714 praestat
3525 648 3779 715 aequales.

2205 732 2484 786 Dilectioni
2506 733 2655 805 enim
2676 749 2836 801 quam
2865 735 2918 787 in
2948 751 3045 789 nos
3066 735 3293 799 habetis,
3322 736 3436 803 pari
3466 744 3642 789 mente
3661 752 3782 790 cer-

2205 832 2378 878 tamus
2408 841 2425 878 :
2452 839 2572 892 qua:
2595 825 2811 893 quidem
2839 826 3134 880 visceribus
3162 827 3361 881 nostris
3399 828 3578 893 insita,
3617 835 3670 880 et
3699 829 3782 879 af-

2205 913 2309 968 lixa
2340 914 2674 984 prtecordiis,
2705 924 2760 970 et
2792 916 2983 969 animae
3022 916 3121 985 ipsi
3152 918 3418 985 permixta
3465 927 3547 971 est
3591 917 3783 986 spiritu

2206 1004 2438 1071 Domini,
2469 1007 2554 1073 qui
2580 1004 2812 1059 habitare
2832 1007 2957 1076 facit
2979 1008 3129 1059 unius
3159 1007 3317 1060 moris
3343 1008 3399 1059 in
3426 1007 3579 1060 domo
3612 1006 3653 1071 ί,
3687 1008 3782 1074 qui

2205 1097 2483 1151 innumera
2531 1097 2863 1151 credentium
2900 1097 3064 1150 millia
3108 1112 3217 1152 uno
3263 1098 3429 1151 corde
3470 1099 3781 1164 connectit,

2204 1186 2327 1253 quia
2360 1201 2495 1239 unus
2522 1186 2697 1239 omnia
2724 1188 2778 1239 in
2817 1186 3053 1240 omnibus
3084 1187 3159 1256 (b)
3191 1187 3499 1256 adimpletur
3520 1198 3567 1243 κ.

2275 1275 2329 1330 2.
2370 1276 2521 1331 Nunc
2568 1277 2692 1332 huic
2739 1277 2965 1332 Domino
3012 1278 3213 1347 placuit
3261 1279 3312 1332 in
3342 1293 3470 1333 vase
3497 1278 3645 1333 ﬁctili
3692 1292 3789 1346 po-

2206 1380 2336 1420 nere
2364 1366 2673 1420 thesaurum
2701 1383 2855 1421 suum
2873 1370 2918 1431 ιι,
2935 1367 3006 1437 (c)
3030 1370 3115 1438 qui
3141 1385 3221 1421 me
3241 1370 3435 1421 vocavit
3456 1385 3547 1437 per
3559 1370 3786 1438 gratiam

2206 1473 2352 1509 suam
2383 1455 2423 1521 ί,
2450 1459 2704 1510 suscitans
2731 1458 2795 1511 de
2824 1467 2959 1511 terra
2995 1460 3198 1526 inapem
3218 1499 3232 1523 ,
3266 1468 3314 1511 et
3347 1459 3411 1511 de
3441 1468 3661 1512 stercore
3682 1461 3790 1512 eri-

2208 1564 2331 1618 gens
2357 1566 2658 1618 pauperem,
2690 1560 2748 1607 ut
2787 1551 3062 1604 collocaret
3099 1568 3214 1605 cum
3255 1553 3568 1622 principibus
3608 1555 3790 1623 populi

2208 1639 2287 1690 sui
2320 1639 2364 1702 ἱ,
2413 1648 2467 1691 et
2497 1638 2638 1692 inter
2679 1640 2985 1692 sacerdotes
3014 1640 3261 1694 indueret
3305 1642 3539 1696 salutare
3569 1642 3591 1679 ¹ί
3625 1646 3643 1673 ⁸
3670 1660 3685 1695 :
3730 1650 3793 1697 ut

2211 1725 2338 1778 dum
2368 1742 2525 1781 curro
2574 1728 2625 1780 in
2673 1728 2893 1781 odorem
2940 1738 3328 1795 unguentorum
3372 1731 3487 1798 ejus
3515 1730 3553 1795 ι,
3601 1731 3790 1785 ﬁerem

532 1815 653 1869 dem
683 1814 909 1870 Domino
938 1823 1243 1883 praestante,
1276 1815 1477 1869 salvam
1506 1830 1622 1869 esse
1651 1817 1912 1869 rationem
1940 1834 1951 1867 :
1982 1832 2105 1869 nam
2140 1822 2183 1879 Β
2210 1823 2358 1882 gutta
2396 1816 2511 1882 ejus
2560 1819 2814 1883 unguenti
2856 1818 2993 1887 quod
3039 1819 3301 1872 descendit
3329 1821 3384 1872 in
3437 1820 3647 1873 barbam
3679 1823 3792 1874 Aa-

528 1921 597 1960 ea
621 1906 929 1960 conditione
965 1906 1020 1958 in
1053 1905 1434 1959 Barcinonensi
1464 1907 1505 1936 ²¹
1540 1904 1776 1960 Ecclesia
1806 1906 2108 1960 consecrari

525 1996 783 2051 adductus
812 2011 949 2061 sum,
978 2004 1037 2048 ut
1066 1995 1165 2064 ipsi
1194 1994 1433 2049 ecclesia:
1474 2010 1582 2048 non
1628 1993 1897 2060 alligarer,
1927 1994 1981 2046 in
2008 1994 2104 2064 (V.

530 2094 644 2141 not.
676 2086 731 2156 '5)
760 2067 1118 2140 sacerdotium
1171 2093 1375 2139 tantum
1425 2084 1655 2148 Domini,
1706 2100 1815 2137 non
1841 2084 2007 2138 etiam
2051 2084 2107 2139 in

524 2177 702 2231 locum
731 2177 969 2231 ecclesiae
996 2176 1291 2230 dedicatus.

598 2267 684 2321 11.
726 2268 862 2321 Veni
892 2268 1070 2333 igitur,
1100 2268 1145 2319 si
1174 2267 1368 2333 placet,
1404 2274 1529 2319 ante
1558 2264 1783 2331 Pascha,
1831 2265 1975 2333 quod
2003 2281 2108 2319 no-

526 2358 606 2411 bis
634 2356 871 2424 optatius
895 2364 998 2422 est,
1031 2364 1088 2409 ut
1116 2370 1297 2410 sacras
1343 2354 1505 2408 ferias
1532 2370 1619 2409 me
1665 2358 1947 2410 sacerdote
1976 2370 2107 2409 con-

526 2445 767 2501 celebres
796 2462 807 2496 :
840 2444 983 2513 quod
1014 2445 1058 2497 si
1084 2443 1194 2512 jam
1224 2444 1291 2497 ad
1319 2444 1524 2498 itineris
1550 2444 1847 2513 ingressum
1875 2444 2109 2514 propitio

526 2536 638 2590 Deo
672 2535 753 2588 vis
779 2550 1083 2596 occurrere,
1132 2542 1255 2602 post
1305 2532 1509 2588 Pascha
1551 2535 1603 2587 in
1649 2535 1864 2588 nomine
1911 2533 2109 2588 Christi

526 2626 885 2696 proﬁciscere.
912 2625 1015 2679 Sed
1052 2624 1319 2679 credimus
1367 2625 1420 2678 in
1468 2625 1697 2680 Domino
1746 2635 1950 2691 nostro,
1982 2626 2107 2694 quia

526 2717 622 2770 tibi
670 2717 723 2770 in
771 2715 1089 2769 desiderium
1132 2716 1301 2769 nostri
1347 2715 1657 2783 ﬂagrantius
1697 2717 1996 2786 inspirabit,
2042 2732 2111 2771 ne

527 2806 663 2859 ultra
693 2804 897 2859 Pascha
931 2812 1171 2873 tempora
1198 2804 1265 2859 ad
1296 2822 1393 2860 nos
1425 2815 1513 2860 tua
1551 2807 1793 2876 proferre
1822 2809 2104 2862 sustineas.

527 2894 634 2949 lter
667 2903 918 2964 quantum
948 2896 1016 2949 sit
1045 2904 1100 2949 et
1127 2912 1259 2964 puer
1292 2898 1659 2951 unanimitatis
1702 2906 1803 2951 tua:
1830 2899 2107 2952 renuntia-

528 2985 627 3053 bit,
656 2986 748 3053 qui
790 2985 857 3039 ad
896 3001 995 3039 nos
1023 2985 1089 3039 de
1120 2984 1216 3055 (V.
1244 2995 1356 3040 not.
1381 2985 1435 3057 4)
1480 2986 1715 3042 Elusone
1746 2989 1858 3057 (a),
1894 2996 2107 3054 octava,

527 3083 584 3128 ut
611 3076 860 3142 asseruit,
890 3076 1007 3130 luce
1037 3076 1279 3145 pervenit
1310 3094 1322 3128 :
1348 3084 1457 3129 tam
1486 3077 1663 3131 brevis
1691 3078 1834 3131 enim
1865 3087 1919 3131 et
1939 3076 2109 3132 facilis

2211 1920 2306 1957 ron
2328 1914 2385 1957 ω.
2414 1903 2471 1958 In
2494 1905 2646 1973 cujus
2663 1906 2825 1960 domo
2846 1906 3173 1961 domesticus
3203 1906 3315 1960 ﬁeri
3339 1917 3386 1970 υ,
3410 1917 3464 1961 ct
3493 1908 3793 1962 benedicere

2211 1992 2490 2047 Dominum
2534 1995 2598 2047 de
2636 1996 2861 2064 fontibus
2905 1994 3074 2048 Israel
3099 2005 3145 2063 τ’,
3177 2011 3297 2050 cum
3328 2013 3424 2065 pro
3472 1999 3790 2052 meritorum

2210 2103 2451 2140 meorum
2482 2088 2809 2141 conscientia
2839 2103 3171 2152 recusarem,
3206 2089 3289 2141 vel
3328 2088 3506 2156 potius
3537 2106 3641 2144 non
3693 2105 3791 2143 au-

2209 2177 2392 2230 derem
2424 2177 2681 2245 recipere,
2713 2194 2805 2246 ego
2840 2179 3043 2242 vermis,
3075 2187 3121 2230 et
3142 2194 3242 2231 non
3275 2178 3424 2231 homo
3450 2191 3507 2242 r;
3530 2179 3581 2231 vi
3608 2179 3792 2232 subita

2212 2266 2307 2332 (V.
2340 2281 2425 2334 ep.
2461 2266 2512 2332 1,
2537 2283 2590 2319 ιι.
2630 2266 2734 2333 10),
2760 2266 2975 2328 invitus,
3006 2267 3149 2334 quod
3176 2265 3367 2330 fateor,
3398 2266 3712 2331 adstrictus,
3737 2275 3794 2320 et

2211 2356 2551 2410 multitudine
2582 2356 2947 2423 strangulante
2974 2356 3282 2425 compulsus
3305 2396 3320 2420 ,
3347 2357 3590 2424 quamvis
3619 2372 3791 2425 cupe-

2212 2462 2323 2500 rem
2371 2447 2591 2501 calicem
2642 2447 2812 2514 ipsum
2860 2462 2890 2499 a
2938 2462 3025 2500 me
3056 2447 3304 2509 transire,
3351 2455 3530 2499 tamen
3563 2460 3794 2500 necesse

2211 2537 2371 2591 habui
2401 2536 2579 2591 dicere
2608 2536 2836 2591 Domino
2862 2555 2873 2589 :
2916 2536 3102 2590 Verum
3142 2553 3242 2590 non
3273 2552 3385 2588 mea
3414 2536 3670 2601 voluntas,
3699 2536 3795 2589 sed

2214 2636 2299 2679 tua
2339 2627 2435 2695 ﬁat
2461 2637 2522 2691 tt;
2572 2642 2693 2681 cum
2751 2626 3043 2694 prmscrtim
3087 2626 3258 2694 ipsum
3300 2626 3363 2679 de
3401 2641 3459 2679 se
3501 2624 3793 2680 Dominum

2211 2715 2410 2771 dixisse
2438 2717 2671 2784 legerem
2704 2733 2717 2767 :
2741 2713 2911 2768 Filius
2938 2715 3157 2767 hominis
3186 2732 3289 2768 non
3316 2717 3450 2768 venit
3478 2716 3792 2781 ministrari,

2212 2808 2300 2860 sed
2329 2808 2627 2859 ministrare
2656 2817 2697 2859 τ.
2732 2804 2994 2859 Ριτιιιέηιί
3025 2806 3079 2873 9
3107 2806 3268 2873 igitur
3296 2820 3324 2858 a
3354 2804 3601 2868 Domino,
3624 2813 3679 2859 et
3701 2820 3794 2875 ap-

2214 2898 2463 2968 prehensi
2490 2899 2557 2952 ab
2586 2913 2651 2951 eo
2681 2912 2842 2964 quem
2890 2895 3117 2949 necdum
3155 2895 3632 2965 apprehendimus,
3687 2895 3795 2949 de-

2211 2992 2473 3046 sci-vimus
2499 2990 2692 3043 altario
2723 2989 2742 3019 ³
2772 2988 2885 3053 Dei,
2918 2996 2973 3041 et
3018 2988 3217 3042 mensis
3263 2986 3587 3040 salutaribus
3627 2986 3795 3040 mini-

2211 3091 2445 3136 stramus
2470 3081 2579 3150 jam
2608 3081 2826 3135 nomine
2856 3078 3140 3147 ofﬁcioque
3165 3078 3259 3148 (V.
3288 3086 3402 3155 not.
3433 3076 3486 3146 5)
3517 3078 3786 3145 seniores,

529 3166 611 3220 Via
642 3176 740 3231 est.
765 3169 820 3235 8
847 3173 904 3218 ιιι
951 3181 1051 3219 nec
1089 3167 1141 3219 in
1172 3166 1429 3235 Pyrenaeo
1477 3167 1642 3219 ardua
1669 3168 1759 3233 Sil,
1787 3167 1879 3234 qui
1902 3167 2109 3222 Narbo-
2135 3177 2181 3238 C
2211 3190 2374 3229 sensu
2403 3182 2579 3227 autem
2611 3172 2786 3226 adhuc
2816 3171 3045 3241 parvuli,
3068 3177 3122 3223 et
3141 3184 3388 3223 sermone
3417 3169 3676 3222 lactentes
3698 3178 3720 3204 ³
3744 3169 3789 3222 δ.

532 3257 687 3311 nensi
716 3256 783 3309 ad
814 3254 1093 3323 Hispanias
1120 3268 1279 3322 agger
1308 3258 1373 3323 “,
1404 3271 1601 3309 nomen
1630 3257 1798 3324 magis
1818 3272 1981 3325 quam
2017 3256 2109 3326 ju-

530 3361 657 3415 gum
706 3348 1036 3410 horrendus,
1080 3346 1379 3413 interjacet.
1417 3346 1611 3401 Verum
1650 3347 1777 3415 quid
1823 3348 1891 3403 de
1936 3349 2111 3416 spatio

532 3440 735 3507 agimus
760 3438 839 3491 "?
867 3439 911 3492 si
938 3454 1035 3492 nos
1063 3438 1357 3499 desideras,
1388 3438 1474 3491 via
1516 3438 1694 3493 brevis
1720 3447 1829 3506 est;
1862 3439 2041 3509 longa,
2066 3441 2112 3495 si

532 3528 776 3597 negligis.

1077 3619 1405 3675 EPISTULA
1430 3622 1447 3641 ‘
1494 3620 1557 3675 ll.

534 3708 759 3782 Nuntiat
801 3710 1036 3765 Amantio
1076 3712 1393 3782 presbytero,
1432 3713 1518 3782 qui
1554 3720 1733 3776 postea
1768 3712 1822 3765 in
1854 3710 2115 3782 Bnrdega-

602 3781 729 3833 lensi
754 3783 1047 3851 episcopatu
1088 3784 1329 3834 successit
1359 3781 1419 3834 S.
1466 3781 1752 3851 Delphina,
1802 3798 1856 3834 se
1899 3781 2111 3834 inritum

599 3850 1163 3904 sacerdotem'creatum
1190 3868 1205 3904 :
1229 3860 1277 3903 et
1305 3850 1641 3905 sacerdotalis
1682 3852 1909 3904 muneris
1938 3860 2111 3920 partes

599 3922 949 3989 perstringens
969 3938 1161 3991 ,ropem
1199 3922 1308 3989 ejus
1338 3932 1386 3991 et
1416 3921 1660 3989 Delp/tini
1676 3960 1691 3983 ,
1730 3938 1821 3988 per
1849 3919 1975 3991 quos
2000 3919 2111 3973 Deo

599 3999 755 4041 natus
783 3999 912 4051 erat,
937 3990 1005 4041 ad
1033 4006 1121 4041 eas
1154 3990 1436 4057 explendas
1456 3992 1718 4058 implorat.

634 4098 862 4153 Domino
889 4098 1039 4151 fratri
1068 4098 1412 4152 dilectissimo
1440 4100 1686 4166 AMANDO.
1717 4098 1999 4155 PAULINUS.

602 4188 729 4242 Post
769 4198 979 4257 tempus
1028 4189 1333 4257 accepimus
1373 4190 1389 4219 ¹
1442 4190 1648 4243 litteras
1690 4190 1989 4245 dilectionis
2017 4206 2107 4246 νεα

533 4291 690 4345 atra);
723 4280 815 4333 sed
843 4296 951 4347 quo
976 4280 1175 4333 diutius
1198 4281 1530 4345 desiderate,
1564 4282 1667 4336 hoc
1696 4282 1900 4336 avidius
1938 4298 1969 4336 a
2009 4299 2111 4337 no-

534 4371 615 4425 bis
640 4379 900 4438 suscepta:
928 4378 1053 4422 sunt
1087 4387 1099 4420 :
1130 4385 1251 4422 nam
1282 4378 1335 4423 et
1361 4387 1496 4440 aqua
1536 4371 1729 4441 frigida
1772 4374 1966 4426 sitienti
1997 4373 2113 4427 dul-

534 4460 669 4525 cior,
693 4467 743 4512 et
770 4460 976 4512 nuntius
1007 4458 1169 4514 bonus
1197 4459 1259 4513 de
1281 4469 1420 4513 terra
1464 4461 1743 4531 longinqua
1779 4460 1804 4499 δ
1830 4461 2114 4530 jucundior

2280 3265 2333 3318 5.
2367 3264 2519 3331 Quod
2546 3262 2896 3316 ministerium
2942 3269 3001 3314 ut
3047 3262 3183 3313 bene
3223 3258 3540 3321 ministrem,
3569 3266 3624 3311 et
3652 3272 3791 3325 gra-

2211 3357 2338 3411 dum
2375 3356 2571 3409 bonum
2602 3353 2733 3407 mihi
2764 3352 3056 3419 acquiram,
3088 3358 3145 3403 et
3171 3350 3333 3403 sciam
3365 3348 3594 3415 qualiter
3622 3360 3794 3415 opor-

2212 3455 2326 3502 teat
2359 3460 2445 3501 me
2474 3445 2526 3498 in
2556 3445 2716 3498 domo
2747 3443 2840 3495 Dei
2869 3440 3195 3503 conversari,
3227 3448 3283 3493 et
3325 3444 3557 3493 tractare
3584 3444 3794 3507 myste-

2212 3541 2348 3595 rium
2380 3538 2612 3609 pietatis,
2639 3546 2695 3589 tu
2717 3535 2939 3589 Domine
2960 3532 3297 3595 venerabilis,
3329 3538 3385 3584 et
3411 3530 3596 3593 frater,
3631 3529 3710 3597 (ά)
3741 3536 3801 3583 et

2214 3631 2438 3685 Domine
2468 3630 2521 3682 in
2542 3626 2757 3681 Christo
2780 3625 2953 3687 nobis,
2979 3638 3073 3677 ora
3096 3621 3378 3675 Dominum
3402 3621 3453 3674 in
3481 3619 3628 3674 omni
3648 3621 3797 3673 bono

2213 3721 2437 3776 divitem
2468 3722 2487 3756 ι
2523 3727 2579 3771 ιιι
2609 3716 2920 3770 abundentus
2949 3714 3087 3791 ﬁde,
3110 3721 3157 3765 et
3192 3727 3438 3775 sermone,
3467 3718 3516 3763 et
3555 3711 3798 3776 scientia,

2212 3826 2261 3869 et
2289 3814 2427 3869 omni
2447 3810 2808 3868 sollicitudine,
2835 3816 2882 3860 et
2906 3808 2925 3837 ³
2946 3807 3152 3874 insuper
3180 3804 3418 3856 restrain
3443 3818 3535 3854 nos
3556 3802 3799 3865 caritate,

2213 3916 2267 3959 ut
2286 3914 2333 3959 et
2354 3907 2406 3958 in
2432 3905 2525 3956 hac
2566 3902 2734 3973 gratia
2773 3899 3039 3951 abundetis
3060 3906 3108 3948 ιι.
3133 3895 3398 3949 Pnnterea
3424 3896 3535 3963 ipse
3555 3893 3800 3962 epistolis

2216 3999 2321 4053 tuis
2350 4010 2449 4050 nos
2477 4009 2618 4063 smpe
2648 3993 2849 4046 instrue
2879 3988 3194 4044 necessariis
3220 3986 3607 4055 supplementis
3633 4002 3645 4037 :
3668 4001 3801 4037 enu-

2216 4090 2368 4142 tritus
2397 4086 2541 4140 enim
2571 4080 2887 4137 sermonibus
2917 4080 3039 4150 ﬁdei
3070 4089 3118 4132 et
3150 4078 3297 4133 bona:
3343 4078 3613 4145 doctrinae,
3643 4093 3801 4147 quam

2215 4196 2245 4235 a
2274 4194 2441 4250 puero
2471 4179 2524 4231 in
2553 4176 2720 4230 sacris
2750 4173 2964 4227 Litteris
2984 4172 3280 4226 subsecutus
3302 4186 3354 4223 es
3378 4179 3423 4233 ν,
3448 4166 3673 4221 informa
3697 4183 3802 4221 nos

2215 4273 2280 4327 ad
2304 4271 2541 4339 regulam
2567 4267 2895 4329 directionis,
2928 4279 3086 4333 pasce
3115 4278 3212 4317 nos
3246 4262 3473 4331 spiritali
3504 4261 3625 4315 cibo
3658 4270 3707 4325 ι,
3742 4257 3799 4312 id

2216 4371 2300 4417 cst
2325 4360 2491 4415 verbo
2518 4358 2648 4425 Dei,
2679 4356 2770 4425 qui
2798 4365 2879 4410 est
2906 4369 3067 4409 verus
3102 4361 3157 4407 et
3181 4354 3368 4407 vivens
3395 4352 3549 4421 panis
3578 4362 3626 4416 ι’,
3659 4359 3714 4405 et
3745 4352 3801 4404 in

2215 4468 2322 4521 quo
2351 4451 2519 4518 magis
2546 4463 2706 4517 quam
2736 4448 2788 4500 in
2814 4460 2954 4515 pane
2980 4445 3177 4497 vivitur
3202 4454 3223 4479 ι
3253 4462 3264 4496 :
3290 4444 3541 4512 quoniam
3574 4442 3687 4511 ipse
3717 4450 3806 4496 est

534 4556 647 4611 est;
678 4549 747 4601 ita
777 4556 832 4603 et
859 4549 1123 4604 sermonis
1154 4551 1314 4603 vestri
1355 4528 1589 4604 suavitas
1615 4528 1960 4619 impinguavit
1989 4567 2111 4606 ossa
2144 4528 2191 4585 υ
2217 4560 2338 4599 esca
2363 4544 2630 4611 justorum
2669 4540 2761 4609 qui
2790 4554 2855 4592 ex
2886 4536 2988 4591 ﬁde
3016 4538 3201 4591 vivunt
3230 4546 3309 4589 ιι.
3342 4535 3449 4589 Nec
3475 4536 3600 4589 hinc
3626 4535 3804 4603 negli-

536 4646 719 4692 nostra
746 4648 790 4703 ο,
822 4647 876 4693 et
895 4640 1125 4693 animam
1149 4642 1453 4694 esurientem
1485 4642 1692 4694 satiarit
1719 4642 1863 4694 bonis
1894 4639 1941 4695 ἀ.
1973 4641 2113 4707 Quid

537 4745 637 4784 nos
667 4729 859 4784 talibus
904 4730 1123 4799 dignum
1172 4730 1459 4785 reddemus
1506 4732 1754 4800 eloquiis,
1787 4732 1999 4800 ingenio
2041 4743 2121 4788 te-

607 4872 630 4897 δ
664 4861 806 4917 Psal.
840 4878 984 4927 xvni,
1016 4863 1069 4929 8,
1095 4873 1150 4919 et
1174 4882 1280 4931 vnt,
1307 4865 1357 4918 ’5.
1436 4864 1463 4904 b
1487 4865 1649 4921 Prov.
1683 4882 1811 4929 xxv,
1860 4864 1949 4919 95.

540 4947 674 5003 my"
702 4972 715 4997 ,
752 4932 803 4986 7.
880 4943 904 4980 8
935 4933 1069 5003 Eph.
1100 4952 1138 4998 ι,
1168 4934 1258 4988 25.
1336 4932 1364 4971 ιι
1394 4934 1434 4989 ll
1466 4933 1591 4989 Cor.
1624 4952 1692 5001 1v,
1730 4935 1778 4988 7.

529 5014 566 5038 η·
602 5000 916 5073 Ρεηῳιιιιιιι,
938 5000 996 5055 ‘2.
1070 5012 1094 5038 ιι
1124 5004 1259 5073 Eph.
1296 5021 1354 5072 ιι,
1384 5004 1469 5059 19.

539 5085 669 5136 xxn,
696 5069 786 5124 42.
864 5082 884 5108 τ
912 5073 1099 5126 Matth.
1125 5069 1213 5134 xi,
1248 5074 1335 5128 28.

534 5154 609 5203 tv,
642 5141 696 5193 6.
772 5150 799 5177 ι
831 5141 987 5196 Deut.
1022 5158 1128 5207 vm,
1161 5142 1214 5196 ’5.
1290 5154 1318 5192 γ
1340 5144 1531 5198 Matth.
1562 5161 1634 5212 ιγ,
1665 5144 1717 5197 4.

2031 4876 2051 4904 ο
2093 4864 2252 4919 Prov.
2302 4879 2389 4926 xv,
2437 4858 2523 4913 50.
2600 4856 2625 4893 ιι
2659 4853 3050 4926 Psal._cvt,_9.

1867 4934 1881 4971 ί
1915 4934 2033 4989 Gal.
2062 4933 2211 5001 1,15.
2292 4932 2305 4982 i
2348 4930 2486 5001 Psal.
2529 4926 2735 5001 cxn,__7.

1549 5015 1573 5040 ο
1598 4999 1687 5059 Ps.
1711 5021 1871 5071 vau,
1902 5005 1983 5057 27.
2068 4999 2095 5053 t5
2136 5002 2275 5056 Psal.
2314 5018 2419 5071 xm,
2454 4999 2504 5050 7.

1414 5083 1435 5109 ⁸
1468 5074 1642 5128 lCor.
1678 5091 1783 5139 xiv,
1816 5075 1913 5139 20;
1952 5074 1973 5127 Ι
2004 5074 2140 5127 Tim.
2189 5089 2263 5139 ιιι,
2302 5070 2381 5124 15.

1414 5145 1531 5197 itth.
1562 5161 1634 5197 IV.
1665 5144 1717 5197 4.
1798 5154 1820 5181 ι
1853 5143 1983 5197 Luc.
2012 5160 2085 5197 iv.
2116 5142 2164 5195 4.
2246 5152 2301 5178 ιυι
2332 5139 2375 5191 ιι

1898 5159 1983 5199 uc.
2012 5160 2085 5209 iv,
2116 5159 2164 5195 ιι.

2218 4634 2428 4703 gentior
2470 4632 2542 4686 sis
2588 4631 2731 4683 circa
2776 4627 3187 4681 sollicitudinem
3238 4626 3591 4680 institutionis
3640 4640 3802 4687 meae,

2222 4726 2364 4797 quod
2409 4725 2528 4778 loco
2552 4721 2825 4783 Ecclesim,
2859 4734 2963 4772 non
2993 4726 3172 4772 tamen
3202 4733 3429 4787 corpore
3456 4732 3805 4786 separamur;

3132 4862 3155 4889 θ
3188 4850 3293 4905 Tit.
3346 4868 3395 4917 ι,
3443 4850 3527 4905 12.
3611 4849 3806 4905 tPsal.

2816 4921 2838 4959 ¹ί
2868 4921 3009 4975 Psal.
3043 4938 3223 4988 exui,
3268 4920 3354 4973 16.
3440 4920 3449 4957 ¹
3485 4921 3641 4975 Cant.
3669 4938 3704 4982 ι,
3748 4921 3805 4975 ’5.

2583 5009 2607 5044 ιι
2649 4993 2832 5048 Matth.
2869 5008 3027 5052 xxvi,
3072 4990 3166 5053 42;
3213 4990 3345 5043 Mar.
3376 5006 3485 5057 xw,
3518 4990 3620 5051 36;
3667 4990 3803 5042 Luc.

2464 5071 2480 5104 ι
2518 5067 2676 5118 Rom.
2720 5080 2774 5125 ι,
2807 5061 2893 5114 12.
2970 5071 2995 5096 ιι
3026 5059 3068 5113 Il
3097 5059 3223 5113 Cor.
3258 5075 3366 5121 vm,
3415 5060 3467 5111 7.
3546 5070 3571 5098 ν
3603 5058 3622 5111 1
3655 5058 3800 5111 Tim.

2246 5134 2301 5178 ἱυι
2332 5139 2489 5192 Rom.
2521 5152 2557 5199 ι,
2592 5134 2676 5186 17.

612 5254 630 5271 ’
660 5251 805 5305 Alias
833 5252 934 5319 25;
974 5268 1093 5322 qua:
1132 5261 1311 5309 autem
1354 5252 1390 5306 2
1430 5263 1565 5320 erat,
1599 5270 1740 5309 nunc
1763 5253 1849 5308 9,4.
1880 5253 2091 5323 Scripta
2120 5264 2261 5306 anno
2291 5246 2394 5303 594
2424 5246 2478 5299 in
2507 5241 2731 5298 exordio
2760 5241 3175 5310 presbyteratus,
3218 5238 3432 5291 circiter
3462 5234 3684 5289 Pascha.

614 5360 690 5435 (_a)
720 5361 816 5417 Ms.
848 5363 1029 5435 Viam,
1051 5362 1319 5435 Clusione,
1340 5364 1614 5428 mendose.
1638 5379 1736 5435 pro
1764 5362 2031 5431 Elusione,
2061 5372 2121 5417 ut

544 5432 598 5487 in
626 5433 900 5487 ltinerario
925 5433 1321 5501 Burdegalensi.

621 5503 694 5571 (b)
722 5502 797 5555 Ita
828 5501 1054 5569 Vulgata
1096 5511 1150 5556 et
1179 5518 1306 5557 mss.
1348 5501 1481 5569 Reg.
1534 5510 1589 5556 et
1617 5502 1798 5567 Vien.,
1852 5517 1880 5554 a
1928 5503 2122 5570 quibus

549 5574 699 5625 abest
712 5572 967 5640 particula
985 5571 1051 5626 Ut
1075 5571 1225 5625 initio
1248 5573 1453 5635 numeri
1476 5572 1766 5640 sequentis.
1786 5572 1923 5627 Editi
1936 5571 2114 5634 codd.,

549 5641 823 5707 adimplet;
855 5650 910 5696 et
940 5658 1083 5696 num.
1109 5657 1246 5709 scq.,
1284 5640 1348 5694 Ut
1376 5657 1531 5693 nunc.

621 5714 689 5774 (ι’)
719 5710 804 5767 Sic
836 5728 958 5767 mss.
985 5712 1211 5768 codices.
1255 5710 1411 5775 Editi,
1443 5719 1693 5765 sanctum.

2298 5358 2374 5428 (ά)
2405 5354 2481 5428 Ita
2513 5369 2637 5408 mss.
2675 5352 2805 5428 Reg.
2839 5358 2893 5428 et
2926 5350 3081 5428 Vien.
3113 5358 3169 5405 et
3196 5348 3325 5428 edit.
3368 5348 3523 5428 Bad.,
3556 5345 3806 5428 ᾳηιχηοι

2226 5415 2409 5483 Schol.
2445 5425 2603 5478 Deest
2646 5431 2695 5475 et
2742 5415 2958 5475 Domine
2988 5421 3039 5473 in
3087 5436 3184 5473 ms.
3218 5416 3373 5471 Vien.
3421 5426 3476 5471 et
3519 5416 3603 5469 ed.
3649 5415 3805 5470 Grin.

2227 5498 2491 5557 Dclcrem,
2526 5492 2695 5560 inquit
2722 5490 3037 5553 Sacchinus,
3068 5490 3169 5544 nisi
3199 5487 3534 5560 tolerandum
3561 5484 3807 5560 videatur

2226 5564 2366 5634 quod
2396 5554 2644 5631 repetitio
2673 5560 2766 5615 ﬁat
2792 5576 2931 5616 novo
2974 5575 3151 5623 sensu,
3183 5565 3238 5612 et
3264 5556 3409 5626 prius
3450 5554 3710 5613 referatur
3737 5554 3807 5608 ad

2228 5636 2324 5689 viri
2353 5634 2682 5701 dignitatem.
