4066 6192
333 266 431 319 {6|

1724 276 2053 333 EPISTOLA
2090 279 2175 335 Ill.

3477 291 3582 348 {63

326 393 461 430 unus
487 377 621 431 enim
656 376 810 441 Deus,
843 395 971 434 unus
999 392 1047 434 et
1086 385 1337 439 mediator
1367 385 1459 441 Dei
1488 396 1535 441 et
1565 389 1822 441 hominum
1854 398 1899 449 ο,
1931 393 1979 447 Α
2007 390 2159 446 nobis
2188 394 2487 448 sanctitatis
2516 403 2619 449 tuac
2648 396 2818 450 lucem
2847 399 3147 469 aﬁerentes,
3176 412 3234 457 ut
3262 404 3416 459 nobis
3437 406 3579 459 cari-

322 466 532 534 quiest
577 466 826 522 Ecclesia:
870 479 1067 539 caput:
1102 473 1154 527 in
1183 489 1288 542 qua
1334 492 1454 531 cum
1504 494 1691 533 omnes
1737 494 1902 533 unum

323 556 495 609 simus
524 557 564 618 ⁸,
598 565 871 627 tamquam
902 561 953 613 in
984 577 1089 616 una
1115 563 1276 620 domo
1304 567 1550 623 vivimus.
1574 569 1684 624 Nec
1710 585 1903 639 possu-

321 659 447 698 mus
489 645 667 699 dicere
695 663 794 701 nos
823 663 940 703 esse
968 651 1084 706 sine
1109 655 1261 709 vobis
1289 672 1408 710 cum
1452 659 1607 713 unius
1636 662 1655 691 ⁷
1686 660 1904 729 spiritus

318 734 528 798 simus,
558 744 615 788 et
642 736 694 789 in
743 753 868 804 uno,
915 741 1005 808 qui
1035 750 1118 795 est
1162 759 1299 797 unus
1340 748 1382 812 ⁸,
1412 747 1734 802 habitcmus.
1778 748 1902 803 ideo

319 834 583 878 servantes
613 828 862 881 unitatem
891 831 1101 899 spiritus
1144 835 1199 886 in
1245 837 1600 906 conjunctione
1635 840 1800 909 pacis,
1845 847 1903 893 ut

319 930 481 967 unum
526 932 711 985 corpus
738 927 788 971 et
813 936 945 973 unus
992 925 1201 991 spiritus
1244 924 1293 991 δ,
1344 934 1403 980 ιιι
1445 929 1626 983 sociali
1673 931 1900 984 invicem

319 1005 571 1060 membro
598 1010 617 1039 ³
649 1008 803 1062 nobis
834 1009 909 1077 (α)
940 1013 1361 1083 collaboremus,
1411 1026 1469 1071 ιιι
1496 1034 1800 1075 crescamus
1846 1020 1898 1074 in

322 1094 472 1149 illius
509 1097 753 1165 corporis
780 1098 1187 1157 :ediﬁcationem
1221 1115 1263 1170 ο,
1293 1105 1446 1175 cujus
1473 1115 1637 1176 caput
1659 1108 1900 1163 Christus

318 1192 426 1238 est.

392 1273 445 1327 4.
477 1274 641 1343 Igitur
668 1278 795 1347 quia
821 1279 948 1335 facti
974 1295 1159 1337 sumus
1200 1281 1269 1341 de
1298 1283 1541 1339 hostibus
1580 1286 1749 1355 (forte
1775 1286 1899 1343 hos-

312 1365 552 1437 pitibus)
598 1368 775 1437 cives,
822 1372 890 1426 de
937 1372 1241 1443 longinquis
1282 1376 1511 1443 proximi
1539 1375 1587 1440 ἀ,
1616 1376 1683 1429 de
1710 1378 1899 1431 ovibus

311 1463 585 1523 pastores,
616 1465 671 1513 et
699 1462 860 1529 positi
888 1478 1073 1517 sumus
1102 1464 1155 1517 in
1185 1464 1531 1518 fundamento
1561 1467 1603 1497 ¹⁰
1626 1467 1899 1535 apostolo-

311 1561 434 1599 rum
466 1555 521 1601 et
547 1550 964 1619 prophetarum,
1001 1554 1208 1608 erudite
1254 1564 1309 1609 et
1351 1555 1660 1611 conﬁrmata
1706 1574 1898 1613 manus

315 1648 339 1673 ε
373 1637 442 1690 ad
471 1638 763 1694 aediﬁcandi
789 1643 1086 1707 scientiam,
1111 1653 1170 1698 ut
1191 1645 1264 1715 (b)
1297 1645 1485 1715 lapide,
1509 1647 1599 1713 qui
1629 1649 1796 1717 factus
1822 1657 1897 1701 est

2007 485 2171 532 tatem
2203 488 2345 534 tuam
2376 498 2483 537 non
2512 498 2820 551 agnoscere,
2844 488 2939 541 sed
2959 482 3343 557 recognoscere
3368 493 3579 549 videre-

2004 584 2143 621 mur.
2177 571 2309 635 Quia
2339 573 2587 628 videlicet
2612 590 2677 628 ex
2702 576 2811 639 illo,
2834 578 2923 645 qui
2954 594 3052 632 nos
3080 581 3145 632 ab
3169 582 3373 648 origine
3394 584 3576 638 mundi

2007 656 2399 722 pnedestinavit
2442 663 2541 716 sibi
2571 672 2595 699 ιι
2621 703 2636 727 ,
2685 666 2879 719 caritas
2925 667 3024 721 ista
3072 670 3340 735 manavit,
3389 671 3439 724 in
3468 688 3574 741 quo

2002 742 2125 797 facti
2147 761 2331 802 sumus
2357 758 2640 817 antequam
2666 753 2805 818 nati;
2837 756 2954 823 quia
2980 756 3085 823 ipse
3109 758 3228 825 fecit
3256 774 3367 820 nos,
3394 767 3441 809 et
3472 775 3574 813 non

1999 833 2099 902 ipsi
2128 852 2222 889 nos
2249 846 2294 901 ο,
2325 840 2415 907 qui
2461 840 2589 894 fecit
2630 856 2748 909 quae
2796 842 2968 897 futura
3014 853 3155 897 sunt.
3210 844 3373 913 Hujus
3417 847 3575 913 igitur

2001 928 2333 993 pnescientia
2362 938 2415 984 et
2444 947 2606 1000 opere
2636 932 2847 987 formati
2874 936 2927 988 in
2955 936 3354 991 similitudinem
3388 939 3575 992 volun-

2004 1024 2189 1081 tatum,
2224 1028 2279 1073 et
2308 1022 2566 1076 unitatem
2594 1022 2734 1088 ﬁdei,
2782 1025 2865 1078 vel
2894 1026 3113 1080 unitatis
3157 1026 3335 1096 ﬁdem,
3366 1042 3572 1096 praeve-

2000 1108 2179 1163 niente
2210 1111 2456 1165 notitiam
2478 1113 2699 1167 caritate
2727 1116 2954 1169 connexi
2978 1130 3178 1179 sumus,
3224 1125 3281 1169 ut
3306 1132 3404 1170 nos
3432 1117 3570 1170 invi-

1998 1211 2116 1252 cem
2164 1206 2290 1253 ante
2336 1202 2642 1270 corporales
2695 1212 3014 1272 conspectus
3057 1205 3328 1259 revelante
3371 1204 3571 1273 Spiritu

1999 1300 2361 1342 nosceremus.
2390 1287 2732 1346 Gratulamur
2761 1294 2943 1361 itaque
2973 1301 3027 1347 et
3066 1295 3356 1363 gloriamur
3384 1295 3435 1347 in
3465 1294 3571 1349 Do-

1999 1374 2164 1439 mino,
2181 1378 2269 1445 qui
2301 1394 2435 1435 unus
2466 1388 2624 1449 atque
2645 1382 2781 1436 idem
2805 1384 2999 1451 ubique
3028 1392 3287 1438 terrarum
3317 1393 3570 1453 operatur

1999 1465 2051 1517 in
2082 1467 2193 1520 suis
2220 1467 2560 1523 dilectionem
2589 1487 2738 1525 suam
2767 1471 2966 1541 Spiritu
2994 1483 3198 1537 sancto,
3223 1489 3380 1542 quem
3409 1490 3569 1543 super

1998 1566 2211 1607 omnem
2240 1570 2455 1609 carnem
2501 1556 2686 1611 effudit
2712 1570 2757 1625 P,
2790 1560 3019 1615 ﬂuminis
3059 1563 3259 1631 impetu
3298 1562 3568 1617 lzetiﬁcans

2000 1641 2269 1697 civitatem
2297 1661 2450 1699 suam
2479 1657 2525 1712 (ι,
2553 1649 2604 1701 in
2633 1650 2782 1718 cujus
2811 1659 2863 1704 te
2891 1652 3093 1706 civibus
3121 1652 3190 1722 (c)
3220 1654 3567 1722 principalem

310 1732 369 1783 in
397 1740 551 1801 caput
594 1735 774 1803 anguli
808 1733 851 1801 ί,
891 1736 1089 1791 discam
1132 1738 1391 1807 parietem
1439 1747 1722 1808 utrumque
1764 1756 1894 1793 con-

1998 1744 2118 1783 cum
2149 1732 2475 1802 principibus
2497 1738 2678 1805 populi
2699 1739 2779 1792 sui
2802 1740 2877 1809 (d)
2906 1740 3032 1795 sede
3056 1743 3348 1810 apostolica
3376 1745 3567 1798 merito

311 1828 553 1886 nectere,
581 1829 635 1874 et
656 1822 709 1875 in
733 1824 986 1892 templum
1010 1835 1249 1881 sanctum
1272 1835 1431 1896 atque
1456 1828 1507 1882 in
1535 1830 1894 1884 habitaculum

310 1907 425 1972 Dei,
452 1925 682 1979 corpora
704 1921 759 1965 et
786 1912 950 1981 corda
982 1914 1082 1968 ﬁde
1102 1917 1356 1970 mundata
1381 1926 1692 1973 construere
1720 1928 1773 1983 8;
1797 1935 1896 1988 per

309 2013 460 2051 arma
490 1999 730 2069 Apostoli
759 2003 998 2070 potentia
1029 2004 1138 2059 Deo
1161 2021 1376 2060 omnem
1403 2007 1693 2063 elationem
1722 2009 1894 2062 extol-

310 2086 513 2142 lentem
541 2105 598 2143 se
625 2090 881 2146 adversus
925 2094 1200 2147 scientiam
1243 2094 1338 2149 Dei
1378 2097 1643 2165 captivam
1673 2097 1890 2164 ducere,

308 2193 525 2233 omnem
555 2180 886 2236 intellectum
932 2183 1002 2237 ad
1050 2185 1402 2240 obediendum
1431 2185 1646 2241 Christo
1690 2188 1889 2255 perdu-

306 2284 430 2323 cere
458 2267 509 2335 h,
559 2274 919 2340 evangelicam
949 2276 1178 2329 securim
1208 2277 1459 2331 arborum
1488 2278 1756 2333 radicibus
1791 2280 1888 2333 ad-

306 2374 528 2413 movere
564 2359 613 2425 i;
644 2369 699 2415 et
726 2362 903 2429 gladio
930 2365 1147 2432 spiritus
1180 2369 1225 2431 l,
1270 2366 1324 2420 id
1370 2375 1470 2431 est,
1510 2369 1676 2422 verbo
1722 2370 1762 2399 ”
1794 2369 1889 2423 Dei

306 2448 614 2505 interﬁcere
661 2461 973 2520 peccatores
1002 2465 1157 2510 teme
1197 2455 1253 2521 ¹ι;
1303 2465 1356 2511 et
1403 2466 1555 2512 scuto
1599 2456 1888 2514 Catholica:

306 2535 431 2591 ﬁdei
460 2540 643 2593 omnia
669 2540 846 2609 jacula
875 2545 1153 2598 candentia
1183 2547 1490 2615 nequissimi
1519 2551 1883 2616 exstinguere;

307 2638 359 2683 et
397 2634 699 2688 certamine
744 2636 1040 2703 decertato,
1073 2654 1336 2708 cursuque
1363 2638 1610 2706 decurso,
1644 2639 1745 2695 ﬁde
1773 2658 1887 2696 ser-

307 2732 427 2777 vata
488 2722 531 2790 ι,
578 2727 874 2783 ministerio
919 2731 1158 2800 impleto,
1208 2742 1522 2803 exspectare
1569 2735 1694 2789 illud
1742 2738 1883 2805 quod

306 2811 562 2869 Dominus
590 2819 643 2870 in
672 2819 763 2871 illa
793 2819 874 2872 die
908 2822 1078 2889 justus
1112 2822 1276 2892 judea'
1317 2825 1493 2878 reddet
1539 2825 1770 2880 omnibus
1797 2830 1883 2899 qui

308 2904 526 2975 diligunt
552 2908 822 2962 adventum
844 2911 952 2980 ejus
975 2922 1034 2965 ιη.
1056 2911 1193 2981 Ergo
1224 2922 1281 2967 ut
1311 2922 1458 2968 tuum
1481 2930 1545 2970 ac
1574 2926 1747 2971 tecum
1770 2933 1885 2972 ma-

308 3004 527 3050 nentem
576 2999 887 3067 spiritaliter
932 3002 1115 3057 videns
1152 3008 1251 3074 ιο
1281 3020 1344 3059 ac
1390 3014 1609 3074 tenens,
1657 3007 1879 3073 instrue,

308 3087 449 3156 iuva,
482 3091 721 3156 hortare,
753 3092 1024 3147 conﬁrma.
1068 3095 1144 3149 De
1188 3097 1338 3151 vobis
1382 3098 1545 3162 enim,
1575 3105 1630 3152 et
1656 3113 1753 3167 per
1789 3114 1886 3152 vos

307 3179 417 3233 Deo
450 3190 609 3235 natus
652 3183 704 3235 in
746 3181 957 3237 Christo
1002 3194 1177 3239 vestra
1223 3188 1555 3256 potissimum
1596 3204 1723 3243 cura
1764 3203 1885 3243 esse

308 3270 497 3333 debeo,
543 3271 668 3339 quia
694 3282 932 3327 vestrum
966 3277 1005 3306 ¹¹
1038 3276 1383 3343 opprobrium
1413 3276 1459 3330 si
1488 3277 1759 3344 indignus,
1792 3287 1885 3331 aut

308 3369 544 3414 vestrum
585 3362 835 3429 gaudium
879 3380 996 3431 ero,
1026 3365 1070 3418 si
1100 3381 1166 3419 ex
1194 3366 1450 3423 fructibus
1492 3368 1650 3423 bonis
1696 3378 1884 3424 vestrae

306 3453 515 3506 arboris
543 3468 726 3507 ramus
751 3469 869 3508 esse
897 3469 1204 3523 cognoscar.

856 3584 1188 3641 EPISTOLA
1218 3589 1235 3608 ‘
1263 3587 1349 3641 Ill.

306 3694 492 3763 Alypio
521 3697 759 3765 episcopo
785 3696 961 3750 sc’ribit
983 3696 1509 3779 deiibrisﬂugustini.
1529 3713 1651 3767 quos
1681 3712 1885 3780 recepe:

374 3773 487 3820 rut.
519 3782 773 3818 excusans
801 3767 934 3820 auod
963 3784 1123 3819 serius
1162 3776 1357 3820 miserit
1397 3768 1465 3819 ad
1491 3768 1636 3820 illum
1678 3764 1886 3820 Eusebi:

374 3773 487 3829 rut,
519 3782 773 3818 excusans
801 3773 934 3835 quod
963 3773 1123 3819 serius
1162 3773 1357 3820 miserit
1397 3773 1465 3819 ad
1491 3773 1636 3821 illum
1678 3773 1884 3820 Eusebii

379 3834 654 3916 Chronica.
678 3834 851 3917 .Cupit
896 3836 1095 3889 edoceri
1236 3852 1420 3917 genere
1446 3845 1496 3889 et
1513 3838 1623 3917 pitu
1669 3836 1842 3917 Alypii
1866 3852 1884 3889 :

374 3904 487 4024 ipse
517 3906 741 3983 vicissim
772 3905 834 3958 de
860 3921 914 3959 se
945 3905 1191 3958 nonnulla
1217 3904 1472 3975 aperiens.
1503 3904 1704 3960 Panem
1730 3904 1886 3958 unum

415 3989 517 4027 ono
543 3975 719 4027 mittit.

380 4086 610 4140 Domino
664 4087 858 4141 merito
922 4086 1222 4141 honorabili
1275 4095 1330 4142 et
1381 4087 1692 4143 beatissimo
1746 4088 1886 4158 patri

304 4176 525 4240 ALvrto,
556 4175 824 4231 PAULINUS
852 4184 909 4230 et
935 4176 1200 4231 TBERASIA
1231 4185 1566 4246 peccatores.

379 4264 429 4316 l.
478 4264 604 4319 Haec
633 4273 716 4318 est
741 4280 867 4319 vera
916 4267 1146 4331 caritas,
1202 4266 1314 4321 haec
1364 4265 1601 4336 perfecta
1648 4265 1884 4332 dilectio,

303 4370 471 4422 quam
493 4354 590 4408 tibi
613 4355 755 4408 circa
782 4354 1138 4408 humilitatem
1159 4363 1400 4409 nostram
1431 4355 1607 4409 inesse
1631 4352 1881 4419 docuisti,

1997 1820 2281 1875 collocavit
2306 1834 2328 1859 ι’
2356 1841 2369 1875 :
2400 1841 2603 1894 nosque
2646 1831 2805 1883 etiam
2827 1872 2841 1897 ,
2871 1846 3006 1899 quos
3048 1835 3218 1887 erexit
3245 1836 3407 1890 elisos
3436 1846 3483 1903 ⁸,
3512 1846 3566 1892 et

1995 1908 2061 1963 de
2086 1919 2226 1964 terra
2256 1912 2443 1981 inopes
2471 1918 2758 1983 suscitavit,
2806 1920 2859 1972 in
2889 1928 3065 1973 vestra
3092 1922 3259 1976 voluit
3286 1932 3433 1978 sorte
3463 1941 3564 1979 nu—

1993 2002 2211 2055 merari.
2237 2002 2340 2057 Sed
2363 2008 2530 2073 magis
2558 2010 2884 2075 gratulamur
2912 2012 2964 2064 in
2994 2028 3058 2066 eo
3082 2012 3291 2068 Domini
3320 2032 3560 2083 munere,

1992 2105 2099 2157 quo
2119 2106 2218 2145 nos
2243 2093 2295 2145 in
2318 2096 2548 2162 pectoris
2571 2098 2646 2150 tui
2668 2098 2994 2154 habitatione
3015 2101 3320 2169 constituit;
3349 2120 3562 2175 quoque

1992 2182 2065 2235 ita
2092 2183 2386 2239 visceribus
2415 2187 2520 2240 tuis
2546 2188 2815 2242 insinuare
2841 2189 3085 2257 dignatus
3110 2199 3211 2257 est,
3244 2202 3303 2246 ut
3330 2195 3562 2261 peculia-

1990 2288 2105 2327 rem
2144 2275 2299 2330 nobis
2344 2277 2580 2330 caritatis
2627 2285 2729 2330 tua:
2779 2278 3024 2332 ﬁduciam
3069 2280 3430 2344 vendicemus,
3479 2282 3561 2336 his

1989 2362 2177 2417 ofﬁciis
2199 2374 2360 2432 atque
2380 2366 2687 2420 muneribus
2711 2369 2987 2435 provocati
3011 2372 3049 2436 ί,
3066 2378 3126 2424 ιιι
3144 2386 3245 2425 nos
3263 2369 3561 2425 difﬁdenter

1990 2460 2082 2504 aut
2110 2452 2300 2506 leviter
2328 2461 2381 2507 te
2409 2469 2587 2509 amare
2609 2471 2716 2508 non
2744 2456 2923 2510 liceat.

2059 2542 2109 2595 2.
2144 2544 2460 2613 Accepimus
2481 2547 2621 2600 enim
2642 2548 2846 2614 insigne
2868 2549 2951 2619 (e)
2976 2550 3299 2619 prmcipuum
3318 2552 3560 2607 dilectio-

1988 2636 2070 2691 nis
2097 2644 2149 2690 et
2177 2638 2546 2691 sollicitudinis
2593 2647 2713 2704 tuae,
2764 2655 2897 2709 opus
2942 2642 3109 2696 sancti
3154 2650 3211 2695 et
3256 2643 3477 2711 perfecti
3505 2645 3557 2697 in

1986 2725 2212 2780 Domino
2240 2728 2452 2782 Christo
2496 2728 2595 2781 viri
2644 2728 2823 2783 fratris
2870 2732 3035 2785 nostri
3083 2733 3361 2799 Augustini
3410 2733 3559 2787 libris

1985 2816 2218 2884 quinque
2236 2817 2567 2882 confectum;
2590 2818 2733 2885 quod
2755 2819 2827 2872 ita
2849 2820 3105 2874 miramur
3124 2829 3284 2889 atque
3301 2820 3375 2891 (Ῑ)
3392 2822 3558 2891 suspi-

1985 2906 2174 2971 cimus,
2206 2915 2263 2959 ut
2289 2906 2486 2960 dictata
2522 2911 2616 2977 11
2650 2908 2904 2961 divinitus
2930 2910 3090 2963 verba
3119 2911 3422 2966 credamus.
3452 2912 3558 2966 Ita-

1986 3011 2091 3065 que
2134 2995 2323 3049 liducia
2354 2998 2373 3026 ³
2402 2998 2751 3066 suscipienda:
2779 2998 2934 3051 nobis
2974 2999 3340 3054 unanimitatis
3370 3010 3473 3055 tute
3503 3010 3558 3056 et

1916 3084 1957 3144 C
1989 3087 2055 3139 ad
2086 3087 2257 3155 ipsum
2285 3087 2517 3142 scribere
2544 3088 2659 3143 ausi
2687 3103 2891 3155 sumus,
2920 3088 3043 3142 dum
3072 3105 3170 3144 nos
3199 3090 3272 3144 illi
3298 3106 3393 3160 per
3421 3100 3474 3147 te
3502 3101 3558 3148 et

1985 3177 2054 3231 de
2081 3178 2344 3247 imperitia
2386 3177 2738 3241 excusandos,
2769 3186 2824 3233 et
2867 3179 2934 3233 ad
2962 3180 3239 3235 caritatem
3280 3196 3557 3237 commen-

1984 3267 2190 3323 dandos
2216 3270 2605 3339 prmsumimus,
2635 3270 2770 3324 sicut
2797 3276 2852 3323 et
2879 3271 3124 3324 omnibus
3158 3275 3388 3340 sanctis,
3418 3272 3558 3342 quo-

1986 3377 2102 3418 rum
2134 3377 2233 3415 nos
2257 3370 2311 3416 et
2339 3362 2640 3415 absentium
2681 3360 2871 3417 ofﬁciis
2896 3364 3159 3433 sospitare
3197 3363 3441 3433 dignatus
3468 3381 3557 3433 es;

1984 3451 2100 3520 pari
2130 3451 2316 3520 procul
2343 3451 2505 3505 dubio
2534 3460 2821 3505 curaturus
2845 3450 3058 3518 affectu,
3098 3460 3156 3506 ut
3182 3469 3279 3521 per
3304 3458 3558 3510 sanctita-

1989 3549 2095 3595 tem
2128 3548 2269 3595 tuam
2291 3541 2491 3595 nostris
2520 3541 2748 3595 invicem
2779 3541 3075 3596 salutentur
3102 3543 3390 3610 obsequiis,
3421 3554 3476 3599 et
3504 3546 3557 3600 in

1985 3631 2130 3685 clero
2158 3632 2453 3686 sanctitatis
2475 3638 2580 3685 tua:
2600 3632 2847 3696 comites,
2877 3640 2930 3685 et
2958 3632 3011 3684 in
3057 3634 3398 3687 monasteriis
3439 3634 3557 3691 ﬁdei

1987 3738 2049 3778 ac
2096 3724 2303 3777 virtutis
2350 3731 2453 3776 tuae
2502 3723 2862 3776 aemulatores.
2915 3722 3046 3775 Nam
3098 3724 3198 3776 etsi
3254 3723 3305 3775 in
3351 3725 3559 3791 populis

1986 3829 2049 3868 ac
2069 3828 2228 3881 super
2250 3812 2502 3881 populum
2524 3825 2669 3878 agas,
2699 3825 2827 3864 oves
2848 3825 3055 3878 pascua:
3077 3810 3287 3864 Domini
3318 3812 3336 3848 ι
3371 3827 3562 3880 regens

1986 3903 2231 3960 sollicitis
2276 3903 2402 3969 vigil
2447 3910 2634 3970 pastor
2677 3900 2945 3965 excubiis,
3000 3909 3179 3955 tamen
3226 3902 3562 3957 abdicatione

1987 3993 2174 4056 seculi,
2204 4000 2259 4045 et
2288 3990 2499 4060 repulsa
2541 3989 2717 4045 carnis
2745 4004 2807 4042 ac
2835 3988 3134 4056 sanguinis,
3168 3988 3437 4044 desertum
3465 3992 3562 4046 tibi

1987 4082 2101 4151 ipse
2124 4081 2313 4145 fecisti,
2345 4086 2583 4135 secretus
2606 4094 2634 4131 a
2664 4078 2864 4143 multis,
2893 4087 3114 4133 vocatus
3144 4079 3195 4133 in
3218 4082 3420 4149 paucis.

2058 4171 2111 4224 5.
2154 4170 2296 4225 Sane
2350 4169 2548 4224 vicario
2604 4168 2937 4235 aliquatenus
2990 4182 3233 4231 munere,
3291 4167 3414 4222 licet
3468 4184 3563 4238 per

1989 4262 2168 4317 omnia
2195 4260 2285 4314 tibi
2316 4261 2505 4328 impar,
2536 4265 2595 4312 ut
2620 4256 2887 4326 jusseras,
2930 4257 3140 4326 providi
3180 4257 3322 4311 illam
3352 4255 3564 4313 Eusebii

1991 4350 2312 4406 venerabilis
2355 4349 2592 4419 episcopi
2624 4349 2699 4417 (g)
2732 4346 3077 4401 Caesariensis
3101 4347 3168 4401 de
3196 4348 3401 4403 cunctis
3427 4357 3565 4402 tem-

300 4446 526 4498 domine
552 4460 679 4499 vere
706 4453 909 4509 sancte,
953 4453 1007 4500 et
1034 4447 1224 4500 merito
1270 4446 1596 4511 beatissime,
1644 4460 1709 4500 ac
1749 4445 1890 4500 desi—
1919 4422 1965 4480 Ῐ)
1993 4442 2212 4512 poribus
2259 4438 2557 4494 historiam.
2605 4436 2711 4490 Sed
2761 4437 2814 4490 in
2862 4436 2967 4491 hoc
3012 4435 3110 4490 fuit
3163 4437 3565 4505 obtemperandi

303 4537 584 4590 derabilis.
638 4537 953 4607 Accepimus
999 4538 1142 4592 enim
1183 4553 1280 4607 per
1324 4538 1597 4592 hominem
1646 4545 1888 4593 nostrum

300 4626 582 4680 lulianum
610 4627 676 4681 de
702 4625 1021 4695 Carthagine
1042 4636 1403 4683 revertentem
1431 4629 1654 4695 litteras,
1686 4637 1887 4683 tantam

375 4747 402 4773 ⁸
437 4735 457 4789 l
488 4736 628 4789 Tim.
660 4752 719 4795 ιι,
744 4735 795 4788 5.
872 4734 898 4773 δ
928 4735 1126 4795 Ephes.
1158 4752 1226 4795 tv,
1260 4736 1312 4789 5.
1392 4747 1414 4774 ε
1446 4734 1579 4795 Eph.
1613 4752 1682 4795 IV,
1714 4735 1798 4790 12.
1874 4738 1894 4775 ἀ

1991 4737 2062 4792 )h.
2090 4750 2146 4795 ιι,
2176 4731 2262 4783 Π.
2340 4737 2363 4765 ο
2384 4726 2505 4781 lsai.
2538 4742 2697 4795 xxxv,
2719 4725 2782 4795 _5.

703 4778 719 4801 ,
744 4752 795 4788 ο.
873 4752 898 4773 υ
932 4752 1126 4803 npues.
1158 4752 1226 4800 tv,
1260 4752 1312 4789 ο.
1392 4752 1414 4774 ε
1446 4752 1579 4855 ιὲιι.
1613 4752 1682 4814 tv,
1714 4752 1798 4790 η.
1874 4752 1894 4775 α

703 4805 818 4871 Eph.
850 4822 905 4868 ιι,
939 4804 1028 4857 21.
1104 4803 1127 4840 ἰ
1157 4804 1201 4857 Il
1229 4804 1355 4859 Cor.
1399 4822 1462 4871 x,
1532 4844 1543 4857 .
1629 4815 1643 4842 ι
1682 4805 1867 4860 Matth.

1991 4752 2062 4792 ΠΙ·
2090 4752 2146 4795 ll,
2176 4752 2199 4782 ι
2221 4752 2262 4783 Ι.
2340 4752 2363 4765 τ’
2384 4752 2505 4781 Iba].
2538 4752 2697 4790 xxxv,
2730 4752 2782 4778 υ.
2866 4752 2879 4762 -
2918 4752 3032 4779 rga,

2010 4805 2094 4858 ἰο-
2122 4869 2140 4871 -
2174 4804 2187 4851 ³
2218 4797 2363 4871 Eph.
2383 4813 2465 4871 ῃ,
2500 4797 2583 4848 n.
2601 4863 2637 4871 -
2661 4794 2686 4832 k
2706 4793 2856 4871 _Psal.
2891 4808 2919 4850 c
2939 4794 3032 4871 ,__8.

306 4824 421 4869 nu,
456 4806 547 4857 42.
628 4815 651 4852 ε
682 4804 818 4873 Eph.
850 4822 905 4868 ιι,
939 4804 1028 4857 21.
1104 4803 1127 4873 '3
1157 4804 1201 4873 ιι
1229 4804 1355 4859 Cor.
1399 4822 1462 4873 x,

305 4885 341 4910 ω
373 4875 541 4935 lbid.,
573 4873 626 4926 8.
703 4872 891 4943 2I’Eph.
924 4889 969 4938 ι,
1003 4873 1073 4937 4;
1105 4872 1125 4925 l
1155 4872 1269 4943 Pet.
1303 4890 1351 4938 ι,
1379 4872 1454 4926 2.
1511 4882 1535 4908 ο
1566 4873 1707 4929 Psal.
1739 4892 1861 4930 xcnx
1884 4913 1899 4940 ,
1933 4878 1984 4931 5.

306 4956 326 4980 δ
364 4944 514 4998 Psal.
546 4959 703 5008 CXLV,
727 4943 777 5008 8,
802 4941 857 4998 et
881 4959 1007 5009 cxu,
1031 4943 1080 4996 7.
1163 4946 1179 4979 ι
1215 4941 1352 4997 Psal.
1377 4959 1518 5009 χαι,
1545 4943 1597 4997 5.

1995 4549 2164 4596 mora,
2207 4529 2351 4599 quod
2382 4529 2641 4582 instructu
2680 4533 2792 4591 tuo,
2838 4526 2960 4595 quia
3010 4525 3123 4595 ipse
3164 4542 3272 4580 non
3317 4526 3566 4585 haberem

1994 4628 2136 4681 hunc
2161 4621 2424 4685 codicem,
2449 4616 2631 4671 Romae
2653 4616 2828 4685 reperi
2856 4616 2995 4684 apud
3022 4625 3299 4685 parentem
3326 4626 3566 4674 nostrum

2865 4722 2883 4762 ί
2918 4723 3057 4779 Psal.
3090 4742 3248 4790 cxvn,
3281 4725 3379 4792 22;
3411 4727 3563 4784 Matt.

3119 4795 3131 4831 ¹
3168 4796 3209 4849 ll
3239 4795 3374 4849 Tim.
3407 4814 3477 4862 1v,
3510 4798 3564 4852 7.

2064 4869 2249 4925 rloel.
2275 4863 2343 4937 ἰι,
2378 4865 2467 4919 28.
2545 4876 2572 4915 ιι
2601 4863 2742 4919 Psal.
2789 4882 2907 4928 xcv,
2950 4863 2999 4917 5.
3079 4875 3099 4903 τ
3133 4864 3273 4920 Psal.
3312 4882 3455 4932 cxn,
3509 4867 3563 4921 8.

380 5062 396 5082 ‘
428 5062 583 5115 Alias
627 5059 724 5125 44;
772 5075 891 5129 quae
934 5066 1112 5113 autem
1141 5058 1175 5111 5
1203 5066 1339 5125 erat,
1371 5073 1514 5113 nunc
1539 5030 1628 5111 25.
1674 5056 1883 5129 Scripta
1912 5074 2055 5114 anno
2083 5054 2186 5111 594
2208 5054 2259 5109 in
2284 5059 2557 5106 autumno.

377 5150 461 5219 (α)
484 5148 613 5202 Mss.
640 5148 771 5219 Reg.
797 5155 852 5203 et
871 5148 1023 5201 Vien.
1049 5147 1254 5219 etpedit.
1279 5146 1454 5214 Grin.,
1477 5147 1885 5217 conlaboremus,

304 5217 456 5289 quod
484 5218 654 5273 semel
683 5218 996 5289 observasse
1020 5217 1264 5289 suﬁiciat.

380 5287 461 5359 (b)
495 5289 572 5359 ita
603 5302 703 5359 ms.
737 5286 885 5359 Vien.
916 5286 1091 5359 Ceteri
1121 5285 1349 5350 codices,
1380 5293 1436 5338 ut
1463 5284 1532 5337 ad
1556 5284 1797 5354 lapidem.

386 5356 595 5435 (Ἥξει
632 5356 1166 5435 “adveneran-
1236 5424 1250 5435 .
1325 5422 1362 5435 ..
1544 5421 1684 5435 .-κ
1768 5423 1799 5435 ,.

381 5421 466 5496 (ά)
500 5426 653 5479 Hunc
683 5421 915 5496 titulum,
936 5421 1042 5496 quo
1071 5424 1216 5496 solus
1236 5422 1399 5496 hodie
1426 5422 1619 5490 gaudet
1645 5421 1892 5496 Pontifex

312 5490 614 5571 Romanus,
648 5490 1045 5571 0_mnib_us;olim
1074 5492 1338 5571 θρίξ-φρὶξ
1366 5507 1704 5571 communem
1736 5490 1894 5571 fuisse

310 5574 442 5618 ante
467 5562 784 5631 Gregorium
826 5563 932 5627 Vll,
965 5578 1051 5615 an.
1097 5560 1253 5631 {975,
1302 5576 1368 5615 ex
1414 5570 1655 5615 veterum
1683 5561 1894 5631 scriptis

309 5643 510 5689 notum
528 5628 630 5697 est,
659 5642 713 5688 et
740 5633 1005 5700 praecipue
1033 5646 1099 5687 ex
1130 5629 1336 5684 Paulini
1368 5632 1531 5686 nostri
1562 5630 1799 5698 epistolis
1824 5628 1889 5682 ad

1998 5146 2366 5227 Augustinum,
2398 5141 2681 5203 Delﬁnum,
2713 5138 2981 5209 Alypium,
3009 5137 3320 5194 Victricium
3359 5150 3413 5195 et
3440 5140 3565 5197 ιείο.

1995 5226 2307 5345 ΐωέἓῖηίιίξε.
2339 5279 2373 5331 4
2404 5278 2645 5333 Vaticani
2672 5275 2877 5345 addunt
2902 5275 3235 5345 particulam,
3265 5285 3333 5332 et.

2095 5303 2121 5339 ε
2184 5285 2307 5335 Mss.
2339 5285 2373 5331 4
2404 5285 2645 5333 Vaticani
2672 5285 2877 5330 addunt
2902 5285 3235 5345 particulam,
3265 5285 3333 5332 et.

2095 5357 2121 5422 f
2177 5350 2341 5404 Iidem
2369 5362 2497 5402 mss.
2529 5346 2740 5425 codices
2828 5345 3093 5411 Vaticani,
3121 5350 3445 5426 suscipimus.
3505 5413 3517 5425 .

2071 5285 2265 5489 ἔρξεις
2289 5425 2494 5489 ιιιεςῖιει
2513 5414 2640 5468 editi
2670 5413 2901 5489 codices,
2926 5414 3181 5489 praeter}
3210 5415 3319 5479 Big.
3349 5423 3405 5489 et
3433 5411 3542 5489 edit

2072 5418 2147 5491 ('g)
2176 5418 2265 5473 Sic
2289 5432 2414 5471 mss.
2441 5425 2494 5468 et
2513 5418 2640 5468 editi
2670 5418 2901 5477 codices,
2926 5421 3120 5495 praeter
3146 5418 3181 5466 2
3210 5418 3319 5479 Big.
3348 5423 3405 5495 et
3433 5418 3542 5494 edit

1996 5488 2222 5554 Bened.,
2254 5485 2526 5560 inquibus
2556 5483 2809 5560 mendose
2831 5483 3047 5560 degitur
3094 5483 3567 5560 Constantinopoli-

1995 5560 2105 5611 tani
2125 5599 2141 5624 ,
2171 5551 2293 5611 cum
2323 5551 2606 5624 Eusebium
2652 5551 3031 5606 Cmsarienscm
3075 5552 3383 5620 episcopum
3412 5551 3569 5619 hujus

1996 5623 2245 5681 Chrenici
2276 5634 2518 5680 autorcm
2548 5623 2707 5677 fuisse
2733 5631 2959 5677 constet.
