4066 6192
435 265 535 322 165

1570 244 1625 301 S.
1668 239 1937 297 PAULlNl
1976 234 2222 294 NOLANI
2263 230 2564 289 EPISCOPI

3582 220 3681 274 164

434 391 560 434 vere
585 342 975 432 sanctissimum
1005 364 1353 421 Domnionem
1373 403 1389 428 ,
1429 358 1522 429 qui
1550 355 1899 427 proculdubio
1927 352 2004 422 (α)
2037 362 2080 415 Α
2109 342 2691 416 conspicuus.Eloquia
2715 348 2802 394 tua
2828 340 3003 395 lumen
3026 338 3232 393 semitis
3258 337 3275 376 τ
3303 337 3497 392 nostris
3510 348 3688 403 erunt,

435 476 675 541 promtus
703 463 833 519 mihi
854 460 1029 532 paruit
1054 458 1108 511 in
1136 458 1239 511 hoc
1260 449 1541 516 beneﬁcio,
1568 448 1712 519 quod
1739 449 1834 502 tibi
1864 447 2013 501 defe-

436 560 660 618 rendum
690 555 763 626 (ὁ)
794 551 1039 608 iudicavi.
1068 548 1449 603 Verumtamen
1492 543 1621 612 quia
1666 553 1723 595 et
1766 541 1883 594 loca
1925 546 2015 591 tua

437 650 566 706 mihi
613 643 916 714 signiﬁcare
962 640 1208 707 dignatus
1247 651 1325 700 es,
1374 642 1432 687 ut
1482 634 1597 702 ipse
1642 629 1918 689 monuisti.
1950 626 2018 681 ad

441 735 802 793 venerabilem
832 731 1035 785 socium
1062 727 1157 797 (V.
1182 734 1295 780 not.
1324 723 1379 793 6)
1409 737 1623 778 corona:
1652 729 1775 782 tum,
1807 725 2017 788 patrem

439 835 678 881 nostrum
708 820 981 875 Aurelium
1005 819 1077 872 ita
1105 816 1430 884 scripsimus,
1462 821 1521 867 ut
1562 812 1607 866 si
1636 826 1777 865 nunc
1818 809 2020 879 Hippo-

440 917 657 985 neregio
686 915 925 981 degeres,
957 911 1049 965 illo
1075 909 1170 964 tibi
1194 908 1403 962 litteras
1429 912 1642 960 nostras
1676 911 1732 959 et
1759 902 2019 957 transcri-

442 1017 587 1079 ptam
635 1004 955 1072 Carthagine
1002 1001 1367 1055 membranam
1423 999 1636 1052 mittere
1687 997 2016 1064 dignaretur.

443 1098 597 1165 Quod
626 1107 681 1153 et
708 1104 923 1151 sanctos
947 1093 1113 1160 viros,
1142 1106 1278 1161 quos
1301 1090 1372 1161 (c)
1405 1089 1578 1143 indice
1605 1088 1845 1142 caritatis
1875 1088 2022 1156 ipso-

446 1206 563 1245 rum
591 1196 686 1242 tuo
709 1199 957 1241 sermone
991 1182 1358 1249 cognovimus,
1385 1178 1650 1232 Comitem
1679 1186 1734 1231 et
1760 1176 2023 1231 Evodium

448 1280 751 1348 rogavimus
794 1285 856 1330 ut
897 1274 975 1344 (ά)
1019 1273 1320 1331 exscribere
1369 1270 1470 1339 ipsi
1518 1274 1786 1333 curarent,
1835 1283 1903 1322 ne
1938 1267 2025 1320 vel

448 1369 657 1441 parenti
687 1365 969 1421 Domnioni
997 1364 1196 1418 diutius
1231 1361 1399 1416 codex
1428 1376 1555 1414 suus
1585 1359 1815 1426 deforet,
1846 1366 1901 1413 et
1929 1358 2024 1411 tibi

450 1460 791 1515 transmissus
818 1458 935 1512 sine
972 1454 1291 1511 necessitate
1318 1452 1629 1507 redhibendi
1657 1459 1916 1505 maneret.

519 1552 571 1605 4.
604 1549 919 1619 Specialiter
946 1554 1127 1600 autem
1169 1545 1272 1598 hoc
1312 1558 1343 1596 a
1390 1552 1444 1597 te
1485 1550 1631 1612 peto,
1660 1542 1913 1609 quoniam
1943 1553 2027 1594 me

454 1646 821 1700 immerentem
848 1650 902 1695 et
927 1639 1289 1708 inopinantem
1320 1650 1513 1704 magno
1549 1636 1625 1690 tui
1664 1649 1850 1689 amore
1876 1649 2027 1688 com-

2112 446 2168 491 et
2194 437 2314 490 oleo
2344 435 2573 488 lucerna:
2601 440 2704 485 tua:
2734 430 3147 499 itnpinguabitur
3173 436 3336 498 caput
3374 435 3615 482 nostrum
3643 436 3689 481 ε.

2115 526 2184 579 Ει
2203 524 2532 579 accendetur
2562 522 2714 588 ﬁdes,
2736 536 2857 575 cum
2886 520 3076 589 spiritu
3101 520 3211 573 oris
3232 520 3307 573 tui
3336 519 3517 573 cibum
3546 533 3698 574 men-

2114 619 2187 672 tis
2210 626 2264 671 et
2290 618 2468 669 lumen
2497 614 2689 669 anima:
2709 614 3076 668 sumserimus.

2195 707 2247 760 6.
2277 705 2389 761 Pax
2417 714 2471 759 et
2496 705 2667 773 gratia
2694 704 2789 759 Dei
2817 712 3026 767 tecum,
3055 710 3110 757 et
3130 716 3330 757 corona
3355 701 3577 769 justitite
3603 700 3699 755 tibi

2118 803 2336 853 maneat
2356 796 2407 849 in
2429 795 2516 849 die
2539 794 2651 859 illo,
2673 794 2910 860 domine,
2932 800 3087 862 pater
3108 793 3301 846 merito
3336 792 3699 855 dilectissime,

2120 898 2177 945 et
2203 886 2542 952 venerabilis,
2557 894 2612 940 et
2626 885 3051 954 exoptatissime.
3070 883 3391 938 Benedictos
3403 883 3705 936 sanctitatis

2122 988 2229 1033 tua:
2274 978 2499 1033 comites
2544 984 2598 1030 et
2635 976 2973 1030 :emulatores
3014 975 3068 1027 in
3113 974 3368 1032 Domino.
3415 972 3627 1035 fratres,
3658 972 3706 1026 si

2121 1071 2426 1138 dignantur,
2453 1076 2666 1122 nostros
2685 1075 2794 1120 tam
2825 1067 2879 1120 in
2901 1066 3143 1121 ecclesiis
3166 1080 3324 1133 quam
3352 1065 3405 1118 in
3433 1073 3710 1118 monaste-

2124 1162 2251 1222 riis,
2281 1159 2619 1226 Carthagini,
2652 1158 2930 1226 Thagastaa
2960 1159 3003 1210 ‘.
3044 1156 3440 1226 Hipponeregio
3477 1164 3533 1208 et
3581 1155 3711 1209 totis

2124 1251 2394 1322 parochiis
2422 1251 2546 1313 tuis,
2577 1256 2739 1318 atque
2776 1247 3024 1302 omnibus
3058 1246 3287 1314 cognitis
3315 1246 3409 1300 tibi
3441 1261 3538 1314 per
3566 1246 3712 1299 Afri-

2127 1357 2246 1397 cam
2278 1341 2412 1396 locis
2433 1340 2660 1395 Domino
2689 1340 2954 1394 catholice
2977 1339 3301 1401 servientes,
3325 1337 3494 1391 multo
3516 1336 3711 1390 aftectu
3742 1388 3745 1391 .

2128 1442 2185 1487 et
2214 1432 2474 1501 obsequio
2500 1430 2721 1486 salutari
2748 1443 3019 1497 rogamus.
3051 1428 3107 1481 Si
3149 1428 3317 1496 ipsam
3346 1427 3715 1480 membranam

2128 1524 2301 1580 sancti
2357 1520 2665 1577 Domnionis
2705 1520 2996 1589 acceperis,
3043 1516 3416 1586 transcriptam
3443 1517 3597 1570 nobis
3623 1532 3716 1570 re-

2130 1616 2349 1669 mittere
2388 1613 2714 1681 dignaberis.
2747 1611 2812 1664 Et
2840 1612 2944 1665 hoc
2971 1625 3102 1678 rogo
3126 1611 3329 1663 scribas
3374 1609 3523 1672 mihi,
3554 1623 3717 1678 quem

455 1734 632 1805 plesti,
678 1740 738 1786 ut
764 1746 863 1801 pro
912 1700 1264 1783 hac-historia
1306 1700 1604 1795 temporum
1652 1727 1856 1780 referas
1899 1725 2030 1779 mihi

2144 1709 2388 1777 hymnum
2418 1721 2597 1759 meum
2622 1706 2691 1774 (e)
2716 1703 3061 1772 cognoveris.
3086 1700 3286 1756 Panem
3316 1719 3478 1755 unum
3510 1703 3713 1756 sancti-

456 1838 671 1880 omnem
700 1830 803 1876 tum
831 1819 1133 1874 sanctitatis
1161 1818 1459 1885 historiam,
1489 1825 1548 1871 ut
1570 1816 1785 1886 (Virgil.
1812 1814 2029 1868 Ᾰὶηεὶά.

458 1917 568 1983 vni)
598 1915 688 1984 qui
719 1928 918 1982 genus,
948 1911 1090 1965 unde
1118 1910 1191 1964 sis
1221 1909 1411 1973 domo;
1446 1916 1592 1962 tanto
1621 1916 1842 1962 vocatus
1870 1922 1900 1960 a
1930 1907 2037 1961 Do-

459 2006 832 2073 mino,quibus
850 2002 1084 2056 exordiis
1103 2008 1410 2069 segregatus
1432 2001 1498 2054 ab
1521 2008 1673 2054 utero
1696 2000 1883 2054 matris
1908 2009 2033 2063 tua},

460 2098 526 2151 ad
542 2106 765 2151 matrem
780 2094 1007 2149 ﬁliorum
1022 2093 1113 2146 Dei
1131 2092 1281 2162 prole
1298 2092 1585 2155 lmtantem,
1606 2090 1846 2158 abjurata
1864 2092 2041 2145 carnis

461 2198 519 2243 et
544 2188 816 2255 sanguinis
844 2186 1011 2253 stirpe
1058 2184 1361 2246 transieris,
1393 2191 1449 2235 et
1489 2183 1541 2235 in
1583 2196 1752 2248 genus
1781 2181 1959 2247 regale
1989 2190 2044 2235 et

463 2277 797 2336 sacerdotale
819 2277 892 2330 sis
920 2275 1225 2335 translatus,
1257 2272 1517 2326 edisseras
1539 2281 1584 2323 ⁸.
1604 2270 1757 2336 Quod
1786 2271 1928 2324 enim
1958 2272 2010 2324 in
2033 2304 2043 2312 ο

466 2368 674 2431 dicasti,
698 2367 812 2434 jam
841 2365 907 2419 de
941 2364 1254 2418 humilitatis
1280 2371 1475 2417 nostra:
1516 2363 1731 2417 nomine
1759 2363 1899 2432 apud
1928 2363 2043 2418 Me-

468 2458 738 2514 diolanum
784 2464 839 2510 te
884 2454 1152 2521 didicisse,
1202 2468 1321 2507 cum
1369 2453 1478 2507 illic
1527 2454 1840 2519 initiareris,
1875 2454 2047 2509 fateor

469 2548 732 2603 curiosius
759 2561 846 2600 me
876 2545 1011 2599 velle
1039 2544 1352 2599 condiscere
1374 2587 1387 2611 ,
1416 2552 1476 2599 ut
1504 2545 1650 2598 omni
1679 2554 1830 2615 parte
1861 2552 1913 2599 te
1941 2561 2044 2600 no-

471 2640 660 2703 verim,
711 2654 818 2707 quo
866 2636 1036 2704 magis
1081 2636 1338 2702 gratuler,
1386 2635 1487 2688 sia
1531 2636 1869 2704 suspiciendo
1917 2636 2044 2689 mihi

471 2737 623 2799 patre
646 2736 830 2783 nostro
854 2726 1156 2789 Ambrosio,
1180 2726 1264 2780 vel
1294 2725 1359 2779 ad
1391 2724 1547 2778 ﬁdem
1576 2726 1825 2779 invitatus
1852 2742 1929 2791 es,
1966 2727 2048 2780 vel

472 2819 537 2873 ad
563 2818 921 2873 sacerdotium
943 2824 1305 2879 consecratus,
1333 2822 1389 2869 ut
1412 2814 1659 2869 eumdem
1688 2816 1846 2870 ambo
1868 2815 2049 2870 videa-

473 2924 592 2963 mur
614 2909 811 2962 habere
833 2902 1093 2961 antorem.
1128 2905 1259 2959 Nam
1289 2918 1407 2971 ego,
1438 2905 1537 2958 etsi
1568 2920 1598 2958 a
1622 2904 1883 2974 Delphino
1912 2905 2048 2959 Bur-

472 3002 673 3070 degala:
701 3000 1026 3069 baptizatus,
1056 3001 1154 3068 12
1181 3012 1210 3049 a
1240 2996 1463 3065 Lampio
1493 2996 1634 3065 apud
1663 2995 1998 3050 Barcilonem
2029 2995 2050 3026 ³

2136 1798 2234 1851 tati
2265 1803 2367 1850 tua:
2396 1796 2614 1852 unitatis
2641 1796 2810 1862 gratia
2840 1794 3097 1854 misimus,
3131 1793 3182 1846 in
3212 1808 3321 1861 quo
3355 1793 3515 1845 etiam
3545 1791 3720 1845 Trini-

2138 1888 2263 1941 tatis
2289 1886 2533 1941 soliditas
2554 1886 2879 1940 continetur.
2904 1884 3056 1937 l'lunc
3081 1898 3273 1951 panem
3304 1882 3569 1950 eulogiam
3598 1898 3721 1937 esse

2138 1985 2197 2031 tu
2225 1976 2388 2031 facies
2415 1976 2726 2047 dignatione
2755 1974 3019 2029 sumendi.

2672 2087 3001 2141 EPISTULA
3044 2089 3073 2119 "
3100 2087 3190 2141 IV.

2147 2159 2246 2229 l3
2267 2160 2553 2229 Augustino
2570 2158 3050 2229 scribit,exquisiti_s
3070 2174 3179 2229 eum
3204 2157 3439 2229 laudibus
3461 2155 3724 2229 exornans

2211 2225 2304 2296 pro
2328 2225 2546 2299 quinque
2574 2227 2685 2296 ejus
2708 2225 2952 2299 adversus
2976 2226 3294 2281 Mauicltteos
3323 2228 3488 2289 libris,
3511 2243 3636 2295 Quos
3659 2225 3725 2277 ub

2213 2296 2399 2367 Alypio
2425 2296 2712 2366 acceperat.
2743 2296 2944 2349 Panem
2972 2298 3071 2365 ipsi
3102 2300 3233 2349 dono
3262 2298 3437 2349 mittit.

2147 2388 2373 2442 Domino
2427 2387 2577 2441 fratri
2624 2389 2879 2442 unanimo
2935 2400 2989 2442 et
3044 2390 3335 2443 venerabili
3394 2388 3726 2454 AUGUSTINO,

2434 2456 2698 2511 Pwusus
2727 2467 2783 2512 et
2812 2458 3081 2513 TBERASIA
3115 2468 3441 2526 peccatores.

2220 2547 2270 2601 1.
2311 2546 2518 2602 Caritas
2565 2546 2754 2601 Christi
2807 2563 2924 2616 qua)
2964 2557 3109 2619 urget
3152 2565 3245 2601 nos
3270 2546 3327 2614 ιι,
3376 2558 3430 2602 et
3479 2549 3732 2605 absentes

2148 2639 2271 2693 licet
2296 2653 2392 2707 per
2422 2639 2680 2692 unitatem
2732 2638 2851 2692 lidei
2881 2639 3098 2706 alligat,
3143 2639 3252 2708 ipsa
3296 2638 3539 2692 ﬁduciam
3580 2640 3648 2693 ad
3676 2649 3733 2696 te

2148 2730 2416 2785 scribendi
2441 2729 2646 2799 pudore
2673 2729 2897 2799 depulso
2924 2731 3185 2799 praistitit,
3213 2739 3370 2798 teque
3398 2746 3493 2799 per
3522 2731 3733 2785 litteras

2152 2830 2271 2874 tuas
2300 2820 2595 2875 visceribus
2627 2822 2758 2875 meis
2788 2822 3079 2887 intimavit,
3109 2837 3240 2891 quas
3271 2830 3322 2875 et
3358 2822 3424 2876 de
3450 2822 3735 2876 scholasti-

2151 2912 2229 2965 cis
2252 2910 2589 2965 facultatibus
2614 2910 2914 2973 afﬁuentes,
2947 2920 3001 2966 et
3030 2912 3097 2965 de
3126 2912 3428 2965 cmlestibns
3452 2911 3581 2965 favis
3608 2912 3733 2965 dul-

2153 3019 2259 3069 ces,
2297 3013 2355 3057 ut
2383 3006 2573 3058 anima:
2602 3020 2733 3058 mem
2756 3004 3022 3069 medicas,
3052 3013 3108 3059 et
3134 3004 3379 3069 altrices,
3413 3004 3465 3055 in
3496 3004 3734 3073 quinque

476 3093 531 3147 ίη
575 3092 827 3161 Hispania
869 3105 968 3159 Per
1010 3090 1116 3142 Vim
1147 3088 1241 3157 (νυ
1273 3103 1360 3157 εΡ·
1395 3087 1444 3150 ί,
1475 3104 1527 3140 η·
1566 3087 1663 3157 1Ο)
1710 3088 2049 3141 inﬂammata?
2076 3075 2120 3138 ο
2155 3096 2302 3149 libris
2333 3097 2543 3150 interim
2577 3104 2756 3159 teneo,
2789 3111 2923 3163 quos
2954 3111 3173 3149 munere
3202 3094 3468 3149 benedicti
3496 3103 3550 3147 et
3570 3109 3734 3147 vene-

474 3183 650 3236 subito
678 3182 849 3251 plebis
875 3188 1113 3233 sacratus
1141 3179 1270 3241 sim;
1297 3187 1475 3231 tamen
1524 3177 1790 3232 Ambrosii
1838 3192 2050 3247 semper

476 3280 531 3326 et
554 3255 862 3324 'dilcctione
907 3269 973 3321 ad
1021 3267 1176 3321 ﬁdem
1204 3266 1495 3320 innutritus
1523 3283 1639 3321 sum
1661 3310 1675 3334 ,
1728 3276 1783 3321 et
1828 3284 1968 3323 nunc
1997 3270 2048 3321 in

476 3359 758 3416 sacerdotii
805 3358 993 3412 ordine
1035 3354 1341 3411 confoveor.
1374 3355 1614 3423 Denique
1654 3372 1752 3411 suo
1789 3372 1875 3411 mc
1906 3358 2051 3411 cleio

477 3449 747 3504 vindicare
773 3447 794 3478 ⁸
812 3447 998 3509 voluit,
1023 3453 1102 3511 ut,
1125 3446 1225 3500 etsi
1245 3446 1469 3500 diversis
1491 3446 1622 3501 locis
1643 3445 1855 3515 degam,
1887 3448 2051 3518 ipsius

477 3539 755 3610 presbyter
781 3552 1023 3594 censear.

546 3633 600 3687 5.
634 3632 739 3687 Sed
763 3631 831 3686 de
852 3645 937 3685 me
965 3646 1033 3685 ne
1060 3629 1187 3699 quid
1208 3630 1438 3698 ignores,
1463 3630 1601 3685 scias
1630 3631 2052 3699 antiquissimum

478 3734 816 3796 peccatorem
848 3738 954 3777 non
996 3723 1068 3777 ita
1096 3722 1222 3778 olim
1251 3720 1320 3776 de
1348 3722 1585 3777 tenebris
1612 3730 1667 3777 et
1694 3723 1881 3776 umbra
1909 3737 2055 3776 mor-

480 3816 548 3869 tis
576 3816 823 3870 eductum
850 3813 898 3880 ι’,
922 3814 1167 3884 spiritum
1190 3828 1333 3867 aura:
1354 3814 1527 3868 vitalis
1547 3814 1818 3879 hausisse;
1850 3828 1950 3868 nec
1979 3814 2053 3867 ita

480 3907 607 3962 olim
637 3906 879 3976 posuisse
928 3906 983 3958 in
1023 3913 1203 3959 aratro
1247 3920 1488 3971 manum,
1519 3913 1575 3958 et
1602 3904 1815 3959 crucem
1844 3904 2055 3958 Domini

481 3997 757 4053 sustulisse
788 4007 842 4060 ες
874 4009 1033 4062 quam
1062 4001 1122 4046 ut
1168 3994 1222 4046 in
1270 3992 1429 4047 ﬁnem
1482 3996 1717 4062 perferre
1758 3994 2053 4053 valeamus.

482 4088 812 4143 orationibus
843 4086 946 4138 tuis
975 4083 1305 4151 adjuvemur.
1338 4082 1772 4137 Accumulabitur
1799 4084 1911 4137 hzec
1940 4099 2056 4137 me-

484 4178 600 4232 ritis
629 4176 734 4230 tuis
759 4189 982 4237 merces,
1008 4174 1053 4227 si
1074 4173 1378 4226 interventu
1407 4180 1499 4225 tuo
1523 4186 1686 4225 onera
1711 4180 1891 4225 nostra
1921 4173 2061 4226 rele-

486 4270 711 4323 vaveris.
762 4266 989 4320 Sanctus
1036 4265 1180 4318 enim
1227 4265 1559 4318 laborantem
1610 4266 1879 4335 adjuvans,
1931 4268 2056 4335 quia

486 4360 697 4429 fratrem
726 4370 833 4409 non
870 4352 1126 4407 audemus
1147 4352 1322 4408 dicere
1339 4393 1353 4417 ,
1385 4353 1695 4407 excitabitur
1722 4357 1853 4407 sicut
1880 4357 2057 4408 civitas

2153 3185 2335 3240 rabilis
2381 3186 2535 3239 nobis
2565 3185 2801 3254 episcopi
2836 3185 3003 3239 nostri
3036 3185 3205 3255 Alypii
3232 3225 3247 3250 ,
3291 3200 3396 3237 non
3425 3199 3522 3253 pro
3551 3191 3733 3237 nostra

2154 3275 2503 3328 instructione
2544 3282 2752 3327 tantum
2779 3317 2793 3341 ,
2821 3274 2912 3327 sed
2944 3274 3106 3327 etiam
3147 3289 3243 3342 pro
3274 3272 3522 3326 Ecclesia:
3546 3274 3560 3303 ¹
3592 3272 3735 3325 mul-

2155 3374 2326 3418 tarum
2355 3365 2565 3418 urbium
2597 3365 2824 3419 utilitate
2865 3365 3214 3434 suscepimus.
3268 3363 3378 3417 Hos
3408 3364 3564 3432 igitur
3594 3379 3737 3417 nunc

2154 3457 2319 3511 libros
2347 3458 2425 3527 (f)
2452 3456 2667 3511 lectioni
2709 3457 2882 3510 habeo
2906 3497 2920 3521 ,
2955 3456 3005 3509 in
3035 3456 3120 3509 his
3160 3470 3246 3509 me
3286 3455 3528 3517 oblecto,
3557 3453 3623 3507 de
3652 3454 3738 3507 his

2152 3547 2330 3601 cibum
2358 3548 2515 3616 capio
2540 3584 2555 3609 ,
2602 3561 2709 3600 non
2734 3546 2881 3599 illum
2925 3546 3015 3614 qui
3039 3546 3211 3614 perit,
3244 3544 3336 3599 sed
3361 3544 3453 3612 qui
3483 3552 3738 3612 operatur

2153 3637 2275 3692 vita:
2318 3645 2533 3691 aeternae
2577 3636 2931 3691 substantiam
2980 3650 3075 3704 per
3098 3633 3257 3688 ﬁdem
3283 3642 3521 3688 nostram
3556 3630 3598 3697 ί,
3628 3647 3736 3699 qua

2154 3727 2573 3795 adcorporamur
2619 3727 2671 3779 in
2714 3724 2929 3779 Christo
2955 3725 3079 3779 Jesu
3109 3724 3338 3779 Domino
3366 3731 3582 3787 uestro;
3614 3738 3735 3777 cum

2156 3816 2286 3870 ﬁdes
2315 3824 2496 3870 nostra
2520 3858 2534 3881 ,
2584 3831 2702 3885 quze
2749 3816 3036 3869 visibilium
3084 3816 3356 3883 negligens
3385 3814 3738 3868 invisibilibus

2156 3906 2327 3959 inhiat
2358 3906 2371 3955 i
2399 3946 2413 3969 ,
2447 3920 2543 3973 per
2582 3906 2860 3959 caritatem
2901 3905 3079 3958 omnia
3124 3904 3418 3959 secundum
3454 3904 3735 3957 veritatem

2156 3998 2538 4065 omnipotentis
2578 3996 2671 4050 Dei
2701 3997 3010 4050 credentem
3039 4035 3054 4060 ,
3096 3996 3288 4049 litteris
3316 4003 3370 4048 et
3403 3994 3663 4063 exemplis
3684 3991 3739 4043 ﬁ-

2155 4086 2351 4140 delium
2380 4087 2664 4140 roboretur
2690 4085 2735 4138 k.
2769 4084 2813 4139 Ο
2842 4102 2968 4139 vere
2996 4086 3075 4142 sal
3106 4095 3277 4151 teme,
3308 4101 3414 4154 quo
3444 4083 3737 4154 prmcordia

2157 4184 2358 4239 nostra,
2389 4192 2456 4230 ne
2480 4177 2689 4245 possint
2718 4177 2882 4230 seculi
2918 4191 3102 4230 errore
3142 4191 3449 4237 vanescere,
3481 4175 3741 4228 condiun-

2158 4274 2245 4319 tur
2274 4265 2285 4302 ι
2319 4264 2331 4315 !
2364 4263 2407 4316 0
2437 4266 2649 4319 lucerna
2687 4264 2845 4331 digne
2874 4280 3033 4333 supra
3080 4264 3457 4318 candelabrum
3490 4262 3740 4316 Ecclesia:

2158 4360 2334 4429 posita
2356 4365 2414 4422 m,
2445 4372 2563 4426 qum
2593 4357 2698 4411 late
2745 4357 3022 4410 catholicis
3070 4356 3292 4409 urbibus
3334 4354 3401 4408 de
3442 4352 3740 4423 septiformi

486 4465 673 4519 magna
695 4444 742 4501 ἀ.
762 4445 827 4500 Ει
848 4455 904 4499 ιιι
923 4444 1137 4513 quidem
1159 4460 1319 4514 super
1338 4454 1571 4499 montem
1594 4446 1781 4501 civitas
1801 4447 2057 4501 aediﬁcata
2094 4432 2139 4490 ί)
2164 4450 2360 4518 lychno
2388 4457 2595 4518 pastum
2626 4448 2747 4511 oleo
2776 4448 2970 4501 Iretitim
3000 4447 3175 4499 lumen
3206 4445 3483 4499 effundens
3502 4483 3517 4507 ,
3548 4445 3744 4499 densas

486 4555 576 4603 es,
607 4538 688 4592 vel
717 4552 939 4593 accensa
969 4551 1131 4606 super
1156 4535 1538 4590 candelabrum
1568 4536 1783 4590 lucerna
1813 4538 1863 4589 in
1892 4538 2058 4606 septi-

488 4631 645 4685 formi
674 4631 918 4685 claritate
947 4638 970 4665 °
1000 4629 1232 4683 colluces
1262 4629 1312 4693 ι⁸;
1347 4642 1443 4681 nos
1472 4628 1571 4683 sub
1602 4627 1783 4682 modio
1812 4635 2064 4696 peccato-

487 4735 603 4773 rum
631 4720 992 4774 delitescimus
1022 4737 1034 4771 :
1062 4719 1220 4772 visita
1271 4718 1465 4771 litteris
1509 4717 1635 4781 tuis,
1684 4724 1738 4770 et
1784 4717 1964 4786 profer
2009 4718 2063 4771 in

488 4810 659 4866 lucem
692 4811 745 4864 in
772 4825 879 4879 qua
909 4811 1024 4878 ipse
1051 4808 1300 4873 versaris,
1332 4822 1493 4877 super
1536 4822 1697 4862 aurea
1744 4809 2064 4863 candelabra

559 4951 584 4977 ἰ
614 4940 632 4994 l
665 4938 778 4993 Pet.
803 4956 873 5002 ιι,
899 4938 951 4991 9.
1028 4935 1053 4974 ι)
1084 4936 1225 4989 Psal.
1268 4953 1350 4991 cvt
1372 4975 1385 4996 ,
1420 4936 1505 4989 14.

489 5018 513 5055 8
545 5010 731 5063 Matth.
756 5026 840 5069 γι,
888 5008 972 5059 17.
1054 5004 1075 5040 δ
1107 5006 1149 5058 Π
1186 5006 1312 5061 Cor.
1358 5023 1409 5071 v,
1454 5006 1538 5060 Η.

489 5087 527 5118 In
554 5079 741 5132 Matth.
771 5095 823 5144 v,
852 5076 954 5143 15;
985 5075 1147 5130 Marc.
1177 5092 1252 5142 tv,
1282 5075 1370 5129 ‘2].

1587 4949 1607 4976 ο
1642 4938 1769 4992 Luc.
1796 4941 1876 5000 ix,
1921 4936 2006 4989 6‘2.
2085 4935 2108 4973 δ
2141 4936 2300 4991 Prov.
2332 4953 2459 5003 xvny
2484 4977 2498 4999 ,
2530 4937 2611 4990 l9.
2692 4946 2715 4973 ε
2742 4936 2910 5004 Apoc.
2941 4951 2979 4999 ι,
3016 4935 3100 4988 15.

1623 5006 1863 5061 iJulian.
1910 5024 1978 5072 vt,
2029 5007 2117 5060 27.

2165 4538 2290 4592 licet
2319 4539 2689 4593 hzereticorum
2721 4538 2974 4605 caligines
3003 4536 3241 4597 discutis,
3266 4544 3319 4588 et
3341 4535 3511 4589 lucem
3544 4534 3744 4586 verita-

2162 4628 2288 4684 tisa
2317 4627 2632 4683 confusione
2672 4629 3011 4683 tenebrarum
3053 4614 3339 4695 Splendore
3381 4621 3602 4677 clariﬁci
3629 4637 3745 4675 ser-

2163 4720 2339 4771 monis
2363 4718 2625 4771 enubilas.

2234 4806 2289 4861 2.
2331 4807 2511 4872 Vides,
2558 4809 2720 4861 frater
2749 4806 3038 4869 unanime,
3079 4802 3406 4859 admirabilis
3444 4804 3495 4856 in
3525 4802 3742 4855 Christo

3183 4932 3200 4971 ί
3236 4932 3374 4987 Psal.
3406 4948 3582 4995 cxvm,
3616 4928 3741 4986 105.

2199 5010 2212 5057 i
2251 5006 2291 5061 ll
2332 4999 2458 5062 Cor.
2490 5023 2559 5071 tv,
2594 5006 2679 5060 18.
2757 4999 2828 5059 ¹ιἸ
2859 5006 2984 5060 Cor.
3013 5021 3133 5068 xui,
3160 5004 3190 5056 7
3297 5003 3311 5040 ι
3342 5004 3532 5058 Matth.
3561 4999 3739 5070 v.15.

557 5216 589 5252 ⁸
617 5214 761 5269 Alias
788 5214 883 5279 4i;
915 5228 1034 5282 qua:
1062 5220 1240 5267 autem
1264 5212 1297 5266 4
1324 5220 1458 5276 erat,
1504 5227 1645 5266 nunc
1672 5210 1758 5265 25.
1797 5211 2006 5281 Scripta
2037 5226 2155 5265 cum
2184 5209 2477 5279 superiore,
2510 5222 2650 5262 anno
2680 5207 2783 5261 594
2812 5208 2864 5262 in
2894 5217 3169 5275 autumno.

561 5347 637 5417 (a)
668 5348 746 5403 lta
774 5360 904 5402 mss.
935 5345 1041 5417 duo
1068 5343 1189 5417 Dig.
1214 5343 1313 5417 Alii
1342 5343 1585 5417 codices.
1614 5344 1915 5417 promptius.

667 5417 908 5500 Sicmss.
964 5413 1031 5467 l5
1059 5412 1317 5467 Gallicani
1345 5422 1399 5467 et
1427 5413 1461 5465 2
1489 5411 1621 5469 Vat.
1645 5412 1746 5465 Alii
1775 5412 1881 5466 duo
1910 5411 2060 5465 Vati-

493 5487 632 5553 cani,
655 5487 903 5557 judicuvi.

563 5559 631 5627 (ο)
664 5557 791 5624 Mss.
837 5553 872 5607 2
902 5552 1011 5623 Big.
1044 5561 1098 5608 et
1124 5551 1209 5608 ed.
1236 5552 1441 5623 Bened.
1468 5562 1523 5607 et
1551 5550 1735 5618 Grav.,
1766 5550 1983 5606 indices.

2238 5341 2315 5410 (ά)
2344 5338 2769 5410 Ιίὀειῐιίεοάᾃὶοθε,
2802 5342 2909 5395 Ιιιεσ
2931 5339 3169 5393 scribere.

2241 5408 2316 5550 (eg
2343 5411 2467 5464 Mss.
2501 5409 2605 5463 duo
2627 5408 2768 5477 Big.,
2802 5412 3091 5480 agnoveris.

2241 5482 2290 5550 (f
2355 5480 2452 5535 Ms.
2484 5479 2623 5549 Big.,
2652 5481 2705 5533 in
2728 5481 2964 5533 lectione.

2240 5479 2316 5551 (f)
2355 5480 2452 5535 Ms.
2484 5479 2623 5549 Big.,
2652 5481 2705 5533 in
2728 5479 2964 5533 lecticae.
