4066 6192
216 240 303 296 165
1590 238 1914 295 EPISTOLA
1954 239 2038 293 IV.

3356 248 3454 302 ’δῦ

214 351 441 417 Domino,
456 350 879 421 etsuscipiende,
918 366 1077 422 quam
1106 350 1441 406 familiariter
1464 354 1773 421 agnoverim
1800 363 1851 420 Δ
1880 365 1972 404 es:
2003 350 2047 405 si
2076 350 2439 407 maturitatem
2462 351 2661 421 ingenii
2683 354 2759 407 tui
2780 364 2836 408 et
2854 369 3124 426 sensuum,
3154 358 3307 426 pater
3325 361 3458 417 mihi

215 452 277 503 te,
298 448 493 509 quanto
518 440 750 493 admirer
769 448 1008 509 stupore,
1026 455 1185 510 quam
1201 456 1395 510 magno
1411 456 1594 497 amore
1619 458 1739 497 com
1756 473 1772 484 -

215 531 771 603 plectar,quiquotidie
792 531 1060 598 colloquio
1084 532 1381 587 litterarum
1403 540 1613 587 tuarum
1629 532 1774 587 fruor

214 632 264 679 et
283 623 386 675 oris
408 622 481 675 tui
510 622 699 689 spiritu
726 636 936 674 vescor.
954 620 1025 674 Us
1040 622 1182 674 enim
1200 632 1348 675 tuum
1371 621 1598 677 ﬁstulam
1621 637 1773 690 aquae

212 714 329 767 viva:
342 720 394 764 et
422 726 617 765 venam
633 710 796 764 fontis
821 711 1009 763 aeterni
1026 712 1220 765 merito
1245 712 1627 781 dixerim,quia
1656 714 1773 782 fons

214 805 279 873 (α)
305 806 354 857 in
383 813 435 857 te
463 819 611 873 aqua:
628 803 862 856 salientis
904 804 958 856 in
996 805 1152 856 vitam
1200 814 1449 857 cateruam
1476 814 1502 842 κ
1530 802 1774 858 Christus

212 894 410 948 effectus
437 891 717 960 est.Cujus
743 891 1010 946 desiderio
1025 892 1191 945 sitivit
1220 894 1271 946 in
1290 902 1341 946 te
1356 894 1533 946 anima
1560 908 1698 957 mea,
1719 901 1774 946 et

212 985 435 1039 ubertate
464 984 541 1036 tui
569 982 801 1036 fluminis
833 982 1085 1036 inebriari
1112 991 1255 1036 terra
1294 998 1416 1036 mea
1442 982 1768 1051 concupivit.

213 1074 421 1140 Ideoque
467 1088 589 1126 cum
636 1072 741 1126 hoc
770 1073 845 1143 (b)
876 1070 1240 1126 Pentateucho
1264 1081 1355 1125 tuo
1387 1080 1573 1126 contra
1602 1071 1772 1124 Mani-

215 1166 368 1221 ch;cos
414 1179 503 1217 me
544 1165 673 1217 satis
720 1163 1044 1227 armaveris,
1097 1163 1142 1217 si
1186 1179 1289 1232 qua
1320 1164 1372 1216 in
1402 1163 1535 1217 alios
1562 1178 1775 1231 quoque

214 1254 375 1307 hostes
420 1251 702 1305 catholica:
750 1250 872 1304 ﬁdei
917 1251 1211 1304 munimina
1256 1253 1617 1321 comparasti,
1674 1252 1776 1322 14.

213 1343 317 1410 quia
345 1342 514 1395 hostis
545 1349 747 1405 uoster,
776 1340 859 1392 cui
893 1340 1033 1393 mille
1057 1340 1276 1393 nocendi
1298 1349 1434 1394 artes
1461 1340 1676 1411 (Virgil.
1702 1356 1773 1395 v11

214 1432 434 1495 Α’ῖηεὶόη
465 1449 511 1484 v.
540 1431 684 1500 554),
739 1440 846 1484 tam
886 1432 1051 1486 variis
1097 1434 1480 1500 expugnandus
1521 1441 1602 1486 est
1634 1433 1771 1499 telis,

213 1538 349 1590 quam
376 1530 651 1590 oppugnat
678 1522 909 1584 insidiis;
940 1536 1120 1589 quaeso
1146 1537 1396 1590 promere
1432 1522 1560 1575 mihi
1589 1522 1655 1576 de
1684 1538 1772 1575 ar-

214 1612 544 1665 mamentario
574 1619 695 1674 tuo,
724 1620 779 1663 et
806 1610 1050 1665 conferre
1078 1626 1184 1664 non
1216 1612 1419 1665 ahnuas
1444 1626 1591 1664 arma
1615 1610 1773 1679 justi-

1877 454 1937 494 es
1963 459 1975 493 :
2004 440 2105 494 etsi
2132 439 2272 496 forte
2298 442 2370 497 sis
2395 458 2511 498 aevo
2534 443 2733 511 junior,
2770 444 2897 511 quia
2929 453 2980 498 te
3004 445 3070 498 ad
3093 449 3453 504 maturitatem

1875 529 2053 583 meriti
2080 537 2135 583 et
2166 528 2241 601 (g)
2266 530 2526 585 honorem
2554 532 2823 585 seniorum
2854 533 3104 600 provexit
3132 544 3185 587 et
3202 534 3454 601 juvenem

1876 634 2010 673 cana
2040 619 2340 687 prudentia.
2383 620 2527 675 Fove
2556 622 2718 689 igitur
2759 630 2814 675 et
2857 624 3149 677 corrobora
3180 640 3265 678 me
3292 626 3345 678 in
3365 642 3455 680 sa-

1874 709 1979 762 cris
2007 708 2199 762 litteris
2226 717 2281 761 et
2307 710 2633 777 spiritalibus
2658 712 2877 777 studiis,
2923 720 3193 781 tempore,
3233 723 3292 767 ut
3324 714 3455 779 dixi,

1873 806 2179 863 recentem;
2230 808 2284 853 et
2328 800 2398 855 ob
2444 802 2548 855 hoc
2595 811 2717 869 post
2763 803 2921 872 longa
2970 804 3303 869 discrimina,
3336 815 3458 873 post

1875 893 2043 946 multa
2072 894 2372 962 naufragia,
2406 910 2503 948 usu
2529 894 2745 959 rudem,
2782 896 2997 949 vixdum
3030 912 3059 950 a
3091 896 3339 952 fluctibus
3366 912 3456 951 se-

1875 982 1981 1035 culi
2008 991 2369 1048 emergentem
2397 1024 2412 1049 ,
2443 991 2499 1035 tu
2523 1024 2537 1048 ,
2585 985 2676 1052 qui
2700 986 2808 1052 jam
2839 986 3007 1039 solido
3043 986 3221 1040 littore
3249 989 3456 1042 consti-

1876 1074 1986 1126 tisti
2016 1112 2030 1135 ,
2061 1076 2079 1104 ³
2108 1082 2222 1127 tuto
2250 1074 2269 1104 ³
2298 1075 2489 1143 excipe
2532 1076 2650 1129 sinu
2677 1115 2691 1140 ,
2743 1083 2799 1130 ut
2828 1078 2879 1130 in
2908 1086 3067 1145 portu
3095 1078 3116 1109 ⁸
3144 1079 3362 1144 salutis,
3409 1079 3455 1134 si

1874 1163 2088 1229 dignum
2136 1174 2329 1231 putas,
2380 1166 2579 1234 pariter
2626 1168 2953 1233 navigemus.
3010 1168 3218 1241 Interea
3261 1185 3349 1223 me
3387 1171 3456 1224 de

1874 1254 2125 1322 periculis
2154 1256 2274 1309 vita:
2300 1256 2457 1309 istius
2482 1265 2537 1309 et
2563 1257 2824 1325 profundo
2860 1268 3200 1327 peccatorum
3227 1261 3455 1317 evadere

1874 1344 2155 1411 nitentem,
2203 1347 2300 1417 15
2330 1346 2664 1400 oratiOnibus
2694 1348 2799 1401 tuis
2837 1355 3103 1415 tamquam
3132 1349 3308 1403 tabula
3338 1366 3455 1405 sus-

1876 1434 2017 1498 tine;
2068 1441 2128 1515 ut
2174 1434 2241 1488 de
2286 1435 2390 1489 hoc
2436 1436 2634 1490 mundo
2670 1436 2823 1503 quasi
2853 1436 2923 1491 de
2964 1438 3235 1505 naufragio
3281 1434 3455 1495 nudus

1874 1524 2118 1576 evadant.

1945 1611 1998 1664 4.
2042 1612 2246 1666 Idcirco
2273 1613 2413 1666 enim
2444 1613 2622 1667 levare
2652 1614 2672 1643 ⁸
2701 1628 2786 1666 me
2816 1614 3056 1679 sarcinis,
3081 1623 3136 1668 et
3163 1616 3453 1671 vestimen-

217 1704 303 1756 tim.
360 1700 489 1754 Sum
520 1702 661 1754 enim
691 1701 1025 1768 laboriosus,
1063 1702 1224 1756 etiam
1266 1718 1409 1757 nunc
1445 1703 1541 1757 sub
1577 1717 1771 1771 magno
1804 1719 1850 1778 Β
1879 1700 1944 1755 tis
1991 1702 2338 1755 onerantibus
2385 1718 2585 1757 exuere
2651 1703 2870 1768 curavi,
2919 1712 2978 1756 ut
3023 1707 3284 1759 undosum
3329 1707 3452 1772 hoc,

216 1791 274 1859 (ε)
296 1792 492 1844 honore
526 1798 809 1859 peccator;
851 1799 1138 1845 veteranus
1184 1791 1235 1844 in
1266 1807 1492 1846 numero
1522 1801 1773 1861 peccato-

214 1881 437 1947 rum,sed
466 1889 668 1935 aeterno
687 1881 817 1947 Regi
849 1897 1017 1935 novus
1045 1883 1372 1951 incorporea:
1403 1892 1521 1953 tyro
1544 1883 1766 1937 militiae.

214 1972 518 2042 Sapientiam
560 1974 744 2027 mundi
792 1974 954 2027 miser
988 1974 1262 2042 hucusque
1292 1974 1513 2028 miratus
1547 1991 1686 2041 sum,
1719 1983 1774 2028 et

215 2077 296 2132 per
319 2062 529 2116 inutiles
570 2062 776 2117 litteras
817 2062 1265 2133 reprobatamque
1292 2063 1629 2132 prudentiam
1661 2065 1771 2119 Deo

214 2154 380 2207 stultus
406 2162 464 2207 et
488 2164 665 2207 mutus
696 2154 768 2207 fui
795 2154 843 2207 δ.
872 2152 1159 2223 Postquam
1187 2157 1462 2209 inveteravi
1493 2158 1630 2209 inter
1663 2158 1769 2210 ini-

215 2246 346 2297 micos
374 2262 512 2297 meos
538 2256 586 2307 ο,
618 2254 673 2298 et
713 2245 907 2298 evanui
939 2244 990 2297 in
1018 2244 1430 2313 cogitationibus
1460 2245 1611 2308 meis,
1643 2242 1668 2281 ἀ
1699 2245 1773 2298 le-

214 2334 304 2385 vari
344 2336 517 2387 oculos
567 2352 701 2388 meos
736 2337 789 2387 in
825 2346 1020 2389 montes
1045 2346 1088 2399 ε,
1119 2336 1185 2389 ad
1214 2342 1482 2404 praecepta
1512 2334 1687 2401 Legis,
1719 2344 1774 2389 et

213 2424 370 2488 gratia:
405 2424 549 2478 dona
580 2426 870 2493 suspiciens
892 2464 908 2490 ,
939 2425 1076 2479 unde
1112 2427 1237 2479 mihi
1279 2427 1529 2479 auxilium
1563 2428 1695 2479 venit
1741 2443 1773 2479 a

214 2514 429 2580 Domino,
455 2519 548 2585 qui
578 2532 684 2571 non
724 2518 1015 2572 secundum
1057 2519 1363 2585 iniquitates
1402 2518 1704 2572 retribuens
1728 2517 1771 2584 τ,

214 2606 506 2661 illuminavit
532 2624 733 2662 cmcum
762 2620 807 2673 8,
839 2610 997 2663 solvit
1025 2609 1385 2679 compeditum
1410 2653 1423 2675 ,
1471 2610 1773 2663 humiliavit

211 2707 425 2752 erectum
457 2700 618 2763 male,
646 2708 703 2753 ut
730 2701 959 2766 erigeret
986 2701 1320 2753 humiliatum
1351 2701 1455 2769 pie.

271 2789 317 2842 5.
356 2790 567 2859 Sequor
596 2792 756 2859 igitur
783 2808 890 2846 non
918 2793 1085 2861 aequis
1114 2792 1290 2847 adhuc
1312 2791 1557 2860 passibus
1578 2806 1770 2858 magna

210 2880 450 2945 iustorum
482 2881 723 2949 vestigia,
741 2881 783 2935 si
800 2882 995 2950 possim
1009 2882 1340 2936 orationibus
1368 2878 1559 2935 vestris
1576 2896 1771 2949 appre-

210 2967 465 3034 hendere,
523 2972 577 3024 in
624 2986 732 3039 quo
783 2971 874 3025 Dei
923 2972 1357 3027 miserationibus
1406 2973 1771 3041 apprehensus

1874 1791 2016 1859 quod
2061 1792 2198 1844 inter
2244 1806 2344 1845 nos
2390 1800 2444 1844 et
2489 1791 2656 1845 Deum
2702 1793 2937 1859 peccatis
2993 1794 3455 1851 interlatrantlbus
3532 1856 3533 1859 η

1872 1889 2106 1947 separat,
2139 1881 2417 1947 prmsentis
2448 1880 2566 1933 vitae
2590 1882 2759 1934 salum
2785 1922 2801 1947 ,
2853 1882 3000 1935 omni
3037 1885 3231 1938 amictu
3256 1886 3453 1949 carnis,

1872 1979 1925 2022 et
1950 1984 2078 2022 cura
2104 1970 2208 2023 diei
2236 1970 2509 2036 sequentis
2539 1968 2584 2036 ί,
2609 1970 2831 2038 jubeute
2860 1979 2915 2024 et
2945 1973 3021 2041 (lt)
3048 1973 3269 2040 juvante
3296 1975 3453 2030 Chri-

1871 2072 1978 2131 sto,
1996 2064 2275 2133 expeditus
2298 2071 2527 2117 enatem.
2548 2064 2730 2132 Neque
2744 2065 2794 2119 id
2810 2064 3095 2133 perfecisse
3112 2082 3196 2121 me
3220 2070 3451 2137 glorior:

1872 2156 2013 2223 quod
2032 2163 2083 2209 et
2117 2155 2367 2222 igloriari
2390 2170 2625 2224 possem,
2652 2156 2700 2208 in
2729 2156 2950 2209 Domino
2972 2157 3256 2222 gloriareri
3274 2160 3454 2228 ,cujns

1872 2255 1949 2299 est
1976 2246 2266 2314 perﬁcere,
2294 2247 2436 2313 quod
2466 2248 2621 2299 nobis
2650 2245 2861 2313 adjacet
2891 2247 3023 2301 velle
3053 2246 3098 2300 κ.
3129 2247 3235 2303 Sed
3264 2265 3453 2305 concu-

1871 2338 2030 2407 piscit
2057 2337 2231 2391 adhuc
2258 2339 2435 2390 anima
2462 2353 2577 2390 mea
2609 2337 2913 2392 desiderare
2935 2338 3134 2406 judicia
3167 2340 3374 2396 Domini
3409 2345 3453 2398 ι.

1877 2429 2007 2483 Vide
2056 2429 2274 2497 quando
2297 2436 2611 2497 assequatur
2636 2430 2712 2499 (i)
2744 2428 2937 2484 eﬁectu
2972 2430 3068 2485 Dei
3101 2434 3451 2500 voluntatem,

1871 2522 1962 2590 qui
1988 2521 2161 2575 adhuc
2198 2522 2369 2589 ipsum
2399 2520 2708 2574 desiderare
2738 2522 3027 2576 desiderat.
3091 2522 3241 2588 Quod
3286 2526 3337 2579 in
3368 2542 3454 2581 me

1872 2619 2052 2665 tamen
2084 2618 2166 2664 est
2186 2651 2200 2673 ,
2246 2610 2408 2664 dilexi
2438 2611 2687 2664 decorem
2729 2610 2919 2665 domus
2943 2622 3172 2678 sanctaa;
3206 2622 3259 2667 et
3285 2629 3455 2682 quan-

1873 2709 1984 2753 tum
2018 2701 2067 2753 in
2099 2716 2183 2753 me
2212 2700 2334 2763 fuit,
2368 2700 2631 2767 elegerant
2663 2700 2900 2767 abjectus
2928 2717 3047 2756 esse
3075 2702 3126 2756 in
3156 2702 3315 2758 domo
3344 2705 3454 2757 Do—

1870 2789 2002 2843 mini
2034 2799 2089 2840 "‘.
2120 2787 2226 2841 Sed
2256 2789 2336 2840 cui
2364 2787 2557 2854 placuit
2585 2803 2853 2858 segregare
2880 2806 2960 2841 me
2986 2790 3049 2842 ab
3088 2800 3232 2844 utero
3273 2795 3454 2847 matris

1870 2896 1998 2933 mea:
2026 2888 2075 2943 ιι,
2105 2885 2159 2931 et
2186 2878 2252 2930 ab
2282 2877 2512 2930 amicitia
2544 2877 2720 2929 carnis
2743 2884 2798 2929 et
2823 2879 3094 2943 sanguinis
3135 2879 3199 2932 ad
3230 2880 3452 2949 gratiam

1871 2984 2020 3025 suam
2051 2967 2264 3021 trahere
2283 3006 2297 3030 ,
2334 2966 2506 3019 eidem
2535 2965 2732 3033 placuit
2770 2966 2979 3033 inopem
3011 2982 3096 3020 me
3125 2970 3299 3023 omnis
3324 2971 3453 3025 boni

210 3074 326 3112 sum.
358 3059 506 3128 Rege
532 3074 660 3127 ergo
692 3062 966 3129 parvulum
998 3064 1049 3115 in
1072 3069 1211 3116 terra
1232 3070 1552 3130 reptantem,
1585 3070 1639 3115 et
1667 3063 1773 3115 tuis
1798 3067 1844 3130 ο
1878 3060 2053 3113 meriti
2082 3058 2342 3112 suscitare
2371 3057 2437 3110 de
2463 3064 2602 3108 terra
2620 3094 2634 3119 ,
2679 3062 2735 3108 et
2762 3055 2829 3109 de
2858 3056 2974 3109 lacu
3006 3057 3359 3126 miseriarum,
3390 3076 3454 3115 ac

214 3150 459 3215 gessibus
490 3150 694 3218 ingredi
722 3153 875 3205 doce.
917 3152 1053 3207 Nolo
1079 3154 1222 3207 enim
1255 3154 1331 3223 (tl)
1363 3167 1449 3206 me
1478 3153 1772 3221 corporalis

211 3248 341 3293 ortus
358 3242 532 3308 magis
554 3256 713 3309 quam
736 3231 989 3311 spiritalis
1009 3252 1228 3298 exortus
1251 3251 1409 3297 aetate
1431 3242 1765 3298 consideres:

211 3328 385 3397 quippe
408 3342 544 3383 :etas
570 3331 702 3384 mihi
731 3332 1022 3385 secundum
1053 3348 1268 3387 carnem
1298 3347 1362 3386 ea
1379 3332 1490 3400 jam
1519 3344 1634 3397 est,
1666 3348 1772 3401 qua

208 3416 292 3472 fuit
313 3420 399 3476 ille
427 3422 499 3475 ab
527 3424 789 3491 apostolis
832 3425 886 3477 in
935 3433 1092 3492 porta
1139 3424 1397 3494 Speciosa
1436 3424 1585 3478 verbi
1614 3431 1773 3493 pote-

207 3518 327 3564 state
365 3521 591 3567 sanatus
621 3510 686 3579 h;
740 3515 792 3567 in
842 3516 1106 3570 natalibus
1148 3524 1324 3570 autem
1357 3516 1579 3580 animae,
1633 3516 1774 3569 illius

207 3599 361 3656 adhuc
388 3604 524 3657 mihi
556 3613 764 3674 tempus
794 3605 1026 3661 infantia:
1045 3615 1146 3673 est,
1178 3624 1296 3677 qua:
1318 3608 1592 3662 intentatis
1618 3606 1776 3661 Chri-

208 3696 279 3744 sto
302 3694 608 3748 vulneribus
636 3696 924 3759 immolata,
957 3697 1119 3764 digno
1147 3698 1402 3765 sanguine
1431 3698 1565 3765 Agni
1596 3698 1664 3768 (e)
1695 3699 1773 3751 vi-

208 3780 407 3835 ctimam
454 3786 840 3853 praecucurrit,
893 3794 949 3840 et
995 3787 1325 3842 Dominicam
1373 3790 1646 3858 auspicata
1692 3797 1777 3843 est

205 3871 516 3937 passionem.
572 3875 747 3942 Atque
775 3876 896 3929 ideo
925 3885 983 3930 ut
1011 3878 1263 3933 infantem
1289 3880 1462 3933 adhuc
1488 3880 1653 3935 verbo
1680 3880 1773 3935 Dei

206 3967 252 4013 et
269 3964 493 4031 spiritali
521 3972 682 4020 :etale
713 3967 994 4022 lactentem
1020 3969 1218 4035 educa,
1255 3972 1429 4025 verbis
1459 3972 1593 4034 tuis,
1642 3972 1774 4025 nhe-

203 4051 334 4105 ribus
362 4053 489 4108 fidei
514 4095 527 4119 ,
573 4056 656 4125 (ί)
688 4057 960 4125 sapientia:
990 4061 1147 4129 (forte
1169 4061 1325 4128 spei),
1377 4062 1616 4114 caritatis
1642 4103 1656 4125 ,
1688 4062 1769 4114 in-

205 4142 444 4200 hiantem.
514 4147 571 4201 Si
620 4147 852 4202 ofﬁcium
900 4166 1185 4205 commune
1224 4152 1536 4206 consideras
1562 4195 1576 4220 ,
1608 4152 1772 4205 frater

1876 3152 1943 3205 de
1967 3151 2077 3203 luto
2105 3148 2250 3203 faecis
2278 3148 2537 3214 educere,
2580 3155 2638 3201 ut
2678 3146 2968 3201 collocaret
2997 3163 3082 3201 me
3109 3164 3230 3203 cum
3259 3151 3455 3218 princi-

1875 3241 2030 3311 pibus
2055 3241 2236 3319 populi
2267 3240 2347 3294 sui
2380 3248 2427 3302 °,
2459 3246 2513 3292 et
2543 3245 2749 3307 partem
2779 3252 2952 3291 meam
2980 3238 3031 3291 in
3068 3246 3154 3292 tua
3185 3250 3329 3295 sorte
3356 3257 3455 3311 po-

1875 3340 2048 3399 neret,
2079 3340 2137 3385 ut
2167 3340 2218 3386 te
2246 3338 2533 3401 pnestante
2560 3330 2784 3395 meritis,
2817 3328 2992 3385 ofﬁcio
3016 3331 3252 3387 sociatus
3278 3348 3456 3403 {equa—

1874 3438 1982 3477 rer.

1948 3510 2002 3565 5.
2043 3510 2425 3565 Prtesumtione
2449 3511 2606 3579 igitur
2633 3528 2739 3566 non
2769 3527 2913 3580 mea,
2937 3512 3031 3567 sed
3056 3513 3254 3582 placito
3283 3524 3339 3569 et
3361 3532 3454 3571 or-

1878 3601 2152 3656 dinatione
2219 3600 2471 3664 Domini,
2535 3600 2888 3656 fraternitatis
2945 3610 3047 3656 tua:
3101 3605 3231 3657 mihi
3282 3605 3456 3661 findns

1879 3709 2171 3761 usurpans,
2206 3701 2355 3747 tanto
2391 3692 2638 3760 indignus
2666 3694 2871 3747 honore
2898 3708 2984 3746 me
3011 3694 3220 3761 dignor,
3250 3698 3371 3763 quia
3403 3706 3457 3751 te

1876 3801 1972 3854 pro
1997 3793 2081 3837 tua
2112 3784 2394 3837 sanctitate
2415 3790 2565 3835 certo
2593 3782 2729 3845 scio,
2756 3797 2880 3843 nam
2906 3783 3136 3837 veritate
3168 3784 3256 3855 (j)
3287 3787 3453 3855 sapis,

1875 3893 1980 3931 non
2013 3876 2119 3929 alta
2140 3889 2359 3942 sapere,
2380 3872 2473 3925 sed
2504 3872 2789 3926 humilibus
2814 3885 3113 3938 congruere
3145 3884 3188 3926 ν.
3222 3875 3457 3943 Ideoque

1874 3974 2085 4037 promte
2113 3972 2169 4017 et
2191 3964 2373 4016 intime
2416 3969 2756 4031 recepturum
2797 3977 2957 4031 spero
2982 3962 3259 4018 caritatem
3284 3965 3457 4018 humi-

1874 4055 2039 4110 litatis
2083 4060 2318 4105 nostra):
2351 4066 2511 4118 quam
2559 4050 2772 4117 quidem
2816 4052 2927 4119 jam
2976 4052 3244 4120 recepisse
3276 4060 3329 4106 te
3359 4068 3456 4121 per

1874 4144 2242 4202 beatissimum
2288 4140 2621 4195 sacerdotem
2675 4139 2958 4210 Alypium,
2998 4141 3124 4210 quia
3179 4140 3445 4210 dignatur,

262 4286 284 4311 ⁸
313 4275 469 4329 Joan.
511 4292 580 4339 1v,
614 4275 696 4327 H.
771 4275 798 4313 δ
832 4276 987 4330 Ruin.
1032 4294 1068 4341 1,
1124 4244 1231 4331 22..
1288 4290 1308 4317 ε
1342 4277 1481 4332 Psal.
1507 4296 1576 4339 v1,
1608 4278 1659 4331 8.
1738 4279 1761 4314 ά

1874 4292 1951 4330 .m.
1986 4290 2030 4337 1,
2062 4271 2151 4325 Ἦ.
2232 4280 2253 4307 ε
2286 4269 2425 4323 Psal.
2457 4284 2578 4341 cxx.
2610 4270 2670 4341 1.
2713 4269 2761 4341 A‘
2794 4269 2932 4323 Psal.
2966 4287 3054 4331 cn,
3086 4271 3171 4326 10.
3250 4284 3275 4321 8
3308 4272 3446 4330 Psal.

204 4357 338 4410 cnv,
372 4344 425 4397 8.

204 4412 278 4468 l8.
357 4413 558 4468 lPsal.
604 4432 783 4479 cxvm,
830 4417 915 4471 lO.
993 4424 1029 4453 ιι·
1062 4417 1203 4471 Psal.
1255 4434 1377 4480 xxv,
1410 4417 1473 4481 8;

513 4345 538 4381 δ
572 4346 780 4410 Act.1v,
810 4346 898 4411 22,
924 4349 1117 4402 dicitur
1146 4364 1408 4401 annorum
1440 4350 1668 4468 auiplius
1697 4365 1853 4417 quam
1885 4344 1972 4397 40.

513 4416 558 4467 :l.
604 4432 783 4468 cxvm.
830 4417 915 4468 lO.
993 4424 1029 4453 ιι·
1062 4417 1203 4468 Psal.
1255 4434 1377 4468 xxv.
1410 4417 1473 4468 8:
1548 4434 1591 4468 s.
1621 4416 1959 4468 Lxxx111.-ll.

1548 4434 1591 4471 s.
1621 4434 1959 4484 Lxxx1n,-11.

2057 4342 2071 4379 ί
2104 4341 2288 4393 Matth.
2311 4356 2391 4403 v1,
2420 4339 2505 4393 54.

2033 4422 2059 4448 υ
2091 4412 2208 4467 Gal.
2241 4427 2276 4475 1,
2310 4409 2397 4463 l5.

2591 4339 2672 4392 ill
2701 4338 2826 4393 Cor.
2870 4357 2924 4405 x,
2958 4341 3042 4393 l7.
3124 4342 3145 4378 ¹ι
3174 4343 3331 4397 Rom.
3363 4362 3451 4409 vn,

2476 4418 2499 4444 ο
2532 4407 2672 4463 Psal.
2705 4426 2828 4475 cm,
2861 4409 2913 4462 8.
2992 4424 3017 4458 ι»
3048 4410 3204 4465 Rom.
3239 4430 3337 4479 xu,
3366 4407 3454 4469 16.

262 4544 331 4617 ζα)
368 4544 461 4600 Sic
489 4560 622 4599 mss.
656 4544 727 4597 l2
750 4554 805 4599 et
832 4547 959 4601 edit.
992 4546 1190 4602 Bened.
1224 4546 1293 4600 At
1321 4547 1451 4601 editi
1483 4562 1601 4601 cum
1637 4562 1764 4601 mss.
1798 4559 1849 4617 ι)
1899 4614 1923 4617 η
1946 4542 1963 4609 (
1981 4542 2028 4611 e)
2053 4541 2194 4617 _Mss.
2218 4540 2251 4592 4
2282 4539 2540 4602 Vaticani,
2573 4541 2793 4593 victima.
2837 4539 2951 4593 Non
2982 4540 3295 4610 displiceat,
3327 4546 3371 4600 si
3395 4555 3453 4600 et

202 4611 230 4665 Ξ
252 4610 380 4682 Βὶᾲη
412 4618 561 4668 vita.

261 4704 327 4772 (ὁ)
367 4704 477 4758 Per
519 4705 659 4757 hanc
708 4720 900 4759 vocem
946 4703 1199 4759 Paulinus
1246 4705 1488 4772 designat
1535 4706 1770 4773 quinque

203 4770 344 4842 libras
369 4773 428 4828 S.
464 4774 751 4840 Augustini
773 4783 958 4827 contra
986 4773 1336 4828 Manichacus:
1362 4770 1502 4842 quod
1529 4770 1770 4842 patet—ex

205 4840 417 4913 ejusdem
446 4842 617 4913 epist_.
658 4860 711 4895 n.
743 4842 795 4907 l,
826 4858 894 4897 ex
931 4844 1087 4913 epist.
1115 4845 1166 4898 6.
1199 4859 1252 4897 n.
1282 4843 1335 4909 ‘2,
1367 4840 1422 4896 et
1457 4840 1610 4913 epist.
1643 4843 1677 4895 5
1705 4843 1772 4896 ad

206 4909 454 4980 Alypium,
482 4909 526 4964 ᾖ
538 4950 551 4962 .
583 4910 637 4964 2.

262 5007 323 5073 (c)
360 5007 442 5059 lla
474 5019 613 5060 mss.
664 5014 869 5072 septem
914 5013 968 5058 et
1014 5005 1142 5057 edit.
1190 5004 1393 5059 Bened.
1432 5013 1487 5058 et
1512 5004 1673 5059 Rosv.
1703 5004 1772 5057 At

206 5086 312 5142 mss.
344 5075 573 5128 codices
601 5080 835 5141 quatuor
862 5081 916 5126 et
940 5082 1048 5127 tres
1076 5075 1412 5138 editi,onere.
1437 5073 1503 5126 Et
1522 5074 1769 5142 quadrat,

208 5140 352 5208 inquit
378 5144 705 5206 Sacchinus,
737 5155 857 5195 cum
878 5143 1145 5196 sententia
1174 5143 1465 5210 Evangelii,
1498 5140 1596 5207 Qui
1624 5142 1770 5195 labo-

205 5216 310 5263 ratis
348 5222 397 5264 et
437 5212 653 5265 onerati
678 5211 820 5264 estis.
882 5211 1080 5265 Tamen
1126 5220 1180 5266 et
1229 5213 1350 5266 libri
1395 5221 1449 5266 et
1494 5213 1772 5265 sententi-.13

207 5291 435 5335 venustas
482 5281 691 5343 suadet,
719 5279 897 5350 magis
940 5281 1157 5345 honore,
1205 5282 1330 5350 quia
1376 5295 1435 5334 se
1478 5280 1615 5333 infra
1653 5297 1707 5334 ιι.
1740 5279 1774 5331 5

205 5352 562 5422 presbyterum
606 5348 911 5419 proﬁtetur,
952 5358 1007 5405 et
1034 5348 1381 5419 addit,'tanto
1410 5350 1650 5417 indignus
1675 5351 1769 5403 Ito-

204 5433 327 5473 ιοινε.

259 5509 650 5589 (ιη-ὃῂχηβεε,
678 5508 895 5589 codices
917 5508 1190 5589 AVaticani,
1237 5511 1353 5582 Big.
1392 5510 1521 5576 duo,
1554 5517 1609 5566 et
1633 5508 1764 5567 edit.

204 5577 383 5636 mea.
414 5579 589 5644 Editi,
619 5579 673 5632 in
693 5594 775 5633 me
803 5587 1023 5634 atatem.

1873 4614 2030 4683 digna
2052 4612 2275 4683 legatur.

1948 4685 2022 4750 tt)
2065 4679 2137 4731 lta
2171 4680 2220 4731 in
2249 4680 2403 4750 editis
2425 4688 2478 4733 et
2506 4696 2632 4734 mss.
2659 4679 2918 4750 omnibus.
2954 4677 3185 4733 Pronum
3208 4680 3306 4735 fuit
3330 4699 3450 4738 cum

1872 4747 2138 4805 Sac'e’hiuo
2184 4749 2490 4816 emendare,
2540 4750 2668 4816 spei,
2713 4747 2856 4816 quod
2900 4748 3175 4814 legendum
3222 4755 3455 4808 ostendit

1878 4831 1988 4874 tum
2022 4834 2129 4885 res,
2162 4826 2272 4870 tum
2295 4819 2521 4887 epistola
2550 4817 2617 4870 ‘27
2644 4818 2701 4871 S.
2734 4817 3045 4884 Augustini,
3075 4834 3179 4887 qua
3208 4821 3334 4875 huic
3363 4839 3451 4876 re-

1876 4890 2181 4961 spondens,
2248 4888 2541 4955 eademque
2602 4888 2765 4941 verba
2828 4902 3090 4955 usurpans
3142 4905 3196 4942 n.
3245 4890 3301 4955 5,
3344 4895 3452 4961 spei

1876 4958 2079 5013 80rihit.

1950 5025 2153 5098 (g)_Sic
2200 5040 2326 5098 mss.
2358 5024 2465 5078 duo
2493 5024 2733 5078 Vaticani
2761 5032 2816 5098 et
2843 5023 3151 5091 Bigotianus
3176 5042 3312 5083 unus
3333 5044 3454 5084 cum

1878 5093 2015 5151 edit.
2040 5093 2236 5147 Bened.
2271 5094 2339 5147 At
2360 5106 2486 5148 mss.
2518 5108 2731 5157 novem,
2762 5094 2956 5149 honore
2974 5098 3253 5152 seniorum.

1949 5164 2027 5235 (Ιι)
2066 5162 2157 5235 Sic
2185 5170 2294 5218 tres
2316 5172 2443 5235 mss.
2473 5162 2687 5235 codices
2711 5163 2824 5235 Big.
2853 5163 3027 5235 Editi,
3044 5165 3341 5234 adjuvante.

1948 5230 1967 5300 (
1983 5234 2031 5303 ἱ)
2052 5234 2208 5303 _Ante
2236 5239 2354 5303 erat
2391 5232 2442 5283 iu
2471 5230 2674 5303 editis,
2728 5233 2961 5299 e/fectum
2990 5234 3088 5289 Dei
3109 5230 3448 5291 voluntatum.

1877 5298 2160 5375 hlssfduo,
2189 5301 2423 5375 e/fectuin
2457 5298 2554 5351 Dei
2588 5298 2862 5375 voluntate.
2894 5303 3001 5375 Alii,
3023 5304 3181 5375 duo,
3217 5307 3450 5375 effectum

1878 5372 1976 5424 Dei
1996 5374 2321 5440 voluntatem.
2366 5367 2512 5440 Unus
2537 5382 2567 5422 e
2597 5368 2892 5436 Vaticanis,
2926 5373 3109 5440 eﬂ‘ectu
3148 5367 3451 5429 Dei-volun-

1878 5450 2049 5493 tatem.
2083 5436 2234 5492 Hunc
2261 5438 2551 5505 sequimur.

1947 5507 2162 5579 (j)_Sic
2191 5507 2590 5579 emendavimus
2617 5522 2685 5561 ex
2704 5523 2846 5579 mss.
2884 5509 3367 5579 tribusBigotianis
3386 5527 3443 5572 et

1877 5574 2238 5635 cdii.'Bened.
2273 5574 2409 5632 Ante
2438 5575 2629 5631 eratin
2654 5577 2829 5644 editis,
2861 5574 3145 5633 veritatem.
