4066 6192
574 245 673 302 107

1684 230 1737 285 S.
1782 226 2053 283 PAULINI
2092 222 2339 279 NOLANI
2378 221 2677 278 EPISCOPI

3718 218 3816 274 168

576 366 783 432 patrem
814 363 1054 409 nostrum
1080 394 1096 419 ,
1141 350 1371 407 confido.
1412 348 1460 401 Is
1488 348 1629 402 enim
1664 346 1781 400 sine
1809 344 1972 398 dubio
1999 342 2067 396 de
2094 355 2153 394 se
2183 344 2231 401 Α
2258 339 2492 407 perfecta
2540 336 2843 405 proximum
2891 333 2943 387 in
3001 332 3218 387 Christo
3244 372 3259 397 ,
3329 329 3414 384 vel
3462 328 3725 384 Christum
3770 335 3821 387 in

578 449 671 504 tibi
702 445 1006 513 exemplum
1057 440 1281 511 pnebuit
1326 453 1426 493 nos
1469 446 1591 490 ante
1638 435 1882 489 notitiam
1911 440 1968 486 et
1994 444 2156 499 supra

578 538 828 593 meritum
858 531 1127 599 diligendi,
1154 530 1244 598 qui
1277 528 1579 596 incognitos
1600 526 1700 581 sibi
1724 539 1841 588 nos,
1866 531 1920 577 et
1947 520 2158 588 longin-

581 645 683 698 qua
730 626 829 681 soli
857 625 944 679 vel
985 624 1083 677 sali
1114 624 1134 653 ⁸
1161 619 1559 688 intercapedine
1586 618 1918 686 disparatos,
1970 611 2160 681 spiritu

582 735 721 775 verae
749 721 768 750 "
797 715 1099 772 dilectionis
1122 755 1136 777 ,
1186 712 1277 781 qui
1305 710 1501 779 ubique
1527 718 1583 763 et
1610 714 1876 778 penetrat,
1904 712 1960 759 et
1985 701 2160 757 effun-

583 811 744 874 ditur,
775 816 831 862 et
857 807 1039 860 videre
1066 802 1335 871 diligendo
1363 801 1540 870 potuit
1559 842 1573 865 ,
1604 807 1659 853 et
1680 795 2003 865 alloquendo
2028 808 2161 862 per-

584 901 812 965 tingere.
859 896 956 950 Hic
993 895 1144 949 nobis
1174 893 1343 961 prima
1373 888 1596 944 affectus
1616 888 1699 942 sui
1722 887 2044 940 documenta
2063 921 2078 946 ,
2108 888 2164 935 et

585 987 824 1045 caritatis
871 992 975 1039 tua:
1021 983 1245 1052 pignora
1286 980 1340 1033 in
1380 977 1690 1047 supradicto
1734 974 1812 1045 (a)
1854 974 2016 1042 digno
2045 985 2164 1024 mu-

588 1092 716 1132 nere
744 1076 1000 1129 librorum
1029 1072 1194 1125 dedit.
1237 1070 1306 1123 Et
1332 1076 1533 1137 quanto
1558 1065 1761 1121 studuit
1788 1061 2077 1131 impendio,
2108 1068 2167 1114 ut

588 1167 928 1222 sanctitatem
962 1172 1105 1217 tuam
1135 1177 1242 1216 non
1268 1161 1433 1229 ipsius
1459 1166 1665 1211 tantum
1686 1155 1892 1221 verbis,
1924 1152 2019 1208 sed
2048 1152 2165 1221 ple-

590 1259 710 1312 nius
756 1254 1061 1322 eloquentia
1111 1260 1166 1306 et
1208 1251 1310 1305 ﬁde
1338 1260 1427 1304 tua
1455 1249 1723 1317 cognitam
1751 1261 1858 1300 non
1891 1257 2179 1314 possemus-

590 1360 774 1401 amare
811 1342 1172 1405 mediocriter,
1222 1348 1499 1409 tantopere
1532 1352 1749 1392 curasse
1777 1334 2021 1390 eumdem
2052 1348 2168 1388 cre-

589 1438 763 1492 dimus
788 1476 803 1503 ,
848 1442 908 1488 ut
954 1449 1053 1487 nos
1091 1431 1324 1485 vicissim
1365 1430 1531 1499 ipsius
1558 1428 1855 1482 imitatione
1882 1425 2168 1495 plurimum

590 1527 795 1595 diligas.
855 1523 1039 1578 Gratia
1069 1523 1161 1576 Dei
1189 1530 1393 1586 tecum,
1425 1528 1485 1573 ut
1524 1526 1636 1583 est,
1688 1518 1742 1572 in
1770 1525 2027 1571 aeternum
2057 1530 2171 1569 ma-

590 1624 733 1680 neat,
765 1623 1039 1684 optamus,
1083 1611 1250 1665 frater
1298 1611 1350 1664 in
1396 1608 1610 1663 Christo
1639 1607 1867 1661 Domino
1897 1605 2167 1668 unanime,

2259 428 2505 497 proximo
2546 425 2909 493 diligentibus.
2966 422 3272 493 Spiritualia
3305 420 3323 451 ¹
3352 420 3495 475 enim
3535 421 3824 477 carnalibus

2261 520 2533 573 intuentes
2556 555 2572 581 ,
2615 516 2771 571 facile
2799 515 3097 583 colligimus
3125 529 3191 568 ex
3220 514 3506 569 dilectione
3527 514 3821 584 perspicua,

2260 621 2419 675 quam
2448 607 2631 671 fratri,
2662 620 2821 673 quem
2863 605 3037 671 vides,
3069 603 3315 667 exhibes,
3368 604 3639 657 caelestem
3667 604 3821 669 illam,

2262 696 2493 762 fidelem,
2525 704 2686 765 atque
2711 694 3030 765 perfectam,
3057 708 3162 761 qua
3200 693 3392 757 Deum,
3432 707 3594 760 quem
3624 709 3728 747 non
3753 694 3826 747 vi-

2262 786 2381 853 des,
2404 785 2597 852 diligis.
2657 785 2810 850 Quod
2840 784 3131 853 probamus
3160 782 3462 836 obedientia
3489 781 3629 844 fidei,
3662 784 3705 835 si
3731 784 3827 837 sci-

2264 874 2393 929 licet
2414 875 2641 928 invicem
2671 872 2943 939 diligendo
2981 871 3008 909 b
3032 911 3046 935 ,
3091 871 3377 941 probemus
3423 887 3551 936 nos,
3604 873 3738 926 sicut
3777 882 3829 927 tu

2268 965 2492 1033 probas,
2517 964 2657 1018 illius
2684 963 2925 1031 magistri
2956 977 3073 1016 esse
3110 961 3400 1030 discipulos
3419 1002 3432 1025 ,
3464 962 3555 1029 qui
3589 979 3743 1032 usque
3769 964 3831 1015 ad

2266 1055 2422 1124 ﬁnem
2460 1054 2643 1107 dilexit
2668 1068 2788 1106 suos
2810 1092 2824 1117 ,
2856 1062 2906 1105 et
2934 1053 3162 1105 animam
3182 1066 3327 1103 suam
3349 1053 3367 1081 ²
3394 1068 3486 1120 pro
3515 1053 3695 1105 amicis
3732 1055 3831 1106 suis

2268 1146 2438 1214 posuit
2469 1156 2491 1184 ι
2522 1152 2790 1214 potestate
2814 1143 3002 1197 eadem
3030 1157 3135 1210 qua
3157 1150 3213 1196 et
3244 1143 3451 1196 sumsit.

2339 1233 2392 1286 2.
2425 1233 2565 1302 Ergo
2590 1234 2707 1299 tibi,
2734 1232 2898 1287 frater
2924 1247 3049 1287 vere
3071 1232 3425 1297 sanctissime,
3449 1241 3506 1286 et
3526 1232 3719 1287 merito
3744 1233 3832 1288 be-

2270 1327 2483 1381 nedicte
2505 1366 2520 1391 ,
2570 1326 2626 1380 in
2653 1326 2873 1394 regione
2903 1325 3145 1379 vivorum
3188 1338 3347 1393 supra
3384 1325 3623 1391 reginam
3666 1324 3834 1380 Austri

2276 1417 2431 1471 locus
2457 1424 2513 1471 et
2547 1430 2756 1470 merces
2781 1415 2885 1470 erit
2906 1412 2953 1468 ἀ.
3008 1414 3099 1467 Illa
3129 1414 3270 1468 enim
3294 1415 3562 1482 peccatrix
3588 1453 3602 1477 ,
3659 1424 3836 1485 utpote

2272 1508 2449 1562 adhuc
2490 1508 2885 1561 invisitatarum
2919 1505 2997 1577 (ά)
3037 1519 3067 1558 a
3106 1504 3217 1559 Deo
3246 1505 3480 1572 gentium
3511 1506 3660 1559 socia
3683 1545 3698 1569 ,
3731 1505 3835 1572 jam

2272 1604 2453 1653 tamen
2484 1596 2865 1651 visitandarum
2896 1595 3089 1664 praevia
3116 1635 3131 1661 ,
3182 1609 3287 1647 non
3316 1594 3521 1649 habens
3557 1595 3730 1663 legem
3758 1596 3839 1649 lit-

589 1706 911 1763 venerabilis
937 1748 951 1773 ,
1002 1702 1510 1758 desiderantissime.
1569 1698 1759 1752 Totam
1793 1698 1894 1767 16
1930 1695 2166 1760 domum,
2200 1695 2249 1756 B
2276 1698 2403 1744 tera:
2423 1730 2438 1756 ,
2471 1689 2561 1742 sed
2589 1688 2789 1741 habens
2819 1686 2975 1740 fidem
3004 1685 3136 1752 legis
3164 1685 3217 1737 in
3245 1685 3433 1737 tabulis
3461 1684 3631 1738 cordis
3662 1701 3839 1738 cama-

594 1807 649 1853 et
673 1813 887 1854 omnem
916 1796 1166 1850 comitem
1191 1834 1206 1861 ,
1236 1801 1290 1847 et
1317 1792 1681 1846 :emulatorem
1708 1789 1760 1842 in
1790 1788 2016 1842 Domino
2043 1801 2169 1840 san-

590 1890 789 1945 ctitatis
818 1897 941 1950 tuae,
964 1886 1193 1956 plurimo
1217 1882 1565 1937 fraternitatis
1589 1880 1856 1935 unanima:
1878 1879 2169 1933 salutamus

590 1979 802 2034 affectu.
837 1977 931 2047 (V.
965 1984 1078 2030 not.
1112 1974 1167 2042 8)
1207 1975 1405 2027 Panem
1446 1986 1612 2027 unum
1638 2012 1653 2037 ,
1691 1984 1850 2038 quem
1898 1967 2167 2022 unanimi-

591 2071 715 2124 tatis
745 2068 938 2122 indicio
961 2067 1203 2120 misimus
1228 2062 1440 2118 caritati
1472 2069 1594 2125 tuae,
1626 2074 1878 2129 rogamus
1909 2056 2172 2126 accipien-

592 2160 661 2213 do
689 2156 993 2213 benedicas.

876 2306 1239 2363 EPISTULA
1268 2305 1497 2360 XXVII
1528 2305 1632 2375 (Al.
1665 2301 1914 2372 XXXII)

1043 2413 1319 2452 AUGUSTINI
1349 2413 1415 2449 AD
1442 2409 1725 2449 PAULINUH.

596 2508 903 2577 Augustinus
951 2504 1193 2577 Paulino,
1227 2502 1537 2572 amplectens
1573 2503 1711 2555 illius
1749 2501 2167 2577 benevolentiam,

663 2570 711 2629 ἔτ
738 2586 966 2628 mutuum
1002 2574 1274 2625 declarans
1305 2570 1564 2635 amorem;
1610 2572 1857 2624 nonnulla
1886 2572 1947 2623 de
1980 2570 2171 2623 Roma-

665 2647 821 2697 niano
860 2654 908 2697 et
954 2644 1157 2712 Alypio,
1206 2658 1403 2712 necnon
1448 2642 1510 2693 de
1556 2639 1814 2705 Licentia,
1846 2641 1993 2712 cujus
2027 2640 2172 2695 wtati

664 2712 934 2778 metuebat,
967 2711 1035 2765 ne
1049 2720 1270 2782 vergeret
1302 2711 1370 2763 ad
1398 2726 1458 2764 ea
1487 2726 1599 2781 qua?
1617 2720 1736 2763 sunt
1760 2711 1955 2762 mundi.

600 2823 757 2897 (Vide
778 2824 917 2878 hanc
944 2820 1225 2890 epistolam
1248 2820 1387 2873 inter
1402 2818 1810 2887 Augustinianas
1826 2817 1923 2872 sub
1950 2832 2173 2873 numero

682 2914 770 2979 27,
805 2921 950 2967 tomo
980 2908 1195 2963 XXXIII
1229 2918 1425 2964 nostrae
1453 2907 1787 2976 Patrologim,
1816 2908 1919 2963 col.
1955 2907 2100 2977 107.)

1141 3046 1469 3103 EPISTOLA
1499 3049 1516 3067 ‘
1544 3048 1608 3103 ν.

597 3144 701 3214 20
746 3142 999 3195 Paulinus
1033 3140 1277 3214 Seuerum
1315 3141 1494 3214 laudat
1520 3149 1633 3214 ,_e_t
1682 3139 1879 3214 majore
1919 3138 2169 3214 miraculo

669 3207 963 3266 conversum
990 3210 1058 3262 ad
1082 3209 1245 3261 Deum
1275 3208 1729 3261 ostendit.Deinde
1759 3207 1994 3260 hortatur
2020 3216 2075 3259 ut
2103 3207 2170 3259 ad

668 3297 722 3334 se
754 3282 956 3343 veniat,
1009 3279 1261 3345 mittitque
1300 3294 1486 3346 panem
1520 3294 1581 3329 ac
1624 3277 1838 3330 buxeam
1879 3276 2170 3344 scutellam,

667 3359 896 3402 mutuum
925 3348 1166 3400 amicitia:
1192 3345 1497 3416 symbolum.

668 3457 880 3523 Seveno
910 3456 1061 3511 fratri
1084 3456 1348 3510 PAULINUS
1373 3455 1469 3526 (ὁ).

668 3597 720 3651 1.
750 3594 818 3650 Ει
838 3594 1202 3650 excusandum
1222 3592 1617 3664 putasti,frater
1640 3594 2000 3662 dilectissime,
2019 3597 2173 3666 quod

596 3688 663 3743 ad
702 3698 804 3742 nos
850 3701 959 3741 non
1004 3686 1119 3755 ipse
1160 3686 1398 3740 venisses
1420 3724 1436 3750 ,
1488 3685 1782 3740 secundum
1828 3688 2171 3756 sponsionem

597 3789 761 3846 tuam,
793 3778 1357 3847 exspectationemque
1387 3777 1671 3831 nostram?
1702 3775 1782 3831 Tu
1808 3792 1939 3833 vero
1961 3779 2173 3848 potiore

598 3868 673 3922 tui
700 3876 853 3937 parte
884 3867 955 3936 (c)
985 3882 1148 3935 quam
1171 3866 1462 3931 manseris,
1508 3867 1626 3921 solo
1652 3882 1881 3936 corpore
1910 3868 2053 3922 domi
2080 3883 2171 3923 re-

597 3959 777 4013 sidens
798 3997 814 4022 ,
842 3958 1119 4012 voluntate
1146 3957 1213 4011 ad
1237 3972 1367 4022 nos,
1400 3965 1455 4011 et
1477 3959 1667 4025 spiritu
1695 3968 1750 4013 et
1770 3974 2052 4026 sermone,
2078 3975 2173 4015 ve-

598 4051 761 4105 nisti:
811 4062 1135 4118 quamquam
1180 4062 1249 4102 ne
1296 4048 1649 4117 corporaliter
1698 4050 1912 4116 quidem
1960 4052 2172 4119 penitus

598 4139 851 4201 abfueris,
880 4137 1095 4206 quando
1125 4137 1177 4190 in
1205 4138 1386 4205 pueris
1408 4137 1512 4190 tuis
1530 4144 1716 4191 sancta
1744 4138 1797 4192 in
1822 4139 2048 4194 Domino
2076 4141 2170 4197 tibi

598 4231 853 4285 servitute
876 4228 1153 4293 connexis,
1205 4228 1447 4296 corporis
1476 4227 1549 4281 ad
1577 4244 1676 4283 nos
1705 4230 1780 4283 tui
1810 4231 2049 4285 membra
2078 4247 2172 4287 ve-

599 4325 813 4374 nerunt.
874 4304 1272 4385 Quamobrem,
1317 4315 1483 4371 frater
1531 4334 1657 4374 vere
1705 4330 1887 4375 sancte
1912 4362 1929 4387 ,
1977 4322 2170 4377 merito

2270 1778 2404 1832 libus
2429 1778 2617 1847 spiritu
2645 1776 2855 1831 consilii
2876 1786 2929 1828 et
2957 1774 3170 1843 pietatis
3199 1773 3441 1841 incisam,
3466 1775 3710 1828 utilitatis
3737 1788 3839 1828 sure

2270 1885 2427 1924 causa
2447 1911 2462 1936 ,
2512 1877 2567 1923 et
2609 1868 2783 1935 magni
2824 1881 2890 1921 ac
2913 1865 3163 1919 salutaris
3188 1864 3318 1917 lucri
3341 1863 3515 1918 studio
3536 1905 3551 1931 ,
3581 1866 3749 1917 tantis
3777 1865 3839 1917 ab

2271 1959 2561 2015 intervallis
2582 1959 2753 2013 ultimi
2774 1959 2918 2013 orbis
2944 1956 3138 2018 excita,
3162 1954 3395 2008 divinam
3421 1956 3605 2009 audire
3633 1957 3841 2025 sapien-

2271 2053 2401 2107 tiam
2431 2052 2771 2122 concupivit;
2804 2060 2882 2119 ut,
2911 2048 3054 2118 quod
3085 2063 3191 2102 non
3236 2047 3485 2110 habebat,
3539 2048 3841 2117 acciperet,

2272 2153 2327 2198 et
2354 2145 2526 2198 lucem
2550 2143 2817 2205 scientiae.
2850 2155 2954 2210 qua
2984 2139 3229 2202 careb‘at,
3261 2137 3518 2191 hauriret.
3571 2135 3692 2190 Iam
3722 2147 3842 2192 tunc

2272 2234 2476 2289 scilicet
2502 2247 2761 2302 sponsum
2806 2245 2962 2285 suum
2993 2237 3215 2283 ventura
3261 2226 3329 2280 de
3374 2227 3617 2295 gentibus
3664 2229 3842 2295 regina

2273 2324 2610 2387 desiderans,
2650 2323 2704 2375 in
2730 2321 2954 2375 odorem
2981 2318 3234 2388 spirantis
3262 2316 3368 2371 Iat'e
3392 2332 3422 2370 a
3451 2315 3723 2386 Propheta
3753 2333 3845 2372 suo

2272 2413 2469 2469 Christi
2516 2412 2899 2465 circumamicta
2944 2410 3191 2463 varietate
3237 2409 3293 2460 in
3340 2408 3520 2460 vestitu
3574 2406 3843 2473 deaurato,

2274 2514 2328 2562 et
2348 2504 2531 2576 populi
2552 2511 2607 2559 et
2624 2511 2863 2572 paternae
2885 2500 3077 2554 domus
3104 2498 3289 2563 oblita,
3312 2497 3593 2551 currebat:
3618 2497 3846 2552 barbara

2275 2598 2520 2660 natione,
2550 2610 2657 2649 non
2680 2593 2858 2646 animo
2884 2608 2899 2655 ;
2948 2599 3002 2643 et
3030 2590 3082 2642 in
3110 2596 3296 2657 aperto
3323 2588 3629 2656 peregrina,
3674 2588 3769 2641 sed
3797 2588 3846 2641 in

2274 2691 2485 2748 occulto
2516 2688 2699 2743 Judaaa
2719 2726 2734 2752 ,
2764 2691 3071 2739 sanctorum
3103 2681 3216 2736 ﬁeri
3245 2681 3374 2735 civis
3401 2682 3638 2749 optabat.
3703 2672 3849 2734 Unde

2276 2798 2384 2837 non
2410 2781 2582 2836 solum
2612 2782 2715 2848 21
2746 2775 2949 2831 cmlesti
2979 2773 3198 2843 praamio
3224 2770 3633 2826 resurrectionis
3657 2770 3845 2833 beatas,

2277 2873 2372 2929 sed
2397 2873 2559 2927 etiam
2586 2874 2854 2940 potestate
2882 2864 3247 2935 apostolorum
3275 2861 3342 2915 de
3367 2860 3565 2915 luds-is
3593 2861 3849 2917 adulteris

2274 2963 2549 3040 judicandi
2570 3003 2585 3027 ,
2644 2961 2809 3030 ipsius
2836 2972 2930 3012 ore
2955 2955 3155 3010 Iudicis
3197 2954 3354 3024 digna
3384 2962 3631 3009 censetur
3659 2972 3674 3007 :
3728 2954 3849 3023 quia

2192 3051 2239 3116 C
2269 3062 2537 3117 Christum
2576 3053 2628 3105 in
2661 3051 2727 3121 (ε)
2759 3047 3048 3103 Solomone
3102 3045 3292 3099 mirata
3322 3054 3345 3081 ο
3367 3085 3382 3109 ,
3414 3060 3596 3098 verum
3652 3046 3851 3111 reginas

2275 3148 2508 3208 caelestis
2545 3141 2793 3196 affectum
2824 3140 2877 3192 in
2912 3136 3143 3205 imagine
3183 3136 3406 3211 mystica
3436 3133 3693 3189 Ecclesia:
3721 3150 3849 3203 pro-

2272 3239 2505 3298 videntis
2536 3235 2866 3304 impleverat.
2921 3230 3061 3296 Ergo
3104 3228 3149 3281 si
3188 3228 3331 3281 illam
3370 3228 3423 3281 in
3467 3227 3642 3281 futuro
3671 3228 3848 3281 divina

2272 3328 2637 3387 remuneratio
2676 3329 2857 3377 manet
2883 3363 2897 3388 ,
2948 3334 3069 3374 cum
3109 3328 3287 3372 tamen
3329 3325 3385 3372 et
3430 3318 3542 3387 ipsa
3592 3318 3717 3372 istic
3762 3318 3849 3371 illo

2272 3433 2487 3490 quoque
2517 3424 2759 3484 tempore
2783 3424 2974 3477 magna
2995 3423 3061 3462 ex
3087 3415 3239 3476 parte
3266 3407 3527 3475 receperit
3547 3404 3849 3460 mercedem

2272 3524 2424 3565 suam
2450 3508 2517 3579 (ί)
2547 3502 2841 3572 compotita
2883 3498 3245 3553 desideratum
3293 3497 3563 3564 sapientia:
3612 3497 3850 3550 caelestis

2274 3602 2550 3663 auditum;
2606 3611 2725 3664 qum
2772 3592 2984 3646 tandem
3036 3590 3257 3659 prtemia
3318 3589 3683 3658 rependentur
3734 3588 3851 3655 tibi,

2272 3692 2364 3761 qui
2394 3704 2479 3743 mc
2507 3687 2621 3757 pari
2650 3684 2820 3752 gratia
2849 3725 2862 3749 ,
2911 3689 2967 3735 et
2994 3679 3200 3747 majore
3238 3692 3399 3746 opera
3425 3720 3441 3744 ,
3486 3678 3611 3745 quia
3639 3678 3849 3731 minoro

2273 3779 2517 3835 utilitatis
2537 3776 2603 3830 ad
2620 3788 2859 3843 przesens
2880 3781 2983 3824 tua:
3003 3785 3118 3839 spe,
3141 3768 3451 3823 desiderasti
3473 3768 3497 3819 ?
3524 3766 3659 3832 Quid
3682 3767 3851 3834 enim,

2272 3884 2473 3941 quaeso,
2522 3868 2576 3920 in
2604 3881 2692 3920 me
2718 3862 3126 3919 desiderantium
3150 3860 3426 3913 habuisti?
3481 3858 3649 3927 Quid,
3704 3858 3852 3928 quod

2274 3975 2380 4015 non
2402 3958 2644 4020 haberes,
2677 3971 2707 4008 a
2727 3968 2813 4008 me
2833 3951 3151 4007 sumendum
3175 3950 3402 4019 sperasti
3424 3950 3446 4003 ?
3474 3948 3626 4014 Quod
3643 3950 3851 4003 bonum

2272 4051 2368 4106 tibi
2394 4050 2461 4102 de
2488 4047 2756 4115 colloquio
2787 4042 3060 4113 imperiti?
3113 4054 3233 4108 qum
3281 4040 3477 4093 utilitas
3520 4041 3572 4093 in
3619 4047 3847 4108 aspectu

2272 4137 2570 4211 peccatoris
2595 4135 2774 4189 foret?
2816 4132 2945 4202 quid
2975 4131 3042 4185 ab
3071 4131 3354 4199 insipiente
3380 4129 3591 4198 sapiens
3609 4169 3624 4193 ,
3672 4138 3857 4183 rectus

2272 4250 2303 4287 a
2334 4246 2532 4303 pravo,
2570 4228 2762 4282 beatus
2786 4240 2817 4278 a
2846 4224 3080 4289 misero,
3107 4223 3172 4276 ab
3202 4221 3411 4275 intirmo
3441 4219 3592 4274 fortis
3611 4259 3626 4285 ,
3660 4221 3732 4275 ab
3765 4219 3855 4290 (g)

2274 4327 2432 4394 inope
2460 4321 2612 4375 dives
2641 4321 2696 4373 in
2721 4317 2949 4371 Domino
2977 4329 3170 4384 capere
3198 4313 3465 4382 potuisti?

600 4409 968 4474 dilectissime,
1000 4416 1055 4463 et
1084 4409 1137 4461 in
1163 4406 1377 4463 Christo
1407 4409 1560 4464 nobis
1590 4410 1868 4475 unanime,
1899 4384 1988 4464 tibi
2017 4429 2170 4481 repo-
2201 4384 2249 4441 D
2433 4412 2571 4465 Vere
2613 4417 2670 4463 tu
2710 4422 2817 4461 non
2858 4420 2978 4474 quae
3009 4412 3095 4458 tua
3145 4412 3270 4457 sunt
3318 4403 3512 4471 quaeris
3534 4442 3549 4466 ,
3596 4400 3693 4456 sed
3741 4414 3863 4470 qua:

595 4502 700 4554 sita
712 4502 825 4571 jam
853 4502 906 4553 in
926 4500 1063 4554 caelis
1085 4507 1159 4553 est
1180 4515 1371 4554 corona
1391 4500 1624 4569 pietatis,
1651 4517 1802 4571 quam
1815 4500 1984 4569 justus
2002 4500 2172 4557 Judcx

602 4592 779 4646 reddet
800 4593 854 4645 in
881 4592 975 4645 illa
1003 4592 1085 4644 die
1110 4600 1135 4629 ιι
1166 4590 1291 4656 tibi,
1316 4600 1371 4645 et
1397 4590 1643 4645 omnibus
1664 4590 1815 4658 juxta
1846 4598 1921 4659 te,
1953 4594 2177 4649 caritate

2279 4504 2474 4561 Christi
2504 4502 2520 4539 ί
2552 4519 2565 4553 :
2615 4498 2741 4568 quia
2768 4512 2873 4551 non
2896 4495 3175 4559 meritum,
3214 4508 3313 4548 nec
3337 4492 3763 4546 emolumentum
3793 4505 3862 4544 ex

2282 4610 2369 4649 me
2391 4602 2558 4654 tuum,
2591 4588 2683 4644 sed
2712 4587 2881 4642 solam
2911 4585 3052 4639 illam
3070 4625 3085 4652 ,
3116 4600 3235 4652 qum
3262 4582 3535 4652 plenitudo
3564 4590 3646 4635 est
3674 4580 3863 4633 Evan-

678 4728 760 4781 ΙΙ11
788 4727 924 4781 Tim.
949 4745 1016 4791 tv,
1044 4726 1097 4780 8.
1173 4728 1198 4765 ι)
1224 4727 1243 4780 I
1267 4727 1408 4781 Petr.
1436 4725 1549 4797 i._8.
1630 4737 1652 4764 ο
1680 4725 1999 4797 Joha_n.xm,
2028 4729 2078 4793 1,
2105 4738 2161 4784 et

2269 4727 2341 4786 15.
2415 4729 2440 4766 (ι
2463 4728 2529 4783 III
2552 4728 2685 4795 Reg.
2710 4743 2761 4792 κ,
2788 4724 2837 4786 it
2870 4724 2912 4778 II
2936 4723 3055 4777 Par.
3085 4738 3161 4788 ix,
3184 4721 3235 4787 l;
3261 4720 3446 4773 Matth.
3474 4734 3564 4785 su,
3590 4717 3690 4783 42;
3724 4717 3862 4774 Luc.

602 4811 675 4863 ιι,
704 4798 790 4851 3|.
870 4809 893 4833 ι-
922 4797 1109 4851 Matth.
1144 4814 1235 4860 xu,
1266 4797 1351 4849 42.
1435 4796 1452 4834 ί
1482 4795 1674 4863 Philip.
1707 4812 1763 4858 ιι,
1794 4795 1845 4848 4.

677 4931 696 4949 ‘
731 4930 874 4983 Alias
904 4928 954 4993 I;
978 4944 1095 4999 quae
1121 4938 1297 4983 autem
1327 4939 1443 4983 erat
1469 4928 1525 4995 5,
1552 4944 1693 4983 nunc
1718 4928 1801 4982 II.
1834 4928 2043 5000 Scripta
2073 4948 2214 4988 anno
2244 4930 2367 4987 595.

673 5044 749 5113 (a)
789 5043 939 5113 lianc
985 5058 1172 5097 vocem
1218 5043 1516 5097 addidimus
1546 5058 1611 5097 ex
1642 5058 1769 5097 mss.
1812 5042 2019 5098 duobus
2050 5045 2164 5112 Big.

602 5122 658 5168 et
684 5111 811 5166 edit.
847 5111 1044 5166 Benetl.

675 5182 749 5260 (b)
777 5181 1063 5260 Ms._\jicn.
1096 5180 1259 5234 addit.
1290 5189 1343 5234 et
1376 5180 1627 5260 Therasia
1651 5188 1963 5260 peccatores.

675 5249 745 5321 (ε)
777 5251 872 5303 llis.
896 5250 1074 5321 Vien.,
1096 5268 1194 5321 qua
1217 5252 1481 5304 manseris.
1510 5249 1757 5304 Fortasse
1781 5250 1987 5315 melius,
2017 5268 2167 5320 quam

602 5320 702 5394 qua
718 5320 999 5394 ptanseris.

667 5387 961 5512 giLAbest
1000 5403 1031 5441 a
1073 5403 1171 5441 ms.
1218 5386 1347 5457 Reg.
1400 5396 1454 5441 et
1500 5387 1628 5441 edit.
1668 5386 1796 5440 Bad.
1854 5395 1909 5441 et
1955 5387 2165 5454 Schot.,

603 5476 1071 5611 :ltjeiosolo‘m'one.
1217 5540 1317 5611 ms.
1354 5524 1485 5611 Reg.
1524 5533 1581 5611 et
1603 5524 1728 5611 edit:
1762 5523 1889 5611 Bad.
1917 5563 1944 5606 ,.
1978 5524 2165 5611 Gram,

603 5594 755 5653 Crin.
797 5604 851 5650 et
879 5594 1061 5650 Schot.
1103 5607 1157 5649 et
1197 5596 1339 5649 alibi.
1390 5594 1478 5648 Sic
1512 5596 1672 5648 etiam
1715 5595 1906 5663 legitur
1931 5595 1984 5648 in
2019 5603 2167 5648 testu

2276 5042 2465 5098 Grmco
2494 5043 2714 5113 Σολομίαῖιν
2733 5079 2768 5113 ,_
2797 5047 2852 5094 et
2874 5039 3077 5113 Aubique
3116 5037 3420 5113 ita_locutus
3448 5034 3864 5113 estnfaulinusA;

2276 5114 2521 5168 similiter
2548 5104 2953 5165 et'Prudentins
2976 5104 3335 5173 IIamartigen.
3360 5122 3501 5159 vers.
3525 5104 3705 5174 576m
3733 5105 3867 5174 579,

2278 5180 2661 5251 Ifsychomach.
2701 5194 2843 5251 vers.
2893 5178 3034 5251 809_,
3080 5177 3132 5229 in
3177 5176 3474 5251 Diptycho,
3517 5191 3569 5227 ιι.
3619 5173 3655 5225 2
3684 5183 3742 5251 e_t
3772 5173 3873 5240 Mi;

2276 5244 2567 5317 Gregorius
2596 5247 2959 5317 Nazianzenus
2989 5247 3042 5299 in
3071 5244 3397 5317 carminibus
3426 5259 3534 5296 non
3561 5244 3764 5308 semel,
3811 5254 3869 5299 et

2275 5313 2572 5387 Drepanius
2586 5316 2787 5387 _Florus
2818 5314 3086 5387 carmaad
3116 5313 3441 5387 Moduinum.

2458 5387 2553 5440 Ms.
2586 5385 2744 5458 Reg!
2771 5401 2883 5458 eam
2904 5385 3083 5455 potita.
3120 5382 3260 5436 Edit.
3294 5383 3478 5436 Schol.
3512 5382 3563 5435 in
3589 5385 3865 5454 margine.

2277 5455 2392 5511 cuni
2416 5458 2579 5522 potita
2605 5464 2683 5508 est
2711 5455 3022 5508 desiderare.

2351 5521 2425 5596 (g)
2454 5523 2531 5580 Ita
2560 5539 2660 5580 ms.
2691 5523 2845 5580 Vien.
2878 5523 3015 5577 Ante
3044 5528 3180 5589 erat,
3210 5521 3371 5591 inopi.
