4020 6186
328 278 427 341 169

1739 272 2062 332 EPISTOLA
2095 272 2161 335 ν.

3454 276 3555 331 170

324 391 446 461 gelii
472 399 495 428 ι
514 432 531 458 ,
561 390 879 455 caritatem,
903 391 989 446 vel
1016 391 1069 446 in
1099 398 1202 447 tum
1224 387 1666 460 peregrinationis
1694 388 1897 455 cogita-
1924 356 2312 453 Alacultatum
2358 403 2477 447 non.
2497 390 2740 459 egentior
2761 430 2777 457 ,
2832 399 2888 447 et
2924 392 2977 447 in
3003 392 3118 463 ipso
3153 394 3329 452 adhuc
3378 394 3566 455 mundi

326 490 401 547 tu,
430 479 514 533 vel
543 480 595 533 in
626 480 915 534 vexatione
946 489 1159 535 tuorum
1179 495 1398 535 causam
1427 478 1678 533 habuisti.
1715 478 1898 532 Beatus

320 584 372 622 es
392 608 407 631 ,
458 567 597 636 quod
625 584 728 620 non
749 567 911 621 habeo
942 568 1078 621 unde
1109 568 1387 621 retribuam
1409 568 1498 621 tibi
1520 583 1539 620 :
1593 566 1899 621 retribuetur

320 664 487 708 autem
511 654 601 708 tibi
632 656 686 707 in
710 658 1085 710 resurrectione
1099 657 1356 726 justorum
1376 657 1404 695 δ
1435 656 1502 709 ab
1524 670 1611 718 eo,
1642 656 1732 724 qui
1760 664 1817 711 et
1845 657 1897 709 in

318 744 553 797 minimis
590 745 703 797 suis
749 759 809 798 se
836 743 983 811 diligi
1015 751 1242 798 testatur
1280 752 1336 797 et
1362 744 1527 813 recipi
1561 755 1604 797 ο.
1667 742 1817 798 Unde
1841 752 1900 799 et

319 837 445 890 illud
472 838 549 890 ait
577 840 702 907 (pro
727 837 969 906 quolibet
998 836 1230 890 nominis
1257 837 1339 891 sui
1369 836 1454 890 vel
1484 834 1619 890 falso
1648 845 1742 889 aut
1770 836 1891 889 inu-

322 928 399 981 tili
429 943 593 982 servo
619 969 635 994 ,
681 928 860 982 verbis
895 928 1009 981 suis
1044 927 1343 981 debitorem
1380 941 1440 980 se
1476 926 1697 994 iaciens)
1726 943 1739 978 :
1768 922 1897 989 Qui

317 1020 497 1088 recipit
518 1020 824 1088 prophetam
846 1021 900 1071 in
930 1020 1131 1071 nomine
1158 1018 1441 1087 prophetae,
1473 1016 1751 1070 mercedem
1776 1032 1899 1084 pro-

318 1109 478 1176 phetae
496 1111 738 1178 accipiet.
794 1109 918 1162 Mihi
959 1109 1162 1163 scilicet
1206 1123 1311 1161 non
1355 1108 1639 1162 decessura
1682 1108 1751 1162 ob
1794 1109 1897 1163 hoc

316 1200 525 1255 sarcina
566 1215 718 1265 mea,
787 1200 911 1254 licet
956 1215 986 1253 a
1027 1199 1173 1267 justo
1202 1199 1463 1253 honorem
1486 1198 1615 1266 justi
1645 1208 1897 1268 peccator

315 1290 616 1358 accipiam:
676 1290 768 1344 tibi
824 1305 954 1344 vero
1006 1291 1081 1358 (α)
1132 1289 1184 1342 in
1234 1290 1720 1342 remunerationem
1767 1289 1895 1343 boni

315 1388 535 1448 accepto
574 1379 793 1434 ferenda
842 1380 952 1449 ipsa
993 1380 1258 1449 Opinionis
1306 1389 1409 1433 tua:
1454 1379 1702 1447 justitia;
1768 1380 1895 1447 quia

314 1480 496 1525 sancto
526 1486 731 1535 errore,
764 1470 859 1524 sed
890 1486 1017 1524 vero
1046 1471 1258 1539 pietatis
1285 1469 1478 1524 all'ectu
1501 1508 1516 1534 ,
1565 1469 1765 1524 bonum
1790 1469 1898 1524 Do-

317 1563 516 1615 minum
558 1562 906 1615 bonoraveris
931 1568 984 1615 et
1013 1561 1064 1613 in
1086 1560 1227 1613 malo
1256 1574 1433 1613 servo.

382 1651 435 1704 4.
477 1650 619 1717 Quid
648 1651 809 1719 igitur
840 1650 1020 1705 miseri
1047 1649 1300 1705 faciemus
1324 1690 1339 1716 ,
1391 1650 1513 1703 hinc
1538 1648 1700 1703 etiam
1728 1649 1895 1705 ratio-

2002 477 2232 542 theatro,
2259 477 2311 532 id
2332 487 2434 545 est,
2461 478 2564 533 fori
2592 480 2905 535 celebritate
2931 482 3235 550 diversans,
3266 494 3321 540 et
3349 485 3564 542 facundi

1998 569 2227 623 nominis
2247 570 2478 639 palmam
2502 580 2691 627 tenens
2713 590 2728 639 ;
2751 575 3031 642 repentino
3053 576 3251 645 impetu
3271 578 3565 635 discussisti

1995 658 2189 713 servile
2217 660 2423 735 peccati
2446 660 2632 729 jugum
2652 701 2668 726 ,
2722 673 2777 716 et
2806 663 2983 717 letalia
3008 667 3183 719 carnis
3209 674 3266 720 et
3292 670 3565 737 sanguinis

1997 748 2064 817 (Γ)
2097 749 2267 803 vincla
2294 750 2483 820 rupisti
2510 750 2552 803 ί.
2609 752 2793 821 Neque
2828 762 2879 809 te
2899 754 3096 809 divitia:
3125 755 3194 810 de
3223 758 3563 813 matrimonio

1995 834 2206 890 familia:
2230 839 2525 895 consularis
2562 850 2789 909 aggesta:
2812 880 2827 905 ,
2887 857 3063 911 neque
3091 854 3213 913 post
3258 846 3561 915 eonjugium

1997 927 2253 993 peccandi
2282 928 2524 997 licentia,
2563 941 2618 984 et
2644 932 2838 986 caelebs
2870 933 2945 1003 (g)
2971 934 3222 1002 juventas
3250 937 3317 990 ab
3340 946 3565 1005 angusto

1994 1015 2181 1071 salutis
2209 1018 2429 1071 introitu
2450 1059 2464 1083 ,
2515 1028 2570 1074 et
2598 1020 2765 1075 arduo
2795 1022 2987 1076 itinere
3015 1024 3228 1078 virtutis
3256 1025 3310 1078 in
3345 1026 3563 1081 mollem

1996 1104 2139 1159 illam
2168 1114 2222 1160 et
2250 1109 2539 1176 Spatiosam
2580 1111 2869 1165 multorum
2899 1114 3038 1166 viam
3080 1129 3340 1173 revocare
3368 1124 3564 1184 potue—

1995 1202 2119 1248 runt
2149 1204 2194 1247 8.
2228 1194 2438 1264 Beatus,
2458 1200 2544 1268 qui
2564 1201 2797 1269 refugisti
2825 1201 2889 1254 de
2908 1203 3121 1257 consilio
3152 1203 3173 1234 ³
3201 1205 3491 1273 impiorum,
3515 1213 3565 1260 et

1996 1284 2050 1336 in
2080 1285 2160 1337 via
2194 1297 2516 1355 peccatorum
2545 1291 2813 1358 persistere
2840 1292 3081 1360 noluisti,
3135 1305 3184 1348 et
3204 1297 3381 1349 sedere
3402 1298 3457 1349 in
3485 1313 3567 1350 ca-

1997 1374 2179 1428 thedra
2201 1376 2503 1445 pestilentia:
2530 1379 2844 1447 dedignatus
2871 1396 2930 1436 es
2954 1423 2970 1448 ,
3010 1392 3067 1436 ut
3099 1383 3399 1441 humilitate
3424 1402 3564 1456 pra»

1995 1462 2136 1518 celsa
2162 1464 2384 1532 pedibus
2403 1466 2653 1522 Cruciiixi
2681 1470 2987 1525 accubares.

2067 1552 2119 1607 6.
2152 1552 2230 1607 Tu
2261 1555 2336 1625 (Ιι)
2366 1571 2492 1624 ergo
2520 1574 2678 1611 verus
2700 1557 2869 1613 factor
2896 1560 3043 1627 legis,
3075 1571 3131 1617 et
3159 1561 3429 1634 Evangelii
3456 1582 3563 1622 non

1995 1644 2188 1699 surdus
2214 1645 2426 1701 auditor
2454 1645 2501 1712 h,
2554 1648 2644 1717 qui
2686 1664 2880 1719 corpus
2918 1659 2973 1704 et
3011 1653 3264 1707 mundum
3295 1654 3564 1723 configcm

317 1760 437 1799 nem
476 1753 535 1799 et
563 1758 777 1813 poenam
815 1742 1045 1797 debituri
1070 1782 1085 1809 ,
1137 1742 1280 1810 quod
1308 1742 1543 1795 honores
1569 1742 1890 1810 accipiamus
1923 1738 1967 1798 Β
1991 1735 2169 1799 cruci,
2217 1735 2439 1791 delicias
2459 1736 2755 1805 juventutis
2778 1780 2791 1803 ,
2848 1748 2903 1794 et
2949 1741 3069 1794 vita:
3112 1744 3392 1811 praesentis
3425 1745 3563 1799 mala

316 1834 613 1889 immeritos
639 1852 652 1886 :
702 1842 759 1888 et
783 1833 873 1902 qui
905 1832 1180 1886 auditores
1206 1839 1411 1885 tantum
1441 1830 1572 1899 legis
1598 1846 1781 1885 sumus
1804 1872 1819 1898 ,
1862 1846 1894 1885 a

314 1926 604 1981 factoribus
632 1925 992 1995 praedicemur
1018 1921 1045 1961 ἀ
1068 1924 1092 1977 ?
1121 1923 1238 1988 Quo
1266 1924 1437 1991 magis
1463 1923 1666 1977 scilicet
1694 1938 1892 1992 expro-

314 2017 495 2070 bretur
522 2016 681 2069 nobis
727 2013 1148 2069 condemnandus
1193 2022 1377 2082 torpor
1417 2014 1677 2082 ignavia},
1732 2015 1890 2069 steri-

315 2107 441 2160 lium
461 2105 718 2175 jejunitas
749 2106 1067 2171 animarum,
1102 2112 1159 2159 et
1190 2105 1241 2158 in
1265 2104 1517 2174 operibus
1545 2105 1702 2159 bonis
1729 2105 1891 2160 aridae

314 2214 505 2251 manus
537 2207 560 2233 θ
586 2214 601 2261 ;
662 2212 783 2251 cum
823 2195 1088 2250 audiendo
1129 2209 1228 2264 per
1255 2210 1557 2250 sermonem
1587 2203 1734 2249 tuum
1762 2210 1889 2250 vera

312 2288 505 2355 dignis,
540 2294 600 2340 ut
627 2295 689 2340 tu
716 2300 794 2349 es,
826 2284 1023 2339 Christi
1042 2286 1230 2350 servis,
1263 2293 1423 2352 atque
1442 2285 1563 2340 ideo
1586 2286 1738 2340 nobis
1759 2284 1888 2341 falsa

312 2376 612 2446 praeconia,
670 2379 774 2445 22
800 2383 1003 2443 quanto
1024 2375 1205 2430 debito
1234 2375 1663 2442 constringamur
1717 2390 1886 2443 agno-

313 2467 509 2521 scimus
534 2484 548 2517 :
579 2465 799 2533 quando
822 2463 1077 2532 judicium
1107 2472 1254 2518 tuum
1293 2466 1489 2519 nostris
1529 2465 1737 2520 actibus
1763 2466 1887 2521 dtin-

315 2554 570 2617 ferentes,
601 2569 724 2622 qua:
752 2553 819 2607 de
848 2553 1003 2607 nobis
1030 2553 1303 2616 audimus,
1336 2569 1443 2608 non
1472 2556 1802 2610 inveniamus
1832 2558 1886 2612 in

313 2646 483 2699 nobis.
534 2644 673 2710 Quid
703 2644 845 2699 enim
884 2644 1057 2698 simile
1084 2644 1301 2712 gloriari
1329 2648 1654 2715 possumus?
1700 2650 1799 2704 etsi
1830 2650 1883 2706 in

314 2733 536 2790 Domino
557 2732 897 2802 gloriandum
926 2734 1032 2801 sit,
1082 2734 1205 2802 quia
1240 2735 1368 2789 nihil
1392 2736 1493 2790 nisi
1519 2736 1634 2805 ejus
1660 2753 1883 2795 munere

311 2835 587 2896 acceptum
612 2826 873 2880 habemus
898 2840 911 2877 :
967 2832 1204 2878 attamen
1232 2825 1362 2878 mihi
1393 2834 1523 2880 actas
1551 2829 1877 2896 provectior,

310 2924 363 2968 et
388 2929 419 2967 a
445 2914 634 2984 primis
653 2912 764 2981 jam
792 2913 947 2967 annis
974 2914 1234 2968 honorata
1259 2929 1486 2983 persona
1513 2918 1686 2987 potuit
1712 2928 1881 2975 matu-

309 3020 424 3059 rare
459 3006 809 3074 gravitatem,
856 3013 1117 3074 praeterea
1152 3021 1349 3075 corpus
1379 3007 1454 3076 (b)
1489 3008 1777 3073 inﬁrmius,
1822 3021 1878 3067 et

1996 1823 2186 1891 gaudia
2212 1839 2312 1893 pro
2332 1827 2550 1880 venenis
2577 1837 2629 1880 et
2658 1827 2886 1883 luctibus
2909 1838 3182 1884 aversatus
3202 1846 3279 1898 es,
3309 1848 3563 1901 respuens

1994 1915 2435 1983 patrimoniorum
2482 1933 2648 1973 onera
2694 1935 2793 1973 ceu
2839 1929 3177 1977 stercorum:
3236 1927 3429 1981 merito
3459 1930 3564 2000 23

1992 2018 2211 2057 socrum
2263 2003 2358 2074 (V.
2409 2013 2523 2059 not.
2574 2005 2624 2058 9.
2676 2006 2926 2074 lntelligit
2972 2008 3273 2081 Bassulam)
3322 2024 3562 2070 sanctam

1992 2094 2138 2157 omni
2176 2094 2535 2153 liberaliorem
2562 2105 2784 2165 parente
2817 2096 2870 2150 in
2898 2107 3127 2153 matrem
3166 2101 3386 2155 sortitus
3413 2112 3558 2157 ceter-

1990 2199 2114 2240 nam
2138 2227 2153 2254 ,
2200 2188 2326 2256 quia
2369 2188 2644 2243 caelestem
2690 2189 2903 2244 Patrem
2944 2198 3313 2246 anteverteras
3350 2203 3560 2251 terreno

1989 2277 2239 2345 parenti;
2283 2278 2532 2347 exemplo
2560 2278 2953 2347 apostolorum,
3000 2280 3060 2349 (i)
3103 2281 3292 2337 relicto
3332 2293 3485 2351 patre
3509 2286 3560 2340 in

1988 2366 2234 2421 navicula
2259 2365 2567 2435 ﬂuctuante,
2598 2368 2801 2423 scilicet
2822 2369 2873 2423 in
2895 2368 3051 2439 hujus
3072 2371 3192 2425 vita:
3213 2373 3417 2428 incerto
3440 2390 3561 2429 cum
3604 2414 3611 2423 .

1989 2456 2191 2511 retibus
2230 2472 2410 2513 rerum
2454 2473 2709 2525 suarum,
2766 2467 2823 2513 et
2866 2460 3227 2531 implicatione
3258 2465 3560 2532 patrimonii

1987 2546 2244 2603 derelicto
2271 2590 2285 2614 ,
2332 2547 2603 2604 Christum
2632 2559 2846 2605 secutus
2883 2551 2922 2605 ί.
2972 2550 3080 2606 Nec
3119 2554 3340 2609 minoris
3378 2555 3558 2610 domcc

1988 2637 2137 2691 sticis
2162 2637 2352 2706 opibus
2381 2639 2580 2707 ingenii
2610 2640 2877 2695 facultatis
2906 2641 3116 2696 laudem
3160 2644 3225 2696 ab
3256 2645 3559 2705 hominibus

1984 2743 2091 2783 non
2119 2731 2418 2799 accipiens,
2442 2739 2497 2786 et
2523 2732 2695 2785 inanis
2730 2733 2913 2801 gloria:
2942 2734 3010 2804 (j)
3051 2733 3352 2791 sublimiter
3389 2737 3557 2803 negli~

1982 2832 2133 2887 gens,
2164 2820 2491 2889 piscatorum
2516 2821 2929 2890 prmdicationes
2959 2823 3217 2879 Tullianis
3239 2826 3493 2880 omnibus
3516 2841 3549 2880 e

1984 2908 2087 2963 tuis
2108 2909 2299 2965 litteris
2317 2912 2615 2980 pmtulisti.
2635 2910 2929 2979 Confugisti
2946 2914 3009 2966 ad
3026 2913 3238 2981 pietatis
3259 2906 3552 2979 silentium,

1983 3006 2043 3052 ut
2068 2999 2320 3055 evaderes
2344 3001 2639 3069 iniquitatis
2669 3001 2971 3055 tumultum.
3010 3000 3308 3056 Mutescere
3338 3004 3552 3060 voluisti

306 3095 577 3151 deeoctior
590 3111 718 3150 caro
741 3096 989 3150 obterere
1013 3095 1185 3150 studia
1212 3097 1567 3167 voluptatum,
1592 3100 1663 3170 (c)
1688 3103 1751 3156 ad
1773 3103 1878 3160 hoc

1985 3092 2316 3160 mortalibus,
2340 3101 2396 3147 ut
2417 3109 2510 3148 ore
2540 3109 2675 3163 puro
2704 3093 2883 3147 divina
2914 3094 3210 3162 loquereris
3235 3111 3249 3161 ;
3280 3104 3335 3149 et
3363 3097 3539 3165 pollu-

307 3188 409 3239 vita
438 3188 555 3255 ipsa
583 3187 827 3241 mortalis
851 3188 904 3240 in
926 3187 1198 3242 laboribus
1227 3195 1281 3242 et
1299 3191 1549 3245 mrumnis
1572 3191 1876 3262 frequenter

306 3278 537 3331 exercita
559 3318 574 3342 ,
605 3277 791 3343 odium
816 3292 994 3331 rerum
1022 3279 1428 3348 inquietantium
1458 3296 1649 3350 parere
1671 3324 1684 3348 ,
1726 3294 1780 3339 et
1808 3285 1875 3340 de

304 3367 410 3434 spei
431 3366 754 3420 necessitate
780 3382 845 3421 ac
872 3367 1154 3421 dubiorum
1182 3376 1348 3432 metu,
1380 3370 1582 3425 cultum
1602 3372 1874 3441 religionis

305 3468 517 3523 augere.
552 3456 630 3525 (ιι)
678 3455 870 3510 Postea
896 3455 1127 3525 denique
1156 3465 1214 3511 ut
1252 3472 1284 3511 a
1312 3459 1590 3515 calumniis
1632 3470 1687 3516 et
1713 3478 1871 3533 pere-

303 3544 690 3611 grinationibus
716 3544 959 3612 requiem
984 3560 1178 3613 capere
1203 3548 1346 3603 visus
1370 3564 1490 3603 sum
1512 3590 1527 3615 ,
1584 3566 1685 3606 nec
1712 3552 1873 3607 rebus

302 3634 526 3702 publicis
551 3642 845 3703 occupatus
868 3676 882 3699 ,
916 3641 971 3688 et
999 3649 1029 3687 a
1058 3634 1159 3689 fori
1188 3638 1416 3707 strepitu
1441 3647 1707 3705 remotus,
1732 3642 1871 3697 ruris

302 3725 483 3789 otium,
517 3730 573 3777 et
591 3722 844 3778 Ecclesiae
865 3724 1065 3779 cultum
1088 3726 1281 3795 placita
1304 3730 1357 3782 in
1376 3732 1596 3786 secretis
1615 3731 1873 3788 domesti—

301 3814 376 3867 cis
418 3813 804 3884 tranquillitate
844 3815 1152 3869 celebravi:
1210 3826 1271 3871 ut
1310 3821 1563 3887 paulatim
1606 3823 1871 3879 subducto

300 3921 327 3958 a
353 3907 684 3961 secularibus
712 3907 884 3961 turbis
914 3908 1121 3970 animo,
1154 3912 1538 3980 praeceptisque
1564 3913 1871 3970 coelestibus

300 3996 719 4061 accommodato,
745 3996 1032 4065 proclivius
1055 3997 1121 4051 ad
1138 4007 1465 4054 contemtum
1486 4001 1688 4069 mundi,
1711 4004 1872 4058 comi-

300 4094 573 4153 tatumque
598 4084 831 4153 Christi,
849 4086 959 4155 jam
986 4090 1139 4156 quasi
1168 4088 1237 4144 de
1266 4090 1488 4146 ﬁnitima
1517 4093 1641 4147 huic
1664 4108 1867 4163 propo-

297 4176 401 4228 sito
428 4176 511 4228 via
545 4175 617 4245 (c)
651 4174 1083 4244 demigraverim.

367 4262 420 4316 5.
452 4265 534 4318 Tu
562 4264 732 4319 frater
754 4265 1097 4321 dilectissime
1122 4309 1137 4335 ,
1194 4268 1260 4323 ad
1288 4267 1571 4323 Dominum
1613 4270 1870 4325 miraculo

294 4358 494 4426 majore
521 4374 816 4414 conversus
843 4374 902 4414 es
919 4402 933 4424 ,
957 4361 1082 4429 quia
1112 4369 1268 4416 actate
1294 4361 1597 4428 ﬂorentior,
1625 4362 1868 4417 laudibus

1977 3190 2082 3236 tam
2112 3184 2301 3239 canina
2326 3184 2570 3241 facundia
2600 3186 2832 3254 linguam
2859 3225 2874 3251 ,
2921 3185 3117 3240 Christi
3160 3186 3402 3243 laudibus
3423 3226 3439 3253 ,
3491 3201 3548 3244 et

1973 3276 2485 3330 commemoratione
2511 3276 2626 3345 ipsa
2655 3276 2727 3346 pii
2757 3277 2988 3330 nominis
3016 3277 3281 3346 expiares.

2044 3364 2095 3417 7.
2127 3362 2171 3417 Ο
2198 3380 2326 3420 vere
2354 3365 2448 3435 (V.
2476 3374 2588 3420 not.
2646 3365 2734 3435 10)
2759 3365 3026 3433 Israelita,
3056 3368 3149 3437 qui
3177 3368 3342 3423 Deum
3372 3368 3539 3425 Jacob

1974 3464 2080 3509 tam
2106 3456 2208 3510 ﬁda
2238 3465 2417 3512 mente
2445 3458 2621 3512 vidisti
2651 3462 2664 3507 i
2702 3476 2713 3510 :
2754 3467 2808 3513 et
2838 3466 3104 3529 tamquam
3137 3461 3210 3531 (It)
3242 3462 3405 3531 ipsius
3434 3463 3539 3516 Do-

1972 3545 2101 3601 mini
2150 3547 2529 3603 colluctatione
2566 3547 2804 3602 ﬁrmatus
2851 3548 2896 3611 Ιι,
2941 3551 3263 3618 ριιωνεὶιιιὶδιὶ
3300 3552 3541 3607 adversus

1970 3641 2252 3710 principem
2282 3641 2433 3710 hujus
2464 3642 2640 3694 mundi
2665 3681 2679 3705 ,
2725 3650 2773 3694 et
2801 3642 3057 3710 spiritalia
3086 3645 3323 3712 nequitia:
3356 3647 3411 3697 in
3441 3662 3539 3698 cae-

1970 3730 2178 3784 lestibus
2217 3730 2231 3767 ι
2266 3730 2542 3785 debellasti
2580 3739 2731 3784 scuto
2762 3728 2920 3794 ﬁdei,
2976 3732 3243 3799 armisque
3274 3733 3533 3800 justitim:

1970 3828 2270 3889 praeoptans
2291 3816 2504 3873 Christo
2532 3821 2759 3888 placere,
2787 3833 2945 3887 quam
2976 3820 3279 3876 hominibus
3306 3832 3342 3858 ω
3372 3840 3385 3875 :
3438 3824 3536 3877 ho-

1970 3912 2200 3966 minibus
2238 3910 2433 3965 stultus
2459 3923 2578 3964 esse
2603 3948 2617 3975 ,
2670 3923 2830 3977 quam
2874 3908 3020 3964 Deo:
3077 3910 3224 3964 omni
3253 3911 3531 3977 facundim,

1969 4002 2221 4070 omnique
2245 4000 2520 4070 sapientia:
2547 3998 2703 4066 hujus
2722 3998 2903 4053 mundi
2930 3998 3207 4067 praetulisti
3227 4001 3535 4056 scandalum

1970 4092 2142 4146 crucis
2166 4109 2179 4157 ;
2218 4097 2276 4146 ut
2302 4089 2446 4157 quod
2473 4088 2793 4158 pereuntibus
2823 4089 3042 4143 stultitia
3069 4095 3146 4141 est
3170 4096 3195 4123 ιι
3216 4131 3233 4155 ,
3273 4089 3402 4143 tuin
3420 4101 3540 4155 par.

1972 4188 2081 4237 tem
2134 4182 2321 4236 salutis
2358 4180 2626 4246 adscitus,
2670 4188 2728 4233 ut
2752 4179 2997 4234 omnibus
3033 4179 3186 4232 salvis
3217 4177 3407 4233 futuris
3434 4195 3532 4248 pa-

1970 4272 2127 4327 tescit
2149 4310 2165 4335 ,
2219 4273 2452 4325 virtutem
2480 4279 2527 4322 et
2561 4271 2868 4339 sapientiam
2897 4267 2994 4322 Dei
3028 4283 3137 4322 esse
3161 4282 3534 4337 cognosceres.

1972 4360 2159 4415 Beatus
2187 4376 2259 4423 es,
2292 4359 2489 4424 frater,
2536 4360 2655 4427 quia
2692 4374 2795 4412 non
2823 4373 2944 4411 caro
2974 4366 3021 4410 et
3060 4359 3267 4429 sanguis
3300 4360 3541 4413 reuelauit

294 4449 681 4516 abundantior,
723 4450 975 4505 oneribus
1003 4451 1309 4520 patrimonii
1338 4453 1506 4508 levior
1523 4494 1538 4519 ,
1566 4453 1860 4508 substantia
1890 4446 1940 4506 D
1965 4451 2056 4504 tibi
2075 4451 2183 4503 hazc
2207 4488 2222 4514 ,
2260 4449 2349 4502 sed
2380 4448 2539 4502 Pater
2567 4450 2651 4519 qut
2678 4449 2731 4502 in
2755 4449 2891 4502 caelis
2914 4457 2986 4501 est
3019 4457 3043 4483 ο
3070 4490 3084 4515 ,
3132 4463 3229 4517 per
3255 4448 3543 4503 Dominum

364 4612 389 4638 ⁸
425 4602 580 4656 Rom.
610 4618 726 4662 xm,
760 4601 847 4655 10.
921 4599 948 4640 δ
974 4600 1096 4655 Luc.
1129 4619 1235 4666 xrv,
1270 4603 1354 4656 14.
1433 4614 1454 4642 ε
1488 4603 1676 4658 Matth.
1708 4620 1831 4667 xxv,
1861 4604 1883 4654 Δ

2023 4600 2050 4641 ἀ
2082 4601 2237 4655 Rom.
2282 4600 2505 4667 ",15;

1244 4670 1270 4709 δ
1300 4672 1412 4728 Jac.
1446 4690 1479 4734 ι,
1514 4673 1601 4727 22.
1682 4672 1697 4710 ί
1734 4672 1919 4727 Matth.
1961 4689 2031 4737 tv,
2080 4670 2186 4736 22;
2241 4669 2403 4724 Marc.
2433 4686 2478 4733 ι,
2518 4668 2624 4732 20;
2656 4667 2784 4723 Luc.
2828 4684 2881 4733 v,
2925 4667 3009 4722 11.

290 4688 430 4735 cxv,
475 4672 564 4725 17.
641 4680 664 4717 8
695 4670 883 4725 Matth.
926 4687 1029 4734 vn,
1065 4672 1148 4725 15.

2582 4598 2692 4653 Jac.
2726 4614 2762 4662 ι,
2788 4598 2875 4651 22.
2954 4608 2977 4636 ε
3002 4597 3127 4654 Luc.
3155 4614 3228 4663 vt,
3260 4599 3313 4653 6.
3395 4600 3414 4637 τ
3451 4599 3537 4653 Ps.

3089 4672 3103 4718 ι
3141 4667 3332 4723 Joban.
3373 4686 3412 4736 ι,
3452 4669 3540 4724 47.

291 4741 315 4777 ¹ι
342 4740 540 4795 Cenes.
570 4755 738 4805 χχιιι,
766 4738 860 4793 24.
941 4738 959 4777 ι
993 4740 1131 4810 Eph.
1164 4758 1237 4808 vr,
1268 4741 1319 4796 2.
1401 4752 1439 4778 ω
1467 4741 1584 4797 Gal.
1617 4759 1657 4810 ι,
1682 4741 1765 4796 10.
1841 4751 1869 4778 ιι

1986 4757 2065 4796 or.
2098 4757 2134 4805 ι,
2163 4740 2250 4793 18.
2329 4747 2353 4775 ο
2380 4738 2567 4792 Matth.
2600 4754 2716 4802 xvr,
2749 4737 2835 4789 17.

358 4916 438 4982 (α)
468 4913 569 4968 Ms.
595 4912 769 4978 Vien.,
798 4914 855 4965 in
882 4914 1297 4967 remuneratione
1325 4913 1443 4967 boni
1469 4923 1696 4975 accepta.

358 4984 434 5054 (b)
464 4983 564 5054 Ms.
592 4982 782 5054 Vien.,r
799 4982 1081 5054 inﬁrmum.

359 5048 432 5120 (c)
463 5053 542 5106 Ita
580 5067 708 5105 mss.
753 5048 885 5119 Reg.
917 5059 972 5104 et
1015 5051 1164 5104 Vien.
1205 5059 1260 5104 et
1283 5050 1409 5104 editi
1437 5050 1487 5103 4.
1528 5048 1667 5103 Edit.
1704 5050 1866 5107 Rosv.

288 5123 561 5258 “(siege
588 5204 689 5242 ms.
724 5188 858 5255 Reg.
892 5196 945 5242 et
972 5189 1100 5243 edit.
1133 5188 1265 5242 Bad.
1298 5196 1351 5243 et
1378 5189 1539 5243 Grav.
1564 5190 1701 5242 Ante
1731 5197 1865 5250 erat,

290 5267 478 5332 potest.
491 5258 761 5332 _Denique.

359 5329 430 5409 (c)
460 5327 560 5382 Ms.
614 5325 745 5395 Reg.
770 5366 786 5391 ,
857 5326 1231 5381 demicaverim.
1274 5325 1413 5381 Editi
1455 5336 1599 5391 tres,
1648 5327 1861 5379 dimica-

285 5413 531 5527 Ἥίιδ
558 5479 687 5517 mss.
720 5464 955 5521 codices.
988 5464 1149 5527 Editi,
1180 5467 1400 5519 vincula.

452 5468 531 5518 lta
558 5479 687 5517 mss.
720 5468 955 5521 codices.
989 5468 1149 5527 Editi,
1180 5468 1400 5519 vincula.

352 5468 441 5604 8)
471 5533 561 5587 Sic
584 5533 836 5654 gubernas
867 5550 965 5603 pro
983 5535 1221 5603 juventus
1261 5534 1397 5587 dixit
1421 5532 1737 5610 Prudentius
1765 5532 1855 5586 lib.

356 5610 548 5654 contra
631 5603 964 5654 vmtnachum
1008 5619 1144 5654 vers.
1191 5604 1343 5654 l082.
1384 5644 1395 5654 .
1433 5642 1444 5654 .
1482 5642 1495 5654 .
1550 5600 1727 5654 ambus
1786 5612 1855 5654 est

295 5607 329 5660 2
356 5600 548 5659 contra
584 5600 1144 5671 Synnnach'um‘vcrs.
1191 5604 1343 5657 {082.
1384 5644 1395 5656 .
1426 5602 1444 5655 ῖ
1482 5642 1495 5655 .
1550 5600 1727 5669 quibus
1786 5611 1862 5654 est

570 5690 848 5753 Ρηιιοι.
903 5689 1072 5751 LXI.

1972 4912 2222 5033 ﬁrmatam
2249 4911 2504 4981 juventas.
2541 4907 2614 4962 De
2640 4923 2744 4976 qua
2769 4922 2899 4961 voce
2920 4907 3039 4962 vide
3076 4908 3138 4962 Ν.
3172 4908 3444 4966 Heinsium
3473 4914 3541 4967 ad

2027 4995 2243 5033 aronem
2269 4988 2323 5033 et
2352 4978 2716 5032 Claudianum.
2750 4977 2846 5031 Ms.
2882 4977 3033 5031 Vien.
3065 4986 3121 5032 et
3147 4979 3280 5033 edit.
3302 4979 3455 5033 Grin.
3487 4994 3541 5033 et

2027 4977 2323 5034 aronem'et
2352 4978 2716 5032 Claudianum.
2750 4977 2846 5031 Ms.
2882 4977 3033 5031 Vien.
3065 4986 3121 5032 et
3147 4979 3280 5033 edit.
3302 4979 3455 5035 Grin.
3487 4994 3542 5037 et

1971 5050 2179 5113 Schot.,
2204 5049 2435 5117 juventa.

2043 5119 2120 5187 (It)
2152 5115 2246 5171 Ms.
2275 5117 2428 5187 Vien.
2452 5159 2466 5183 ,
2506 5115 2580 5187 Tu
2610 5132 2722 5187 vere
2744 5131 2908 5187 verus.

2066 5184 2110 5254 i)'
2143 5188 2300 5241 Deest
2327 5186 2503 5239 relicto
2534 5186 2584 5238 in
2614 5184 2740 5254 edit.
2772 5184 2954 5237 Scltot.

2066 5191 2105 5254 ἱ)
2143 5191 2300 5241 Deest
2327 5191 2503 5239 relicto
2534 5191 2584 5238 in
2614 5191 2740 5238 edit.
2772 5191 2954 5237 Scltot.

2043 5191 2110 5325 ὃ)
2146 5256 2241 5311 Ms.
2274 5255 2427 5309 Vien.
2456 5254 2601 5325 addit
2629 5250 2977 5325 cupiditatem,
3008 5252 3100 5325 sed
3120 5268 3438 5325 perperam;
3464 5258 3540 5314 sic

1969 5322 2111 5379 enim
2141 5325 2287 5393 loqui
2316 5332 2457 5376 amat
2488 5322 2737 5376 Paulinus
2780 5324 2831 5394 in
2864 5322 3087 5394 cpistola
3119 5323 3187 5394 548
3222 5322 3287 5378 ad
3315 5326 3536 5394 Aprum,

1968 5411 2022 5447 η.
2058 5394 2116 5446 11
2146 5435 2160 5459 ,
2195 5388 2265 5447 tui
2291 5394 2622 5459 diligentem;
2660 5393 2713 5443 in
2745 5388 2905 5459 epist.
2934 5388 3022 5456 39,
3053 5405 3106 5443 η.
3139 5392 3190 5458 1,
3220 5388 3381 5447 nostri
3412 5394 3535 5446 dili-

1968 5411 2022 5447 n.
2058 5411 2116 5446 ιι
2146 5435 2160 5459 ,
2195 5411 2265 5447 tut
2291 5411 2383 5447 aut
2420 5411 2622 5456 enimn,-
2661 5411 2713 5443 tn
2745 5411 2829 5459 ενι

1965 5466 2185 5533 gentior,
2215 5472 2270 5517 et
2302 5480 2356 5515 n.
2387 5411 2447 5533 gi,
2475 5463 2554 5513 sui
2585 5461 2832 5533 deligens.

2037 5535 2113 5601 (k)
2143 5519 2232 5588 Sic
2258 5547 2387 5587 mss.
2417 5519 2547 5600 Reg.
2580 5539 2636 5586 et
2664 5519 2819 5588 Vica.
2845 5536 2899 5585 et
2926 5528 3054 5584 editi
3082 5527 3229 5583 Grin.
3263 5536 3318 5584 et
3348 5527 3534 5585 Schol.

1967 5601 2088 5669 Alii,
2116 5604 2210 5657 vir.

3210 5685 3259 5749 ο.
