4020 6186
500 225 594 280 ΠΙ

1630 216 1686 271 S.
1727 214 1998 270 PAULINI
2036 213 2283 269 NOLANI
2323 212 2621 269 EPISCOPI

3639 218 3737 273 172

498 338 740 387 nostrum
766 326 946 384 Iesum
972 328 1239 384 Christum
1263 368 1277 393 ,
1335 326 1426 396 qui
1468 329 1734 383 convertit
1762 330 2069 400 sapientiam
2095 332 2144 393 Α
2172 330 2396 398 accipiat
2423 331 2552 383 alter
2581 340 2637 382 οι.
2691 330 2787 385 Cui
2817 330 2987 385 simile
3016 339 3135 393 est,
3189 339 3247 385 ut
3294 330 3438 400 quod
3478 333 3732 397 volueras,

496 436 708 483 eorum,
762 429 812 472 et
840 420 1048 471 stultam
1077 418 1234 487 fecit;
1277 426 1326 470 et
1371 419 1523 487 elegit
1549 418 1761 487 infirma
1804 434 1867 471 ac
1908 419 2064 472 stulta

496 510 714 573 mundi,
760 518 817 564 ut
857 508 1112 561 mundum
1159 507 1317 560 istum
1356 507 1438 561 bis
1477 508 1605 576 ipsis
1628 550 1644 575 ,
1689 516 1912 577 propter
1946 523 2066 578 qua:

497 600 666 654 Deum
710 598 1025 665 dedignatur
1054 597 1130 667 (a)
1158 609 1350 661 nosse,
1392 596 1676 666 confundat
1706 605 1756 650 ι.
1798 597 2065 651 Memento

496 704 623 757 ergo
652 697 708 743 tu
733 688 903 743 nostri
940 686 1107 755 magis
1134 686 1157 719 ⁸
1177 728 1193 755 ,
1241 687 1333 755 qui
1383 687 1823 756 locupletioribus
1861 687 2066 741 meritis

495 779 560 832 ad
591 776 847 832 exorandi
870 777 1166 846 potentiam
1209 776 1415 830 niteris.
1463 775 1571 831 Nos
1613 777 1756 831 enim
1804 776 1929 830 licet
1952 774 2066 843 jam

496 884 717 923 accensa
745 869 797 922 in
828 868 1026 922 lumine
1048 866 1245 921 Christi
1273 866 1517 931 lucerna,
1557 874 1734 919 tamen
1763 864 1939 919 adhuc
1964 864 2063 919 sub

492 958 672 1013 modio
698 967 1039 1028 peccatorum
1067 957 1326 1022 latentes,
1358 966 1535 1011 vestra
1554 995 1569 1017 ,
1600 956 1691 1025 qui
1722 965 1831 1009 tam
1862 955 1984 1010 ﬁdei
2008 962 2063 1009 et

491 1049 694 1115 gratiae,
715 1062 875 1115 quam
897 1062 1121 1116 operum
1143 1046 1263 1100 luce
1286 1046 1559 1115 conspicui
1590 1061 1685 1115 per
1711 1044 1804 1115 (V.
1831 1052 1944 1099 not.
1970 1044 2059 1115 ll)

489 1145 708 1206 septena
732 1138 942 1192 Domini
962 1136 1277 1192 candelabra
1299 1136 1510 1206 fulgetis
1534 1136 1581 1201 δ,
1606 1137 1680 1207 (b)
1702 1136 1854 1191 educi
1875 1151 2056 1200 manu,

489 1236 773 1296 vestroque
810 1228 932 1283 oleo
960 1228 1275 1297 impinguari
1316 1236 1476 1297 caput
1521 1228 1799 1296 cupimus;
1849 1236 1909 1281 ut
1951 1244 2059 1282 non

488 1319 781 1388 fumigante
808 1320 903 1390 (V.
933 1331 1047 1374 not.
1078 1320 1134 1388 2)
1168 1320 1277 1373 lino
1301 1360 1319 1386 ,
1366 1319 1510 1387 quod
1540 1333 1637 1373 nec
1676 1319 1847 1388 ipsum
1880 1326 2057 1372 tamen

486 1408 791 1461 misericors
827 1407 1083 1461 Dominus
1121 1407 1450 1476 exstinguit,
1504 1408 1713 1461 obscuri
1746 1406 2046 1470 ardeamus,

483 1498 577 1552 scd
606 1513 756 1567 puro,
783 1508 838 1552 et
865 1498 1059 1553 ceteris
1091 1498 1251 1552 etiam
1276 1496 1604 1567 praeferendo
1636 1495 1805 1551 ﬁdelis
1826 1494 2055 1565 exempli

483 1586 682 1642 lumine
728 1587 1001 1642 iaceamus
1033 1598 1096 1642 σε
1152 1602 1473 1656 quamquam
1520 1586 1729 1641 Domini
1783 1591 1952 1654 gratia
1990 1584 2057 1640 de

2168 417 2307 471 velle
2329 433 2433 471 non
2461 417 2674 472 desinas
2697 456 2713 480 ,
2761 428 2817 472 et
2845 419 3229 473 immutabilem
3269 419 3339 473 ad
3376 435 3475 475 nos
3501 422 3735 477 veniendi

2167 506 2488 560 sententiam
2515 514 2718 562 teneas.
2772 506 3040 575 Religiosa
3066 508 3352 563 conamina
3394 508 3508 577 ipse
3535 510 3603 564 ad
3628 512 3737 567 voti

2166 593 2395 649 fructum
2424 597 2712 665 pervehet,
2766 596 2817 650 in
2862 597 3013 665 cujus
3041 605 3308 666 potestate
3337 606 3419 652 est
3447 614 3511 653 ac
3539 598 3737 664 favore,

2164 691 2226 737 ut
2262 685 2531 752 possimus
2568 700 2825 754 prospere
2848 726 2863 751 ,
2919 686 3065 754 quod
3100 686 3189 756 pie
3215 686 3476 740 volumus.
3533 685 3737 742 Scimus

2164 773 2338 838 enim,
2369 774 2493 842 quia
2521 773 2850 829 desideranti
2876 775 3074 830 bonum
3095 816 3110 841 ,
3137 777 3318 830 omnia
3347 776 3655 845 procedunt
3682 779 3735 831 in

2177 863 2380 918 bonum
2410 874 2435 900 η
2468 865 2563 935 (γ.
2594 881 2681 935 ep.
2704 866 2792 932 47,
2826 884 2880 921 ιι.
2914 868 2973 936 ι).
3001 868 3200 922 Verum
3222 877 3277 924 et
3304 884 3424 936 nos,
3449 870 3592 937 quod
3620 870 3735 939 qui-

2161 951 2283 1006 dem
2313 954 2465 1007 nobis
2502 956 2857 1020 gratissimum
2892 957 3100 1024 signum
3137 958 3441 1012 concordia:
3480 959 3534 1012 in
3563 961 3733 1014 omni-

2160 1041 2260 1095 bus
2288 1050 2483 1096 noslne
2505 1042 2629 1107 fuit,
2656 1044 3020 1098 infirmitatum
3060 1054 3267 1099 tuarum
3297 1047 3498 1101 indices
3532 1048 3734 1105 litteras

2160 1140 2485 1199 aegrotantes
2508 1135 2809 1202 accepimus
2834 1151 2848 1199 ;
2907 1136 3355 1206 probavimusque
3384 1137 3437 1190 in
3470 1139 3624 1192 nobis
3650 1154 3733 1192 se-

2163 1223 2398 1277 cundum
2429 1224 2671 1292 Apostoli
2698 1223 2899 1279 dictum
2930 1233 2984 1278 et
3017 1224 3265 1280 affectum
3290 1264 3305 1288 ,
3358 1229 3592 1295 compati
3632 1229 3733 1285 sibi

2158 1314 2313 1368 unius
2333 1315 2575 1383 corporis
2595 1315 2832 1369 membra
2857 1324 2903 1367 ο.
2937 1314 3065 1367 Nam
3091 1323 3144 1369 et
3164 1330 3230 1369 eo
3252 1316 3369 1383 ipso
3393 1331 3489 1370 nos
3504 1319 3735 1374 refectos

2156 1403 2419 1457 sensimus
2442 1444 2457 1469 ,
2503 1402 2647 1473 quod
2682 1403 2975 1458 revaluisse
3016 1411 3069 1457 te
3097 1404 3425 1472 scripseras;
3478 1414 3535 1458 ut
3563 1405 3616 1458 in
3646 1407 3732 1461 di-

2155 1493 2325 1547 versis
2362 1493 2484 1548 licet
2512 1494 2666 1548 terris
2696 1493 2854 1563 positi
2878 1532 2894 1557 ,
2948 1495 3219 1561 cperantis
3247 1494 3300 1547 in
3330 1494 3485 1549 nobis
3512 1496 3732 1564 spiritus

2156 1583 2415 1636 unitatem
2445 1583 2604 1636 tacita
2646 1583 2701 1636 in
2729 1583 3042 1651 corporibus
3077 1583 3340 1652 separatis
3371 1586 3728 1651 connexione,

481 1675 503 1707 ⁸
536 1677 771 1730 tenebris
811 1676 1105 1743 relucente,
1130 1692 1237 1730 non
1258 1676 1470 1731 obscuri
1506 1690 1603 1745 per
1628 1676 1857 1731 nominis
1888 1675 2051 1743 ipsius
2083 1676 2126 1735 Β
2154 1674 2369 1742 paribus
2389 1681 2481 1727 aut
2510 1672 2862 1728 incommodis
2884 1712 2900 1739 ,
2955 1681 3047 1727 aut
3083 1673 3333 1728 remediis
3369 1684 3732 1742 congruentes

480 1766 776 1821 claritatem
802 1764 852 1832 ά,
882 1767 984 1820 etsi
1001 1767 1211 1830 remoti,
1244 1774 1302 1819 ut
1321 1765 1561 1832 audistis,
1589 1780 1825 1833 agamus.
1854 1764 1912 1818 In
1934 1780 2045 1820 caa-

479 1856 670 1910 naculo
698 1856 841 1910 enim
870 1863 1056 1909 nostro
1084 1856 1276 1909 secreti
1300 1856 1549 1920 silemns,
1602 1856 1727 1923 quia
1757 1855 1943 1909 bonum
1965 1862 2041 1909 est

477 1949 583 2001 viro
601 1988 615 2013 ,
644 1954 701 2000 ut
730 1946 991 2016 propheta
1054 1945 1160 2017 24
1189 1946 1259 2017 (c)
1298 1947 1573 2014 ait,sedere
1601 1948 1931 2018 singulariter
1952 1988 1967 2012 ,
1999 1960 2050 2001 et

477 2048 646 2091 tacere
677 2047 721 2090 ε.
756 2036 907 2092 Unde
934 2039 1098 2092 etiam
1119 2037 1172 2090 in
1197 2038 1373 2093 causis
1390 2036 1746 2094 vociferandis
1770 2039 1930 2093 silere
1950 2053 2049 2093 nos

476 2131 657 2185 docuit
678 2130 789 2199 ipse
820 2130 1108 2193 Dominus,
1139 2129 1230 2196 qui
1250 2129 1380 2182 sicut
1408 2146 1571 2199 agnus
1600 2146 1774 2183 coram
1807 2130 2049 2183 tondente

476 2238 527 2274 se
549 2222 569 2253 ⁸
598 2238 700 2274 non
729 2223 928 2289 aperuit
954 2237 1010 2274 os
1031 2236 1178 2273 suum
1212 2218 1231 2257 ί
1257 2236 1275 2284 ;
1304 2220 1395 2288 qui
1423 2228 1599 2274 tamen
1630 2220 1795 2283 dixit;
1827 2220 1905 2289 (ἀ)
1940 2219 2045 2272 Τα-

476 2313 579 2377 cui,
614 2311 858 2381 numquid
879 2326 1076 2379 semper
1099 2310 1271 2364 tacebo
1295 2319 1319 2358 ις
1342 2311 1364 2363 τ
1388 2309 1559 2378 ipsius
1571 2324 1698 2378 ergo
1712 2310 2043 2364 voluntatem

475 2411 527 2455 et
549 2400 807 2469 judicium
833 2399 981 2453 taciti
1009 2398 1350 2466 sustinemus,
1373 2399 1465 2467 qui
1496 2407 1687 2468 potens
1713 2406 1796 2453 est
1822 2406 1877 2453 et
1904 2414 2045 2453 nunc

475 2490 526 2546 in
566 2491 719 2545 nobis
761 2498 973 2553 tacere,
1025 2498 1228 2544 etcum
1266 2490 1533 2555 voluerit,
1578 2490 1919 2559 interpellare
1946 2505 2043 2560 pro

475 2583 628 2637 nobis
657 2580 681 2617 ιι
694 2622 707 2636 .
772 2576 781 2581 ’

541 2671 595 2726 8.
625 2671 822 2726 Verum
872 2669 1083 2724 interim
1135 2668 1187 2723 in
1229 2668 1335 2724 hoc
1362 2668 1516 2724 nobis
1560 2677 1742 2723 nostra
1794 2670 2040 2725 nocuisse

474 2771 688 2832 peccata
713 2761 1094 2831 persensimus,
1121 2759 1264 2828 quod
1295 2775 1393 2815 nec
1420 2760 1711 2814 meruimus
1740 2768 1791 2814 te
1817 2760 1997 2815 videre
2022 2778 2035 2812 :

473 2861 526 2907 et
555 2852 772 2921 insuper
798 2851 904 2905 hoc
932 2849 998 2904 ad
1037 2850 1175 2903 mala
1221 2858 1405 2904 nostra
1440 2851 1765 2905 cumulatum
1792 2859 2039 2921 putamus

470 2942 611 3012 quod
653 2951 708 2997 et
745 2942 1094 2996 tentationnm
1135 2940 1228 2995 tibi
1268 2955 1427 2995 causa
1456 2939 1742 3007 fuerimus;
1794 2940 1989 3009 quibus
2014 2943 2034 2973 ⁷

471 3036 729 3102 geminas,
755 3042 815 3087 ut
843 3032 1106 3097 indicasti,
1130 3033 1468 3100 aegritudines
1487 3033 1768 3102 pertulisti,
1791 3034 1860 3103 (ε)
1882 3034 2039 3088 toties

471 3127 782 3179 verberatus
805 3164 819 3187 ,
869 3124 1080 3191 quoties
1122 3124 1188 3176 ad
1218 3139 1315 3177 nos
1350 3125 1529 3178 venire
1558 3132 1779 3178 conatus
1803 3140 1881 3179 cs.
1932 3125 2038 3179 Sed

469 3214 593 3281 quia
621 3226 764 3281 saepe
791 3210 1045 3264 Dominus
1067 3210 1197 3279 ipse,
1228 3219 1283 3263 ut
1302 3213 1552 3280 scriptum
1574 3220 1674 3276 est,
1710 3213 1845 3265 Deus
1866 3223 2038 3267 noster

469 3312 631 3358 tentat
660 3319 751 3356 nos
771 3343 784 3365 ,
814 3311 867 3354 ut
895 3302 1158 3354 caritatem
1196 3310 1426 3355 nostram
1450 3302 1626 3370 probet
1652 3301 1689 3367 ί,
1721 3317 1825 3370 qua
1857 3319 1954 3357 nos
1983 3304 2035 3358 in

468 3395 632 3463 ipsius
653 3407 784 3463 pace
812 3392 1117 3458 diligimus;
1164 3392 1232 3446 de
1264 3400 1351 3445 tua
1382 3392 1555 3461 potius
1587 3392 1687 3446 lide
1708 3434 1722 3459 ,
1764 3407 1923 3461 quam
1969 3394 2035 3449 de

468 3492 651 3538 nostra
678 3497 991 3552 speramus;
1031 3489 1090 3535 ut
1117 3481 1161 3536 si
1192 3481 1461 3550 praemissa
1508 3482 1734 3536 tentatio
1760 3482 2035 3551 probatio-

467 3589 587 3629 nem
620 3574 671 3627 in
702 3582 754 3627 te
785 3580 1004 3641 operata
1026 3579 1108 3627 est
1151 3574 1199 3640 ι,
1231 3586 1336 3625 non
1360 3571 1494 3626 ultra
1528 3572 1702 3626 valeat
1730 3572 1952 3641 probata
1982 3572 2034 3626 in

466 3664 576 3719 Deo
594 3667 658 3736 (ί)
676 3663 911 3718 caritatis
930 3671 1051 3718 vota
1069 3662 1330 3717 frustrari.
1358 3661 1433 3715 [ta
1449 3664 1590 3716 enim
1614 3663 1708 3717 tibi
1729 3671 2035 3734 promptum

465 3756 642 3809 inesse
669 3754 913 3823 spiritum
936 3754 1159 3819 scimus,
1191 3762 1251 3806 ut
1277 3768 1383 3807 non
1411 3768 1712 3821 vereamur,
1743 3768 1811 3808 ne
1836 3753 1903 3808 ad
1930 3754 2032 3807 im-

464 3846 825 3915 pedimentum
867 3846 1165 3899 communis
1204 3844 1454 3900 desiderii
1492 3861 1618 3900 caro
1646 3861 1857 3915 semper
1883 3847 2033 3901 intir-

464 3949 553 3989 ma
574 3934 876 4004 prawaleat,
899 3947 1057 4000 quam
1073 3933 1173 3986 lide
1195 3933 1472 3997 roborans,
1494 3936 1673 3989 animo
1689 3936 2029 4003 subjugabis:

465 4032 525 4078 ut
550 4023 693 4093 quod
721 4038 787 4077 ex
816 4037 874 4075 se
905 4037 1011 4074 non
1040 4028 1246 4089 potest,
1283 4021 1334 4074 in
1362 4021 1578 4076 Christo
1607 4038 1763 4092 posse
1789 4034 2029 4092 cogatur.

463 4114 522 4170 Si
545 4113 692 4167 dicas
716 4112 764 4166 ei
791 4128 802 4163 :
846 4110 923 4163 Nc
955 4123 1157 4179 pugnes
1183 4108 1438 4163 adversus
1469 4112 1710 4179 spiritum
1731 4151 1745 4175 ,
1776 4123 1883 4168 esto
1910 4131 2033 4169 con-

462 4204 681 4255 sentiens
702 4200 992 4253 adversario
1018 4208 1102 4251 tuo
1130 4199 1183 4251 in
1213 4200 1295 4251 ria
1318 4197 1366 4265 κ,
1392 4209 1441 4252 et
1461 4202 1674 4270 eritpax
1693 4202 1889 4257 ossibus
1910 4207 2030 4272 tuis,

461 4299 517 4345 et
554 4305 677 4345 cum
709 4288 1036 4342 exsultaverit
1066 4303 1155 4340 cor
1181 4303 1346 4341 meum
1378 4289 1431 4341 in
1459 4288 1623 4343 Deum
1659 4292 1820 4345 vivum
1839 4334 1855 4358 ,
1904 4302 2031 4348 tunc

460 4378 620 4433 etiam
648 4394 769 4431 caro
789 4393 901 4431 mea
930 4378 1207 4448 requiescet
1230 4378 1283 4431 in
1305 4394 1393 4447 spe
1419 4377 1459 4431 ι.

528 4467 580 4521 9.
611 4466 748 4523 Tene
776 4481 931 4535 ergo,
962 4467 1152 4533 frater,
1182 4467 1318 4539 quod
1338 4479 1505 4532 tenes,
1534 4484 1597 4522 ne
1624 4486 1866 4525 coronam
1887 4482 2027 4527 tuam

2152 1763 2536 1831 experiremur.

2218 1853 2324 1922 25
2364 1850 2448 1905 10.
2490 1848 2637 1906 Pone
2666 1852 2742 1922 (id
2767 1861 2845 1906 est
2872 1851 3106 1922 Depone.
3151 1851 3212 1905 V.
3237 1868 3400 1907 carm.
3428 1853 3526 1922 14,
3552 1872 3605 1910 v.
3633 1855 3730 1926 81)

2148 1940 2309 2009 igitur
2335 1950 2390 1996 et
2420 1950 2494 2007 tu,
2529 1940 2693 1997 frater
2712 1943 2985 2009 unanime,
3015 1943 3603 2013 meliorqueinChristo
3630 1964 3731 2002 no-

2146 2031 2243 2085 stri
2289 2032 2484 2100 portio,
2536 2033 2582 2086 si
2626 2046 2785 2099 quam
2823 2046 2891 2086 ex
2916 2040 3111 2088 nostrae
3139 2033 3504 2101 castigationis
3530 2036 3730 2093 indicio

2146 2122 2413 2175 tristitiam
2437 2122 2523 2191 pia
2553 2131 2734 2177 mente
2760 2122 2979 2178 duxeris
3008 2141 3021 2175 :
3048 2121 3183 2186 Quia
3208 2127 3464 2197 castigans
3492 2131 3727 2200 castiga-

2143 2212 2214 2264 vit
2237 2228 2330 2265 nos
2358 2210 2631 2276 Dominus,
2670 2223 2719 2267 et
2746 2215 2897 2266 morti
2927 2230 3031 2267 non
3070 2216 3286 2270 tradidit
3310 2234 3402 2271 nos
3432 2229 3479 2272 Ρ.
3513 2220 3727 2278 Visitati

2144 2302 2287 2357 enim
2316 2302 2523 2357 medica
2552 2302 2946 2374 Omnipotentis
2975 2321 3159 2374 manu,
3208 2308 3261 2361 in
3298 2322 3448 2377 spem
3476 2311 3728 2368 sanitatis

2143 2405 2173 2444 a
2198 2392 2443 2459 praesenti
2488 2392 2801 2459 aegritudine
2845 2392 3162 2448 fovebamur
3202 2393 3450 2465 :liagella
3495 2400 3726 2455 invicem

2143 2489 2328 2535 nostra
2358 2482 2559 2536 mutuis
2584 2483 3045 2539 consolationibus
3070 2486 3389 2541 mollientes.
3420 2487 3551 2543 Nam
3579 2491 3726 2545 sola-

2142 2572 2275 2626 tium
2295 2571 2451 2627 nobis
2470 2587 2719 2641 magnum
2741 2583 2795 2628 et
2813 2574 2968 2629 dulce
2990 2574 3260 2643 praebebat
3279 2577 3389 2644 ipsa
3412 2578 3728 2645 conjunctio

2140 2663 2405 2732 passionis
2441 2680 2456 2725 ;
2484 2664 2628 2732 quod
2657 2679 2765 2718 non
2794 2665 2908 2719 sine
2949 2665 3158 2719 Domini
3194 2668 3430 2732 numine,
3459 2669 3609 2737 cujus
3640 2672 3728 2725 in-

2135 2755 2286 2824 jussu
2314 2771 2413 2811 nec
2441 2756 2671 2825 passeris
2692 2772 2848 2811 casus
2877 2757 2930 2810 in
2955 2764 3153 2811 terram
3180 2767 3262 2813 est
3285 2770 3332 2824 (ι,
3374 2763 3723 2818 concurrisse

2141 2846 2193 2899 in
2226 2846 2380 2900 nobis
2409 2847 2522 2915 ipsa
2550 2846 2724 2900 unitas
2744 2847 3024 2901 verberum
3047 2848 3343 2903 videbatur.
3374 2849 3463 2905 Sic
3488 2860 3543 2906 et
3564 2867 3725 2907 com-

2141 2936 2372 2990 moditas
2393 2943 2629 3004 cmperat
2657 2936 2917 2992 ambobus
2959 2953 3062 2991 una
3088 2939 3381 3007 procedere
3406 2958 3419 2992 :
3461 2956 3553 2995 seu
3573 2944 3723 3010 quod

2064 3013 2109 3073 (ἶ
2140 3029 2275 3083 alter
2295 3028 2515 3082 alterius
2538 3028 2801 3083 levamine
2824 3028 3137 3097 respirabat,
3155 3030 3269 3084 sive
3297 3031 3439 3098 quod
3460 3031 3723 3090 Dominus

2140 3119 2359 3173 unitatis
2402 3127 2674 3188 operator,
2708 3119 2980 3174 individuo
3027 3121 3217 3189 spiritu
3255 3136 3440 3176 omnes
3469 3138 3595 3177 suos
3622 3140 3723 3178 ne-

2138 3218 2307 3274 ctens,
2334 3225 2507 3278 neque
2537 3211 2559 3242 ⁸
2586 3209 2852 3265 carnalem
2883 3211 2935 3265 in
2965 3211 3120 3267 nobis
3145 3213 3492 3267 substantiam
3523 3214 3720 3270 discre-

2137 3315 2267 3369 pare
2293 3308 2585 3369 pateretur.

2208 3390 2295 3444 Η.
2334 3390 2451 3445 Non
2472 3391 2587 3446 haec
2615 3399 2795 3445 tamen
2826 3399 3029 3445 tantum
3058 3407 3219 3447 causa
3258 3409 3455 3462 pueros
3501 3403 3719 3453 nostros

2138 3488 2344 3534 morata
2373 3487 2479 3534 est.
2508 3480 2640 3534 Nam
2670 3479 2980 3547 Vigilantius
3021 3494 3235 3548 quoque
3266 3490 3450 3537 noster
3479 3483 3531 3536 in
3554 3483 3718 3537 Cam-

2137 3570 2316 3639 pania,
2340 3577 2690 3638 etantequam
2722 3567 2788 3622 ad
2812 3583 2911 3623 nos
2936 3568 3257 3637 perveniret,
3281 3578 3334 3623 et
3362 3577 3716 3641 posteaquam

2134 3663 2399 3733 pervenit,
2431 3662 2483 3716 vi
2513 3661 2737 3715 febrium
2758 3661 3048 3715 laboravit:
3081 3670 3136 3715 et
3161 3662 3461 3730 aegritudini
3491 3674 3714 3733 nostrae,

2134 3754 2258 3822 quia
2280 3761 2335 3808 et
2362 3754 2475 3823 ipse
2498 3752 2697 3807 sociale
2744 3751 3041 3807 membrum
3079 3753 3302 3823 erat,(g)
3332 3754 3479 3809 socio
3525 3755 3715 3812 labore

2134 3857 2445 3911 compassus
2482 3850 2583 3897 est.
2608 3842 2847 3910 Denique
2886 3841 2973 3896 ille
2998 3842 3431 3910 catechumenus,
3457 3847 3548 3914 qui
3578 3862 3713 3902 nec-

2133 3933 2260 3988 dum
2285 3931 2455 3987 nostri
2483 3932 2728 4003 corporis
2776 3939 2893 3986 erat
2920 3932 3242 3999 membrum,
3272 3933 3493 3989 vulnera
3524 3946 3711 3993 nostra

2133 4039 2241 4079 non
2269 4025 2455 4090 sensit,
2500 4032 2556 4078 et
2600 4038 2761 4079 sanus
2802 4022 2917 4087 fuit,
2950 4032 3111 4092 atque
3152 4038 3343 4093 expers
3390 4026 3709 4097 languorum

2133 4121 2460 4177 nostrorum,
2489 4113 2612 4181 quia
2638 4127 2745 4166 non
2775 4126 2883 4167 sua:
2928 4112 3257 4181 compaginis
3292 4114 3534 4170 dolorem
3578 4133 3710 4174 caro

2132 4206 2308 4260 adhuc
2332 4204 2507 4259 aliena
2534 4205 2734 4259 sentire
2760 4218 2868 4258 non
2906 4210 3140 4271 poterat.
3171 4203 3311 4273 Ergo
3340 4215 3398 4259 ut
3422 4210 3582 4278 οωρῑι
3610 4210 3708 4263 vi-

2131 4293 2380 4363 gilantius
2424 4300 2608 4348 noster
2642 4292 2891 4362 progredi
2920 4305 3096 4359 posse,
3130 4299 3241 4344 tum
3267 4291 3482 4351 demum
3521 4300 3707 4356 censui

2048 4367 2103 4427 Ῑ)
2126 4384 2325 4453 scripta
2350 4397 2471 4439 esse
2504 4382 2791 4439 reddenda.
2835 4382 3087 4439 Fatemur
3110 4388 3272 4451 enim,
3303 4388 3489 4442 ambos
3534 4388 3706 4444 multo

2126 4482 2252 4529 ante
2277 4489 2598 4544 properasse
2630 4492 2642 4527 :
2688 4474 2781 4529 sed
2810 4489 2931 4531 cum
2962 4484 3088 4530 ante
3118 4477 3307 4531 virium
3337 4478 3703 4547 receptionem

530 4632 555 4660 ι
583 4620 752 4695 l_Cor.
783 4637 832 4695 i_,
864 4620 951 4695 27.
1026 4620 1053 4657 δ
1084 4621 1251 4695 Apoc.
1279 4639 1323 4687 ι,
1357 4623 1545 4695 29.____¢
1579 4624 1765 4695 Matth.
1797 4642 1881 4689 Vl,
1918 4626 2007 4679 22.

2148 4627 2268 4682 Isai.
2303 4644 2436 4691 χιιι,
2469 4628 2520 4681 5.
2601 4637 2623 4664 θ
2656 4626 2853 4681 Tbren.
2882 4644 2968 4691 ιιι,
3000 4626 3087 4692 28,
3116 4629 3268 4695 juxta
3301 4629 3461 4684 LXX.
3543 4632 3562 4671 τ
3592 4634 3700 4690 lsa.

456 4708 565 4757 mn,
600 4692 651 4745 7.
727 4702 752 4736 κ
798 4690 921 4744 Isai.
964 4705 1096 4760 xui,
1131 4690 1217 4756 14,
1248 4708 1357 4746 sec.
1392 4691 1553 4746 LXX.
1631 4694 1655 4731 ιι
1683 4694 1838 4748 Rom.
1872 4713 1961 4750 vni
1984 4736 1998 4760 ,
2024 4696 2111 4749 54.

2196 4699 2209 4733 ί
2250 4698 2401 4750 Deut.
2450 4713 2561 4759 xm,
2594 4697 2646 4749 5.
2726 4696 2740 4746 i
2780 4695 2934 4766 Rom.
2986 4712 3036 4766 v,
3084 4698 3136 4755 4.
3217 4697 3239 4735 ¹ί
3272 4699 3459 4755 Matth.
3504 4718 3556 4766 v,
3606 4703 3696 4758 25.

460 4759 478 4797 1
513 4760 924 4843 Ρεειικξιιινιιέ.
1053 4766 1108 4813 et
1154 4776 1352 4843 fo‘xxm
1373 4804 1387 4827 ,
1420 4763 1471 4827 5,
1512 4771 1566 4817 et
1601 4780 1685 4825 xv,
1717 4762 1768 4816 9.
1847 4775 1883 4801 ιη
1912 4758 2075 4835 Apoc.
2110 4783 2185 4828 ιιι,
2219 4766 2305 4818 ll.
2382 4775 2408 4801 ιι
2440 4758 2598 4821 Rom.
2627 4782 2745 4831 Vill,
2778 4765 2866 4843 28.
2947 4774 2972 4800 ο
2996 4758 3163 4821 l'Cor.
3198 4785 3290 4835 xu,
3321 4768 3407 4822 26.
3485 4782 3512 4819 ι)
3544 4758 3697 4828 ῬδειΙ.

455 4845 614 4894 cxvn,
647 4829 734 4883 18.
810 4838 837 4877 ει
876 4827 1063 4880 Matth.
1091 4843 1157 4894 ι,
1183 4828 1273 4884 29.

526 4986 602 5056 (a)
631 4985 708 5056 ita
739 4985 1054 5056 iidem_mss.
1079 4992 1135 5056 et
1155 4985 1282 5056 editi
1310 4985 1541 5043 codices.
1568 4988 1766 5053 Ceteri,
1790 5006 2017 5043 noscere.

521 5053 596 5125 (b)
627 5054 716 5108 Sic
740 5053 1053 5125 mssLEditi,
1084 5054 1283 5125 deduci.

521 5123 594 5196 (ε)
622 5124 698 5178 Ita
726 5140 825 5179 ms.
860 5123 1011 5177 Vien.
1045 5132 1099 5177 et
1126 5123 1253 5177 edit.
1286 5123 1472 5179 Schot.
1504 5126 1623 5190 Alii,
1654 5136 1844 5191 tacens,
1874 5127 2018 5181 nullo

449 5210 630 5254 sensu.
1310 5238 1313 5241 η

524 5265 602 5334 (d)
633 5262 721 5317 Sic
747 5260 888 5334 LXX
914 5261 1260 5334 interpretes,
1303 5261 1660 5334 Tertullianus
1692 5265 1782 5334 lib.
1816 5263 1880 5318 de
1908 5263 2015 5317 Pu-

450 5329 628 5389 dicitia
652 5332 810 5401 paulp
830 5338 952 5401 post
970 5331 1199 5393 initium,
1214 5329 1511 5401 Cyprianus
1532 5332 1622 5386 lib.
1643 5349 1677 5387 ιι
1694 5333 2009 5396 Testimon.,

450 5347 810 5454 (llClltaJNIlllO
830 5347 952 5401 p05t
970 5347 1199 5393 mtuum,
1214 5347 1511 5401 cyprianus
1535 5347 1622 5386 nn.
1643 5349 1677 5387 ιι
1694 5347 2005 5396 'l'esumon.,

450 5418 568 5473 mp.
596 5403 649 5473 2‘
667 5410 746 5473 _et
767 5400 1031 5473 Paulinus
1046 5406 1226 5452 noster
1251 5401 1405 5473 epist.
1433 5400 1500 5454 58
1521 5401 1586 5453 ad
1616 5402 1837 5473 Aprum,
1874 5418 1927 5473 ιι.
1954 5402 2005 5456 4.

523 5464 593 5539 '(e)
636 5471 758 5524 Mss.
806 5478 861 5525 et
906 5464 1034 5523 editi
1094 5464 1413 5539 vetustiores
1456 5464 2011 5539 constanter_habent

452 5537 630 5596 totiens
650 5582 665 5609 ,
695 5541 954 5613 quatiam:
984 5537 1126 5605 quod
1160 5537 1325 5599 semel
1352 5539 1663 5593 observasse
1689 5537 1937 5594 sufficiat.

2223 4990 2265 5060 f)
2290 4990 2365 5060 Ita
2388 5004 2488 5044 ms.
2521 4990 2642 5060 Vat.
2673 4991 2884 5060 etgedit.
2914 4989 3065 5046 Grin.
3095 4993 3220 5059 Alii,
3247 4994 3382 5048 ideo.

2220 5058 2275 5129 g)
2312 5058 2401 5113 Sic
2423 5074 2523 5113 ms.
2541 5059 2716 5129 codex
2744 5058 3037 5126 Vatic.,ed.
3069 5058 3255 5117 Schot.
3287 5071 3343 5116 et
3386 5064 3517 5117 edit.
3543 5064 3696 5121 Grin.

2124 5127 2178 5197 in
2210 5127 2508 5197 inarg.ms.
2541 5127 2673 5195 Reg.
2696 5129 2942 5197 proxime
2968 5130 3190 5194 accedit,
3233 5132 3447 5186 solacio.
3479 5133 3580 5186 Alii
3611 5151 3697 5188 so-

2121 5196 2296 5261 lativo,
2326 5196 2501 5251 minus
2530 5196 2905 5252 bene.’Lectio
2942 5198 3028 5254 hic
3057 5200 3300 5254 restituta
3349 5200 3696 5257 confirmatur

2120 5280 2185 5337 cx
2216 5266 2578 5337 sequentibus,
2608 5276 2723 5334 post
2756 5268 3109 5337 tzgritudjnem
3132 5270 3389 5323 communi
3410 5271 3585 5324 labore
3621 5282 3695 5325 to-

2119 5334 2360 5401 leratam,
2388 5348 2445 5404 n.
2474 5333 2558 5399 l2,
2583 5344 2638 5388 et
2669 5350 2735 5389 ex
2774 5333 2928 5404 epist.
2958 5334 2993 5387 2
3019 5337 3087 5389 ad
3116 5338 3436 5403 Amandum,
3466 5355 3519 5392 n.
3551 5339 3616 5400 5,
3638 5351 3694 5395 ut

2118 5404 2341 5480 so_ciali_
2376 5403 2590 5480 invicem
2631 5403 2854 5480 mem-bro
2892 5404 3036 5458 nobis
3073 5406 3478 5480 collaboremus;
3520 5416 3579 5461 et
3604 5423 3691 5480 ep.

2120 5471 2200 5537 15,
2233 5488 2286 5527 ιι.
2310 5471 2362 5537 5,
2386 5473 2598 5527 socialia
2618 5473 2861 5537 membra,
2884 5484 2933 5528 et
2954 5490 3218 5528 commune
3242 5475 3549 5531 membrum.
