4020 6186
348 314 460 371 173

1751 318 2077 377 EPISTOLA
2117 323 2183 377 ν.

3505 335 3605 389 174

344 436 553 483 temere
580 426 877 495 festinaret,
918 428 1011 498 qui
1039 443 1149 485 non
1192 437 1437 499 poterat;
1482 428 1559 501 (a)
1606 430 1785 500 impie,
1834 433 1926 500 qui
1954 437 2005 495 Α
2028 435 2179 503 pueri
2208 433 2304 500 tui,
2334 442 2592 502 quantum
2622 436 2776 492 nobis
2800 440 2985 506 gratiae
3012 439 3290 497 dominica:
3317 443 3602 500 detrimen-

343 519 561 573 valebat
598 516 696 584 (V.
738 526 854 571 not.
909 518 977 571 15
1000 518 1049 589 );
1082 519 1294 587 ambos,
1324 521 1449 589 quia
1474 535 1582 573 non
1622 528 1930 589 poteramus

342 607 593 662 volentes
618 607 866 670 consilio,
900 607 1217 661 retinuimus
1243 608 1439 663 invitos
1460 608 1695 663 silentio.

423 695 510 750 ii.
539 695 742 764 itaque,
774 704 1013 765 utsupra
1044 697 1351 766 scripsimus
1373 736 1388 762 ,
1419 703 1542 767 post
1563 696 1927 765 argritudinem

339 786 618 840 communi
666 785 855 839 labore
900 786 1207 852 toleratam,
1258 786 1590 841 orationibus
1618 796 1927 842 sanctorum

339 884 512 944 atque
539 889 808 935 carorum,
842 883 994 943 parte
1038 875 1196 928 etiam
1216 913 1230 937 ,
1263 884 1322 929 ut
1367 875 1651 942 credimus,
1694 879 1927 932 maxima

338 966 475 1031 tuis,
505 964 824 1033 respiciente
851 964 1165 1018 clementius
1190 964 1447 1030 Domino,
1480 967 1726 1033 recreati,
1751 966 1926 1022 adhuc

339 1062 526 1108 tamen
556 1054 831 1108 exhaustis
859 1054 1171 1122 corporibus
1194 1056 1215 1088 ’
1245 1054 1460 1108 infirmi.
1486 1054 1543 1108 ln
1568 1070 1675 1124 quo
1712 1057 1923 1125 quidem

336 1157 445 1195 nos
481 1142 701 1211 gloriari
750 1142 1043 1211 Apostolus
1089 1142 1267 1207 docet,
1315 1157 1472 1211 quem
1520 1152 1818 1213 potentem,
1867 1153 1926 1199 ut

338 1233 624 1301 przcdicat,
670 1231 904 1287 faciebat
932 1232 1206 1285 inﬁrmitas
1247 1242 1305 1298 ος
1336 1234 1460 1302 quia
1484 1234 1688 1287 scilicet
1716 1249 1843 1288 caro
1873 1233 1923 1301 ι’,

337 1336 467 1389 qua:
491 1320 749 1375 adversus
771 1321 1015 1389 Spiritum
1044 1321 1262 1384 militat,
1308 1336 1430 1375 cum
1470 1321 1693 1376 adversa
1718 1322 1924 1377 valetu-

336 1409 471 1464 dine
492 1408 773 1478 frangitur,
805 1410 1036 1478 pariter,
1081 1409 1319 1465 infractis
1356 1411 1578 1476 viribus,
1629 1412 1922 1480 spiritalem

337 1515 454 1553 non
495 1499 672 1553 valeat
698 1512 1003 1567 expugnare
1026 1499 1298 1552 virtutem.
1345 1498 1517 1554 Carne
1548 1500 1706 1566 igitur
1728 1498 1920 1555 inﬁrmi

337 1588 412 1641 ad
429 1586 727 1656 profectum
743 1586 981 1654 spiritus,
1005 1588 1097 1655 qui
1124 1586 1320 1641 damno
1344 1587 1448 1656 26
1467 1588 1643 1641 carnis
1671 1588 1919 1654 exsultat,

335 1688 403 1734 et
426 1687 699 1746 tamquam
749 1678 977 1732 inimica:
1013 1678 1251 1732 materia:
1296 1678 1642 1732 tribulatione
1688 1678 1916 1742 lzetatur,

2032 534 2142 578 tum
2165 524 2322 578 faciat
2340 524 2415 595 (ά)
2432 523 2609 581 Urbici
2629 542 2778 597 papa;
2806 531 3033 598 superba
3052 530 3330 587 discretio:
3350 534 3438 601 qui
3469 550 3601 603 pau-

2032 614 2111 668 cis
2154 615 2283 683 ipsis
2326 616 2545 682 diebus,
2570 618 2763 686 quibus
2802 619 3111 689 interfuere,
3155 622 3403 676 viderunt
3441 638 3602 692 quam

2030 704 2241 759 assidua
2269 720 2386 770 nos,
2418 721 2576 775 quam
2598 708 2779 763 sedula
2799 710 3146 766 sollicitorum
3176 710 3396 767 fratrum
3424 729 3604 768 mona-

2029 791 2268 857 chorum,
2295 793 2606 858 antistitum,
2632 795 2970 862 clericorum,
2995 806 3154 866 atque
3181 800 3342 853 etiam
3366 801 3603 870 ipsorum

2028 892 2169 946 smpe
2199 880 2514 934 secularium
2557 880 2752 948 ofﬁcia,
2782 891 2895 939 toto
2933 885 3024 940 illo
3056 888 3125 956 (ε)
3160 897 3357 943 nostra:
3383 891 3599 958 aegritu-

2028 967 2166 1022 dinis
2196 977 2439 1038 tempore
2475 971 2879 1027 celebraverint.
2911 972 3064 1040 Quod
3107 977 3247 1045 apud
3276 980 3600 1033 unanimita-

2029 1063 2135 1110 tem
2167 1065 2329 1124 tuam,
2361 1058 2430 1114 de
2458 1058 2723 1115 dominica
2751 1070 2927 1117 tamen
2957 1066 3145 1132 gratia,
3170 1066 3320 1135 cujus
3340 1068 3443 1123 hoc
3462 1083 3601 1137 quo-

2027 1162 2129 1217 que
2159 1164 2293 1218 opus
2320 1159 2375 1204 et
2402 1167 2594 1207 munus
2622 1162 2733 1219 est,
2761 1154 2929 1221 gloria
2958 1156 3110 1223 licet,
3143 1161 3246 1228 27
3277 1174 3435 1214 nemo
3472 1176 3601 1230 pro-

2028 1238 2313 1306 pemodum
2361 1248 2474 1295 tota
2522 1240 2813 1311 Campania
2850 1245 3223 1314 episcoporum
3252 1263 3360 1303 non
3384 1249 3602 1304 visitare

2025 1341 2124 1381 nos
2155 1327 2233 1382 fas
2261 1329 2587 1383 existimavit
2609 1332 2728 1386 sibi.
2754 1332 2820 1386 Et
2841 1350 2975 1403 quos
2996 1334 3273 1391 inﬁrmitas
3302 1338 3386 1392 vel
3408 1354 3601 1394 neces—

2025 1418 2155 1470 sitas
2182 1417 2357 1486 aliqua
2386 1418 2717 1483 devinxerat,
2770 1423 2945 1477 missis
2972 1426 3086 1479 vice
3109 1442 3204 1480 sua
3230 1429 3269 1458 "
3300 1427 3508 1483 clericis
3546 1438 3602 1484 et

2026 1507 2221 1563 litteris
2243 1510 2526 1564 adfuerunt
2556 1511 2648 1575 (V.
2694 1522 2806 1567 not.
2841 1513 2965 1583 15).
3000 1515 3109 1569 Afri
3139 1531 3352 1585 quoque
3389 1518 3457 1571 ad
3502 1534 3601 1574 nos

2024 1599 2261 1668 episcopi
2288 1600 2599 1655 revisendos
2618 1602 2788 1670 prima
2803 1613 2987 1658 mstate
3006 1606 3280 1659 miserunt.
3306 1604 3459 1672 Quod
3478 1624 3599 1662 cum

2024 1688 2099 1743 ita
2123 1692 2209 1756 sit,
2239 1694 2390 1749 vides
2415 1706 2749 1767 quantopere
2778 1699 2845 1752 ad
2872 1700 3224 1754 humilitatem
3254 1710 3491 1755 nostram
3521 1700 3599 1756 fe-

338 1780 511 1838 alque
536 1769 895 1825 inlirmalione
919 1769 1105 1823 domiti
1149 1769 1392 1838 corporis
1423 1768 1767 1835 ϐοηνειθδείῑ.
1788 1784 1917 1823 sana
1951 1787 1995 1846 Β
2020 1781 2220 1836 stinare
2256 1784 2471 1850 debeas,
2505 1794 2563 1839 ut
2590 1796 2646 1840 ct
2681 1789 2950 1856 paululum
2998 1791 3337 1845 occasionem
3383 1791 3597 1847 auferas

337 1866 401 1913 et
421 1858 600 1912 valida
626 1857 871 1921 caritate,
899 1872 1057 1927 quam
1086 1871 1211 1926 erga
1240 1865 1294 1912 te
1322 1872 1419 1926 per
1437 1857 1720 1911 Dominum
1744 1856 1924 1913 Jesum

340 1960 597 2014 magnam
638 1946 918 2010 habemus,
968 1946 1209 2000 dedimus
1236 1946 1333 2001 has
1355 1947 1561 2001 litteras
1596 1947 1649 2000 in
1678 1947 1925 2002 solatium

342 2037 447 2100 tui,
471 2044 533 2089 ut
558 2050 659 2090 nos
686 2036 899 2089 interim
922 2044 1164 2090 tenemus
1190 2044 1310 2090 tuas
1341 2054 1354 2088 :
1382 2036 1553 2091 donec
1574 2045 1628 2091 te
1649 2038 1843 2106 ipsum,
1867 2045 1928 2091 ut

342 2125 703 2196 spopondisti,
734 2133 789 2179 et
815 2124 959 2194 quod
987 2140 1275 2196 numquam
1317 2125 1611 2181 desinimus
1639 2140 1670 2180 a
1699 2125 1926 2181 Domino

340 2230 597 2285 sperare,
629 2214 923 2269 videamus.

418 2325 509 2378 15.
552 2323 716 2379 Multa
740 2332 882 2390 sunt,
913 2340 1030 2393 qua:
1060 2326 1126 2380 ad
1154 2341 1254 2380 nos
1284 2326 1511 2382 invitare
1553 2335 1628 2394 te,
1659 2335 1713 2381 et
1740 2327 1806 2382 de
1832 2343 1927 2397 pa-

341 2418 450 2471 tria
479 2432 766 2487 parumper
807 2416 1039 2471 debeant
1083 2433 1372 2483 sevocare;
1402 2433 1509 2488 prie
1531 2418 1729 2473 ceteris
1775 2434 1928 2474 amor

341 2510 521 2580 pacis,
551 2517 606 2563 et
624 2508 724 2562 zeli
750 2508 890 2579 fuga,
918 2510 1008 2578 qui
1035 2511 1265 2564 maxime
1293 2519 1584 2580 conspectu
1615 2518 1707 2564 aut
1734 2511 1927 2565 vicinia

342 2601 555 2655 mmulzn
600 2601 1021 2655 conversationis
1061 2601 1391 2655 accenditur.
1436 2601 1676 2670 Denique
1701 2617 1731 2655 a
1772 2603 1927 2657 nobis

348 2694 539 2750 Roma:
566 2694 661 2766 (V.
693 2704 806 2749 not.
835 2694 925 2765 14)
954 2695 1316 2765 zelotyporum
1348 2696 1591 2751 incendia
1613 2696 1925 2752 clericorum

344 2786 711 2854 longinquitas
733 2784 892 2841 Urbis
916 2787 1227 2855 exstinguit,
1259 2795 1314 2842 et
1341 2778 1516 2842 omnis
1539 2789 1647 2844 illic
1678 2789 1929 2858 iniquitas

347 2878 579 2933 obstruit
626 2892 688 2932 os
731 2892 886 2931 suum
919 2887 941 2917 ε
984 2879 1152 2946 :quia
1181 2894 1277 2948 per
1322 2878 1619 2933 absentiam
1664 2879 1785 2933 inde
1832 2896 1930 2934 no-

347 2978 519 3022 stram
542 2967 694 3037 quasi
721 2954 983 3022 subducto
1011 2969 1215 3033 fomite,
1244 2969 1422 3036 segnis
1446 2969 1693 3023 odiorum
1716 2969 1927 3024 flamma

348 3057 613 3125 frigescit;
642 3072 741 3113 nec
765 3058 818 3112 in
852 3073 1035 3112 vocem
1072 3058 1230 3113 audet
1258 3074 1560 3128 erumpere,
1591 3060 1717 3115 licet
1750 3060 1926 3114 denti-

2025 1871 2385 1935 quzerentibus
2426 1875 2764 1929 occasionem
2783 1917 2797 1941 ,
2830 1886 2885 1930 et
2912 1893 3010 1947 pro
3042 1879 3224 1946 gratia:
3252 1880 3337 1933 vel
3358 1882 3600 1935 caritatis

2024 1970 2309 2024 augmento
2333 1962 2400 2031 (ί)
2432 1965 2787 2033 peregrineris
2807 1981 2836 2019 a
2858 1967 3028 2035 patria
3053 1966 3175 2021 dum
3205 1968 3377 2024 adhuc
3403 1969 3600 2040 hospes

2025 2048 2268 2116 corporis
2293 2053 2646 2119 peregrinaris
2689 2069 2719 2108 a
2763 2054 2976 2110 Christo
3013 2058 3067 2122 ι,
3097 2057 3221 2125 quia
3251 2056 3462 2113 Veritas
3486 2060 3598 2129 ipsa

2024 2143 2253 2192 testatur
2279 2142 2531 2195 nemiuem
2558 2143 2859 2213 prophetam
2907 2154 3169 2216 acceptum
3196 2163 3306 2201 esse
3332 2149 3386 2202 in
3428 2151 3600 2219 patria

2025 2229 2191 2280 sual.

2097 2319 2183 2373 15.
2224 2320 2419 2377 Fateor
2444 2332 2641 2388 autem,
2674 2324 2800 2380 licet
2836 2325 2964 2379 mihi
3008 2326 3139 2381 nihil
3182 2328 3463 2397 praesentia
3507 2336 3598 2384 tua

2026 2410 2226 2476 gratius
2248 2411 2364 2465 dari
2395 2414 2582 2482 possit,
2608 2429 2893 2469 accensum
2924 2430 3043 2469 esse
3071 2415 3395 2472 desiderium
3423 2434 3601 2473 meum

2028 2498 2336 2567 ﬂagrantius
2366 2502 2418 2555 in
2448 2504 2786 2571 prazsentiam
2816 2512 2982 2569 tuam,
3014 2506 3157 2575 quod
3185 2508 3380 2563 multos
3408 2507 3603 2566 fratres

2027 2591 2293 2659 spiritales
2340 2601 2516 2648 tecum
2575 2596 2729 2649 nobis
2779 2596 2963 2651 adfore
3012 2599 3366 2668 spopondisti.
3418 2599 3603 2657 Eritne

2027 2695 2209 2749 quzcso
2240 2690 2448 2751 tempus
2477 2682 2628 2748 illud,
2652 2693 2707 2739 et
2733 2685 3005 2740 illucescet
3029 2687 3119 2741 ille
3147 2688 3436 2759 aliquando
3467 2691 3599 2757 dies,

2027 2784 2133 2839 quo
2161 2771 2546 2828 fraternitatem
2569 2782 2714 2828 tuam
2735 2777 2931 2832 comite
2949 2777 3243 2832 electorum
3266 2779 3361 2834 Dei
3379 2781 3605 2836 cohorte

2028 2864 2358 2927 venientem,
2390 2866 2442 2917 in
2488 2866 2691 2935 gremio
2714 2865 2825 2933 jam
2853 2869 3149 2923 communis
3172 2869 3266 2939 (V.
3300 2880 3413 2925 not.
3447 2871 3513 2925 16
3546 2881 3605 2926 et

2032 2953 2122 3022 17)
2149 2955 2361 3024 patroni
2397 2955 2438 2986 ¹³
2467 2955 2782 3009 Dominaedii
2819 2957 2923 3010 mei
2966 2957 3159 3014 Felicis
3197 2960 3491 3029 excipiam;
3521 2969 3598 3022 et.

2030 3046 2171 3113 quod
2202 3063 2342 3101 nunc
2372 3047 2537 3116 ipsius
2582 3048 2915 3102 orationibus
2962 3049 3236 3118 impetrari
3283 3065 3414 3119 rogo
3445 3053 3511 3119 “,
3544 3054 3598 3107 id

348 3148 453 3203 bus
481 3148 554 3217 (b)
602 3147 810 3202 frendat
858 3148 1075 3213 invidia,
1104 3148 1230 3202 dum
1261 3149 1552 3218 iniquitatis
1577 3164 1685 3203 sua:
1715 3150 1926 3205 conscia
1956 3135 2000 3197 C
2033 3135 2372 3205 impetratum
2401 3153 2601 3203 00mm,
2636 3139 2773 3208 aPUd
2810 3140 2982 3208 ἓνευηι
3033 3142 3235 3210 Pariter
3278 3142 3330 3197 ίη
3376 3143 3601 3199 Domino

352 3238 471 3305 ipsa
497 3251 556 3291 se
576 3236 863 3299 erubescit,
892 3252 990 3291 nec
1016 3237 1069 3290 in
1100 3245 1350 3307 promptu
1394 3237 1558 3292 habet
1588 3239 1676 3291 ubi
1702 3237 1842 3294 faces
1864 3239 1929 3292 li-

350 3326 491 3380 vida:
518 3326 713 3380 mentis
740 3325 1018 3380 accendat.
1054 3325 1171 3378 Pax
1199 3334 1378 3380 tamen
1399 3324 1518 3388 Dei,
1543 3342 1655 3397 quae
1682 3327 1929 3395 prwcellit

355 3432 561 3471 omnem
580 3433 806 3478 sensum,
830 3415 1059 3469 abundat
1081 3417 1137 3470 in
1157 3415 1396 3472 cordibus
1426 3415 1452 3453 ά
1483 3417 1851 3485 plurimorum,
1875 3426 1931 3472 et

352 3525 492 3579 opus
530 3508 624 3563 Dei
652 3507 945 3563 Salvatoris
968 3509 1020 3563 in
1058 3510 1214 3564 nobis
1239 3508 1527 3578 Campania
1565 3516 1678 3564 tota
1708 3521 1930 3562 venera-

355 3606 464 3652 tur.
490 3596 673 3652 Roma:
699 3612 913 3666 quoque
954 3598 1109 3668 pauci
1138 3599 1299 3652 etiam
1329 3599 1381 3653 in
1421 3599 1567 3654 clero
1597 3599 1732 3668 ipso,
1763 3612 1795 3650 a
1822 3611 1929 3665 quo

352 3689 475 3742 solo
500 3687 741 3741 videmur
760 3688 1126 3754 scandalizari,
1154 3705 1337 3744 morsu
1360 3690 1567 3744 invidia:
1586 3703 1931 3745 commoven-

354 3785 467 3830 tur.
497 3775 603 3831 Sed
629 3776 855 3831 Domino
876 3778 1092 3845 gratias,
1124 3779 1215 3849 qui
1243 3788 1298 3833 et
1326 3779 1455 3833 mihi
1485 3779 1783 3834 miserrimo
1805 3793 1931 3847 pec-

350 3866 524 3921 catori
548 3882 647 3921 suo
675 3866 821 3920 dedit
848 3867 1025 3922 dicere
1051 3886 1063 3921 :
1090 3867 1344 3932 Quoniam
1368 3868 1677 3922 oderuntme
1696 3868 1858 3939 gratis
1882 3877 1926 3919 ε.

348 3957 515 4023 Quod
547 3958 589 3987 '°
621 3966 797 4012 tamen
821 3957 886 4012 ad
908 3974 995 4013 me
1016 3960 1267 4028 pertinet,
1298 3976 1413 4013 cum
1439 3961 1565 4030 ipsis
1590 3973 1822 4028 quoque,
1846 3959 1932 4029 qui

348 4045 574 4101 oderunt
614 4063 790 4115 pacem
814 4047 885 4117 (c)
916 4062 1091 4101 meam
1126 4050 1201 4114 ¹¹,
1233 4057 1413 4105 mente
1450 4050 1698 4119 paciﬁcus
1736 4066 1849 4102 sum
1884 4046 1935 4103 τί

351 4135 417 4188 Si
451 4136 560 4203 quis
584 4136 720 4187 enim
748 4136 851 4189 vult
879 4139 1223 4191 contentiosus
1244 4155 1372 4203 esse,
1404 4139 1499 4193 hoc
1520 4147 1697 4193 nostra
1718 4154 1931 4194 consue-

350 4225 481 4278 tudo
508 4242 611 4278 non
641 4228 822 4296 recipit
853 4236 898 4279 ι.
946 4226 1147 4283 Horum
1194 4237 1373 4284 tamen
1416 4230 1682 4300 ipsorum,
1706 4231 1795 4299 qui
1835 4247 1934 4287 nos

349 4316 557 4380 odisse,
586 4324 643 4371 et
678 4331 709 4369 a
748 4318 1021 4373 consortio
1062 4320 1361 4375 sanctitatis
1403 4336 1513 4375 suae
1540 4332 1820 4392 segregare
1846 4322 1930 4375 di-

347 4414 568 4471 cuntur,
599 4406 688 4461 vix
724 4406 792 4461 ad
818 4423 917 4462 nos
942 4410 1117 4464 tenuis
1147 4408 1286 4465 fama
1331 4412 1639 4481 perlabitur,
1668 4419 1723 4467 et
1744 4413 1810 4466 ab
1833 4427 1930 4465 au-

2030 3228 2393 3296 gratulemur?
2413 3245 2531 3283 cum
2554 3244 2653 3298 ego
2675 3247 2770 3285 vos
2791 3231 2945 3285 simul
2969 3242 3024 3285 et
3046 3232 3275 3288 vicissim
3293 3236 3604 3306 complexus

2031 3331 2236 3382 omnes,
2270 3320 2460 3373 merito
2480 3320 2651 3375 dicam
2672 3322 3073 3376 concinentibus
3093 3324 3271 3378 vobis:
3299 3324 3426 3380 Hazc
3446 3328 3605 3397 plane

2031 3406 2158 3471 dies,
2209 3424 2361 3477 quam
2388 3411 2506 3480 fecit
2551 3408 2835 3475 Dominus;
2875 3412 3180 3468 exsultemus
3209 3424 3258 3469 et
3283 3416 3512 3471 lwtemur
3548 3420 3605 3473 in

2029 3516 2091 3553 ea
2120 3498 2144 3535 ¹ί
2172 3518 2184 3552 :
2217 3500 2340 3569 quia
2371 3500 2555 3555 bonum
2582 3510 2630 3555 et
2653 3503 2727 3573 (g)
2747 3505 3033 3574 jucundum
3066 3505 3297 3559 habitare
3339 3508 3528 3576 fratres
3549 3510 3603 3562 in

2029 3608 2188 3645 unum
2222 3590 2263 3645 ι.
2293 3592 2426 3646 Tum
2456 3607 2556 3661 ego
2580 3602 2634 3648 te
2656 3610 2762 3647 non
2786 3595 2836 3648 in
2854 3597 3178 3650 monasterio
3209 3604 3414 3651 tantum
3442 3599 3601 3653 vicini

2032 3681 2277 3753 Martyris
2304 3684 2637 3752 inquilinum,
2669 3684 2761 3737 sed
2787 3686 2947 3739 etiam
2978 3687 3031 3740 in
3056 3687 3215 3742 horto
3245 3688 3478 3757 ejusdem
3506 3706 3601 3745 eo.

2033 3772 2219 3828 lonum
2258 3773 2467 3834 locabo,
2512 3772 2604 3826 sed
2634 3774 2831 3841 gratis;
2877 3774 2998 3842 quia
3023 3773 3135 3843 jam
3163 3789 3194 3829 a
3222 3777 3603 3845 patrefamilias

2032 3864 2284 3932 accepisti
2310 3862 2586 3916 denarium
2616 3870 2762 3916 tuum
2792 3872 2831 3899 ω
2858 3881 2870 3916 :
2903 3871 3099 3934 praeter
3139 3865 3276 3930 illos,
3298 3880 3433 3935 quos
3460 3868 3604 3923 idem

2033 3954 2289 4008 Dominus
2311 3953 2387 4024 (li)
2408 3952 2519 4022 jam
2535 3968 2634 4022 pro
2662 3954 2969 4010 vulneribus
2995 3955 3097 4009 tuis
3116 3956 3292 4025 largus
3312 3957 3603 4013 stabulario

2032 4044 2180 4099 dedit
2206 4053 2252 4108 ιι,
2280 4051 2339 4098 ιιι
2358 4052 2573 4099 curatus
2594 4045 2715 4099 oleo
2744 4045 3140 4114 misericordiae,
3172 4055 3226 4102 et
3250 4048 3376 4102 vino
3396 4050 3599 4118 gratim,

2033 4135 2217 4189 utilius
2235 4134 2301 4189 ad
2321 4134 2644 4189 dominicam
2665 4135 2876 4189 vineam
2904 4136 3169 4206 integrate
3197 4152 3425 4209 corpore
3456 4139 3602 4195 loca-

2034 4226 2187 4280 reris.
2777 4239 2791 4249 ‘

2107 4315 2193 4369 16.
2226 4314 2421 4370 Videre
2450 4328 2579 4383 ergo
2599 4313 2710 4383 jam
2740 4315 2865 4370 mihi
2897 4315 3083 4371 videor
3102 4316 3393 4373 'hortulum
3424 4334 3604 4374 meum

2035 4407 2442 4462 adventantibus
2482 4413 2657 4461 tecum
2688 4405 2897 4460 Domini
2934 4409 3295 4472 mercenariis,
3325 4417 3380 4463 et
3406 4396 3604 4479 eoope-

349 4497 504 4550 ribus
526 4498 723 4552 nostris
749 4499 1020 4568 spinarum
1039 4516 1167 4571 sepe
1185 4502 1400 4557 munitis
1422 4501 1468 4567 h,
1492 4510 1551 4557 ut
1570 4517 1698 4555 aura
1722 4500 1926 4571 frigida,
1960 4499 2009 4560 Ι)
2033 4500 2272 4556 rantibus
2291 4498 2591 4555 cultiorem.
2616 4498 2801 4567 Neque
2819 4498 2961 4551 enim
2989 4497 3203 4554 diflicile
3221 4500 3514 4555 existimari
3537 4501 3600 4566 ¹⁵,

350 4586 444 4641 vel
472 4587 833 4657 importunum
854 4592 1008 4645 vacui
1027 4592 1211 4648 culicis
1239 4607 1480 4648 murmur
1503 4592 1818 4649 excluditur.

428 4677 515 4731 14.
555 4677 665 4734 Sed
695 4680 904 4750 plenius
934 4683 1170 4740 indicare
1194 4694 1447 4756 poterunt
1468 4687 1713 4742 conservi
1734 4686 1923 4751 nostri,

433 4846 458 4873 ἰ
489 4837 539 4909 ill
571 4837 697 4894 Cor.
724 4854 835 4909 xu,
857 4838 981 4909 1‘0.”
1018 4841 1047 4879 δ
1084 4841 1199 4896 Gal.
1232 4858 1301 4909 v,
1333 4842 1419 4897 17.
1502 4854 1523 4881 ε
1566 4842 1706 4898 Psal.
1734 4859 1837 4907 cvt,
1864 4842 1952 4897 42.

1514 4911 1529 4950 ί
1565 4913 1607 4967 ll
1637 4914 1761 4969 Cor.
1790 4906 1843 4979 v,
1875 4912 1928 4966 6.
2009 4910 2023 4961 i
2060 4910 2188 4965 Luc.
2221 4906 2291 4975 tv,
2318 4907 2406 4961 24.
2484 4909 2507 4946 ιι
2550 4906 2687 4962 Psal.
2719 4924 2877 4973 cxvu,
2900 4908 2989 4961 24.

352 4917 379 4954 s
411 4906 436 4959 Ι
462 4908 588 4962 Cor.
614 4925 690 4969 xi,
715 4908 801 4960 16.
832 4906 835 4909 ’
875 4906 904 4946 ιι
944 4908 1106 4965 Eccli.
1132 4906 1312 4976 xxvui,
1336 4912 1425 4966 28.

353 4987 395 5012 ω
438 4976 627 5031 Matth.
658 4993 749 5039 xx,
784 4976 836 5031 9.
912 4987 937 5013 υ
978 4979 1105 5033 Luc.
1148 4997 1200 5047 ι,
1228 4981 1315 5035 55.

432 5110 507 5179 (a)
548 5108 623 5162 ita
652 5124 781 5164 mss.
813 5108 1011 5179 Belgic.
1043 5120 1100 5165 et
1121 5111 1253 5181 Reg.
1282 5112 1416 5169 Vide
1445 5124 1558 5170 not.
1592 5114 1679 5168 15.

431 5203 506 5284 (b)
549 5201 639 5284 Sic
672 5212 813 5284 .mss.
864 5203 994 5284 Reg.
1026 5205 1260 5284 eth’ien.
1288 5216 1344 5284 et
1370 5207 1497 5262 editi
1541 5207 1592 5284 4:
1620 5206 1707 5261 Sic
1740 5207 1931 5284 freudit

353 5266 505 5353 apud
548 5266 893 5353 Prudentium
936 5266 1026 5327 lib.
1072 5273 1528 5353 Peristephanain,
1576 5266 1773 5347 hymno
1801 5274 1834 5327 5
1861 5277 1931 5330 de

352 5340 415 5397 S.
446 5340 731 5409 Vincentio
758 5350 1162 5410 martyre,vers.
1191 5340 1313 5399 393.
1341 5346 1535 5401 Eadem
1557 5340 1769 5417 quoque
1798 5360 1931 5400 voce

355 5428 486 5467 usus
512 5419 594 5465 est
618 5409 855 5465 Plautus.
887 5411 1025 5466 Edit.
1070 5414 1256 5480 Rosv.,
1289 5417 1541 5485 frendeat.

428 5503 501 5570 (c)
542 5501 703 5557 Deest
730 5518 918 5566 meam,
949 5503 1003 5556 in
1032 5520 1131 5561 ms.
1160 5506 1317 5561 Vien.

428 5592 508 5658 (ά)
547 5589 857 5657 Cognomen
901 5601 983 5645 est
1009 5592 1229 5646 inditum
1277 5597 1345 5650 ab
1401 5599 1529 5651 urbe
1576 5598 1765 5653 Roma.
1797 5598 1931 5654 llinc

356 5660 690 5728 Zephyrinus
722 5658 936 5714 Urbicus
961 5678 1097 5734 papa
1119 5663 1315 5721 dicitur
1342 5665 1410 5721 ab
1438 5664 1632 5736 Optato
1658 5670 1749 5725 lib.
1780 5686 1827 5737 ις
1852 5670 1928 5724 uti

2032 4605 2192 4661 quam
2219 4589 2373 4644 facile
2396 4588 2489 4659 (V.
2514 4604 2600 4658 ep.
2631 4588 2717 4643 49.
2750 4605 2806 4642 n.
2837 4588 3166 4659 2)depleturi
3190 4590 3234 4623 “
3254 4591 3358 4644 sint
3387 4592 3605 4647 levioris

2030 4684 2251 4738 culturae
2278 4681 2538 4746 laborem,
2568 4695 2704 4749 quos
2733 4680 2787 4734 in
2813 4681 3024 4735 vineam
3051 4696 3201 4736 suam
3231 4679 3473 4737 Christus
3493 4682 3604 4737 ele-

2026 4838 2053 4878 δ
2096 4839 2285 4909 Philip.
2313 4853 2385 4909 tv,
2418 4840 2467 4891 7.
2548 4847 2577 4909 ε
2612 4836 2749 4909 Psal.
2782 4854 2962 4909 xxxiv,
2988 4837 3081 4909 19.Δ
3133 4836 3172 4909 j
3214 4837 3355 4895 Psal.
3379 4855 3523 4906 cxtx,
3547 4840 3599 4894 7.

3071 4906 3087 4944 ί
3132 4905 3273 4963 Psal.
3315 4926 3516 4976 cxxxu,
3548 4910 3601 4964 1.

2034 5120 2089 5168 et
2124 5114 2175 5185 in
2212 5112 2441 5185 concilio
2486 5112 2687 5167 Arelat.
2729 5112 2795 5166 de
2821 5111 3059 5167 diaconis
3089 5110 3292 5168 Urbici:
3319 5114 3510 5185 agitur,
3552 5114 3604 5171 id

2034 5194 2116 5238 est
2145 5182 2417 5236 Romanis.

2106 5253 2177 5320 (ε)
2217 5252 2293 5306 ita
2324 5268 2425 5320 ms.
2456 5250 2608 5305 Vien.
2643 5250 2744 5305 Alii
2774 5252 3005 5315 codices,
3036 5262 3231 5307 nostro.

2110 5318 2177 5392 (ι’)
2218 5321 2315 5375 Ms.
2359 5318 2554 5392 vatic.,
2602 5321 2947 5392 peregrinari,
2994 5322 3202 5392 sublata
3246 5323 3502 5392 particula
3532 5334 3602 5383 et,

2035 5390 2152 5459 quae
2181 5392 2344 5445 etiam
2374 5391 2525 5445 abest
2551 5405 2580 5442 a
2616 5390 2733 5444 ms.’
2761 5391 2890 5459 Reg.
2924 5400 2978 5445 ct
2998 5392 3121 5448 edd.
3152 5390 3281 5447 Bad.
3311 5400 3364 5446 et
3392 5392 3599 5455 Schot.,

2032 5460 2175 5530 quod
2203 5460 2542 5530 commodum
2574 5474 2787 5514 sensum
2817 5460 3006 5515 reddit.

2103 5530 2182 5598 (g)
2222 5528 2344 5583 Mss.
2397 5529 2609 5585 codices
2658 5538 2712 5584 et
2749 5532 3070 5585 vetustiores
3114 5530 3242 5585 editi
3298 5538 3609 5587 constanter

2031 5599 2231 5653 habent
2253 5599 2555 5668 jocunduni.

2100 5669 2179 5735 (In)
2219 5666 2307 5724 Sic
2335 5683 2463 5724 mss.
2490 5666 2620 5737 Reg.
2653 5676 2708 5723 et
2734 5668 2887 5723 Vien.
2919 5668 3021 5723 Alii
3050 5668 3279 5735 codices,
3313 5677 3435 5725 tam.
