3966 6184
346 337 456 397 175

1457 334 1514 391 S.
1555 330 1823 389 l’AULlNl
1860 327 2112 383 NOLANI
2151 328 2453 387 EPISCOPI

3492 321 3597 381 176

346 454 425 519 git
454 463 512 518 a;
544 459 597 507 et
620 453 821 507 otiosos
849 450 982 519 Deo,
1014 450 1066 504 in
1093 464 1232 505 vano
1260 448 1418 519 hujus
1446 447 1610 503 seculi
1638 446 1755 501 foro
1782 453 1927 499 stare
1954 441 2001 499 Δ
2028 438 2085 493 Si
2105 455 2232 512 ergo
2266 442 2464 496 habeas
2491 455 2585 496 cor
2613 439 2805 495 ardens
2834 439 2887 494 in
2926 439 3012 492 via
3044 446 3087 501 ³,
3119 435 3441 491 renovabitur
3468 438 3601 491 sicut

350 555 460 593 non
489 555 675 609 passus
702 549 801 595 est.
824 539 941 593 lam
969 549 1023 593 et
1049 538 1339 593 domestica
1381 537 1509 591 mihi
1538 545 1658 605 post
1684 536 1924 591 osculum

350 636 594 682 sanctum
619 628 809 695 gaudia
856 634 1035 681 mente
1063 634 1118 680 et
1157 626 1481 694 cogitatione
1508 640 1772 694 propono,
1804 638 1925 678 cum

352 716 651 771 inebriante
687 716 877 785 spiritu
914 716 1153 771 caritatis
1200 715 1433 769 sobriam
1478 715 1794 769 misceamus
1830 730 1927 783 per

351 807 546 876 pocula
574 815 719 861 casta
748 806 1013 869 laetitiam;
1038 821 1129 857 nec
1153 805 1207 858 in
1229 806 1476 876 fermento
1493 806 1748 874 nequitice,
1769 805 1857 857 sed
1872 806 1926 857 in

354 904 405 969 2
419 903 461 967 3
490 900 682 968 azymis
704 900 1010 952 sinceritatis
1028 898 1052 935 δ
1067 899 1152 968 pia
1181 897 1316 952 festa
1336 897 1687 965 celebremus,
1700 896 1926 966 psallen-

358 999 427 1041 tes
451 988 668 1042 Domino
697 990 751 1040 in
774 988 974 1057 hymnis
1001 996 1049 1040 et
1079 989 1291 1041 canticis
1317 986 1687 1056 spiritualibus,
1704 994 1926 1039 cantan-

356 1087 428 1131 tes
450 1078 639 1147 linguis
666 1087 714 1130 et
740 1075 972 1130 cordibus
1019 1074 1125 1131 Deo
1150 1115 1165 1140 ,
1187 1092 1345 1131 omne
1365 1076 1711 1147 quodcumque
1730 1074 1928 1145 agimus

354 1170 408 1221 in
434 1167 579 1221 verbo
601 1167 678 1220 vel
704 1168 758 1219 in
781 1168 936 1236 facto,
966 1166 1021 1218 in
1061 1167 1267 1219 nomine
1293 1164 1417 1218 Iesu
1472 1164 1693 1229 Christi,
1732 1164 1931 1234 gratias

357 1267 563 1327 agentes
602 1256 711 1311 Deo
732 1256 901 1321 Patri,
927 1272 1016 1323 per
1038 1257 1225 1326 ipsum.
1255 1266 1275 1294 ε
1298 1252 1397 1318 Qui
1425 1256 1551 1325 facit
1573 1256 1724 1307 unius
1773 1253 1930 1307 moris

356 1347 589 1400 habitare
613 1347 666 1400 in
687 1345 902 1410 domo“,
933 1352 991 1397 ut
1032 1359 1215 1413 spero,
1253 1359 1351 1398 nos
1377 1342 1537 1398 faciet
1583 1342 1721 1396 inter
1751 1356 1849 1396 nos
1876 1340 1932 1396 in

360 1438 653 1506 semetipso
682 1436 940 1489 habitare.
974 1432 1072 1498 Qui
1096 1436 1217 1505 fecit
1242 1436 1317 1505 (a)
1339 1443 1604 1505 utrumque
1630 1450 1786 1487 unum
1810 1443 1856 1500 ο,
1880 1441 1934 1488 et

359 1526 623 1580 exaltatus
662 1527 841 1580 omnia
886 1526 1047 1578 traxit
1085 1525 1151 1578 ad
1181 1540 1239 1578 se
1288 1523 1333 1592 ί,
1356 1525 1447 1594 qui
1486 1525 1792 1579 humiliatus
1818 1525 1934 1594 ipse

360 1614 736 1684 paciﬁcaverat
752 1615 929 1669 omnia
954 1624 1000 1680 ις,
1016 1615 1369 1669 reconcilians
1389 1615 1643 1669 mundum
1659 1614 1789 1681 Deo,
1812 1628 1934 1669 cum

360 1702 647 1770 repleverit
671 1702 863 1769 gaudio
894 1717 954 1756 os
979 1712 1217 1756 nostrum
1249 1703 1530 1771 pmsentia
1568 1711 1759 1757 vestrae
1804 1717 1935 1757 una-

2024 532 2210 601 aquin
2256 532 2493 601 juventus
2547 537 2635 583 tua
2686 532 2731 583 τ.
2761 528 2965 595 Curres,
3013 536 3061 581 et
3097 543 3199 579 non
3230 526 3308 595 (ά)
3335 526 3554 581 lassabis
3581 544 3600 581 :

2022 620 2324 684 ambulabis,
2357 629 2405 673 et
2434 636 2539 674 non
2564 620 2770 689 deﬁcies
2794 627 2818 653 ιι
2851 635 2864 671 :
2894 634 3001 673 non
3031 626 3085 672 te
3119 618 3286 686 virga,
3310 633 3418 673 non
3447 632 3601 687 pera,

2026 727 2133 766 non
2159 711 2399 766 sacculus
2419 711 2772 780 praegravabit
2796 727 2808 761 :
2834 711 2941 780 29
2968 724 3076 765 non
3097 709 3469 776 calciamenta,
3500 726 3605 765 nec

2026 803 2219 872 duplex
2256 802 2419 857 vestis
2447 802 2701 871 impediet
2722 810 2748 838 ν
2780 818 2796 865 ;
2828 800 2923 855 sed
2972 809 3136 855 exuto
3163 800 3467 855 carnalibus
3486 800 3604 855 vin-

2027 894 2177 957 culis,
2202 902 2259 947 ut
2287 894 2339 947 in
2370 901 2511 947 terra
2528 900 2710 948 sancta
2732 891 2894 947 liceat
2908 892 2951 923 ⁸ο
2964 900 3131 958 stare,
3146 894 3393 961 vestigio,
3410 895 3453 924 ’ί
3472 893 3604 947 lum-

2027 986 2212 1054 bisque
2238 984 2535 1053 prmcinctis
2566 993 2613 1051 ι,
2646 983 2792 1038 nullo
2821 997 2950 1049 mre,
2980 983 3129 1052 gravi
3156 997 3310 1048 zona,
3341 981 3604 1037 festinan-

2030 1085 2130 1139 ter,
2182 1088 2241 1129 ut
2270 1073 2472 1129 Pascha
2502 1074 2732 1138 Domini,
2775 1082 2829 1128 et
2856 1089 2994 1143 opus
3033 1068 3229 1128 Christi
3257 1073 3311 1127 in
3360 1082 3604 1143 tempore

2029 1165 2257 1220 collecto
2278 1161 2566 1233 gerendum
2592 1168 2696 1226 est,
2718 1161 2861 1216 viam
2887 1168 3031 1215 tuam
3061 1175 3243 1216 curres
3267 1178 3280 1213 :
3302 1177 3605 1230 prosperum

2029 1256 2126 1309 iter
2172 1257 2327 1324 faciet
2354 1254 2493 1308 Deus
2539 1254 2844 1308 salutarium
2870 1261 3161 1307 nostrorum
3188 1262 3217 1301 γ
3248 1270 3261 1282 ε
3310 1254 3477 1305 omnis
3506 1254 3601 1308 tibi

2031 1346 2179 1401 vallis
2206 1345 2277 1415 (e)
2319 1344 2630 1413 implebitur,
2653 1354 2702 1397 et
2749 1344 2917 1397 omnis
2945 1343 3091 1398 collis
3132 1342 3482 1397 humiliabitur
3501 1361 3519 1397 :
3545 1353 3605 1397 ut

2033 1438 2164 1506 fiant
2191 1452 2375 1506 aspera
2412 1436 2751 1504 iniquitatum
2779 1436 2834 1487 in
2854 1436 2961 1488 vias
2983 1436 3166 1503 planas
3212 1444 3257 1502 ι,
3299 1451 3364 1488 ne
3390 1452 3607 1505 usquam

2034 1528 2237 1580 itineris
2263 1525 2497 1593 offendas
2518 1525 2694 1593 pedem
2714 1533 2854 1578 tuum
2868 1532 2953 1576 ﬂ:
2979 1525 3097 1593 quia
3119 1525 3315 1593 angelis
3336 1525 3440 1577 suis
3460 1540 3610 1577 man:

2037 1617 2174 1669 davit
2194 1617 2259 1680 “,
2275 1614 2633 1667 ut'custodiant
2655 1622 2702 1667 te
2730 1614 2782 1665 in
2807 1612 3039 1666 omnibus
3061 1613 3153 1666 viis
3177 1614 3275 1665 tuis
3290 1611 3347 1650 δι’
3372 1630 3386 1664 :
3418 1621 3474 1667 et
3492 1613 3609 1683 ipse

2039 1707 2291 1762 Dominus
2327 1706 2574 1776 protectio
2608 1714 2695 1758 tua
2732 1712 2885 1759 scuto
2921 1704 3069 1773 pacis
3095 1718 3205 1758 sua:
3231 1703 3532 1758 circumibit
3560 1704 3609 1737 “

360 1793 639 1859 nimitatis,
670 1793 908 1847 dicemus
931 1810 942 1844 :
976 1792 1331 1862 Magniﬁcavit
1357 1792 1607 1848 Dominus
1645 1796 1814 1865 facere
1842 1809 1935 1846 no-
1966 1774 2013 1832 Β
2042 1808 2112 1864 te,
2137 1774 2431 1869 praelucens
2453 1798 2547 1852 tibi
2570 1798 2623 1851 in
2654 1796 2854 1851 lumine
2880 1795 3059 1850 vultus
3086 1794 3170 1849 sui
3194 1803 3248 1834 cc
3270 1835 3287 1860 ,
3312 1802 3367 1848 et
3380 1804 3609 1863 praeten-

360 1881 552 1935 biscum
578 1879 637 1933 h:
666 1889 720 1936 et
746 1882 799 1934 in
823 1880 1144 1935 abundantia
1165 1882 1358 1936 [astitiaz
1374 1890 1567 1936 nostra:
1588 1882 1936 1936 benedicemus

359 1990 449 2027 vos
478 1973 540 2026 de
566 1973 718 2027 domo
746 1971 978 2037 Domini,
1019 1973 1143 2041 quia
1173 1972 1421 2025 benedicti
1443 1989 1528 2026 vos
1575 1972 1820 2038 Domino,
1852 1974 1938 2043 qui

362 2066 569 2119 venistis
598 2066 653 2118 in
692 2066 897 2118 nomine
924 2063 1157 2119 Domini.
1192 2063 1413 2118 Calicem
1441 2065 1685 2117 salutaris
1714 2066 1939 2133 accipia—

362 2158 425 2209 tis
463 2154 507 2223 ί,
537 2163 585 2207 et
614 2155 775 2208 edatis
805 2171 991 2224 panem
1026 2154 1288 2209 beatorum
1327 2157 1382 2208 in
1420 2172 1576 2225 regno
1616 2155 1715 2209 Dei
1747 2158 1801 2221 i;
1842 2172 1939 2211 vos

364 2244 507 2297 enim
535 2245 663 2299 estis
685 2258 865 2299 coram
886 2243 1112 2297 Domino
1134 2242 1260 2298 Jesu
1288 2245 1509 2300 satietas
1533 2254 1713 2301 nostra
1736 2254 1791 2299 et
1816 2260 1942 2314 gau-

366 2335 533 2388 dium.

436 2424 521 2478 l7.
565 2423 715 2479 Aude
738 2424 899 2491 igitur
942 2439 1224 2494 erumpere
1246 2441 1353 2480 non
1381 2425 1484 2480 tuis
1513 2426 1703 2496 opibus
1722 2437 1777 2482 et
1810 2427 1939 2482 viri-

366 2517 485 2583 bus,
511 2517 609 2572 sed
629 2516 795 2571 fretus
822 2524 877 2571 et
910 2517 1066 2573 nixus
1088 2518 1128 2548 ¹⁷
1160 2517 1213 2571 in
1241 2517 1455 2572 Christo
1484 2535 1497 2570 :
1524 2519 1647 2586 quia
1669 2519 1811 2590 virga
1830 2520 1939 2589 ejus

366 2619 415 2662 et
444 2608 649 2663 baculus
678 2609 838 2677 ipsius
892 2624 983 2661 nos
1012 2608 1308 2663 consolatur
1331 2608 1377 2674 κ,
1410 2617 1465 2662 et
1497 2610 1744 2675 sustinet,
1776 2618 1830 2665 et
1851 2624 1943 2679 gu-

367 2698 575 2752 bernat.
606 2696 708 2763 Qui
738 2704 916 2767 portat
943 2696 1284 2764 regrimonias
1314 2705 1546 2764 nostras,
1578 2706 1634 2753 et
1662 2699 1941 2753 inﬁmita-

368 2795 451 2842 tcs
474 2796 684 2841 nostras
712 2787 947 2856 suscepit
965 2788 1007 2818 ιδ
1041 2784 1083 2852 ι,
1104 2786 1195 2841 dat
1216 2788 1356 2842 lasso
1387 2788 1656 2853 virtutem,
1678 2789 1944 2844 confortat

368 2889 540 2943 genua
562 2876 757 2930 debilia
778 2886 836 2941 ω,
869 2877 982 2945 ipse
1008 2884 1195 2930 statuet
1223 2886 1272 2930 et
1309 2878 1690 2933 immaculatum
1718 2889 1774 2935 et
1802 2880 1941 2936 inof-

369 2964 570 3019 fensam
616 2968 750 3021 viam
778 2975 946 3031 tuam;
995 2964 1284 3039 prtecinget'
1316 2978 1362 3022 te
1399 2970 1598 3036 virtute,
1638 2978 1687 3023 et
1716 2973 1943 3041 perficiet

369 3056 521 3125 pedes
544 3066 654 3111 tuos
683 3067 937 3127 tamquam
961 3059 1036 3129 (b)
1055 3061 1205 3123 cervi,
1230 3067 1284 3111 ut
1304 3064 1525 3114 exsultes
1548 3069 1678 3115 sicut
1699 3062 1844 3133 gigas
1874 3064 1943 3116 ad

370 3147 675 3199 currendam
720 3148 855 3200 viam
893 3156 941 3211 ι’,
974 3163 1039 3201 ne
1067 3150 1105 3181 '9
1137 3148 1395 3217 impedire
1425 3157 1478 3204 te
1512 3151 1683 3220 possit
1722 3152 1941 3221 trepida:
1967 3119 2011 3179 Ο

372 3235 546 3288 carnis
576 3235 881 3289 infirmitas:
906 3237 996 3303 qui
1023 3251 1129 3289 non
1161 3236 1229 3305 (c)
1259 3237 1311 3290 in
1332 3253 1513 3303 carne,
1544 3239 1641 3293 sed
1670 3240 1723 3293 in
1751 3242 1941 3310 spiritu

374 3325 593 3379 incedis.
627 3324 933 3380 Servientes
954 3328 1095 3381 enim
1123 3326 1335 3383 Christo
1360 3330 1603 3399 corporis
1642 3332 1859 3387 servitio
1892 3342 1937 3401 °,

373 3415 535 3467 animi
565 3415 789 3485 imperio
819 3416 987 3485 magis
1015 3417 1231 3471 utimur.
1262 3417 1435 3487 Atque
1462 3419 1583 3474 ideo
1608 3421 1942 3477 voluntatem

375 3510 612 3557 nostram
641 3503 853 3559 Christo
883 3514 1072 3561 autore
1094 3505 1354 3561 directam
1382 3522 1509 3563 caro
1538 3510 1685 3578 jussa
1716 3512 1941 3567 comita-

376 3601 477 3660 tur,
504 3596 772 3665 trahitque
801 3612 995 3667 corpus
1013 3598 1080 3653 ah
1101 3600 1262 3653 animi
1292 3599 1600 3657 fortitudine
1623 3601 1949 3661 firmitatem:

375 3690 430 3735 et
459 3683 526 3737 ad
555 3683 757 3738 domini
788 3686 1028 3740 habitum
1066 3685 1293 3743 famulus
1312 3693 1586 3761 componit
1615 3693 1949 3763 obsequium.

377 3772 548 3839 Atque
577 3774 647 3828 ita
670 3775 827 3829 virtus
849 3776 901 3828 in
922 3777 1224 3846 inﬁrmitate
1245 3781 1513 3850 perficitur
1539 3794 1584 3849 P,
1619 3784 1744 3839 dum
1774 3788 1952 3843 anima

376 3877 639 3918 consensu
676 3866 851 3921 carnis
881 3868 1127 3923 edomita:
1156 3870 1266 3925 Deo
1314 3874 1574 3941 serviens,
1604 3893 1702 3947 per
1729 3877 1952 3934 infirmi-

376 3952 508 4005 tatis
534 3953 885 4008 ministerium
914 3955 1098 4025 implet
1126 3958 1301 4014 oflicia
1334 3962 1561 4018 virtutis.

447 4041 534 4094 18.
578 4041 795 4095 Intende
820 4042 996 4109 igitur,
1029 4053 1083 4098 et
1111 4063 1355 4116 prospere
1397 4054 1633 4120 procede,
1661 4065 1709 4108 et
1738 4058 1952 4113 deducet

379 4141 425 4184 te
450 4132 751 4185 mirabiliter
781 4131 990 4185 dextera
1019 4132 1131 4186 Dei.
1162 4135 1520 4192 Misericordia
1551 4142 1663 4210 ejus
1686 4153 1741 4198 et
1778 4149 1953 4213 gratia

378 4218 627 4287 pratibunl
654 4222 839 4289 facient
868 4229 1006 4273 tuam
1029 4233 1083 4274 (ιε
1110 4230 1167 4277 et
1193 4226 1237 4278 si
1270 4226 1506 4283 infirmus
1528 4230 1687 4287 domo
1703 4238 1953 4307 prodeas,

2038 1891 2172 1946 dens
2187 1891 2238 1943 in
2255 1890 2440 1944 umbra
2461 1889 2666 1943 alarum
2689 1902 2904 1943 suarum
2927 1883 2987 1924 ἀει
3014 1902 3027 1940 :
3053 1894 3113 1939 ut
3131 1902 3221 1954 per
3239 1886 3376 1939 diem
3403 1884 3482 1938 sol
3502 1901 3610 1939 non

2038 1990 2157 2033 urat
2172 1990 2239 2046 te,
2262 1995 2419 2049 neque
2438 1979 2564 2033 luna
2582 1996 2672 2048 per
2698 1986 2986 2032 noctem“.
3017 1975 3224 2043 Ubique
3250 1975 3353 2029 loci
3369 1975 3413 2005 ³⁸
3428 1981 3612 2029 custo-

2038 2070 2149 2124 diet
2176 2078 2337 2139 atque
2376 2068 2658 2124 benedicet
2702 2068 2956 2122 introitus
2997 2074 3053 2121 et
3077 2066 3252 2121 exitus
3280 2073 3419 2128 tuos,
3451 2074 3511 2118 ut
3554 2065 3611 2119 in

2040 2160 2187 2214 omni
2208 2160 2327 2213 loco
2358 2157 2523 2213 lilium
2545 2158 2696 2227 pacis
2717 2157 2974 2222 invenias,
2998 2165 3054 2211 et
3072 2170 3234 2226 super
3254 2168 3468 2209 omnem
3489 2154 3612 2209 hos-

2040 2250 2205 2319 pitem
2232 2263 2336 2318 pax
2358 2256 2451 2303 tua
2481 2249 2661 2302 veniat
2694 2246 2769 2301 Η.

2112 2334 2197 2389 19.
2239 2336 2392 2403 Quod
2429 2336 2474 2391 si
2510 2335 2650 2390 forte
2690 2335 3066 2405 proficiscens,
3095 2338 3326 2404 cogitata
3361 2350 3613 2392 carorum

2040 2427 2319 2483 hominum
2342 2466 2357 2493 ,
2382 2426 2467 2481 vel
2493 2435 2823 2480 assuetorum
2853 2426 3091 2480 locorum
3123 2425 3419 2482 divulsione
3443 2426 3615 2497 lacry-

2042 2517 2291 2582 maveris,
2313 2515 2621 2585 temporalis
2649 2516 2866 2570 tristitia
2895 2523 2985 2569 tua
3013 2515 3066 2568 in
3094 2522 3349 2569 teternam
3378 2515 3615 2570 laetitiam

2042 2614 2406 2661 convertetur.
2436 2605 2633 2659 Eunles
2651 2648 2665 2672 ,
2696 2606 2897 2675 inquit,
2926 2604 3067 2657 ibant
3095 2612 3143 2657 et
3171 2603 3380 2673 flebant,
3408 2606 3615 2657 mitten-

2046 2706 2117 2749 tes
2145 2697 2345 2749 semina
2374 2712 2467 2749 sua
2483 2697 2766 2760 ;venientes
2794 2704 2963 2748 autem
2983 2696 3181 2748 venient
3198 2710 3313 2747 cum
3330 2695 3615 2748 "exsulta-

2046 2789 2181 2841 tione
2202 2795 2465 2856 portantes
2478 2785 2764 2856 manipulos
2792 2802 2911 2840 suos
2930 2794 3005 2839 εις.
3024 2785 3099 2838 ita
3124 2793 3200 2849 tu,
3222 2785 3333 2839 etsi
3352 2770 3616 2839 veniendo

2045 2877 2276 2945 fleveris,
2302 2876 2575 2931 redeundo
2599 2876 2872 2943 gaudebis,
2901 2884 2955 2929 et
2981 2875 3033 2929 in
3061 2875 3252 2943 gaudio
3278 2882 3468 2941 metes,
3498 2889 3617 2944 qua:

2046 2973 2098 3025 in
2128 2969 2379 3040 lacrymis
2398 2967 2762 3023 seminaveris.
2783 2965 2962 3020 Gratia
2980 2966 3189 3020 Domini
3202 2966 3380 3020 Iesu"
3402 2964 3615 3030 Christi,
3640 3013 3661 3026 ,

2044 3072 2093 3115 et
2119 3060 2309 3113 caritas
2331 3058 2422 3112 Dei
2442 3057 2636 3121 Patris,
2658 3066 2706 3111 et
2734 3056 3123 3111 communicatio
3136 3055 3360 3127 Spiritus
3376 3057 3543 3109 sancti
3561 3054 3619 3092 διι

2045 3168 2165 3206 cum
2207 3158 2319 3203 tota
2360 3148 2519 3202 domo
2550 3155 2638 3201 tua
2675 3162 2782 3201 non
2824 3145 3126 3201 manufacta
3161 3164 3172 3198 :
3202 3147 3326 3214 quia
3373 3162 3459 3200 vos
3496 3148 3619 3200 estis

2049 3243 2286 3312 templum
2309 3240 2406 3294 Dei
2432 3242 2612 3306 vivum,
2639 3240 2949 3309 aediﬁcatum
2974 3240 3027 3293 in
3050 3239 3392 3309 fundamentis
3421 3251 3620 3309 aposto-

2046 3334 2210 3387 lorum
2238 3333 2291 3385 in
2319 3329 2521 3384 Christo
2555 3328 2601 3367 ίι
2640 3328 2771 3391 Deo,
2813 3328 2942 3381 mihi
2966 3328 3235 3395 unanime,
3281 3329 3620 3394 venerabilis,

2047 3420 2410 3488 dilectissime,
2455 3428 2510 3474 et
2549 3418 3053 3474 desiderantissime.
3095 3418 3345 3472 Sanctam
3377 3418 3394 3487 (
3424 3416 3622 3471 Bassu-

2048 3512 2155 3566 lam
2183 3510 2394 3579 innuit)
2421 3517 2699 3579 parentem
2738 3515 2973 3562 nostram
3000 3546 3016 3572 ,
3046 3516 3270 3569 matrem
3316 3508 3371 3561 in
3409 3507 3623 3564 Christo

2056 3602 2375 3658 coheredem
2399 3611 2543 3656 tuam
2568 3599 2934 3666 veneratione,
2962 3614 3066 3667 qua
3090 3599 3244 3668 digna
3274 3606 3374 3664 est,
3403 3600 3624 3656 salutari

2057 3701 2201 3762 peto.
2225 3691 2493 3746 Consenta
2515 3690 2567 3744 in
2590 3689 2816 3744 Domino
2847 3688 3177 3759 (Therasiam
3198 3689 3344 3757 dicit)
3372 3704 3491 3743 mea
3519 3688 3625 3742 fra-

2057 3785 2361 3839 ternitatem
2387 3791 2531 3836 tuam
2554 3824 2568 3848 ,
2596 3797 2701 3851 quo
2742 3788 3025 3835 veneratur
3053 3779 3247 3835 alfectu
3267 3822 3282 3847 ,
3313 3780 3525 3836 salutat.
3556 3780 3627 3833 Et

2058 3891 2155 3930 vos
2184 3890 2213 3928 a
2253 3874 2407 3929 nobis
2435 3888 2648 3928 omnem
2684 3880 2922 3927 sanctam
2963 3871 3346 3926 fraternitatem
3369 3910 3385 3936 ,
3414 3871 3627 3940 qualem

2058 3979 2217 4033 agere
2236 3964 2509 4017 vobiscum
2532 3962 2667 4017 certi
2686 3977 2887 4026 sumus,
2911 3961 3079 4016 multo
3099 3961 3355 4031 obsequio
3376 3961 3623 4015 salutate.

2058 4055 2302 4109 Salutant
2330 4069 2427 4108 vos
2452 4068 2637 4107 omnes
2659 4090 2674 4113 ,
2703 4051 2793 4121 qui
2822 4050 2873 4105 in
2903 4051 3127 4105 Domino
3155 4051 3429 4105 nobiscum
3455 4059 3580 4103 sunt
3611 4066 3625 4102 :

2059 4155 2121 4202 ut
2148 4161 2215 4199 ex
2245 4144 2477 4199 Hebrazis
2516 4141 2768 4197 Proforus
2786 4180 2801 4201 ,
2827 4151 2883 4196 et
2912 4141 3207 4196 Restitutus
3234 4155 3415 4194 amans
3443 4138 3628 4194 Domi—

2061 4252 2209 4302 num,
2239 4244 2295 4291 et
2320 4242 2372 4289 te
2401 4235 2453 4288 in
2479 4232 2691 4288 Christo
2715 4240 3045 4295 compertum
3074 4230 3384 4300 diligens,et
3404 4229 3627 4283 multum

379 4309 541 4362 robur
571 4310 817 4376 acquires
845 4310 1040 4365 eundo.
1065 4310 1347 4381 Sperantes
1372 4319 1509 4372 enim
1538 4322 1591 4374 in
1618 4323 1837 4383 Domino
1858 4348 1968 4384 mu-
2064 4326 2388 4383 desiderans.

381 4398 556 4452 tabunt
584 4401 954 4469 fortitudinem,
1002 4417 1259 4460 assument
1304 4425 1500 4479 pennas
1520 4417 1649 4469 sicut
1688 4422 1873 4489 aquin
1895 4435 1941 4482 τ,
1980 4439 2032 4499 ο
2126 4417 2219 4473 20.
2257 4417 2316 4471 ln
2337 4414 2575 4486 epistola:
2603 4412 2754 4468 titulo
2785 4412 2977 4467 imitari
3010 4420 3351 4483 przestautem
3379 4411 3431 4465 in
3453 4410 3629 4466 omni-

453 4583 798 4664 '_1ilatth.-xx
822 4630 835 4653 ,
875 4588 926 4641 4.
1002 4589 1028 4627 ι’
1066 4588 1239 4664 lCor.
1271 4609 1324 4659 v,
1364 4592 1416 4647 8.
1497 4606 1517 4633 ο
1559 4594 1692 4663 Eph.
1725 4614 1778 4664 v,
1804 4597 1895 4663 l9;
1927 4599 2043 4655 Col.
2069 4615 2146 4663 ιιι,
2180 4599 2267 4664 16,
2301 4598 2385 4662 l7;
2418 4597 2585 4651 lCor.
2617 4613 2671 4661 x,
2693 4595 2780 4648 51.
2802 4662 2817 4664 _
2843 4592 2882 4664 Ad
2923 4592 3061 4647 Psal.
3103 4591 3351 4664 uim],
3430 4601 3453 4664 ἐ
3493 4590 3629 4664 Eph.

382 4667 439 4716 II,
482 4654 669 4729 14.ωί
712 4655 865 4729 J_oa_u.
904 4676 1015 4729 xu,
1065 4661 1151 4714 52.
1231 4671 1254 4708 8
1296 4654 1411 4717 Col.
1450 4682 1493 4729 ι,
1552 4654 1638 4718 20.

381 4725 645 4801 λιγέη15.
731 4725 753 4761 ¹¹
790 4726 934 4801 ΡείιΙ.
964 4746 1075 4801 xxii
1096 4771 1109 4793 ,
1137 4732 1189 4784 4.
1273 4731 1453 4801 11εηὶ.
1482 4725 1594 4801 lJll,
1623 4736 1673 4791 4.

383 4802 409 4841 ι’
440 4791 481 4844 ll
504 4791 628 4871 Cpr.
663 4811 771 4871 xu,
786 4795 868 4871 9.Δ
917 4808 943 4846 (ι
963 4791 1104 4871 Psal.
1134 4817 1276 4864 xuv,
1309 4800 1358 4866 5,
1384 4813 1439 4857 et
1468 4791 1724 4871 Lxxxvnl,
1753 4807 1834 4861 15.

382 4876 472 4938 xc,
504 4862 590 4938 51.
638 4874 700 4938 _"
723 4864 909 4938 Matth.
943 4883 997 4938 x,
1028 4867 1112 4921 10.
1195 4881 1219 4907 ι
1247 4862 1415 4925 Exod.
1457 4891 1567 4938 xu,
1597 4876 1681 4928 11.

383 4930 471 4983 12,
547 4930 605 5009 δῇ
637 4929 932 5009 Psa_l.__cxhx,
962 4936 1013 4989 5.
1100 4951 1151 4977 σε
1184 4939 1320 4995 Psal.
1352 4929 1605 5009 Lxxxvllt,
1642 4946 1722 4998 l6.

382 5016 543 5066 cxxv,
574 5000 627 5055 6.
703 5001 761 5038 ιλιι
786 5003 825 5056 ll
854 5004 977 5059 Cor.
1010 5023 1117 5071 xin,
1146 5009 1231 5062 15.

574 5156 651 5241 ita
670 5166 733 5241 ‘et
758 5160 881 5213 alibi
910 5160 1174 5241 Paulinus.
1199 5166 1443 5241 Vulgata,
1468 5182 1681 5240 utraque

458 5226 963 5313 {biberit-mammia
995 5232 1245 5313 Paulinus
1276 5226 1577 5313 iiicpistola
1602 5226 1673 5292 ’15
1700 5242 1763 5293 ad
1794 5241 1953 5293 Pam-

384 5298 673 5378 machiuin,
705 5314 757 5378 η.
785 5298 870 5350 25.
900 5300 987 5355 Sic
1030 5303 1157 5378 libri
1188 5298 1403 5372 Cnccif
1428 5309 1563 5363 LXX
1613 5313 1949 5378 interpretes,

388 5368 714 5450 Augustinus
741 5370 792 5420 in
813 5374 1195 5428 commentario
1223 5368 1383 5446 super
1408 5380 1668 5450 psalmos;
1700 5368 1953 5437 Psalteria

389 5443 540 5488 vetus
570 5443 623 5487 ct
651 5435 968 5492 Romanum.

394 5574 405 5583 .
460 5504 526 5573 (ε)
672 5521 772 5589 ms.
822 5506 990 5589 Vatic.
1025 5512 1125 5589 Alii
1172 5514 1328 5589 codd.
1359 5528 1543 5572 carent
1582 5520 1959 5588 praepositione

389 5575 465 5656 in,
497 5586 652 5656 quam
687 5575 809 5656 ideo
841 5580 1187 5656 restituimus,
1218 5584 1341 5656 quia
1370 5575 1633 5656 reperitur
1654 5575 1794 5656 apud
1824 5575 1960 5644 Pan?

392 5640 532 5696 lumi
566 5648 620 5693 et
646 5653 902 5711 praetcrea
929 5640 1187 5707 consimili
1216 5640 1487 5709 locutione
1504 5640 1624 5712 hinc
1652 5640 1807 5714 lectio
1828 5640 1960 5715 icon-

1720 4668 1742 4702 δ
1785 4667 1924 4722 Psal.
1982 4685 2141 4734 cxxv,
2190 4668 2242 4721 5.

1752 4748 1787 4772 ηι
1828 4738 1949 4792 lsai.
1982 4754 2146 4803 xxxv,
2180 4739 2231 4793 5.
2310 4746 2336 4774 ιι
2378 4736 2516 4790 Psal.
2553 4751 2676 4793 xv",
2710 4735 2797 4803 55,
2829 4742 3048 4803 etxvm,
3074 4734 3126 4784 6.

1917 4818 1937 4844 ι’
1966 4806 2089 4860 lsai.
2126 4825 2211 4871 XL,
2244 4807 2331 4861 51,

1758 4887 1783 4925 γ
1816 4876 1933 4929 Psal

2046 4892 2152 4939 tvn,
2184 4868 2270 4929 90.
2336 4887 2355 4911 κ
2380 4876 2502 4936 lsa.,
2531 4892 2617 4934 ιιι..
2642 4873 2707 4936 4;
2740 4872 2868 4925 Luc.
2904 4887 2975 4933 ιιι,
3002 4870 3053 4922 4.
3105 4879 3159 4907 ⁸⁸
3192 4870 3330 4939 Psal.
3356 4884 3451 4930 xc,
3487 4868 3543 4939 l_i
3581 4878 3635 4939 et

1806 4945 1862 4983 ἀεὶ
1886 4944 2029 4999 Psal.
2062 4961 2170 5008 xvi,
2202 4946 2252 4997 8.
2332 4956 2383 4983 σο
2416 4944 2554 4997 Psal.
2604 4958 2706 4998 cxx
2728 4982 2743 5008 ,
2775 4940 2827 4993 6.

1314 5011 1358 5048 ii
1387 5011 1551 5068 lCor.
1580 5031 1657 5082 ιιι,
1687 5015 1771 5081 16,
1802 5024 1857 5071 et
1886 5032 1956 5079 γι,
2000 5014 2106 5081 19;
2138 5014 2273 5083 Eph.
2308 5032 2361 5080 ιι,
2386 5017 2471 5068 ⁵20-

2328 4668 2342 4705 i
2376 4660 2530 4721 'Psal.
2594 4660 2762 4726 cxvu,
2794 4662 2863 4716 ‘26
2890 4671 2943 4716 et
2968 4679 3068 4717 cxv
3104 4704 3117 4725 ,
3154 4662 3239 4723 15,
3268 4660 3353 4715 15.
3436 4661 3449 4711 ι
3499 4660 3629 4714 Luc.

3205 4744 3229 4767 υ
3256 4731 3408 4784 Rom.
3440 4746 3549 4791 vm,
3576 4730 3628 4784 9.

2412 4806 2582 4859 'an.
2611 4820 2754 4865 xxiv,
2785 4801 2872 4854 52.
2956 4804 2971 4837 ι
3018 4800 3155 4855 Psal.
3206 4816 3296 4865 cn,
3345 4798 3395 4852 5.
3459 4798 3629 4852 ulsai.

2912 4939 2956 4978 “
2993 4940 3121 4995 Luc.
3168 4956 3223 5005 x,
3253 4937 3308 4992 6.
3383 4948 3439 4986 ss
3489 4936 3629 4991 Psal.

2060 5168 2301 5223 firmatur
2328 5186 2394 5223 ex
2426 5185 2551 5223 mss.
2584 5168 2791 5222 duobus
2820 5167 3109 5236 Bigotianis
3136 5166 3186 5218 in
3216 5166 3371 5234 epist.
3398 5165 3466 5218 50
3509 5164 3638 5220 Pau-

2059 5239 2151 5291 lini
2200 5240 2267 5293 ad
2314 5240 2681 5306 Augustinum,
2732 5254 2783 5291 n.
2829 5238 2881 5299 5,
2917 5236 3003 5291 ubi
3058 5237 3250 5304 legitur
3288 5237 3407 5305 quia
3450 5254 3550 5289 non
3584 5239 3636 5289 in

2060 5326 2235 5374 carne,
2259 5311 2346 5362 sed
2376 5312 2427 5362 in
2461 5310 2641 5374 spiritu
2672 5307 2918 5360 ambulat.

2132 5328 2235 5374 me,
2259 5328 2345 5362 seu
2376 5328 2427 5362 ιιι
2461 5328 2485 5362 8
2522 5328 2641 5361 πται
2672 5328 2918 5360 amvtttat.

2132 5380 2210 5448 (ά)
2251 5380 2337 5433 Sic
2367 5396 2465 5433 ms.
2488 5328 2702 5445 ltegius.
2725 5378 2827 5430 Alii
2850 5376 3082 5434 codices,
3108 5374 3632 5448 lassaberis._Vcrum

2065 5442 2223 5570 Lelcgio
2254 5450 2339 5504 hic
2371 5442 2614 5506 restituta
2655 5448 3004 5503 confirmatur
3049 5460 3115 5499 ex
3161 5460 3327 5497 carm.
3360 5442 3450 5510 5:2,
3485 5460 3625 5499 vers.

2135 5591 2202 5657 (e)
2236 5588 2308 5641 Ita
2340 5585 2477 5639 LXX
2516 5586 2851 5657 interpretes.
2882 5584 3108 5652 Vulgata
3138 5584 3469 5637 exaltabitur.
