3966 6184
284 283 387 340 177

281 394 381 449 bus
410 391 537 446 mihi
567 387 958 446 fraternitatem
982 394 1127 443 tuam
1157 386 1309 441 timui
1343 402 1355 440 :
1384 386 1509 455 quia
1545 385 1708 440 tutius
1740 400 1859 440 cre-
1888 391 1940 447 Α

280 483 393 538 didi
420 495 548 536 vere
582 479 842 535 scribere.
870 476 1014 533 Cave
1042 491 1172 545 ergo
1199 476 1425 546 posthac
1452 490 1638 531 servus
1664 470 1860 529 Christi

281 574 337 629 in
362 573 668 627 libertatem
700 576 945 637 vocatus,
973 568 1205 623 hominis
1239 575 1295 623 et
1328 566 1508 622 fratris
1538 576 1593 622 et
1618 566 1862 622 conservi

282 661 552 716 inferioris
578 673 793 714 servum
821 665 878 713 te
904 657 1139 713 scribere
1171 674 1184 709 :
1216 656 1340 724 quia
1368 664 1646 726 peccatum
1680 656 1863 711 adula-

282 750 446 806 tionis
476 755 576 819 gest
604 748 793 817 magis,
822 761 985 817 quam
1040 744 1354 800 humilitatis
1390 744 1701 814 justiﬁeatio
1721 786 1736 811 ,
1766 745 1865 799 bo-

282 854 473 895 norem
512 838 607 893 uni
650 836 901 903 Domino,
930 835 1024 891 uni
1051 835 1308 904 magistro
1336 849 1498 904 super
1524 844 1741 897 terram,
1774 834 1865 888 uni

281 931 395 989 Deo
423 932 699 995 debitum,
726 928 933 985 homini
970 927 1220 995 cuilibet,
1260 941 1328 981 ne
1354 927 1525 982 dicam
1566 926 1865 981 miserrimo

281 1021 578 1093 peccaturi,
600 1018 831 1076 deferre.
863 1016 1073 1073 Sufﬁcit
1091 1018 1283 1070 caritas
1310 1016 1417 1087 30
1452 1016 1517 1069 de
1538 1015 1691 1069 corde
1716 1031 1864 1083 puro,

282 1125 331 1167 et
358 1113 465 1184 [ide
504 1128 611 1166 non
657 1112 782 1180 ﬁcta
810 1118 838 1147 ι
872 1126 891 1164 :
925 1108 1060 1180 quod
1103 1116 1272 1161 autem
1312 1104 1658 1159 abundantius
1704 1112 1807 1169 est,
1835 1120 1867 1157 a

282 1206 422 1261 malo
441 1215 521 1259 est
546 1204 598 1260 ι’.
625 1202 863 1259 Obsecro
900 1210 956 1257 te
990 1200 1157 1256 frater
1192 1214 1290 1269 per
1315 1198 1617 1263 Dominum,
1649 1205 1708 1251 ut
1734 1211 1868 1266 prte-

282 1297 612 1354 sumtionem
655 1294 724 1349 de
767 1301 822 1348 te
862 1306 1037 1347 meam
1090 1291 1280 1361 spiritu
1321 1288 1666 1344 revelationis
1697 1290 1871 1359 (forte

290 1382 654 1453 relevationis)
678 1382 957 1452 inspicias;
984 1381 1219 1449 alioquin
1235 1387 1291 1434 et
1311 1378 1566 1435 oﬂensam
1579 1387 1725 1432 tuam
1744 1394 1871 1448 pos-

280 1489 403 1529 sum
425 1473 605 1529 vereri
640 1472 709 1527 de
748 1471 976 1542 epistola
1008 1479 1114 1539 tam
1142 1468 1353 1539 loquaci
1383 1486 1395 1521 :
1428 1468 1524 1523 sed
1555 1466 1698 1537 apud
1726 1468 1869 1522 cari-

1708 274 2034 333 EPISTOLA
2071 277 2149 332 Vi.

3432 290 3496 347 17

3432 291 3496 347 17

2500 388 2832 448 EPISTOLA
2856 394 2875 415 ⁶
2911 394 2997 449 Vl.
3500 291 3539 351 8

1960 496 2267 567 Augustino,
2290 514 2393 553 non
2419 502 2709 577 accepto-ab
2721 519 2789 577 eo
2817 520 3080 577 responso,
3106 504 3269 562 denuo
3295 524 3386 577 per
3405 509 3539 566 alios

2509 571 2687 624 scribit
2712 571 2988 626 Paulinus.

1962 674 2190 731 Domino
2216 684 2406 731 sancto
2435 676 2585 750 frattj
2615 686 2668 733 et
2706 680 2962 735 unanimo
2988 680 3309 750 Aucusruvo,
3342 683 3537 740 PAULI-

2333 762 2431 802 NUS
2458 754 2513 801 et
2542 747 2806 803 Tusmsu
2836 758 3169 819 peceatores.

2036 854 2087 907 1.
2125 853 2443 911 Jamdudum
2475 857 2642 913 frater
2670 860 2723 914 in
2751 858 2966 917 Christo
3009 860 3257 930 Domino,
3287 861 3359 918 mi
3403 879 3539 918 una-

1965 942 2128 1007 nime,
2160 952 2218 998 ut
2258 952 2311 999 te
2338 944 2391 999 in
2430 947 2629 1001 sanctis
2655 956 2711 1001 et
2735 948 2836 1018 piis
2864 950 3134 1006 laboribus
3162 953 3268 1007 tuis
3294 954 3541 1008 nescien-

1966 1040 2074 1087 tem
2103 1034 2317 1102 agnovi,
2332 1035 2715 1105 absentemque
2732 1038 2859 1102 vidi,
2876 1047 2990 1093 tota
3009 1049 3187 1095 mente
3208 1042 3539 1111 complexus,

1967 1125 2201 1195 alloquio
2228 1141 2443 1197 quoque
2472 1128 2716 1184 familiari
2755 1140 2914 1199 atque
2942 1133 3176 1187 fraterno
3212 1148 3310 1203 per
3338 1134 3541 1189 litteras

1969 1216 2041 1286 (c)
2064 1215 2211 1270 adire
2238 1218 2542 1286 properavi.
2572 1218 2638 1272 Et
2660 1219 2823 1275 credo
2851 1221 2953 1301 31
2984 1221 3037 1275 in
3059 1237 3218 1277 manu
3248 1231 3303 1277 et
3342 1223 3394 1276 in
3418 1236 3540 1290 gra-

1970 1309 2043 1362 tia
2084 1307 2294 1363 Domini
2321 1324 2623 1366 sermonem
2651 1328 2827 1367 meum
2866 1313 2933 1367 ad
2962 1323 3012 1368 te
3042 1314 3203 1370 fuisse
3230 1315 3493 1384 perlatum
3526 1332 3539 1367 :

1969 1396 2063 1452 sed
2084 1406 2326 1452 morante
2353 1399 2532 1455 adhuc
2555 1416 2745 1470 puero,
2769 1416 2930 1470 quem
2958 1403 3024 1457 ad
3050 1410 3103 1458 te
3141 1403 3379 1471 aliosque
3407 1403 3541 1457 dile-

1970 1493 2088 1541 ctos
2119 1500 2271 1553 atque
2299 1486 2411 1542 Deo
2451 1488 2757 1545 salutandos
2784 1499 2909 1545 ante
2953 1492 3183 1546 hiemem
3210 1492 3228 1562 (
3251 1491 3359 1547 Sub
3376 1486 3543 1562 ﬁnem

284 1578 479 1635 tatem,
508 1584 627 1639 quae
654 1568 828 1624 omnia
856 1569 1141 1631 sustinet‘,
1170 1580 1239 1620 ex
1263 1578 1329 1619 eo
1358 1564 1476 1633 ipso
1505 1563 1675 1631 gratia
1713 1561 1865 1616 debet

1974 1576 2097 1629 anni
2114 1574 2238 1645 594)
2268 1576 2603 1645 miseramus,
2635 1594 2741 1635 non
2767 1580 3038 1649 potuimus
3066 1580 3202 1635 ultra
3223 1561 3281 1635 et
3310 1579 3541 1635 ofﬁcium

284 1661 493 1729 augeri,
520 1675 630 1729 quo
657 1658 925 1714 fastidium
965 1654 1267 1726 comparari
1295 1655 1453 1720 solet,
1482 1653 1572 1707 ubi
1611 1653 1755 1708 nulla
1779 1667 1873 1707 ca-

1970 1674 2212 1720 nostrum
2250 1666 2593 1737 suspendere,
2623 1676 2678 1723 et
2717 1670 3036 1725 desiderium
3066 1670 3327 1727 sermonis
3351 1672 3427 1725 tui
3450 1687 3544 1725 cu-

283 1754 420 1808 ritas
447 1751 665 1806 taedium
693 1757 973 1820 temperat.
1005 1747 1062 1803 in
1096 1746 1345 1802 dictando
1374 1745 1516 1799 enim
1545 1745 1670 1800 dum
1699 1752 1750 1797 te
1777 1758 1870 1799 c0-
1899 1732 1947 1793 Β
1971 1755 2303 1827 pidissimum
2344 1732 2673 1826 temperare.
2728 1758 3052 1829 Scripsimus
3112 1760 3289 1828 itaque
3350 1761 3544 1815 iterato

285 1844 418 1910 gito,
450 1852 507 1898 et
534 1850 679 1898 totus
702 1842 757 1897 in
785 1849 839 1897 te
865 1855 1001 1904 sum,
1025 1839 1177 1907 quasi
1199 1836 1337 1908 apud
1364 1843 1679 1906 praesentem
1708 1834 1867 1902 longo

288 1935 576 1990 intervallo
614 1934 802 2004 loquar
821 1934 889 1999 ",
912 1930 1198 1987 obliviscor
1228 1929 1537 1999 impositum
1565 1926 1719 1981 linire
1754 1940 1867 1981 ser-

286 2040 502 2080 monem
510 2064 525 2077 .

356 2115 445 2169 21.
488 2115 691 2169 Panem
717 2113 1045 2185 Campanum
1065 2112 1131 2167 de
1158 2109 1345 2166 cellula
1378 2108 1473 2181 (V.
1506 2116 1617 2163 not.
1654 2107 1740 2176 18)
1765 2122 1864 2162 no-

285 2216 397 2261 stra
438 2207 535 2261 tibi
577 2221 675 2276 pro
704 2208 750 2238 ¹⁸
787 2206 995 2274 eulogia
1036 2205 1295 2267 misimus,
1328 2210 1534 2256 tantum
1574 2201 1780 2256 meritis
1811 2200 1867 2255 in

286 2296 520 2352 Domino
563 2297 669 2352 tuis
704 2296 845 2361 freti,
876 2305 937 2351 ut
972 2295 1131 2367 plena
1176 2294 1242 2349 ad
1281 2300 1335 2347 te
1370 2291 1744 2362 perferendum
1783 2291 1867 2345 sui

285 2386 455 2454 gratia
484 2385 829 2441 crederemus
856 2404 870 2439 :
903 2396 959 2439 tu
1002 2386 1127 2440 licet
1155 2383 1490 2438 uberioribus
1524 2383 1675 2436 micis
1703 2396 1733 2435 a
1760 2381 1867 2435 Do-

285 2477 416 2531 mini
444 2491 634 2531 mensa
658 2475 769 2545 jam
796 2484 1067 2533 saturatus
1092 2476 1194 2541 sis,
1226 2475 1444 2543 dignare
1479 2482 1533 2529 et
1559 2489 1587 2529 a
1610 2482 1865 2545 peccato-

285 2567 431 2621 ribus
451 2575 737 2636 aceeptum
762 2566 815 2621 in
846 2568 1059 2623 nomine
1080 2566 1290 2622 Domini
1311 2582 1501 2637 panem
1526 2566 1579 2620 in
1601 2567 1866 2634 eulogiam

286 2666 518 2711 vertere.
562 2656 641 2712 Ac
684 2672 753 2712 ne
796 2657 948 2726 panis
984 2657 1257 2727 siligineus
1285 2657 1381 2711 tibi
1408 2655 1625 2711 modum
1669 2663 1866 2710 nostrae

288 2746 607 2803 humilitatis
634 2746 895 2802 excedere
937 2747 1221 2813 videretur,
1258 2748 1500 2803 misimus
1529 2747 1864 2802 testimonia-

288 2834 390 2892 lem
413 2840 459 2872 ²⁹
496 2838 804 2892 divitiarum
832 2846 1134 2893 nostrarum
1171 2838 1448 2893 scutellam
1491 2838 1755 2904 buxeam;
1807 2845 1867 2893 ut

288 2930 364 2997 (α)
383 2928 781 2997 apophoretum
802 2926 895 2997 (V.
910 2935 1024 2983 not.
1044 2927 1129 2997 19)
1144 2928 1256 2982 voti
1277 2927 1530 2997 spiritalis
1544 2928 1773 2997 accipies
1797 2928 1864 2996 ⁸ο,

288 3016 569 3071 habiturus
604 3016 854 3086 exemplo
871 3055 886 3081 ,
914 3018 958 3073 si
987 3016 1212 3072 necdum
1239 3017 1398 3072 simili
1427 3026 1647 3087 argento
1674 3019 1858 3073 uteris.

289 3107 437 3174 Quod
468 3108 513 3163 si
542 3108 857 3177 nigellatum
887 3109 905 3177 (
938 3107 997 3161 ν.
1028 3115 1143 3162 not.
1176 3108 1285 3179 20)
1314 3086 1507 3175 babes,
1528 3111 1681 3165 mitte
1713 3112 1867 3167 nobis
1891 3086 1937 3147 ο

290 3208 384 3266 per
404 3212 471 3252 ea
498 3198 737 3264 vascula,
767 3212 885 3266 qua:
911 3198 1091 3268 pueris
1114 3195 1187 3268 (ὁ)
1212 3200 1335 3264 tuis,
1369 3198 1487 3254 ﬁliis
1523 3202 1740 3268 nostris,
1768 3201 1865 3256 de-

290 3287 679 3343 mandavimus.
713 3288 965 3344 Amamus
992 3290 1133 3344 enim
1164 3305 1289 3345 vasa
1318 3290 1516 3353 ﬁctilia,
1542 3292 1666 3360 quia
1691 3300 1746 3346 et
1778 3307 1866 3347 se-

290 3376 522 3431 cnndum
544 3377 714 3431 Adam
735 3386 961 3447 cognata
989 3379 1143 3434 nobis
1171 3387 1311 3443 sunt,
1340 3388 1396 3434 et
1415 3381 1624 3435 Domini
1650 3382 1867 3437 thesau-

290 3481 408 3522 rum
439 3468 495 3522 in
516 3468 714 3523 talibus
735 3469 877 3525 vasis
896 3470 1235 3524 commissum
1264 3470 1522 3526 habemus
1541 3471 1589 3525 ἀ.

356 3558 449 3613 22.
477 3557 746 3614 Praeterea
768 3567 916 3629 peto,
940 3560 1062 3628 quia
1094 3576 1358 3615 summum
1387 3563 1549 3616 animi
1576 3562 1649 3616 tui
1666 3562 1751 3631 jus
1770 3563 1868 3617 ha-

290 3648 418 3705 bere
445 3664 535 3704 me
562 3650 809 3717 conﬁdo;
840 3658 900 3705 ut
937 3651 982 3705 si
1028 3666 1246 3706 necesse
1280 3652 1471 3721 fuerit,
1502 3652 1868 3709 deficientibus

291 3756 322 3795 ε
348 3756 437 3795 me
470 3749 526 3795 et
562 3740 786 3807 libertis,
815 3750 871 3810 et
909 3743 1096 3808 servis,
1126 3750 1180 3797 et
1213 3742 1482 3810 fratribus,
1509 3753 1656 3799 tuam
1683 3760 1866 3800 curam

291 3829 570 3900 impendas
591 3869 607 3892 ,
654 3838 709 3897 et
747 3830 1000 3887 ordinare
1047 3832 1283 3902 digneris
1306 3833 1375 3900 ³³,
1417 3835 1646 3902 qualiter
1674 3834 1739 3888 ad
1769 3850 1867 3891 nos

291 3920 472 3975 vinum
500 3929 675 3984 vetus,
700 3921 844 3990 quod
870 3920 1117 3977 Narbone
1144 3923 1317 3978 adhuc
1345 3939 1444 3978 nos
1472 3926 1669 3980 habere
1691 3927 1867 3980 credi-

290 4022 430 4074 mus,
453 4010 794 4079 pervehatur.
819 4010 896 4067 Ne
925 4012 1133 4078 timeas,
1158 4011 1321 4068 frater
1348 4023 1553 4079 sancte,
1587 4016 1864 4082 damnum,

290 4100 336 4153 si
365 4116 464 4155 nos
502 4100 694 4156 feceris
717 4102 877 4155 etiam
906 4103 1145 4171 pecunia:
1173 4103 1459 4159 debitores.
1496 4106 1685 4159 Omnes
1724 4109 1865 4161 enim

291 4191 460 4244 nostri
496 4204 528 4244 a
554 4190 710 4245 nobis
739 4191 1138 4259 declinaverunt,
1170 4193 1323 4247 simul
1362 4196 1507 4257 impii
1529 4196 1655 4263 facti
1679 4206 1797 4249 sunt
1819 4207 1862 4257 ε,

291 4291 339 4334 et
367 4282 563 4335 inimici
584 4282 803 4336 hominis
831 4281 1091 4336 domestici
1119 4282 1230 4351 ejus
1263 4282 1304 4336 τ.

1968 1861 2111 1901 nunc
2154 1846 2199 1899 si
2244 1846 2453 1915 priores
2489 1845 2557 1901 ad
2588 1854 2639 1902 te
2676 1847 2866 1902 littera:
2904 1856 3100 1902 nostra:
3126 1848 3404 1921 pervenire
3432 1864 3544 1903 me-

1968 1946 2229 2005 ruerunt;
2252 1947 2345 1992 aut
2364 1941 2556 2007 primo,
2571 1939 2617 1993 si
2638 1938 2739 1993 illis
2763 1939 2817 1993 in
2844 1954 3034 1993 manus
3056 1946 3175 1994 tuas
3198 1938 3543 2011 perveniendi

1967 2026 2194 2082 felicitas
2220 2043 2326 2083 non
2356 2026 2472 2082 fuit.
3195 2026 3201 2031 ’

2037 2116 2091 2172 2.
2108 2117 2212 2172 Sed
2235 2126 2315 2182 tu,
2337 2118 2502 2172 frater
2520 2118 2621 2188 (ά),
2638 2119 2884 2187 spiritalis
2906 2120 3078 2174 omnia
3087 2118 3369 2189 judicans:
3394 2133 3541 2172 amo-

1966 2221 2081 2263 rem
2111 2208 2164 2262 in
2203 2216 2256 2263 te
2276 2216 2524 2263 nostrum
2555 2224 2623 2262 ne
2655 2209 2860 2277 pendas
2894 2208 3070 2263 ofﬁcio
3098 2208 3245 2271 solo,
3278 2216 3372 2261 aut
3401 2216 3532 2261 tem-

1966 2313 2100 2370 pore
2138 2299 2457 2354 litterarum.
2486 2299 2740 2353 Dominus
2778 2300 2917 2353 enim
2953 2300 3104 2353 testis
3150 2306 3251 2361 est,
3282 2299 3373 2365 qui
3411 2313 3544 2350 unus

1967 2398 2118 2461 atque
2142 2391 2278 2443 idem
2299 2399 2541 2462 operatur
2568 2388 2593 2427 ιι
2624 2390 2677 2444 in
2708 2390 2819 2444 suis
2847 2389 3042 2458 ubique
3070 2389 3346 2444 caritatem
3368 2404 3541 2450 suam,

1962 2478 2073 2548 jam
2102 2478 2296 2534 abinde
2324 2479 2478 2533 nobis
2505 2520 2520 2545 ,
2551 2493 2617 2533 ex
2646 2493 2753 2547 quo
2780 2487 2835 2533 te
2865 2479 3125 2533 beneﬁcio
3156 2480 3541 2533 venerabilium

1968 2570 2340 2639 episcoporum
2370 2568 2572 2622 Aurelii
2602 2576 2655 2623 et
2680 2568 2874 2639 Alypii,
2907 2583 3004 2638 per
3024 2577 3115 2622 tua
3143 2569 3196 2622 in
3222 2568 3542 2623 Manichteos

1966 2674 2131 2729 opera
2153 2658 2516 2726 cognovimus,
2550 2659 2622 2711 ita
2665 2658 2884 2712 inditam
2914 2658 3255 2712 dilectionem
3284 2666 3451 2723 tuam,
3484 2666 3543 2712 ut

1967 2750 2123 2805 nobis
2150 2764 2256 2804 non
2300 2765 2493 2804 novam
2534 2749 2767 2818 aliquam
2804 2749 3089 2803 amicitiam
3125 2750 3139 2779 ¹
3176 2763 3406 2809 sumere,
3439 2748 3539 2803 sed

1968 2841 2119 2910 quasi
2150 2847 2387 2895 veterem
2413 2839 2692 2894 caritatem
2721 2854 2992 2894 resumere
3019 2838 3342 2892 videremur.
3380 2839 3543 2892 Deni-

1967 2944 2074 2999 que
2102 2945 2243 2984 nunc
2270 2930 2368 2983 etsi
2397 2944 2663 2992 sermone,
2697 2944 2802 2983 non
2829 2937 3006 2981 tamen
3039 2936 3305 2995 tamquam
3336 2936 3390 2981 et
3417 2928 3542 2982 alle-

1970 3028 2057 3075 ctu
2084 3019 2244 3074 rudes
2272 3019 2578 3083 scribimus,
2615 3026 2772 3086 teque
2808 3018 3041 3071 vicissim
3070 3015 3259 3085 spiritu
3283 3032 3379 3084 per
3408 3017 3542 3070 inte-

1969 3110 2165 3164 riorem
2213 3108 2482 3163 hominem
2510 3107 2663 3177 quasi
2708 3107 3161 3175 recognoscimus.
3205 3107 3313 3160 Nec
3348 3107 3541 3159 mirum

1968 3200 2013 3255 si
2042 3208 2096 3255 et
2120 3200 2367 3254 absentes
2392 3198 2642 3254 adsumus
2674 3198 2847 3261 nobis,
2877 3205 2929 3251 et
2964 3197 3129 3266 ignoti
3154 3206 3365 3251 nosmet
3392 3198 3543 3251 novi-

1969 3305 2107 3355 mus,
2137 3305 2257 3345 cum
2283 3290 2440 3344 unius
2467 3288 2709 3356 corporis
2733 3288 2971 3342 membra
3000 3288 3166 3343 simus
3200 3287 3241 3353 ί,
3265 3304 3426 3342 unum
3455 3289 3542 3343 ba.

1968 3380 2188 3435 beamus
2212 3386 2510 3448 eaput,una
2538 3377 2921 3448 perfundamur
2943 3379 3135 3446 gratia,
3168 3394 3274 3433 uno
3300 3377 3393 3447 (V.
3426 3388 3538 3432 not.

1969 3467 2059 3538 21)
2090 3482 2227 3537 pane
2253 3468 2514 3531 vivamus,
2556 3482 2661 3521 una
2703 3467 3009 3522 incedamus
3033 3468 3136 3532 via,
3168 3468 3356 3522 eadem
3387 3468 3543 3521 habi-

1969 3565 2141 3614 temus
2160 3557 2340 3613 domo.
2371 3558 2610 3627 Denique
2630 3559 2684 3613 in
2708 3574 2867 3614 omne
2889 3560 3031 3626 quod
3053 3574 3254 3622 sumus,
3284 3567 3394 3613 tota
3424 3576 3539 3628 spe,

1968 3664 2033 3704 ac
2060 3649 2165 3704 ﬁde
2192 3664 2294 3719 qua
2322 3656 2525 3703 stamus
2554 3650 2606 3703 in
2637 3652 2902 3719 prtesenti,
2932 3652 3151 3705 nitimur
3180 3653 3229 3705 in
3262 3652 3492 3705 futurum
3527 3672 3539 3705 :

1970 3746 2081 3793 tam
2110 3740 2163 3793 in
2191 3738 2377 3807 spiritu
2408 3753 2565 3806 quam
2590 3738 2642 3791 in
2666 3754 2890 3807 corpore
2918 3739 3125 3793 Domini
3149 3756 3309 3794 unum
3337 3757 3540 3805 sumus,

1970 3846 2038 3885 ne
2058 3832 2223 3885 simus
2245 3830 2392 3894 nihil,
2416 3830 2461 3883 si
2490 3829 2557 3884 ab
2586 3845 2692 3883 uno
2719 3831 3043 3885 excidamus.

2038 3921 2090 3974 5.
2131 3918 2452 3984 Quantulum
2497 3933 2627 3987 ergo
2653 3929 2735 3975 est
2759 3962 2773 3988 ,
2797 3921 2941 3990 quod
2977 3921 3219 3975 absentia
3248 3924 3541 3992 corporalis

1967 4010 2121 4065 nobis
2162 4010 2362 4064 invidet
2400 4010 2602 4074 nostri,
2636 4011 2735 4065 nisi
2781 4027 2911 4067 sane
2956 4010 3182 4066 fructum
3225 4013 3402 4087 istum,
3434 4030 3541 4083 quo

1966 4109 2255 4171 pascuntur
2299 4101 2440 4156 oculi
2495 4103 2868 4171 temporalium
2946 4104 3015 4175 (ε)
3096 4107 3542 4173 exspectatores?

1967 4190 2220 4256 Quamvis
2241 4204 2339 4244 nec
2368 4190 2662 4259 corporalis
2686 4192 2897 4259 quidem
2927 4193 3095 4260 gratia
3138 4193 3445 4261 temporalis
3486 4194 3540 4248 in

1967 4280 2293 4349 spiritalibus
2317 4279 2419 4335 dici
2449 4281 2659 4347 debeat,
2685 4282 2877 4350 quibus
2906 4284 3066 4337 etiam
3088 4299 3370 4353 corporum
3387 4293 3542 4338 aeter-

1968 4372 2189 4425 nitatem
2220 4371 2543 4426 resurrectio
2573 4371 2857 4440 largietur;
2890 4382 2948 4427 ut
2976 4373 3230 4428 audemus
3269 4376 3319 4428 in
3349 4377 3543 4431 virtute

1888 4442 1934 4499 D
1960 4462 2155 4517 Christi
2196 4470 2251 4516 et
2278 4462 2345 4533 (τ)
2386 4464 2626 4518 bonitate
2664 4464 2757 4517 Dei
2803 4463 2976 4519 Patris
3003 4466 3087 4519 vel
3117 4466 3313 4534 indigni
3344 4482 3542 4535 priesu-

1960 4569 2126 4608 mere.
2170 4553 2346 4619 Quare
2385 4554 2588 4607 utinam
2634 4555 2736 4609 hoc
2778 4569 2994 4622 quoque
3030 4558 3184 4611 nobis
3225 4573 3416 4612 munus
3443 4574 3539 4611 an-

363 4708 391 4735 ι
398 4697 434 4775 ι
462 4698 600 4753 Τίω.
631 4697 755 4775 t,_§.
827 4695 1067 4775 ξιιειιιιι.
1099 4711 1151 4755 v,
1181 4693 1269 4775 37.
1338 4706 1358 4771 ς
1387 4695 1425 4775 ι
1430 4695 1552 4749 Cor.
1586 4700 1807 4775 Χιιι,“7.-
1844 4714 1865 4775 _«

1981 4702 2105 4757 Cor.
2120 4720 2201 4775 iv,
2223 4703 2319 4775 ἶ.-
2349 4714 2371 4741 ε
2403 4702 2678 4775 Ρείιιείιιη,
2711 4704 2766 4772 5,
2798 4712 2849 4760 et
2878 4721 2969 4773 ιιι,
2993 4706 3044 4759 4.
3102 4705 3121 4744 ί
3146 4706 3332 4763 Matth.
3364 4724 3415 4775 x,
3449 4709 3538 4763 56.

289 4767 361 4822 εἰ
390 4767 514 4823 Cor.
544 4783 581 4823 ιι
604 4810 618 4834 ,
668 4766 756 4821 15.
831 4762 857 4803 ιι
888 4762 1057 4857 lgor.
1088 4780 1182 4827 xu,
1214 4764 1263 4816 1.
1340 4762 1354 4800 ί
1387 4764 1540 4820 Rom.
1575 4783 1663 4833 xu,
1688 4768 1758 4832 5;
1787 4769 1807 4823 Ι
1836 4768 1865 4824 C

1993 4762 2201 4838 301,12;
2234 4772 2252 4825 l
2281 4771 2406 4826 Cor.
2441 4790 2491 4835 x,
2522 4774 2607 4827 17.

358 4933 379 4951 ⁶
408 4927 553 4982 Alias
579 4926 667 4991 i2;
709 4940 827 4995 quae
875 4933 1050 4980 autem
1095 4933 1212 4980 erat
1250 4924 1300 4989 6,
1332 4940 1472 4979 nunc
1501 4924 1559 4991 1,
1592 4924 1801 4995 Scripta
1831 4940 1918 4984 an.
1951 4930 2073 4985 ⁸595.

359 5062 439 5183 (ia)
470 5059 740 5183 Mss.1guo
768 5062 823 5113 et
850 5057 934 5113 ed.
979 5056 1132 5122 Bad.,
1168 5056 1523 5126 apophoritam
1542 5095 1556 5120 ,
1587 5053 1859 5109 mendose.

359 5146 426 5183 te
455 5146 523 5183 no
551 5169 567 5183 .
676 5168 689 5181 .

289 5131 426 5185 Vide
455 5137 567 5184 not.
602 5130 689 5183 19.

361 5199 436 5268 (ὁ)
467 5198 564 5254 Ms.
600 5198 755 5253 Vien.
800 5196 944 5251 addit
971 5198 1089 5250 tuis.
1131 5193 1213 5268 ita
1247 5208 1386 5262 stupe
1428 5191 1698 5268 Paulinus.
1732 5191 1864 5247 Vide

289 5286 347 5324 ιι.
369 5261 656 5337 111ιιὶυδςθ
684 5268 839 5337 epist.
871 5274 925 5337 et
952 5280 1118 5320 carm.
1149 5263 1238 5327 52,
1266 5261 1401 5337 vers.
1433 5261 1553 5337 599_.

362 5339 432 5407 (c)
482 5331 561 5392 lia
610 5331 733 5392 ms:
755 5336 1245 5407 Bigotianusunus.
1277 5331 1487 5407 Optima
1530 5333 1710 5407 lectio,
1741 5346 1857 5399 qua:

288 5401 635 5462 confirmatur
657 5422 725 5462 ex
748 5401 904 5475 epist.
935 5404 1002 5458 15
1031 5404 1096 5458 ad
1126 5402 1543 5475 Pammachium,
1572 5418 1627 5455 n.
1656 5401 1708 5465 2,
1737 5411 1791 5453 ut
1804 5409 1860 5475 te

289 5479 511 5547 spiritali
538 5478 683 5531 aditu
720 5470 1004 5547 viiitgrem,
1024 5482 1078 5529 et
1104 5474 1262 5547 epist.
1292 5472 1350 5525 11
1388 5473 1453 5547 ad
1480 5473 1689 5537 Seven,
1722 5487 1773 5525 n.
1804 5470 1861 5536 5,

290 5542 383 5602 nos
412 5549 593 5601 litteris
620 5547 798 5601 adeas.
828 5544 1008 5600 Ceteri
1038 5542 1275 5606 codices,
1304 5542 1501 5594 audire.

360 5621 435 5686 (ά)
464 5617 555 5674 Sic
580 5634 707 5673 mss.
737 5616 971 5672 codices.
1001 5614 1069 5667 At
1097 5612 1245 5679 editi,
1268 5610 1586 5681 spiritaliter.

2035 5060 2107 5141 (ε)
2138 5060 2215 5141 Ita
2243 5060 2506 5141 mss.uduo
2529 5060 2642 5141 Dig.
2669 5070 2723 5116 et
2742 5062 2872 5141 edit.
2898 5064 3100 5120 Bened.
3132 5066 3376 5141 et_Grav.
3410 5069 3542 5126 Vitle

1965 5131 2120 5197 epist.
2157 5130 2247 5197 51,
2277 5147 2329 5184 ιι.
2362 5129 2414 5183 5.
2445 5129 2701 5186 Similiter
2736 5132 2886 5199 juxta
2936 5150 3059 5188 mss.
3094 5137 3325 5201 codices,
3357 5154 3541 5208 exspe-

1964 5209 2104 5276 ctare
2124 5216 2221 5269 pro
2259 5209 2506 5276 spectare,
2530 5209 2585 5276 et
2610 5212 3056 5276 exspectatqr_pi‘_0
3084 5214 3357 5273 spectator,
3404 5225 3545 5276 Siupe

1965 5268 2158 5337 sacpius
2181 5268 2323 5338 apud
2346 5268 2858 5338 Augustinum'tom.
2890 5268 2977 5328 ΝΖ
3010 5268 3139 5327 Item
3165 5276 3215 5328 in
3240 5268 3407 5330 veteri
3432 5268 3544 5330 ver-

1963 5338 2114 5413 sione
2146 5337 2333 5413 Latina
2352 5337 2628 5413 Passionis
2643 5339 2737 5395 SS.
2755 5341 3053 5413 Martyrum
3094 5343 3335 5409 Taracbi,
3385 5344 3541 5399 Prolti

1969 5420 2021 5462 et
2049 5407 2355 5473 Andronici,
2386 5423 2506 5478 pag.
2537 5408 2633 5463 261
2670 5419 2723 5465 et
2750 5410 2853 5465 268
2892 5407 3020 5467 edit.
3048 5413 3220 5481 Bigot.
3251 5407 3386 5467 Ante
3415 5424 3541 5468 erat

1971 5488 2301 5537 spectatores.

2043 5551 2109 5618 (f)
2141 5548 2259 5603 Mss.
2290 5548 2375 5611 14,
2402 5549 2543 5604 inter
2569 5565 2701 5619 quos
2724 5548 2834 5605 duo
2865 5551 2999 5621 Big.,
3033 5552 3295 5607 bonitatis.
