4020 6186
432 231 536 288 179

1546 227 1602 286 S.
1644 228 1914 307 PAULle
1955 228 2201 286 NOLANl
2240 231 2541 289 EPISCOPI

3569 232 3672 292 180

430 350 620 397 nueret
647 342 816 411 gratia
840 342 939 405 Dei
963 357 1058 413 per
1084 343 1369 399 Dominum
1392 352 1627 398 nostrum
1648 344 1827 400 Jesum
1851 343 2005 398 Chri-
2032 348 2081 405 Α
2106 346 2162 401 Si
2192 346 2328 402 forte
2355 349 2541 403 eadem
2568 345 2637 402 de
2660 345 3048 404 venerabilibus
3075 356 3131 404 et
3151 348 3526 406 amantissimis
3551 349 3683 407 viris

430 443 588 499 stum,
622 441 681 487 ut
705 434 865 487 etiam
896 434 948 487 in
970 448 1130 489 carne
1154 432 1344 488 faciem
1368 440 1515 487 tuam
1542 433 1863 488 videremus.
1887 432 2004 485 Non

431 523 601 577 solum
657 522 936 577 desideriis
979 523 1176 578 nostris
1215 536 1465 591 magnum
1506 522 1841 577 conferretur
1877 535 2005 590 gau-

434 611 609 673 dium,
642 610 737 665 sed
762 611 923 665 ctiam
952 612 1219 666 mentibus
1246 612 1423 665 lumen
1461 618 1818 674 accresceret,
1850 617 1906 662 et
1938 623 2005 661 ex

434 711 524 758 tua
553 704 706 771 copia
735 703 1151 772 locupletaretur
1178 703 1355 772 inopia
1385 712 1586 758 nostra.
1610 700 1761 767 Quod
1789 699 2004 767 quidem

434 804 490 850 et
516 796 825 850 absentibus
845 796 1023 864 largiri
1055 803 1229 865 potes,
1259 795 1358 849 hac
1378 793 1670 863 praesertim
1700 791 2001 855 occasione,

435 903 540 955 qua
570 886 661 941 lilii
693 888 860 941 nostri
889 887 1187 953 unanimes,
1228 894 1285 941 et
1324 885 1582 941 carissimi
1622 883 1774 937 nobis
1804 883 1855 937 in
1893 882 2004 936 Do-

436 977 604 1044 mino,
633 976 906 1032 Romanus
933 985 990 1032 et
1017 977 1198 1045 Agilis,
1220 992 1356 1046 quos
1383 983 1442 1031 ut
1469 991 1566 1030 nos
1595 975 1670 1045 (a)
1690 974 1889 1028 alteros
1909 972 2006 1026 tibi

435 1066 889 1131 commendamus,
913 1066 966 1120 in
988 1067 1202 1122 nomine
1228 1065 1439 1120 Domini
1466 1072 1818 1128 revertentur,
1842 1076 2007 1132 opere

436 1156 671 1210 caritatis
699 1155 916 1225 impleto
942 1172 957 1220 ;
989 1156 1041 1210 in
1069 1163 1298 1223 quotum
1320 1154 1554 1209 caritatis
1575 1152 1768 1208 aﬂectu
1794 1152 2002 1222 specia-

438 1241 556 1297 liter
584 1250 820 1306 utantur,
851 1257 1122 1312 rogamus.
1151 1244 1257 1313 32
1302 1243 1452 1298 Nosti
1492 1242 1634 1310 enim
1666 1256 1826 1311 quam
1864 1242 2005 1297 celsa

436 1335 713 1403 promittat
752 1334 1051 1389 Altissimus
1096 1333 1244 1388 fratri
1284 1333 1501 1388 fratrem
1531 1332 1802 1401 adjuvanti
1827 1341 1873 1386 ι.
1904 1331 2009 1386 Per

436 1423 558 1489 hos,
585 1424 627 1478 si
650 1440 756 1493 quo
779 1440 863 1479 me
888 1424 1070 1493 gratiae
1098 1440 1216 1493 quae
1244 1424 1339 1478 tibi
1364 1424 1488 1477 data
1525 1432 1628 1488 est,
1655 1423 1796 1478 dono
1823 1437 2005 1477 remu-

2106 456 2201 509 per
2254 440 2475 494 aliarum
2517 440 2774 494 adventus
2813 440 3030 493 navium
3076 440 3403 510 comperisti,
3452 456 3553 510 per
3585 456 3684 497 nos

2105 530 2269 585 etiam
2310 531 2533 600 repetita
2574 531 2786 599 accipe,
2824 538 2880 584 et
2922 530 3073 600 quasi
3113 539 3371 585 renovata
3416 532 3687 587 hilaritate

2104 637 2285 676 rursus
2298 622 2521 676 exsulta.
2541 622 2693 687 Quod
2712 622 2755 676 si
2777 622 2976 691 primus
3001 622 3087 676 hic
3114 638 3144 675 a
3168 623 3322 677 nobis
3344 623 3438 677 tibi
3466 624 3687 680 nuntius

2104 712 2309 775 venirt,
2337 712 2605 778 gratulare
2641 719 2840 764 tantam
2890 711 3042 766 nobis
3072 712 3123 764 in
3153 719 3242 765 tua
3290 713 3460 781 patria
3491 713 3687 767 carita-

2103 809 2210 855 tem
2234 841 2251 866 ,
2278 799 2489 854 Christo
2535 799 2787 861 donante,
2821 799 2900 869 (ά)
2935 808 3171 869 partam,
3204 806 3261 853 ut
3296 800 3551 869 quidquid
3581 800 3688 856 illic

2103 892 2281 947 divina
2316 890 2645 960 providentia
2681 899 2860 959 gerat,
2890 890 3141 945 mirabilis
3176 906 3423 960 semper,
3462 899 3523 945 ut
3557 890 3687 946 scri-

2104 989 2252 1049 ptum
2277 987 2379 1046 est,
2408 981 2462 1034 in
2492 981 2684 1034 sanctis
2705 981 2811 1034 suis
2842 990 2889 1048 ο,
2919 980 3007 1036 vel
3034 980 3211 1051 primi,
3240 982 3327 1036 vel
3347 996 3469 1038 cum
3499 981 3689 1052 primis

2105 1070 2355 1125 sciamus.

2174 1158 2228 1214 2.
2268 1159 2385 1214 Non
2414 1168 2591 1214 autem
2619 1166 2826 1214 tantum
2855 1159 2959 1214 hoc
2986 1158 3264 1215 scribimus
3290 1158 3685 1227 gratulandum,

2105 1251 2249 1321 quod
2289 1251 2654 1319 episcopatum
2696 1250 3022 1319 Augustinus
3069 1251 3365 1320 acceperit;
3407 1250 3499 1306 sed
3543 1251 3691 1321 quod

2106 1341 2245 1395 hanc
2296 1339 2389 1394 Dei
2443 1354 2624 1394 curam
2663 1340 2954 1393 meruerint
3008 1338 3267 1393 Africanus
3311 1337 3585 1406 Ecclesiae,
3634 1342 3692 1394 ut

2105 1432 2268 1486 verba
2296 1430 2533 1486 ccelestia
2561 1429 2841 1498 Augustini
2869 1444 2964 1485 ore
2982 1430 3346 1499 perciperent;
3376 1429 3468 1498 qui
3488 1429 3560 1484 ad
3586 1414 3693 1484 ma;

436 1516 612 1569 nerari
638 1516 808 1580 voles,
839 1524 954 1570 tuto
1001 1514 1182 1572 facies.
1214 1515 1351 1570 Sunt
1392 1515 1531 1569 enim
1551 1556 1567 1582 ,
1596 1515 1753 1569 velim
1784 1514 2003 1581 credas,
2100 1521 2274 1591 jorem
2303 1521 2555 1576 dominici
2595 1521 2833 1575 muneris
2868 1521 3095 1589 gratiam
3127 1535 3267 1575 novo
3301 1535 3451 1576 more
3491 1534 3691 1590 prove-

438 1619 599 1659 unum
631 1622 725 1675 cor
744 1615 807 1661 et
834 1621 939 1661 una
968 1606 1245 1661 nobiscum
1270 1607 1322 1660 in
1352 1605 1578 1660 Domino
1608 1605 1784 1658 anima
1806 1603 1853 1657 ιι.
1880 1605 2008 1659 Gra-

2107 1620 2246 1677 ctus,
2276 1612 2349 1665 ita
2378 1617 2722 1666 consecratus
2749 1616 2849 1672 est,
2882 1616 2940 1663 ut
2962 1624 3068 1664 non
3096 1608 3405 1664 succederet
3425 1610 3477 1662 in
3508 1608 3692 1664 cathe-

437 1695 510 1746 tia
539 1693 635 1748 Dei
661 1702 857 1759 tecum.
888 1703 947 1750 ιιι
973 1703 1087 1760 est,
1122 1696 1175 1750 in
1201 1702 1456 1750 aeternum
1486 1701 1723 1758 maneat.
1769 1694 1933 1748 frater
1956 1694 2011 1748 in
2047 1698 2085 1755 Β
2112 1701 2207 1754 dra
2234 1700 2487 1770 episcopo
2507 1738 2522 1765 ,
2552 1699 2645 1753 sed
2684 1698 2983 1754 accederet.
3027 1697 3160 1751 Nam
3196 1696 3447 1752 incolumi
3475 1697 3691 1752 Valerio

436 1783 653 1839 Christo
698 1784 923 1840 Domino
964 1786 1231 1847 unanime,
1283 1783 1615 1845 venerabilis,
1645 1783 2005 1848 dilectissime,

437 1880 493 1925 et
539 1872 919 1928 desiderabilis.
960 1872 1156 1929 Omnes
1197 1875 1250 1928 in
1292 1872 1504 1947 Christo
1544 1879 1780 1936 sanctos,
1822 1873 2010 1941 quales

437 1962 531 2015 tibi
560 1963 832 2018 cohaerere
860 1980 966 2018 non
996 1964 1210 2019 dubium
1244 1970 1346 2029 est,
1376 1978 1406 2017 a
1434 1962 1587 2017 nobis
1618 1963 1810 2017 saluta.
1841 1962 2006 2017 Com-

435 2052 627 2106 menda
674 2067 773 2106 nos
816 2053 1063 2110 omnibus
1105 2054 1336 2119 sanctis,
1380 2060 1439 2105 ut
1482 2059 1659 2106 tecum
1703 2067 1802 2122 pro
1848 2053 2004 2108 nobis

436 2157 592 2198 orare
611 2142 913 2212 dignentur.

742 2279 1069 2336 EPISTOLA
1106 2279 1265 2335 XXXI
1309 2283 1412 2352 (At.
1446 2280 1679 2350 XXXIV)

648 2388 921 2427 AUGUSTI!"
956 2388 1024 2426 AD
1064 2388 1322 2427 PAULINUI
1363 2389 1429 2427 ET
1471 2388 1788 2427 THERASIAI.

434 2459 745 2532 Augustinus
768 2460 990 2532 Paulina
1018 2479 1108 2530 pro
1138 2462 1371 2532 secundis
1400 2462 1580 2514 litteris
1601 2461 1664 2532 ab
1691 2478 1751 2532 eo
1791 2463 2003 2532 receptis

503 2529 639 2599 grati
662 2532 820 2602 animi
858 2529 1151 2601 obsequium
1173 2530 1393 2602 exhibet,
1419 2547 1565 2602 seque
1602 2529 1804 2583 Valerio
1833 2529 2005 2599 coepi-

501 2598 710 2668 scopum
752 2598 1135 2669 Hipponensem
1178 2598 1492 2669 ordinatum'
1529 2616 1639 2653 esse
1680 2598 2003 2667 renuntians,

499 2677 710 2754 eaioptat
730 2678 784 2751 ut
814 2668 865 2721 in
891 2669 1120 2739 Africam
1130 2668 1378 2754 traiicere
1397 2672 1505 2751 ipse
1527 2670 1659 2733 velit,
1682 2686 1867 2754 magno
1889 2685 2005 2723 cum

503 2737 601 2790 sibi
628 2739 835 2801 solatio,
860 2737 965 2791 tum
990 2740 1169 2792 ceteris
1189 2737 1497 2792 Christianis
1522 2740 1752 2809 exemplo
1771 2737 1999 2809 futurus.

506 2848 677 2919 (lianc
729 2850 1029 2919 epistolam,
1084 2850 1130 2904 si
1172 2850 1366 2919 placet,
1413 2850 1607 2919 legesis
1654 2850 1794 2905 inter
1840 2865 2002 2921 opera

431 2940 489 2996 ὃ.
521 2941 818 3010 Augustini,
862 2950 1059 2997 nostra:
1100 2942 1417 3010 Patrologiaa
1460 2949 1607 2997 tomo
1636 2940 1863 3007 XXXIII,
1893 2943 1997 2998 col.

432 3031 709 3103 tsi—125.)

966 3123 1296 3179 EPISTOLA
1325 3127 1343 3146 '
1363 3123 1472 3178 V11.

431 3215 539 3283 36
583 3215 662 3266 Ad
714 3213 1093 3267 Romanianum
1138 3214 1385 3277 scribens,
1425 3214 1714 3283 gratulatur
1758 3213 2006 3269 Ecclesia:

504 3284 825 3352 Hipponensi
852 3283 985 3353 quod
1009 3283 1348 3352 Augustinum
1375 3285 1558 3335 meruit
1584 3282 1827 3353 Episwpi
1849 3285 2003 3338 colle-

499 3369 636 3423 gum.

498 3440 724 3495 Domino
768 3439 962 3494 merito
1006 3438 1354 3508 praedicabili,
1407 3447 1461 3493 et
1498 3439 1810 3495 honorando
1854 3440 2005 3495 fratri

709 3507 1039 3573 Romsuxo,
1070 3507 1330 3563 Pwuxus
1358 3517 1413 3563 et
1439 3508 1720 3563 THERASIA.

497 3599 550 3654 1.
590 3598 766 3653 Pridie
802 3614 961 3667 quam
1010 3600 1105 3653 has
1136 3598 1412 3663 daremus,
1462 3598 1689 3653 reversis
1725 3614 1790 3653 ex
1829 3598 2004 3654 Africa

429 3690 676 3743 fratribus
715 3688 910 3743 nostris
945 3703 1170 3759 quorum
1207 3688 1604 3757 exspectatione
1644 3704 1740 3743 nos
1775 3687 2007 3757 pendere

430 3778 620 3842 vidisti,
653 3779 983 3848 Optatis~ime
1010 3786 1313 3833 sanctorum
1350 3786 1406 3832 et
1441 3778 1834 3832 carissimorum
1862 3779 2004 3832 viro~

428 3884 581 3935 rum,
635 3868 757 3922 inde
810 3868 1065 3937 epistolas
1106 3884 1495 3937 receperamus,
1547 3867 1598 3922 id
1652 3876 1734 3922 est
1783 3867 2001 3933 Aurelii,

426 3959 619 4029 Alypii,
650 3958 946 4026 Augustini,
975 3957 1047 4025 (ὁ)
1081 3956 1347 4010 Profuturi
1382 3956 1475 4026 (V.
1506 3964 1617 4010 not.
1649 3957 1772 4027 2‘2),
1807 3959 1877 4028 (ο)
1902 3958 2002 4013 Se-

427 4047 539 4100 veri
570 4047 587 4113 (
603 4046 663 4099 V.
696 4054 808 4100 not.
836 4044 925 4113 25)
944 4086 958 4109 ,
984 4045 1095 4113 jam
1117 4046 1353 4097 omnium
1380 4045 1580 4113 pariter
1606 4046 1999 4114 episcoporum.

428 4136 566 4203 Ergo
595 4143 673 4189 tot
704 4144 1009 4188 sanctorum
1038 4133 1223 4185 talium
1260 4132 1636 4186 recentissimis
1671 4136 2005 4191 sermonibus

425 4224 768 4291 gratulantes,
799 4222 1201 4292 properavimus
1229 4223 1297 4276 ad
1335 4230 1654 4277 tenostram
1688 4224 1887 4279 referre
1915 4226 2004 4279 lse-

427 4316 617 4377 Ilitiam,
645 4322 702 4368 ut
733 4314 825 4367 tibi
855 4328 1068 4381 quoque
1095 4322 1459 4381 exspectatum
1489 4313 1541 4366 in
1575 4315 2005 4383 peregrinatione

2110 1789 2466 1859 Hipponensis
2508 1786 2758 1842 Ecclesiae
2792 1787 2861 1856 (e)
2891 1786 3242 1857 coepiscopus
3283 1785 3382 1858 (V.
3434 1794 3555 1840 not.
3589 1785 3691 1854 24)

2109 1879 2432 1948 Augustinus
2458 1886 2559 1933 est.
2591 1876 2657 1933 Et
2682 1877 2769 1932 ille
2794 1876 2985 1931 beatus
3011 1890 3174 1931 senex
3192 1915 3208 1941 ,
3236 1876 3321 1932 cui
3350 1876 3691 1946 purissimam

2109 1977 2340 2023 mentem
2370 1968 2514 2023 nulla
2543 1981 2776 2037 unquam
2806 1966 3016 2021 liventis
3043 1966 3253 2021 invidia:
3291 1966 3497 2021 macula
3527 1965 3689 2021 sallu-

2108 2056 2204 2121 dit,
2233 2056 2421 2124 dignos
2444 2056 2524 2110 sui
2552 2055 2727 2110 cordis
2762 2069 2895 2124 pace
2923 2069 3064 2109 nunc
3090 2054 3157 2108 ab
3186 2053 3456 2109 Altissimo
3487 2054 3692 2110 fructus

2108 2145 2270 2213 capit,
2298 2152 2386 2210 ut,
2417 2158 2574 2212 quem
2606 2158 2972 2199 successorem
3008 2142 3295 2199 sacerdotii
3323 2144 3406 2198 sui
3445 2144 3514 2214 (Γ)
3559 2145 3689 2199 sim-

2106 2233 2315 2302 pliciter
2338 2233 2584 2302 optabat,
2619 2232 2762 2288 hunc
2787 2232 2860 2303 (g)
2892 2240 3160 2287 mereatur
3189 2240 3374 2288 tenere
3403 2234 3686 2303 collegam.

2106 2325 2333 2380 Credine
2378 2325 2482 2380 hoc
2529 2325 2738 2395 potuit,
2781 2332 3069 2392 antequam
3118 2323 3312 2379 fieret?
3351 2323 3457 2378 Sed
3496 2325 3551 2378 in
3590 2325 3690 2379 hoe

2008 2410 2015 2417 ’
2105 2430 2319 2486 quoque
2364 2412 2755 2484 Omnipotentis
2809 2428 2971 2483 opere
3013 2413 3116 2467 dici
3161 2413 3526 2482 evangelicum
3562 2411 3689 2467 illud

2106 2506 2208 2576 37
2235 2513 2416 2576 potest
2448 2523 2459 2558 :
2491 2503 2798 2559 Hominibus
2827 2504 2934 2559 hinc
2958 2504 3141 2569 ardua,
3168 2505 3307 2574 apud
3337 2502 3501 2558 Deum
3521 2514 3689 2558 autem

2106 2598 2277 2653 omnia
2314 2596 2579 2667 possibilia
2601 2595 2647 2648 ά.
2676 2593 3010 2651 Exsultemus
3039 2594 3217 2663 itaque
3255 2603 3311 2649 et
3349 2594 3594 2650 laitemur
3635 2596 3688 2651 in

2105 2703 2172 2744 eo
2213 2689 2300 2759 qui
2338 2689 2463 2759 facit
2507 2685 2766 2741 mirabilia
2813 2684 2951 2740 solus
2989 2697 3032 2751 δ’,
3057 2692 3112 2739 et
3145 2686 3229 2757 qui
3260 2686 3385 2756 facit
3418 2689 3687 2743 unanimes

2105 2780 2337 2835 habitare
2364 2782 2419 2834 in
2434 2779 2584 2833 domo
2611 2777 2630 2815 τ
2640 2820 2655 2846 ,
2677 2777 2927 2847 quoniam
2944 2777 3057 2848 ipse
3079 2777 3311 2847 respexit
3333 2771 3686 2834 humilitatem

2105 2879 2363 2935 nostram,
2386 2880 2440 2924 et
2468 2870 2701 2925 visitavit
2729 2869 2781 2923 in
2808 2868 2952 2924 bono
2980 2868 3190 2937 plebem
3219 2870 3498 2937 suam,qui
3524 2872 3687 2923 erexit

2102 2976 2263 3013 cornu
2306 2960 2361 3012 in
2402 2959 2552 3014 domo
2598 2956 2767 3011 David
2812 2956 2957 3027 pueri
3001 2958 3081 3011 sui
3110 2964 3237 3025 B,et
3264 2973 3405 3013 nunc
3431 2959 3683 3013 exaltavit

2026 3052 2072 3113 C
2104 3066 2271 3106 cornu
2300 3049 2550 3104 Ecclesiae
2570 3060 2679 3103 suae
2706 3046 2762 3102 in
2783 3047 2969 3102 electis
2990 3046 3118 3112 suis,
3136 3054 3196 3101 ut
3222 3062 3422 3102 cornua
3446 3054 3693 3117 peccato-

2103 3157 2220 3194 rum
2241 3180 2256 3204 ,
2290 3141 2426 3194 sicut
2452 3153 2549 3207 per
2573 3137 2888 3207 prophetam
2916 3136 3172 3207 spondet,
3204 3136 3307 3193 hoc
3324 3144 3436 3203 est,
3467 3135 3691 3192 Donati-

2102 3241 2305 3287 starum
2327 3230 2842 3295 Manichaaorumque
2867 3226 3167 3295 confringat
3194 3225 3242 3281 ὶι.
3598 3244 3602 3248 “

2173 3320 2226 3373 3.
2271 3317 2482 3373 Utinam
2510 3318 2623 3371 haec
2662 3331 2803 3371 nunc
2830 3315 3039 3371 Domini
3067 3317 3212 3381 tuba,
3248 3331 3352 3387 qua
3385 3332 3481 3388 per
3508 3316 3684 3385 Augu«

2103 3410 2300 3464 stinum
2332 3408 2559 3471 intonat,
2617 3406 2709 3460 lilii
2752 3406 2921 3460 nostri
2962 3404 3187 3460 Licentii
3218 3406 3392 3475 pulset
3440 3407 3681 3473 auditus;

2104 3501 2195 3555 sed
2229 3510 2285 3555 ut
2308 3500 2395 3554 illa
2442 3499 2622 3553 audiat
2655 3513 2811 3563 aure,
2842 3512 2946 3566 qua
2990 3497 3235 3553 Christus
3263 3497 3591 3566 ingreditur,
3622 3498 3686 3553 de

2104 3610 2210 3664 qua
2231 3611 2336 3650 non
2365 3594 2505 3662 rapit
2534 3593 2627 3647 Dei
2654 3607 2835 3646 semen
2881 3591 3126 3647 inimicus
3161 3590 3202 3643 ί.
3245 3589 3392 3645 Tunc
3420 3606 3547 3645 vere
3584 3591 3685 3647 sibi

2103 3699 2341 3741 summus
2360 3682 2559 3737 Christi
2587 3682 2825 3751 pontifex
2859 3680 3182 3749 Augustinus
3224 3680 3512 3745 videbitur,
3560 3681 3684 3749 quia

2105 3785 2231 3828 tunc
2257 3788 2316 3828 se
2343 3781 2398 3826 et
2423 3771 2730 3825 exauditum
2759 3770 2953 3825 sentiet
2973 3770 3040 3824 ab
3065 3769 3312 3835 Excelso,
3333 3770 3375 3823 si
3398 3785 3557 3837 quem
3591 3771 3685 3826 tibi

2103 3866 2317 3932 dignum
2343 3863 2527 3931 genuit
2555 3863 2606 3916 in
2636 3861 2847 3927 litteris,
2869 3862 3011 3916 hunc
3030 3869 3084 3915 et
3103 3862 3201 3915 sibi
3219 3861 3375 3929 digne
3402 3860 3563 3914 filiuni
3585 3877 3684 3931 pa-

2104 3956 2207 4010 riat
2245 3956 2298 4008 in
2326 3953 2559 4008 Christo.
2596 3952 2727 4007 Nam
2759 3961 2813 4007 et
2841 3968 2999 4017 nunc,
3031 3952 3188 4006 velim
3220 3952 3428 4021 credas,
3454 3952 3683 4022 ﬂagran-

2106 4045 2311 4099 tissima
2341 4042 2407 4098 de
2437 4042 2553 4112 ipso
2584 4043 2736 4096 nobis
2764 4043 3124 4097 sollicitudine
3147 4043 3380 4113 scripsit.
3409 4043 3684 4099 Credimtis

2105 4135 2158 4189 in
2188 4135 2605 4203 omnipotentem
2629 4133 2925 4198 Christum,
2957 4134 3099 4202 quod
3129 4134 3486 4190 adolescentis
3516 4136 3684 4195 nostri

2106 4224 2249 4277 votis
2270 4222 2569 4278 carnalibus
2596 4221 2851 4291 spiritalia
2879 4230 3003 4275 vota
3032 4221 3307 4288 Augustini
3339 4224 3678 4292 prmvaleant.

2104 4314 2361 4368 Vincetur
2402 4312 2486 4366 vel
2534 4311 2748 4377 invitus,
2798 4311 2926 4365 mihi
2966 4310 3158 4375 crede,
3190 4312 3431 4366 Vincetur
3458 4314 3687 4380 piissimi

424 4403 651 4458 sollicita
690 4402 938 4471 gaudium
979 4401 1322 4456 festivissimis
1365 4401 1726 4458 conferremus
1772 4404 1998 4459 indiciis.
2030 4396 2078 4454 D
2106 4404 2340 4473 parentis
2369 4400 2470 4456 fide
2490 4439 2505 4467 ,
2537 4415 2605 4455 ne
2631 4401 2769 4453 mala
2792 4399 3014 4455 victoria
3042 4401 3249 4468 vincat,
3285 4402 3331 4456 si
3358 4402 3605 4457 maluerit
3626 4404 3681 4457 in

496 4545 520 4571 α
550 4533 708 4589 Prov.
742 4550 903 4597 XVIII,
949 4534 1033 4589 19.
1112 4532 1138 4571 δ
1170 4533 1287 4587 Act.
1333 4549 1402 4595 Iv,
1434 4530 1520 4585 δί.
1602 4542 1624 4572 ο
1658 4531 1799 4586 Psal.
1834 4549 1973 4587 van
1998 4574 2012 4596 ,
2042 4532 2131 4587 36.
2209 4530 2445 4585 dMatth.
2481 4547 2589 4591 xxx,
2619 4530 2716 4596 26;
2756 4529 2920 4584 Marc.
2972 4547 3024 4597 ιι,
3072 4529 3175 4597 27;
3225 4531 3353 4585 Luc.
3396 4549 3540 4597 XVIII,
3585 4533 3677 4590 27.

427 4618 447 4641 ε
482 4605 621 4657 Psal.
660 4620 803 4670 LXXI,
839 4603 923 4657 18.
1007 4604 1023 4641 τ
1060 4602 1199 4657 Psal.
1233 4619 1392 4666 van,
1425 4602 1477 4663 7,
1509 4617 1616 4657 sec.
1666 4601 1830 4657 Psalt.
1864 4602 2021 4658 lium.
2098 4613 2123 4651 ιι
2156 4602 2282 4657 Luc.
2316 4618 2375 4669 I,
2405 4600 2492 4655 69.
2568 4600 2595 4637 ιι
2619 4600 2760 4656 Psal.
2800 4598 2976 4665 LXXIiI,
3022 4600 3105 4653 l1.

424 4675 588 4729 Marc.
616 4691 686 4738 Iv,
718 4673 780 4740 4;
815 4672 941 4728 Luc.
966 4691 1075 4739 VIII,
1114 4673 1165 4727 5.

3192 4600 3205 4638 ί
3240 4600 3429 4655 Matth.
3470 4620 3585 4669 XIII,
3610 4604 3675 4670 1;

499 4809 510 4823 °
542 4802 687 4857 Alias
716 4802 813 4865 46,
854 4818 978 4869 pars
1006 4802 1028 4855 1
1054 4820 1067 4866 ;
1110 4816 1227 4870 qua:
1268 4810 1443 4856 autem
1466 4802 1495 4853 7
1526 4809 1677 4867 erat,
1708 4817 1845 4856 nunc
1873 4800 1959 4854 Ἠ.
1996 4800 2203 4871 Scripta
2231 4814 2373 4856 anno
2400 4799 2528 4855 596.

495 4933 1281 5017 (?)¥SS;4"0“is-~A‘iot-..
1336 4967 1341 4972 ν
1453 5003 1511 5015 ..
1572 5002 1605 5017 ..

495 5001 568 5073 (b)
602 5003 912 5073 Profuturus
932 5004 976 5056 is
996 5018 1114 5058 esse
1143 5004 1352 5057 videtur
1374 5004 1466 5073 qui
1498 5003 1550 5057 in
1572 5002 1708 5057 libro
1738 5001 1793 5057 S.
1828 5004 2004 5073 Augu-

422 5071 642 5128 stinide
670 5071 836 5127 Unico
856 5071 1127 5142 Baptismo
1156 5082 1343 5127 contra
1373 5071 1552 5138 Petil.,
1574 5088 1621 5127 c.
1650 5074 1733 5135 16,
1758 5071 2005 5127 laudatur

422 5145 675 5199 Cirtensis
698 5143 999 5212 episcopus,
1041 5149 1095 5197 et
1135 5143 1203 5197 ad
1244 5158 1399 5212 quem
1424 5143 1625 5212 directa
1655 5152 1737 5197 est
1764 5142 2001 5209 ejusdem

422 5211 963 5295 Altglls‘lllljvgplSlgl?
993 5212 1203 5295 2584,31.
1445 5211 1675 5295 Evodius
1703 5213 1915 5295 demum
1947 5213 2000 5288 in

421 5281 647 5353 i-piStola
672 5282 791 5345 158,
815 5282 917 5336 n.9
939 5282 1029 5350 (al.
1054 5282 1181 5350 258)
1202 5323 1216 5346 ,
1249 5282 1388 5335 inter
1415 5281 1669 5350 epistolas
1700 5281 1994 5350 Augustini,

422 5352 763 5407 Profuturum
793 5367 952 5419 quem
982 5352 1108 5405 olim
1138 5350 1189 5404 in
1213 5352 1537 5404 monasterio
1562 5361 1799 5412 noverat,
1834 5366 2000 5419 appa-

422 5373 763 5407 I'I'OIUIUI'UI'II
793 5373 952 5419 QUCIII
982 5373 1108 5405 011111
1138 5373 1189 5404 111
1214 5373 1537 5404 ΙιιυιιὶιδιυιΊυ
1563 5373 1799 5412 IIUVCI'HI,
1834 5373 1996 5419 appa-

422 5425 589 5477 ruisse
619 5423 717 5475 sibi
747 5437 843 5489 per
866 5421 1153 5485 somnium,
1180 5428 1235 5474 et
1262 5419 1497 5474 futurum
1526 5420 1720 5488 aliquid
1752 5436 1996 5489 preenun-

422 5494 600 5554 tiasse,
624 5494 803 5546 refert.
832 5491 945 5545 Vltl.
980 5499 1090 5543 not.
1112 5489 1200 5541 2'2.

493 5561 565 5631 (e)
587 5560 761 5616 Severi
789 5560 1075 5616 Milevitani
1112 5556 1360 5614 antistitis
1381 5597 1395 5625 ,
1426 5557 1490 5613 de
1524 5573 1628 5627 quo
1668 5557 1995 5627 Augustinus

2111 4933 2387 5015 cpislt‘._§1,
2418 4949 2470 5015 n_.
2501 4933 2534 4987 9
2560 4932 2656 5015 La].
2685 4932 2842 5015 epist.
2865 4930 2975 5002 34).
3011 4931 3127 5015 Yid.
3153 4941 3267 4989 not.
3297 4932 3387 4988 25.

2201 5005 2254 5071 d)
2279 5003 2404 5058 Mss.
2430 5003 2536 5057 duo
2560 5003 2842 5071 Bigotiani,
2873 5011 3126 5072 paratam.

2197 5073 2248 5154 ε)
2291 5072 2428 5154 Editi
2458 5070 2743 5154 addebant,
2792 5071 3250 5154 επῇεεορρηᾙειιιρ
3297 5088 3512 5154 vocem,
3558 5091 3674 5154 qua:

2103 5141 2254 5197 abest
2304 5158 2333 5223 ιι
2382 5142 2589 5196 duobus
2634 5157 2760 5195 mss.
2809 5141 2922 5210 Big.
2973 5141 3145 5196 Vatic.
3202 5142 3254 5205 4,
3305 5142 3433 5197 edit.
3473 5141 3672 5199 Ben‘ed.

2101 5226 2472 5282 expunXImus.

2173 5276 2241 5353 if)
2263 5280 2368 5353 ,δίο
2390 5296 2515 5353 "353.-
2545 5279 2699 5353 δορᾷ*
2732 5278 2900 5353 Vinic-
2931 5276 2965 5330 4
2991 5277 3185 5353 θὶΒῙΒ·
3218 5278 3270 5345 2,
3303 5281 3672 5337 consentiente

2101 5348 2231 5405 edit.
2263 5350 2463 5405 Bened.
2494 5348 2549 5402 ln
2580 5348 2697 5403 aliis
2716 5349 2871 5414 edit.,
2902 5348 3215 5417 suppliciter.

2168 5420 2242 5491 (g)
2273 5420 2349 5475 lta
2378 5436 2501 5476 mss.
2527 5419 2696 5475 Vatic.
2729 5417 2759 5472 1
2783 5426 2836 5474 et
2860 5416 3215 5474 edit.’Bencd.
3240 5418 3416 5476 Ceteri
3440 5419 3670 5490 codices,

2098 5501 2394 5547 mereretur.
