3966 6184
261 264 361 320 181

1639 267 1968 326 EPISTOLA
1999 271 2132 325 V'lll.

3428 266 3529 324 182

255 384 542 452 perniciem
570 399 724 440 suam
760 387 1010 450 vincere,
1047 401 1206 455 quam
1239 401 1336 456 pro
1370 384 1542 442 salute
1573 383 1833 454 superari.
1865 384 1915 440 A
2014 382 2063 434 2.
2107 382 2202 437 Sat
2226 382 2332 437 hoc
2360 383 2577 438 monitis
2617 390 2672 436 et
2700 382 2954 436 hortatui.
3001 381 3209 437 Modico
3234 381 3377 437 enim
3407 395 3526 437 ser-

256 474 329 528 Ne
359 490 584 530 vacuum
610 473 862 530 fraterna:
891 477 1237 530 humanitatis
1264 476 1498 531 officium
1535 475 1834 537 videretur,

253 565 318 618 de
361 565 439 633 (a)
487 565 783 620 buccellato
821 567 1131 620 Christiana:
1170 567 1552 636 expeditionis,
1600 566 1652 618 in
1691 564 1840 632 cujus

253 656 530 724 procinctu
554 657 794 724 quotidie
815 657 880 711 ad
903 658 1498 732 frugalitatisannonam
1527 658 1836 722 militamus,

253 763 423 816 panes
461 749 693 816 quinque
743 750 837 803 tibi
867 751 1067 818 pariter
1109 759 1163 804 et
1215 749 1325 803 ﬁlio
1371 759 1554 803 nostro
1594 749 1833 802 Licentio

256 837 527 902 misimus;
558 853 664 892 non
701 839 843 892 enim
881 841 1153 907 potuimus
1189 853 1218 892 a
1263 838 1636 893 benedictione
1659 852 1839 891 secer-

254 940 406 989 nere,
436 941 592 994 quem
622 928 865 996 cupimus
891 927 1080 982 eadem
1112 926 1264 982 nobis
1298 928 1466 995 gratia
1511 928 1721 997 penitus
1744 942 1840 981 an-

254 1026 493 1072 nectere.
520 1018 711 1073 Paucis
747 1028 926 1074 tamen
955 1031 1009 1075 et
1035 1021 1098 1074 ad
1118 1021 1289 1088 ipsum
1319 1020 1626 1088 loquamur,
1659 1035 1724 1075 ne
1745 1035 1838 1076 ne-

253 1118 341 1178 get
397 1109 498 1163 sibi
546 1111 826 1179 scriptum,
871 1113 1014 1181 quod
1069 1113 1136 1167 de
1182 1127 1241 1167 se
1289 1113 1382 1167 tibi
1431 1114 1685 1182 scriptum
1726 1120 1840 1179 est;

255 1198 515 1253 zEsclrino
560 1203 698 1253 enim
736 1201 950 1266 dicitur,
980 1202 1116 1272 quod
1147 1203 1293 1256 audit
1338 1201 1487 1255 Mitio
1522 1202 1749 1272 (Terent.
1783 1205 1839 1256 in

255 1289 523 1357 Adelphis.
560 1289 622 1342 V.
656 1299 770 1343 not.
803 1290 916 1358 25).
966 1290 1072 1345 Sed
1119 1292 1244 1359 quid
1288 1291 1353 1345 de
1398 1291 1584 1346 alienis
1629 1293 1837 1360 loquar,

253 1393 375 1430 cum
414 1377 482 1431 de
517 1380 735 1448 proprio
773 1387 970 1434 cuncta
1018 1381 1325 1450 possimus?
1364 1389 1419 1434 et
1463 1382 1636 1435 aliena
1671 1382 1838 1450 loqui,

255 1485 360 1521 non
386 1469 558 1522 soleat
580 1485 700 1523 esse
725 1471 842 1524 sani
871 1471 1077 1539 capitis,
1111 1486 1220 1540 quo
1247 1471 1264 1502 ¹
1295 1470 1388 1524 Dei
1416 1473 1588 1538 gratia
1610 1487 1743 1526 sano
1786 1481 1841 1526 et

253 1560 406 1613 salvo
429 1560 833 1628 sumus,quibus
852 1568 1014 1628 caput
1035 1567 1116 1614 est
1142 1559 1416 1614 Christus?
1441 1559 1766 1614 Incolumem
1787 1569 1840 1615 te

255 1659 412 1702 :rtate
462 1649 872 1718 quamplurima,
924 1657 978 1702 et
1029 1649 1243 1702 beatum
1295 1664 1507 1717 semper
1552 1664 1673 1703 cum
1729 1656 1837 1703 tota

1940 489 2100 527 mone
2128 483 2184 527 et
2213 474 2399 528 labore
2433 483 2486 527 te
2523 474 2773 537 arbitror,
2806 473 2877 526 mi
2909 472 3130 537 Licenti,
3157 473 3224 526 ad
3251 472 3524 529 Christum

1939 581 2098 634 posse
2129 566 2353 629 incitari,
2372 566 2483 633 jam
2505 582 2534 618 a
2564 566 2744 634 pueris
2767 565 2830 618 ad
2853 563 3028 618 studia
3053 566 3068 594 ¹
3103 563 3345 617 veritatis
3368 571 3422 617 et
3443 580 3525 618 sa-

1939 655 2182 724 pientiae,
2215 655 2360 725 quod
2394 665 2679 724 utrumque
2705 671 2831 710 vere
2861 664 2944 709 est
2975 655 3240 720 Christus,
3269 663 3325 708 et
3353 655 3527 709 omnis

1942 749 2067 803 boni
2099 765 2362 803 summum
2408 750 2485 818 (ά)
2516 750 2714 803 bonum
2739 748 3059 802 venerabilis
3106 747 3384 814 Augustini
3415 747 3527 815 spi-

1940 840 2043 893 ritu
2072 849 2126 893 et
2152 855 2244 893 ore
2273 841 2617 893 flammatum.
2652 839 2752 906 Qui
2794 840 2838 893 si
2868 855 3054 908 parum
3087 837 3228 906 apud
3265 846 3316 892 te
3344 852 3442 907 pro
3475 845 3527 891 te

1939 931 2124 995 valuit,
2147 930 2270 997 quid
2293 943 2392 997 ego
2421 939 2571 983 tanto
2592 931 2873 983 intervallo
2893 931 3176 998 posterior,
3207 937 3262 982 et
3287 929 3525 982 omnium

1941 1019 2082 1073 illius
2101 1035 2260 1088 opum
2286 1034 2508 1088 pauper,
2541 1019 2765 1074 elliciam
2787 1021 2809 1072 ?
2831 1019 2935 1074 Sed
2955 1020 3078 1087 quia
3104 1028 3159 1073 et
3188 1020 3326 1072 illius
3355 1019 3523 1073 facul-

1940 1109 2064 1162 tatis
2091 1109 2352 1177 potentia,
2381 1117 2436 1160 et
2458 1109 2531 1160 tui
2564 1108 2758 1175 ingenii
2779 1109 3109 1162 humanitate
3135 1108 3387 1172 confisus,
3412 1108 3527 1176 ple-

1941 1200 2090 1254 niora
2121 1207 2278 1266 atque
2301 1199 2501 1266 majora
2531 1199 2583 1252 in
2615 1208 2667 1253 te
2690 1214 2844 1268 spero
2881 1199 3182 1264 elaborata,
3222 1214 3381 1267 quam
3406 1200 3522 1253 ela-

1939 1289 2197 1352 boranda,
2230 1304 2388 1342 ausus
2413 1304 2531 1342 sum
2576 1289 2785 1343 hiscere
2813 1288 3010 1357 duplici
3056 1289 3245 1354 gratia,
3278 1296 3335 1341 ut
3363 1295 3419 1341 et
3448 1288 3525 1342 illi

1940 1381 2057 1433 viro
2088 1380 2158 1449 (e)
2198 1379 2374 1433 debita
2417 1378 2639 1433 caritate
2673 1393 3013 1446 compararer
3060 1378 3111 1430 in
3166 1376 3525 1430 sollicitudine

1906 1469 1914 1478 ’
1941 1472 2045 1536 tui;
2074 1479 2129 1526 et
2158 1471 2297 1524 inter
2318 1485 2412 1524 eos
2438 1469 2528 1536 qui
2558 1469 2784 1522 salutem
2815 1476 2960 1520 tuam
2989 1467 3243 1533 diligunt,
3278 1465 3358 1518 vel
3389 1481 3523 1518 con-

1940 1568 2136 1616 testato
2159 1574 2468 1614 numerarer
2490 1558 2702 1611 affectu.
2735 1557 2865 1609 Nam
2890 1555 2957 1626 (f)
2984 1555 3204 1610 eﬂectus
3223 1556 3273 1608 in
3299 1555 3372 1607 tui
3401 1569 3524 1621 per—

1940 1653 2168 1707 fectione
2209 1651 2436 1720 palmam
2483 1649 2780 1718 Augustino
2823 1649 3157 1718 potissimum
3205 1647 3524 1701 destinatam

255 1738 414 1790 domo
443 1746 554 1800 tua,
588 1746 645 1790 ut
677 1738 942 1806 cupimus,
965 1737 1255 1791 habeamus
1291 1737 1345 1790 in
1373 1736 1606 1800 Christo,
1628 1738 1844 1793 domine
1874 1739 1922 1801 B
1947 1744 2081 1797 scio.

256 1826 419 1881 frater
446 1827 642 1882 merito
674 1827 1130 1882 houorandissime
1150 1835 1206 1882 et
1231 1826 1734 1884 desiderantissime.

773 2033 1100 2094 EPISTULA
1132 2043 1150 2060 ‘
1181 2037 1311 2093 VIII.

799 2190 805 2194 ι
835 2164 904 2201 ΑΙ)
941 2164 1246 2204 ιιαεμτιωί.

258 2255 537 2310 L‘centmm
561 2231 875 2329 Romaniani
897 2257 1092 2326 ﬁlium,
1115 2275 1206 2327 pro
1239 2274 1338 2326 quo
1366 2257 1638 2329 scripserat
1665 2259 1838 2329 Augu—

322 2329 490 2379 stinus
518 2327 630 2396 ejus
651 2328 773 2378 olim
795 2329 1053 2396 magister,
1085 2329 1319 2380 hortatur
1335 2328 1585 2381 Paulinus
1615 2337 1663 2380 et
1682 2327 1837 2396 prosa

320 2407 372 2448 et
398 2397 626 2449 cannine
643 2436 658 2461 ,
703 2405 756 2447 ut
785 2395 1033 2450 contemta
1061 2399 1196 2450 aula:
1222 2400 1358 2467 {astu
1385 2414 1439 2452 se
1466 2399 1663 2450 dedicet
1684 2395 1838 2451 Chri-

322 2474 424 2519 sto.

326 2627 380 2682 1.
416 2627 554 2680 Audi
581 2640 709 2694 ergo
739 2623 811 2679 fili
838 2625 1009 2694 legem
1039 2626 1203 2694 patris
1242 2627 1317 2681 tui
1355 2636 1409 2693 ⁸,
1451 2628 1502 2681 id
1528 2636 1644 2695 est,
1675 2627 1835 2684 fidem

255 2717 568 2785 Augustini;
596 2726 651 2772 et
671 2717 780 2771 noli
809 2717 1067 2786 repellere
1087 2719 1305 2772 consilia
1328 2720 1514 2774 matris
1543 2731 1664 2785 tum,
1694 2721 1837 2790 quod

255 2821 403 2872 aeque
432 2822 630 2860 nomen
660 2807 711 2859 in
731 2815 788 2860 te
810 2807 1087 2875 Augustini
1115 2809 1285 2876 pietas
1309 2807 1428 2875 jure
1446 2809 1547 2863 sibi
1575 2810 1835 2875 vindicat;

254 2895 345 2961 qui
388 2903 440 2948 te
473 2895 736 2948 tantillum
789 2897 909 2949 sinu
957 2897 1184 2963 gestavit
1234 2912 1360 2962 suo,
1412 2907 1468 2951 et
1520 2913 1550 2951 a
1605 2899 1839 2967 parvulis

257 2985 429 3051 primo
469 2985 613 3038 lacte
641 2984 914 3053 sapientia:
948 2985 1202 3040 secularis
1229 2987 1335 3056 38
1373 2987 1660 3052 imbutum,
1699 3003 1836 3042 nunc

254 3073 419 3125 etiam
456 3073 787 3142 spiritalibus
826 3074 1026 3129 lactare
1051 3082 1106 3128 et
1134 3075 1368 3129 enutrire
1406 3076 1629 3130 Domino
1678 3078 1836 3146 gestit
1861 3072 1906 3134 C

256 3162 528 3217 uberibus.
553 3162 814 3228 Quoniam
839 3172 889 3218 te
904 3165 1138 3220 adultum
1166 3173 1324 3220 aetate
1345 3182 1623 3237 corporea,
1649 3170 1702 3222 in
1731 3169 1838 3238 spi-

254 3255 502 3310 ritalibus
532 3255 706 3310 adhuc
733 3257 1008 3312 cunabulis
1036 3259 1334 3326 vagientem
1362 3260 1523 3322 videt,
1555 3259 1726 3312 adhuc
1757 3261 1864 3312 in-.

252 3343 453 3400 fantem
477 3347 645 3400 verbo
670 3346 785 3412 Dei,
815 3348 902 3400 vix
931 3347 1057 3401 dum
1082 3350 1134 3402 in
1155 3347 1367 3402 Christo
1393 3349 1577 3418 primis
1597 3350 1842 3418 passibus

252 3445 308 3490 et
325 3439 557 3508 vestigio
589 3439 852 3494 titubante
891 3448 1199 3508 repentem;
1247 3440 1289 3494 si
1340 3447 1514 3493 tamen
1562 3439 1838 3505 Augustini

253 3529 536 3594 doctrina,
571 3539 842 3599 tamquam
884 3545 1074 3585 manus
1115 3531 1302 3585 matris
1332 3540 1386 3584 et
1429 3531 1550 3584 ulna
1584 3531 1839 3598 nutricis,

252 3624 560 3678 instabilem
589 3634 738 3692 regat
764 3625 1062 3694 parvulum.
1095 3623 1265 3689 Quem
1289 3625 1332 3678 si
1361 3625 1544 3679 audias
1574 3633 1628 3678 et
1647 3639 1841 3691 sequa-

253 3712 350 3778 ris,
373 3723 436 3766 ut
463 3728 673 3766 rursum
703 3721 757 3768 te
784 3728 1032 3768 sermone
1058 3713 1362 3768 Salomonis
1404 3715 1632 3769 alliciam
1665 3733 1678 3767 :
1710 3713 1841 3779 Fili,

251 3817 501 3854 coronam
532 3803 752 3872 accipies
779 3805 1064 3873 gratiarum
1097 3813 1180 3856 tuo
1203 3802 1434 3856 verticib.
1465 3803 1532 3857 Et
1563 3812 1689 3859 tunc
1722 3819 1843 3859 vere

249 3893 362 3946 eris
389 3892 479 3946 ille
500 3909 609 3947 non
639 3895 1010 3962 phantasmate
1039 3895 1354 3958 somniatus,
1385 3894 1479 3949 sed
1506 3897 1572 3950 ab
1607 3895 1720 3964 ipsa
1751 3909 1843 3948 ve-

251 3983 415 4036 ritate
461 3982 723 4037 formatus
747 3986 931 4039 consul
961 3993 1015 4038 et
1043 3984 1278 4053 pontifex
1299 4025 1314 4048 ,
1357 4001 1551 4040 vacuas
1590 3987 1845 4053 imagines

249 4073 368 4126 falsi
401 4075 606 4142 operis,
638 4074 890 4144 implente
923 4075 1154 4141 Christo,
1177 4075 1361 4131 solidis
1385 4091 1492 4130 suae
1517 4078 1843 4144 operationis

252 4164 562 4218 eflectibus.
595 4163 733 4218 Vere
761 4166 904 4219 enim
925 4166 1186 4234 pontifex,
1206 4174 1260 4219 et
1286 4182 1409 4219 vere
1437 4167 1645 4232 consul,
1666 4165 1739 4234 (ὁ)
1766 4166 1846 4220 Li-

247 4253 466 4306 centius
489 4253 609 4316 erit,
633 4254 678 4308 si
703 4254 979 4322 Augustini
999 4255 1256 4322 vestigiis,
1277 4257 1606 4324 propheticis
1634 4265 1689 4310 et
1709 4272 1843 4325 apo-

249 4342 462 4396 stolicis
496 4342 815 4411 disciplinis,
848 4353 906 4397 ut
933 4353 1145 4399 sacrato
1173 4345 1360 4400 beatus
1388 4345 1608 4401 Eliszeus
1637 4346 1762 4401 Elia:
1795 4358 1841 4409 ο,

2008 1832 2060 1886 5.
2104 1831 2324 1893 Vereor,
2354 1829 2447 1892 fili,
2480 1844 2546 1883 ne
2575 1844 2732 1884 aures
2773 1838 2889 1883 tuas
2925 1828 3216 1897 asperitate
3251 1827 3522 1880 temerarii

1937 1923 2199 1978 sermonis
2227 1920 2561 1984 offenderim,
2590 1929 2644 1974 et
2680 1935 2780 1988 per
2825 1934 2983 1973 aures
3027 1919 3205 1972 animo
3236 1918 3396 1972 etiam
3429 1925 3522 1970 tuo

1939 2015 2080 2070 taedii
2102 2013 2206 2068 mei
2235 2013 2426 2066 vulnus
2458 2011 2743 2065 intulerim.
2767 2011 2872 2065 Sed
2901 2012 2952 2064 in
2976 2018 3207 2064 mentem
3239 2009 3383 2063 venit
3402 2010 3520 2078 cpi-

1937 2106 2073 2161 stola
2129 2112 2218 2158 tua
2275 2103 2541 2173 (Carmen
2600 2101 2822 2156 Licentii
2869 2109 3181 2155 contentum
3233 2099 3391 2167 epist.
3451 2097 3520 2151 26

1938 2196 1995 2251 S.
2025 2197 2246 2263 August.
2272 2195 2366 2265 lat.
2386 2191 2505 2261 59D
2526 2233 2539 2256 ,
2570 2205 2674 2260 qua
2701 2199 2756 2245 te
2785 2189 3000 2244 musicis
3016 2189 3325 2241 familiarem
3349 2187 3521 2240 modis

1939 2288 2197 2343 intellexi.
2232 2287 2276 2340 A
2303 2301 2411 2355 quo
2439 2284 2616 2338 studio
2645 2297 2746 2351 ego
2773 2283 2871 2336 aevi
2894 2280 3162 2351 quondam
3191 2280 3267 2332 tui
3291 2293 3398 2332 non
3426 2278 3521 2331 ab-

1938 2383 2142 2436 horrui.
2191 2381 2374 2448 Itaque
2403 2378 2531 2433 mihi
2560 2376 2628 2430 ad
2675 2385 2819 2430 tuam
2846 2381 3114 2436 mentem,
3165 2372 3210 2425 si
3256 2371 3309 2424 in
3339 2370 3520 2438 aiiquo

1939 2471 2363 2532 exulcerassem,
2405 2466 2762 2522 deliniendam
2809 2462 3106 2519 remedium
3149 2461 3354 2514 litteras
3403 2466 3520 2512 tuas

1939 2561 2252 2616 recordatus
2279 2560 2486 2628 reperi,
2510 2566 2569 2612 ut
2599 2565 2651 2611 te
2678 2556 2744 2610 ad
2779 2555 3060 2610 Dominum
3088 2551 3378 2606 harmonire
3404 2565 3520 2604 om-

1940 2651 2179 2706 niformis
2215 2649 2474 2704 artificem
2521 2646 2882 2702 modulamine
2927 2642 3178 2699 carminis
3213 2655 3518 2696 evocarem.

1940 2743 2129 2808 Quaeso
2166 2750 2219 2795 te
2249 2749 2308 2794 ut
2347 2754 2475 2792 aure
2511 2738 2726 2800 audias;
2760 2749 2932 2803 neque
2959 2747 3173 2787 causam
3200 2729 3384 2785 salutis
3415 2736 3520 2783 tute

1940 2835 1992 2887 in
2024 2832 2197 2886 verbis
2224 2830 2358 2884 meis
2385 2842 2624 2897 spernas,
2669 2826 2761 2880 sed
2791 2826 2934 2894 piam
2979 2836 3164 2878 curam
3204 2828 3258 2873 et
3284 2826 3520 2872 mentem

1940 2934 2216 2995 paternam
2256 2922 2418 2976 etiam
2462 2921 2513 2976 in
2549 2916 2903 2989 despiciendis
2934 2913 3265 2969 sermonibus
3295 2911 3521 2963 libenter

1941 3013 2202 3083 accipias;
2234 3011 2423 3080 quibus
2445 3011 2658 3065 insitum
2689 3006 2883 3064 Christi
2919 3020 3100 3060 nomen
3136 3001 3270 3073 quod
3315 3007 3391 3052 est
3427 3014 3519 3052 su-

1942 3128 1973 3178 p
1992 3127 2031 3161 rr
2053 3111 2071 3138 ¹
2103 3122 2250 3160 omne
2277 3121 2459 3159 nomen
2487 3101 2534 3166 ιι,
2566 3103 2705 3155 hanc
2733 3099 2916 3154 deberi
2936 3096 3340 3152 venerationem
3369 3089 3514 3155 facit,

1944 3206 2002 3252 ut
2031 3212 2136 3252 non
2165 3195 2336 3265 possit
2363 3209 2392 3248 a
2423 3191 2679 3247 credente
2709 3187 3004 3245 contemni.

1941 3355 2186 3428 39-40
2213 3353 2388 3420 Quare
2416 3367 2514 3422 age
2532 3393 2547 3419 ,
2578 3365 2767 3422 rumpe
2795 3363 2974 3406 moras
2991 3390 3007 3417 ,
3037 3354 3093 3403 et
3115 3343 3288 3402 vincla
3311 3339 3521 3397 tenacia

3255 3434 3406 3510 [secli
3433 3449 3449 3486 :

2012 3540 2121 3595 Nec
2147 3547 2358 3594 metuas
2384 3537 2580 3608 placidi
2602 3537 2731 3591 mite
2749 3536 2932 3605 jugum
2954 3531 3189 3588 Domini.

1941 3631 2132 3686 Pulcra
2153 3631 2388 3701 quidem,
2412 3629 2506 3683 sed
2533 3624 2668 3682 mira
2695 3628 2843 3695 vagis
2872 3623 3154 3694 praesentia
3181 3634 3360 3675 rerum

2012 3722 2295 3784 Mentibus,
2327 3728 2382 3773 at
2403 3720 2615 3787 sapiens
2644 3732 2750 3771 non
2782 3722 2960 3783 stupet
2988 3713 3085 3766 ista
3115 3710 3345 3764 animus.

1943 3815 2094 3869 Nunc
2121 3820 2175 3867 te
2196 3810 2449 3865 sollicitat
2470 3808 2629 3861 variis
2651 3803 2957 3860 malesuada
2982 3801 3182 3869 figuris,

2001 3904 2126 3956 lleu
2149 3902 2161 3952 !
2187 3899 2391 3954 validos
2416 3898 2576 3953 etiam
2608 3904 2818 3951 vertere
2839 3895 3009 3948 Roma
3031 3900 3241 3962 potens.

1942 3994 2046 4050 Sed
2076 3993 2190 4059 tibi,
2214 3997 2356 4053 nate,
2389 4004 2602 4058 precor,
2628 4001 2840 4056 semper
2859 3992 3012 4054 pater
3033 3978 3359 4050 Augustinus

2012 4081 2287 4144 Occurset,
2316 4086 2536 4134 cunctas
2558 4076 2714 4131 Urbis
2735 4075 2801 4129 ad
2831 4073 3127 4128 illecebras.

1943 4175 2093 4228 lllum
2126 4181 2274 4227 tanta
2298 4173 2437 4226 inter
2465 4169 2665 4237 fragilis
2686 4167 2991 4222 discrimina
3022 4163 3144 4216 vita:

2017 4262 2311 4331 Aspiciens,
2342 4267 2396 4312 et
2414 4259 2618 4312 habens
2645 4265 2885 4326 pectore,
2916 4261 3059 4308 tutus
3080 4251 3206 4306 eris.

1946 4353 2060 4408 Hoc
2084 4361 2258 4406 tamen
2275 4359 2330 4405 et
2350 4357 2618 4418 repetens,
2639 4348 2939 4413 iterumque
2961 4345 3264 4410 iterumque
3284 4338 3516 4394 monebo

249 4440 306 4482 ut
331 4432 532 4485 illustri
561 4433 808 4500 apostolo
839 4433 1151 4487 Timotheus
1192 4434 1506 4490 adolescens
1540 4437 1840 4499 adhmreat,
1877 4437 1925 4496 D
2021 4442 2090 4497 Ut
2121 4442 2289 4509 fugias
2309 4440 2454 4493 dune
2483 4437 2682 4491 lubrica
2704 4435 2923 4489 militiai.

249 4521 530 4574 indivulso
558 4536 654 4589 per
683 4522 872 4577 itinera
896 4523 1071 4576 divina
1103 4524 1390 4588 comitatu;
1422 4533 1479 4578 ut
1506 4535 1560 4578 et
1593 4527 1845 4581 sacerdo-

249 4610 387 4662 tium
419 4610 587 4664 corde
607 4611 844 4680 perfecto
869 4612 1039 4666 discat
1067 4613 1278 4679 mereri,
1312 4622 1365 4668 et
1386 4617 1593 4684 populis
1617 4618 1682 4672 ad
1711 4620 1845 4673 salu-

249 4710 360 4754 tem
390 4701 467 4771 (c)
500 4704 754 4770 magistro
775 4718 870 4758 ore
890 4704 1193 4759 consulere.

330 4866 353 4888 ι
385 4854 551 4909 Prov.
586 4872 622 4920 ι,
652 4853 706 4908 8.
780 4854 807 4894 δ
841 4855 997 4912 Prov.
1029 4875 1065 4921 ι,
1091 4859 1142 4926 9,
1172 4875 1280 4914 sec.
1305 4858 1462 4913 LXX.

1949 4534 2204 4588 Blandum
2228 4547 2418 4586 nomen
2449 4532 2639 4591 honos,
2666 4528 2804 4581 mala
2827 4525 3074 4592 servitus,
3105 4525 3277 4578 exitus
3295 4538 3456 4594 aeger,

2021 4624 2187 4690 Quem
2217 4639 2359 4676 nunc
2383 4620 2520 4674 velle
2539 4619 2710 4688 juvat,
2739 4633 2863 4673 mox
2893 4617 3126 4670 voluisse
3148 4617 3315 4684 piget.

1947 4715 2218 4771 Scandere
2240 4713 2381 4769 celsa
2400 4712 2582 4780 juvat;
2616 4717 2822 4764 tremor
2851 4715 2930 4762 est
2958 4706 3285 4763 descendere
3314 4705 3490 4760 celsis.

1543 4873 1564 4900 ε
1599 4862 1664 4916 ιν
1697 4865 1826 4933 Reg.
1860 4866 1922 4933 ll,
1947 4883 1982 4920 ι.
2058 4863 2084 4902 ά
2109 4864 2245 4919 Phil.
2276 4880 2331 4927 ιι,
2364 4863 2415 4917 9.

321 4995 340 5013 '
378 4989 535 5043 Alias
573 4986 671 5053 46,
706 5003 835 5057 pars
860 4987 924 5053 2;
970 5002 1089 5056 qua:
1129 4998 1308 5043 autem
1346 4998 1466 5044 erat
1511 4990 1570 5054 8,
1602 5008 1742 5047 nunc
1769 4993 1855 5047 50.
1895 4993 2104 5062 Scripta
2127 5001 2180 5046 et
2207 4991 2366 5044 missa
2394 5004 2514 5045 cum
2543 4987 2818 5057 superiore
2848 5000 2987 5040 anno
3015 4985 3140 5040 596.

323 5124 410 5191 (a)
451 5120 579 5176 Mss.
603 5119 818 5176 codices
838 5162 853 5186 ,
885 5121 1172 5176 buccillato.
1201 5123 1535 5178 Buccillatum
1560 5126 1849 5180 vocabatur

246 5192 513 5247 militaris
541 5191 697 5260 panis
726 5191 791 5243 ad
819 5191 1069 5245 buccellae
1098 5192 1206 5246 fere
1229 5195 1442 5246 modum
1473 5195 1764 5258 confectus,
1791 5205 1848 5250 ut

2023 5127 2093 5208 (ε)
2123 5125 2199 5208 ita
2229 5140 2324 5180 sex
2351 5124 2510 5179 iidem
2530 5140 2656 5180 mss.
2687 5139 2809 5180 cum
2830 5122 2957 5178 edit.
2991 5124 3187 5179 Bened.
3221 5123 3323 5176 Alii
3349 5123 3491 5177 codd

1955 5207 2209 5265 magistri.

246 5265 312 5315 ad
348 5277 488 5314 usus
511 5260 1160 5332 diuturnitatemfacilins
1205 5273 1614 5329 excoqueretur.
1647 5265 1712 5318 de
1739 5280 1846 5332 quo

246 5331 578 5384 Ammianus
619 5330 712 5383 lib.
747 5347 876 5394 xvn;
921 5330 1031 5384 RR.
1063 5331 1165 5385 PP.
1195 5332 1525 5388 Benedictini
1555 5334 1619 5388 ad
1650 5335 1706 5388 S.
1737 5330 1845 5389 Au-

247 5411 396 5467 gust.
441 5400 713 5470 epistolas,
739 5415 859 5470 pag.
893 5400 981 5454 59.

323 5470 405 5534 (ὁ)
444 5467 533 5522 Sic
580 5484 710 5523 mss.
739 5467 972 5530 'codices
995 5469 1166 5525 Vatic.
1209 5471 1241 5523 4
1279 5479 1335 5525 et
1388 5470 1650 5538 Bigotiani
1697 5473 1842 5527 duo:

245 5538 402 5604 quod
419 5537 648 5608 _videtur
677 5540 852 5596 acrius
892 5554 1052 5606 quam
1082 5541 1222 5608 quod
1261 5549 1343 5594 est
1368 5540 1422 5594 in
1448 5537 1623 5606 editis,
1653 5541 1850 5598 Licenti

247 5608 380 5663 eris.
418 5604 691 5675 [idemque
720 5624 844 5662 mss.
877 5604 1030 5673 infra,
1055 5604 1404 5664 adltwreat....
1427 5611 1612 5665 discat.

2025 5261 2100 5334 (Et)
2131 5264 2280 5318 Hanc
2297 5277 2481 5334 vocem
2520 5262 2813 5334 addidimus
2839 5275 2906 5316 ex
2944 5277 3072 5317 mss.
3097 5261 3366 5317 Vaticanis
3404 5276 3535 5328 qua-

1954 5331 2093 5396 tuor,
2130 5334 2148 5385 i
2187 5334 2300 5401 Big.
2327 5341 2382 5388 et
2408 5332 2539 5387 edit.
2561 5331 2761 5387 Bened.

2027 5395 2095 5473 (θ)
2126 5403 2213 5458 Sic
2241 5395 2366 5457 mss.
2400 5418 2513 5464 sex,
2538 5420 2603 5457 ex
2625 5403 2816 5470 quibus
2843 5399 3093 5473 dno_Big.
3124 5407 3178 5473 et
3203 5399 3287 5452 ed.
3313 5399 3442 5452 Dcn.
3472 5395 3540 5447 At

1955 5470 2084 5526 mss.
2107 5481 2250 5535 octo,
2285 5473 2347 5525 de
2374 5475 2495 5536 vita,
2525 5483 2572 5525 et
2597 5474 2833 5533 caritate,
2867 5470 3026 5534 Edd.,
3056 5471 3310 5525 devincta.

1966 5613 1990 5679 Γ
2031 5543 2097 5662 (ti)
2131 5543 2207 5596 Ita
2234 5531 2360 5597 edit.
2393 5531 2587 5597 Bened.
2624 5543 2784 5597 Grav.
2811 5531 2865 5595 et
2895 5531 3055 5593 Rosv.
3089 5537 3156 5589 At
3179 5551 3308 5590 mss.
3342 5531 3425 5594 l2,
3451 5535 3537 5602 (τίς.

1987 5627 2041 5664 ec
2067 5627 2145 5664 us.

1987 5620 2145 5664 ectus.
