4020 6186
464 299 568 357 183

530 409 588 465 Si
613 408 829 477 titubes,
857 428 1062 469 summa
1083 410 1239 485 pejus
1262 413 1330 468 ab
1360 425 1481 468 arce
1511 411 1587 483 (a)
1618 412 1793 467 cades.

461 503 613 557 Nunc
636 503 730 558 tibi
751 503 881 559 falsa
907 505 1122 576 placent
1164 506 1325 573 bona,
1355 520 1495 560 nunc
1532 504 1673 574 rapit
1716 512 1742 541 ει
1786 502 2032 557 omnibus

1788 593 1964 667 [auris

532 676 791 747 Ambitus,
823 692 879 737 et
901 686 1076 740 vitreo
1104 683 1208 739 fert
1232 699 1363 739 cava
1393 683 1532 737 fama
1558 683 1680 737 sinu
1699 683 1724 735 ?

462 764 559 828 Ast
586 770 676 825 ubi
703 780 755 825 te
774 786 968 841 magno
992 773 1065 842 (ὁ)
1091 773 1287 828 damno
1309 772 1630 829 succinxerit
1655 780 1800 826 emto

532 859 766 928 Balteus,
790 870 844 916 et
870 864 1067 918 sterilis
1087 862 1304 931 fregerit
1330 863 1455 917 inde
1482 863 1654 926 labor,

461 948 645 1015 Serus,
673 959 728 1004 et
755 952 1021 1007 incassum
1043 968 1165 1021 spes
1186 954 1461 1008 accusabis
1488 954 1674 1007 inanes
1703 968 1715 980 ·

532 1039 600 1093 Et
620 1041 781 1097 modo
809 1056 928 1111 quae
956 1045 1144 1109 nectis,
1170 1060 1419 1114 rumpere
1445 1044 1622 1099 vincla
1649 1043 1821 1099 voles.

464 1124 612 1185 Tunc
638 1133 998 1189 reminisceris
1018 1134 1211 1190 frustra
1232 1135 1399 1204 patris
1426 1133 1722 1202 Augustini,

533 1221 893 1280 Contemsisse
921 1225 1111 1281 dolens
1137 1227 1402 1282 veridicos
1427 1226 1681 1281 monitus.
1772 1258 1777 1263 α

465 1306 639 1374 Quare
660 1311 704 1364 si
731 1313 961 1381 sapiens,
984 1321 1039 1368 et
1065 1315 1108 1367 si
1129 1314 1248 1383 pius
1269 1329 1346 1379 es,
1378 1331 1533 1385 puer,
1561 1317 1717 1382 audi;

532 1399 600 1453 Et
621 1416 754 1470 cape
780 1402 944 1456 verba
967 1410 1199 1471 patrum,
1224 1404 1610 1474 consiliumque
1629 1419 1835 1459 senum.

468 1503 489 1541 α
525 1488 661 1557 Quid
688 1492 915 1546 retrahis
936 1491 1047 1548 fera
1088 1492 1224 1549 colla
1266 1492 1433 1562 jugo?
1458 1494 1575 1550 Mea
1606 1495 1677 1565 (ε)
1705 1495 1913 1551 sarcina
1956 1495 2034 1551 le-

1293 1568 1300 1578 ’
1815 1584 1833 1655 [
1858 1585 1964 1648 niS.

534 1666 710 1725 Suave
731 1668 915 1741 jugum
946 1671 993 1727 ι’.
1026 1692 1043 1727 ι
1070 1674 1266 1731 Christi
1286 1683 1371 1731 est
1389 1690 1490 1730 vnx
1519 1675 1607 1744 pia
1639 1691 1653 1727 :
1684 1672 1844 1729 crede
1869 1673 1999 1737 Deo,

466 1750 534 1811 Et
558 1768 718 1827 caput
744 1761 881 1815 adde
898 1761 1057 1830 jugis,
1086 1764 1153 1818 da
1188 1764 1435 1819 mollibus
1457 1779 1550 1819 ora
1580 1763 1844 1833 capistris.

537 1847 910 1919 Demissosque
936 1853 1038 1907 levi
1066 1854 1233 1909 subde
1253 1855 1507 1910 humeros
1526 1853 1704 1911 oneri.

465 1929 615 1991 Nunc
642 1946 794 2006 potes
816 1941 937 2005 hoc,
967 1941 1092 1996 dum
1121 1943 1254 1998 liber
1273 1946 1404 2012 agis,
1436 1944 1560 1999 dum
1592 1945 1734 1998 nulla
1762 1950 2038 2001 retentant

535 2023 777 2091 Vincula,
810 2029 951 2083 nulla
973 2026 1077 2085 tori
1101 2046 1246 2097 cura,
1279 2049 1377 2088 nec
1405 2035 1544 2089 altus
1572 2034 1763 2089 honor.

465 2106 591 2167 limo
618 2115 756 2169 bona
779 2117 1016 2182 libertas,
1046 2119 1258 2176 Christo
1285 2124 1505 2189 servire,
1528 2132 1582 2177 et
1601 2124 1651 2178 in
1683 2125 1800 2192 ipso

534 2201 789 2259 Omnibus
808 2220 925 2259 esse
945 2221 1124 2275 supra.
1147 2209 1263 2263 Non
1288 2211 1517 2265 dominis
1548 2213 1845 2278 hominum,

465 2286 580 2345 Non
609 2293 751 2347 vitiis
778 2296 961 2356 servit,
986 2312 1093 2350 non
1122 2299 1331 2367 regibus
1362 2300 1448 2353 ille
1475 2301 1736 2368 superbis,

537 2380 766 2435 Tantum
795 2386 884 2452 qui
913 2384 1127 2442 Christo
1155 2403 1214 2442 se
1241 2389 1446 2444 dederit
1473 2391 1718 2447 Domino.

465 2466 572 2526 Nec
592 2472 688 2525 tibi
715 2474 964 2530 nobilitas
991 2477 1233 2532 videatur
1256 2480 1445 2547 libera,
1475 2496 1632 2549 quam
1663 2497 1805 2537 nunc

533 2560 824 2616 Sublimem
847 2568 1073 2620 attonita
1104 2569 1369 2638 conspicis
1393 2569 1533 2624 Urbe
1556 2572 1697 2626 vehi.

466 2648 636 2714 Quam
664 2652 839 2707 cernis
862 2662 1008 2708 tanta
1031 2656 1129 2710 sibi
1157 2657 1401 2713 libertate
1427 2660 1612 2726 videri,

537 2740 607 2795 Ut
626 2743 941 2812 dedignetur
960 2747 1176 2804 ﬂectere
1197 2751 1333 2804 colla
1347 2750 1476 2807 Deo.

467 2820 647 2881 Multis
667 2828 755 2882 ille
782 2828 945 2884 miser
974 2835 1311 2902 mortalibus,
1329 2844 1384 2891 et
1411 2851 1627 2906 quoque
1655 2838 1826 2893 servis

538 2915 746 2984 Servit;
776 2928 833 2975 et
852 2923 1089 2986 ancillas,
1122 2934 1180 2978 ut
1201 2925 1541 2982 dominentur
1569 2928 1612 2995 ³,
1639 2930 1788 2982 emit.

466 3002 673 3062 Norant
700 3011 976 3067 eunuchos
1003 3022 1057 3067 et
1084 3030 1274 3084 magna
1301 3017 1498 3086 palatia
1521 3019 1682 3088 passi,

536 3095 605 3149 Et
630 3099 868 3167 quisquis
892 3100 1140 3171 Romam,
1161 3114 1352 3174 sponte
1377 3108 1561 3172 miser,
1588 3109 1820 3178 patitur;

471 3181 683 3253 Quanto
702 3191 911 3245 sudoris
940 3194 1132 3260 pretio,
1160 3196 1460 3266 damnoque
1479 3199 1687 3253 decoris
1716 3200 1736 3230 ⁸

538 3275 761 3332 Constet
783 3279 853 3333 ibi
884 3280 1193 3351 chlamydis,
1224 3284 1308 3338 hic
1336 3286 1510 3339 honor
1535 3286 1716 3341 oi‘licii.

464 3360 575 3420 Nec
596 3374 771 3421 tamen
794 3368 907 3436 ipse
934 3378 1146 3438 potens,
1175 3373 1266 3440 qui
1291 3374 1484 3428 celsior
1503 3376 1750 3431 omnibus
1777 3390 1896 3432 esse

536 3455 755 3524 Ernerit,
787 3467 845 3513 ut
870 3462 998 3515 nulli
1021 3464 1234 3528 serviat,
1266 3467 1582 3534 assequitur.

461 3546 595 3604 Cum
622 3548 760 3605 bene
787 3566 845 3606 se
875 3560 986 3607 tota
1014 3553 1286 3610 dominum
1301 3556 1590 3624 jactaverit
1616 3557 1776 3625 Urbe,

537 3639 712 3694 Servit
738 3641 1033 3710 daemoniis,
1063 3646 1107 3699 si
1136 3646 1469 3703 simulacra'3
1494 3650 1641 3705 coiit.

461 3728 601 3789 Proh
623 3733 809 3791 dolor!
842 3738 941 3793 hos
961 3748 1180 3809 propter
1208 3744 1491 3798 remoraris
1520 3744 1571 3797 in
1598 3743 1758 3815 Urbe,
1789 3746 2037 3805 Licenti?

529 3822 594 3877 Et
619 3838 835 3892 regnum
859 3826 1055 3884 Christi
1080 3832 1307 3899 spernis,
1341 3839 1399 3887 ut
1427 3834 1509 3889 his
1529 3836 1785 3904 placeas?

458 3910 567 3969 ilus
590 3916 794 3972 vocitas
820 3917 1086 3985 dominos,
1117 3937 1276 3975 curva
1298 3930 1352 3976 et
1370 3926 1577 3980 cervice
1603 3928 1822 3996 salutas,

528 4007 675 4072 Quos
702 4008 828 4074 ligni
858 4023 1040 4063 servos
1069 4013 1335 4079 conspicis
1363 4023 1417 4067 et
1445 4015 1680 4083 lapidis?

457 4093 683 4149 Nomine
710 4096 890 4149 divino
913 4106 1191 4164 argentum
1220 4111 1539 4157 venerantur
1559 4113 1613 4157 et
1633 4120 1821 4161 aurum

526 4183 752 4252 Relligio
772 4193 871 4249 est,
901 4186 1042 4253 quod
1066 4197 1211 4241 amat
1240 4190 1459 4245 morbus
1480 4195 1733 4249 avaritiae.

455 4273 694 4348 41—52
724 4274 993 4343 imprecor
1020 4278 1119 4332 hos
1143 4286 1202 4332 ut
1238 4288 1398 4344 amet,
1426 4282 1517 4350 qui
1546 4299 1651 4338 non
1678 4295 1824 4340 amat
1852 4289 2031 4357 Augu-

1792 4381 1988 4435 stinum
2010 4399 2023 4435 :

524 4453 641 4508 Non
666 4454 807 4509 colat
834 4464 888 4510 et
910 4455 1197 4524 Christum,
1228 4462 1311 4515 cui
1333 4463 1508 4532 placet
1529 4465 1626 4520 bos
1647 4469 1842 4524 colere.
2010 4424 2023 4447 ’

453 4544 579 4601 inde
606 4548 682 4601 ait
711 4548 823 4618 ipse
854 4550 1014 4619 Deus,
1037 4553 1265 4610 dominis
1294 4572 1398 4611 non
1429 4573 1585 4626 posse
1608 4560 1814 4619 duobus

520 4636 721 4692 Serviri
751 4650 797 4702 ε,
828 4643 1081 4708 quoniam
1106 4660 1256 4700 mens
1279 4647 1455 4716 placet
1484 4666 1586 4705 una
1609 4652 1737 4707 Deo.

453 4725 568 4782 Una
597 4728 744 4791 iides,
770 4729 912 4785 Deus
941 4749 1094 4799 unus,
1125 4744 1180 4788 et
1206 4738 1395 4792 unicus
1422 4754 1453 4792 e
1485 4739 1641 4797 Patre
1665 4743 1911 4803 .Christus
1940 4748 1987 4814 ἀ,

521 4817 673 4872 iiaud
700 4820 895 4890 duplex
923 4824 1011 4877 uni
1040 4826 1265 4881 servitus
1293 4837 1375 4883 est
1401 4829 1638 4887 domino.

519 4988 543 5012 ι·
574 4974 653 5029 Ex
683 4975 921 5043 Virgilio.
1001 4977 1027 5017 δ
1057 4979 1244 5035 Matth.
1274 5000 1347 5052 xr,
1370 4984 1459 5040 50.

518 5129 593 5199 (τι)
628 5130 752 5184 Mss.
776 5130 810 5182 2
837 5131 971 5199 Big.,
1005 5136 1166 5191 cadis.

517 5197 589 5265 (ὑ)
612 5199 697 5279 ita
728 5201 778 5279 in
820 5197 1116 5279 potioribus
1163 5222 1289 5261 mss.
1323 5219 1377 5263 et
1406 5212 1460 5265 in
1487 5214 1615 5269 edit.
1648 5212 1844 5271 Bened.
1871 5220 1938 5273 At
1967 5221 2019 5274 in

446 5270 674 5334 excusis,
704 5270 979 5324 damnosus
1001 5276 1218 5328 cinxerit
1247 5289 1388 5331 uasta.

518 5335 587 5419 (ε)
628 5338 751 5419 Mss.
774 5339 887 5419 “duo
917 5341 1116 5419 Big._et
1142 5345 1265 5397 edit.
1299 5349 1482 5411 Crav.,
1515 5356 1723 5406 sarcina
1761 5356 1900 5409 levis.
1933 5357 2018 5412 Sic

446 5399 672 5488 legerem
703 5410 745 5461 si
774 5409 859 5462 lex
890 5399 1043 5488 metri
1066 5399 1658 5488 sert'areturiiziV'nlgata
1691 5399 2020 5482 eniniiiabc‘t

447 5466 631 5552 liutth.
660 5494 895 5552 x1,_v_crs.
928 5481 1054 5552 uit.,
1086 5494 1134 5535 et
1156 5466 2025 5551 una;'Bieim“1235::"PEEIZEi-EJTZ:

446 5547 583 5635 gitur
607 5548 745 5614 apud
767 5547 1293 5635 Angustinnumepist.
1316 5555 1378 5607 5i
1406 5559 1471 5635 ad
1496 5559 1769 5615 Paulinum
1787 5547 1877 5633 (ai.

446 5612 766 5685 Quamquam
798 5612 975 5689 juqnm
1007 5612 1194 5675 Christi
1223 5642 1312 5695 per
1341 5612 1558 5698 scipsunt
1592 5612 1887 5695 (eiicis'ir‘fiiz

1574 296 1630 353 S.
1671 295 1940 352 PAULINI
1978 295 2225 351 NOLANI
2266 295 2567 353 EPISCOPI

2060 416 2107 474 Α
2137 410 2343 476 Quanta
2369 412 2567 466 etenim
2592 410 2727 466 caelo
2756 424 2819 465 ac
2848 414 3005 467 terris
3030 409 3301 479 distantia,
3323 416 3471 467 tanta
3493 422 3577 467 est

3608 300 3712 356 134

2203 500 2430 555 Caesaris
2450 509 2505 554 et
2525 500 2719 555 Christi
2742 500 2902 555 rebus
2924 509 2980 555 et
3005 502 3261 570 imperiis.

2135 590 2346 645 Tollere
2360 592 2548 655 humo,
2573 591 2667 645 sed
2695 606 2835 645 nunc
2861 590 2985 644 dum
3006 592 3224 661 spiritus
3251 592 3350 647 hos
3376 592 3513 660 regit
3542 601 3714 657 artus,

2203 680 2380 734 Mente
2408 681 2588 750 polum
2616 688 2854 749 penetra,
2887 680 2961 734 nil
2986 696 3136 734 mora
3160 682 3337 734 carnis
3365 680 3539 735 obest.

2132 770 2420 839 Corporeis
2440 770 2549 839 jam
2573 784 2713 824 nunc
2740 784 2952 825 morere
2977 771 3215 835 actibus;
3239 780 3293 826 et
3320 772 3462 826 bona
3484 770 3606 825 vita:

2204 858 2452 915 Caelestis
2480 860 2682 928 liquido
2710 859 3081 929 prmmeditare
3102 862 3301 917 animo.

2134 946 2364 1017 Spiritus
2390 964 2468 1013 es,
2491 963 2809 1018 quamquam
2839 951 3073 1003 tenearis
3093 965 3339 1019 corpore,
3371 951 3417 1007 si
3444 967 3587 1007 nunc

2204 1038 2381 1093 Mente
2402 1040 2489 1108 pia
2510 1039 2681 1094 victor
2703 1040 2879 1093 carnis
2908 1055 3044 1109 opus
3068 1041 3317 1110 perimas.

2136 1127 2261 1185 Haec
2280 1131 2396 1197 tibi,
2422 1145 2547 1185 care
2574 1145 2724 1199 puer,
2755 1130 2832 1201 (ά)
2856 1130 2959 1185 ﬁdo
2987 1133 3293 1202 compulsus
3314 1148 3495 1189 amore

2204 1219 2432 1290 Scripsi;
2463 1221 2509 1276 si
2530 1222 2741 1291 recipis,
2764 1222 3055 1292 suseipiere
3082 1224 3215 1279 Deo.

2136 1308 2307 1365 Crede
2328 1309 2675 1378 Augustinum
2698 1311 2792 1365 tibi
2812 1327 2954 1367 nunc
2981 1312 3033 1367 in
3055 1328 3141 1367 me
3164 1314 3488 1382 geminatum
3510 1333 3525 1369 :

2206 1400 2371 1456 Sume
2396 1400 2532 1456 duos
2554 1416 2656 1455 una
2678 1416 2797 1456 cum
2826 1401 3026 1469 pietate
3054 1409 3255 1471 patres.

2136 1488 2487 1559 Spernimur?
2507 1490 2845 1545 Abstraheris
2868 1491 3074 1560 majore
3097 1491 3284 1547 dolore
3310 1492 3532 1549 duobus.

2207 1581 2507 1635 Audimur?
2539 1590 2561 1617 ο
2584 1579 2963 1648 Pignus’dulce
2991 1580 3200 1636 duobus
3226 1583 3352 1637 eris.

2137 1668 2194 1723 in
2219 1678 2272 1725 te
2302 1669 2419 1723 iusta
2449 1677 2661 1739 patrum
2689 1668 2902 1723 sudavit
2928 1684 3055 1724 cura
3083 1670 3332 1735 duorum,

2070 1764 2115 1822 Β
2210 1759 2277 1814 Et
2297 1760 2391 1813 tibi
2420 1771 2642 1826 magnus
2668 1759 2858 1824 honos,
2890 1758 3186 1814 lzetiiicasse
3213 1759 3366 1814 duos.

2136 1850 2243 1906 Sed
2264 1866 2350 1905 me
2373 1849 2667 1917 Augustino
2692 1865 2814 1905 cum
2842 1849 3056 1918 copulo,
3088 1864 3196 1904 non
3225 1851 3533 1906 meritorum

2202 1939 2356 1997 Jacto
2384 1956 2587 2010 parem,
2616 1940 2733 1996 solo
2762 1955 3016 2009 comparo
3042 1954 3227 1994 amore
3256 1942 3349 1995 tui.

2135 2032 2267 2088 Nam
2288 2032 2413 2102 quid
2438 2046 2539 2100 ego
2565 2031 2832 2086 eii‘undam
2863 2032 2883 2063 ⁸
2910 2046 3099 2086 rorans
3125 2032 3221 2087 tibi
3248 2048 3479 2103 paupere
3514 2034 3633 2089 rivo
3651 2035 3678 2089 τ

2205 2120 2291 2176 Me
2319 2130 2511 2191 praeter
2533 2121 2746 2188 gemino
2772 2118 2991 2175 ﬂumine
3017 2121 3280 2190 prolueris
3306 2138 3320 2175 :
3421 2189 3427 2195 .

2139 2211 2322 2267 Frater
2343 2210 2560 2281 Alypius
2580 2218 2680 2273 est,
2714 2209 3141 2279 Augustinusque
3169 2213 3436 2280 magister,

2206 2299 2488 2369 Sanguinis
2517 2298 2603 2354 hic
2630 2313 2868 2365 consors,
2901 2299 2990 2354 hic
3015 2311 3161 2355 sator
3182 2300 3400 2368 ingenii.

2137 2388 2495 2444 Tanto'fratre
2518 2388 2686 2456 vales,
2715 2396 2771 2443 et
2797 2397 3145 2458 pmceptore,
3176 2386 3402 2458 Licenti,

2206 2476 2274 2531 Et
2296 2478 2505 2532 dubitas
2532 2478 2719 2547 pennis
2747 2478 2939 2533 talibus
2968 2486 3111 2533 astra
3138 2481 3326 2547 sequi?

2136 2568 2401 2638 Quidquid
2422 2584 2577 2638 agas;
2609 2583 2730 2623 nam
2762 2576 2815 2623 te
2841 2583 2941 2623 nec
2962 2576 3139 2639 speret
3166 2572 3393 2626 mundus
3419 2573 3674 2641 amicum,

2206 2660 2323 2715 Non
2351 2659 2564 2714 daberis
2585 2669 2738 2715 terra:
2763 2660 2941 2713 debita
2968 2659 3179 2715 Christo
3208 2663 3404 2715 anima.

2138 2748 2220 2806 Tu
2247 2749 2513 2805 thalamos
2538 2750 2663 2804 licet
2682 2756 2738 2804 et
2762 2749 2932 2803 celsos
2960 2749 3231 2806 mediteris
3252 2751 3485 2808 honores

2208 2841 2376 2905 Nunc,
2402 2842 2527 2897 olim
2557 2840 2780 2895 Domino
2808 2841 3087 2895 restituere
3117 2847 3230 2896 tuo.

2138 2931 2311 2987 Credo
2334 2947 2496 2986 unum
2524 2931 2739 2985 vincent
2760 2930 2890 2999 justi
2915 2930 3020 2985 duo
3042 2939 3397 3001 peccatorem,

2209 3023 2275 3078 Et
2299 3033 2383 3079 tua
2418 3025 2663 3079 fraternas
2689 3032 2813 3079 vota
2843 3039 3030 3095 preces
3054 3025 3285 3096 abigent.

2064 3113 2109 3176 C
2140 3112 2281 3187 Ergo
2305 3114 2437 3181 redi,
2466 3124 2571 3182 qua
2605 3128 2736 3168 voce
2763 3129 2976 3183 parens,
2998 3128 3101 3182 qua
3123 3114 3379 3183 sanguine
3400 3111 3583 3183 frater,

2212 3201 2381 3257 Ambo
2401 3202 2706 3258 sacerdotes
2734 3211 2785 3257 te
2813 3217 3051 3256 remeare
3074 3201 3281 3271 jubent.

2139 3293 2217 3348 Ad
2239 3300 2326 3348 tua
2351 3302 2403 3347 te
2431 3292 2724 3357 retrahunt,
2756 3307 2879 3345 nam
2905 3307 3044 3346 nunc
3067 3292 3241 3347 aliena
3267 3291 3340 3363 (ε)
3365 3294 3592 3362 petescis
3619 3310 3635 3357 ;

2207 3384 2330 3439 iizec
2356 3398 2527 3452 mage,
2558 3398 2677 3452 quae
2706 3384 2938 3437 retinent
2958 3399 3122 3453 regna
3148 3383 3245 3450 tui,
3276 3392 3365 3437 tua
3396 3394 3537 3438 sunt.

2135 3474 2260 3529 Haec
2287 3483 2488 3544 repete,
2518 3474 2602 3528 his
2630 3474 2803 3539 inhia;
2835 3474 3070 3529 externis
3107 3489 3174 3529 ne
3212 3483 3432 3529 contere
3468 3484 3679 3546 tempus

2206 3563 2263 3618 Si
2289 3570 2381 3618 tua
2410 3564 2661 3626 nolueris,
2692 3563 2971 3631 quisquam
2996 3563 3168 3617 aliena
3189 3561 3377 3616 dabit?

2135 3650 2249 3707 Non
2272 3652 2378 3707 eris
2406 3652 2518 3720 ipse
2547 3658 2698 3714 tuus;
2730 3650 3030 3719 missusque
3058 3663 3154 3720 per
3180 3658 3362 3704 extera
3390 3650 3547 3720 longe

2204 3740 2474 3804 Sensibus,
2507 3740 2608 3794 heu
2634 3740 2646 3791 !
2681 3740 2879 3808 proprii
2900 3740 3131 3809 pectoris
3154 3740 3305 3794 exsul
3333 3754 3476 3808 ages.

2132 3829 2426 3885 Sollicitum
2446 3828 2573 3883 satis
2595 3828 2709 3882 haec
2735 3836 2861 3883 nato
2887 3828 3143 3883 cecinisse
3170 3837 3463 3897 parentem,

2203 3920 2337 3973 Dum
2364 3919 2478 3983 tibi,
2509 3934 2626 3987 qua:
2656 3920 2916 3985 mihimet,
2938 3918 3023 3973 vel
3049 3918 3191 3982 volo,
3222 3918 3307 3972 vei
3337 3926 3540 3972 metuo.

2133 4010 2254 4065 Haec
2282 4010 2404 4074 tibi;
2436 4010 2479 4065 si
2507 4010 2720 4079 recipis,
2754 4009 2888 4064 feret
2912 4009 3038 4063 olim
3068 4010 3257 4078 pagina
3287 4010 3447 4062 vitam
3477 4027 3491 4064 :

2201 4099 2257 4155 Si
2286 4100 2485 4165 renuis,
2514 4100 2698 4154 eadem
2728 4100 2841 4153 haec
2866 4098 3059 4168 pagina
3090 4098 3239 4152 testis
3266 4099 3387 4151 erit.

2132 4189 2455 4245 incolumem
2482 4190 2610 4243 mihi
2642 4188 2801 4257 te,iiii
2829 4189 3120 4251 carissime,
3145 4186 3390 4243 Christus

2202 4278 2431 4345 Aunuat,
2455 4285 2510 4332 et
2530 4292 2740 4332 servum
2769 4277 2859 4331 det
2885 4276 2983 4331 sibi
3011 4284 3293 4345 perpetuo.

2130 4367 2259 4423 Vive
2285 4382 2498 4437 precor,
2528 4367 2621 4423 sed
2650 4368 2766 4422 vive
2796 4368 2904 4421 Deo
2932 4384 2944 4418 :
2979 4380 3099 4419 nam
3129 4364 3310 4416 vivere
3335 4367 3530 4421 mundo

2052 4470 2102 4529 ι)
2195 4458 2380 4515 Mortis
2407 4476 2563 4531 opus,
2589 4475 2715 4515 vera
2745 4467 2826 4514 est
2853 4459 3030 4514 vivere
3057 4456 3167 4511 vita
3192 4456 3327 4511 Deo.

1540 4998 1561 5027 ο
1590 4988 1777 5046 Matth.
1810 5009 1888 5061 vr,
1912 4994 1999 5050 24.
2076 4997 2101 5035 ἀ
2130 4999 2325 5071 Ephes.
2359 5019 2428 5068 tv,
2453 5004 2506 5057 5.
2585 5015 2607 5042 θ
2630 5002 2687 5059 id
2707 5014 2788 5061 est
2814 5007 2973 5076 ﬁlius.
3008 5005 3070 5063 V.
3098 5024 3262 5067 carm.
3290 5011 3375 5077 i8,
3403 5026 3541 5067 vers.
3576 5012 3701 5068 2‘26.

2126 5155 2242 5227 gina
2264 5156 2419 5227 leris;
2450 5163 2505 5209 et
2524 5156 2575 5227 in
2597 5157 2835 5224 epist.‘26
2850 5159 2940 5227 (al.
2965 5159 3055 5227 39)
3077 5160 3349 5225 Augusﬁni
3371 5163 3434 5215 ad
3455 5165 3702 5221 eumdem

2128 5222 2441 5301 Licentium,
2471 5225 2610 5278 unde
2632 5222 2743 5301 inec
2764 5222 3018 5301 deslumsit
3040 5222 3288 5284 Paulinus
3315 5251 3326 5282 :
3356 5231 3544 5301 Iugum
3566 5237 3701 5287 enim

2123 5309 2239 5366 ejus
2262 5294 2374 5366 lene
2399 5303 2506 5366 est,
2526 5303 2573 5346 et
2595 5297 2801 5366 sarcina
2820 5298 2929 5366 ejus
2959 5298 3080 5351 levis
3097 5310 3190 5361 est,
3217 5308 3273 5353 et
3300 5301 3350 5353 in
3375 5294 3611 5356 carmine
3634 5305 3701 5356 de

2125 5362 2181 5415 S.
2210 5362 2453 5435 Johanne
2475 5362 2729 5435 Baptista,
2761 5362 2961 5435 pondus
2989 5368 3112 5425 leve.
3138 5385 3277 5423 vers.
3308 5369 3433 5423 29L

2199 5432 2276 5501 (d)
2302 5432 2393 5503 Sic
2414 5448 2537 5485 mss.
2562 5432 2861 5503 quindecim
2886 5445 2940 5490 et
2960 5438 3087 5491 edit.
3114 5435 3308 5491 Bened.
3333 5440 3496 5493 ceteri
3517 5440 3699 5503 codd,

2124 5500 2266 5567 ﬁdei.
2298 5500 2429 5555 Vide
2457 5500 2619 5555 carm.
2650 5502 2734 5564 i9,
2754 5520 2893 5558 vers.
2913 5505 3032 5569 128,
3064 5515 3118 5559 et
3148 5515 3259 5560 not.
3285 5508 3408 5560 5'54.

2197 5571 2267 5646 (ρ)
2287 5570 2384 5646 ita
2398 5586 2539 5646 _mss._
2562 5572 2801 5646 plerique
2828 5589 2947 5627 cum
2986 5574 3115 5646 etl_it.
3150 5576 3347 5629 Bened.
3377 5592 3474 5628 ms.
3512 5593 3528 5629 ι
3558 5575 3696 5646 iiig..

2120 5639 2342 5709 petissis.
2368 5640 2462 5696 Ms.
2494 5642 2627 5696 alter
2647 5642 2782 5709 Big..
2814 5646 3003 5711 petisti.
3036 5642 3131 5700 Ed.
3165 5646 3349 5707 Rosv.,
3380 5648 3600 5717 petiuit.
