4020 6186
295 339 383 399 185

804 452 1136 511 EPISTULA
1174 458 1186 476 ⁸
1230 449 1319 506 IX.

406 589 693 659 Delphinus
722 589 787 641 ab
816 588 1052 659 Amantio
1091 586 1339 659 impulsus
1369 586 1537 659 fuerat
1563 592 1618 659 ut
1649 599 1680 634 a
1710 581 1853 633 Pau-

365 650 451 715 ino
470 650 668 723 aiiquid
699 656 947 711 salutaris
971 650 1218 708 doctrina:
1238 650 1443 723 peteret.
1474 652 1547 703 Ea
1572 650 1633 703 de
1658 668 1712 703 re
1732 667 1853 723 que-

347 732 475 783 ritur
502 721 570 780 ad
594 729 889 780 Amandum
914 725 1137 777 scribens
1170 721 1439 783 Paulinus,
1469 736 1718 773 excusans
1755 721 1853 771 im-

348 801 583 865 peritiam
630 814 800 857 suam,
833 805 878 847 et
912 810 1059 861 opem
1084 795 1311 865 ipsorum
1338 792 1662 865 implorans:
1693 788 1852 865 multa

344 859 528 924 iterum
556 867 624 920 ad
644 867 851 919 pietatis
880 859 1249 917 institutiOnent
1269 862 1525 929 sapienter
1545 859 1813 929 inspergit.

344 1002 548 1055 Sancto
590 1008 646 1053 et
688 1014 819 1052 vere
856 997 1125 1061 unanimo,
1170 1001 1226 1050 et
1275 993 1466 1048 merito
1501 991 1850 1047 dilectissimo

280 1073 499 1126 AIANDO
527 1069 814 1123 PAULINUS.

344 1206 398 1257 1.
442 1204 710 1269 Quantum
750 1198 1016 1265 intelligo,
1044 1194 1187 1264 quod
1216 1193 1312 1249 tibi
1340 1194 1392 1247 in
1433 1208 1615 1247 aurem
1640 1194 1852 1259 loquor,

277 1303 329 1348 tu
356 1310 523 1363 supra
548 1299 747 1345 tectum
777 1287 1034 1358 praedicas
1063 1296 1088 1323 ἰ
1114 1304 1125 1337 :
1150 1280 1582 1353 quandoquidem
1611 1283 1737 1336 dum
1769 1298 1855 1336 me

274 1384 499 1441 nimium
531 1379 724 1447 diligis,
756 1385 811 1431 et
856 1376 1080 1429 nimium
1108 1372 1201 1427 tibi
1230 1372 1297 1426 de
1338 1371 1501 1426 fratre
1532 1372 1712 1440 inepto
1738 1372 1852 1440 pla-

278 1488 385 1537 ces,
418 1471 581 1524 etiam
611 1466 782 1521 sancti
822 1480 885 1518 ac
908 1461 1225 1517 venerabilis
1264 1459 1417 1513 nobis
1439 1458 1735 1513 communis
1760 1474 1855 1526 pa-

279 1563 368 1614 tris
390 1559 614 1612 auribus
639 1554 907 1609 insinuare
932 1569 1039 1606 non
1063 1550 1275 1605 dubitas
1300 1558 1354 1604 et
1381 1549 1696 1616 insipientia:
1724 1564 1853 1602 meae

278 1650 659 1710 temeritatem,
681 1658 783 1712 qua
810 1654 862 1695 te
884 1642 1057 1709 magis
1109 1639 1278 1693 audeo
1300 1655 1456 1707 quam
1488 1638 1632 1691 illum
1664 1639 1714 1690 in
1738 1652 1855 1691 ver-

278 1737 351 1790 bis
382 1736 520 1789 meis
550 1743 913 1788 contemnere.
946 1726 1077 1782 Nam
1107 1728 1247 1782 unde
1274 1743 1360 1781 me
1408 1727 1653 1781 idoneum
1702 1734 1853 1797 puta-

1677 335 2001 394 EPISTULA
2041 332 2104 391 IX

1874 457 1922 512 Α
1950 458 2072 504 strze
2096 447 2315 515 judicio,
2344 456 2398 502 et
2422 447 2621 517 proprii
2659 447 2919 502 sermonis
2959 447 3286 516 querimonia
3314 450 3517 505 excita-

3422 337 3519 394 186

1953 554 2149 601 remur,
2182 548 2238 591 ut
2261 538 2342 591 vel
2386 554 2508 591 sero
2533 537 2610 608 (ά)
2639 553 2915 606 possemus
2948 538 3162 592 dicere:
3198 538 3350 592 Nunc
3369 542 3521 606 ccepi-

1953 646 2084 690 mus,
2116 629 2225 679 haec
2253 629 2466 681 mutatio
2497 628 2720 681 dextera:
2761 626 3007 680 Excelsi"
3033 643 3050 679 :
3082 626 3186 680 Sed
3215 637 3410 680 ventres
3439 630 3518 696 pi-

1952 716 2077 787 gril
2128 732 2330 780 sumus,
2384 724 2439 770 et
2494 716 2695 770 idcirco
2745 717 2972 769 adha'ret
3018 716 3301 783 pavimento
3348 716 3519 769 anima

1952 819 2181 862 nostram
2210 810 2451 875 quamvis
2473 807 2785 876 jamdudum
2807 809 2853 861 ei
2883 807 3152 861 dixeritis:
3179 808 3249 875 (e)
3282 806 3438 877 Erige
3478 818 3523 860 te

1953 918 1985 953 α
2012 902 2243 963 mortuis,
2284 909 2341 952 ut
2380 900 2604 969 attingas
2637 898 2890 951 Christum
2913 907 2961 952 η.
2990 897 3158 963 Quem
3184 898 3395 966 quidem
3420 898 3525 951 Do-

1952 990 2152 1042 minum
2184 990 2486 1042 interventu
2511 988 2632 1041 fidei
2660 996 2868 1052 vestrm,
2899 1001 2997 1056 per
3015 989 3196 1054 gratia:
3218 1002 3523 1041 sacramen-

1953 1087 2065 1132 tum
2096 1078 2419 1147 imposuistis
2459 1078 2511 1130 in
2543 1078 2839 1131 naviculam
2867 1078 3043 1131 cordis
3071 1079 3238 1131 nostri
3281 1078 3373 1145 (V.
3406 1086 3521 1131 not.

1952 1165 2044 1235 26)
2070 1177 2115 1218 υ.
2144 1166 2250 1221 Sed
2275 1167 2398 1235 quia
2428 1182 2618 1220 somno
2657 1166 2858 1220 inertia:
2893 1176 3091 1219 nostrae
3117 1166 3436 1220 obdormivit
3471 1169 3523 1220 in

1955 1257 2274 1326 nobis,opus
2300 1266 2465 1313 estut
2491 1273 2612 1312 eum
2641 1258 2905 1320 excitetis,
2937 1266 2995 1311 ut
3030 1266 3270 1325 assurgat
3297 1259 3348 1310 in
3380 1260 3524 1313 exci-

1955 1350 2210 1403 tationem
2252 1350 2443 1403 animte
2480 1358 2709 1415 nostrze;
2754 1351 2981 1417 imperet
3007 1351 3272 1404 silentium
3302 1354 3524 1405 turbidis

1953 1438 2333 1506 cogitationum
2383 1438 2713 1493 terrestrium
2756 1437 2991 1501 ﬂatibus,
3024 1446 3077 1491 et
3122 1454 3374 1492 sensuum
3426 1438 3521 1493 n6-

1951 1538 2182 1581 strorum
2212 1527 2403 1583 fluctus
2449 1529 2596 1583 verbi
2624 1530 2703 1581 sui
2734 1543 2867 1596 pace
2904 1537 3208 1596 componat,
3242 1538 3300 1582 ut
3338 1528 3427 1581 tiat
3467 1530 3520 1582 in

1953 1623 2113 1678 corde
2142 1633 2326 1677 nostro
2366 1633 2511 1677 casta
2553 1622 2936 1690 tranquillitas;
2968 1630 3023 1675 et
3064 1622 3252 1690 spiritu
3282 1622 3521 1675 veritatis

1954 1715 2328 1781 gubernatore,
2353 1730 2415 1768 ac
2440 1715 2531 1768 Dei
2558 1714 2719 1775 verbo
2750 1714 2971 1779 remige,
2998 1712 3286 1779 dirigamur
3306 1711 3371 1765 ad
3398 1728 3523 1781 por-

279 1836 352 1879 ret
385 1826 495 1885 ille,
522 1840 552 1875 a
581 1838 688 1890 quo
716 1819 915 1888 aliquid
953 1818 1141 1888 Spiritu
1184 1834 1281 1872 suo
1320 1817 1531 1885 dignum
1570 1818 1621 1870 in
1657 1815 1849 1871 litteris
1881 1806 1922 1863 B
1954 1811 2060 1856 tum
2093 1804 2378 1857 voluntatis
2402 1811 2595 1856 nostra:
2618 1815 2663 1856 P.

277 1916 628 1979 desideraret,
670 1914 768 1965 nisi
809 1920 865 1964 tu
914 1910 984 1963 illi
1033 1910 1418 1979 persuasisses,
1451 1908 1641 1962 affectu
1681 1910 1849 1973 magis

278 2021 437 2074 quam
478 2002 682 2071 judicio
714 2000 784 2053 ita
814 2000 1066 2063 sentiens,
1109 2013 1283 2051 meum
1312 2012 1523 2066 quoque
1571 2012 1631 2050 os
1668 2012 1698 2049 a
1740 1997 1847 2050 Do-

276 2094 424 2147 mino
453 2094 592 2145 inter
620 2106 713 2143 ora
746 2098 1010 2142 mutorum
1048 2095 1103 2140 et
1147 2085 1425 2139 infantium
1458 2085 1505 2149 ι’,
1548 2085 1614 2139 de
1657 2085 1849 2152 quibus

276 2182 484 2238 laudem
530 2194 680 2233 suam
736 2178 946 2247 perlicit
987 2176 1372 2246 Omnipotens,
1428 2177 1586 2229 fuisse
1639 2192 1847 2230 resera-

275 2283 379 2327 tum
406 2275 431 2325 ἲ
476 2270 635 2324 lubet
674 2283 802 2336 ergo
847 2283 931 2321 me
972 2268 1072 2319 sibi
1119 2280 1417 2320 sermonem
1455 2265 1714 2333 Spirilali,
1746 2265 1847 2319 hoc

276 2374 382 2430 est,
429 2379 530 2416 suo
570 2361 680 2414 sale
722 2358 992 2411 conditum
1037 2371 1283 2424 promere
1316 2365 1338 2392 ο
1376 2372 1387 2403 :
1430 2355 1669 2407 meminit
1705 2355 1845 2407 enim

276 2452 417 2521 quod
456 2465 542 2503 me
580 2449 729 2502 verbi
766 2448 845 2501 sui
876 2446 986 2499 sale
1014 2445 1321 2512 asperserit.
1354 2442 1536 2509 Neque
1583 2450 1755 2496 cessat
1795 2443 1847 2495 id

275 2540 451 2595 facere
483 2557 497 2591 :
530 2553 652 2591 nam
676 2550 863 2589 omnes
892 2533 1019 2585 mihi
1044 2532 1234 2585 litterze
1262 2531 1402 2583 illius
1423 2530 1677 2597 spiritalia
1713 2545 1845 2582 con-

276 2636 511 2689 dimenta
553 2620 698 2685 sunt.
727 2628 819 2681 Est
847 2627 987 2680 enim
1017 2633 1070 2678 et
1098 2625 1211 2693 ipse
1238 2624 1317 2676 sal
1359 2632 1511 2675 terra:
1531 2620 1578 2685 ἀ,
1614 2620 1846 2674 vividum

275 2726 513 2780 referens
544 2728 557 2753 ¹
591 2719 901 2789 apostolica:
930 2716 1183 2770 doctrina:
1211 2728 1489 2783 saporem;
1536 2714 1628 2766 sed
1658 2726 1848 2765 vereor

275 2830 337 2868 ne
374 2814 546 2867 salem
584 2811 701 2878 ejus
740 2809 939 2863 insulso
983 2805 1144 2860 corde
1180 2820 1283 2857 non
1325 2802 1597 2865 duxerim;
1632 2816 1729 2855 nec
1768 2800 1845 2868 (a)

273 2905 466 2957 sentiat
502 2903 557 2956 in
585 2917 693 2968 quo
722 2898 1002 2953 condiatur
1031 2907 1073 2959 θ,
1098 2904 1153 2948 ιιι
1182 2894 1391 2947 Domini
1415 2894 1726 2946 suavitatem
1757 2909 1845 2947 sa-

275 2994 401 3062 piat,
422 3006 616 3045 sensus
644 3005 816 3052 meus,
830 2988 873 3041 si
897 2986 948 3039 in
976 3001 1039 3039 eo
1064 2985 1305 3053 Delphini
1321 2998 1482 3052 sapor
1503 2998 1844 3049 evanescere,

276 3092 325 3138 et
349 3084 501 3150 vigor
530 3080 706 3150 potuit
734 3078 977 3132 hebetari
1012 3076 1105 3146 (b).

2017 1895 2069 1946 '5.
2112 1895 2241 1948 Nam
2272 1911 2383 1965 qua:
2407 1904 2482 1947 est
2507 1895 2820 1963 exspectatio
2850 1902 3047 1959 nostra,
3079 1893 3178 1944 nisi
3216 1891 3467 1945 Dominus
3492 1904 3519 1942 ιι

1947 1982 2117 2046 Jcsus,
2161 1984 2243 2053 qui
2274 1993 2451 2051 potens
2497 1992 2574 2035 est
2616 1983 2783 2036 salvos
2823 1985 2994 2051 facere
3040 1997 3133 2033 nos
3174 1981 3243 2050 (f)
3274 1998 3305 2032 α
3332 1983 3519 2050 pusillo

1947 2075 2120 2126 animo
2149 2083 2198 2125 et
2227 2082 2518 2142 tempestate
2544 2074 2603 2125 τί)
2637 2081 2692 2125 ει
2732 2086 2967 2125 annuere
2996 2074 3014 2101 ¹
3045 2071 3376 2126 orationibus
3418 2087 3514 2126 ve-

1946 2165 2087 2227 stris,
2111 2180 2174 2216 ne
2201 2164 2295 2232 ﬁat
2324 2165 2445 2233 fuga
2469 2171 2648 2215 nostra
2677 2162 2836 2214 hieme
2863 2170 2950 2213 aut
2980 2160 3189 2213 sabbato
3209 2170 3252 2222 ⁸,
3284 2161 3387 2215 hoc
3413 2169 3514 2225 est,

1948 2252 1999 2304 in
2030 2252 2140 2305 otio
2171 2251 2484 2320 spiritalium
2514 2250 2847 2317 negotiorum
2868 2292 2884 2316 ,
2924 2256 2978 2301 et
3003 2249 3265 2302 bonorum
3295 2265 3517 2319 operum

1946 2341 2168 2394 stcrilita
2178 2347 2245 2393 te.
2264 2339 2553 2393 Sabbatum
2573 2338 2714 2391 enim
2736 2338 2965 2391 otiosum
2987 2345 3089 2402 est,
3106 2345 3160 2391 et
3180 2337 3349 2391 hiems
3378 2338 3517 2392 nuda

1948 2431 2300 2484 nascentium.
2340 2429 2525 2496 Itaque
2566 2429 2610 2482 si
2642 2444 2748 2481 non
2791 2427 2989 2482 carnali
3039 2427 3394 2492 observantia,
3416 2426 3518 2483 sed

1947 2521 2189 2589 spiritali,
2220 2518 2589 2572 abstinentes’
2636 2532 2737 2569 nos
2782 2518 2849 2570 ab
2900 2520 3045 2569 omni
3101 2530 3264 2584 opere
3314 2515 3519 2582 servili,

1947 2611 2091 2678 quod
2120 2618 2202 2662 est
2230 2608 2339 2661 vita
2368 2608 2388 2635 ‘
2416 2610 2639 2677 peccati;
2668 2607 2753 2660 cui
2798 2606 3007 2659 deditus
3053 2620 3177 2658 vere
3220 2621 3394 2658 servus
3422 2616 3516 2667 est,

1946 2714 1994 2756 et
2022 2705 2076 2756 in
2107 2710 2258 2756 domo
2283 2718 2384 2755 non
2424 2709 2594 2755 manet
2620 2701 2662 2765 ι,
2693 2712 2897 2766 agimus
2927 2698 3205 2752 sabbatum
3235 2706 3282 2763 υ,
3315 2714 3421 2751 non
3454 2698 3517 2750 il-

1949 2794 2036 2847 lud
2064 2793 2206 2861 quod
2238 2808 2344 2846 non
2387 2792 2616 2845 sustinet
2661 2790 2835 2842 anima
2884 2788 3115 2853 Domini,
3149 2789 3241 2841 sed
3284 2788 3429 2851 illud,
3464 2789 3517 2841 in

1946 2899 2054 2952 quo
2084 2884 2177 2935 Dei
2218 2883 2429 2950 requies
2476 2889 2594 2945 est;
2625 2880 2715 2948 qui
2747 2880 2797 2932 in
2829 2880 3011 2933 humili
3058 2880 3397 2933 trementium
3437 2880 3517 2932 fa-

1948 2974 2210 3028 mulorum
2240 2973 2403 3027 corde
2429 2972 2715 3039 requiescit
2742 2981 2790 3037 ν,
2822 2985 2921 3024 nec
2959 2971 3179 3023 hiberna
3226 2980 3519 3038 tempestas

1949 3063 2122 3130 fugam
2146 3071 2381 3117 nostram
2411 3062 2677 3129 opprimet
2700 3077 2714 3126 ;
2741 3068 2795 3114 et
2821 3060 2971 3128 quasi
3002 3060 3195 3127 frigore
3224 3059 3404 3128 pigros
3425 3075 3518 3128 pe-

336 3173 389 3226 2.
429 3172 563 3238 Quis
610 3184 697 3223 me
742 3168 1006 3222 dicentem
1047 3166 1331 3231 excitavit,
1363 3163 1465 3218 Leo
1505 3173 1581 3218 est
1622 3165 1675 3217 in
1713 3166 1805 3217 viis
1829 3205 1843 3229 ,
1872 3156 1919 3217 C
1949 3157 2042 3211 des
2063 3156 2131 3210 ab
2156 3153 2414 3210 evadendi
2444 3152 2686 3207 libertate
2712 3152 2980 3215 retinebit,
3010 3151 3054 3204 si
3093 3167 3181 3220 spe
3217 3151 3518 3220 gaudentes,

274 3265 323 3316 in
356 3263 545 3331 plateis
586 3268 757 3312 autem
802 3257 1071 3311 homicida:
1105 3256 1159 3309 εἳ
1186 3255 1301 3309 Non
1330 3255 1445 3324 apis
1471 3255 1706 3324 mystica:
1734 3263 1846 3307 stu-

274 3353 377 3419 dio,
406 3368 517 3406 non
546 3351 784 3404 formica:
808 3359 831 3395 8
858 3348 1069 3402 solertis
1094 3347 1341 3415 exemplo
1369 3346 1433 3399 ad
1459 3345 1844 3414 providentiam

274 3442 387 3495 vita:
415 3450 472 3495 et
513 3440 760 3494 utilitatis
788 3452 1006 3506 operam
1053 3438 1403 3498 suscitamur;
1435 3434 1528 3489 sed
1575 3433 1842 3487 modicum

275 3531 582 3592 dormimus,
617 3530 885 3583 modicum
906 3541 1034 3581 vero
1059 3526 1428 3591 dormitamus,
1456 3525 1726 3578 modicum
1748 3539 1845 3576 au--

276 3629 373 3677 tem
396 3621 646 3673 manibus
672 3617 1079 3685 complectimur
1098 3606 1359 3685 pectus'h;
1388 3622 1444 3668 et
1472 3616 1671 3668 interea
1694 3613 1849 3669 nobis

275 3713 448 3781 inopia
506 3720 778 3777 tamquam
828 3707 1001 3761 bonus
1040 3721 1227 3760 cursor
1277 3706 1539 3769 occurrit;
1572 3712 1627 3758 et
1653 3704 1740 3757 ille
1766 3704 1845 3756 di-

276 3820 351 3857 ces
382 3804 470 3874 qui
492 3818 689 3871 pauper
719 3802 883 3869 {actus
912 3808 1008 3861 est,
1049 3807 1105 3851 ut
1131 3814 1224 3851 nos
1249 3812 1366 3851 vere
1391 3813 1575 3867 egenos
1602 3813 1695 3849 sua
1717 3812 1845 3865 pau-

274 3903 468 3963 pertate
508 3894 695 3945 ditaret
732 3890 770 3955 ί,
800 3889 985 3943 videns
1030 3903 1128 3943 nos
1166 3888 1217 3941 in
1249 3894 1430 3941 nostra
1469 3895 1707 3953 egestate
1747 3885 1836 3939 du-

274 3995 471 4050 rantes,
504 3984 699 4037 merito
730 3981 802 4051 (c)
845 3979 1225 4049 proclamavit:
1261 3977 1389 4041 Quae
1415 3978 1610 4031 utilitas
1639 3978 1691 4029 in
1731 3993 1850 4030 san-

273 4076 421 4142 guiue
448 4090 587 4139 meo,
608 4073 730 4124 dum
757 4070 864 4141 Μ
890 4069 1138 4122 descendo
1173 4070 1229 4121 in
1255 4066 1627 4136 corruptionem
1652 4066 1665 4115 i
1697 4064 1847 4119 ?Sed

276 4164 474 4216 utinam
503 4162 589 4216 vel
619 4161 743 4214 dmn
771 4160 884 4213 htec
918 4158 1200 4228 loquimur,
1231 4157 1349 4225 ipso
1386 4155 1724 4210 conscientia:
1750 4169 1844 4207 no-

1951 3256 2006 3301 et
2044 3246 2226 3316 spiritu
2260 3246 2511 3314 ferventes
2536 3251 2581 3307 ι,
2632 3256 2738 3295 non
2786 3241 3075 3295 contractis
3120 3240 3355 3293 avaritia:
3399 3241 3518 3305 gelu

1951 3336 2213 3401 manibus,
2245 3334 2339 3389 sed
2359 3333 2557 3403 apertis
2576 3332 2853 3400 refrigerio
2874 3330 3270 3396 misericordiae,
3293 3330 3520 3385 furtivus

1950 3429 2039 3483 ille
2066 3444 2163 3482 nos
2192 3428 2336 3481 horze
2364 3425 2661 3479 novissima:
2689 3432 3042 3492 superventus
3060 3433 3089 3471 γ
3111 3423 3345 3477 inveniat
3363 3438 3520 3492 oper-

1952 3526 2037 3572 tos
2065 3526 2225 3586 atque
2254 3517 2473 3569 vestitos
2499 3513 2818 3568 salutaribus
2843 3528 3063 3582 operum
3094 3511 3321 3566 fidelium
3365 3519 3516 3579 tegu-

1950 3611 2144 3664 mentis
2175 3619 2218 3671 ι,
2251 3617 2309 3661 ιιι
2331 3607 2595 3677 possimus
2625 3605 2700 3675 (g)
2730 3604 2981 3657 sustinere
3008 3612 3127 3655 ante
3147 3605 3330 3672 faciem
3360 3604 3520 3673 frigo-

1946 3703 2020 3756 ris
2046 3701 2155 3771 ejus
2184 3708 2237 3737 ι·
2263 3716 2281 3763 ;
2310 3698 2402 3765 qui
2425 3712 2521 3749 nos
2550 3696 2671 3748 ideo
2699 3709 2840 3747 nunc
2868 3694 2920 3746 in
2950 3693 3140 3745 timore
3167 3691 3415 3758 praecepti
3437 3691 3518 3743 sui

1950 3792 2062 3845 vult
2100 3789 2237 3843 efﬁci
2264 3795 2611 3857 prteparatos,
2644 3791 2700 3836 ut
2744 3783 2798 3835 in
2826 3782 2913 3849 die
2951 3781 3042 3835 ira:
3079 3780 3314 3833 inveniat
3343 3779 3519 3833 absol-

1950 3880 2168 3935 vendos.

2021 3968 2073 4025 Δ.
2113 3969 2311 4022 Favete
2337 3981 2479 4020 nunc
2506 3965 2666 4032 igitur
2688 4004 2703 4027 ,
2732 3969 2786 4016 et
2826 3968 2978 4015 orate
3000 4000 3014 4027 ,
3047 3967 3105 4013 ut
3146 3956 3516 4027 apprehenda‘

1951 4076 2086 4125 mus,
2106 4061 2158 4113 in
2173 4074 2279 4128 quo
2308 4054 2625 4126 apprehensi
2653 4068 2835 4107 sumus
2856 4050 2935 4113 δι’,
2966 4057 3018 4103 et
3047 4048 3393 4103 extendentes
3422 4060 3518 4097 nos

1953 4150 2018 4205 ad
2063 4148 2308 4203 bravium
2357 4160 2598 4215 supernte
2639 4141 2951 4208 vocationis,
2982 4139 3356 4193 obliviscamur
3402 4148 3519 4202 quae

343 4352 367 4379 α
392 4341 583 4394 Matth.
618 4355 672 4398 χ,
698 4336 764 4391 27
790 4354 805 4400 ;
836 4335 963 4389 Luc.
999 4350 1096 4395 χιι,
1126 4333 1178 4387 3.
1255 4333 1282 4371 δ
1308 4333 1434 4401 Sap.
1468 4348 1522 4395 χ,
1547 4329 1816 4401 ειλρεθι.
1847 4346 1848 4351 η

1948 4366 1958 4388 ,
1997 4325 2051 4379 5.
2118 4335 2154 4401 ξ
2173 4323 2289 4377 Col.
2348 4338 2420 4386 tv,
2584 4316 2617 4401 Ad
2641 4318 2912 4401 Mattlri‘.vv,
2955 4314 3060 4401 [ἐς
3109 4311 3270 4367 Marc.
3316 4328 3397 4401 ᾗ,

278 4423 301 4448 ο
328 4410 459 4464 Luc.
494 4426 600 4467 xw,
632 4380 719 4460 δί.
791 4380 813 4444 ἲ
842 4405 998 4457 Prov.
1041 4380 1169 4467 xit",
1204 4403 1288 4467 l5,
1334 4380 1409 4456 etr
1435 4380 1577 4464 xxvi,
1610 4380 1698 4459 1⁷5,
1720 4414 1837 4467 sec.

1948 4380 1993 4448 it.
2070 4394 2281 4467 “Prov.
2327 4380 2501 4467 ξιξ-6,
2546 4397 2600 4441 ει
2632 4385 2895 4467 ηιμβῦ..
2925 4380 3399 4467 :‘Prov‘kvthig,
3434 4380 3519 4467 1.1.

276 4491 325 4533 et
364 4477 636 4559 sxw/1:55,
653 4476 811 4559 iurata
841 4472 1019 4559 LXX...
1068 4474 1080 4508 ί
1110 4473 1150 4559 ll
1179 4472 1336 4559 ρει-,ι
1364 4487 1476 4536 vm,

275 4566 452 4611 cxvm,

274 4635 414 4680 xxrv,
438 4608 536 4680 '20;
563 4613 724 4667 Marc.
753 4608 864 4673 im,
895 4613 981 4665 t8.
1069 4608 1265 4665 "Joan.
1291 4626 1400 4673 vin,
1424 4608 1513 4680 55.

1666 4456 1857 4519 1ῬδτιΙ.
1909 4481 2070 4528 χχιχ,
2117 4463 2205 4516 10.
2270 4460 2295 4498 κ
2327 4456 2464 4514 Psal.
2495 4473 2683 4521 LXXVI,
2711 4456 2797 4528 [1.

652 4525 852 4613 tripli.
875 4561 927 4607 v,
962 4541 1047 4594 M.
1111 4525 1149 4613 ξι
1178 4541 1364 4593 Matth.
1397 4525 1515 4613 viti,
1546 4537 1661 4613 2'5._
1711 4546 1737 4613 If
1768 4534 1848 4589 Ps:

1948 4525 2174 4613 ανηβο..
2244 4542 2269 4579 (ι
2294 4530 2435 4613 Ρειιε.
2474 4542 2688 4613 xxxvi",
2721 4525 2773 4576 8.

1592 4617 1614 4642 υ
1641 4604 1765 4660 lsai.
1799 4622 1834 4669 ι,
1868 4604 1954 4657 1⁵5.
2024 4613 2049 4653 3
2075 4602 2197 4656 lsai.
2229 4616 2372 4665 LXVI,
2401 4598 2455 4651 2.

2884 4453 2896 4491 ¹
2925 4452 3028 4506 Tit.
3064 4469 3098 4516 I,
3131 4451 3216 4503 12.
3287 4460 3324 4486 ιη
3348 4449 3521 4514 Psal.,

2860 4533 2881 4560 τ
2907 4522 2994 4574 Ps.
3020 4538 3120 4584 uv,
3153 4520 3205 4572 9.
3287 4526 3309 4553 ³
3334 4518 3521 4571 Matth.

2538 4606 2563 4633 ι
2588 4586 2745 4649 Rom.
2775 4596 2869 4660 sit,
2909 4590 2997 4645 11.
3071 4600 3097 4638 y
3122 4587 3253 4642 Luo.
3276 4604 3385 4653 nt,
3434 4586 3521 4640 54.

278 4671 305 4723 ἶ
326 4688 370 4741 ιι
391 4671 534 4743 Cor:
552 4700 604 4745 v,
626 4682 679 4735 5.
730 4693 787 4719 ενι
810 4671 948 4736 Psal.
979 4697 1173 4746 cnvn,
1208 4680 1290 4743 17,
1314 4671 1423 4734 sec.
1451 4675 1613 4731 LXX.
1689 4674 1745 4713 δι’
1768 4674 1844 4728 Ph

1948 4712 1961 4726 .
1994 4688 2068 4738 nt,
2093 4671 2179 4725 i2.

338 4849 354 4866 ‘
385 4839 544 4894 Alias
569 4836 671 4903 22;
708 4848 827 4906 quae
854 4840 1033 4888 autem
1063 4839 1180 4888 erat
1216 4832 1274 4900 9,
1323 4844 1465 4885 nunc
1510 4826 1599 4882 28.
1645 4827 1854 4896 Scripta
1882 4840 2023 4881 anno
2050 4822 2175 4879 596.

1880 5005 1934 5065 1)
2029 4998 2101 5069 (ι’)
2131 4996 2207 5051 lla
2230 4995 2281 5069 in
2311 4989 2590 5069 Psalteriisp
2610 4984 2782 5068 veteri
2811 4991 2865 5040 et
2891 4984 3049 5069 Rom.
3080 4990 3136 5039 et
3173 4982 3312 5069 apud
3416 4981 3524 5069 έρ-

1960 5052 2229 5136 ειιὲίἷηιιηι
2250 5067 2303 5119 in
2321 5058 2714 5136 commentario
2737 5071 2899 5136 super
2917 5054 3172 5136 psalmos.
3193 5052 3351 5136 βριιὰ
3375 5052 3525 5117 LXX,

1960 5122 2016 5192 ἕι
2046 5122 2117 5191 VS.
2170 5134 2445 5194 Hilarium,
2479 5148 2510 5182 a
2538 5122 3067 5201 pusillanimitate..ln
3113 5124 3332 5192 Vulgata
3363 5139 3403 5201 ,α
3433 5140 3525 5201 pit:

1959 5208 2311 5260 sittanimitate
2340 5191 2550 5273 spiritus
2572 5195 2759 5273 :_qu_od
2790 5196 2911 5249 inde
2950 5193 3182 5273 additum
3209 5191 3328 5273 esse
3351 5191 3525 5273 innuit

1961 5276 2017 5331 S.
2068 5262 2421 5344 Hieronymus
2462 5271 2532 5344 ad
2576 5262 2817 5344 Stiniam,
2860 5263 3005 5344 quod
3035 5279 3150 5344 ,ιιι-ο
3200 5262 3527 5344 ὀλίγοῄῖξυχία.

1961 5345 2185 5414 Aquila,
2212 5332 2563 5415 Simmachus
2595 5345 2657 5415 ει
2696 5333 2993 5389 Theodotio
3033 5332 3363 5403 interpretati
3411 5337 3536 5382 sunt

1964 5408 2066 5471 ἀτίὸ
2090 5408 2397 5483 aucupans“,
2419 5427 2454 5483 ᾳ
2482 5408 2685 5483 spiritu:

2033 5486 2112 5607 (ῃ
2140 5470 2288 5537 Ηιιίιε
2310 5470 2593 5536 lectionem
2623 5475 2907 5531 admittunt
2935 5470 3248 5526 Psalterium
3276 5474 3451 5530 vetns,
3480 5470 3538 5517 et

2119 5554 2396 5607 ueustinus
2435 5550 2488 5603 in
2533 5544 2918 5605 commentario
2956 5557 3117 5607 super
3146 5538 3410 5607 psalmos,
3444 5532 3535 5588 ubi

1959 5532 2488 5623 Sfuu-gustinusiin
2522 5532 2918 5605 commentario
2956 5557 3117 5613 super
3146 5538 3410 5610 psalmos,
3444 5532 3535 5588 ubi

1962 5619 2177 5695 legitur;
2204 5625 2314 5695 quis
2342 5619 2602 5676 subsistet.

365 5022 421 5090 a)
455 5018 765 5090 Legendum
796 5014 954 5090 forte,
984 5014 1051 5068 sit
1063 5013 1194 5090 jam.
1210 5008 1476 5090 _Sacchin.
1507 5089 1513 5090 γ
1695 5071 1757 5090 ψ

365 5023 421 5090 a)
455 5023 765 5086 Legendum
796 5023 954 5082 forte,
984 5023 1051 5068 sit
1063 5023 1194 5082 jam.
1226 5023 1476 5064 saccum.

340 5023 418 5161 ξι)
452 5086 835 5161 Postttebetari
862 5084 927 5138 ad
944 5088 1178 5161 _notam-'
1209 5082 1261 5134 in
1288 5078 1526 5161 margine
1564 5071 1851 5161 ms.rVicn.

277 5146 469 5229 legitur
504 5176 517 5209 :
550 5158 653 5209 Hic
696 5154 1096 5229 videtur_deesse
1115 5152 1192 5229 _d_e_
1220 5150 1441 5229 epistola
1477 5146 1711 5229 multum,
1739 5146 1860 5229 qpia

277 5212 598 5285 continuatio
634 5242 765 5295 pene
802 5224 947 5295 nulla
985 5232 1081 5276 est.
1113 5212 1259 5295 lfiihil'
1282 5228 1461 5295 tamen
1503 5213 1726 5295 amplius
1764 5212 1861 5264 ha-

276 5301 399 5356 bent
419 5314 551 5352 mss.
586 5285 718 5363 Beg.
748 5302 805 5347 et
832 5293 951 5363 vat.
982 5300 1037 5345 ct
1064 5290 1191 5344 editi
1222 5288 1431 5363 codices
1459 5285 1714 5363 quinque.

364 5372 415 5439 c)
449 5367 545 5439 Ms.
579 5357 804 5439 Re§_.__et
830 5362 959 5439 editi
984 5370 1111 5439 tres,
1145 5357 1512 5439 prteclamavit.

366 5425 424 5506 α’)
453 5437 527 5507 ita
550 5425 844 5488 ms.'Vien.
874 5430 1055 5507 Ceteri
1079 5425 1316 5507 codices,
1330 5425 1613 5507 possimus:
1660 5504 1687 5507 Α
1749 5503 1765 5507 Α
1786 5487 1824 5507 ν

344 5488 537 5578 ié)’_'sm
556 5519 688 5557 mss.
710 5510 853 5578 tres,
877 5509 931 5554 et
962 5499 1184 5578 totidem
1206 5488 1362 5578 editi.
1390 5493 1451 5578 in
1476 5491 1705 5578 lduobus‘
1741 5488 1858 5578 ed;-

280 5558 648 5643 tisli’Ei-igere.
710 5558 951 5639 Utraque
999 5567 1159 5623 lectio
1206 5566 1365 5621 bona.
1390 5561 1525 5618 Vide
1572 5561 1728 5630 epist.
1768 5558 1861 5619 5‘2,

282 5654 392 5702 not.
414 5645 505 5700 9').
