4006 6180
387 320 485 375 ιετ

1481 309 1537 365 8.
1580 306 1849 364 PAULlNl
1887 301 2136 358 NOLANI
2173 301 2473 360 EPISCOPI

3530 305 3629 361 988

384 442 528 487 retro
553 436 680 486 sunt
703 447 716 482 ε
740 426 1021 498 positaque
1048 426 1101 480 in
1122 432 1302 481 aratro
1321 425 1494 480 crucis
1519 440 1679 478 manu
1706 422 1952 485 mentis',
1982 423 2030 479 A
2056 417 2237 472 ﬁrmos
2259 419 2325 473 ad
2344 418 2739 475 consistendum
2758 418 2813 474 in
2828 416 2914 471 via
2935 417 3142 477 Domini
3165 419 3190 459 ¹ι
3211 439 3225 488 ;
3246 436 3356 479 nec
3377 437 3632 477 movean-

385 523 490 593 45
521 537 631 577 non
660 520 862 575 sulcata
891 518 969 586 (a)
1011 516 1318 586 respiciam,
1347 515 1441 570 sed
1483 514 1735 569 sulcanda
1775 511 1957 581 provi—

386 617 540 670 deam
567 632 581 679 ;
612 614 785 667 donec
808 612 1181 681 perveniamus
1207 610 1275 663 ad
1295 618 1508 673 montes,
1537 610 1589 662 in
1611 624 1744 676 quos
1772 607 1958 660 levavi-

387 704 499 758 νήπιε
539 704 711 757 oculos
748 710 973 767 nostros,
999 709 1056 754 ut
1100 700 1219 753 inde
1264 701 1409 753 nobis
1456 716 1487 751 a
1532 699 1748 752 Domino
1793 697 1961 750 veniat

388 796 638 847 auxilium
663 792 710 855 δ,
735 793 825 862 qui
847 800 929 847 est
952 791 1204 845 mirabilis
1225 793 1277 844 in
1307 792 1496 845 sanctis
1518 791 1621 843 suis
1646 801 1703 854 ﬁ;
1726 790 1817 857 qui
1838 795 1961 842 sunt

390 894 601 939 nmntes
632 884 721 937 Dei
743 924 757 948 ,
788 884 838 936 in
879 898 1015 951 quos
1042 883 1183 937 bona
1214 882 1382 936 ﬁdelis
1423 881 1611 935 anima:
1651 879 1963 949 operatione

390 976 764 1047 provehemur.
795 975 852 1030 Si
880 976 1021 1030 enim
1044 976 1096 1029 in
1125 976 1208 1029 via
1236 975 1496 1037 veritatis,
1520 988 1637 1041 quas
1665 983 1745 1027 est
1774 972 1960 1041 impol-

393 1069 500 1120 luta
528 1065 578 1134 δ,
609 1066 764 1133 digne
793 1065 1145 1131 ambulemus,
1176 1073 1302 1117 tunc
1330 1064 1442 1131 ipse
1466 1062 1738 1125 Dominus,
1770 1060 1861 1129 qui
1884 1067 1966 1115 est

391 1157 472 1209 via
502 1166 551 1208 et
577 1157 779 1219 veritas,
810 1165 833 1191 ο
863 1155 1090 1224 perﬁciet
1119 1154 1269 1223 pedes
1299 1162 1502 1207 nostros
1542 1153 1670 1205 sicut
1700 1150 1771 1221 (b)
1796 1152 1963 1215 cervi;

393 1258 441 1301 et
487 1264 637 1318 super
682 1247 885 1299 excelsa
918 1246 987 1316 (c)
1019 1254 1205 1298 statuet
1250 1262 1339 1298 nos
1370 1244 1411 1298 τ.
1442 1242 1643 1298 Montes
1673 1244 1833 1307 enim,
1880 1243 1963 1296 in-

392 1338 528 1406 quit,
558 1337 744 1389 ewcelsi
787 1337 965 1402 cervis,
996 1343 1045 1387 et
1084 1342 1229 1403 petra
1274 1336 1527 1404 refugium
1568 1334 1849 1387 herinaceis
1881 1344 1905 1380 Β
1948 1351 1961 1386 :

394 1429 515 1495 quia
554 1428 596 1481 si
624 1443 784 1495 super
806 1427 1138 1495 iniquitatem
1179 1426 1455 1479 alacritate
1488 1440 1765 1479 cervorum
1793 1424 1966 1493 fugia-

397 1533 513 1569 mus
537 1516 613 1585 (d)
646 1514 882 1569 Nebroth
908 1523 1249 1581 venatorem,
1279 1515 1390 1583 qui,
1425 1524 1483 1566 ut
1520 1512 1792 1582 Scriptura
1820 1514 1965 1568 desi-

395 1613 541 1672 gnat,
577 1607 646 1672 (e)
674 1613 854 1657 contra
884 1603 1159 1657 Dominum
1188 1613 1399 1657 venator
1428 1605 1525 1673 fuit
1556 1602 1579 1638 ιι
1605 1621 1623 1669 ;
1668 1613 1723 1657 et
1766 1619 1966 1674 coope-

397 1701 549 1747 rante
568 1692 781 1747 Christo
807 1693 906 1761 piis
943 1693 1147 1746 actibus
1176 1692 1526 1747 ascendamus
1554 1694 1764 1748 excelsa
1796 1695 1965 1747 virtu-

397 1791 507 1834 tum
540 1797 636 1850 per
656 1781 925 1836 doctrinas
950 1782 1333 1850 prophetarum
1362 1790 1415 1836 et
1450 1784 1844 1851 apostolorum,
1876 1784 1967 1853 qui

395 1881 521 1926 sunt
560 1881 768 1927 montes
813 1873 924 1936 Dei,
969 1882 1176 1927 montes
1214 1873 1289 1927 illi
1320 1875 1545 1939 uberes;
1577 1883 1703 1930 tunc
1729 1876 1874 1930 velut
1900 1876 1967 1931 de

397 1979 527 2031 rupe
554 1964 806 2032 prmcelsa
831 1964 1187 2033 despicientes
1206 1981 1371 2021 vanas
1393 1970 1758 2035 prazterenntis
1786 1970 1965 2024 mundi

397 2055 609 2123 ﬁguras,
642 2056 693 2109 in
737 2057 1109 2111 exsultationis
1137 2074 1269 2113 voce
1303 2060 1634 2115 cantabimus
1666 2079 1677 2112 :
1708 2060 1967 2116 Exaltabo

398 2158 465 2211 te,
498 2146 733 2211 Domine,
770 2149 1011 2216 quoniam
1040 2146 1102 2199 ab
1128 2147 1503 2217 insurgentibus
1526 2151 1579 2202 in
1617 2167 1699 2203 me
1726 2151 1969 2204 exaltasti

397 2252 495 2298 me,
526 2246 574 2288 et
600 2252 752 2303 super
776 2238 1010 2289 inimicos
1038 2253 1175 2289 meos
1198 2237 1428 2305 despexit
1456 2239 1631 2291 oculus
1652 2256 1790 2292 meus
1818 2238 1858 2291 ί.
1889 2239 1968 2294 Ex

398 2324 499 2378 hac
523 2333 700 2378 autem
728 2323 1040 2379 celsitudine
1070 2326 1326 2379 montium
1357 2325 1625 2380 informati
1652 2326 1720 2381 ad
1754 2328 1968 2381 humili—
2026 2396 2029 2399 ἢ

398 2421 564 2466 tatem
605 2413 801 2478 cordis,
837 2420 891 2466 et
935 2413 1235 2467 salubribus
1283 2415 1576 2484 disciplinis
1610 2416 1756 2469 velut
1804 2417 1970 2485 spinis

400 2512 581 2558 nostra
628 2503 859 2570 undique
897 2504 1136 2557 membra
1176 2505 1396 2571 muniti,
1426 2505 1717 2560 eﬂiciemur
1742 2516 1799 2561 ut
1827 2508 1971 2563 heri-

399 2593 573 2657 nacei,
603 2593 693 2661 qui
727 2608 887 2661 parva
925 2593 1241 2662 corpuscula
1270 2609 1460 2663 aspero
1491 2597 1723 2663 tegmine
1754 2598 1967 2665 armati,

401 2684 731 2739 naturalibus
780 2684 973 2753 jaculis
1035 2684 1317 2739 adversum
1369 2686 1591 2741 hostiles
1632 2696 1725 2741 aut
1777 2703 1970 2742 canum

400 2791 628 2839 monsus,
651 2783 742 2829 aut
770 2790 959 2830 manus
978 2775 1274 2840 hominum,
1298 2778 1623 2832 muniuntur.
1666 2776 1972 2835 Humilialis

400 2873 578 2919 autem
607 2864 797 2918 timore
824 2863 1023 2925 divino,
1056 2872 1111 2918 et
1131 2864 1299 2932 gratia
1325 2865 1487 2934 ipsius
1527 2865 1844 2921 humilitatis
1884 2882 1974 2921 ar-

401 2956 576 3016 matis,
621 2963 765 3022 petra
815 2955 1065 3024 refugium
1106 2963 1207 3021 est,
1255 2954 1306 3008 id
1353 2963 1473 3019 est,
1520 2956 1782 3021 Christus,
1823 2956 1974 3026 cujus

401 3046 561 3097 verba
575 3044 726 3097 nobis
743 3052 930 3098 contra
947 3045 1216 3099 diabolum
1234 3045 1317 3099 vel
1335 3047 1653 3115 septimenta
1673 3048 1756 3101 vel
1771 3048 1971 3117 spicula

2059 520 2148 565 tur
2174 513 2241 566 ab
2280 512 2395 581 ejus
2425 514 2615 567 itinere
2645 515 2753 584 46
2772 513 2995 580 vestigia
3034 522 3217 568 nostra
3253 511 3264 549 ¹
3291 530 3305 575 ;
3338 513 3635 582 iisdemque

2058 603 2281 673 pedibus
2310 611 2524 657 utamur
2543 603 2609 657 ad
2638 604 2884 671 fugienda
2908 611 3147 673 peccata,
3189 612 3244 659 et
3274 604 3431 671 hujus
3462 604 3633 660 seculi

2060 696 2359 765 perniciosa
2388 696 2659 763 contagia;
2689 704 2853 766 caput
2899 696 3085 751 salutis
3110 706 3326 763 nostrae,
3371 697 3516 765 quod
3551 706 3634 753 est

2061 785 2189 840 ﬁdes
2209 785 2491 848 catholica,
2514 786 2669 841 bonis
2683 786 2933 855 operibus
2951 786 3098 841 velut
3116 787 3365 841 cornibus
3384 794 3634 840 ornatum

2061 879 2263 949 pariter
2283 885 2339 931 et
2366 885 2629 932 armatum
2658 886 2933 945 gerentes;
2956 886 3015 931 ut
3035 877 3119 931 vel
3148 891 3505 947 repugnemus
3532 878 3635 931 ini-

2062 969 2212 1024 micis
2239 969 2598 1034 venatoribus,
2629 969 2715 1023 vel
2752 968 2957 1024 actibus
3002 968 3113 1023 Deo
3141 968 3347 1038 placitis
3367 970 3630 1032 coronati,

2062 1067 2299 1115 vestrum
2329 1060 2664 1129 potissimum
2711 1059 2985 1128 gaudium,
3025 1066 3081 1112 et
3119 1073 3322 1113 corona
3349 1059 3515 1113 simus
3551 1069 3629 1112 In:

2063 1166 2291 1220 quorum
2345 1151 2398 1204 in
2445 1149 2659 1204 Christo
2687 1150 2968 1219 plantatio,
3017 1148 3155 1218 apud
3186 1147 3455 1203 Christum
3484 1150 3637 1205 labor

2064 1240 2404 1309 quotidianus
2423 1256 2623 1294 sumus.
2648 1239 2763 1294 Non
2789 1239 2930 1294 enim
2955 1239 3270 1306 ambigimus
3290 1239 3526 1307 quotidie
3540 1240 3638 1294 dc-

2064 1331 2273 1402 precari
2302 1347 2415 1397 vos,
2448 1340 2506 1385 ut
2530 1330 2836 1399 perﬁciatur
2861 1330 2915 1384 in
2948 1330 3101 1384 nobis
3126 1330 3281 1383 beata
3302 1329 3395 1382 illa
3421 1332 3637 1385 mutatio

2067 1423 2291 1476 dextera:
2318 1421 2529 1475 Excelsi
2558 1429 2619 1488 n;
2652 1428 2710 1475 ut
2742 1435 2869 1476 vere
2889 1421 3153 1490 possimus
3178 1419 3357 1473 dicere
3388 1437 3401 1473 :
3436 1419 3638 1489 Defecit

2068 1529 2157 1567 cor
2182 1528 2369 1578 meum,
2393 1519 2440 1564 et
2469 1527 2587 1565 caro
2616 1526 2746 1575 mea,
2790 1509 2930 1563 Deus
2960 1510 3126 1563 cordis
3156 1509 3273 1573 mei,
3300 1517 3350 1562 et
3380 1525 3499 1578 pars
3523 1526 3637 1562 mea

2067 1601 2207 1655 Deus
2256 1602 2310 1654 in
2350 1600 2521 1654 secula
2563 1611 2611 1654 θ.
2657 1600 2791 1666 Quia
2833 1609 2960 1655 tunc
3002 1600 3140 1654 Deus
3180 1614 3299 1654 esse
3336 1599 3637 1667 dignabitur

2068 1690 2245 1746 cordis
2272 1690 2439 1744 nostri
2484 1690 2655 1754 Deus,
2678 1705 2797 1744 cum
2833 1706 2929 1745 cor
2955 1698 3217 1755 nostrum,
3247 1688 3389 1757 quod
3413 1697 3496 1743 est
3521 1704 3637 1743 car-

1996 1770 2044 1827 Β
2069 1783 2219 1847 nale,
2269 1781 2524 1836 defecerit
2578 1781 2803 1851 spiritali
2870 1780 3223 1835 :ediiicatione
3282 1781 3634 1835 destructum.

2069 1874 2217 1929 Tunc
2245 1872 2556 1927 audebimus
2583 1880 2639 1926 et
2677 1880 2909 1926 vestram
2938 1888 3033 1926 nos
3067 1870 3244 1925 dicere
3271 1872 3556 1940 portionem
3582 1873 3635 1922 in

2070 1974 2209 2017 terra
2236 1965 2504 2018 viventium
2533 1974 2580 2029 ρ,
2602 1978 2723 2018 cum
2750 1970 2804 2016 et
2833 1962 2931 2032 ipsi
2957 1961 3183 2015 Domino
3209 1961 3449 2016 renovati
3476 1976 3636 2014 sensu

2068 2057 2263 2112 mentis
2308 2064 2505 2111 nostra:
2533 2065 2582 2122 ει,
2629 2052 2920 2109 secundum
2964 2051 3231 2106 Christum
3249 2051 3325 2111 ad
3366 2051 3639 2105 cmlestem

2068 2148 2372 2215 imaginem,
2398 2147 2465 2217 (ι’)
2494 2146 2826 2215 potuerimus
2853 2145 3032 2200 dicere
3060 2163 3073 2198 :
3105 2144 3247 2199 Deus
3266 2144 3434 2200 cordis
3455 2146 3637 2209 nostri,

2069 2249 2119 2295 et
2140 2256 2259 2310 pars
2285 2247 2463 2293 nostra
2490 2236 2628 2291 Deus
2656 2237 2711 2290 in
2740 2237 2910 2292 secula
2935 2248 2979 2291 ι’.

2615 2374 2946 2432 EPISTOLA
2982 2375 3002 2396 ⁶
3038 2373 3103 2428 X.

2073 2471 2328 2544 Delphina
2354 2470 2721 2545 Burdegalensi
2740 2469 2995 2538 episcopo,
3027 2483 3057 2518 a
3093 2480 3190 2545 quo
3215 2461 3499 2545 baptizatus
3533 2462 3641 2545 fite:

2140 2532 2247 2605 rat,
2289 2558 2487 2595 summa
2525 2532 2972 2612 pietateexcusat
3001 2551 3069 2612 ξε
3096 2532 3263 2612 minus
3288 2533 3527 2612 idoneum
3573 2532 3641 2612 ad

2144 2599 2439 2665 tractandos
2462 2613 2517 2664 in
2536 2599 2771 2679 epistolis
2790 2622 2964 2679 sacrm
2992 2604 3441 2679 Sfripturaalocos
3462 2617 3480 2653 :
3509 2599 3643 2679 quod

2140 2683 2228 2736 ille.
2247 2682 2549 2751 postularat.
2573 2673 2680 2732 'Hic
2701 2676 2982 2751 Delphinus
3015 2673 3258 2751 Ecclesia:
3280 2673 3425 2751 fastis
3452 2673 3644 2739 reperi-

2144 2760 2225 2805 tur
2247 2741 2469 2805 insertus
2490 2751 2570 2804 die
2592 2764 2728 2802 nono
2748 2741 2867 2799 ante
2896 2743 3143 2797 kalendas
3166 2741 3465 2795 Ianuarias.

2144 2842 2457 2898 Beatissimo
2497 2848 2551 2894 et
2577 2836 2918 2908 peculiariter
2944 2832 3181 2897 domino,
3210 2845 3423 2898 semper
3462 2829 3517 2883 in
3542 2827 3646 2883 Do-

2072 2933 2220 2989 mino
2249 2930 2463 2985 Christo
2484 2930 2635 2984 nobis
2658 2926 2795 2997 patri
2824 2924 3093 2978 DELPHINO
3110 2962 3125 2987 ,
3148 2920 3432 2974 Pwuuus.

2146 3046 2195 3100 Ι.
2236 3045 2555 3113 Accepimus
2583 3042 2787 3094 litteras
2814 3044 3013 3093 sancta:
3041 3032 3338 3089 affectionis
3368 3038 3502 3095 tum,
3530 3029 3647 3097 qui-

401 3144 525 3188 sunt
550 3139 593 3187 i.
633 3135 724 3188 His
749 3136 890 3189 enim
919 3145 974 3190 et
1001 3152 1157 3191 aures
1194 3147 1406 3193 nostras
1444 3140 1678 3209 sepimus
1703 3140 1980 3196 adversum
2006 3127 2051 3187 C
2081 3139 2181 3193 bus
2196 3137 2353 3206 jubes
2375 3149 2474 3189 nos
2494 3134 2545 3187 in
2576 3131 2817 3201 epistolis
2834 3143 2967 3199 quas
2989 3126 3054 3181 ad
3078 3133 3131 3180 te
3152 3124 3391 3188 facimus,
3421 3121 3648 3191 aliquem

403 3225 636 3292 linguam
662 3241 908 3295 nequam,
939 3235 994 3280 et
1022 3227 1073 3280 in
1090 3228 1253 3281 corde
1278 3237 1459 3283 nostro
1480 3230 1605 3283 vitia
1630 3231 1847 3285 adversa
1865 3247 1989 3285 con-

405 3316 633 3381 tigimus.
661 3315 737 3367 [ta
768 3330 861 3384 per
888 3318 1281 3370 observantiam
1323 3319 1615 3386 spiritalem
1646 3328 1700 3374 et
1728 3320 1986 3376 directam

406 3405 583 3467 ﬁdem,
607 3413 662 3458 et
683 3405 952 3460 herinacei
982 3408 1180 3475 pariter
1201 3408 1417 3473 erimus,
1450 3418 1506 3461 et
1532 3410 1696 3476 cervi,
1722 3412 1765 3464 si
1796 3426 1988 3467 secun-

405 3493 533 3547 dum
577 3495 672 3548 has
706 3496 939 3550 minores
966 3497 1216 3552 bestiolas
1255 3501 1521 3566 angustati
1551 3511 1604 3555 et
1636 3502 1861 3557 humiles
1884 3505 1979 3557 ab-

406 3585 725 3638 scondamur
752 3587 802 3639 in
826 3584 1058 3652 Christo,
1088 3599 1146 3642 ut
1180 3590 1232 3643 in
1271 3589 1457 3658 refugii
1497 3600 1685 3661 petra;
1718 3601 1775 3647 et
1812 3594 1978 3649 verbo

404 3688 471 3727 ac
489 3675 675 3743 spiritu
698 3677 938 3731 veritatis
962 3680 1174 3747 muniti,
1205 3689 1259 3734 et
1292 3681 1505 3738 diabolo
1531 3692 1585 3738 et
1612 3685 1793 3740 mundi
1821 3686 1979 3755 hujus

405 3764 668 3820 illecebris
694 3769 867 3837 asperi
906 3770 1235 3826 resistamus.

474 3854 526 3907 5.
568 3855 795 3923 Majores
822 3874 949 3914 vero
978 3861 1094 3915 illas
1125 3862 1263 3919 feras
1291 3865 1512 3933 pedibus
1540 3867 1769 3933 alacres,
1803 3879 1859 3924 et
1884 3887 1973 3925 su-

405 3943 593 3999 blimes
612 3948 862 4001 cornibus
891 3949 963 4002 ita
996 3952 1382 4019 :emulabimur,
1421 3955 1467 4009 si
1498 3956 1787 4013 habeamus
1805 3961 1973 4027 pedes

477 4113 501 4140 ο
527 4102 651 4157 Luc.
677 4120 752 4169 Ix,
783 4102 872 4157 62.
951 4103 975 4141 h
1002 4103 1143 4159 Psal.
1171 4122 1293 4169 cxx,
1320 4106 1370 4162 1.

402 4187 514 4227 sec.

1451 4119 1477 4178 ἶ
1514 4107 1654 4163 P531.
1682 4128 1841 4177 van,
1866 4115 1954 4169 56.
2029 4118 2056 4154 ά
2097 4115 2235 4171 Psal.
2267 4128 2395 4178 xvn,
2415 4109 2508 4163 '5l.

598 4171 758 4250 LXX.
835 4182 860 4219 8
882 4172 1185 4250 Rsal._cnl,
1217 4174 1300 4250 l8.
1378 4176 1403 4213 ιι
1434 4176 1577 4250 gen.
1601 4180 1749 4250 _x,_9,
1796 4171 1947 4250 juxta
1970 4186 2129 4240 LXX.

406 4242 849 4320 quccliurxvin,
880 4242 966 4294 28.
1001 4242 1069 4320 *ιι
1109 4242 1247 4320 Psal.
1273 4260 1397 4320 _xvn,
1433 4246 1571 4320 54.“
1601 4245 1617 4285 1
1653 4242 1814 4320 '9ng
1849 4270 1958 4320 xvi,
1991 4254 2040 4309 5.
2084 4266 2119 4292 ω
2162 4252 2380 4320 Philip;
2403 4265 2471 4312 Iv,
2508 4248 2555 4300 i.

2086 3231 2160 3301 (g)
2191 3226 2385 3298 praeter
2410 3224 2569 3279 ofﬁcii
2601 3221 2997 3281 necessitatem,
3016 3217 3083 3272 de
3110 3214 3399 3285 Scripturis
3421 3212 3652 3281 adjicere

2084 3302 2410 3380 sermonem,
2438 3316 2527 3385 qui
2559 3313 2654 3367 tibi
2682 3313 2993 3367 thesaurum
3027 3306 3197 3361 nostri
3220 3303 3399 3359 cordis
3427 3301 3649 3356 revelet.

2083 3411 2191 3466 Sed
2218 3415 2466 3479 parentes
2508 3404 2687 3475 potius
2737 3400 2857 3455 ﬁliis
2887 3398 3267 3461 thesaurizare,
3292 3403 3347 3449 et
3374 3392 3505 3449 ordo
3533 3392 3653 3460 pie-

2085 3504 2208 3557 tatis
2238 3500 2490 3571 postulat,
2521 3504 2576 3551 et
2603 3494 2853 3562 magister
2880 3491 3168 3561 Apostolus
3194 3488 3351 3543 docet
3381 3496 3424 3538 ³.
3450 3482 3637 3550 Quam-

2082 3595 2203 3649 vis‘
2238 3601 2293 3647 tu
2324 3591 2477 3645 nobis
2504 3604 2535 3642 a
2574 3587 2801 3640 Domino
2843 3591 2899 3639 et
2941 3584 2996 3635 in
3025 3581 3251 3636 Domino
3291 3586 3445 3649 pater
3482 3575 3655 3631 factus

2082 3702 2297 3756 semper
2344 3678 2785 3737 thesaurizaveris
2830 3676 2991 3740 bona,
3041 3682 3096 3729 et
3142 3672 3500 3728 thesaurizare
3545 3685 3654 3723 non

2082 3777 2293 3832 desinas
2324 3792 2337 3825 :
2369 3779 2562 3842 praeter
2590 3768 2718 3823 illud
2756 3766 2939 3835 gratim
2967 3763 3218 3818 salutaris
3244 3762 3347 3831 47
3369 3761 3651 3825 talentum,

2082 3865 2225 3936 quod
2247 3874 2300 3918 te
2319 3861 2665 3928 consignante
2692 3855 3023 3925 suscepimus
3046 3869 3153 3907 non
3173 3852 3227 3906 in
3256 3860 3396 3905 terra
3428 3849 3655 3903 abscon-

2080 3956 2331 4019 dendum,
2364 3966 2539 4021 neque
2577 3950 2630 4003 in
2661 3948 2875 4003 sudario
2922 3942 3323 4009 involvendum,
3352 3940 3445 3995 sed
3489 3954 3655 4009 appo-

2588 4117 2610 4144 ε
2650 4104 2840 4159 Johan.
2886 4103 2993 4170 xiv,
3024 4102 3077 4156 6.
3157 4100 3177 4140 τ
3217 4100 3358 4170 Psal.
3390 4115 3529 4163 xvn,
3562 4097 3652 4170 δέ,

2212 4184 2224 4217 ί
2273 4167 2412 4234 Psal.
2451 4193 2610 4242 van,
2657 4175 2752 4238 l6;
2802 4190 2951 4236 xxxx,
2981 4167 3095 4242 '2;
3123 4183 3249 4242 sv",
3278 4169 3377 4242 49;
3408 4185 3542 4242 Διιιι.
3599 4167 3652 4220 9.

2633 4254 2657 4280 η
2688 4243 2826 4297 Psal.
2859 4259 3047 4307 Lxxvr,
3078 4241 3163 4293 ll.
3240 4248 3265 4277 ο
3304 4238 3444 4293 Psal.
3476 4254 3653 4301 Lxxu,

405 4309 493 4364 26.
568 4320 597 4359 ι·
657 4310 797 4364 Psal.
829 4328 969 4377 cxu,
996 4312 1049 4365 6.
1125 4323 1152 4362 ιι
1188 4309 1389 4383 Ephes.
1412 4332 1482 4382 tv,
1505 4315 1595 4369 25.
1671 4327 1693 4355 ι’
1716 4318 1854 4375 Psal.
1880 4309 1976 4377 ι,ιᾶ

2080 4324 2155 4379 26.
2232 4331 2254 4358 ³
2279 4309 2321 4374 ll
2344 4309 2469 4373 Cor.
2513 4332 2603 4383 xu,
2627 4313 2714 4367 14.

478 4472 499 4492 ‘
537 4471 680 4526 Alias
712 4469 801 4535 15;
837 4486 955 4540 qua:
983 4479 1163 4525 autem
1191 4470 1256 4524 10
1304 4478 1442 4539 erat,
1484 4488 1627 4527 nunc
1666 4474 1752 4531 29.
1785 4475 1998 4547 Scripta
2018 4487 2074 4535 et
2101 4478 2261 4533 missa
2282 4488 2405 4529 cum
2442 4470 2745 4540 superiore,
2768 4478 2911 4519 anno
2946 4461 3073 4518 396.

479 4605 555 4674 (a)
591 4608 691 4658 Ms.
718 4604 871 4659 Vien.
895 4612 951 4659 et
977 4604 1103 4660 edit.
1134 4605 1347 4674 Schot.,
1375 4609 1774 4679 respiciamus...
1804 4612 1976 4681 provi-

407 4676 669 4813 άεῗῖἶαῖίθ
696 4742 833 4795 LXX
862 4744 1195 4813 interpretes,
1227 4744 1345 4798 libri
1372 4745 1570 4811 Grzeci,
1602 4745 1856 4801 Psalteria
1883 4762 1978 4802 ve-

407 4823 492 4867 tus
508 4821 569 4933 let
598 4812 752 4866 Rom.
781 4820 836 4867 et
867 4812 923 4867 S.
955 4812 1279 4880 Augustinus
1307 4813 1360 4866 in
1404 4818 1789 4871 commentario
1818 4831 1980 4887 super

408 4898 502 4953 P53
527 4896 659 4953 “'95:
717 4948 749 4953 _
820 4950 832 4953 _
923 4950 933 4953 _
1332 4950 1359 4953 _
1434 4951 1441 4953 _

479 4951 549 5019 (c)
588 4948 677 5024 _Sic
699 4948 1029 5024 -Psalterium
1067 4957 1220 5005 vetus
1247 4958 1302 5005 et
1327 4950 1384 5007 S.
1414 4951 1738 5021 Augustinus
1758 4954 1812 5008 in
1836 4954 1979 5024 psal-

410 5018 545 5074 mos.
576 5018 789 5086 Aquila,
815 5028 1025 5073 statues.

482 5090 559 5159 (d)
597 5087 672 5142 Ita
701 5104 799 5142 ms.
834 5088 961 5156 Reg.
991 5097 1044 5142 et
1073 5092 1199 5147 edit.
1233 5089 1360 5145 Bad.
1403 5089 1563 5145 Grav.
1600 5100 1655 5147 et
1683 5090 1867 5147 Schot.
1898 5091 1977 5147 lta

408 5168 465 5213 et
510 5172 643 5230 ms_s._
657 5159 999 5230 _vet_ustio_res
1015 5162 1166 5230 apud
1208 5159 1579 5230 Prudentium,
1612 5161 1976 5230 Hamartigen.

410 5244 550 5305 vers.
585 5226 705 5305 1.43.
738 5226 1193 5305 CneeianaspchS
1214 5239 1267 5283 et
1293 5230 1433 5298 apud
1452 5229 1602 5305 PXX
1633 5226 1979 5305 interpretes.

408 5297 500 5368 Sic
527 5305 581 5350 et
608 5296 660 5349 in
682 5296 903 5368 epistola
928 5295 996 5350 58
1026 5295 1342 5368 ιιᾶΑβι-ιιπιζ
1364 5315 1417 5352 n.
1448 5298 1500 5353 9.
1520 5295 1980 5356 Paulinus'noster

410 5366 559 5438 juxta
580 5365 792 5444 eosdem
808 5365 1019 5444 codices
1038 5365 1172 5444 dunt
1187 5367 1452 5444 Nebroth;
1471 5369 1981 5444 aliaque‘complura

409 5434 479 5490 ex
507 5434 805 5489 nominibus
836 5434 1040 5491 Veteris
1071 5437 1394 5493 Testamenti
1414 5434 1656 5493 Caecum
1687 5439 1741 5493 in
1774 5434 1979 5493 morem

410 5505 604 5559 extulit
631 5521 643 5556 :
669 5504 807 5575 unde
833 5513 1009 5575 potest
1036 5508 1213 5575 colligi
1244 5523 1366 5562 eum
1396 5525 1547 5563 usum
1579 5507 1741 5562 fuisse
1761 5508 1817 5562 S.
1845 5507 1982 5562 Scri-

412 5584 580 5643 ptura:
623 5588 727 5627 non
760 5571 944 5626 Latina
976 5571 1215 5643 Vulgata,
1246 5578 1338 5631 sed
1375 5577 1618 5632 versione
1644 5576 1859 5642 ὥσπερ,
1891 5583 1985 5629 aut

411 5641 477 5698 ex
505 5641 702 5698 Grazcis
729 5658 999 5713 expressa.
1035 5641 1122 5702 Sic
1164 5647 1298 5703 dixit
1332 5646 1485 5715 juxta
1507 5647 1745 5703 Graecum
1781 5654 1980 5701 textum

2004 4912 2056 4972 D

2074 4611 2343 4673 Solomon,
2371 4622 2477 4662 non
2508 4605 2754 4662 Salomon
2773 4642 2790 4669 ,
2807 4610 2867 4657 ut
2892 4600 3289 4658 observavimus
3310 4597 3376 4654 ad
3403 4599 3558 4669 epist.
3588 4598 3656 4665 5,

2076 4680 2223 4818 ".13).
2248 4746 2475 4818 vulgata
2514 4759 2687 4818 c_ora_m
2725 4740 2970 4818 Domino.
3017 4736 3074 4792 8.
3106 4736 3434 4818 Augustinus
3478 4738 3530 4791 in
3558 4736 3653 4818 lih_._

2076 4833 2095 4872 ι
2124 4807 2481 4871 [locutionum
2513 4814 2580 4867 de
2614 4811 2807 4866 Genesi
2843 4827 2855 4862 :
2889 4807 3154 4861 Incertum
3192 4816 3267 4860 est
3294 4814 3465 4860 utrum
3494 4807 3657 4876 possit

2081 4886 2268 4955 accipi,
2297 4900 2476 4955 coram
2504 4881 2731 4955 Domino
2760 4880 2892 4945 Deo,
2922 4877 3041 4955 quia
3074 4884 3123 4930 et
3162 4876 3236 4928 sic
3264 4878 3392 4955 solet
3414 4876 3655 4955 intelligi,

2149 4945 2214 5008 od
2238 4945 2414 5008 Greece
2439 4953 2626 5005 dicitur
2655 4954 2888 5005 ἐναντίον.
2924 4945 2997 5001 De
3020 4946 3118 5000 hac
3148 4960 3205 4997 re
3227 4947 3389 5013 etiam
3420 4945 3659 5013 disputat

2104 5025 2173 5079 ib.
2206 5041 2295 5078 xvr
2322 5024 2390 5077 de
2417 5021 2644 5076 Civitate
2672 5019 2786 5081 Dei,
2816 5032 2934 5085 cap.
2966 5015 3018 5068 4.
3049 5014 3119 5067 At
3145 5013 3200 5068 8.
3229 5012 3480 5069 Paulinus
3508 5012 3659 5068 hanc

2082 5109 2272 5148 vocem
2300 5102 2480 5147 contra
2508 5106 2605 5159 per
2632 5090 2900 5141 adversum
2928 5085 3166 5159 esponit,
3197 5092 3255 5137 ut
3293 5100 3357 5138 ex
3388 5084 3661 5159 sequenti-

2080 5163 2181 5216 bus
2209 5170 2375 5231 patet,
2412 5151 2524 5231 non
2567 5173 2666 5227 per
2693 5172 2901 5231 coram,
2936 5151 3060 5231 sive
3096 5154 3147 5207 in
3192 5151 3483 5231 conspectu.
3522 5151 3662 5205 Dicit

2082 5223 2224 5285 enini
2244 5223 2385 5285 circa
2413 5223 2635 5296 hujusce
2661 5226 2901 5295 epistola:
2931 5223 3110 5288 ﬁnem,
3138 5232 3195 5276 ut
3219 5223 3293 5276 vel
3322 5238 3661 5293 repugnemus

2080 5301 2303 5354 inimicis
2327 5297 2667 5353 venatoribus.

2156 5370 2224 5439 (Ι)
2265 5369 2354 5423 Sic
2405 5365 2746 5439 mss-ﬁes
2778 5370 2839 5439 et
2876 5363 3032 5418 Vien.
3076 5368 3145 5439 Aet
3197 5369 3343 5439 recte
3393 5358 3661 5439 siquidem

2081 5430 2217 5492 moi
2234 5437 2503 5507 princessit
2530 5430 2789 5505 defecerit.
2814 5434 2950 5507 Ante
2972 5430 3339 5507 erat_in_edi_tis
3359 5431 3657 5507 poterimus.

2154 5499 2251 5577 (g)'
2272 5506 2367 5561 Ms.
2395 5505 2572 5587 Vien.,
2594 5499 2782 5574 printer
2804 5503 3043 5625 age-ium,
3074 5500 3137 5554 de
3160 5499 3461 5569 Scripturis.
3496 5499 3663 5551 Abest

2161 5592 2245 5625 am
2267 5585 2636 5625 necessitatem.
2660 5588 2690 5625 a
2711 5588 2810 5625 ms.
2887 5584 2997 5625 εει..
3030 5587 3083 5625 in
3104 5584 3211 5625 auo
3232 5569 3488 5625 mendose
3515 5567 3663 5625 leges

2082 5567 2245 5631 etiam
2267 5567 2636 5639 necessitatem,
2660 5588 2690 5628 a
2711 5588 2810 5627 ms.
2837 5567 2997 5639 Reg,
3030 5571 3083 5626 in
3104 5584 3211 5640 quo
3232 5567 3488 5625 mendose
3515 5567 3664 5635 leges

2083 5646 2253 5714 ofﬁcii.
