4006 6180
446 288 540 348 191

1563 281 1619 337 8.
1660 276 1934 337 ΡΑυιιΝι
1971 274 2219 333 NOLA-Nl
2256 272 2557 332 EPlSCOPl

3586 281 3688 337 192

448 405 567 460 tutis
612 409 717 457 tum
746 400 961 464 indicio,
991 406 1048 455 et
1087 395 1324 454 caritatis
1367 392 1582 464 eloquio
1619 392 1913 461 impinguet
1940 388 2016 458 (a)
2045 392 2097 449 Δ
2122 388 2225 443 fide
2261 389 2494 453 sedulus,
2526 388 2881 458 omnibusque
2922 390 2975 445 in
3017 405 3117 447 nos
3151 391 3367 462 pictatis
3392 394 3691 452 visceribus

448 510 568 549 ossa
599 500 781 547 nostra
812 501 860 559 η,
890 504 1138 559 magnum
1184 486 1381 542 laetitia:
1427 494 1481 540 et
1508 484 1855 553 iucunditatis
1885 484 1900 513 ⁸
1931 496 2019 536 cu-

2118 480 2335 543 ell'usus,
2364 482 2590 535 assiduis
2612 496 2709 536 nos
2744 481 2933 535 litteris
2956 481 3138 548 adeas,
3169 482 3525 539 blandissimis
3545 485 3679 540 sola-

448 582 647 635 mulum
696 582 819 634 hinc
847 580 1026 641 habet,
1073 579 1181 648 49
1207 577 1348 647 quod
1378 590 1477 645 per
1518 583 1733 630 nostros
1782 575 1919 628 filios
1964 573 2019 626 in
2120 573 2209 627 tiis
2239 573 2492 626 mulceas.

451 670 676 725 Domino
701 678 823 722 tuos
853 683 1049 737 pueros
1088 666 1308 721 affertur
1334 668 1355 697 ²
1374 710 1388 732 ,
1419 674 1474 720 et
1500 666 1791 734 promitur;
1823 671 1883 717 ut
1911 677 2020 717 non

453 762 621 814 solum
645 760 853 821 litteris,
886 759 977 813 sed
1001 758 1226 825 quadam
1259 759 1329 810 tui
1354 757 1534 811 lateris
1552 762 1704 825 parte
1732 755 2017 824 potiamur,

454 850 591 912 Quid
634 850 963 902 retribuemus
994 848 1215 901 Domino
1264 858 1457 913 nostro,
1505 857 1693 916 praeter
1717 847 1889 900 omnia
1910 861 2024 916 qua:

454 940 686 995 retribuit
723 939 867 994 nobis
891 939 939 1004 ι),
969 956 1068 1009 pro
1108 941 1205 993 hac
1246 940 1407 993 etiam
1464 939 1656 1007 gratia,
1688 953 1794 1006 qua
1823 947 1877 992 te
1919 954 2023 993 no-

454 1032 535 1085 bis
585 1038 641 1084 et
686 1031 739 1083 in
786 1030 1013 1084 seculari
1050 1030 1198 1099 prius
1251 1030 1482 1084 amicitia
1519 1028 1938 1093 dilectissimum,
1970 1028 2025 1082 in

456 1122 564 1175 suis
591 1135 804 1189 quoque
832 1122 1010 1185 rebus,
1040 1121 1182 1189 quod
1212 1120 1642 1190 incomparabilis
1690 1121 1849 1190 pretii
1871 1119 2025 1174 duci—

457 1227 595 1275 mus,
628 1212 957 1265 individuum
988 1212 1236 1266 comitem
1266 1221 1427 1280 atque
1467 1218 1774 1267 consortem
1801 1209 2028 1280 spiritali

456 1301 806 1367 germanitate
833 1302 1156 1356 connexuit?

531 1387 658 1451 Qua:
692 1398 798 1452 est,
831 1391 1032 1457 inquit,
1066 1398 1229 1443 mater
1258 1406 1399 1457 mea,
1449 1399 1538 1443 aut
1564 1391 1652 1461 qui
1702 1400 1820 1444 sunt
1844 1392 2030 1461 fratres

460 1483 558 1534 mei
598 1482 659 1534 οἳ
688 1499 789 1535 non
825 1482 881 1535 hi
907 1482 1175 1550 videlicet,
1219 1485 1304 1554 qui
1349 1485 1412 1537 de
1456 1486 1713 1539 voluntate
1756 1487 1945 1551 carnis,
1978 1492 2035 1539 et

458 1572 831 1625 convenientia
873 1573 1078 1639 somni;
1109 1575 1198 1626 sed
1234 1575 1324 1642 qui
1361 1592 1425 1628 ex
1458 1574 1567 1629 Deo
1596 1576 1709 1628 uati
1737 1584 1855 1629 sunt
1886 1574 1910 1611 ά
1937 1590 2035 1645 per

460 1662 775 1729 sapientiam
819 1661 912 1715 Dei
938 1662 1207 1718 Christum
1243 1682 1254 1716 :
1286 1666 1375 1733 qui
1400 1667 1449 1719 in
1480 1680 1538 1720 se
1563 1682 1786 1721 manens
1816 1667 2035 1721 innovat

2192 663 2245 717 4.
2285 663 2469 731 Neque
2488 672 2570 718 sat
2598 664 2763 719 habes
2783 663 2806 695 ⁸
2825 664 3196 721 occasionibus
3212 666 3419 722 cunctis
3432 666 3693 735 revisere,

2123 753 2225 808 nisi
2254 761 2308 806 et
2334 767 2531 822 pueros
2554 760 2680 823 tuos
2699 754 2900 807 mittas.
2929 754 3038 808 Nec
3064 755 3237 809 solum
3258 756 3326 809 de
3346 756 3578 825 famulis,
3601 758 3697 813 sed

2124 844 2259 898 etde
2288 842 2407 898 filiis
2434 846 2648 909 sanctis,
2675 860 2900 913 quorum
2920 845 3200 901 benedicta
3222 848 3273 901 in
3296 847 3521 903 Domino
3542 850 3700 917 prole

2126 936 2344 1002 lattaris,
2377 936 2529 1004 eligis
2557 937 2889 1002 tabellarios;
2920 952 3149 1007 quorum
3177 938 3346 994 oculis
3366 955 3465 994 nos
3492 939 3700 1007 videas,

2127 1034 2182 1079 et
2200 1039 2294 1079 ore
2321 1025 2618 1093 contingas.
2669 1025 2904 1094 Speciosi
2943 1027 3097 1081 nobis
3137 1028 3288 1097 pedes
3316 1028 3527 1083 illorum
3558 1038 3701 1083 tam-

2128 1129 2289 1184 quam
2318 1116 2777 1186 euangelizantium
2817 1116 2954 1171 bona
2984 1116 3030 1171 ι.
3060 1116 3311 1172 Nuntiant
3350 1120 3492 1173 enim
3523 1122 3700 1186 nobis,

2130 1216 2185 1263 et
2221 1207 2452 1261 afferunt
2501 1223 2565 1261 ea
2602 1223 2720 1275 qua:
2748 1207 2816 1262 ad
2852 1223 3037 1277 pacem
3074 1217 3202 1265 sunt
3249 1210 3317 1264 de
3366 1217 3448 1276 te;
3479 1226 3600 1266 cum
3628 1214 3701 1282 (e)

2130 1302 2411 1371 proferunt
2437 1317 2601 1371 opera
2631 1301 2867 1366 Domini,
2899 1317 3018 1371 quae
3054 1310 3146 1356 aut
3185 1304 3425 1371 operaris
3454 1303 3506 1357 in
3533 1305 3705 1358 verbo

2132 1390 2249 1458 Dei,
2275 1400 2369 1445 aut
2410 1394 2601 1448 scribis
2635 1394 2687 1447 in
2735 1394 2925 1462 spiritu
2949 1392 3130 1448 Verbi.
3156 1393 3285 1459 Quae
3323 1394 3477 1449 nobis
3504 1394 3707 1449 divitia:

2134 1488 2243 1535 tam
2273 1481 2508 1550 pretiosa
2536 1497 2774 1545 munera,
2805 1496 2924 1550 qua:
2952 1481 3366 1537 necessitudines
3395 1490 3501 1536 tam
3526 1484 3705 1539 dulcia

2135 1571 2340 1639 possint
2366 1578 2620 1640 praestare
2646 1571 2874 1626 solatia?
2902 1580 2962 1626 ut
2985 1587 3171 1626 eorum
3194 1573 3459 1640 reputatio
3487 1572 3705 1626 differa-

2138 1670 2245 1725 tur,
2286 1677 2404 1731 qute
2449 1662 2503 1715 in
2555 1670 2814 1717 aeternum
2867 1663 3085 1731 largitas
3132 1662 3308 1717 divina
3350 1664 3616 1733 promittit
3646 1662 3733 1729 1;.

460 1751 659 1815 omnia,
692 1760 739 1803 et
764 1752 853 1805 dat
872 1757 1174 1822 potestatem
1202 1755 1340 1823 ﬁlios
1381 1755 1475 1809 Dei
1506 1757 1621 1826 ﬁeri
1654 1767 1674 1792 ε
1695 1797 1710 1822 ,
1738 1756 2030 1813 coheredes
2063 1742 2106 1802 Β
2133 1760 2336 1821 quanto
2365 1752 2572 1821 potiora
2629 1752 2950 1823 posthabitis
2984 1753 3144 1808 rebus
3181 1754 3319 1819 sint;
3358 1768 3476 1821 quae
3499 1754 3610 1821 jam
3650 1764 3707 1809 et

461 1840 607 1905 regni
637 1841 756 1906 sui;
788 1850 1008 1910 propter
1050 1843 1273 1912 idipsum
1303 1844 1668 1901 conformatus
1696 1848 1909 1917 corpori
1939 1848 2038 1901 hu-

462 1930 697 1984 militatis
719 1938 933 1994 nostne,
953 1940 1011 1984 ut
1034 1947 1131 1986 nos
1150 1934 1448 1989 conformet
1467 1938 1681 2006 corpori
1696 1937 1878 2005 gloria:
1905 1953 2034 2004 sum;

460 2026 517 2072 et
543 2034 649 2072 non
681 2020 701 2050 ³
724 2020 895 2075 solum
923 2036 953 2074 a
979 2029 1117 2075 terra
1138 2032 1319 2077 nostra
1374 2025 1467 2079 sed
1489 2026 1649 2080 etiam
1671 2042 1699 2080 a
1717 2028 2038 2096 cognatione

463 2107 700 2162 divulsos
726 2110 779 2163 in
801 2118 1001 2164 sortem
1030 2118 1085 2164 et
1113 2113 1513 2179 generationem
1549 2130 1698 2169 suam
1732 2114 2033 2171 transferat.

462 2196 581 2262 Quo
615 2216 835 2261 munere
875 2215 972 2254 nos
1010 2202 1111 2254 sibi
1152 2202 1225 2271 (b)
1252 2219 1457 2267 creare,
1488 2216 1543 2259 et
1570 2208 1623 2259 in
1651 2222 1759 2261 sua:
1799 2210 2038 2264 caritatis

465 2289 679 2342 vinculo
704 2290 955 2357 copulare
983 2290 1228 2359 dignatus
1248 2303 1348 2359 est,
1373 2310 1401 2348 a
1425 2296 1786 2353 familiaritate
1812 2300 2033 2366 carnali,

467 2378 518 2429 in
542 2393 644 2445 qua
668 2378 776 2447 jam
800 2396 940 2434 nunc
968 2380 1323 2450 intelligimus,
1348 2385 1471 2440 huic
1498 2401 1596 2441 nos
1627 2387 1813 2443 fmderi
1841 2404 2040 2458 praepa-

466 2475 697 2533 raverat,
726 2469 777 2520 in
816 2477 1072 2523 aeternam
1114 2473 1557 2529 necessitudinem
1596 2476 1789 2533 affectu
1828 2480 2040 2547 potiore

467 2559 710 2611 mutavit.
743 2557 1015 2627 Siquidem
1038 2562 1228 2615 caritas
1259 2561 1454 2618 Christi
1485 2566 1585 2620 ista
1608 2568 1698 2633 sit,
1740 2583 1859 2637 quae
1885 2586 2038 2623 num-

466 2664 619 2715 quam
645 2650 837 2703 excidit
880 2652 922 2715 ῐ,
953 2652 1077 2719 quia
1106 2668 1172 2706 ex
1198 2653 1309 2708 Deo
1354 2655 1561 2725 defluit,
1611 2666 1665 2712 et
1692 2660 1745 2713 in
1774 2660 1885 2715 Deo
1912 2675 2039 2730 per-

468 2748 677 2804 manet;
710 2755 1051 2811 omnemque,
1076 2745 1128 2797 in
1151 2760 1258 2813 quo
1289 2748 1360 2817 (c)
1391 2758 1623 2813 maneat,
1650 2751 1921 2807 hominem
1944 2769 2041 2809 sua

468 2832 801 2900 perennitate
830 2844 1128 2903 perpetuat.
1162 2836 1285 2892 Haec
1313 2846 1395 2893 est
1415 2838 1586 2895 inflari
1608 2844 1808 2909 nescia,
1849 2861 2042 2915 expers

466 2922 595 2988 doli,
620 2940 752 2993 pura
785 2925 986 2993 livoris,
1017 2931 1205 2984 mmula
1230 2932 1360 2996 Deo,
1402 2950 1511 2989 non
1540 2936 1775 2992 elatione
1798 2939 2036 3007 spiritus,

468 3013 563 3067 sed
618 3016 805 3084 spiritu
835 3021 1281 3087 mansuetudinis,
1318 3031 1373 3078 et
1412 3027 1750 3083 aemulatione
1795 3030 2037 3099 pietatis.

2139 1844 2191 1898 in
2229 1844 2332 1899 isto
2369 1845 2554 1899 seculo
2598 1843 2987 1912 rependuntur,
3024 1844 3365 1899 considerare
3401 1853 3706 1913 promptum

2137 1945 2238 1993 est.
2269 1937 2425 2003 Quod
2441 1937 2811 2005 enim,qu:eso,
2838 1935 2966 1995 mihi
2995 1934 3247 1988 damnum
3277 1934 3492 2002 pietatis
3515 1942 3569 1988 et
3594 1948 3709 2002 gra~

2137 2031 2225 2084 tia:
2252 2044 2444 2099 parens
2470 2028 2809 2090 inhumanus,
2841 2034 2935 2080 aut
2953 2027 3117 2080 frater
3136 2025 3425 2094 negligens,
3455 2035 3547 2080 aut
3576 2027 3709 2080 ami-

2138 2135 2233 2176 cus
2262 2120 2542 2173 immemor
2562 2116 2783 2184 faciunt,
2813 2131 2937 2171 cum
2963 2130 3149 2170 omnes
3175 2116 3363 2170 horum
3384 2116 3511 2169 mihi
3532 2116 3709 2171 nomi-

2137 2225 2284 2273 num,
2316 2210 2401 2266 vel
2430 2210 2731 2279 pignorum,
2754 2216 2848 2263 aut
2874 2208 3130 2262 foederum
3151 2208 3417 2271 caritates,
3449 2209 3531 2262 vel
3562 2209 3628 2263 de
3657 2218 3711 2264 te

2138 2316 2245 2355 uno
2288 2300 2503 2369 largiter
2544 2299 2945 2369 rependantur?
2972 2306 3029 2352 ut
3074 2306 3279 2352 taceam
3310 2297 3390 2351 vel
3420 2299 3474 2351 in
3503 2307 3709 2362 nostro,

2137 2393 2223 2446 vel
2253 2392 2412 2445 etiam
2444 2392 2497 2444 in
2538 2390 2723 2458 ignoto
2752 2388 2903 2451 orbe,
2936 2403 3042 2442 non
3076 2402 3277 2456 paucos
3314 2395 3369 2441 et
3390 2388 3443 2440 in
3464 2388 3629 2441 Deum
3656 2397 3714 2443 et

2139 2502 2265 2556 erga
2296 2501 2394 2541 nos
2421 2485 2495 2538 tui
2516 2484 2716 2538 similes
2744 2501 2757 2536 :
2781 2498 3006 2551 quorum
3025 2482 3180 2536 nobis
3205 2478 3424 2535 allectus
3452 2481 3714 2536 maximos

2138 2599 2237 2654 pro
2265 2581 2458 2653 patria,
2476 2588 2531 2635 et
2557 2578 2889 2649 parentibus,
2920 2585 2975 2631 et
3003 2574 3337 2645 patrimoniis
3362 2576 3529 2642 gratia
3550 2576 3715 2629 retri-

2139 2676 2347 2730 butoris
2370 2672 2628 2741 indulget,
2653 2671 2707 2725 in
2737 2680 2789 2725 te
2826 2684 2954 2733 uno,
2985 2684 3103 2736 quae
3132 2667 3434 2735 accepimus
3466 2666 3623 2729 bona,
3666 2667 3714 2721 si

2140 2772 2531 2833 computemus,
2555 2760 2734 2816 omnia
2760 2758 2912 2814 nobis
2948 2766 3131 2812 nostra
3160 2757 3213 2811 in
3236 2763 3290 2810 te
3319 2756 3514 2823 largius
3552 2762 3716 2823 atque

2139 2857 2429 2929 pretiosius
2470 2861 2816 2924 compensate
2861 2852 2929 2921 (Γ)
2980 2848 3361 2918 reputabimus.
3396 2846 3582 2900 Frater
3609 2864 3717 2900 non

2142 2949 2366 3013 redimit,
2396 2946 2586 3015 inquit,
2614 2945 2819 2998 redimit
2841 2943 2991 2997 homo
3023 2952 3081 2995 π’.
3112 2940 3373 2994 Similiter
3405 2939 3561 2994 nobis
3590 2939 3717 2993 licet

2145 3040 2325 3095 dicere
2356 3056 2369 3091 :
2400 3036 2626 3091 Mundus
2654 3050 2754 3089 nos
2797 3049 2905 3087 non
2934 3038 3097 3098 amat,
3128 3030 3220 3086 sed
3257 3038 3401 3084 amat
3448 3028 3714 3084 Christus.

467 3102 724 3159 Dominus
751 3107 893 3160 enim
920 3120 1123 3175 noster,
1152 3121 1208 3165 ut
1238 3112 1350 3183 ipse
1372 3122 1598 3172 testatus
1627 3127 1728 3184 est,
1754 3092 1813 3174 et
1828 3123 2036 3191 experi-

2147 3092 2319 3185 ait...
2346 3128 2583 3198 negligit,
2616 3127 2710 3182 sed
2750 3126 2888 3180 Deus
2922 3092 3107 3192 diligit.
3143 3122 3351 3177 Inimici
3379 3122 3596 3176 hominis
3615 3122 3716 3175 do-

466 3210 606 3261 mur,
636 3195 804 3250 dulcis
825 3205 881 3251 et
908 3201 1045 3252 mitis
1069 3210 1168 3269 est,
1198 3213 1246 3255 et
1274 3205 1480 3259 humilis
1500 3210 1653 3263 corde
1676 3220 1721 3264 Β.

537 3285 591 3339 5.
616 3285 692 3340 De
715 3302 822 3355 quo
852 3297 908 3343 tu
933 3292 1060 3344 mihi
1086 3295 1294 3361 genitus
1312 3297 1475 3353 frater
1502 3317 1610 3356 non
1630 3304 1802 3358 solum
1831 3305 1898 3359 ad
1918 3321 2048 3375 pra:-

466 3388 592 3429 sens
629 3376 981 3445 adjutorium,
1013 3383 1106 3436 sed
1149 3393 1204 3438 et
1239 3386 1305 3439 ad
1334 3404 1570 3457 perenne
1597 3395 1922 3449 conSurtium
1964 3399 2042 3469 (tt)

469 3474 620 3522 tanto
659 3484 882 3539 superas
911 3487 1124 3529 omnem
1171 3477 1312 3533 circa
1344 3495 1431 3535 me
1468 3485 1829 3552 corporalium
1858 3504 2045 3545 neces-

467 3555 756 3612 situdinum
787 3558 1143 3629 affectionem,
1173 3576 1373 3634 quanto
1402 3565 1613 3639 potiore
1651 3575 1780 3628 mihi
1823 3588 2045 3646 parente

466 3660 749 3714 germanus
792 3666 870 3714 es,
902 3668 1064 3721 quam
1094 3655 1169 3709 illi
1199 3672 1335 3726 quos
1362 3675 1489 3716 caro
1518 3669 1722 3718 tantum
1751 3674 1806 3721 et
1828 3671 2044 3737 sanguis

468 3739 596 3791 mihi
618 3740 806 3794 sociat.
842 3740 941 3797 Ubi
981 3747 1123 3800 enim
1154 3748 1283 3803 mihi
1312 3767 1453 3808 nunc
1491 3759 1888 3826 consanguinea
1918 3775 2042 3829 ger-

467 3831 728 3886 manitas?
749 3834 835 3887 ubi
853 3837 1086 3892 amicitia
1113 3843 1298 3896 vetus?
1322 3843 1410 3899 ubi
1431 3848 1651 3915 pristina
1668 3853 2043 3910 contubernia?

466 3917 673 3975 Evanui
719 3939 899 3978 coram
948 3928 1052 3982 illis
1078 3932 1346 3996 omnibus,
1380 3945 1552 4002 exter,
1592 3948 1651 3993 ut
1690 3941 1890 3997 dictum
1939 3954 2041 4010 est,

465 4012 712 4081 fratribus
740 4017 883 4079 meis,
914 4026 962 4069 et
990 4022 1288 4089 peregrinus
1311 4024 1436 4091 ﬁliis
1482 4030 1662 4083 matris
1700 4048 1843 4086 mete.
1879 4035 2044 4090 Amici

469 4104 566 4155 mei
595 4107 875 4173 etproximi
890 4108 1158 4174 quondam
1180 4112 1304 4177 mei,
1323 4128 1462 4169 nttnc
1489 4133 1520 4167 α
1546 4117 1696 4187 longe
1724 4131 1973 4178 steterunt
1992 4124 2039 4191 ῦς

467 4200 524 4246 et
547 4235 563 4261 ,
619 4195 757 4249 sicut
803 4195 992 4250 fluvius
1037 4198 1346 4265 decurrens,
1371 4211 1426 4257 et
1454 4211 1512 4257 ut
1549 4203 1739 4264 fluctus
1764 4222 2041 4279 pertrans-

468 4286 605 4348 iens,
636 4287 714 4341 sic
740 4298 1017 4343 transeunt
1066 4306 1168 4356 me,
1197 4302 1252 4346 et
1276 4293 1328 4347 in
1357 4310 1443 4350 me
1468 4295 1688 4353 forsitan
1718 4302 2046 4361 confundun-

469 4385 557 4429 tur
580 4385 635 4431 et
658 4378 997 4446 erubescunt,
1027 4394 1085 4437 ut
1134 4386 1392 4455 scriptum
1422 4398 1537 4456 est,
1581 4393 1765 4447 venire
1806 4397 1872 4449 ad
1909 4413 1994 4452 me
2023 4417 2036 4452 :

468 4464 594 4521 facti
644 4474 766 4522 sunt
820 4470 981 4536 mihi,
1013 4474 1102 4541 qui
1135 4491 1329 4544 prope,
1380 4477 1571 4549 longe;
1618 4488 1672 4535 et
1727 4485 1818 4551 qui
1862 4484 2038 4556 longe,

467 4572 637 4628 prope
669 4558 711 4613 ί.
742 4560 847 4616 Pro
867 4564 1339 4637 patribus,!inquit,
1369 4572 1480 4625 nati
1506 4584 1626 4626 sunt
1655 4575 1745 4628 tibi
1764 4578 1863 4646 ﬁlii
1897 4588 1939 4631 ι.
1964 4579 2041 4634 lta

469 4666 567 4719 pro
600 4655 928 4722 parentibus,
957 4665 1012 4710 et
1038 4657 1289 4713 fratribus
1309 4669 1360 4714 et
1390 4664 1593 4729 amicis,
1621 4673 1675 4718 tu
1699 4668 1853 4722 nobis
1874 4668 2045 4725 factus

469 4757 499 4794 a
520 4740 745 4799 Domino
765 4761 841 4809 es,
866 4747 956 4814 qui
975 4756 1029 4802 et
1056 4758 1334 4818 parentum
1365 4766 1489 4806 cura
1515 4754 1703 4809 anxius
1726 4765 1780 4811 et
1809 4756 2041 4815 fraterna

469 4831 754 4889 dilectione
780 4836 1058 4902 sollicitus,
1090 4847 1144 4893 et
1191 4841 1297 4911 50
1328 4849 1438 4895 tota
1477 4859 1587 4898 non
1617 4842 1752 4901 ficta:
1796 4850 2044 4910 amicitia:

2143 3220 2340 3276 mestici
2365 3222 2475 3290 ejus
2506 3228 2554 3283 υ,
2584 3218 2676 3272 sed
2722 3232 2933 3271 rursum
2971 3215 3129 3270 amici
3176 3214 3409 3269 hominis
3435 3213 3717 3268 domestici

2144 3314 2258 3368 Dei.
2275 3312 2494 3366 Fuerint
2514 3311 2669 3364 nobis
2696 3308 2906 3372 fratres,
2922 3316 2977 3362 et
3008 3306 3192 3371 amici,
3206 3314 3259 3360 et
3280 3305 3508 3374 proximi
3522 3305 3647 3358 boni
3661 3312 3719 3358 et

2142 3403 2349 3470 magni;
2371 3400 2464 3457 sed
2480 3384 2584 3455 non
2616 3399 2712 3454 fuit
2734 3399 2987 3469 placitum
3006 3398 3149 3452 circa
3166 3412 3263 3451 nos
3285 3396 3338 3449 in
3367 3396 3444 3451 eis
3464 3395 3718 3461 Domino,

2142 3494 2231 3562 qui
2261 3501 2314 3548 te
2335 3492 2497 3560 elegit
2537 3490 2742 3544 donare
2769 3487 2924 3542 nobis
2951 3487 3006 3540 in
3036 3484 3251 3540 fratrem
3286 3484 3715 3554 inseparabilem,

2142 3591 2198 3638 et
2225 3583 2277 3637 in
2305 3583 2607 3651 proximum
2644 3577 3080 3641 dilectissimum;
3129 3590 3286 3644 quem
3335 3575 3527 3628 merito
3578 3575 3720 3628 sicut

2143 3671 2500 3739 nosmetipsos
2528 3668 2826 3735 diligamus,
2852 3667 2975 3735 quia
2999 3680 3096 3720 eor
3125 3679 3287 3719 unum
3326 3671 3382 3718 et
3417 3678 3576 3717 uuam
3598 3663 3721 3716 ani-

2142 3776 2284 3815 mam
2314 3769 2487 3815 tecum
2512 3758 2561 3811 in
2586 3755 2799 3811 Christo
2827 3756 3085 3809 habemus
3114 3762 3158 3807 ο,

2212 3851 2266 3905 5.
2306 3849 2489 3917 Itaque
2517 3846 2659 3915 quod
2680 3861 2836 3914 supra
2860 3846 3094 3900 breviter
3115 3843 3387 3914 posuimus
3412 3841 3477 3896 de
3497 3842 3722 3896 caritate

2141 3942 2430 3997 multorum
2452 3953 2603 4009 atque
2630 3937 2947 4007 spiritalium
2979 3937 3021 4004 ⁸,
3053 3948 3387 4003 nequaquam
3417 3942 3540 4002 apte
3566 3940 3623 3986 et
3641 3931 3722 3985 di-

2141 4048 2245 4103 gne
2272 4033 2538 4096 diximus;
2569 4031 2621 4085 in
2667 4030 2860 4084 nullius
2890 4028 3034 4083 enim
3066 4027 3139 4098 (g)
3170 4040 3398 4097 persona
3427 4039 3724 4092 congruere

2142 4124 2298 4179 nobis
2325 4122 2532 4187 eadem,
2560 4135 2722 4188 quam
2752 4120 2804 4174 in
2838 4128 2891 4173 te
2920 4119 3196 4182 habemus,
3228 4117 3395 4184 gratia
3425 4123 3625 4184 potest.
3652 4112 3724 4168 Ut

2142 4214 2284 4270 enim
2309 4228 2460 4282 aeque
2482 4211 2700 4279 diligere
2721 4209 3008 4279 dignentur
3029 4208 3106 4277 (Ιι)
3135 4207 3187 4261 in
3219 4206 3518 4261 humilitate
3541 4213 3721 4258 nostra

2142 4305 2367 4375 gratiam
2396 4302 2644 4367 Domini;
2672 4309 2848 4354 tamen
2880 4298 3004 4352 illud
3038 4299 3088 4351 in
3117 4305 3171 4351 te
3196 4296 3428 4364 speciale
3449 4294 3605 4349 nobis
3627 4294 3726 4348 do-

2145 4413 2273 4451 num
2311 4403 2422 4461 est,
2459 4392 2604 4462 quod
2633 4390 3039 4461 prtedestinatos
3075 4404 3174 4444 nos
3213 4388 3440 4441 invicem
3467 4385 3620 4440 nobis
3668 4385 3723 4442 in

2148 4489 2373 4544 caritate
2393 4485 2591 4541 Christi
2622 4482 2950 4552 iunctissima
2978 4481 3172 4549 prioris
3194 4493 3409 4548 quoque
3436 4478 3561 4531 vita:
3592 4477 3728 4531 ami-

2149 4581 2273 4636 citia
2301 4576 2550 4648 signavit,
2573 4574 2749 4629 adhuc
2777 4573 2878 4642 51
2906 4586 3112 4635 eorum,
3139 4584 3259 4638 quas
3287 4582 3428 4621 nunc
3447 4581 3544 4636 per
3567 4565 3727 4620 Chri-

2149 4679 2289 4728 stum
2332 4668 2637 4731 avertimur,
2674 4671 2961 4718 amatores.
2992 4660 3098 4717 Sed
3139 4670 3316 4714 tamen
3352 4659 3403 4712 in
3434 4659 3590 4722 hanc,
3622 4672 3728 4725 qua

2149 4764 2311 4818 modo
2341 4762 2642 4816 interventu
2664 4757 2759 4811 Dei
2789 4755 3052 4809 nectimur
3078 4754 3348 4823 copulam,
3380 4767 3477 4821 per
3500 4765 3732 4805 consuc-

2151 4856 2387 4912 tudinem
2420 4852 2561 4907 illius
2593 4846 2963 4903 familiaritatis
2994 4844 3338 4906 inolevimus;
3376 4849 3435 4895 ut
3462 4838 3733 4907 diligendo

542 5002 583 5076 ς,
609 4991 766 5076 Ρεονο
801 4994 1026 5076 Χιζρηὸοκ
1066 4996 1109 5076 ξ
1148 4995 1291 5076 Psal.
1325 4999 1566 5076 cxvtl‘z.
1649 5012 1673 5041 ο
1714 5002 1900 5076 Matth.
1957 5025 2047 5076 xu,
2080 5010 2168 5064 48.
2242 5008 2269 5047 ἀ
2309 5007 2501 5063 Johau.
2533 5021 2597 5076 _l,
2633 5002 2721 5076 15.
2800 5012 2823 5039 ο
2861 4998 2997 5076 Ibid:
3049 4997 3134 5051 12.
3215 4995 3234 5032 τ
3274 4994 3305 5076 1·
3321 4994 3624 5076 ,φορ-χιιι,

468 5062 723 5141 skillatth.
758 5064 939 5141 κιρ-9.
991 5064 1203 5141 _b_Ps_al.
1228 5083 1407 5141 Lx_vm,
1440 5069 1492 5130 9,
1512 5079 1567 5124 et
1594 5087 1790 5138 xxxvu,
1820 5075 1905 5141 12,
1928 5062 2036 5133 δέξό.

2143 5062 2233 5133 alt.
2251 5062 2406 5133 Rom.

2491 5063 2668 5128 iPsal.
2698 5088 2899 5133 xxxvu,
2935 5067 3020 5131 12,
3052 5076 3105 5122 et
3129 5083 3252 5127 cvu,
3284 5065 3370 5131 10;
3396 5064 3530 5131 Eph.
3561 5079 3615 5125 ιι,
3641 5063 3730 5133 15.

473 5131 641 5186 ii‘sal.
664 5148 803 5198 xuv,
829 5133 913 5188 17.
991 5133 1013 5172 ¹ι
1034 5135 1155 5190 lsai.
1177 5153 1266 5202 ιιι,
1285 5136 1347 5204 7;
1375 5138 1530 5192 Rom.
1550 5141 1713 5206 x,15.
1779 5131 1812 5181 ἰ
1834 5131 2259 5218 Μὲιιὶιιζῇὲξεε).
2311 5131 2374 5184 ’ω
2393 5145 2531 5201 Psal.
2548 5158 2728 5207 nvm,
2745 5140 2795 5194 8.
2873 5131 2898 5176 ι*
2917 5138 3102 5192 Matth.
3123 5154 3176 5201 Χ,
3201 5134 3290 5189 56.
3368 5144 3392 5170 ο
3409 5134 3527 5189 Act.
3547 5151 3620 5199 tv,
3640 5131 3731 5186 52.

538 5292 616 5361 (n)
658 5289 754 5361 Ms.
785 5290 964 5361 Vien.,
987 5292 1288 5361 impingunt.

540 5360 632 5441 (b).
654 5358 742 5413 Sic
769 5375 897 5414 mss.
931 5358 1069 5430 Reg.
1093 5358 1323 5415 et'Vien.
1356 5370 1412 5416 et
1444 5361 1571 5417 editi
1598 5361 1650 5417 4.
1685 5361 1823 5418 Edit.
1854 5363 2039 5433 Rosv.,

469 5445 652 5483 creari.

546 5499 618 5561 (ε)
660 5498 755 5552 Ms.
787 5497 965 5559 Vien.,
999 5509 1188 5559 manet.

538 5568 618 5632 (ιι)
660 5569 734 5621 Ita
762 5584 887 5622 mss.
920 5568 1049 5640 Reg.
1073 5570 1228 5625 Vico.
1252 5577 1307 5627 ct
1328 5569 1455 5627 edit.
1488 5568 1670 5627 Schot.
1700 5570 1875 5629 Ceteri
1906 5571 2046 5630 codi-

470 5654 577 5695 eos.
609 5648 827 5692 tantum.

2232 5299 2304 5369 (ρ)
2345 5297 2434 5352 Sic
2462 5310 2561 5349 ms.
2598 5294 2753 5348 Vien.
2786 5299 2840 5346 et
2880 5289 3008 5345 edit.
3040 5286 3189 5370 Grin.
3231 5286 3360 5341 edit.
3392 5287 3580 5354 Rnsv.,
3613 5304 3734 5358 per-

2232 5376 2344 5414 τιηι-
2374 5367 2469 5414 Ms.
2505 5364 2635 5414 Rea.
2667 5379 2785 5414 cum
2809 5361 2978 5414 tribus
3005 5360 3181 5414 editis.
3215 5360 3515 5414 nrwferunt.

2157 5360 2345 5440 ferunt.
2374 5367 2469 5421 Ms.
2505 5364 2635 5433 Reg.
2667 5379 2785 5418 cum
2809 5361 2978 5415 tribus
3005 5360 3181 5423 editis,
3214 5360 3515 5428 prwferunt.

2237 5440 2308 5509 (Γ)
2343 5437 2445 5509 _Ms.
2478 5435 2670 5497 Vatic.,
2691 5433 3011 5509 putabimus:

2343 5506 2417 5578 ita
2449 5521 2574 5578 mss.
2608 5499 3031 5578 codiCes_._Editi,
3064 5512 3355 5578 personam.
3405 5564 3435 5578 ﬂ
3507 5561 3543 5578 ἢ
3638 5564 3650 5575 .

2249 5512 2303 5578 g)
2344 5512 2417 5559 lta
2449 5521 2574 5557 mss.
2608 5512 2836 5558 eculeos.
2872 5512 3031 5560 lLtlttl,
3064 5512 3355 5568 personam.
3424 5564 3435 5574 .
3638 5564 3650 5575 .

2226 5512 2307 5646 ξιτ)
2348 5575 2442 5630 Ms.
2473 5575 2623 5630 V’ien.
2671 5571 3002 5625 humilitatem
3035 5576 3262 5622 nostram
3301 5573 3467 5636 gratia
3496 5561 3729 5617 Donum,
