4006 6180
280 306 384 367 193

1676 302 2007 359 EPISTOLA
2046 301 2133 359 XI.

3442 307 3547 365 194

277 439 375 479 nos
401 430 458 478 et
487 423 542 478 in
574 421 772 478 infideli
801 422 885 476 via
935 419 1179 486 ﬁdeliter,
1211 419 1429 487 diligere
1450 420 1611 473 etiam
1634 419 1851 488 spirita-
1884 423 1930 480 Α
1958 416 2207 487 pulorum
2237 417 2538 484 distinctio;
2569 428 2659 474 aut
2689 420 2739 475 in
2770 432 2957 478 natura
2987 428 3162 483 omnis
3186 427 3420 487 hominis
3444 444 3544 502 ge-

277 513 399 567 liter
419 512 770 569 disceremus.
796 510 932 577 Quia
955 518 1063 563 tam
1086 509 1333 576 religiose
1356 523 1453 562 nos
1481 523 1693 575 semper
1722 514 1862 561 uter-

278 615 383 669 que
412 601 721 667 dileximus,
753 608 811 655 ut
840 600 906 653 ad
933 607 1169 653 nostram
1200 598 1341 651 inter
1376 613 1473 650 nos
1517 596 1860 650 dilectionem

278 690 421 743 nulla
452 690 615 759 adjici
642 698 829 759 posset
873 688 1104 754 affectio,
1134 689 1235 742 nisi
1262 689 1456 743 caritas
1483 686 1709 751 Christi,
1741 699 1860 754 quae

277 782 389 835 sola
421 796 642 836 omnem
671 796 893 834 sensum
935 778 1291 848 atl‘ectumque
1330 778 1710 846 supereminet.
1742 777 1859 841 Quo

279 870 637 938 impensiores
683 869 942 923 debemus
981 868 1124 922 bono
1161 867 1387 921 Domino
1442 867 1668 935 gratias,
1717 864 1858 935 quod

279 963 548 1031 respicere
575 962 826 1030 dignatus
856 962 906 1014 in
948 960 1303 1013 humilitatem
1335 968 1593 1021 nostram,
1617 974 1737 1011 cum
1760 974 1857 1026 pa-

280 1053 406 1106 riter
434 1052 492 1104 in
534 1066 662 1119 agro
691 1052 1001 1118 invenisset,
1025 1052 1225 1118 pariter
1254 1057 1311 1102 ut
1338 1050 1579 1116 geminos
1608 1049 1674 1103 ab
1705 1058 1858 1103 utero

281 1143 451 1197 carnis
482 1142 739 1205 extraxit,
762 1141 1036 1209 etpariter
1064 1140 1344 1193 assumsit“
1362 1178 1375 1191 .
1403 1138 1517 1192 Duo
1542 1140 1683 1191 cuitu
1712 1154 1856 1204 vere,

282 1243 336 1285 ut
361 1231 649 1301 scripsisti,
682 1231 868 1301 fuimus
891 1232 944 1283 in
967 1246 1113 1299 agro,
1137 1229 1227 1283 sed
1257 1228 1496 1281 bonitate
1527 1235 1583 1280 et
1613 1228 1860 1295 omnipo-

282 1322 447 1375 tentia
477 1320 596 1385 Dei,
632 1320 801 1373 ausim
827 1318 1024 1382 dicere,
1054 1318 1124 1370 ita
1153 1317 1219 1371 de
1248 1316 1401 1371 nobis
1437 1332 1569 1369 unus
1603 1330 1858 1369 assumtus

281 1419 353 1463 est
384 1420 431 1472 ι,
465 1409 613 1478 quod
644 1416 833 1463 neuter
861 1415 943 1463 est
966 1407 1204 1462 relictus.
1234 1405 1457 1460 Eramus
1485 1407 1625 1460 enim
1648 1413 1703 1462 et
1748 1407 1857 1463 sin-

281 1501 502 1567 gillatim
528 1501 547 1531 ⁷
576 1500 707 1565 duo,
747 1514 868 1554 cum
895 1499 945 1552 in
997 1498 1152 1552 nobis
1197 1513 1324 1553 caro
1363 1498 1576 1553 rebellis
1607 1514 1637 1552 a
1666 1499 1855 1567 spiritu

280 1590 593 1655 dissideret;
634 1604 809 1659 neque
837 1598 1021 1644 nostro
1050 1589 1253 1643 homini
1282 1604 1385 1658 pax
1414 1596 1577 1655 esset,
1607 1604 1728 1644 cum
1776 1590 1857 1643 in-

283 1681 463 1735 teriori
485 1688 810 1750 repugnaret
838 1680 1089 1734 exterior.
1122 1678 1274 1733 Nunc
1295 1695 1423 1734 vero
1450 1680 1684 1749 propitio
1712 1680 1850 1752 ipso,

1963 506 2123 559 mina:
2149 515 2393 561 creatura
2419 509 2728 564 substantiae
2764 529 2777 564 :
2814 524 2869 566 et
2899 514 3039 578 ideo,
3070 518 3141 571 mi
3188 519 3351 573 frater
3370 560 3385 584 ,
3415 521 3541 589 quia
3598 532 3613 543 ε

1960 611 2177 666 semper
2205 598 2275 667 (e)
2307 600 2621 656 cohaesimus
2655 602 2707 655 in
2737 604 2901 659 corde
2933 622 3072 671 uno,
3101 608 3238 662 sicut
3276 626 3415 665 nunc
3445 627 3540 665 co-

1961 687 2225 742 haeremus
2254 689 2308 742 in
2338 689 2569 754 Christo,
2602 702 2693 746 aut
2718 695 2919 763 pariter
2945 700 3187 761 assumti,
3218 708 3308 753 aut
3340 694 3541 769 pariter

1960 777 2130 830 relicti
2170 793 2369 832 sumus.
2400 780 2634 835 Assumti
2679 794 2876 851 autem,
2931 803 3038 841 non
3090 798 3275 842 nostro
3324 792 3536 854 merito,

1960 865 2053 918 sed
2080 866 2249 933 gratia
2275 868 2388 933 Dei,
2420 870 2571 937 cujus
2593 872 2726 925 dona
2750 883 2799 926 et
2826 878 3539 948 vocationessinepwnitenlia

1960 966 2078 1007 sunt
2121 966 2179 1021 8;
2207 973 2380 1025 neque
2417 974 2484 1013 ex
2516 977 2737 1030 operum
2792 971 3169 1034 prmrogativa,
3202 971 3294 1024 sed
3340 986 3405 1025 ex
3436 969 3542 1025 ﬁde

1959 1048 2114 1101 bonae
2142 1050 2430 1105 voluntatis
2449 1090 2463 1113 ,
2495 1068 2599 1120 qua
2631 1057 2828 1123 pariter
2857 1059 2909 1111 in
2958 1060 3236 1115 caritatem
3280 1062 3393 1131 ejus
3419 1068 3536 1116 ani-

1959 1137 2107 1196 mati,
2136 1146 2193 1191 ut
2217 1155 2321 1192 uno
2342 1148 2397 1193 et
2425 1150 2610 1196 tenore
2639 1147 2932 1214 propositi,
2965 1157 3018 1202 et
3046 1158 3289 1219 tempore
3312 1154 3378 1224 (ί)
3410 1169 3539 1207 con—

1955 1227 2219 1283 versionis
2251 1239 2446 1284 nostrae
2472 1236 2735 1301 apparuit,
2784 1238 2939 1290 simul
2969 1248 3183 1307 oportet
3225 1242 3534 1307 gloriemur,

1958 1327 2012 1372 et
2040 1321 2369 1375 exsultemus
2398 1323 2451 1375 in
2486 1338 2551 1377 eo
2590 1326 2680 1391 qui
2706 1325 2961 1392 justificat
2989 1330 3205 1397 impium
3236 1347 3330 1399 per
3359 1332 3534 1395 tidem,

1957 1414 2013 1460 et
2040 1408 2130 1460 dat
2148 1426 2319 1462 escam
2356 1414 2492 1464 omni
2518 1416 2662 1467 carni
2692 1412 2752 1478 h;
2787 1416 2861 1485 (g)
2893 1432 3068 1472 escam
3103 1435 3206 1473 non
3236 1421 3392 1474 istam
3421 1436 3537 1490 qua:

1957 1498 2115 1565 perit,
2158 1499 2251 1554 sed
2282 1501 2424 1553 illam
2472 1518 2589 1572 quae
2636 1504 2916 1559 coniicitur
2942 1509 2992 1561 in
3033 1518 3289 1564 aeternum
3318 1512 3535 1577 victum,

1955 1588 2166 1655 qualem
2200 1588 2279 1642 vel
2300 1590 2476 1643 anima
2509 1592 2560 1644 in
2584 1593 2677 1646 Dei
2698 1595 2857 1648 rebus
2877 1612 3127 1665 operosa,
3158 1600 3241 1653 vel
3271 1601 3535 1655 catholica

1956 1677 2193 1733 Ecclesia
2210 1682 2409 1749 coquit.
2429 1682 2635 1752 Corpus
2655 1693 2738 1739 est
2765 1688 2904 1739 enim
2927 1690 3036 1742 veri
3057 1691 3204 1757 panis
3227 1692 3311 1760 qui
3334 1692 3395 1743 de
3414 1692 3538 1745 ccelo
3556 1732 3577 1754 ς

283 1774 361 1842 qui
394 1775 520 1842 fecit
539 1782 807 1838 utrumque
832 1787 990 1824 unum
1020 1769 1065 1835 δ,
1099 1778 1154 1825 et
1177 1770 1284 1825 duo
1313 1787 1473 1824 unum
1501 1787 1704 1838 sumus,
1734 1774 1857 1842 quia
1893 1774 1933 1833 Β
1963 1768 2221 1823 descendit
2251 1770 2266 1808 ί
2291 1813 2306 1835 ,
2334 1781 2387 1825 et
2427 1773 2517 1825 dat
2563 1789 2739 1828 escam
2778 1776 3133 1832 vivificantem
3185 1781 3539 1835 esurientibus

283 1876 415 1915 unus
442 1861 666 1929 Spiritus
692 1860 744 1913 in
790 1858 1028 1924 duobus;
1054 1867 1109 1913 et
1155 1859 1299 1913 nulla
1327 1859 1599 1926 discretio,
1630 1876 1859 1929 quorum

282 1968 474 2022 corpus
507 1967 689 2005 unum.
716 1950 823 2007 Sed
850 1951 972 2016 hoc,
1004 1958 1063 2005 ut
1091 1951 1221 2019 dixi,
1253 1967 1537 2007 commune
1568 1953 1645 2022 (α)
1676 1954 1860 2007 nobis-

279 2058 395 2096 cum
424 2044 681 2097 omnibus
700 2043 753 2096 in
786 2043 1001 2097 Christo
1039 2041 1310 2106 fratribus,
1334 2058 1497 2097 unum
1538 2043 1590 2096 in
1622 2051 1674 2096 te
1695 2059 1860 2112 pecu-

282 2131 484 2187 liariter
504 2133 661 2188 nobis
695 2141 903 2202 gratum
933 2141 1094 2201 atque
1140 2133 1461 2201 gratandum
1491 2142 1592 2199 est,
1625 2134 1677 2188 in
1709 2136 1861 2203 cujus

278 2224 515 2277 amicitia
546 2224 913 2278 beatissimum
952 2223 1047 2278 Dei
1075 2240 1264 2278 munus
1290 2226 1628 2294 accepimus,
1674 2234 1735 2279 ut
1762 2240 1862 2281 nec

283 2314 472 2368 itinere
528 2322 736 2368 mutato
791 2314 1204 2369 dissolveremur
1230 2329 1260 2368 a
1293 2315 1446 2369 nobis
1478 2332 1491 2366 :
1527 2316 1672 2384 quod
1707 2316 1861 2369 dam-

283 2420 406 2458 num
434 2405 504 2459 de
533 2405 734 2468 multis,
759 2413 818 2458 ut
840 2407 1203 2474 recognoscis,
1226 2405 1546 2461 dulcissimis
1578 2407 1863 2475 aliquando

284 2497 355 2565 (b)
387 2497 589 2551 nostris
616 2498 821 2567 pariter
847 2497 1173 2566 experimur.

350 2585 402 2637 6.
445 2585 589 2640 Vere
610 2599 737 2653 ergo
761 2593 819 2639 tu
848 2587 1000 2641 nobis
1020 2598 1074 2640 et
1094 2601 1309 2655 parens,
1331 2595 1387 2641 et
1407 2585 1587 2650 frater,
1611 2596 1665 2641 et
1692 2587 1867 2657 proxi-

282 2688 402 2727 mus
427 2688 508 2737 es,
541 2675 634 2745 qui
661 2674 732 2745 (ε)
764 2674 964 2731 faciens
993 2676 1044 2729 in
1087 2676 1242 2730 nobis
1268 2677 1598 2731 voluntatem
1646 2677 1771 2744 Dei,
1800 2693 1864 2733 ac

282 2764 670 2834 plenitudinem
696 2764 828 2833 legis
861 2777 905 2830 ε,
930 2766 1103 2834 diligis
1132 2781 1228 2820 nos
1259 2773 1529 2835 tamquam
1560 2774 1631 2832 te,
1662 2769 1865 2823 amicus

283 2856 439 2909 nobis
464 2856 521 2909 in
544 2857 764 2911 caritate
789 2855 1008 2923 Christi,
1039 2864 1093 2909 et
1121 2855 1173 2909 in
1202 2855 1298 2910 Dei
1318 2858 1724 2925 regeneratione
1744 2870 1865 2925 ger-

283 2957 489 2998 manus.
515 2945 668 3010 Quod
695 2960 815 3000 cum
841 2945 1043 3008 videas,
1074 2954 1129 2999 et
1155 2959 1527 3013 recognoscas,
1558 2960 1654 3000 cur
1679 2948 1732 3000 in
1768 2963 1866 3002 nos

282 3050 533 3098 onerose,
564 3044 616 3089 et
643 3035 709 3089 de
731 3044 784 3090 te
805 3034 939 3089 falso
966 3035 1297 3105 loqueris,ut
1316 3036 1462 3090 dicas
1492 3053 1505 3089 :
1535 3035 1651 3090 Duo
1675 3038 1865 3107 fuimus

1957 1859 2239 1929 justitiam.
2270 1862 2384 1915 Non
2412 1864 2557 1916 enim
2588 1880 2805 1919 carnem
2849 1866 3021 1933 farcit,
3053 1868 3149 1923 sed
3185 1885 3280 1924 cor
3307 1871 3538 1925 hominis

1962 1952 2156 2006 firmat.
2190 1952 2285 2007 Hic
2304 1954 2457 2021 panis
2485 1964 2539 2008 et
2584 1954 2702 2010 fons
2721 1966 2820 2019 est,
2848 1959 2937 2025 qui
2968 1974 3073 2027 quo
3093 1963 3319 2030 amplius
3342 1963 3534 2028 editur,

1962 2044 2081 2110 plus
2118 2045 2350 2098 esuritur
2381 2063 2393 2098 :
2436 2055 2491 2099 et
2532 2060 2639 2114 quo
2669 2048 2834 2116 magis
2860 2049 3077 2114 bibitur,
3110 2052 3226 2119 plus
3266 2053 3445 2107 sititur
3489 2067 3533 2109 ι.

1964 2130 2116 2187 Hunc
2152 2149 2342 2201 panem
2373 2142 2431 2189 ut
2459 2136 2676 2190 edamus
2702 2137 2751 2190 in
2781 2145 3058 2203 aeternum,
3088 2142 3350 2196 molamus
3374 2144 3424 2196 in
3446 2144 3535 2197 hu-

1956 2224 2047 2293 jus
2075 2226 2256 2279 mundi
2284 2227 2509 2295 pistrino
2532 2229 2763 2281 triticum
2786 2229 3003 2293 bonum,
3027 2231 3167 2297 quod
3190 2240 3271 2285 est
3292 2233 3536 2287 obedien-

1963 2315 2049 2369 tite
2072 2314 2240 2370 ﬁdelis
2263 2318 2505 2387 operatio
2520 2361 2535 2385 ,
2560 2325 2614 2372 et
2638 2319 2826 2371 caritas
2845 2319 2898 2370 in
2921 2320 3072 2374 corde
3090 2338 3219 2391 puro
3238 2330 3288 2375 et
3313 2323 3416 2391 ﬁde
3435 2340 3536 2378 non

1966 2407 2091 2475 ﬁcta
2121 2405 2142 2441 l‘
2154 2447 2167 2460 .

2035 2496 2087 2548 7.
2131 2495 2243 2561 Qua
2286 2497 2455 2564 gratia
2495 2504 2549 2551 et
2592 2498 2783 2553 virtute
2812 2514 2929 2554 cum
2959 2500 3149 2569 plenus
3190 2502 3291 2566 sis,
3341 2503 3536 2557 bonam

1964 2586 2074 2640 Deo
2104 2585 2303 2655 frugem
2334 2588 2506 2652 molis,
2532 2596 2689 2655 teque
2715 2590 2885 2657 ipsum
2917 2591 2967 2644 in
3000 2593 3194 2661 azymis
3217 2594 3538 2649 sinceritatis

1964 2683 2019 2729 et
2047 2678 2285 2730 veritatis
2318 2678 2638 2746 epulandum
2668 2680 2779 2734 Deo
2812 2682 3059 2736 exhibes:
3106 2683 3256 2751 cujus
3283 2701 3403 2741 esca
3436 2696 3535 2754 est,

1964 2766 2206 2834 quisquis
2234 2767 2309 2835 (It)
2338 2768 2664 2821 voluntatem
2693 2768 2808 2837 ejus
2831 2768 3084 2835 efficiens,
3117 2772 3169 2825 in
3194 2777 3433 2843 corporis
3465 2778 3539 2845 ip-

1964 2856 2075 2910 sius
2102 2858 2340 2911 membra
2386 2856 2735 2919 convertitur,
2779 2858 2990 2912 dicente
3022 2862 3083 2929 (i)
3106 2862 3388 2930 Apostolo,
3416 2867 3537 2932 quia

1968 2945 2032 3014 (j)
2062 2945 2148 3015 qui
2176 2962 2231 2998 se
2249 2945 2425 3014 jungit
2470 2944 2598 3007 Deo,
2622 2946 2832 3015 spiritus
2875 2964 3004 3000 unus
3044 2950 3257 3017 eﬂicitur
3309 2950 3351 3004 ι.
3386 2952 3537 3018 Quod

1967 3037 2319 3102 assequimur,
2345 3035 2388 3088 si
2416 3045 2672 3101 portemus
2700 3037 2975 3104 imaginem
2997 3037 3211 3091 cwlestis
3237 3054 3299 3093 ea
3329 3056 3454 3094 cura
3486 3052 3538 3096 et

283 3123 334 3175 in
357 3140 506 3195 agro,
536 3132 587 3177 et
630 3141 760 3177 unus
809 3133 1065 3177 assumtus
1117 3132 1192 3178 est
1212 3124 1279 3178 d?
1305 3123 1420 3178 Non
1464 3126 1629 3179 simus
1667 3126 1858 3194 ingrati
1885 3125 1929 3185 C
1961 3124 2253 3192 diligentia,
2283 3139 2385 3193 qua
2415 3125 2727 3193 portavimus
2750 3118 3027 3194 imaginem
3054 3129 3073 3160 ’
3100 3132 3289 3181 terreni
3328 3138 3383 3182 ιη.
3418 3129 3539 3184 ιιιιί-

283 3211 427 3275 Deo,
447 3214 541 3281 qui
567 3228 670 3266 non
701 3228 861 3266 unum
891 3227 956 3266 ex
982 3213 1153 3275 nobis,
1186 3212 1278 3267 sed
1326 3229 1487 3266 unum
1532 3215 1779 3267 assumsit
1807 3215 1859 3268 in

282 3303 454 3357 nobis.
483 3301 600 3356 Duo
629 3302 849 3368 fuimus,
873 3303 969 3358 sed
996 3302 1208 3373 quando
1236 3318 1355 3357 cum
1386 3303 1488 3357 illis
1514 3304 1762 3359 fratribus
1782 3305 1859 3376 (ά)

282 3392 745 3458 combinabamus,
766 3407 992 3461 quorum
1021 3409 1051 3446 a
1079 3394 1234 3447 nobis
1264 3408 1360 3462 per
1400 3394 1501 3448 hoc
1530 3396 1860 3464 propositum

283 3481 420 3535 facta
446 3483 639 3536 divisio
667 3491 752 3538 est
783 3500 796 3535 :
825 3484 948 3552 quia
990 3500 1156 3537 unum
1176 3485 1197 3517 ⁸
1228 3500 1334 3538 ιιοιι
1372 3484 1439 3538 de
1466 3486 1719 3553 singulari
1740 3502 1863 3541 cor-

272 3584 432 3645 pore,
464 3573 560 3626 sed
581 3574 650 3627 de
677 3574 961 3628 multorum
991 3590 1206 3645 quoque
1236 3577 1579 3631 unanimitate
1606 3578 1710 3633 diei
1738 3579 1865 3634 satis

284 3662 471 3715 eadem
492 3662 771 3732 Scriptura
800 3664 1035 3719 declarat
1060 3676 1103 3732 ο,
1130 3682 1249 3720 cum
1278 3666 1376 3721 has
1400 3683 1656 3737 personas
1684 3685 1791 3724 non
1813 3670 1865 3725 in

284 3752 495 3805 duobus
528 3754 853 3821 hominibus,
884 3755 978 3810 sed
1007 3756 1235 3826 populis,
1268 3757 1370 3811 tide
1406 3759 1662 3825 gentium,
1695 3768 1751 3814 et
1774 3775 1862 3815 re-

284 3844 565 3897 mansione
588 3843 887 3899 Iudaeorum
917 3846 969 3900 id
993 3846 1328 3909 ostendente,
1354 3849 1625 3916 proponit.
1652 3849 1782 3903 Nam
1811 3857 1867 3904 et

284 3932 389 3986 illa:
419 3933 685 3987 molentes
714 3934 818 4003 52
838 3934 954 3988 dua:
972 3976 988 4001 ,
1009 3935 1076 3990 de
1096 3936 1288 4003 quibus
1313 3936 1558 3991 similiter
1582 3953 1686 3991 una
1713 3953 1866 3994 assu-

283 4024 451 4077 mitur
482 4022 526 4087 τ,
555 4033 611 4077 ιιι
639 4024 887 4088 arbitror,
941 4024 1234 4096 Synagogxe
1278 4034 1334 4079 et
1360 4025 1612 4082 Ecclesiae
1641 4028 1866 4083 formam

284 4108 499 4179 gerunt.
524 4112 658 4177 Quia
688 4129 795 4167 non
824 4124 906 4167 est
932 4114 1035 4167 alia
1062 4129 1291 4183 persona
1311 4131 1430 4184 qua:
1458 4116 1512 4169 in
1533 4118 1678 4171 omni
1698 4134 1872 4173 sacra-

285 4219 401 4256 rum
436 4202 763 4258 Litterarum
786 4205 993 4259 ratione
1020 4212 1297 4269 tractetur,
1325 4208 1424 4261 nisi
1450 4216 1544 4261 aut
1572 4210 1624 4262 in
1654 4211 1870 4265 univer-

283 4294 448 4347 sitate
478 4294 691 4361 generis
721 4294 956 4359 humani,
986 4294 1317 4350 credentium
1349 4296 1747 4367 inﬁdeliumque
1772 4318 1872 4371 po-

353 4453 372 4473 ‘
414 4451 610 4523 Matth.
641 4468 785 4523 xxiv,
811 4452 899 4506 40.
973 4452 999 4491 ι)
1031 4453 1225 4523 Ephes.
1250 4470 1305 4517 ιι,
1335 4453 1422 4507 14.

1502 4465 1524 4492 ε
1553 4455 1709 4509 Rom.
1735 4474 1844 4522 xm,
1870 4459 1957 4512 10.
2029 4455 2054 4494 ἀ
2079 4454 2267 4509 Matth.
2293 4469 2440 4515 χχιιι,
2465 4450 2558 4522 40.
2639 4462 2663 4490 ε
2700 4452 2863 4522 Rom.
2893 4470 2965 4517 χι,
2989 4455 3040 4508 7.

283 4522 378 4586 41;
413 4521 554 4592 Luc.
583 4538 704 4587 xvu,
737 4522 826 4575 55.
905 4532 929 4570 8
969 4521 1125 4575 Rom.
1160 4539 1231 4584 χι,
1253 4523 1340 4576 29.
1421 4522 1446 4560 δ
1486 4523 1625 4578 Psal.
1657 4521 1861 4592 cxxxv,
1892 4526 1980 4581 25.

1968 3214 2128 3269 tando
2148 3216 2288 3269 enim
2316 3215 2639 3270 imitatorem
2662 3214 2856 3268 Christi
2887 3219 3255 3284 perveniemus
3273 3220 3339 3273 ad
3369 3223 3539 3275 imita-

1968 3306 2168 3359 tionem
2200 3304 2325 3368 Dei;
2357 3303 2441 3358 cui
2470 3303 2631 3358 bonus
2658 3312 2786 3358 odor
2813 3321 2985 3373 sumus
3006 3309 3060 3360 in
3081 3306 3280 3362 Christo
3302 3319 3346 3374 η,
3378 3312 3421 3365 si
3442 3327 3539 3365 ex-

1967 3393 2243 3448 hibeamus
2263 3394 2492 3448 hostiam
2508 3395 2680 3447 vivam
2712 3396 2752 3426 ¹⁰
2782 3396 3038 3464 obsequio
3066 3400 3374 3455 rationabili
3402 3412 3448 3467 ο,
3481 3412 3540 3457 ut

1968 3486 2042 3540 illi
2074 3501 2261 3555 puram
2290 3485 2639 3552 similagiuem
2670 3486 2808 3541 mola
2841 3487 3023 3541 mundi
3063 3490 3238 3544 cordis
3273 3502 3541 3548 excretam

1970 3578 2037 3631 ab
2068 3577 2336 3632 interioris
2363 3578 2531 3632 nostri
2555 3579 2915 3645 penetralibus
2942 3578 3247 3645 offeramus,
3290 3590 3344 3635 et
3366 3584 3417 3637 in
3444 3600 3541 3652 pe-

1968 3676 2117 3723 ctore
2144 3676 2327 3722 nostro
2368 3675 2569 3721 castum
2599 3667 2767 3721 altare
2814 3675 3075 3735 ponentes
3114 3669 3201 3722 illa
3246 3686 3344 3739 per
3371 3672 3541 3739 legem

1962 3757 2109 3826 jussa
2130 3756 2399 3812 sacrificiis
2418 3755 2664 3809 animalia
2686 3763 2980 3810 mactemus
3002 3759 3052 3811 in
3072 3759 3235 3821 vitiis,
3259 3761 3541 3815 immolan-

1963 3858 2046 3903 tes
2080 3849 2283 3901 hircum
2311 3845 2641 3917 peremtione
2670 3847 2709 3877 ¹¹
2758 3847 2961 3914 peccati
2988 3858 3035 3911 ιι,
3065 3849 3116 3901 in
3148 3851 3251 3921 53
3278 3864 3385 3919 quo
3408 3852 3543 3907 odor

1964 3937 2153 3991 mortis
2180 3943 2298 4000 est;
2329 3934 2593 3989 cadentes
2621 3941 2830 3988 taurum
2848 3975 2863 4000 ,
2909 3937 2953 3990 si
2982 3937 3312 4007 deponamus
3356 3957 3544 4011 super-

1967 4028 2108 4082 biam
2134 4044 2148 4092 ;
2179 4024 2542 4081 sacrificantes
2569 4039 2722 4079 ovem
2746 4035 2793 4090 (ι,
2825 4026 2869 4080 si
2896 4028 3282 4084 mollitudinem
3308 4038 3363 4085 et
3391 4032 3542 4100 igna-

1969 4121 2129 4183 viam,
2154 4118 2207 4170 in
2247 4116 2470 4171 caritate
2497 4130 2604 4169 non
2634 4115 2816 4185 tepidi,
2844 4125 2900 4170 et
2922 4117 3111 4186 spiritu
3141 4118 3405 4175 ferventes
3448 4121 3545 4190 eji-

1972 4198 2181 4267 ciamus
2201 4227 2212 4262 :
2243 4208 2530 4262 olferentes
2554 4206 2606 4260 in
2639 4208 2794 4263 nobis
2819 4216 2873 4261 et
2898 4222 3113 4277 agnum,
3146 4211 3191 4264 si
3222 4211 3545 4268 immaculati

1974 4302 2237 4367 vivamus,
2258 4305 2314 4352 et
2334 4296 2578 4361 vitulum,
2608 4295 2654 4351 si
2680 4295 2975 4353 efficiamur
3001 4299 3201 4353 malitia
3237 4301 3464 4369 parvuli,
3488 4310 3547 4356 ut

3122 4454 3140 4492 τ
3182 4455 3367 4509 Matth.
3400 4474 3546 4524 χχιιι,

2065 4526 2076 4564 ι
2120 4524 2312 4577 Johan.
2346 4539 2393 4576 vi
2415 4562 2428 4586 ,
2459 4521 2577 4591 53.7
2631 4532 2644 4571 ι
2694 4521 2856 4577 Eccli.
2892 4539 3043 4584 xxiv,
3075 4524 3160 4576 29.
3242 4524 3262 4562 ι
3295 4525 3312 4577 1
3346 4526 3482 4581 Tim.
3510 4521 3547 4591 ι.

283 4592 336 4646 5.
422 4590 440 4628 ι
486 4589 649 4645 lCor.
683 4608 754 4655 vl,
788 4592 874 4644 17.
951 4601 988 4627 ηε
1028 4592 1193 4646 lCor.
1223 4608 1310 4656 xv,
1337 4592 1425 4646 ιθ.
1502 4602 1528 4629 ιι
1558 4593 1598 4647 ιι
1624 4593 1746 4649 Cor.
1780 4613 1834 4663 ιι,
1849 4589 1880 4649 ’1

2022 4608 2048 4633 υ
2070 4595 2226 4648 Rom.
2260 4607 2352 4653 xu,
2384 4592 2435 4644 1.
2484 4602 2539 4643 ,ρ
2565 4590 2693 4645 Lev.
2727 4608 2779 4656 x,
2805 4591 2889 4645 16.
2965 4602 2990 4641 ει
3019 4593 3187 4647 Levit.
3229 4610 3304 4661 ιιι,
3336 4595 3389 4649 6.

378 4724 437 4791 a)
484 4721 581 4776 Ms.
612 4722 789 4785 Vien.,
822 4723 967 4776 nobis
1003 4738 1136 4775 cum.

378 4790 433 4861 ὸ)
482 4790 571 4846 Sic
607 4807 733 4846 mss.
786 4794 999 4847 codices
1052 4807 1173 4847 cum
1219 4790 1375 4846 editis
1424 4800 1673 4861 quatuor.
1723 4793 1864 4849 Edit.

285 4864 453 4917 Rosv.
469 4902 483 4921 ,
516 4876 671 4913 nunc.

353 4933 426 5001 (ε)
478 4929 552 5001 Ita
582 4946 681 4984 ms.
714 4929 867 5001 Vien.
898 4929 1019 5001 Alii,
1050 4930 1137 5001 qui
1175 4930 1317 5001 facis
1337 4940 1387 5001 et
1420 4932 1475 4982 in
1506 4930 1654 4983 uobis
1688 4932 1868 4985 volun-

286 4997 443 5055 tatem
491 4997 588 5052 Dei
617 5016 678 5051 ac
704 4997 1072 5068 plenitudinem
1100 4997 1247 5068 legis.
1279 4997 1487 5068 Diligis,
1518 5009 1621 5052 etc.

353 5072 436 5137 (ά)
484 5068 622 5121 Ante
650 5075 767 5137 erat
795 5069 847 5121 in
870 5068 1007 5137 edit:
1022 5067 1209 5137 Rosv.,
1231 5067 1663 5127 combinabamur,
1697 5068 1748 5121 in
1777 5069 1863 5123 ed.

285 5134 509 5196 sum,
538 5136 941 5204 convivebamus.
970 5135 1380 5204 Emendavimus
1408 5152 1474 5190 ex
1500 5153 1599 5189 ms.
1634 5136 1763 5204 Reg.
1813 5144 1868 5191 et

285 5211 412 5263 edit.
449 5207 613 5273 Bad.,
643 5205 805 5261 Grav.
830 5213 884 5259 et
912 5203 1086 5271 Grin.,
1109 5203 1539 5258 combinabamus.
1566 5205 1689 5259 Haec
1710 5203 1869 5261 lectio

288 5280 540 5334 restituta
569 5275 916 5331 confirmatur
943 5290 1080 5328 nova
1110 5289 1331 5342 operum
1360 5273 1415 5327 S.
1450 5275 1726 5343 Augustini
1756 5275 1869 5328 edi-

288 5351 462 5414 tione,
494 5362 613 5415 quze
640 5344 1049 5415 Confessionum
1074 5343 1171 5415 lib.
1198 5358 1254 5415 _v,
1287 5357 1405 5411 cap.
1435 5343 1532 5407 10,
1569 5361 1619 5415 ιι.
1671 5343 1764 5407 18,
1793 5345 1871 5398 sic

288 5410 456 5471 habet
482 5410 590 5468 :vEt
608 5416 725 5468 ideo
762 5414 927 5465 adhuc
954 5410 1306 5464 combinabam
1337 5410 1451 5464 cum
1474 5414 1646 5465 electis
1674 5429 1867 5465 eorum.

289 5486 546 5554 Sequitur
578 5484 667 5537 hic
692 5482 943 5536 Paulinus
963 5481 1254 5554 lectionem
1269 5480 1553 5554 quamdam
1579 5480 1735 5554 LXX,
1758 5495 1877 5554 qua).

291 5548 455 5608 habet
481 5554 788 5613 συνδυάσω,
841 5548 1169 5612 combinabo,
1212 5549 1349 5601 sicut
1382 5557 1438 5602 et
1479 5549 1799 5615 Augustinus
1824 5550 1877 5603 iu

293 5625 429 5688 psal.
464 5639 585 5689 cxt,
634 5638 688 5676 ιι.
723 5620 809 5684 12,
862 5628 994 5674 ιοιιι.
1046 5616 1133 5680 IV,
1167 5630 1221 5684 p.
1256 5615 1412 5672 1570.
1464 5617 1648 5687 itaque
1676 5634 1795 5673 cum
1825 5619 1878 5674 in

1897 4721 2366 4793 Dantiquioribus
2412 4735 2633 4793 operum
2670 4719 2728 4773 S.
2772 4720 3051 4793 Augustini
3098 4738 3225 4776 mss.
3276 4726 3551 4782 codicibus

1974 4789 2180 4863 legatur
2206 4789 2554 4863 combinabam
2582 4797 2635 4843 et
2654 4789 2972 4855 combinabo,
2993 4806 3113 4845 cum
3136 4794 3332 4847 nostris
3352 4798 3552 4863 pariter

1971 4858 2252 4917 scribimus
2277 4858 2713 4911 combinabamus.

2044 4930 2115 4996 (e)
2157 4930 2250 4983 Ms.
2282 4926 2411 4996 Reg.
2438 4927 2769 4981 addiLnobis.

2045 4932 2093 4994 (ε
2157 4930 2250 4983 Ms.
2282 4930 2411 4996 Reg.
2438 4930 2769 4981 addiLnobis.

2045 4930 2115 5080 (fi
2148 4998 2251 5079 .Ms.
2286 4994 2416 5065 Reg.
2450 5005 2506 5049 et
2537 4996 2665 5050 edit.
2715 4995 2873 5065 Bad.,
2910 4996 3099 5064 Grav.,
3133 4997 3311 5069 Grin.,
3339 5017 3551 5056 conter-

1972 5080 2205 5123 satzoms.

2045 5138 2119 5207 (gl
2161 5135 2283 5207 limo
2306 5135 2644 5207 vox__abest_a
2678 5150 2775 5188 ms.
2810 5134 2960 5207 V_i_en.
2990 5136 3193 5190 codice.

2047 5202 2123 5272 (ἦ)
2163 5204 2287 5259 Mss.
2330 5204 2541 5258 codices
2577 5202 2707 5270 Reg.
2748 5211 2803 5256 et
2836 5204 3024 5266 Vien.,
3076 5207 3389 5259 voluntatum
3436 5209 3547 5272 ejus

1975 5275 2203 5343 effectus.
2229 5274 2297 5325 At
2314 5272 2439 5325 editi
2461 5273 2695 5344 quinque
2721 5274 3028 5325 voluntatem
3053 5276 3163 5343 ejus
3184 5278 3423 5344 eﬂiciens.
3448 5272 3546 5333 Sis.

1976 5342 2128 5396 Vien.
2163 5343 2318 5405 infra,
2344 5342 2607 5394 convertit.

2052 5412 2113 5481 (i)
2155 5410 2311 5481 Hane
2332 5424 2514 5481 vocem
2544 5408 2912 5481 substituimus
2942 5424 3008 5464 ex
3036 5426 3134 5465 ms.
3175 5411 3323 5465 Vien.
3355 5427 3473 5465 cum
3498 5414 3550 5470 in

1980 5477 2104 5534 aliis
2126 5480 2401 5534 codicibus
2422 5477 2628 5545 legatur
2645 5480 2775 5546 ipso.

2051 5549 2116 5616 (j)
2157 5548 2466 5603 Addidimus
2492 5549 2616 5617 quia
2646 5561 2712 5603 ex
2745 5561 2870 5603 mss.
2904 5546 3135 5618 duobus,
3163 5558 3217 5604 ct
3240 5547 3396 5602 editis
3419 5562 3547 5616 qua~

1986 5626 2128 5673 tuor.
