4006 6180
492 260 599 319 195

1608 268 1663 327 S.
1704 271 1974 331 PAULINI
2014 273 2263 332 NOLANI
2299 275 2601 336 EPISCOPI

3642 288 3740 346 I96

491 373 645 428 unius
669 388 860 444 purum
888 376 1164 447 pudicitia,
1209 377 1429 436 alterius
1457 381 1676 436 stultum
1713 384 2053 455 simplicitate
2082 396 2126 450 Α
2158 390 2312 444 nobis
2334 400 2385 444 et
2409 393 2638 446 animam
2666 401 2723 446 et
2750 406 2964 449 carnem
2994 409 3142 450 suam
3163 397 3361 467 posuit,
3390 406 3445 453 et
3464 402 3667 471 recepit
3684 400 3733 470 ll;

488 464 813 531 reteramus;
844 469 1003 533 quale
1049 477 1102 523 te
1128 470 1446 526 sacriﬁcium
1475 471 1586 527 Deo
1624 475 1880 532 exhibere
1903 480 2058 535 video

487 553 541 607 in
572 556 769 624 templo
800 558 874 610 tui
899 560 1160 627 corporis,
1202 560 1253 613 in
1283 562 1518 617 sacrario
1542 564 1617 617 tui
1645 566 1842 630 cordis,
1874 567 1926 620 in
1956 570 2058 622 im-

484 644 777 700 molatione
794 655 895 701 tua:
919 650 1115 715 carnis,
1138 650 1189 703 in
1211 652 1481 707 oblatione
1504 663 1607 707 tuae
1628 657 1834 710 animm.
1863 658 2059 715 lmmo-

484 733 563 787 las
595 743 820 801 taurum,
870 754 992 793 cum
1034 741 1117 809 pia
1147 742 1445 797 humilitate
1494 745 1766 815 depositus
1792 751 2057 805 cervicem

480 823 643 878 altam
675 830 980 895 percussisti
1029 832 1220 886 timore
1266 834 1467 889 divino.
1512 836 1765 893 lmmolas
1818 840 2048 908 haedum,

480 930 602 969 cum
642 920 818 973 omnia
853 922 1079 975 sinistra:
1128 925 1293 991 partis
1340 940 1524 994 opera,
1551 927 1772 996 justitiae
1800 941 2053 998 sectator,

480 1008 753 1063 interﬁcis.
778 1010 939 1065 Ovem
966 1012 1196 1080 jugulas,
1232 1032 1351 1070 cum
1378 1018 1601 1085 diligens
1621 1022 1916 1089 operarius,
1939 1031 2053 1078 stu-

478 1098 764 1168 diosusque
794 1103 1079 1157 meditator
1106 1105 1296 1161 divinae
1325 1108 1612 1163 voluntatis
1638 1119 1695 1164 et
1723 1112 1879 1179 legis,
1910 1114 2053 1167 iner-

479 1189 606 1243 tiam
638 1192 712 1261 (ιι)
741 1193 792 1245 in
819 1202 871 1247 te
899 1202 954 1247 et
977 1196 1237 1261 ignaviam
1262 1200 1413 1264 quasi
1457 1215 1617 1267 pecus
1643 1204 1803 1257 molle
1823 1215 2059 1273 proster-

478 1280 579 1344 nis,
609 1291 664 1334 et
691 1297 721 1334 a
754 1290 806 1335 te
833 1285 953 1337 vitae
1000 1286 1150 1339 istius
1198 1287 1573 1356 impedimenta
1594 1332 1609 1356 ,
1639 1293 1789 1360 quasi
1828 1294 2050 1360 vellera,

478 1373 717 1425 tondenti
746 1375 913 1438 utilia,
946 1392 1169 1431 onerosa
1200 1380 1449 1445 gestanti,
1478 1379 1679 1450 forcipe
1719 1383 1867 1437 verbi
1893 1385 2055 1440 cccle-

474 1463 572 1517 stis
601 1463 672 1532 (b)
695 1466 920 1519 abscidis
953 1484 965 1518 :
998 1484 1102 1536 qua
1134 1484 1231 1523 nos
1259 1468 1465 1524 duobus
1491 1470 1844 1528 Testamentis
1870 1491 2056 1545 appre-

473 1550 670 1607 hensos
725 1562 869 1609 tenet
908 1555 1181 1621 Christus;
1237 1567 1292 1612 et
1349 1561 1430 1615 vel
1469 1562 1691 1618 sarcinis
1726 1565 2054 1621 secularibus

470 1643 622 1708 quasi
655 1643 787 1697 lanis
830 1646 976 1698 exuit
1010 1663 1021 1697 :
1055 1648 1139 1700 vel
1161 1663 1388 1713 rursum,
1415 1658 1471 1703 ut
1509 1651 1704 1705 vellera
1733 1668 1762 1705 a
1792 1668 2047 1723 corpora-

2163 479 2254 547 qui
2282 488 2339 533 et
2359 482 2611 536 sacerdos
2630 490 2685 537 et
2713 482 2907 550 hostia,
2928 494 2984 540 et
3012 499 3181 555 agnus
3206 496 3261 542 et
3286 496 3471 558 pastor
3489 498 3594 558 est,
3642 506 3734 560 qui

2158 583 2257 637 pro
2290 569 2491 625 'ovibus
2521 572 2630 625 suis
2651 581 2856 640 pastor,
2892 581 2947 628 et
2972 589 3070 643 pro
3097 577 3404 644 pastoribus
3427 578 3538 633 suis
3567 595 3734 649 agnus

2158 659 2368 713 occisus
2394 668 2495 714 est.
2528 660 2643 729 Ipse
2672 662 2814 715 enim
2843 662 3098 718 Dominus
3133 665 3306 721 hostia
3355 667 3591 721 omnium
3642 683 3732 723 sa-

2156 750 2434 803 cerdotum
2464 759 2546 805 est
2580 749 2623 814 i,
2643 751 2734 819 qui
2759 753 3106 821 semetipsum
3155 769 3252 822 pro
3278 756 3512 808 omnium
3542 771 3735 811 recon-

2156 837 2425 893 ciliatione
2454 838 2595 893 Patri
2626 840 2816 902 libans,
2845 841 3060 896 victima
3085 843 3370 897 sacerdotii
3403 844 3505 908 sui,
3535 853 3589 898 et
3622 860 3729 929 _sa-

2156 930 2349 984 cerdos
2400 946 2509 985 suae
2558 931 2782 985 victima:
2834 932 2973 985 fuit:
3007 934 3201 1001 cuique
3229 949 3371 987 nunc
3397 944 3455 987 ut
3497 934 3729 988 unioxu-

2155 1019 2302 1073 nium
2332 1020 2557 1075 Domino
2587 1022 2759 1075 omnis
2786 1037 2925 1077 nova
2957 1032 3201 1076 creatura
3226 1026 3564 1088 sacriﬁcium,
3604 1028 3730 1096 ipsi-

2154 1122 2260 1175 que
2287 1118 2409 1162 sunt
2430 1108 2617 1163 hostiae
2645 1110 2969 1164 sacerdotes.
2996 1110 3051 1165 Si
3076 1127 3216 1166 nunc
3236 1112 3285 1166 ei
3306 1128 3407 1166 nos
3430 1115 3728 1168 tondendos

2155 1196 2207 1251 in
2252 1198 2466 1253 silentio
2512 1199 2825 1253 humilitatis
2874 1207 3035 1269 atque
3081 1202 3369 1269 patientiae,
3397 1205 3727 1273 quaseipse

2152 1302 2251 1355 pro
2281 1288 2434 1341 nobis
2457 1288 2701 1356 praebuit,
2726 1290 3075 1357 praebeamus,
3107 1292 3360 1360 suscipiet
3384 1292 3437 1346 in
3474 1308 3531 1346 se
3560 1308 3724 1347 onera

2152 1378 2364 1435 velleris
2389 1380 2590 1443 nostri;
2622 1394 2720 1434 nec
2748 1380 3117 1448 dedignabitur
3137 1383 3316 1436 ovium
3338 1398 3554 1437 suarum
3576 1384 3726 1439 lanas

2152 1476 2389 1537 portare,
2411 1469 2500 1537 qui
2521 1468 2688 1536 ipsam
2718 1484 2892 1533 ovem,
2917 1484 3075 1537 quam
3103 1472 3171 1525 ab
3199 1486 3381 1526 errore
3410 1472 3470 1541 (i)
3502 1488 3727 1527 revoca—

2152 1560 2308 1623 verit,
2330 1560 2565 1614 humeris
2594 1559 2689 1631 (V.
2720 1568 2835 1615 not.
2865 1558 2954 1631 29)
2979 1562 3089 1616 suis
3128 1561 3196 1616 ad
3249 1562 3407 1616 ovilia
3446 1570 3725 1632 reportare

2152 1647 2401 1716 dignatur
2422 1650 2467 1703 i.

469 1729 607 1785 libus
636 1733 775 1786 vitiis
806 1742 1074 1803 tamquam
1115 1752 1144 1789 a
1189 1739 1445 1793 morbidis
1479 1748 1533 1793 et
1573 1741 1823 1798 mollibus
1863 1744 2034 1797 ovium

2218 1761 2272 1815 9.
2312 1760 2379 1814 Et
2430 1760 2683 1830 quoniam
2729 1761 2975 1815 bonorum
2997 1770 3288 1816 nostrorum
3314 1764 3423 1832 ipse
3450 1780 3553 1815 non
3580 1763 3722 1816 indi-

468 1824 780 1890 θονρυτίδυδ
812 1825 880 1893 (ε)
903 1826 1184 1881 ἱὼδθίάεηε
1206 1867 1221 1892 ν
1254 1829 1306 1881 in
1336 1830 1710 1885 νθδῑίηιεηίιιῐη
1742 1834 1823 1887 ευί
1856 1850 2049 1905 001·Ρο-
2146 1862 2230 1922 get
2252 1852 2299 1917 ι,
2328 1868 2427 1906 nos
2449 1824 2582 1906 vero
2610 1853 2844 1906 omnium
2874 1854 3014 1907 illius
3043 1854 3355 1921 indigemus,
3388 1863 3572 1909 nostro
3602 1863 3722 1908 tan-

466 1912 560 1973 ris,
607 1914 749 1980 quod
779 1916 1094 1984 operatione
1123 1917 1453 1973 credentium
1486 1922 1634 1989 tegit,
1678 1923 1939 1991 siquidem
1968 1926 2034 1979 vi-

2144 1912 2256 1999 tum
2277 1946 2419 2001 bono
2449 1946 2602 2000 nobis
2629 1947 2822 2013 bonus,
2854 1948 2996 2016 capit
3016 1954 3197 2002 nostra
3223 1962 3341 2016 quae
3368 1964 3463 2002 sua
3486 1953 3640 2014 sunt,
3663 1957 3721 2003 et

464 2003 641 2055 cissim
684 2004 758 2073 (d)
808 2021 927 2059 cum
969 2004 1240 2061 Christum
1290 2010 1555 2065 induimus
1591 2021 1650 2077 ι,
1694 2013 1975 2069 induamur
2012 2032 2042 2070 a

464 2089 696 2155 Christo,
733 2094 784 2145 in
815 2092 1066 2149 Ecclesia:
1095 2112 1260 2165 pensa
1297 2098 1544 2166 deducit,
1587 2109 1643 2155 et
1690 2100 1909 2157 ﬁmbriis
1934 2119 2043 2159 suae

464 2182 627 2235 vestis
658 2183 867 2237 intexit.

531 2270 584 2323 8.
627 2270 881 2325 Totondit
909 2280 961 2328 te
986 2274 1073 2328 hic
1098 2282 1281 2344 pastor
1303 2277 1446 2346 jam;
1478 2287 1536 2334 ut
1574 2282 1823 2347 arbitror,
1855 2291 1910 2337 et
1938 2299 2038 2352 po-

461 2360 569 2414 suit
596 2360 649 2413 in
672 2376 796 2415 area
816 2377 930 2426 sua,
963 2371 1017 2417 et
1039 2365 1241 2419 caelesti
1266 2382 1390 2421 rore
1416 2367 1647 2436 perfudit
1672 2371 1843 2425 vellus
1868 2381 2034 2426 tuum.

460 2447 591 2503 Nam
619 2458 675 2502 et
695 2451 866 2517 gratia
893 2466 1011 2519 quae
1041 2452 1211 2506 infusa
1238 2462 1321 2508 est
1349 2456 1430 2509 ori
1461 2466 1572 2520 tuo,
1598 2466 1653 2511 et
1674 2473 1773 2528 per
1799 2475 1861 2515 os
1884 2468 2035 2515 tuum

460 2541 609 2610 quasi
635 2541 780 2595 rivus
799 2557 830 2595 a
855 2542 1086 2598 fontibus
1106 2544 1285 2611 Israel,
1298 2548 1382 2601 vel
1399 2549 1469 2619 (e)
1484 2548 1688 2626 διώρυξ.
1704 2560 1762 2605 ιιι
1779 2555 2036 2622 scriptum

459 2639 543 2685 est
573 2631 618 2697 δ,
643 2646 672 2684 a
693 2632 937 2700 paradiso
965 2635 1239 2691 abundans
1266 2636 1402 2705 ﬁuit,
1423 2639 1579 2695 docet
1636 2658 1751 2708 nos,
1792 2645 1916 2713 quia
1944 2646 2035 2698 de-

458 2721 657 2773 scendit
680 2722 732 2774 in
763 2730 816 2776 te
837 2723 1091 2778 Dominus
1118 2726 1249 2779 sicut
1268 2730 1440 2796 pluvia
1458 2731 1513 2782 in
1535 2731 1690 2785 vellus
1724 2743 1767 2797 ο,
1792 2743 1846 2787 et
1890 2734 2035 2788 dedit

459 2810 555 2865 tibi
578 2828 772 2881 aquam
800 2814 866 2868 de
888 2823 1051 2883 puteo
1069 2814 1236 2872 Jacob
1265 2816 1314 2883 ἀ,
1343 2820 1467 2888 quia
1498 2829 1556 2875 tu
1577 2838 1792 2892 quoque
1818 2825 1887 2880 de
1912 2825 2033 2880 ﬁliis

458 2900 620 2955 Israel
666 2902 893 2959 Domino
940 2905 1007 2975 (ο
1060 2908 1450 2977 propinquatus
1490 2912 1793 2968 exstiteras.
1824 2914 1879 2969 Si
1902 2930 2031 2985 ergo

457 3002 740 3062 pertonsus
785 3009 861 3061 es,
892 2995 1089 3065 duplex
1116 2998 1436 3055 beneﬁcium
1463 3003 1730 3071 recepisse
1760 3012 1812 3058 te
1839 3005 2024 3068 sentis,

2144 2043 2323 2090 tamen
2345 2050 2407 2089 ea
2429 2036 2564 2103 juris
2593 2037 2673 2090 sui
2697 2052 2800 2089 non
2825 2038 2968 2101 vult;
2993 2046 3051 2091 ut
3071 2039 3222 2106 quasi
3245 2046 3425 2092 nostra
3452 2039 3605 2093 nobis
3626 2054 3719 2093 ae-

2140 2134 2298 2194 cepto
2329 2125 2482 2190 ferat,
2515 2142 2635 2181 cum
2666 2128 2795 2181 nihil
2824 2129 3114 2183 habeamus
3143 2129 3241 2183 nisi
3270 2131 3637 2198 acceperimus
3664 2129 3707 2195 ι;

2140 2222 2197 2267 et
2240 2230 2308 2268 ne
2337 2216 2435 2284 ipsi
2473 2216 2685 2283 quidem
2716 2218 2831 2271 sine
2856 2226 2987 2272 nutu
3011 2220 3174 2288 ipsius
3204 2234 3323 2273 esse
3352 2221 3620 2288 possimus
3649 2230 3711 2272 π’.

2137 2302 2277 2370 Ergo
2297 2305 2427 2357 nihil
2460 2306 2513 2358 in
2541 2307 2681 2361 hunc
2702 2308 2959 2361 mundum
3006 2307 3359 2362 inferentibus
3379 2319 3426 2372 η,
3459 2309 3713 2362 substan-

2137 2394 2262 2447 tiam
2283 2411 2463 2449 rerum
2493 2397 2864 2466 temporalium
2888 2398 3037 2467 quasi
3059 2399 3251 2453 tonsile
3274 2399 3443 2453 vellus
3467 2399 3711 2468 apponit,

2134 2498 2244 2536 non
2274 2492 2332 2537 ut
2359 2487 2567 2540 sarcina
2597 2487 2871 2557 impediat,
2903 2505 3038 2558 quos
3067 2490 3346 2559 expeditos
3365 2490 3511 2544 nasci
3534 2490 3709 2558 jubet.

2131 2573 2226 2626 sed
2270 2581 2331 2627 ut
2384 2576 2663 2629 materiam
2708 2578 2864 2633 nobis
2890 2580 3105 2634 virtutis
3137 2579 3206 2633 ad
3236 2580 3421 2633 merita
3450 2578 3710 2648 parienda

2131 2671 2429 2731 proponat;
2461 2672 2516 2718 et
2543 2666 2612 2719 sit
2639 2666 2784 2721 unde
2804 2668 3181 2724 documentum
3206 2678 3402 2724 nostrae
3431 2671 3483 2724 in
3514 2670 3709 2735 Deum,

2133 2750 2185 2804 id
2209 2760 2292 2805 est
2319 2768 2502 2807 verum
2531 2754 2739 2810 Patrem
2769 2773 2833 2813 ac
2860 2758 3162 2824 Dominum,
3190 2759 3313 2815 ﬁdei
3345 2768 3506 2828 atque
3533 2761 3709 2829 pieta-

2134 2839 2203 2893 tis
2230 2840 2472 2909 edamus,
2493 2844 2538 2897 si
2561 2854 2850 2914 suppetant
2877 2849 3029 2902 nobis
3057 2864 3181 2903 cara
3207 2849 3291 2903 vel
3338 2849 3533 2916 dulcia,
3563 2864 3705 2918 quae,

2129 2930 2471 2999 praeferentes
2499 2933 2684 3000 Deum,
2712 2949 2905 3003 magno
2935 2938 3153 3006 praemio
3178 2938 3503 3006 negligamus
3530 2948 3554 2974 ο
3585 2955 3598 2991 :
3648 2946 3707 2992 et

2126 3032 2244 3085 quae
2298 3034 2397 3088 per
2435 3022 2748 3077 immensam
2790 3026 2906 3094 ejus
2940 3027 3257 3094 bonitatem,
3285 3044 3405 3082 cum
3432 3044 3531 3083 nec
3559 3028 3707 3085 illata

456 3083 582 3151 quia
628 3091 683 3138 et
726 3084 778 3136 in
825 3092 959 3138 aestu
999 3087 1166 3141 seculi
1190 3087 1338 3153 levis,
1368 3104 1564 3157 pascua
1586 3091 1735 3145 verbi
1758 3094 2029 3147 matutina:
2060 3095 2105 3158 C
2134 3083 2413 3163 ίιοδίεᾷυηι
2458 3112 2565 3165 sint
2593 3113 2646 3166 in
2676 3083 2837 3170 hum;
2864 3117 3117 3171 mundum
3166 3127 3214 3183 ι),
3257 3133 3429 3187 neque
3462 3118 3616 3172 istinc
3634 3118 3705 3188 tj)

457 3173 652 3226 laetitia:
683 3172 761 3243 (g)
785 3175 930 3229 roris
954 3191 1135 3244 sparsa
1163 3176 1435 3248 decerpis;
1466 3195 1568 3235 nec
1595 3183 1874 3238 meridiani
1920 3185 2030 3239 dan-

458 3263 622 3316 monii
655 3272 677 3299 °
709 3263 901 3318 ardore
930 3266 1167 3327 terreris,
1199 3268 1324 3336 quia
1352 3270 1449 3323 sub
1479 3270 1665 3325 umbra
1693 3273 1895 3327 alarum
1918 3274 2028 3330 Do-

457 3353 587 3406 mini
614 3350 632 3389 ί
660 3354 1012 3422 conquiescis.
1043 3353 1267 3410 Paratur
1287 3358 1381 3411 tibi
1404 3359 1616 3413 interim
1642 3363 1816 3417 tunica
1837 3362 1903 3418 de
1925 3365 2029 3419 tuis

455 3440 609 3505 lanis,
634 3457 738 3511 qua
766 3443 819 3496 in
847 3443 934 3497 illa
954 3444 1038 3499 die
1069 3445 1259 3501 hiemis
1284 3449 1545 3514 vestiaris,
1578 3457 1635 3504 ut
1663 3461 1786 3508 ante
1834 3453 2025 3510 faciem

456 3528 665 3598 frigoris
691 3530 806 3601 ejus
834 3534 1011 3588 valeas
1029 3535 1336 3600 subsistere,
1368 3538 1411 3591 si
1434 3537 1749 3608 dispoliatus
1771 3544 1877 3615 54
1897 3544 1974 3615 (Ιι)
1993 3561 2024 3600 a

453 3634 697 3688 corpore,
728 3636 835 3675 non
865 3621 1151 3678 inveniaris
1194 3624 1369 3680 nudus
1394 3627 1461 3680 ab
1490 3643 1674 3698 opere.
1707 3630 1839 3686 Tum
1864 3634 2024 3689 vicis-

452 3711 553 3764 sim
583 3712 836 3781 prmbebit
882 3728 941 3768 se
968 3715 1063 3769 tibi
1093 3730 1248 3770 ovem
1298 3716 1559 3786 Christus,
1592 3730 1647 3775 et
1698 3740 1884 3793 agnus,
1933 3726 2022 3781 ille

451 3802 542 3869 qui
584 3819 678 3871 pro
708 3804 852 3857 nobis
894 3805 964 3858 ad
1010 3807 1416 3877 interfectionem
1444 3811 1626 3867 ductus
1653 3825 1747 3878 est,
1771 3826 1820 3870 et
1847 3834 2022 3874 coram

450 3893 691 3946 tondente
710 3911 765 3947 se
789 3912 891 3949 non
910 3900 1108 3966 aperuit
1129 3915 1186 3952 os
1205 3916 1351 3953 suum
1375 3911 1421 3963 κ.
1462 3904 1658 3959 vellera
1688 3924 1803 3975 sua,
1835 3909 1888 3964 id
1914 3920 2018 3981 est,

449 3984 625 4037 carnis
679 3986 897 4040 exuvias
942 3987 1183 4041 abstrahi
1223 3990 1324 4043 sibi
1366 4005 1572 4059 passus.
1603 3995 1724 4064 Ipse
1751 4003 1893 4056 enim
1920 4020 2020 4074 pro

520 4146 546 4171 ³
576 4136 733 4190 Rom.
777 4154 889 4207 xm,
938 4138 1018 4207 υτ.
1093 4137 1120 4176 ι)
1147 4138 1309 4196 Eccli.
1340 4159 1484 4207 xxxv,
1518 4144 1605 4199 41.

450 4214 476 4251 8
504 4205 621 4258 lsai.
646 4223 754 4272 un,
780 4208 830 4259 ’7.
879 4205 882 4207 ⁷
910 4206 933 4243 ¹³
958 4206 1149 4262 Johan.
1175 4226 1228 4274 x,
1268 4212 1331 4263 I7
1372 4222 1427 4266 et
1466 4205 1550 4269 I8.

2126 3196 2393 3253 efferenda
2443 3201 2744 3269 nobiscum,
2791 3212 2972 3260 tamen
3018 3209 3063 3261 si
3110 3222 3393 3276 pareamus
3422 3209 3704 3277 praeceptis

2128 3287 2292 3356 illius,
2338 3289 2413 3343 ita
2452 3290 2786 3359 ordinantur,
2842 3303 2903 3349 ut
2939 3304 3212 3351 mutentur
3233 3298 3285 3351 in
3314 3298 3522 3360 melius,
3553 3297 3705 3352 etde

2128 3382 2511 3450 temporalibus
2533 3392 2735 3439 aeterna
2765 3386 3075 3442 reddantur.
3110 3388 3239 3442 Nam
3267 3403 3385 3457 qua:
3405 3390 3545 3443 sicut
3591 3404 3698 3443 non

2130 3471 2424 3540 intulimus,
2448 3474 2521 3528 ita
2543 3491 2645 3530 nec
2666 3476 2875 3532 auferre
2902 3494 3184 3548 possumus
3211 3494 3307 3549 per
3334 3488 3573 3532 naturam
3595 3493 3700 3532 no-

2123 3570 2291 3617 stram
2338 3572 2393 3618 et
2438 3573 2849 3634 praetereuntem
2888 3568 2991 3639 55
3013 3568 3171 3637 hujus
3194 3568 3376 3623 mundi
3404 3567 3626 3636 ﬁguram
3648 3578 3699 3654 ιι,

2122 3665 2187 3705 ea
2217 3667 2313 3720 per
2339 3655 2723 3724 omnipotentis
2748 3657 2840 3711 Dei
2870 3673 3025 3727 opus,
3051 3658 3214 3714 beato
3239 3659 3569 3713 mercimonii
3599 3673 3696 3727 ge-

2125 3756 2254 3796 nere
2295 3751 2585 3812 vertentes,
2636 3761 2743 3801 non
2793 3748 2955 3803 modo
2991 3749 3267 3804 nobiscum
3287 3748 3573 3812 efferimus,
3601 3748 3696 3803 sed

2124 3840 2250 3888 ante
2297 3850 2397 3889 nos
2445 3837 2608 3891 etiam
2651 3838 2703 3892 in
2731 3838 2906 3893 sinum
2935 3838 3144 3894 Domini
3168 3840 3242 3911 (k)
3270 3840 3529 3895 seminata
3556 3854 3693 3908 pran-

2123 3923 2383 3978 mittimus
2403 3934 2448 3978 τ.

2195 4012 2281 4068 10.
2308 4012 2461 4069 Unde
2486 4016 2851 4087 praescriptum
2881 4019 3131 4085 arbitror,
3165 4027 3225 4074 ut
3251 4019 3401 4089 piger
3421 4019 3696 4088 operarius

1686 4159 1719 4236 fi
1746 4149 1885 4236 Psal.
1919 4161 2159 4236 ραι,ΑείΖ
2230 4162 2257 4202 ἀ
2284 4163 2476 4236 Johan.
2509 4184 2562 4223 tv
2588 4209 2603 4233 ,
2634 4170 2687 4223 6.
2765 4182 2789 4208 υ
2819 4168 2958 4227 Psal.
2998 4186 3086 4235 xc,
3127 4170 3179 4225 6.
3259 4170 3277 4209 τ
3305 4171 3444 4227 Psal.
3474 4188 3597 4236 xv1,
3639 4171 3691 4226 8.

1635 4215 1887 4309 inflet},
1920 4226 2005 4309 ξ,

2138 4215 2266 4309 Luc.
2286 4215 2476 4309 ἶῖἔξ
2510 4215 2958 4309 '3I'P'sal.xv,v§:
3001 4215 3088 4293 Τί
3116 4215 3241 4295 (ἱὸν.
3273 4215 3444 4309 tif}?
3474 4215 3690 4297 ’ω’Ᾰοι.

450 4274 690 4336 “11,28.
768 4276 1007 4332 nl'l‘im.
1042 4292 1110 4343 Vl,
1134 4279 1187 4331 7.
1266 4274 1778 4354 «inattenuata.
1817 4274 2034 4353 Pl'l‘iin

2304 4274 2392 4361 ῖιῖ
2413 4274 3050 4376 (Ἐξιτίνῖιῗαὲιῗητθξθί.

520 4432 595 4500 (a)
636 4430 709 4485 Ita
732 4446 856 4488 mss.
889 4433 1120 4490 codices.
1148 4434 1217 4490 At
1243 4437 1392 4504 editi,
1425 4441 1559 4495 vitae.

521 4509 596 4576 (b)
634 4507 722 4562 Sic
764 4524 861 4563 ms.
908 4509 1056 4565 Vien.
1080 4512 1179 4567 Alii
1201 4515 1433 4584 codices,
1457 4520 1669 4577 accidis.
1698 4524 1897 4582 Verum
1926 4530 2012 4588 hic
2040 4560 2088 4618 Β

521 4580 685 4618 alitum
717 4579 874 4618 lar-lin
903 4581 1248 4618 anulis-nuntu-
1274 4600 1337 4618 ον
1366 4592 1707 4618 οηηιιοηιεμ..-

446 4580 687 4633 restituta
717 4579 874 4633 lectio
903 4581 1248 4638 conﬁrmatur
1274 4600 1341 4640 ex
1366 4579 1729 4655 sequentibus.

518 4658 602 4733 (c)_
629 4655 704 4709 Ita
724 4673 860 4733 _mss.
883 4658 1171 4733 codiceset
1190 4661 1316 4733 editi
1338 4662 1465 4718 duo.
1504 4666 1593 4721 Sic
1621 4672 1688 4724 ad
1741 4672 2012 4733 Prudentii

447 4725 795 4806 Apotheosiu,
843 4727 1141 4806 vers.._954,
1182 4731 1444 4806 abscidere
1497 4725 1798 4806 quidquam,

445 4796 868 4883 stioresginnes
907 4796 1118 4878 codices
1145 4800 1363 4883 guiidein
1410 4796 1591 4883 hyn'm.
1625 4796 1658 4883 ξ
1688 4796 2003 4883 Ροιίίειὸρἰιῖ,

444 4880 583 4940 vers.
643 4862 1013 4940 I%,ngf{sci§a
1040 4868 1267 4940 papifla;
1316 4862 1512 4940 hymno
1534 4874 1589 4929 S.
1624 4862 2010 4938 Romani

444 4931 899 5016 Ῠ)ἓ’ί⁵,ν,νρῐ“ει.97ξίτ
919 4931 1118 5016 Nereos
1142 4931 1454 5016 abscideret;
1485 4952 1539 4996 et
1560 4931 2005 5016 hymn.7II—,v_ers.

445 4999 530 5076 65Ρ
559 4999 692 5076 Huic
722 4999 1117 5076 abscidecaput.
1148 5008 1251 5061 Sed
1280 5018 1334 5062 et
1362 4999 1485 5064 mss.
1520 4999 2007 5076 nostr—irco—d—ices-a-d

444 5070 723 5150 epistolam
747 5070 771 5122 ‘I
798 5068 1096 5150 Pauliniad
1118 5076 1395 5145 Severum,
1438 5097 1489 5132 n.
1520 5081 1575 5150 5,
1601 5068 2008 5145 ιτέὺέιὶῑῗιῦἱῖεῖ

441 5140 613 5214 datur,
677 5155 784 5214 non
842 5139 1204 5214 abscindatur;
1244 5155 1296 5200 et
1335 5139 1521 5203 omnes
1562 5139 1679 5207 tum

442 5209 578 5328 eqliti
607 5207 821 5329 aodices
858 5212 924 5264 ad
962 5213 1116 5280 epist.
1168 5207 1251 5279 I0,
1282 5232 1337 5269 n.
1371 5217 1423 5273 '5.
1445 5219 1623 5288 jubeat
1646 5207 1866 5290 abscidi,
1895 5207 2007 5283 ἱῖόὶἰ

442 5294 474 5329 a
508 5295 613 5329 scm
653 5294 690 5329 ι.

440 5294 690 5332 aoscmat.

514 5358 589 5427 (ιι)
632 5355 727 5410 Ms.
751 5356 921 5412 Vatic.
945 5369 999 5413 et
1024 5360 1108 5415 ed.
1140 5359 1311 5429 Grin.,
1344 5367 1493 5421 sicut.

510 5447 581 5514 (e)
617 5443 1025 5527 Emendavimus
1046 5448 1377 5575 διώργξ,Ἥω
1398 5464 1479 5508 est
1505 5454 1643 5537 fossa
1671 5458 1737 5513 de
1766 5457 2002 5540 flumine,

534 5530 633 5570 ms.
653 5514 832 5575 Vtcn..
858 5531 911 5568 tn
939 5533 1046 5575 quo
1070 5520 1240 5573 donat.
1334 5541 1378 5575 s.
1408 5524 1537 5575 Rea.
1570 5525 1816 5575 Diomvl-
1869 5532 2002 5575 Αηιρ

437 5530 503 5599 ex
534 5530 633 5599 ius.
653 5514 832 5599 Vicnr,
937 5533 1046 5599 quo
1070 5514 1240 5599 docile.
1278 5514 1378 5579 Ms.
1408 5524 1537 5595 Reg.
1570 5514 2003 5599 Dioraxiailnte

439 5593 555 5639 erat
574 5584 834 5659 διωρνχή.
854 5584 985 5642 Vide
1010 5596 1122 5643 not.
1142 5587 1231 5642 28.

2187 4464 2255 4535 (f)
2292 4464 2388 4521 Ms.
2421 4467 2597 4534 Vien.,
2617 4473 2990 4542 propinquans.

2186 4554 2260 4631 (ρ)
2300 4555 2375 4631 Ita
2401 4575 2500 4631 ms.
2533 4560 2663 4631 Reg.
2692 4570 2747 4616 et
2773 4563 2903 4616 edit.
2928 4563 3085 4631 Bad.,
3110 4563 3271 4621 Grav.
3291 4574 3346 4621 et
3368 4567 3557 4622 Schot.
3582 4566 3691 4621 Ve-

2114 4622 2321 4712 giss'ima
2351 4627 2527 4712 lectio.
2552 4622 2650 4712 Sic
2666 4646 2877 4712 quoque
2900 4622 3334 4712 Paulinusepist.
3361 4637 3431 4689 23
3457 4634 3527 4712 ad
3548 4651 3692 4712 eum;

2115 4691 2236 4744 dem
2259 4734 2274 4756 ,
2307 4711 2359 4748 n.
2384 4696 2453 4749 38
2486 4737 2500 4761 ,
2529 4691 2715 4753 scribit
2767 4691 3031 4755 vulnerata
3061 4691 3311 4759 carila'tis.
3365 4716 3419 4760 et
3457 4704 3629 4758 Natali
3662 4704 3691 4755 ﬁ

2115 4760 2172 4843 ξ.
2198 4760 2390 4843 Felic._,
2423 4760 2590 4843 carm.
2616 4768 2728 4843 ISL
2742 4786 2883 4843 vers.
2915 4771 3035 4843 [25,
3077 4776 3287 4841 pietatis
3323 4776 3687 4843 circumfusus,

2114 4828 2295 4885 Graeca
2326 4835 2505 4906 phrasi
2532 4828 2883 4906 mss.-Vatic.,
2922 4828 3089 4895 νίειιῘ
3104 4852 3159 4896 et
3184 4844 3312 4898 edit.
3344 4828 3538 4903 Grimf,
3569 4828 3688 4897 rore

2113 4915 2366 4982 respersa.
2390 4903 2529 4982 Edit:
2562 4903 2886 4982 Rosvfrrore
2908 4927 3110 4982 sparsa.
3146 4912 3412 4967 Sacchino
3433 4911 3611 4982 placet
3632 4922 3688 4966 ut

2114 4967 2321 5036 legatur
2347 4975 2587 5028 matutini
2614 4977 2796 5029 (milia
2824 4967 2977 5032 roris.

2182 5058 2618 5139 (hlParticuIam
2646 5081 2678 5117 a
2714 5065 3012 5122 addidimus
3040 5082 3108 5123 ex
3128 5084 3254 5125 mss.
3280 5069 3413 5139 Reg.
3446 5081 3500 5126 et
3527 5071 3684 5128 Vien.

2113 5134 2168 5179 et
2194 5127 2352 5182 editis
2379 5140 2627 5197 quatuor.

2182 5216 2244 5285 (ἰ)
2268 5216 2364 5271 Ms.
2397 5218 2574 5285 Vien.,
2604 5232 2947 5278 revocaverat.

2183 5306 2251 5375 (j)
2289 5305 2366 5360 lta
2395 5323 2521 5386 mss.
2573 5309 2802 5386 codices.
2835 5311 2995 5386 Editi,
3033 5316 3333 5386 auferenda.
3383 5316 3680 5372 Manuscri-

2111 5382 2344 5455 ptorum_
2373 5377 2613 5455 codicum
2664 5380 2823 5455 lectio
2845 5377 3191 5455 conﬁrmatur
3218 5401 3283 5440 ex
3312 5388 3678 5455 sequentibus,

2110 5460 2211 5499 non
2224 5445 2374 5499 modo
2400 5446 2661 5501 nobiscum
2673 5449 2963 5518 efferimus;
2986 5453 3252 5509 editorum
3271 5445 3403 5509 νει-6
3422 5471 3488 5509 ex
3517 5445 3675 5526 epist;

2110 5511 2176 5566 l6
2202 5512 2267 5565 ad
2294 5512 2525 5570 Jovium.
2557 5532 2611 5570 n.
2642 5517 2696 5570 8.
2784 5563 2788 5566 .

2202 5528 2267 5565 au
2294 5528 2525 5579 Jovwm,
2557 5532 2611 5570 η.
2642 5528 2696 5571 δ.
2784 5563 2788 5566 .

2182 5603 2257 5672 (k)
2294 5602 2457 5659 Abest
2483 5604 2586 5661 hoc
2605 5608 2826 5663 verbum
2853 5623 2884 5664 a
2903 5625 3004 5666 ms.
3036 5612 3223 5669 codice
3249 5611 3528 5670 Vaticano.
