4006 6180
286 286 382 340 H7

1669 274 1999 332 EPISTULA
2037 274 2105 328 XI
2118 319 2130 331 .

3435 275 3537 331 198

281 413 384 452 non
412 396 537 451 edat
564 410 755 465 panem
778 405 824 459 η,
856 410 962 449 non
991 394 1240 448 videlicet
1268 393 1425 447 istum
1451 393 1721 461 pereuntis
1752 392 1855 446 cibi
1884 394 1929 451 Α
1960 390 2156 458 ingenii
2206 389 2281 443 tui
2331 388 2549 443 ﬂoribus
2604 398 2840 443 comunt.
2892 387 3096 445 Vestiet
3118 388 3202 445 ille
3232 398 3285 444 te
3304 390 3535 444 vicissim

278 501 492 557 panem,
542 486 635 539 sed
683 486 827 538 illum
865 500 973 553 quo
1002 485 1199 538 vivitur
1219 485 1270 537 in
1294 500 1478 537 veram
1500 485 1660 537 vitam
1689 502 1701 537 :
1731 483 1858 551 quia

277 578 662 645 unusquisque,
694 577 832 631 sicut
858 576 1116 644 scriptum
1140 584 1222 630 est
1248 574 1295 640 ιν,
1327 576 1395 629 de
1437 574 1696 630 fructibus
1748 575 1859 628 suis

274 667 641 729 manducabit,
698 675 754 721 et
810 666 864 719 in
919 666 1173 734 operibus
1203 666 1313 719 suis
1339 666 1522 719 vivet:
1554 680 1617 719 ac
1634 664 1859 733 proinde

274 772 427 809 suum
457 756 651 824 cuique
679 770 815 823 opus
844 755 998 829 panis
1025 762 1108 807 est
1134 772 1145 806 :
1179 762 1233 808 et
1263 756 1413 824 panis
1434 770 1593 808 verus
1618 770 1681 808 ac
1705 754 1858 807 vivus

274 846 520 901 Christus
550 855 633 901 est
663 858 684 883 ε
714 864 726 897 :
760 860 917 913 quem
948 861 1056 899 non
1100 852 1279 913 potest
1331 845 1653 899 manducare
1707 844 1860 913 piger

273 939 572 1005 operarius,
605 936 729 1004 quia
762 935 899 989 idem
922 943 1003 989 est
1044 936 1241 1003 pascha
1273 943 1538 997 nostrum,
1583 934 1725 1002 quod
1755 950 1852 986 ex-

272 1026 437 1095 pediti
492 1034 656 1093 atque
703 1025 992 1093 prmcincti,
1024 1032 1078 1077 et
1107 1024 1330 1077 firmiter
1357 1024 1598 1087 calceati,
1632 1039 1731 1077 nec
1761 1022 1855 1076 de-

272 1116 463 1184 positis
486 1131 517 1169 a
548 1131 707 1169 manu
728 1115 932 1169 baculis
959 1112 1009 1178 δ,
1033 1114 1083 1168 id
1105 1124 1188 1168 est
1212 1115 1482 1183 Operibus,
1514 1115 1706 1183 quibus
1727 1115 1853 1167 niti-

271 1222 408 1267 mur,
436 1220 725 1273 numquam
755 1205 1013 1269 remissis,
1040 1220 1161 1259 cum
1188 1205 1333 1257 omni
1361 1204 1663 1259 festinantia
1694 1204 1856 1257 edere

272 1296 647 1365 przecipimur:
677 1297 801 1365 quia
833 1305 1025 1362 tempus
1072 1294 1219 1348 breve
1252 1304 1349 1358 est,
1381 1302 1434 1348 et
1458 1295 1673 1363 expedit
1703 1294 1857 1347 nobis

272 1386 380 1438 sine
402 1401 530 1437 cura
560 1400 689 1446 esse,
721 1386 861 1439 sicut
889 1383 1176 1453 Apostolus
1204 1383 1411 1446 suadet,
1438 1393 1642 1451 propter
1664 1385 1859 1437 instan-

272 1485 367 1527 tem
386 1476 743 1529 necessitatem
774 1486 823 1538 ε,
847 1484 905 1527 ιιι
933 1474 1267 1527 inveniamur
1295 1474 1486 1541 parati,
1532 1482 1587 1526 et
1624 1474 1857 1541 pulsanti

272 1565 499 1621 Domino
547 1582 655 1621 non
710 1566 993 1620 timeamus
1049 1563 1259 1633 aperire
1317 1562 1359 1627 τ,
1415 1563 1481 1617 de
1528 1565 1854 1619 conscientia

270 1658 440 1712 somni
469 1666 564 1710 aut
591 1657 923 1724 negligentia:
938 1656 1096 1722 digna
1121 1662 1436 1709 metuentes.
1461 1654 1613 1719 Quod
1634 1655 1851 1722 quidem

1962 481 2143 549 Agnus
2170 481 2237 536 de
2284 497 2381 536 suo
2421 482 2620 535 vellere
2669 481 2721 533 in
2770 482 3135 535 retributionis
3175 481 3279 546 die,
3309 481 3534 535 mortan

1960 580 2109 626 tuum
2130 572 2195 626 de
2214 588 2309 626 sua
2339 572 2739 626 immortalitate
2759 572 3145 641 superinduens
3173 581 3222 624 ιι.

2030 661 2115 715 l2.
2159 662 2239 715 Tu
2286 672 2490 716 tantum
2548 663 2716 716 nostri
2763 671 3055 729 memento,
3082 670 3137 715 et
3181 678 3279 716 nos
3308 662 3531 730 respice,

1959 769 2065 807 non
2095 762 2241 807 retro
2269 761 2519 823 spectans
2547 762 2594 819 ο,
2645 754 2737 807 sed
2777 755 2929 807 amici
2962 769 3183 806 memor.
3207 752 3421 805 Certum
3452 760 3531 803 est

1957 844 2119 907 enim,
2140 844 2259 910 quia
2278 843 2507 910 agricola
2531 843 2779 897 solertior
2807 844 3006 897 fructus
3034 843 3230 896 habeas
3254 842 3528 907 largiores,

1957 926 2012 985 et
2038 932 2306 1000 pernicior
2330 946 2519 986 cursor
2549 933 2850 986 tarditatem
2894 943 3131 987 nostram
3186 933 3253 985 ad
3305 932 3530 983 bravium

1957 1038 2190 1089 superna:
2252 1023 2531 1074 vocationis
2587 1033 2611 1070 P
2650 1023 2943 1075 antevoles.
3007 1022 3271 1076 lnfirmior
3331 1021 3527 1075 etenim

1956 1122 2137 1167 mente
2182 1130 2341 1181 quam
2370 1096 2643 1183 corpore,
2687 1116 2847 1182 longo
2904 1124 2957 1169 te
3005 1115 3283 1168 intervallo
3312 1128 3526 1181 sequor.

1958 1206 2129 1273 spatio
2160 1214 2335 1258 tamen
2368 1214 2569 1260 tantum
2592 1222 2621 1259 a
2657 1215 2706 1260 te
2736 1208 3123 1274 nonitinerem
3143 1214 3448 1274 separatus;
3474 1212 3529 1256 et

1957 1296 2195 1349 eamdem
2220 1296 2413 1349 molam
2443 1311 2579 1363 (egra
2603 1305 2657 1351 et
2686 1298 2871 1367 impari
2902 1314 3059 1350 manu
3102 1306 3275 1359 verto,
3306 1295 3529 1365 pistrino

1956 1388 2153 1451 socius,
2208 1386 2355 1454 fruge
2400 1388 2651 1455 deterior,
2710 1390 2833 1457 quia
2885 1390 3060 1442 tritico
3116 1388 3279 1439 mixta
3328 1385 3527 1439 zizania

1958 1479 2101 1532 molo
2125 1490 2149 1527 (ι
2188 1497 2199 1531 ;
2233 1494 2350 1547 qua:
2377 1488 2433 1533 ut
2465 1488 2572 1533 tota
2603 1489 2883 1534 vertantur
2929 1481 2979 1532 in
3011 1479 3235 1546 frugem,
3267 1477 3527 1531 orationi-

1956 1569 2057 1624 bus
2103 1569 2206 1623 tuis
2246 1583 2408 1636 egeo;
2459 1571 2649 1639 quibus
2687 1586 2847 1639 spero
2890 1569 3119 1623 evadere
3147 1579 3201 1621 et
3221 1567 3448 1627 divitias,
3474 1574 3527 1618 et

1956 1668 2323 1729 paupertatem
2356 1676 2549 1727 meam,
2579 1662 2703 1731 quia
2737 1670 3018 1728 utrumque
3048 1661 3173 1713 mihi
3225 1660 3274 1712 in
3330 1659 3527 1712 malum

274 1748 425 1802 nobis
475 1747 609 1801 nihil
657 1746 895 1816 proderit
944 1745 1289 1800 nihilominus
1308 1746 1669 1808 extrahendis,
1701 1755 1754 1800 et
1782 1747 1847 1799 ad
1881 1752 1922 1809 Β
1952 1760 2051 1817 est,
2078 1753 2327 1805 cumrsim
2355 1752 2571 1820 justitite
2601 1768 2821 1821 panper,
2856 1760 2911 1805 et
2940 1751 3144 1820 peccati
3174 1750 3341 1803 dives.
3394 1748 3527 1801 Nam

270 1847 498 1892 mortem
543 1838 758 1907 quidem
810 1848 934 1907 post
960 1845 1208 1903 mortem,
1231 1846 1290 1891 ut
1315 1837 1485 1905 justas
1514 1839 1850 1907 negligentiae

270 1938 426 1994 atque
447 1928 738 1997 impietatis
760 1943 943 1996 p(enas
964 1927 1188 1993 luamus,
1216 1928 1261 1981 si
1289 1927 1464 1981 alieno
1485 1929 1663 1996 potius
1690 1945 1848 1997 quam

270 2024 451 2070 nostro
480 2015 701 2070 domino
726 2017 1111 2078 deservientes,
1168 2015 1633 2086 deprehendamnr
1676 2019 1845 2072 seculi

269 2106 434 2173 magis
470 2120 630 2174 quam
668 2103 867 2160 Christi
921 2106 1149 2174 negotiis
1194 2108 1463 2176 occupati,
1504 2109 1846 2177 pulsantique

271 2195 495 2251 Domino
538 2213 644 2251 non
677 2198 1012 2267 aperiamus,
1044 2206 1098 2253 et
1126 2198 1194 2253 ad
1222 2198 1436 2253 Patrem
1475 2201 1735 2255 ducamur
1764 2204 1842 2256 in-

270 2288 375 2340 viti.
420 2285 714 2355 Propterea
760 2288 1065 2355 prtedicitur
1110 2288 1284 2354 nobis,
1318 2299 1374 2344 ut
1416 2306 1513 2359 pro
1535 2293 1651 2347 hac.
1688 2294 1737 2348 id
1763 2300 1845 2347 r-st

270 2376 465 2441 anima,
498 2375 801 2431 laboremus
826 2385 881 2430 et
907 2393 1121 2432 oremus
1144 2380 1199 2431 in
1230 2388 1452 2447 tempore
1478 2392 1765 2451 Opportuna
1792 2392 1840 2449 8,

270 2463 365 2518 hoc
385 2476 469 2517 est
490 2466 772 2533 prtesenti;
798 2466 850 2519 in
876 2465 1027 2534 cujus
1046 2469 1278 2536 spatium
1303 2469 1421 2523 ideo
1444 2470 1760 2536 inducimur,
1784 2481 1843 2526 ut

270 2569 444 2607 veram
474 2556 643 2609 vitam
674 2556 773 2610 ista
796 2556 945 2611 brevi
975 2559 1018 2589 ³³
1042 2567 1097 2612 et
1124 2566 1434 2614 transeunte
1461 2576 1760 2628 quteramus
1791 2560 1837 2617 δ.

271 2642 432 2710 llujus
452 2645 575 2698 vita:
596 2661 813 2716 campus
831 2656 885 2702 et
913 2664 1036 2721 ager
1056 2650 1276 2703 mundus
1300 2652 1398 2704 iste
1418 2663 1493 2705 est
1520 2652 1559 2715 ί,
1575 2654 1657 2706 vel
1680 2655 1841 2710 homo

271 2735 379 2802 ipse
406 2737 496 2804 qui
522 2737 572 2791 in
602 2737 743 2792 hunc
770 2739 1023 2793 mundum
1052 2741 1293 2793 mittitur.
1334 2742 1445 2795 Deo
1472 2757 1579 2809 quo
1600 2760 1731 2796 unus
1751 2761 1842 2798 as-

271 2826 485 2877 sumitur
518 2830 531 2875 i
567 2842 707 2894 cum,
735 2836 793 2881 ut
819 2844 979 2897 supra
1004 2829 1256 2896 diximus,
1283 2845 1444 2884 carne
1476 2832 1684 2899 spiritui
1713 2834 1841 2887 sub-

272 2912 463 2981 iugata,
490 2914 598 2969 dno
629 2932 789 2970 unum
825 2916 1011 2971 fecerit
1036 2936 1049 2970 :
1075 2919 1200 2985 quia
1229 2926 1285 2972 et
1312 2919 1365 2972 in
1392 2934 1716 2989 unoquoque
1745 2938 1844 2977 no-

271 3014 457 3066 strum,
510 3006 803 3060 secundum
843 3007 1158 3077 Apostolum
1183 3008 1227 3074 κ,
1260 3010 1376 3063 duze
1420 3021 1625 3065 mentes
1646 3020 1700 3065 et
1725 3012 1841 3067 duae

1950 1858 2079 1896 vere
2126 1859 2211 1897 me
2259 1844 2473 1897 divitem
2517 1844 2641 1897 boni
2688 1844 2983 1908 crederem,
3014 1844 3057 1896 si
3087 1843 3157 1895 ita
3196 1840 3303 1909 jam
3326 1856 3528 1909 pauper

1949 1947 2146 1998 essem,
2178 1941 2237 1986 ut
2265 1942 2438 2002 putas.
2470 1932 2527 1987 In
2555 1949 2661 2001 quo
2695 1942 2869 1987 tamen
2900 1934 2967 1987 de
2997 1933 3169 1986 verbis
3193 1932 3296 1985 tuis
3319 1940 3370 1984 te
3397 1946 3529 1999 pau-

1952 2021 2113 2091 lisper
2142 2024 2429 2088 excutiam,
2459 2024 2650 2093 quibus
2673 2039 2702 2077 a
2735 2032 2784 2077 te
2814 2024 2926 2091 ipse
2965 2021 3251 2076 discordas.
3286 2018 3393 2073 Etsi
3423 2034 3527 2073 non

1952 2112 2345 2166 meas'virtutes
2376 2113 2426 2166 in
2470 2130 2554 2167 me
2579 2112 2982 2181 prtedicaveris;
3010 2120 3185 2165 tamen
3208 2109 3297 2178 qui
3327 2108 3530 2162 alienas

1950 2202 2076 2256 licet
2105 2204 2233 2255 mihi
2283 2204 2457 2260 verbis
2512 2205 2618 2258 tuis
2665 2202 2944 2257 donandas
2988 2201 3204 2271 putasti,
3258 2197 3529 2267 quomodo

1948 2292 2219 2351 convenit,
2253 2299 2312 2343 ut
2341 2292 2480 2345 idem
2512 2301 2566 2344 tu
2592 2301 2977 2361 paupertatem,
3006 2306 3164 2359 quam
3195 2297 3249 2342 te
3278 2285 3529 2340 admirari

1942 2380 2239 2449 profiteris,
2287 2381 2510 2435 horrere
2539 2381 2786 2435 fatearis?
2814 2380 2870 2435 Si
2899 2381 3087 2435 credas
3114 2379 3250 2432 hanc
3279 2376 3406 2430 mihi
3429 2375 3528 2427 do-

1956 2480 2138 2524 natam
2170 2487 2288 2525 esse
2318 2473 2589 2534 virtutem,
2622 2488 2781 2540 quam
2813 2481 2865 2526 te
2898 2474 2939 2504 ¹⁸
2966 2474 3103 2527 velle
3134 2489 3231 2527 nec
3251 2486 3407 2542 posse
3436 2481 3531 2520 as-

1941 2562 2093 2628 sequi
2121 2561 2425 2626 confiteris,
2459 2573 2517 2615 ut
2547 2564 2738 2616 habens
2767 2565 2951 2617 rictum
2982 2574 3030 2616 et
3052 2566 3416 2626 vestimentum,
3434 2564 3529 2618 hoc

1940 2662 2203 2707 contentus
2246 2655 2345 2707 sim
2392 2665 2437 2720 ι’,
2483 2656 2611 2707 nihil
2652 2656 2788 2708 ultra
2817 2655 2954 2709 diem
2977 2656 3205 2723 cogitem
3239 2665 3415 2719 l|;cur
3443 2656 3524 2708 vel

1944 2758 2031 2797 me
2054 2744 2242 2812 inopiae
2264 2745 2582 2799 necessitate
2603 2745 2958 2813 superandum
2990 2754 3164 2815 putas,
3188 2753 3244 2799 ut
3267 2754 3338 2810 te,
3362 2761 3520 2814 quem

1947 2850 2054 2887 non
2106 2834 2409 2888 desiderare
2438 2851 2543 2888 non
2592 2851 2827 2903 possum,
2860 2836 3087 2889 invitare
3115 2837 3366 2890 desistam
3394 2854 3405 2889 :
3434 2845 3527 2889 aut

1946 2932 2000 2979 te
2047 2933 2153 2978 tam
2204 2925 2468 2978 infirmum
2514 2924 2945 2993 diffidentemque
2991 2925 3206 2981 Christo
3236 2928 3433 2996 prodis,
3468 2936 3527 2982 ut

1946 3015 2139 3071 timeas
2167 3014 2233 3067 ad
2262 3014 2583 3082 hujusmodi,
2615 3015 2825 3082 qualem
2854 3016 3128 3084 prtedicas,
3160 3017 3387 3071 amicum
3437 3033 3527 3071 ve-

273 3094 410 3163 leges
432 3105 595 3151 sunt:
628 3099 818 3166 quibus
844 3100 980 3153 intra
1012 3116 1111 3154 nos
1132 3101 1471 3163 molentibus,
1498 3111 1851 3174 autaccepta-
1872 3096 1916 3155 C
1950 3106 2085 3170 nire,
2140 3106 2183 3159 si
2224 3105 2277 3158 in
2318 3104 2540 3158 vcrit‘ate
2578 3105 2816 3173 sequeris
2858 3105 3003 3158 illum
3034 3106 3124 3173 qui
3153 3106 3286 3161 dixit
3315 3125 3327 3159 :
3386 3106 3427 3159 Τ
3429 3109 3526 3161 olle

273 3184 386 3241 bilis
416 3187 529 3242 Deo
559 3196 652 3242 aut
681 3186 975 3244 refutabilis
994 3191 1238 3257 similago
1266 3191 1562 3246 conficitur.

338 3278 426 3331 11.
470 3277 548 3333 Te
571 3294 723 3342 vero,
753 3281 891 3334 victa
920 3280 1037 3348 lege
1092 3283 1452 3337 membrorum
1504 3283 1545 3347 ι,
1596 3295 1652 3339 et
1693 3294 1847 3341 exte-

270 3372 408 3426 riore
438 3372 517 3441 (α)
548 3379 823 3441 corrupto,
853 3387 1038 3442 puram
1058 3375 1489 3442 conspersionem
1514 3376 1588 3443 (ὁ)
1634 3392 1846 3445 parare,

270 3471 323 3516 et
348 3463 466 3517 sine
492 3462 760 3516 fermento
788 3478 1032 3533 azymum
1060 3462 1273 3518 Christo
1303 3466 1373 3534 (ε)
1403 3465 1589 3520 confici
1620 3477 1679 3530 η’,
1730 3467 1847 3521 elo-

271 3553 389 3619 quia
412 3559 503 3605 tua
536 3561 642 3606 tam
668 3553 746 3623 (ά)
770 3552 992 3607 facunda
1012 3568 1171 3621 quam
1192 3563 1337 3609 casta
1362 3563 1642 3610 testantur.
1670 3557 1849 3626 Neque

272 3643 409 3695 enim
443 3644 540 3698 tibi
584 3643 842 3698 donatum
888 3643 1075 3699 fuisset
1126 3644 1222 3714 (V.
1253 3661 1341 3715 ep.
1373 3646 1459 3710 29,
1492 3663 1546 3700 n.
1574 3647 1661 3717 f4)
1693 3664 1849 3703 enar-

273 3748 391 3787 rare
420 3733 729 3800 Martinum,
753 3736 854 3789 nisi
879 3736 1093 3803 dignum
1115 3752 1177 3791 os
1204 3744 1353 3791 tuum
1383 3739 1550 3793 sacris
1602 3740 1847 3795 laudibus

273 3824 472 3879 mundo
493 3826 658 3879 corde
686 3825 922 3881 fecisses.
947 3828 1264 3885 Benedictus
1291 3830 1451 3897 igitur
1479 3840 1532 3885 tn
1564 3833 1724 3887 homo
1749 3833 1847 3888 Do-

273 3914 437 3975 mino,
467 3915 557 3983 qui
580 3917 710 3970 tanti
741 3916 1032 3973 sacerdotis
1061 3927 1117 3973 et
1166 3921 1580 3976 manifestissimi
1621 3923 1847 3979 Confes-

273 4004 407 4058 soris
428 4005 730 4073 historiam,
746 4015 856 4061 tam
876 4008 1034 4078 digno
1054 4024 1301 4065 sermone
1315 4028 1472 4081 quam
1490 4015 1635 4082 justo
1655 4016 1849 4072 affectu

275 4096 644 4160 percensuisti.
678 4096 877 4151 Beatus
905 4106 959 4151 et
986 4099 1075 4153 ille
1102 4115 1200 4169 pro
1225 4102 1450 4168 meritis,
1503 4105 1593 4172 qui
1631 4106 1846 4173 dignum

278 4181 376 4235 fide
394 4192 453 4237 et
482 4185 588 4238 vita
616 4200 710 4239 sua
739 4188 934 4241 meruit
972 4188 1079 4258 56
1106 4190 1446 4256 historicum;
1478 4194 1567 4262 qui
1593 4203 1646 4248 et
1674 4196 1741 4249 ad
1769 4198 1847 4251 di-

276 4272 452 4326 vinam
482 4273 707 4340 gloriam
754 4278 866 4329 suis
905 4278 1127 4342 meritis,
1152 4284 1205 4332 et
1233 4279 1297 4332 ad
1328 4280 1615 4335 humanam
1645 4300 1849 4339 memo-

1946 3215 2147 3251 crucem
2176 3206 2334 3261 tuam,
2366 3206 2413 3249 et
2454 3199 2585 3259 veni,
2627 3213 2831 3267 sequere
2860 3213 2939 3249 me
2972 3197 2987 3232 ί
3012 3198 3034 3250 ?
3064 3196 3344 3263 Quomodo
3373 3198 3527 3252 aliter

1944 3296 2101 3357 putas
2129 3286 2396 3340 Christum
2428 3286 2776 3354 sequendum,
2811 3286 2911 3339 nisi
2940 3285 3055 3353 lege
3088 3302 3193 3355 qua
3213 3286 3395 3341 docuit
3426 3287 3522 3358 (g),

1946 3385 2001 3430 et
2022 3377 2190 3431 forma
2220 3391 2380 3444 quam
2405 3375 2671 3445 pnetulit?
2698 3376 2785 3444 qui
2818 3392 2939 3431 cum
2963 3376 3015 3430 in
3043 3392 3137 3431 sua
3168 3377 3417 3442 venisset,
3443 3392 3529 3432 re-

1950 3466 2181 3521 clinandi
2231 3474 2407 3520 tamen
2460 3467 2650 3535 capitis
2695 3466 2871 3521 locum
2897 3466 3037 3522 inter
3055 3482 3151 3521 sua
3183 3466 3260 3539 (Ιι)
3290 3484 3398 3523 non
3428 3469 3527 3523 ba-

1947 3557 2064 3611 buit
2090 3565 2139 3610 ιι.

2021 3646 2107 3700 15.
2149 3646 2363 3701 Imitare
2407 3647 2727 3701 imitatorem
2776 3648 2993 3707 Christi.
3027 3656 3085 3702 ut
3117 3657 3357 3703 mortuus
3380 3650 3528 3704 vivas

1950 3738 2264 3805 crucifigens
2292 3745 2347 3791 te
2371 3736 2587 3799 mundo,
2621 3744 2675 3789 et
2702 3735 2796 3788 tibi
2826 3734 3110 3800 mundum;
3142 3736 3380 3804 quotidie
3408 3753 3528 3790 mo-

1949 3830 2094 3884 riens
2120 3843 2219 3897 per
2270 3826 2426 3881 ﬁdem
2457 3826 2623 3889 verbi,
2655 3834 2710 3879 et
2739 3826 2924 3879 vivens
2953 3827 3005 3879 in
3034 3827 3199 3880 verbo
3230 3824 3369 3881 ﬁdei.
3402 3826 3526 3902 Non

1953 3920 2094 3974 enim
2114 3921 2165 3972 in
2187 3935 2322 3985 pane
2341 3918 2449 3971 solo
2470 3918 2586 3970 vivit
2614 3917 2763 3970 homo
2786 3927 2832 3981 ν,
2853 3912 3150 3987 praesertim
3171 3919 3536 3982 Christianus;

1952 4010 2019 4064 de
2047 4025 2153 4078 quo
2199 4009 2414 4078 proprie
2460 4007 2715 4077 scriptum
2762 4016 2881 4061 est:
2917 4007 3050 4071 Quia
3079 4026 3144 4063 ex
3171 4011 3275 4078 ﬁde
3323 4011 3441 4063 vivit
3465 4021 3526 4077 ι,

1954 4098 2211 4167 numquid
2264 4096 2417 4161 dixit,
2452 4096 2535 4149 Ex
2589 4098 2762 4166 pane?
2788 4096 2921 4161 Quid
2952 4098 3112 4163 igitur
3137 4099 3237 4168 57
3271 4114 3300 4152 a
3331 4114 3417 4152 me
3445 4100 3497 4152 fa

1954 4204 2095 4243 mem
2143 4188 2354 4252 metuis,
2384 4188 2428 4242 si
2475 4185 2631 4240 fidem
2661 4187 2863 4242 habes?
2893 4185 3050 4241 Panis
3072 4198 3190 4241 tuus
3222 4196 3392 4243 tecum
3422 4198 3525 4243 est.

1954 4279 2010 4333 Si
2034 4280 2199 4333 verbo
2222 4278 2314 4331 Dei
2344 4277 2600 4346 pasceris,
2629 4294 2734 4330 non
2764 4278 3090 4332 desiderabis
3109 4296 3277 4333 escam
3302 4282 3526 4346 ventris;

277 4361 404 4414 riam
436 4363 543 4417 tuis
565 4363 757 4419 litteris
776 4376 1134 4421 consecratur.
1161 4367 1285 4424 Rrec
1309 4385 1521 4440 quoque
1548 4374 1705 4427 verba
1736 4383 1847 4442 tua,
1882 4395 1929 4453 ι)
1956 4369 2094 4423 Deus
2120 4370 2254 4422 enim
2277 4375 2324 4419 el
2348 4367 2479 4418 hunc
2507 4376 2556 4418 el
2583 4367 2727 4419 illam
2755 4367 2984 4420 destruet
3006 4377 3053 4429 θ’,
3071 4367 3193 4421 dum
3223 4384 3281 4422 se
3299 4367 3529 4425 mdilicat

276 4451 477 4505 vellera
504 4460 650 4518 sunt,
681 4461 737 4507 et
756 4453 1035 4509 Dominum
1054 4454 1234 4511 Jesum
1258 4461 1560 4527 gratissimo
1617 4465 1847 4531 tegmine

276 4542 595 4610 cooperiunt
624 4544 716 4613 (e),
749 4542 901 4611 cujus
932 4546 1250 4615 supellectili
1278 4548 1460 4617 pulcra
1488 4551 1748 4619 ambiunt,
1794 4562 1847 4608 et

343 4700 369 4728 ἰ
408 4691 763 4770 11_'[hess._5,
794 4692 881 4747 10.
954 4693 1153 4770 §_Psal.
1176 4713 1377 4770 gxxvu,
1410 4700 1461 4765 2,
1482 4702 1636 4770 juxta
1689 4704 1848 4760 LXX.

1966 4704 2157 4759 Johan.
2190 4716 2276 4766 vi,
2306 4699 2397 4755 55.
2474 4697 2498 4735 ά
2525 4698 2693 4770 Exod.
2725 4715 2830 4770 xu,
2867 4698 2952 4770 11.

1956 4462 2010 4515 in
2043 4460 2213 4522 nobis,
2245 4458 2291 4512 si
2321 4472 2419 4511 nos
2460 4457 2512 4510 in
2544 4457 2707 4526 ipsius
2749 4458 2973 4511 caritate
3003 4457 3224 4521 fundati,
3265 4460 3529 4513 consista-

1954 4568 2073 4606 mus
2097 4561 2141 4613 ι,
2170 4564 2343 4618 neque
2369 4548 2583 4603 domum
2606 4554 2842 4601 nostram
2873 4548 2924 4603 in
2952 4547 3258 4603 diffidentia:
3306 4552 3369 4620 (i)
3411 4549 3516 4604 flu-

3042 4708 3065 4737 ο
3094 4696 3260 4752 lCor.
3292 4716 3379 4762 vn,
3436 4700 3524 4763 είς,

276 4759 341 4813 29
365 4773 427 4841 et
450 4758 553 4841 52._
602 4761 647 4841 ,ξ
679 4758 804 4817 Luc.
830 4779 921 4824 xu,
1121 4776 1145 4812 Β
1176 4764 1315 4841 Ps_al.
1342 4758 1502 4831 xxxi:
1517 4771 1568 4825 6.
1646 4773 1668 4810 ιι
1698 4774 1716 4827 l
1744 4758 1849 4829 Tini

1953 4758 2091 4841 s,f9.
2174 4758 2661 4841 ‘iMatth.xm,§8.
2740 4758 2973 4841 i‘Matth.
3002 4768 3272 4841 xnv,_40.
3340 4758 3525 4841 Gal.

279 4844 326 4891 γ,
365 4831 452 4882 f7.

279 4915 381 4961 xm,
414 4897 513 4951 25.

540 4829 556 4866 1
602 4828 758 4884 Rom.
814 4847 917 4895 vn,
952 4833 1041 4887 25.

345 5122 419 5194 (ᾳ)
462 5119 567 5194 Ms.
598 5121 777 5185 Vien.,
810 5134 1070 5194 corrupta.

450 5189 557 5275 {Sile
576 5206 704 5275 mss.
735 5189 973 5275 codices;
1001 5193 1131 5264 Reg.
1172 5204 1229 5251 et
1256 5197 1410 5254 Vien.
1451 5207 1508 5254 et
1542 5200 1670 5255 editi
1714 5217 1849 5272 qua-

282 5263 413 5330 tuor.
586 5258 775 5327 Rosv.,
797 5265 993 5330 parari.

348 5328 417 5406 (e)
447 5327 532 5381 Ita
560 5329 721 5383 iidem
759 5327 887 5385 mss.
926 5340 983 5385 et
1027 5332 1155 5387 editi
1209 5334 1437 5391 codices.
1502 5336 1597 5393 Ed.
1660 5340 1846 5409 Rosv.,

467 5465 560 5520 Sic
588 5483 687 5547 ms.
708 5466 855 5547 Reg.
890 5477 944 5547 e_t
971 5470 1096 5547 editi
1206 5472 1323 5547 Al._,_
1345 5475 1578 5543 fecunda.
1618 5476 1854 5547 Utraque

288 5542 659 5658 zizlxmrelfepta.
708 5537 839 5592 Vide
876 5539 1062 5608 eloquii
1112 5537 1429 5611 facundiam,
1463 5562 1546 5616 cp.
1577 5547 1642 5600 16
1671 5550 1737 5603 ad
1765 5537 1857 5603 Jo~

1110 4836 1200 4906 ”'_l_
1221 4836 1345 4892 Cor.
1375 4855 1429 4905 v,
1462 4841 1511 4892 7.
1588 4851 1614 4879 ιι
1644 4842 1665 4896 I
1705 4842 1830 4898 Cor.
1868 4836 1974 4906 xv,
2002 4841 2089 4895 54.

593 4909 619 4978 ιξ
696 4899 935 4978 Tim._vi,
966 4902 1052 4978 8,_
1095 4912 1119 4978 ξ
1152 4904 1339 4978 Matth.
1373 4899 1443 4973 vi,
1479 4908 1563 4978 54.
1644 4915 1661 4948 ι
1695 4911 1822 4965 Luc.

1986 4911 2086 4974 23;
2119 4910 2306 4963 Matth.
2352 4899 2481 4978 xix,
2536 4906 2624 4959 2|.
2701 4916 2726 4943 ιι
2758 4899 2946 4961 Matth.
2977 4899 3105 4976 vm,
3151 4907 3241 4961 20.
3321 4920 3341 4945 ν
3369 4909 3524 4961 Deut.

280 4982 379 5035 rm,
415 4969 487 5033 3;
520 4967 707 5023 Matth.
731 4985 805 5033 tv,
830 4969 882 5024 4.
962 4980 986 5007 ι
1012 4970 1131 5027 Gal.
1163 4990 1236 5038 ιιι,
1270 4975 1354 5028 12.
1430 4967 1499 5029 ιι
1528 4978 1649 5034 Cor.
1685 4996 1757 5047 vi,
1786 4982 1871 5035 15.

2166 4850 2190 4877 ο
2225 4838 2350 4893 Luc.
2388 4854 2439 4892 Ix
2463 4877 2477 4901 ,
2531 4837 2618 4890 62.
2697 4849 2722 4886 P
2752 4837 2944 4903 Philip.
2982 4855 3076 4902 ιιι,
3121 4837 3203 4890 14.
3281 4849 3307 4888 τι
3339 4838 3523 4891 Matth.

1950 4991 1972 5018 ²
2004 4980 2196 5049 Ephes.
2229 4994 2306 5046 ιιι,
2342 4977 2427 5030 17.

2029 5134 2099 5203 (e)
2140 5132 2219 5186 Ex
2265 5131 2931 5213 conjectura__Rosveydus
2978 5132 3253 5213 addiderat
3279 5132 3526 5213 membra.

1954 5201 2123 5268 Quam
2168 5216 2355 5256 vocem
2403 5202 2456 5255 in
2504 5201 2653 5255 nullo
2699 5201 2886 5256 codice
2935 5211 3201 5271 repertam
3256 5204 3516 5271 expunxi-

1951 5288 2091 5326 mus.
2322 5322 2332 5331 ,

2037 5340 2106 5422 (Γ)
2146 5338 2239 5394 Sic
2285 5354 2413 5422 mss.
2455 5338 2589 5408 Reg.
2638 5350 2693 5394 et
2734 5339 2888 5396 Vien.
2920 5348 2975 5394 et
2995 5339 3116 5395 edd.
3141 5340 3270 5395 Bad.
3296 5350 3349 5397 et
3374 5339 3521 5395 Grin.

1961 5409 2081 5473 Alii,
2106 5420 2395 5479 superatus.

2056 5480 2107 5549 g)
2268 5480 2444 5549 Ἥρη..
2471 5478 2644 5549 voluit.

2059 5547 2112 5616 h)
2141 5547 2235 5601 Ms.
2270 5548 2397 5613 Reg.
2431 5548 2578 5601 addit
2599 5549 2743 5617 jura.

2060 5620 2094 5685 ι)
2135 5617 2207 5669 Ita
2266 5634 2363 5671 ms.
2406 5618 2557 5671 Vien.
2584 5616 2637 5671 et
2664 5618 2790 5672 edit.
2830 5616 3014 5672 Schot.
3050 5616 3171 5681 Alii,
3196 5616 3517 5684 ﬂuctuantes.
