4006 6180
282 272 376 327 201

1693 265 2025 321 EPISTOLA
2066 267 2173 323 XII.

3462 274 3575 334 202

284 386 447 448 luvio,
501 384 554 438 in
608 398 713 437 uno
759 378 997 452 quidem,
1030 387 1267 433 attamen
1313 379 1480 449 justo,
1510 380 1874 435 univcrsitatis
1904 385 1951 438 Α
1982 380 2110 434 tidie
2140 382 2314 435 bonus
2354 381 2628 446 Dominus,
2662 389 2719 435 ut
2745 381 2935 436 divinae
2959 384 3402 443 eonformationis
3446 387 3567 458 glo-

283 484 578 547 pcrempta:
598 472 945 528 seminarium
968 472 1140 540 stetit,
1156 471 1267 540 jam
1296 480 1423 527 tunc
1446 479 1706 542 operante
1734 486 1879 542 mys-

282 566 421 620 terio
469 562 614 619 unici
662 562 1026 629 Redemtoris,
1075 569 1135 616 ut
1189 576 1288 631 per
1325 576 1488 616 unum
1508 561 1878 617 reconciliatio

280 655 614 725 proveniret,
664 653 789 723 quia
819 666 918 721 per
948 652 1146 707 multos
1176 651 1379 706 oll‘ensa
1409 651 1646 707 venisset
1671 659 1718 705 ⁸.
1770 650 1878 705 Sed

281 750 477 803 iterum
499 746 713 815 generis
733 745 952 799 humani
982 759 1240 813 processu
1261 744 1540 799 relabente
1560 742 1791 813 justitia,
1823 750 1880 796 et

282 839 653 896 crescentibus
680 836 838 891 simul
860 836 1111 904 gentibus
1140 842 1301 904 atque
1320 833 1649 898 criminibus,
1678 847 1747 887 ne
1766 847 1881 886 rur-

280 948 371 987 sus
400 930 657 999 iniquitas
683 929 961 983 hominum
987 926 1201 994 generis
1248 932 1551 980 mereretur
1579 923 1874 989 interitum,

282 1039 468 1078 rursus
499 1022 704 1076 electus
730 1027 813 1075 est
840 1020 932 1088 qui
962 1026 1117 1088 pater
1146 1015 1268 1072 ﬁdei
1289 1023 1597 1081 vocaretur,
1623 1030 1653 1069 a
1683 1030 1791 1084 quo
1822 1021 1878 1069 et

284 1112 569 1184 promissio
600 1109 749 1178 regni
779 1118 835 1164 et
874 1108 1035 1176 Regis
1082 1107 1270 1162 aeterni
1314 1120 1499 1160 semen
1553 1110 1873 1171 emergeret.

284 1204 436 1271 Quod
482 1201 894 1271 multiplicatum
946 1198 1048 1253 fide
1069 1199 1311 1268 gentium
1339 1196 1585 1253 Christus
1614 1195 1873 1265 implevit,

282 1294 371 1362 qui
426 1291 749 1362 patriarchis
800 1289 967 1355 visus,
1021 1304 1117 1359 per
1147 1289 1318 1355 legem
1357 1288 1754 1357 praeformatus,
1777 1300 1876 1355 per

282 1384 576 1454 prophetas
603 1383 947 1452 prmlocutus,
980 1389 1036 1435 et
1081 1381 1195 1451 ipse
1225 1379 1417 1447 adfuit,
1449 1387 1508 1433 ut
1556 1378 1875 1447 adimpleret

281 1476 455 1543 legem
502 1481 557 1528 et
594 1472 922 1543 prophetas,
970 1479 1029 1526 et
1073 1487 1233 1541 quam
1263 1471 1350 1525 lex
1371 1469 1623 1540 operibus
1643 1484 1751 1523 non
1780 1482 1870 1522 va-

280 1565 455 1619 luerat
470 1562 718 1619 conferre
739 1561 1080 1626 medicinam,
1114 1561 1285 1629 gratia
1314 1560 1471 1614 daret
1497 1559 1544 1615 ιι.

348 1656 401 1709 5.
442 1652 562 1707 Jam
592 1652 737 1707 enim
785 1667 983 1721 corpus
1011 1665 1191 1715 omne,
1242 1650 1293 1705 id
1324 1659 1423 1713 est,
1448 1651 1755 1705 universum
1777 1662 1871 1718 ge-

1982 471 2117 524 riam
2147 486 2559 540 consequamur,
2592 471 2636 525 si
2678 479 2872 527 nostrae
2922 473 2976 526 in
3022 473 3235 530 Christo
3255 477 3568 533 conforma—

1980 560 2142 615 tionis
2167 561 2473 631 exemplum
2494 578 2797 632 sequamur,
2820 574 3207 633 cognoscentes
3228 566 3278 620 in
3309 568 3567 624 Altissimi

1981 648 2353 706 moderamine
2385 658 2740 720 temperatum
2768 660 2975 708 natura:
3004 663 3201 710 nostra:
3229 657 3467 724 modum,
3510 667 3570 714 ut

1987 748 2136 808 Supra
2160 757 2259 795 nos
2280 742 2445 811 ipsius
2462 743 2631 810 gratia
2662 744 3041 813 provehamur,
3074 746 3117 799 si
3142 744 3297 813 juxta
3327 762 3425 802 nos
3470 764 3565 803 no-

1978 830 2076 883 stri
2121 846 2392 887 memores
2420 834 2772 889 ambulemus.
2805 834 2885 888 Ad
2933 850 3093 904 quam
3123 852 3221 891 nos
3259 852 3565 893 mensuram

1977 922 2327 991 propheticus
2356 924 2446 978 ille
2475 923 2543 979 de
2564 923 2809 980 Numeris
2833 940 3012 982 sermo
3041 928 3333 997 compcnit,
3358 942 3465 997 quo
3495 929 3569 983 di-

1977 1012 2118 1067 citur
2146 1030 2159 1065 :
2193 1012 2318 1068 Non
2358 1014 2728 1070 declinabimus
2767 1016 2982 1071 dextera
3015 1034 3176 1085 neque
3212 1019 3446 1083 sinistra,
3477 1020 3570 1073 sed

1976 1103 2143 1173 regali
2170 1104 2251 1157 via
2279 1104 2464 1158 ibimus
2494 1103 2540 1158 ιι.
2571 1103 2902 1187 Quodnohis
2929 1105 3173 1163 Christus
3200 1117 3301 1174 est,
3358 1108 3567 1165 media-

1975 1200 2064 1247 tor
2082 1192 2179 1249 Dei
2207 1195 2574 1264 ethominum,
2606 1198 2747 1252 inter
2774 1198 2953 1253 divina
2976 1208 3031 1254 et
3052 1200 3285 1254 humana
3313 1217 3414 1256 nos
3437 1211 3568 1257 tem-

1974 1298 2191 1353 perans,
2250 1294 2306 1340 et
2352 1285 2421 1340 ad
2469 1301 2691 1355 regnum
2748 1304 2905 1343 suum
2934 1290 3103 1357 regali
3131 1291 3217 1344 via
3239 1290 3473 1359 ducens;
3504 1300 3566 1347 ut

1973 1373 2137 1430 corde
2158 1374 2407 1442 humiles,
2431 1391 2596 1447 Opere
2616 1378 2891 1444 sublimes,
2913 1393 2942 1433 a
2963 1379 3209 1445 sinistris,
3234 1380 3289 1436 id
3310 1390 3413 1445 est,
3436 1396 3565 1451 pec-

1973 1467 2109 1521 eatis
2135 1482 2257 1536 quae
2285 1469 2339 1522 in
2365 1478 2593 1525 mortem
2623 1471 2862 1537 trahunt,
2888 1472 3209 1539 allevemur;
3233 1482 3288 1529 et
3308 1490 3338 1528 a
3358 1474 3565 1530 dextris

1973 1556 2171 1621 nimiis,
2205 1557 2258 1612 id
2281 1567 2382 1623 est,
2418 1561 2801 1629 praesumtione
2826 1562 3075 1632 superba,
3105 1563 3418 1621 humilitatis
3449 1569 3564 1636 lege

1971 1650 2233 1719 revocati,
2278 1658 2558 1706 teneamus
2596 1652 2865 1707 salubrem
2895 1652 3345 1721 mediocritatem,
3375 1672 3443 1711 ne
3472 1667 3565 1711 aut

281 1761 378 1800 nus
403 1742 482 1816 (a)
516 1742 791 1797 hominum
822 1741 895 1795 ita
927 1748 1236 1810 pervaserat
1261 1748 1563 1809 peccatum,
1595 1747 1654 1794 ut
1701 1754 1875 1809 neque
1907 1735 1951 1795 Β
1978 1739 2167 1794 oculos
2196 1748 2409 1796 nostros
2437 1741 2771 1797 declinantes
2800 1743 2852 1796 in
2882 1750 3079 1798 terram
3114 1741 3157 1811 ι,
3188 1760 3565 1815 comparemur

280 1836 545 1903 malagma
592 1832 860 1887 debilibus
906 1839 962 1886 et
1014 1831 1233 1895 sauciis,
1290 1846 1465 1901 neque
1494 1832 1721 1900 ligatura
1741 1846 1873 1901 pro-

279 1924 453 1978 desset
480 1933 504 1962 ε
541 1939 554 1974 :
608 1922 959 1977 corroborata
1004 1921 1204 1976 etenim
1245 1922 1496 1976 vitiorum
1543 1921 1869 1984 valetudine,

279 2029 491 2069 omnem
520 2014 767 2066 humanm
795 2012 913 2081 opis
932 2010 1197 2066 medelam
1218 2010 1409 2067 fortior
1430 2011 1681 2067 remediis
1726 2026 1873 2066 mor-

279 2106 371 2160 bus
425 2104 766 2168 excluserat,
816 2109 873 2158 et
924 2102 1047 2157 ideo
1074 2102 1225 2157 venit
1252 2102 1345 2171 qui
1388 2110 1443 2157 et
1489 2109 1747 2157 venturus
1767 2110 1870 2168 est,
1915 2097 1918 2100 ’

280 2193 649 2251 conformatus
676 2192 892 2262 corpori
940 2193 1255 2248 humilitatis
1282 2201 1500 2259 nostrae,
1532 2200 1591 2247 ut
1616 2207 1716 2247 nos
1742 2207 1875 2247 con-

278 2284 536 2339 formaret
555 2282 770 2351 corpori
801 2282 985 2351 gloriae
1021 2297 1133 2337 sua:
1158 2284 1207 2337 ἀ.
1237 2283 1373 2350 Quia
1402 2298 1582 2348 nemo,
1614 2283 1715 2338 nisi
1744 2282 1874 2337 arti-

278 2375 381 2440 fex,
413 2374 604 2444 operis
627 2374 707 2427 sui
733 2383 926 2443 potens
954 2382 1069 2440 est,
1102 2381 1159 2428 et
1179 2373 1341 2443 figulo
1372 2382 1577 2428 tantum
1626 2375 1682 2429 in
1710 2374 1872 2443 argil—

279 2467 380 2521 lam
405 2481 564 2521 suam
582 2464 671 2534 jus
696 2473 779 2519 est
810 2474 851 2517 θ.
890 2463 966 2518 ita
989 2464 1246 2521 Dominus
1266 2466 1526 2531 omnium,
1555 2466 1647 2534 qui
1687 2480 1876 2522 omnes

280 2558 505 2627 fecerat,
563 2558 815 2626 dignatus
862 2566 947 2613 est
974 2557 1041 2612 ad
1070 2567 1255 2613 nostra
1296 2558 1643 2626 descendere,
1670 2574 1877 2628 nosque

282 2652 561 2720 suscipere
584 2650 637 2703 in
661 2664 889 2719 corpore
909 2665 1028 2714 suo,
1054 2656 1114 2705 ut
1156 2650 1403 2705 reficeret
1430 2650 1620 2705 eadem
1649 2658 1765 2705 arte
1794 2648 1877 2705 vel

285 2745 397 2813 (pro
424 2740 505 2810 et)
536 2748 810 2810 potestate
836 2754 941 2809 qua
965 2738 1183 2795 fecerat.
1196 2739 1355 2796 Venit
1374 2748 1552 2796 autem
1582 2754 1687 2795 non
1712 2740 1766 2794 in
1788 2755 1878 2795 su-

285 2832 547 2887 blimitate
576 2829 810 2895 Domini,
835 2830 978 2899 quod
997 2838 1145 2895 erat,
1173 2831 1268 2885 sed
1282 2830 1336 2885 in
1358 2831 1531 2885 forma
1556 2831 1718 2895 servi,
1734 2829 1880 2899 quod

290 2943 394 2983 non
421 2937 542 2984 erat
574 2927 618 2984 ί.
650 2928 846 2983 Factus
868 2938 943 2983 est
971 2937 1028 2982 ut
1053 2928 1205 2983 homo
1232 2929 1345 2983 sine
1397 2927 1658 2998 adjutorio
1709 2936 1755 2991 ε,
1787 2927 1879 2997 qui

290 3027 368 3076 est
418 3018 517 3075 Dei
557 3019 751 3088 virtus,
800 3028 856 3075 et
898 3020 1157 3075 Dominus
1190 3019 1544 3084 exercituum,
1584 3016 1798 3087 adjutor
1825 3026 1881 3072 et

1971 1826 2229 1896 jumentis
2255 1830 2435 1902 quibus
2456 1848 2557 1886 non
2580 1842 2657 1887 est
2680 1834 2965 1888 intellectus
2980 1844 3041 1901 τη,
3071 1842 3166 1888 aut
3189 1835 3378 1891 altiora
3409 1836 3563 1891 nobis

1975 1928 2277 1976 scrutantes
2294 1929 2345 1988 η,
2372 1937 2756 1978 evanescamus
2783 1924 2836 1978 in
2885 1924 3303 1991 cogitationibus
3343 1928 3560 1980 nostris.

1974 2007 2161 2079 Itaque
2181 2026 2283 2065 non
2301 2012 2410 2065 alta
2430 2015 2706 2083 sapientes,
2720 2015 2810 2068 sed
2830 2013 3105 2069 humilibus
3129 2018 3501 2070 consentientes
3514 2026 3560 2079 ",-

1975 2102 2031 2155 in
2061 2118 2300 2157 mensura
2321 2120 2423 2175 qua
2447 2106 2603 2175 (forte
2622 2108 2803 2176 quam)
2827 2109 3137 2162 meusuravit
3184 2107 3331 2163 nobis
3377 2108 3563 2164 Domi-

1976 2206 2072 2244 nus
2096 2201 2143 2256 ι’,
2202 2192 2561 2261 nosmetipsos
2588 2195 2894 2262 metiamur,
2922 2205 2980 2251 ut
3007 2207 3354 2267 angustemur
3383 2199 3434 2253 in
3466 2216 3556 2254 no-

1975 2279 2078 2345 bis,
2116 2290 2173 2335 et
2210 2281 2265 2336 in
2320 2282 2551 2338 Domino
2589 2283 2877 2341 dilatemur
2898 2298 2945 2339 ει.
2968 2286 3085 2343 Non
3112 2288 3266 2343 utilli
3295 2290 3562 2359 sapientes

1975 2370 2136 2441 hujus
2160 2374 2346 2441 seculi,
2369 2389 2600 2444 quorum
2627 2378 2949 2448 sapientiam
2971 2378 3230 2434 Dominus
3255 2381 3564 2450 reprobavit

1977 2478 2041 2519 ac
2082 2465 2335 2535 perdidit,
2363 2474 2420 2521 et
2439 2481 2537 2536 per
2562 2469 2843 2525 stultitiam
2871 2469 3270 2541 praedicationis
3292 2470 3366 2543 (b)
3388 2474 3565 2529 exclu-

1978 2557 2153 2612 sit”:
2180 2559 2255 2631 (c)
2276 2556 2682 2629 Disputaverunt
2710 2563 2872 2627 enim,
2903 2563 3094 2632 inquit,
3120 2572 3178 2616 ut
3192 2563 3566 2621 absconderant

1978 2650 2190 2722 laqueos
2222 2659 2243 2687 ⁸
2281 2670 2294 2706 :
2327 2654 2452 2722 quia
2480 2654 2731 2710 videlicet
2760 2656 2813 2709 in
2833 2654 2937 2711 hoc
2966 2657 3141 2712 omnis
3191 2672 3281 2712 ars
3327 2658 3586 2727 philoso-'

1979 2743 2209 2813 phorum
2248 2744 2474 2809 laborat,
2518 2754 2577 2801 ut
2630 2746 2929 2802 assertione
2958 2747 3204 2803 lictorum
3232 2748 3406 2805 lucem
3425 2751 3567 2805 veri-

1980 2836 2107 2890 tatis
2126 2836 2397 2902 obscuret,
2447 2846 2503 2893 et
2541 2838 2776 2917 inanium
2803 2840 3207 2895 contentionum
3229 2840 3435 2911 laqueis
3454 2843 3562 2897 sol-

1981 2924 2215 2981 licitatas
2242 2941 2273 2980 a
2300 2941 2429 2982 vero
2456 2936 2664 2982 mentes
2685 2928 2940 2998 implicet,
2968 2937 3024 2983 et
3044 2930 3243 2999 ingenii
3268 2930 3454 2987 fraude
3481 2933 3569 2987 de-

1983 3016 2167 3087 ripiat,
2195 3024 2250 3071 et
2271 3018 2392 3072 fuco
2411 3018 2679 3072 sermonis
2708 3017 2946 3073 inducat.

291 3118 567 3180 protector
587 3111 848 3166 omnium.
899 3108 1005 3164 Pro
1036 3110 1326 3165 liberandis
1355 3117 1440 3164 est
1468 3118 1733 3173 mortuus,
1786 3109 1879 3179 qui
1907 3093 1954 3156 C
2057 3105 2107 3161 5.
2149 3106 2257 3162 Sed
2309 3114 2595 3178 postquam
2646 3116 2882 3163 exortum
2928 3118 3005 3164 est
3030 3110 3201 3164 lumen
3241 3113 3294 3165 in
3325 3112 3567 3173 tenebris,

294 3210 405 3255 erat
450 3203 589 3255 inter
616 3211 847 3255 mortuos
895 3200 1039 3254 liber.
1080 3201 1224 3254 Inter
1250 3201 1454 3273 iniquos
1482 3201 1757 3272 deputatus
1780 3211 1877 3270 est,

294 3292 380 3361 qui
402 3291 667 3361 justilicat
696 3292 915 3362 impium
944 3306 1045 3362 per
1075 3289 1253 3346 fidem.
1287 3292 1434 3346 Sicut
1473 3293 1578 3347 ovis
1608 3292 1679 3345 ad
1718 3293 1879 3346 inter-

296 3387 561 3454 {ectionem
578 3385 758 3438 ductus
771 3394 847 3439 est
867 3402 1030 3456 agnus
1040 3384 1147 3452 ille,
1164 3385 1249 3456 qui
1262 3383 1395 3439 tollit
1406 3392 1617 3450 peccata
1632 3384 1812 3439 mundi
1829 3384 1852 3421 ιι
1863 3423 1876 3437 .

295 3473 485 3530 Passus
511 3484 596 3530 est
624 3483 873 3541 mortem,
906 3474 998 3545 qui
1027 3475 1193 3530 donat
1217 3474 1594 3529 aeternitatem.

361 3567 412 3619 4.
454 3566 565 3622 Sed
617 3568 671 3621 in
712 3582 875 3622 causa
917 3567 1052 3621 tanti
1102 3566 1257 3635 hujus
1292 3567 1504 3622 consilii
1534 3576 1591 3621 et
1619 3566 1877 3631 muneris,

298 3659 723 3713 animadvertere
753 3658 920 3728 ipsius
944 3658 1124 3712 lumen
1153 3665 1253 3723 est,
1278 3659 1363 3728 qui
1391 3675 1486 3712 nos
1502 3659 1609 3729 £0
1624 3658 1883 3712 illuminat

298 3764 329 3800 ο
356 3747 611 3801 montibus
642 3750 848 3803 wlernis
884 3746 901 3785 ί
941 3766 954 3801 :
986 3748 1037 3802 in
1065 3764 1200 3818 quos
1236 3748 1404 3804 oculis
1430 3748 1672 3802 allevatis
1704 3748 1883 3803 videa-

298 3856 431 3902 mus,
483 3840 675 3895 iisdem
724 3856 841 3906 nos,
887 3841 1083 3911 quibus
1106 3840 1458 3910 perieramus,
1493 3840 1773 3895 itineribus
1803 3841 1884 3893 in-

299 3942 502 3996 ventos,
524 3947 713 3986 rursus
733 3947 802 3987 ex
831 3933 1045 3995 arbore,
1078 3947 1261 3987 rursus
1289 3947 1357 3986 ex
1382 3932 1621 4000 virgine;
1654 3932 1749 3988 sed
1773 3946 1881 3986 non

296 4040 478 4078 rursus
496 4025 750 4093 superbia
776 4024 1166 4094 praecipitandi,
1197 4040 1381 4079 verum
1408 4038 1440 4080 e
1460 4025 1735 4080 contrario
1779 4026 1883 4079 hu-

297 4110 520 4169 militate
542 4114 791 4169 redituri.
823 4115 956 4169 Nam
985 4115 1184 4170 idcirco
1211 4115 1323 4170 Rex
1368 4115 1553 4185 gloriae
1593 4124 1649 4170 et
1704 4116 1885 4170 Domi-

299 4221 397 4259 nus
418 4204 718 4273 majestatis
745 4207 1026 4259 exiuanivit
1053 4222 1126 4271 se,
1154 4208 1372 4276 formam
1394 4207 1526 4260 servi
1553 4208 1809 4277 accipiens
1836 4207 1883 4269 i,

296 4306 352 4351 et
380 4298 702 4352 invisibilem
726 4297 1148 4366 magnitudinem
1178 4313 1329 4351 suam
1366 4298 1560 4361 visibili
1585 4299 1889 4367 abjectione

297 4388 556 4452 contexit,
589 4394 651 4441 ut
692 4403 791 4442 nos
812 4388 983 4442 veteri
1014 4387 1105 4441 illo
1150 4388 1305 4442 mala:
1329 4397 1601 4459 concepta:
1629 4402 1887 4457 arrogan-

1984 3200 2275 3254 misericors
2311 3207 2361 3253 et
2404 3200 2696 3265 miserator,
2740 3208 2788 3253 et
2808 3200 2982 3271 justus
3013 3200 3264 3256 Dominus
3298 3206 3344 3270 ι,
3374 3202 3569 3260 frustra

1982 3299 2262 3361 posuerunt
2288 3292 2344 3344 in
2366 3289 2548 3344 cmlum
2575 3307 2630 3345 os
2652 3308 2800 3345 suum
2820 3299 2868 3359 ιι,
2901 3292 2991 3363 qui
3034 3292 3197 3347 etiam
3237 3301 3571 3350 terrenarum

1981 3397 2163 3437 rerum
2192 3396 2408 3451 sumque
2432 3388 2639 3435 natura:
2683 3382 2845 3438 nescii
2872 3382 2949 3455 (ά)
2971 3390 3280 3438 scrutantur
3305 3385 3428 3439 ρωιί
3457 3386 3572 3455 pla-

1983 3489 2098 3544 gas,
2136 3482 2191 3530 et
2243 3472 2594 3530 Deum‘sine
2646 3474 2757 3530 Deo
2804 3483 3067 3543 qumrunt.
3121 3474 3250 3531 Ideo
3278 3477 3574 3548 defecerunt

1983 3573 2272 3618 scrutantes
2292 3565 2559 3632 scrutinio,
2587 3572 2636 3618 et
2663 3565 2868 3635 sagitta:
2886 3564 3218 3633 parvulorum
3257 3567 3413 3635 fuctce
3454 3578 3575 3621 sunt

1983 3657 2155 3727 plaga:
2175 3672 2352 3710 eorum
2374 3664 2398 3692 ν
2428 3673 2439 3707 :
2469 3654 2594 3723 quia
2623 3654 2922 3723 corripiens
2948 3655 3222 3722 sapientes
3274 3655 3330 3709 in
3377 3658 3573 3710 astutia

1984 3762 2081 3801 sua
2104 3746 2361 3800 Dominus
2383 3754 2429 3811 ³,
2459 3759 2558 3813 per
2583 3742 2867 3798 infantium
2911 3751 3075 3811 atque
3114 3743 3425 3799 lactentium
3465 3746 3572 3817 ει

1986 3852 2080 3893 ora
2129 3834 2399 3900 confudit,
2449 3851 2548 3891 nec
2590 3836 2644 3889 in
2679 3848 2931 3890 sermone
2952 3848 3175 3902 regnum
3198 3849 3375 3901 suum,
3404 3837 3498 3892 sed
3521 3838 3575 3893 in

1985 3930 2183 3983 virtute
2210 3925 2507 3982 constituit.
2531 3924 2681 3980 Unde
2702 3938 2803 3994 ego
2830 3937 3048 4005 quoque
3068 3926 3317 3981 minimus
3337 3927 3576 3982 omnium

1987 4020 2333 4075 minimorum
2381 4016 2616 4081 Domini,
2670 4016 3094 4085 exiguorumque
3130 4016 3492 4084 tenuissimus,
3522 4028 3578 4072 et

1990 4111 2273 4168 infantium
2324 4108 2731 4175 infantissimus,
2781 4107 2954 4163 audeo
3003 4109 3057 4164 in
3089 4123 3274 4164 vocem
3305 4109 3475 4165 laudis
3505 4112 3578 4182 (ρ)

1990 4216 2298 4272 erumpere,
2340 4200 2540 4270 gratias
2565 4213 2732 4269 agens
2757 4198 2985 4255 Domino
3012 4198 3294 4264 altissimo,
3322 4200 3579 4270 quoniam

1989 4292 2305 4365 mysterium
2356 4292 2573 4362 pietatis
2627 4290 2877 4358 exeelsm,
2923 4288 3068 4361 quod
3117 4289 3171 4344 in
3201 4289 3466 4345 thesauris
3490 4306 3578 4346 sa-

1991 4387 2207 4457 pientiae
2232 4400 2343 4442 suze
2364 4385 2600 4440 habebat
2624 4385 2942 4455 repositum,
2974 4384 3210 4453 parvulis
3231 4385 3342 4439 suis
3388 4400 3577 4455 prom-
3630 4419 3639 4426 -

298 4479 385 4531 tia:
407 4479 619 4543 morbo,
654 4478 785 4539 foris
813 4479 969 4546 altos,
1003 4480 1142 4534 intus
1162 4481 1410 4547 obtritos,
1441 4482 1493 4536 in
1522 4483 1751 4537 formam
1798 4499 1891 4538 su-
1922 4461 1970 4520 Ῐ)
1994 4479 2145 4542 serit,
2170 4486 2223 4533 et
2252 4476 2584 4547 sapientibus
2611 4474 2796 4530 mundi
2825 4472 3168 4528 absconderit
3194 4483 3245 4534 γ,
3287 4489 3355 4528 ne
3380 4474 3581 4542 gloria-

296 4567 577 4625 hlimitatis
606 4585 715 4625 sua:
745 4586 842 4640 per
862 4569 1149 4627 formulam
1172 4580 1374 4626 nostra:
1404 4573 1456 4626 in
1488 4589 1547 4628 se
1574 4575 1895 4630 humilitatis

297 4661 592 4716 attolleret.
624 4660 683 4715 In
706 4661 811 4717 hoc
838 4662 983 4717 enim
1012 4668 1267 4733 operatus
1295 4671 1379 4719 est
1403 4670 1459 4719 et
1479 4674 1736 4734 operatur
1756 4684 1895 4738 quo-

1996 4580 2147 4627 retur
2175 4572 2263 4626 hic
2282 4569 2511 4623 mundus
2533 4568 2584 4621 in
2609 4581 2827 4621 suorum
2852 4566 3091 4621 vanitate
3117 4564 3459 4635 sapientium,
3487 4582 3582 4637 per

1997 4678 2158 4735 quam
2189 4659 2376 4716 obfusa
2403 4658 2505 4716 sibi
2529 4656 2757 4726 caligine
2804 4672 2912 4711 non
2942 4664 3237 4725 agnoverat
3262 4657 3581 4727 sapientiam

367 4830 392 4857 ⁸
417 4818 554 4874 Gen.
581 4834 657 4890 vi,
682 4817 715 4871 8
742 4826 794 4873 et
827 4818 975 4890 vut‘l
995 4836 1011 4885 ;
1033 4818 1078 4890 ll
1103 4818 1216 4876 Pet.
1249 4837 1305 4885 ιι,
1336 4820 1390 4874 5.
1431 4819 1460 4890 ι)
1486 4821 1621 4877 Gen.
1648 4840 1737 4888 xv,
1762 4824 1857 4890 l3;
1892 4827 2050 4880 Rom.
2072 4839 2147 4882 tv,
2170 4820 2225 4873 Η
2254 4816 2505 4890 ςροιτκιιι,
2531 4813 2889 4890 ’ῖςδθορμνξέι
2917 4832 2930 4879 ;
2954 4814 3142 4868 Μτιῐῑιι-
3176 4814 3274 4890 ν’]
3290 4816 3349 4890 7_:
3386 4814 3582 4873 John".

296 4905 333 4953 ι,
365 4890 453 4943 l7.
534 4901 554 4926 τ
579 4888 708 4958 Sap.
746 4905 853 4952 xvi,
882 4889 968 4943 12.
1046 4889 1073 4927 (³
1092 4890 1260 4958 Apoc.
1293 4906 1329 4952 ι,
1360 4889 1412 4944 4.
1440 4889 1575 4945 Phil.
1604 4909 1682 4957 ill,
1703 4893 1790 4947 2|.

296 4959 383 5013 ει.
469 4958 487 4996 τ
516 4958 709 5026 Philip.
738 4975 809 5016 ιι.
844 4960 896 5013 7.

300 5032 311 5076 ἡ
355 5029 549 5097 Philip.
574 5046 629 5090 ιι,
664 5030 715 5081 7.
765 5027 789 5066 ¹ί
816 5028 973 5082 Num.
1007 5045 1119 5089 χχι.
1152 5029 1258 5094 2‘2;
1290 5029 1443 5084 Deut.
1474 5047 1527 5094 u,
1555 5031 1643 5084 27.

299 5098 384 5150 lli.
480 5095 569 5150 till
600 5098 730 5151 Cor.
773 5115 827 5157 χ.
861 5098 948 5151 15.
1026 5109 1052 5147 τι
1084 5098 1126 5151 ιι
1165 5100 1291 5152 Cor.
1316 5116 1389 5163 vr,
1422 5100 1508 5154 ll.

372 5345 453 5415 (a)
492 5341 569 5397 Ita
592 5358 693 5419 m_s_.
728 5342 858 5419 Reg.
892 5343 1093 5419 et_edil.
1126 5352 1380 5416 quatuor.
1406 5343 1895 5419 E_d._Rosv.,genus

302 5412 602 5467 humanum.
637 5412 926 5468 V’erissima
950 5413 1108 5468 lectio
1133 5412 1294 5482 quam
1323 5415 1674 5481 restituimus,
1702 5412 1762 5470 ut
1780 5419 1894 5472 cui-

303 5486 379 5537 vis
401 5483 699 5554 attendenti
730 5482 1088 5554 praecedentia
1110 5493 1165 5554 et
1187 5485 1570 5554 subsequentia
1593 5487 1818 5554 patebit.

308 5552 587 5676 “(hillis
621 5552 750 5618 Reg.
777 5560 832 5606 et
860 5552 987 5606 edit.
1021 5553 1175 5617 Bad.,
1218 5551 1383 5608 Gravi
1440 5562 1495 5609 et
1538 5551 1748 5622 Sdhot.,
1797 5572 1888 5611 ex-

372 5640 449 5675 HSI
482 5663 494 5676 .

593 5717 862 5777 l’nnoc.
916 5715 1079 5777 LXI.

1496 5720 1503 5727 ι

1873 4908 1895 4934 e
1925 4897 2059 4965 sap,
2087 4883 2262 4965 ξεν,ρἶ
2286 4888 2449 4942 Eccli.
2478 4902 2664 4965 xxxm',
2696 4886 2791 4965 l5;
2815 4883 3015 4965 δϐνερ.
3044 4890 3195 4965 sviti,
3221 4885 3285 4965 6_;
3315 4885 3470 4939 Rom.
3508 4904 3583 4965 Lg.

975 4969 1001 5007 s
1030 4952 1170 5013 Psal.
1197 4977 1413 5014 Lxxxvu
1437 5001 1452 5026 ,
1487 4959 1537 5013 5.
1616 4963 1641 4999 ιι
1665 4952 1783 5017 lsai.
1821 4981 1879 5019 an

1984 4952 2017 5025 l:
2044 4964 2141 5027 1‘2;
2164 4952 2193 5014 Ἰ
2222 4959 2339 5029 Pet.
2373 4973 2431 5029 up,
2480 4955 2579 5019 2i;
2629 4952 2844 5029 ,ἶνιιειηζ
2861 4954 3019 5029 ι,

1727 5032 1911 5089 lPsal.
1938 5050 2048 5097 κη,
2068 5033 2089 5083 l
2106 5032 2152 5084 i.

299 5101 384 5150 ili.
480 5110 503 5147 P
528 5101 569 5150 ll
600 5101 730 5151 Cor.
773 5115 827 5157 χ.
861 5101 948 5151 15.
1026 5109 1052 5147 τι
1084 5101 1126 5151 ll
1165 5101 1291 5152 Cor.
1316 5101 1508 5163 v1.11.
1586 5101 1605 5123 '
1632 5101 1649 5154 1
1681 5102 1808 5156 Cor.
1842 5121 1880 5169 r,
1911 5104 2002 5157 21.

298 5178 320 5205 τ
352 5166 499 5222 Psal.
544 5182 695 5235 thu,
721 5168 775 5233 7,
807 5168 860 5221 8.
942 5177 965 5204 ι
996 5168 1017 5221 l
1047 5168 1175 5223 Cor.
1209 5186 1284 5232 Ill,
1318 5170 1404 5223 ‘20.
1482 5175 1508 5219 γ
1534 5168 1729 5224 Matth.
1765 5189 1838 5237 xl,
1879 5172 1968 5226 25.

3108 4953 3121 4992 ί
3156 4954 3299 5009 Psal.
3336 4972 3498 5019 cxxv,
3528 4957 3582 5010 5.

2232 5038 2271 5065 ω
2299 5026 2440 5081 Psal.
2469 5042 2615 5089 xxxi,
2643 5026 2697 5078 9.
2757 5034 2782 5060 ιι
2808 5023 2971 5080 Eecli.
3006 5042 3082 5090 lu,
3105 5023 3196 5077 22.
3241 5036 3265 5060 υ
3300 5025 3457 5079 Rom.
3489 5044 3584 5092 xu,

2073 5110 2093 5136 ³
2126 5098 2266 5155 Psal.
2301 5114 2450 5161 Lxut,
2482 5097 2535 5150 6.
2622 5104 2641 5139 ι
2680 5094 2820 5150 Psal.
2854 5111 2960 5159 cxr,
3003 5096 3054 5148 4.
3101 5105 3125 5131 ιι
3158 5093 3299 5150 Psal.
3330 5111 3494 5160 Lxxu,
3530 5098 3583 5159 tl,

2081 5347 2151 5419 (ς)
2193 5343 2267 5398 lta
2308 5341 2629 5398 Psalterium
2679 5342 3001 5413 Romanum.
3060 5354 3114 5401 et
3161 5346 3218 5401 S.
3278 5345 3507 5399 llilarius
3535 5347 3584 5401 iu

2304 5498 2406 5538 ms.
2441 5480 2614 5538 Vatic.
2645 5490 2700 5541 et
2727 5484 2901 5540 Latin.
2927 5484 3104 5542 Ceteri
3125 5486 3353 5545 codices,
3388 5486 3584 5539 instru-

1998 5564 2193 5610 tantur.

2070 5627 2142 5696 (ε)
2188 5624 2345 5681 Deest
2373 5623 2488 5696 ejus
2518 5622 2571 5679 in
2595 5622 2772 5681 editis.

3175 5714 3210 5769 7

1950 5810 1978 5815 _
3477 5776 3565 5815 is...
