3966 6184
519 319 625 373 203

1546 315 1629 373 -S.
1673 316 1943 373 PAULINI
1982 315 2231 373 NOLANI
2269 316 2576 375 EPISCOPI

3685 314 3794 369 2M

520 435 635 494 Dei.
684 431 793 488 Pax
842 439 1025 489 autem
1072 440 1257 488 nostra
1295 431 1467 500 Jesus,
1498 434 1588 504 qui
1617 434 1763 489 venit
1792 444 1850 489 ut
1877 442 2102 503 utraque
2133 440 2172 496 Α
2206 447 2327 487 cum
2374 435 2593 503 spiritus
2642 434 2751 490 Deo
2799 435 3040 491 serviens
3085 434 3364 492 subactam
3410 436 3511 491 sibi
3556 438 3789 495 animant

517 541 683 580 unum
729 524 929 579 faceret
949 533 998 592 ι,
1048 532 1105 580 et
1150 525 1330 579 omnia
1372 525 1679 594 aequalitate
1729 533 2099 595 componeret,

516 617 769 671 destruxit
790 617 967 686 fortia,
991 624 1041 669 et
1066 616 1217 687 elegit
1262 616 1474 685 inﬁrma
1502 633 1521 671 :
1570 617 1773 686 sprevit
1809 617 2096 686 sapientia,

515 714 571 761 et
591 704 840 760 assumsit
858 706 1041 771 stulta,
1074 715 1133 760 ut
1155 705 1307 761 ﬁeret
1335 707 1615 776 tequalitas
1648 706 1699 771 ιι,
1734 708 1947 762 nemine
2001 709 2104 763 sibi

519 793 814 865 quidquam
838 796 1112 865 proprium
1151 796 1475 865 vindicante,
1505 813 1627 852 cum
1648 788 1862 853 omnem
1892 799 1969 867 (a)
2000 799 2104 853 ho-

518 884 719 938 minem
758 900 865 938 non
917 885 1018 939 nisi
1060 884 1241 939 divino
1270 901 1493 941 munere
1538 888 1725 942 salutis
1744 904 1809 943 ac
1829 889 2105 958 sapientiae

493 962 827 1041 compotem
858 987 1081 1027 necesse
1101 982 1244 1027 esset
1272 974 1325 1027 in
1356 974 1585 1030 Domino
1610 976 1828 1043 gloriari
1857 988 1901 1029 ε.
1922 975 2106 1044 itaque

520 1061 850 1116 exsultemus
889 1076 1012 1116 cum
1069 1069 1305 1118 tremore
1358 1065 1410 1119 in
1458 1066 1683 1120 Domino
1711 1066 1820 1121 Deo
1846 1074 2032 1120 nostro
2053 1065 2103 1131 ἀ,

520 1151 614 1220 qui
661 1159 745 1204 est
772 1150 987 1205 humilis
1011 1153 1193 1229 corde,
1226 1163 1280 1208 et
1308 1155 1587 1224 majestate
1607 1156 1849 1211 sublimis
1876 1166 1931 1221 °,
1965 1156 2106 1210 idem

520 1241 816 1295 sentientes
844 1241 895 1295 in
919 1242 1094 1311 nobis,
1117 1245 1259 1313 quod
1286 1246 1338 1299 in
1375 1246 1590 1301 Christo
1624 1246 1665 1312 ι,
1695 1247 1807 1315 qui,
1858 1256 1916 1300 ut
1947 1262 2108 1316 supra

498 1329 654 1396 dixi,
689 1330 889 1387 idcirco
912 1332 1066 1387 nobis
1093 1333 1283 1388 salutis
1303 1336 1529 1402 gratiam
1554 1352 1649 1405 per
1671 1336 1987 1391 humilitatis
2009 1335 2109 1391 lor-

521 1421 722 1474 mulam
776 1423 1023 1488 contulit,
1084 1431 1144 1477 ut
1179 1424 1272 1492 qui
1310 1424 1654 1481 exaltationis
1692 1427 1879 1496 spiritu
1916 1426 2109 1481 cadere

522 1527 911 1580 merueramus,
946 1514 1020 1584 (ὸ)
1053 1516 1232 1571 cordis
1261 1516 1564 1572 humilitate
1608 1532 1890 1587 resurgere
1933 1516 2109 1572 disce-

522 1617 727 1659 remus.

595 1695 649 1748 6.
689 1694 843 1761 Quod
887 1702 1067 1750 autem
1113 1697 1286 1753 bonus
1326 1698 1582 1754 Dominus
1618 1700 1905 1755 cruciﬁxus
1924 1707 2024 1764 est,
2057 1708 2111 1753 et

2206 522 2309 578 ﬁde
2338 532 2617 593 temperat,
2642 533 2697 580 et
2726 526 2958 581 vicissim
2986 528 3219 580 animam
3247 527 3359 582 Deo
3381 528 3706 586 servientem
3737 531 3792 587 in

2205 632 2367 672 omne
2392 617 2707 685 obsequium
2737 633 2863 674 caro
2893 619 3137 673 ministra
3166 620 3472 674 comitatur.

2279 708 2333 761 7.
2375 708 2545 775 Quam
2575 709 2645 764 ob
2665 725 2781 764 rem
2802 709 3013 764 Domini
3044 712 3295 779 passione
3316 719 3372 765 et
3399 715 3791 769 resurrectione

2205 814 2313 853 non
2361 800 2533 852 solum
2580 799 2645 853 ad
2693 815 2843 869 spem
2872 816 2936 854 ac
2966 799 3125 854 ﬁdem
3156 802 3565 856 resurrectionis
3586 802 3801 859 instrui-

2205 905 2354 955 mur;
2388 891 2465 961 (tt)
2496 891 2589 945 sed
2622 899 2679 943 nt
2719 907 2825 945 non
2851 892 2965 945 sola
2997 892 3328 946 resolutione
3356 892 3596 958 carnali,
3625 895 3717 949 sed
3736 902 3798 953 et

2204 979 2506 1034 voluntaria
2533 980 2598 1034 ab
2622 982 2725 1035 hoc
2753 981 2933 1035 seculo
2964 983 3267 1036 recessione
3290 983 3429 1037 mori
3454 986 3793 1055 noverimus;

2207 1078 2262 1125 et
2289 1070 2568 1125 moriendo
2589 1085 2685 1140 per
2714 1068 2870 1125 ﬁdem
2892 1070 3019 1127 huic
3055 1072 3275 1138 mundo,
3300 1074 3634 1129 viviﬁcemur
3661 1077 3792 1133 Deo.

2207 1160 2332 1215 Vita
2363 1163 2503 1216 enim
2533 1162 2691 1230 hujus
2718 1163 2903 1217 mundi
2932 1163 3135 1228 amica,
3180 1180 3326 1219 mors
3351 1166 3543 1221 animm
3573 1177 3675 1222 est.
3716 1171 3796 1225 0b

2208 1253 2313 1307 hoc
2341 1253 2495 1307 nobis
2524 1253 2815 1322 Apostolus
2841 1253 2970 1308 dicit
2994 1272 3006 1306 :
3042 1253 3358 1325 Mortiﬁcate
3382 1257 3436 1309 in
3466 1266 3603 1311 terra
3639 1277 3792 1314 mem-

2209 1343 2301 1400 bra
2330 1354 2500 1398 vestra
2531 1355 2578 1397 (ξ.
2612 1345 2861 1412 Quotidie
2899 1361 2959 1400 se
2986 1346 3100 1415 ipse
3129 1354 3358 1401 testatur
3386 1350 3558 1417 mori,
3586 1351 3795 1405 lividum

2210 1438 2408 1509 faciens
2428 1453 2613 1507 corpus
2633 1454 2800 1499 suum,
2823 1447 2873 1491 et
2900 1437 3199 1492 obliviscens
3223 1455 3339 1507 qua:
3364 1449 3499 1494 retro
3531 1452 3681 1505 sunt,
3712 1451 3796 1495 at-

2208 1545 2304 1597 que
2332 1530 2385 1581 in
2415 1530 2591 1599 priora
2619 1545 2673 1582 se
2700 1531 2970 1600 porrigens
3005 1540 3026 1567 τ
3044 1569 3058 1582 .
3102 1529 3160 1583 In
3188 1546 3296 1599 quo
3325 1531 3680 1588 humilitatem
3709 1550 3794 1604 pa-

2209 1619 2342 1672 riter
2369 1627 2425 1673 ct
2451 1619 2834 1673 sublimitatem
2864 1619 3025 1674 docet
3049 1638 3061 1672 :
3093 1621 3216 1689 quia
3238 1624 3447 1677 conteri
3464 1638 3661 1693 corpus
3682 1626 3797 1680 sine

2209 1712 2525 1765 humilitatis
2553 1712 2745 1780 spiritu
2774 1727 2880 1766 non
2910 1721 3109 1781 potest,
3140 1729 3241 1768 nec
3261 1715 3436 1768 anima
3468 1717 3519 1769 in
3556 1718 3796 1772 coelestia

522 1787 855 1855 resurrexit,
900 1803 1007 1842 non
1036 1788 1208 1842 solum
1251 1790 1317 1843 ad
1346 1789 1764 1844 destructionem
1794 1791 1982 1844 mortis
2011 1806 2108 1845 no-
2140 1796 2181 1853 Β
2209 1813 2427 1867 surgere
2450 1838 2466 1864 ,
2514 1800 2616 1852 nisi
2663 1800 3077 1856 mortiﬁcatione
3115 1804 3500 1859 membrorum.
3546 1806 3796 1861 Attamen

523 1882 686 1940 stne,
726 1884 782 1929 et
829 1875 895 1929 ad
943 1878 1339 1945 reparationem
1376 1879 1693 1933 mternitatis
1731 1888 1982 1949 operatus
2006 1886 2107 1943 est,

524 1964 619 2019 sed
647 1965 808 2018 etiam
837 1966 905 2020 ad
932 1967 1207 2036 prtesentis
1228 1968 1353 2021 vitae
1383 1966 1833 2034 informationem,
1864 1983 1967 2037 qua
1999 1983 2111 2023 me-

525 2054 685 2109 ritum
727 2058 1081 2126 acquirimus,
1126 2073 1234 2128 quo
1263 2060 1383 2113 vim:
1412 2060 1553 2115 illius
1576 2061 1629 2114 in
1657 2069 1915 2115 aeternum
1940 2060 2111 2115 beata:

525 2147 795 2214 possessio
818 2156 1148 2216 pneparatur
1161 2158 1206 2201 8.
1225 2147 1381 2203 Cruci
1402 2162 1530 2216 ergo
1555 2149 1688 2203 tixus
1707 2158 1790 2203 est
1813 2149 2067 2203 Dominus
2092 2167 2104 2201 :

523 2248 633 2302 quo
674 2235 930 2304 mysterio
970 2236 1193 2304 pietatis
1222 2246 1382 2305 atque
1420 2238 1663 2302 consilio,
1693 2238 1983 2305 Apostolus
2012 2238 2110 2292 do-

496 2331 614 2375 ‘cet
642 2318 671 2357 ιι
697 2339 709 2374 :
740 2330 800 2375 ut
845 2323 1110 2388 solveret,
1144 2324 1345 2393 inquit,
1377 2325 1638 2394 parietem
1667 2326 1812 2393 valli,
1845 2324 2108 2379 interﬁce-

525 2419 715 2481 retque
745 2414 1050 2470 inimicitias
1074 2456 1091 2484 ,
1139 2424 1194 2470 et
1223 2431 1438 2470 omnem
1463 2416 1620 2485 hujus
1641 2416 1818 2470 mundi
1849 2416 2107 2471 ambitum

522 2501 840 2571 dispoliaret
864 2547 879 2570 ,
930 2518 994 2559 ac
1017 2504 1084 2559 de
1115 2505 1363 2561 universa
1394 2506 1593 2559 inimici
1625 2514 1918 2575 potestate,
1946 2506 2110 2575 capti-

526 2610 659 2649 vans
688 2595 857 2664 ipsam
890 2596 1253 2666 captivitatem
1284 2596 1326 2665 ί,
1350 2597 1725 2666 triumpharet,
1755 2598 1809 2651 in
1838 2614 1932 2651 sua
1952 2614 2109 2651 carne

476 2668 479 2673 Α
521 2686 829 2756 suscipiens,
855 2686 1044 2754 inquit,
1070 2687 1457 2741 similitudinem
1479 2688 1652 2741 carnis
1681 2689 1875 2757 peccati
1901 2687 1913 2737 ι
1951 2706 1964 2741 :
1998 2703 2105 2744 non

524 2777 709 2846 utique
748 2778 1149 2833 similitudinem
1175 2780 1381 2847 carnis,
1418 2782 1543 2851 quia
1575 2781 1821 2836 omnibus
1849 2782 1985 2836 Deus
2014 2796 2109 2836 ve-

524 2870 655 2925 ritas
680 2888 693 2923 :
718 2878 773 2926 et
819 2871 940 2927 ideo
988 2886 1115 2928 vere
1143 2880 1198 2927 et
1243 2874 1595 2944 corporaliter
1632 2872 1851 2928 Veibum
1878 2892 1998 2928 caro
2021 2876 2107 2946 [a-

523 2969 656 3015 ctum
681 2970 758 3016 est
790 2959 836 3025 ι,
884 2963 975 3016 sed
1012 2964 1067 3017 in
1112 2964 1499 3018 similitudinem
1542 2966 1735 3035 peccati
1764 2966 1935 3018 carnis
1966 2963 2016 3029 l;
2049 2972 2106 3019 ut

522 3056 606 3127 qui
629 3063 893 3125 peccatum
916 3073 1020 3109 non
1055 3058 1177 3127 fecit
1214 3072 1311 3126 per
1338 3072 1491 3111 suam
1522 3057 1881 3111 inviolabilem
1908 3057 2107 3126 impas-

2211 1899 2266 1945 et
2287 1892 2452 1960 ipsius
2483 1893 2636 1947 nobis
2667 1893 2983 1949 humilitatis
3020 1896 3283 1950 servanda
3315 1912 3565 1951 mensura
3594 1908 3705 1961 est,
3739 1909 3796 1953 ut

2211 1997 2318 2035 non
2347 1983 2446 2037 nisi
2478 1983 2671 2038 timore
2697 1984 2878 2039 divino
2907 1986 3249 2039 humiliemur
3269 1987 3360 2040 uni
3389 1987 3616 2059 Domino
3642 2007 3655 2041 :
3688 1989 3795 2045 Do-

2209 2072 2404 2125 minum
2432 2074 2569 2127 enim
2593 2073 2755 2127 D'eum
2778 2082 2921 2128 tuum
2942 2074 3205 2140 adorabis,
3227 2086 3275 2129 et
3296 2076 3393 2145 ipsi
3409 2077 3506 2130 soli
3533 2080 3719 2132 servies
3735 2085 3791 2143 ⁸;

2209 2162 2294 2217 cui
2323 2163 2553 2228 servire,
2586 2164 2806 2219 libertas
2833 2174 2934 2219 est.
2976 2165 3183 2220 Nemini
3209 2167 3349 2221 enim
3377 2169 3650 2236 subjectus
3670 2180 3751 2226 est
3774 2208 3790 2232 ,

2208 2252 2379 2319 quise
2400 2252 2497 2306 soli
2520 2253 2630 2307 Deo
2650 2254 2943 2322 subjecit‘.
2978 2256 3070 2325 (e)
3104 2254 3170 2309 Ut
3191 2267 3377 2310 contra
3408 2259 3653 2313 omnibus
3675 2260 3794 2313 inﬁ-

2208 2342 2310 2395 mis
2327 2381 2340 2404 ,
2367 2343 2451 2396 vel
2472 2343 2764 2411 spiritibus,
2791 2346 2875 2398 vel
2898 2346 3016 2399 aliis
3035 2348 3413 2410 ereaturis,vel
3438 2348 3548 2402 suis
3566 2349 3709 2404 vitiis
3737 2359 3791 2405 et

2207 2432 2585 2501 cupiditatibus
2599 2435 2781 2497 servit,
2801 2436 2893 2503 qui
2910 2436 3024 2490 vult
3040 2437 3172 2491 liber
3187 2452 3305 2491 esse
3322 2438 3558 2507 justiti-.c.
3586 2440 3680 2495 Est
3698 2458 3789 2496 au-

2208 2530 2315 2577 tem
2338 2532 2391 2578 et
2410 2533 2593 2579 sancta
2622 2527 2889 2596 superbia,
2935 2530 2989 2583 et
3026 2530 3296 2585 humilitas
3340 2532 3517 2602 iniqua
3544 2551 3556 2584 :
3585 2550 3708 2588 nam
3738 2546 3794 2589 et

2202 2612 2523 2682 justiﬁcatur
2536 2618 2784 2686 superbia
2800 2634 2917 2687 quae
2929 2620 3051 2674 huic
3071 2620 3272 2676 mundo
3295 2625 3551 2691 superbit,
3580 2635 3634 2679 et
3661 2642 3794 2681 con-

2208 2705 2396 2757 temnit
2424 2705 2527 2760 hoc
2553 2708 2811 2776 seculum,
2843 2711 3195 2778 omnibusque
3225 2714 3429 2781 magnis
3458 2713 3572 2783 ejus
3600 2725 3654 2769 ct
3673 2718 3790 2771 dul-

2205 2795 2357 2850 cibus
2382 2811 2445 2851 ac
2472 2798 2729 2867 speciOsis
2753 2800 2988 2855 abutitur
3018 2803 3094 2871 (id
3121 2812 3197 2855 est
3226 2805 3301 2857 uti
3330 2815 3558 2860 recusat.
3577 2798 3637 2860 γ.
3670 2819 3787 2865 not.

2204 2884 2326 2956 51),
2362 2887 2564 2942 intenta
2592 2890 2897 2945 cmlestibus
2926 2893 3116 2958 rebus,
3158 2903 3211 2948 et
3239 2898 3520 2966 prmceptis
3548 2899 3791 2967 subjecta

2205 2976 2419 3031 divinis.
2460 2977 2660 3033 Contra
2702 2990 2878 3036 autem
2924 2982 3011 3035 illa
3060 2984 3333 3040 humilitas
3378 2989 3788 3058 condemnatur,

2205 3081 2324 3135 qum
2354 3083 2461 3121 non
2508 3084 2576 3123 ex
2624 3069 2751 3136 ﬁde,
2800 3071 2893 3126 sed
2922 3088 2989 3127 ex
3029 3074 3233 3141 ignavia
3262 3078 3454 3131 mentis
3483 3078 3791 3136 hotninibus

524 3144 840 3214 sibilemque
862 3154 1127 3211 naturam,
1157 3156 1366 3217 propter
1393 3164 1485 3201 nos
1508 3155 1685 3202 tamen
1709 3187 1725 3213 ν
1759 3156 1816 3201 ιιι
1843 3148 2101 3215 scriptum
2130 3153 2175 3215 C
2206 3158 2508 3224 adducitur,
2559 3171 2614 3216 et
2654 3163 2937 3219 humanam
2982 3169 3208 3236 gratiam
3248 3171 3416 3239 magis
3444 3187 3603 3240 quam
3633 3185 3788 3231 suam

524 3240 644 3297 est,
678 3241 942 3302 peccatum
983 3235 1053 3304 (c)
1099 3236 1299 3303 factus,
1342 3235 1391 3289 id
1418 3243 1533 3299 est,
1564 3246 1903 3305 peccatoretn
1925 3250 2106 3291 susce-

524 3329 673 3388 ptum
704 3321 757 3373 in
786 3319 956 3374 forma
984 3321 1124 3375 servi
1153 3334 1366 3389 gerens.
1405 3322 1602 3376 Factus
1630 3326 1763 3377 enim
1792 3332 1867 3377 est
1890 3342 1983 3395 pro
2012 3341 2106 3378 no—

484 3416 489 3419 ‘
519 3409 601 3462 bis
627 3409 977 3473 maledictum,
1007 3419 1063 3463 ut
1089 3428 1181 3465 nos
1203 3413 1476 3467 maledicto
1496 3412 1623 3484 legis
1643 3414 1921 3468 absolveret
1942 3424 2011 3468 In:
2041 3417 2107 3469 de

524 3507 733 3569 peccato
762 3500 1026 3555 damnavit
1053 3511 1317 3573 peccatum
1347 3513 1397 3572 ο,
1438 3504 1491 3559 id
1532 3513 1614 3560 est
1636 3546 1651 3571 ,
1698 3507 1905 3575 peccati
1933 3516 2103 3563 mate-

524 3589 689 3656 riam,
730 3606 850 3661 quae
878 3591 1053 3647 adhuc
1082 3592 1134 3646 in
1165 3593 1253 3646 illa
1283 3594 1410 3648 Adm
1436 3610 1597 3651 carne
1622 3596 1865 3665 vivebat,
1893 3599 1945 3652 in
1970 3598 2106 3668 ipsa,

521 3697 683 3755 quam
726 3684 998 3754 suscipere
1037 3684 1285 3753 dignatus
1325 3694 1430 3755 est,
1471 3687 1598 3742 Adae
1634 3704 1795 3744 carne
1822 3691 2104 3757 vaeuavit;

524 3776 633 3847 62
656 3790 721 3831 ac
749 3776 827 3831 sic
855 3777 1117 3845 parietem
1147 3777 1309 3843 valli,
1341 3778 1445 3834 hoc
1472 3788 1590 3845 est,
1622 3789 1921 3851 peccatum,
1965 3781 2109 3849 quod

523 3867 668 3921 inter
698 3882 796 3923 nos
825 3876 879 3922 et
907 3867 1075 3922 Deum
1092 3870 1394 3939 separabat,
1421 3871 1723 3935 destruens,
1747 3875 1870 3944 fecit
1895 3883 2109 3945 utraque

528 3972 691 4010 unum
717 3965 775 4023 °;
806 3973 912 4012 non
963 3960 1139 4013 solum
1186 3967 1245 4012 ut
1285 3959 1590 4016 Judteorum
1621 3971 1677 4019 et
1714 3967 1950 4032 gentium
1980 3962 2111 4021 ﬁdes

526 4048 580 4105 in
608 4046 824 4103 Christo
860 4049 1059 4113 coiret,
1105 4050 1199 4102 sed
1228 4057 1287 4103 ut
1315 4050 1368 4103 in
1399 4066 1723 4121 unoquoque
1750 4064 1990 4109 nostrum
2018 4058 2109 4125 qui

526 4137 870 4191 crederemus
894 4175 909 4201 ,
953 4141 1142 4191 natura
1170 4138 1273 4192 sibi
1320 4148 1501 4194 nostra
1547 4153 1899 4210 congrueret;
1933 4154 1987 4200 et
2009 4146 2112 4201 dis-

525 4226 707 4280 cordia
746 4242 865 4294 quae
901 4228 1052 4295 prius
1082 4229 1398 4283 versabatur
1424 4231 1478 4284 in
1513 4232 1685 4297 nobis,
1728 4248 1850 4289 cum
1883 4238 2108 4306 spiritali

527 4315 743 4370 aﬁectui
771 4318 1002 4371 carnalis
1030 4318 1205 4371 anima
1230 4329 1577 4389 repugnaret,
1619 4337 1753 4391 pace
1781 4325 1900 4380 ﬁdei
1930 4327 2109 4381 solve-

411 4409 424 4421 ‘
480 4414 485 4417 ‘
526 4414 692 4460 retur.
733 4406 883 4461 Nunc
927 4408 1068 4462 enim
1121 4408 1317 4463 bellum
1348 4411 1476 4465 illud
1522 4413 1797 4480 antiquum
1822 4458 1837 4482 ,
1878 4432 1985 4485 quo
2022 4417 2109 4471 lex

2206 3248 2432 3303 salutem
2464 3260 2643 3314 curat;
2693 3253 2958 3309 mendacii
3002 3255 3237 3325 famula,
3283 3261 3789 3330 veritatisiuimica,

2207 3337 2468 3394 libertatis
2488 3358 2698 3412 expers,
2730 3343 2999 3412 iniquitati
3027 3348 3283 3417 obnoxia,
3301 3352 3532 3407 miscens
3560 3354 3625 3425 (f)
3648 3369 3789 3423 aqua

2206 3427 2389 3482 vinum
2418 3439 2477 3498 ιι,
2510 3432 2559 3485 id
2589 3442 2698 3500 est,
2748 3437 2990 3492 veritatis
3038 3454 3243 3493 merum
3267 3442 3341 3512 (g)
3373 3457 3575 3511 aquoso
3602 3445 3793 3499 adula-

2208 3518 2369 3574 tionis
2397 3536 2678 3577 enervans.
2735 3524 2791 3578 In
2825 3526 3129 3594 hujusmodi
3158 3530 3511 3586 humilitatem
3541 3535 3794 3603 speciali-

2207 3615 2292 3663 ter
2334 3612 2464 3665 mihi
2512 3614 2719 3669 videtur
2765 3633 2866 3670 vox
2909 3619 2995 3672 illa
3036 3622 3319 3687 contendi,
3347 3640 3465 3694 qum
3488 3625 3791 3687 denuntiat.

2208 3716 2283 3754 rte
2303 3701 2582 3758 dicentibus
2608 3706 2682 3775 (It)
2700 3707 2836 3761 malo
2857 3710 2960 3778 63
2975 3709 3180 3776 bonum,
3205 3723 3254 3768 et
3275 3715 3419 3768 dulce
3440 3719 3633 3771 amaris
3653 3727 3705 3783 ν,
3739 3726 3801 3772 et
3854 3762 3857 3763 ν

2209 3792 2418 3861 injustis
2442 3795 2704 3864 justitiam
2734 3801 3180 3869 praedicantibus:
3212 3822 3349 3875 quos
3393 3815 3451 3862 et
3496 3822 3593 3878 per
3635 3808 3795 3866 Salo-

2209 3899 2445 3953 monem,
2474 3887 2611 3941 sicut
2633 3891 2794 3954 nosti,
2826 3892 3022 3946 veritas
3049 3906 3379 3950 exsecratur.

2280 3974 2334 4028 8.
2376 3974 2520 4031 Bene
2549 3986 2730 4033 autem
2757 3997 2857 4034 nos
2881 3982 3028 4038 brevi
3057 3986 3285 4054 psalmo,
3312 3987 3404 4041 sed
3432 3979 3595 4057 pleno
3624 3991 3793 4058 ηιθεί-

2209 4065 2395 4130 sterio,
2428 4066 2619 4122 beatus
2657 4067 2938 4126 Psalmista
2968 4074 3267 4129 conformat
3296 4077 3364 4130 ad
3408 4080 3575 4132 nostri
3603 4080 3795 4135 mode-

2208 4157 2429 4211 raminis
2454 4166 2934 4228 temperamentum
2954 4204 2968 4227 ,
3004 4178 3122 4217 cum
3151 4167 3398 4234 precibus
3424 4169 3535 4223 suis
3563 4179 3795 4237 prtcten~

2210 4245 2287 4299 dit
2325 4248 2574 4302 meritum
2621 4250 2936 4306 humilitatis
2963 4262 3010 4307 κ.
3044 4254 3225 4309 dicens
3260 4274 3272 4309 :
3310 4255 3557 4325 Domine,
3586 4276 3686 4313 nou
3718 4270 3795 4314 est

2210 4336 2494 4391 exaltatum
2524 4355 2611 4393 cor
2639 4357 2835 4403 meum,
2880 4359 3040 4411 neque
3066 4344 3190 4399 elati
3219 4356 3338 4398 sunt
3360 4347 3493 4399 oculi
3524 4349 3641 4401 mei.
3675 4347 3799 4402 Ne-t

2212 4442 2307 4494 que
2347 4427 2603 4497 ambulavi
2630 4432 2683 4483 in
2714 4434 2950 4503 magnis,
3002 4450 3160 4504 neque
3198 4436 3251 4487 in
3290 4436 3608 4491 mirabilibus
3637 4456 3796 4509 super

523 4497 733 4567 peccati
777 4501 1109 4568 repugnabat
1154 4500 1254 4570 lcgi
1288 4501 1421 4567 Dei,
1468 4502 1713 4557 aboletur
1741 4504 1794 4559 in
1814 4504 2029 4563 Christo
2060 4521 2107 4577 ι),
2141 4505 2187 4564 D
2216 4533 2294 4569 me
2316 4527 2363 4571 ι’.
2407 4516 2473 4571 Ει
2502 4520 2693 4576 deinde
2721 4497 2819 4592 qui
2840 4538 2898 4577 se
2926 4497 2987 4593 (ι)
3018 4497 3117 4593 pro
3146 4526 3323 4580 cordis
3371 4527 3674 4583 humilitate
3700 4497 3796 4584 're.

594 4642 624 4725 ἒ
661 4631 801 4703 Epit.
852 4649 926 4725 ll‘,
963 4632 1099 4725 1?.”
1129 4632 1156 4671 ι’
1188 4602 1403 4725 περς.
1442 4651 1571 4725 ιζιιιίζ
1617 4632 1703 4689 14.
1879 4636 2003 4725 (lor.
2053 4657 2106 4705 ι,

2233 4684 2247 4697 .
2282 4712 2295 4725 ¹
2325 4643 2521 4725 ἀκΡξειι.
2570 4666 2623 4712 ιι,
2831 4662 2857 4725 ,ο
2875 4651 3077 4725 illeilli.
3099 4669 3173 4719 ιι,
3203 4651 3301 4725 εὶῼέ
3375 4653 3618 4725 τηΡὴὶΙίρ.
3649 4674 3705 4722 ιι,
3738 4658 3774 4710 5

524 4710 553 4747 ε
584 4701 743 4755 Rom.
775 4720 847 4770 vl,
878 4702 941 4765 4;
1000 4702 1020 4755 1
1061 4702 1186 4757 Cor.
1221 4720 1290 4767 vr,
1326 4703 1426 4762 M;
1460 4704 1504 4757 11
1533 4702 1661 4758 Cor.
1685 4721 1738 4769 v,
1773 4706 1867 4771 15;
1895 4708 2010 4762 Col.
2047 4701 2119 4771 nt,
2154 4714 2204 4766 1.

1222 4790 1287 4826 m.
1322 4790 1357 4837 ι,
1392 4773 1477 4825 14.
1563 4773 1579 4811 ι
1614 4773 1958 4838 Rom.vnt,5.
2037 4790 2072 4815 ιι·
2104 4799 2106 4818 ι

1222 4842 1309 4865 Ἶη..
1359 4860 1410 4865 -..
1460 4843 1565 4865 οη-
1598 4842 1713 4865 ΠΙ-ΣΙ
1761 4861 1813 4865 ---
1859 4847 1917 4865 ιη
2018 4857 2037 4865 .-
2072 4849 2106 4865 ιη

2217 4825 2220 4835 .
2256 4800 2332 4851 ιιι,
2504 4798 2528 4823 ιι
2556 4773 2825 4865 Romani,
2858 4773 3013 4865 ὄιν-ωδ
3044 4773 3379 4865 Ερὓξῖιιξη.

693 4839 866 4929 :lnCol:_
892 4839 1049 4929 l'll,.5.
1076 4928 1087 4929 ί
1107 4842 1334 4929 "lnCur:
1359 4860 1431 4929 1.x,
1456 4843 1525 4924 27
1552 4860 1565 4908 ;
1760 4847 1984 4929 ιιι-15...
2018 4857 2038 4883 ³
2072 4839 2332 4929 Deu_t._vt,
2359 4839 2443 4929 1'31,
2472 4866 2525 4910 et
2554 4839 2707 4925 ὲζὲὸ
2728 4839 2957 4925 é-ll'i‘atth.
2991 4839 3424 4929 iv,

529 4772 542 4818 i
584 4771 742 4824 Rom.
765 4788 876 4834 vni,
905 4770 960 4827 5.

1039 4772 1062 4809 ¹ί
1095 4772 1287 4826 Johan.
1322 4790 1357 4837 ι,
1392 4773 1477 4825 14.

523 4838 614 4892 21.

2282 4712 2309 4751 h
2342 4715 2621 4793 Ephesii,
2658 4720 2739 4771 M.
2824 4720 3014 4793 ipPsal.
3051 4712 3210 4793 ωινιι,
3247 4721 3339 4783 19;
3399 4712 3594 4793 Εριιρέ.
3628 4712 3704 4793 tv,
3734 4712 3793 4784 8.

476 4930 477 4933 η
523 4924 635 4975 vm,
677 4908 764 4962 ΞΟ.
843 4919 869 4946 ιι
897 4910 1021 4975 lsai,
1074 4928 1111 4979 ι,
1145 4912 1231 4964 Ἡ.
1312 4924 1334 4950 ν
1368 4913 1489 4967 lsai.
1521 4930 1571 4981 v,
1622 4913 1710 4968 20.
1790 4908 2008 4973 *Eccli.
2042 4936 2106 4974 χι]

2217 4922 2265 4977 5.
2314 4908 2370 4994 ’,γ
2405 4908 2742 4997 ιίδέιίῘέχίχὲεζ
2772 4908 2823 4981 i.

599 5047 690 5129 (α).
716 5048 866 5129 lla‘nc
893 5064 1081 5103 vocem
1106 5049 1405 5103 addidimus
1424 5065 1491 5103 ex
1512 5065 1641 5104 mss.
1666 5049 1837 5104 Vatic.
1870 5058 1923 5105 et
1946 5051 2104 5106 Vien.

522 5125 581 5173 et
609 5119 737 5171 edit.
765 5118 915 5172 Grin.
1522 5140 1523 5143 η

527 5253 548 5256 _
597 5187 672 5256 (bi
712 5188 802 5242 Sic
841 5203 939 5241 ms.
990 5187 1297 5241 Vaticanus.
1338 5188 1553 5253 Ceteri,
1585 5190 1737 5242 corde
1778 5189 2101 5243 humilitatis.

523 5253 713 5312 Lectio
741 5272 901 5325 quam
931 5257 1258 5311 restituimus
1298 5274 1362 5311 ex
1405 5275 1507 5313 tus.
1545 5258 1818 5324 Vaticano,
1852 5262 2016 5312 semel
2047 5269 2102 5313 et

524 5327 719 5382 iterum
741 5325 1086 5381 conﬁrmatur
1107 5344 1159 5379 ιι.
1197 5328 1249 5379 8.

602 5399 675 5466 (c)
715 5396 790 5449 ita
817 5396 943 5449 edit.
988 5398 1169 5449 Schol.
1215 5406 1268 5450 et
1310 5396 1591 5461 Sacchin.;
1624 5397 1714 5452 alii
1749 5396 1982 5462 codices,
2011 5402 2094 5521 ga-

564 5467 688 5521 iens.
737 5465 836 5520 ilic
864 5468 1107 5519 restituta
1137 5467 1297 5520 lectio
1341 5466 1688 5521 continuatur
1726 5484 1791 5521 ex
1822 5470 1977 5521 epist.
2049 5471 2094 5521 7.

525 5467 688 5573 άενᾶε.
737 5465 836 5539 ilic
864 5468 1107 5519 restituta
1137 5467 1297 5520 lectio
1341 5466 1688 5521 continuatur
1726 5484 1791 5521 ex
1822 5470 1977 5536 epist.
2011 5465 2100 5533 57,

528 5551 562 5573 η

522 5551 679 5675 Π’(Σέ)
715 5606 879 5659 Abest
906 5606 996 5658 sed
1024 5621 1051 5657 a
1077 5621 1172 5659 ms.
1201 5605 1330 5672 Reg.
1363 5612 1418 5657 et
1443 5604 1597 5675 editis
1627 5603 1678 5658 4.

598 5676 695 5734 (ε)
734 5678 821 5730 Sic
850 5693 944 5729 tus.
978 5676 1262 5731 Vaticanus
1290 5676 1483 5730 codex.
1514 5674 1570 5729 in
1594 5675 1733 5738 aliis.
1765 5675 1846 5730 At.

2285 5057 2362 5128 (ι’)
2404 5058 2525 5137 Mss.
2546 5060 2706 5137 _Vien.
2742 5060 2897 5128 Reg,
2931 5080 3113 5133 aquam
3145 5065 3281 5118 riuo.
3313 5063 3512 5131 Latin.,
3544 5082 3691 5137 aqua
3717 5069 3795 5120 :‘i-

2210 5143 2332 5180 nam
2359 5130 2693 5182 adulationis.

2282 5218 2357 5294 (g)
2394 5218 2471 5294 ita
2506 5234 2602 5294 ms.
2632 5219 2880 5294 vati_c._et
2914 5220 3038 5294 edit.
3075 5223 3239 5279 Rosv.
3273 5224 3339 5278 At
3364 5242 3467 5281 ms.
3503 5225 3635 5294 Reg.
3664 5244 3795 5282 cum

2203 5286 2359 5341 editis
2381 5288 2431 5352 4,
2464 5290 2608 5358 aquis
2636 5289 2966 5342 adulationis.

2278 5379 2355 5447 (lt)
2396 5379 2484 5432 Sic
2532 5394 2657 5432 mss.
2694 5378 2823 5445 Reg.
2871 5389 2923 5434 et
2965 5381 3116 5435 Victi.
3147 5399 3266 5437 cum
3308 5384 3466 5441 editis
3496 5386 3549 5440 4.
3582 5388 3650 5439 At
3684 5404 3791 5440 tus.

2207 5447 2378 5521 γει-Ψ.
2413 5448 2801 5521 (ιι-(ξιῑίιηϐιειιι.
2838 5452 3135 5521 [ςινριιιίίιιιδ
3180 5454 3401 5521 Vulgata
3445 5468 3497 5511 ct
3538 5458 3793 5509 \ersiouc

2208 5516 2369 5597 lilix,
2391 5519 2581 5597 malum
2613 5517 2819 5597 bonum,
2843 5520 2989 5572 dulce
3015 5516 3339 5591 amarumfet
3365 5528 3669 5597 iujustitiam
3689 5527 3794 5595 ju.

2205 5588 2398 5638 stitiam
2419 5587 2835 5655 prmdicantibus.

2278 5674 2362 5739 (i)
2399 5675 2476 5729 ita
2508 5690 2607 5729 ms.
2644 5675 2858 5741 Regius.
2889 5674 3065 5744 Ceteri
3098 5676 3286 5746 codd.,
3314 5698 3443 5745 pra‘.
