3966 6184
243 328 349 383 205

1660 316 1987 375 EPISTULA
2026 317 2131 372 XII.

3414 325 3517 381 206

245 443 376 513 spici
402 441 819 509 depoposcerat,
844 435 1006 491 dicit:
1037 434 1096 489 Si
1119 449 1220 487 non
1242 433 1498 485 humiliter
1526 430 1826 492 sentiebam,
1858 433 1903 489 Α
1922 427 2267 497 .perabundat
2311 427 2651 485 abundantia:
2687 439 3031 500 peccatorum
3079 446 3384 496 nostrorum
3405 483 3420 508 ,
3462 453 3520 499 et

248 534 336 588 sed
357 531 586 587 exaltari
616 530 851 583 animam
878 542 1083 581 meam:
1128 524 1277 579 Sicut
1303 523 1611 576 ablactatum
1649 520 1725 592 (a)
1754 536 1840 573 su-

246 646 335 698 per
356 637 577 680 matrem
594 640 766 689 suam,
788 622 865 674 ita
891 619 967 691 (b)
998 618 1244 672 retribues
1268 619 1323 671 in
1345 617 1571 669 animam
1599 628 1765 666 meam
1790 620 1839 663 ⁸.

249 718 372 771 Ideo
399 714 817 783 retributionem
850 709 1103 780 postulat,
1128 708 1251 777 quia
1281 721 1389 760 non
1419 704 1690 759 humiliter
1718 716 1843 755 sen-

247 808 396 871 serit,
422 805 519 862 sed
550 805 786 857 animam
815 816 967 855 suam
995 797 1331 853 exaltavcrit.
1370 794 1558 849 Nonne
1578 791 1843 846 videbitur

247 895 561 951 discordare
589 893 689 945 sibi
720 890 1004 960 Prophetze
1030 888 1317 952 sententia,
1348 885 1448 939 nisi
1479 885 1552 938 ita
1587 883 1703 936 haec
1731 881 1845 935 dis—

247 999 535 1041 cernamus
562 982 863 1045 intellectu,
894 980 1029 1033 sicut
1057 978 1111 1031 in
1151 977 1319 1045 ipsius
1357 975 1547 1044 spiritu
1574 980 1631 1028 et
1656 970 1842 1037 corde,

251 1076 325 1128 ita
358 1081 415 1127 ut
444 1074 550 1127 sibi
579 1077 971 1139 congruerent,
1004 1067 1153 1122 fuere
1179 1066 1465 1121 distincta?
1504 1062 1845 1118 Convenien-

253 1175 336 1219 tcr
363 1164 511 1218 enim
541 1172 598 1216 et
626 1161 903 1215 humiliter
942 1160 1141 1213 dictum
1180 1167 1263 1212 est
1299 1157 1492 1211 timore
1521 1155 1723 1219 divino,
1753 1153 1845 1222 qui

252 1256 570 1323 sacriﬁcium
605 1253 731 1315 Deo,
756 1259 815 1304 ut
842 1250 954 1319 ip’se
985 1256 1228 1311 testatur,
1257 1247 1495 1317 spiritum
1520 1242 1843 1297 contribula—

254 1358 359 1399 tum
398 1355 451 1398 et
491 1361 584 1398 cor
612 1344 939 1396 humiliatum
966 1339 993 1380 δ
1024 1339 1301 1395 offerebat.
1352 1338 1508 1393 Salva
1536 1344 1715 1389 tamen
1744 1336 1847 1390 hu-

256 1438 483 1491 militate
526 1435 726 1497 cordis,
777 1434 917 1487 idem
962 1431 1237 1486 exaltabat
1274 1431 1507 1484 animam
1550 1442 1701 1483 suam
1735 1441 1844 1481 non

255 1527 533 1581 humiliter
562 1526 802 1583 sentiens
828 1541 840 1575 :
872 1523 996 1593 quia
1027 1538 1134 1577 non
1177 1529 1390 1576 terrena
1433 1520 1647 1589 sapiens
1672 1559 1688 1586 ,
1733 1518 1845 1573 Deo

258 1626 498 1672 mentem
529 1616 770 1670 habebat
793 1615 1027 1678 aflixam,
1060 1613 1274 1667 unicum
1302 1612 1488 1666 bonum
1514 1610 1714 1664 ducens
1732 1607 1843 1663 Deo

258 1707 545 1767 adhaerere,
591 1714 645 1759 et
690 1720 881 1774 ponere
924 1704 979 1756 in
1018 1702 1126 1755 Deo
1171 1718 1313 1772 spem
1350 1716 1497 1753 suam
1528 1709 1572 1751 ε.
1606 1695 1761 1752 Unde
1789 1705 1846 1751 et

1942 517 2113 571 salvos
2126 518 2259 588 facit
2285 529 2549 589 sperantes
2581 522 2635 574 in
2666 538 2720 575 se
2751 520 2797 575 ⁸.
2839 523 2996 593 Apud
3035 541 3195 596 quem
3224 531 3515 598 credimus,

1941 607 2067 674 quia
2096 615 2152 661 et
2178 609 2483 664 orationum
2512 620 2721 666 tuarum
2750 627 2850 681 pro
2887 615 3045 670 nobis
3091 627 3317 686 agantur
3356 637 3517 678 excu-

1943 698 2062 753 biae.
2103 697 2315 755 Scimus
2356 701 2499 755 enim
2542 703 2667 770 quia
2705 718 2736 757 a
2766 706 2996 773 pueritia
3025 707 3126 777 ipsi
3157 708 3228 780 (f)
3259 710 3519 778 militans,

1944 800 1999 845 et
2026 793 2192 848 sacris
2231 793 2421 849 litteris
2447 796 2738 859 enutritus,
2772 798 2917 851 nulla
2955 802 3381 857 conversationis
3409 811 3515 859 ter-

1916 897 2087 936 rena:
2114 891 2171 937 et
2196 884 2272 953 (g)
2297 899 2506 939 carnea:
2553 885 2671 940 labe
2700 887 2933 955 pollutus
2954 926 2971 952 ,
3016 889 3264 945 invenisti
3294 893 3522 959 gratiam

1944 974 1998 1027 in
2027 982 2315 1042 conspectu
2363 975 2620 1030 Altissimi
2644 1015 2658 1039 ,
2709 985 2764 1031 et
2788 993 2886 1047 pro
2922 980 3076 1035 nobis
3104 980 3170 1035 de
3205 983 3339 1037 silva
3366 984 3525 1053 hujus

1944 1065 2109 1119 seculi
2140 1066 2205 1120 ad
2226 1079 2439 1134 gregem
2468 1068 2555 1122 vel
2583 1068 2649 1123 ad
2686 1082 2903 1124 currum
2933 1071 3143 1127 Domini
3163 1088 3286 1130 sero
3330 1077 3523 1147 captis,

1944 1158 2200 1227 quoniam
2247 1160 2601 1230 multiplicata:
2643 1171 2765 1216 sunt
2811 1163 3107 1233 iniquitates
3150 1175 3345 1221 nostra:
3370 1183 3523 1237 super

1944 1248 2163 1318 capillos
2196 1250 2383 1318 rapitis
2410 1250 2574 1304 nostri
2624 1248 2667 1315 ι,
2716 1259 2771 1305 et
2819 1252 3019 1319 indigni
3062 1268 3266 1323 sumus,
3293 1270 3522 1325 quorum

1946 1339 2163 1393 nomina
2202 1339 2398 1395 divinis
2435 1341 2657 1398 auribus
2683 1342 3015 1411 ingerantur,
3039 1359 3108 1400 ne
3137 1343 3274 1401 forte
3299 1354 3355 1401 et
3383 1347 3523 1402 labia

1947 1437 2037 1483 tua
2073 1429 2352 1485 immunda
2394 1430 2525 1485 ﬁant
2565 1448 2688 1487 cum
2731 1440 2832 1488 nos
2856 1435 3220 1490 nominaveris
3248 1444 3311 1503 ω,
3342 1444 3398 1492 et
3426 1452 3524 1493 ne-

1944 1536 2097 1576 cesse
2125 1522 2193 1577 sit
2221 1537 2282 1577 os
2312 1530 2461 1577 tuum
2490 1524 2649 1591 igneo
2676 1526 2911 1581 carbone
2948 1528 3233 1597 perstringi
3279 1529 3382 1597 (An
3408 1546 3527 1601 per-

1947 1612 2075 1681 tingi
2090 1612 2159 1682 ἲ),
2188 1620 2344 1682 potes
2369 1621 2550 1670 tamen
2595 1616 2681 1671 vel
2733 1617 3035 1672 humilitate
3068 1618 3154 1674 vel
3178 1616 3369 1675 ﬁducia
3389 1622 3527 1675 vatis

1945 1704 2149 1772 antiqui
2177 1704 2356 1759 dicere
2382 1723 2394 1757 :
2433 1704 2679 1771 Domine,
2721 1707 2921 1761 dimitte
2942 1708 3046 1762 illis
3071 1747 3087 1775 ,
3119 1718 3207 1763 aut
3226 1710 3339 1764 dele
3363 1727 3445 1769 me
3463 1711 3529 1764 de

260 1796 573 1867 Apostolus,
604 1796 695 1865 qui
726 1810 825 1849 nos
854 1794 1209 1848 humilitatem
1249 1791 1410 1847 docet
1441 1792 1538 1862 (c),
1573 1797 1634 1843 ut
1654 1803 1718 1843 ea
1740 1803 1839 1857 μοι
1867 1792 1914 1853 Β
1940 1794 2071 1850 libro
2099 1805 2183 1849 tuo
2204 1805 2252 1851 η.
2295 1795 2447 1862 Quod
2487 1797 2577 1853 ille
2603 1798 2766 1852 divini
2796 1796 3049 1868 colloquii
3079 1801 3367 1870 particeps,
3418 1816 3528 1855 non

259 1888 522 1942 tissimum
572 1887 873 1939 imitatores
921 1883 1119 1938 Christi
1172 1896 1292 1937 esse
1335 1880 1682 1937 studeamus:
1732 1877 1847 1932 Hoc

260 1979 415 2042 enim,
447 1976 644 2045 inquit,
670 1977 862 2034 milite
896 1976 949 2028 in
982 1973 1141 2040 vobis,
1170 1971 1305 2043 quod
1332 1982 1381 2025 et
1417 1972 1473 2025 in
1514 1968 1738 2033 Christo,
1763 1970 1849 2040 qui

261 2084 364 2121 non
392 2068 637 2135 rapinam
665 2064 952 2117 arbitratus
986 2071 1063 2116 est
1089 2079 1198 2116 esse
1233 2078 1287 2115 se
1313 2061 1562 2131 wqualem
1589 2060 1698 2113 Deo
1715 2099 1730 2125 ,
1759 2059 1849 2112 sed

262 2158 549 2210 erinaniuit
571 2172 627 2209 se
646 2194 662 2219 ,
712 2157 937 2225 formam
960 2154 1086 2207 servi
1128 2152 1386 2221 accipiens
1411 2148 1471 2215 d;
1504 2149 1646 2204 idem
1671 2158 1851 2203 tamen

262 2246 329 2301 ad
353 2244 700 2300 exaltandam
729 2243 960 2297 animam
991 2242 1042 2295 in
1070 2255 1300 2311 superna
1330 2248 1386 2295 et
1406 2239 1582 2293 divina
1604 2254 1702 2292 nos
1722 2252 1851 2307 pro-

264 2346 441 2400 vocat,
475 2352 601 2393 cum
627 2336 760 2391 dicit
783 2353 795 2387 :
830 2332 959 2399 Qua:
979 2350 1181 2388 sursum
1205 2334 1570 2403 suntquatrite,
1595 2330 1681 2384 ubi
1702 2330 1852 2384 Chri-

265 2442 371 2486 stus
390 2438 470 2485 est
490 2431 547 2483 in
579 2429 793 2482 dextera
819 2436 870 2480 et
893 2428 1062 2497 gloria
1088 2425 1184 2479 Dei
1218 2425 1391 2478 Patris
1419 2434 1465 2477 ο.

336 2542 389 2596 9.
429 2541 799 2608 Quamobrem
849 2547 1093 2593 tenentes
1139 2538 1278 2592 hanc
1322 2545 1379 2592 et
1434 2534 1751 2591 humilitatis
1801 2544 1857 2589 et

267 2632 614 2690 exaltationis
637 2630 899 2699 regulam,
932 2637 1215 2698 utrumque
1235 2629 1342 2683 hoc
1370 2627 1535 2698 (quod
1558 2627 1611 2681 in
1640 2640 1860 2696 perver-

240 2727 448 2789 sitate,
481 2738 649 2793 quam
690 2736 854 2791 supra
893 2721 1043 2787 dixi,
1093 2728 1375 2791 peccatum
1416 2720 1609 2784 habet;
1638 2719 1692 2772 in
1712 2717 1858 2774 dire-

270 2819 451 2872 ctione
470 2857 485 2883 ,
512 2829 623 2884 qua
654 2816 675 2845 ⁸
697 2813 972 2877 docemur,
1003 2812 1227 2880 gratiam
1259 2809 1486 2882 obtinet)
1515 2810 1626 2865 suis
1653 2809 1858 2865 ordini-

271 2909 371 2962 bus
413 2905 793 2975 mensurisque
838 2914 1117 2957 teneamus
1161 2903 1397 2973 pietate,
1440 2910 1495 2956 et
1520 2901 1862 2957 humiliautes

272 3012 367 3052 cor
403 2997 542 3064 Deo,
592 3005 649 3051 et
694 2995 998 3050 exaltantcs
1043 2994 1277 3049 animam
1306 2992 1373 3047 ad
1398 2992 1681 3046 Dominum
1711 2992 1731 3022 ⁶
1759 3006 1860 3046 no-

272 3099 461 3153 strum,
495 3087 634 3141 nihil
678 3086 775 3142 nisi
819 3085 968 3140 illum
1008 3084 1291 3140 timeamus
1314 3126 1329 3151 ,
1361 3084 1491 3138 nihil
1522 3098 1685 3154 supra
1714 3083 1860 3137 illum

275 3179 579 3246 diligamus.
626 3175 766 3245 Jugo
807 3184 1019 3229 tantum
1061 3175 1228 3244 ipsius
1272 3175 1415 3243 quod
1464 3183 1549 3229 est
1591 3189 1782 3238 suave,
1808 3182 1864 3228 et

275 3270 428 3325 oneri
454 3270 600 3323 illius
628 3266 774 3338 quod
801 3276 886 3322 est
919 3268 1066 3332 leve,
1098 3267 1236 3322 colla
1280 3267 1568 3321 subdamus
1600 3264 1619 3303 τ
1638 3282 1652 3331 ;
1685 3273 1744 3319 ut
1770 3281 1863 3320 su-

275 3375 375 3429 pra
400 3374 566 3414 omne
588 3358 871 3428 potestatis
899 3357 1126 3412 inimica:
1143 3356 1328 3426 jugum
1351 3356 1523 3421 liberi,
1552 3356 1603 3409 in
1626 3355 1865 3410 cmlestia

196 3461 220 3477 ί
276 3451 665 3506 subvehamur.
717 3449 849 3503 Nam
896 3457 952 3504 et
987 3450 1057 3504 ob
1104 3450 1207 3504 hoc
1246 3447 1457 3502 Domini
1486 3448 1656 3503 nostri
1678 3446 1865 3516 jugum

279 3556 465 3605 suave,
495 3549 555 3594 et
583 3555 721 3594 onus
749 3540 865 3594 leve
893 3547 976 3593 est
998 3577 1013 3603 ,
1060 3539 1185 3608 quia
1206 3554 1237 3593 e
1266 3539 1492 3593 terrenis
1521 3553 1619 3592 nos
1647 3546 1702 3591 et
1730 3537 1866 3592 infe—

280 3633 355 3688 ris
377 3632 457 3702 (ἄ)
484 3632 682 3693 elevat,
697 3640 752 3685 et
773 3631 825 3685 in
850 3631 1060 3685 excelsa
1082 3631 1232 3699 regni
1261 3632 1368 3702 64
1389 3631 1622 3686 caelestis
1647 3630 1862 3684 attollit.

280 3722 497 3777 Levitas
545 3723 690 3776 enim
718 3721 893 3776 omnis
934 3722 1153 3790 altipeta
1175 3724 1193 3752 ’⁷
1224 3729 1327 3785 est,
1357 3730 1412 3777 et
1448 3736 1657 3778 sursum
1685 3736 1870 3777 versus

282 3815 469 3883 vigore
491 3815 804 3870 subtilitatis
832 3813 1069 3869 eﬂ'ertur.

353 3926 445 3980 10.
484 3926 622 3982 Huic
662 3934 843 3981 autem
871 3927 1054 3995 gratiae
1086 3927 1357 3983 contraria
1393 3929 1600 3998 peccati
1631 3928 1869 3998 pondera

278 4018 627 4087 deprimunt,
658 4026 714 4072 et
741 4018 796 4072 in
824 4017 1031 4073 inferna
1060 4018 1363 4083 deducunt;
1404 4034 1524 4088 qua:
1551 4021 1739 4089 quanti
1766 4021 1873 4074 sint

280 4111 488 4173 oneris,
534 4109 805 4179 Propheta
846 4118 1075 4165 testatur
1102 4128 1224 4167 cum
1254 4125 1475 4181 gemens
1502 4113 1735 4167 clamat:
1769 4112 1873 4168 Su-

281 4208 662 4269 perposuerunt
682 4200 981 4267 iniquitates
1009 4201 1078 4270 (ε)
1103 4218 1231 4257 mea:
1252 4212 1404 4273 caput
1425 4219 1623 4271 meum,
1662 4214 1713 4257 et
1744 4206 1875 4257 sicut

280 4306 416 4342 onus
441 4305 597 4357 grave
622 4297 852 4358 gravatae
887 4299 1008 4343 sunt
1044 4307 1198 4361 super
1233 4308 1316 4345 me
1339 4302 1385 4346 8.
1424 4292 1530 4347 Sed
1557 4294 1741 4361 gratia:
1768 4294 1877 4349 Do-

282 4381 441 4433 mino
468 4378 595 4434 Jesu
617 4379 730 4435 Deo
757 4389 964 4449 nostro,
994 4383 1085 4451 qui
1116 4392 1309 4453 potens
1332 4392 1416 4439 est
1442 4386 1663 4441 liberare
1692 4403 1784 4441 nos
1813 4387 1878 4442 de

1946 1886 2133 1940 salutis
2160 1902 2268 1941 suae
2297 1888 2572 1957 negligens
2593 1929 2608 1955 ,
2659 1904 2760 1945 nec
2801 1889 3039 1946 insolens
3082 1891 3309 1947 Domino
3331 1932 3348 1958 ,
3394 1908 3526 1961 pro-

1946 1976 2094 2031 fundi
2115 1984 2230 2031 arte
2250 1978 2460 2032 consilii
2489 1993 2649 2033 ausus
2675 1986 2758 2033 est
2784 1978 2998 2039 dicere;
3023 1987 3084 2033 ut
3109 1979 3363 2036 Domino“
3378 1981 3526 2050 justo

1950 2066 2189 2123 debitum
2238 2069 2513 2138 peceatori
2576 2069 2777 2139 popqu
2826 2069 3100 2124 interitum
3142 2071 3523 2132 comminanti,

1950 2158 2276 2214 oblationem
2305 2175 2414 2214 suae
2434 2160 2612 2229 potius
2640 2159 2945 2214 abolitionis
2972 2169 3308 2230 opponeret,
3337 2160 3529 2216 divina:

1950 2249 2199 2305 videlicet
2223 2250 2438 2319 pietatis
2459 2250 2783 2320 justitiaaque
2826 2265 3047 2306 securus
3069 2292 3086 2319 ,
3118 2259 3177 2304 ut
3204 2261 3450 2320 parceret
3475 2262 3531 2307 et

1953 2338 2165 2408 injustis
2193 2339 2558 2395 misericordia
2602 2339 2850 2406 Domini,
2896 2339 3022 2394 dmn
3053 2338 3256 2409 justum
3299 2356 3408 2396 non
3434 2356 3532 2411 po-

1956 2437 2060 2485 test
2086 2429 2266 2485 delere
2280 2428 2509 2498 justitia.

2028 2541 2115 2595 11.
2156 2541 2269 2597 Hac
2294 2550 2349 2597 et
2376 2557 2476 2612 pro
2503 2542 2660 2598 nobis
2695 2541 2977 2599 Dominum
3007 2544 3324 2601 altissimum
3349 2547 3533 2602 condi-

1958 2633 2106 2688 tione
2148 2633 2456 2701 constringe
2478 2671 2493 2697 ,
2535 2640 2596 2687 ut
2636 2632 2762 2688 dum
2790 2633 3029 2690 eximere
3056 2643 3110 2689 te
3137 2635 3275 2691 libro
3299 2651 3399 2691 suo
3425 2652 3534 2690 non

1957 2732 2158 2794 potest,
2189 2738 2288 2793 per
2313 2721 2737 2792 obtentumjusti
2763 2725 2844 2777 sui
2872 2724 3098 2793 recipiat
3126 2723 3371 2792 injustas.
3403 2725 3535 2779 Nam

1961 2815 2086 2883 quia
2107 2814 2277 2883 major
2301 2822 2397 2876 est,
2429 2829 2516 2881 qui
2539 2814 2591 2865 in
2621 2814 2765 2867 nobis
2786 2823 2881 2877 est,
2912 2830 3065 2883 quam
3091 2815 3177 2883 qui
3202 2815 3255 2867 in
3277 2814 3371 2869 hoc
3397 2831 3537 2868 mun-

1930 2970 1933 2973 _
1963 2905 2029 2957 do
2058 2914 2121 2967 υς
2154 2903 2274 2958 ideo
2305 2901 2495 2958 fortior
2522 2909 2605 2957 est
2635 2900 2843 2969 justitia
2889 2917 2989 2970 pro
3030 2902 3404 2971 peccatoribus
3445 2902 3537 2957 des

1964 2993 2241 3050 fendendis
2263 3034 2277 3058 ,
2307 3006 2467 3061 Quam
2504 2991 2756 3058 iniquitas
2784 2991 3037 3045 adversus
3075 2990 3371 3059 patrocinia
3400 2989 3539 3044 San-

1965 3093 2197 3139 ctorum.
2238 3081 2442 3136 Vellem
2465 3088 2726 3149 quantum
2753 3079 2807 3134 in
2836 3093 2922 3133 me
2943 3086 3026 3133 est
3055 3078 3229 3134 adhuc
3247 3094 3542 3149 prorogare

1966 3180 1986 3210 ο
2013 3188 2340 3238 sermonem,
2387 3172 2490 3227 nisi
2519 3180 2575 3227 et
2601 3171 2787 3226 charta
2816 3169 3101 3235 deﬁciens,
3133 3177 3189 3226 et
3215 3179 3391 3226 metus
3417 3170 3543 3228 fati-

1965 3267 2195 3336 gationis
2222 3273 2327 3320 tua:
2355 3272 2573 3333 cogeret
2599 3262 2777 3318 verbis
2804 3261 3021 3317 modum
3042 3261 3171 3331 poni
3196 3299 3211 3326 ,
3251 3270 3306 3316 et
3344 3263 3543 3332 episto-

1967 3359 2070 3412 lam
2113 3344 2408 3411 terminari.
2463 3353 2544 3408 Tu
2600 3353 2654 3408 in
2704 3353 2953 3408 omnibus
2995 3352 3211 3419 indulge
3257 3353 3547 3409 temeritati

1966 3462 2100 3503 mem
2123 3487 2137 3513 ,
2179 3456 2235 3502 et
2262 3444 2528 3516 responde
2555 3444 2685 3498 mihi
2709 3485 2724 3509 ,
2764 3451 2822 3498 ut
2849 3443 3097 3500 consoler
3125 3450 3180 3498 et
3206 3443 3441 3499 instruar
3467 3443 3545 3498 lit-

1970 3541 2101 3596 teris
2126 3539 2251 3593 tuis.

2044 3650 2129 3703 η.
2171 3646 2817 3718 Nunc(h)Sanemarium
2866 3645 3183 3714 portitorem
3237 3643 3396 3712 hujus
3438 3644 3549 3715 65

1969 3742 2210 3813 epistola:
2234 3738 2670 3796 commendamus
2703 3736 3008 3805 specialiter
3049 3734 3385 3790 unanimitati
3409 3743 3547 3801 tuae;

1972 3842 2029 3889 ut
2052 3874 2066 3899 ,
2115 3833 2257 3887 sicut
2297 3830 2601 3899 rogavimus
2645 3834 2890 3883 sanctum
2917 3826 3227 3896 episcopum
3258 3834 3314 3882 et
3340 3834 3550 3895 patrem

1971 3931 2235 3987 nostrum,
2260 3923 2332 3976 ita
2352 3919 2629 3974 ordinetur
2647 3932 2678 3972 a
2698 3917 2873 3972 vobis.
2893 3914 3220 3972 Conservum
3238 3915 3382 3969 enim
3401 3930 3547 3979 eum,

1973 4014 2097 4069 data
2129 4013 2182 4067 in
2214 4012 2440 4067 Domino
2461 4010 2739 4073 libertate,
2780 4006 3145 4063 reddidimus:
3196 4008 3292 4063 sed
3316 4007 3472 4063 vobis
3495 4008 3551 4065 in

1973 4108 2136 4163 domo
2165 4103 2376 4159 Domini
2405 4101 2604 4157 serviat
2622 4100 2883 4177 delegatis
2929 4099 2996 4154 ad
3023 4107 3304 4170 parentum
3334 4108 3552 4155 nostro-

1974 4214 2092 4254 rum
2120 4196 2434 4253 memoriam
2464 4193 2758 4262 obsequiis,
2788 4202 2847 4249 ut
2873 4207 2971 4262 per
2996 4191 3302 4260 religiosam
3320 4192 3555 4247 servitu-

1976 4299 2085 4346 tem
2107 4289 2352 4343 obtinere
2381 4285 2587 4340 lirmam
2610 4284 2913 4339 libertatem
2933 4283 3035 4339 sub
3054 4291 3230 4338 vestra
3244 4282 3560 4340 defensione

1977 4388 2267 4436 mereatur.
2298 4378 2411 4445 Age
2443 4384 2498 4432 et
2521 4374 2663 4445 apud
2682 4382 2926 4431 sanctum
2947 4374 3316 4445 presbyterum
3336 4373 3559 4428 fratrem

280 4488 507 4539 corpore
526 4554 532 4559 ’
554 4472 734 4524 mortis
778 4471 931 4542 hujus
961 4470 1007 4536 ιι,
1034 4490 1127 4543 per
1170 4475 1550 4533 multitudinem
1587 4478 1879 4531 miseratio-
1906 4505 1956 4565 υ
1981 4471 2335 4544 Exsuperium
2367 4471 2408 4501 ¹⁰
2430 4508 2446 4535 ,
2497 4476 2557 4523 ut
2584 4467 2635 4521 in
2665 4481 2791 4521 casa
2820 4465 3073 4520 Ecclesite
3113 4466 3365 4520 terrulam
3391 4506 3408 4533 ,
3453 4479 3560 4534 qua

282 4580 411 4616 num
443 4554 659 4615 suarum
688 4561 729 4630 ί,
764 4574 814 4617 et
843 4565 1048 4619 divitias
1076 4564 1320 4621 bonitatis
1355 4584 1463 4623 sua:
1488 4570 1502 4618 i
1519 4610 1534 4635 ,
1577 4571 1771 4638 quibus
1796 4587 1858 4628 su

1982 4569 2181 4626 victum
2209 4576 2363 4618 suum
2392 4563 2676 4629 procuret,
2720 4555 2965 4624 accipiat.
3010 4553 3273 4610 Praeterea
3302 4568 3436 4623 rogo
3460 4594 3476 4619 ,
3503 4563 3565 4608 ut

372 4733 389 4759 ι
422 4720 569 4774 Psal.
603 4736 766 4786 cxxx,
796 4720 849 4784 2,
882 4735 990 4775 sec.
1042 4719 1202 4774 LXX.
1278 4720 1308 4759 ὶι
1338 4719 1479 4776 Psal.
1514 4738 1563 4787 ι,
1592 4722 1677 4775 l9.
1758 4734 1780 4763 ο
1813 4722 1856 4776 Ρ

1988 4736 2127 4777 Lxxn
2152 4757 2167 4781 ,
2199 4715 2321 4787 98._
2363 4711 2389 4749 ἀ
2417 4709 2611 4787 Philip.
2659 4723 2715 4771 ιι,
2887 4702 3051 4787 0.0.91.
3080 4720 3155 4768 ιιι,
3189 4702 3261 4787 1..
3324 4705 3344 4743 ί
3366 4704 3563 4787 μιειωι.

285 4810 366 4859 ιι,
401 4792 494 4844 9.9.
575 4800 600 4836 8
632 4788 772 4843 Psal.
807 4806 1008 4851 xxxv",
1054 4790 1108 4856 5,
1143 4792 1296 4858 juxta
1342 4790 1565 4846 Psaller.
1621 4792 1777 4846 Rom.

1857 4792 1882 4831 ιι
1917 4795 2071 4848 Rom.
2121 4805 2216 4852 vn,
2258 4783 2348 4837 24.

2432 4780 2445 4817 ί
2479 4770 2620 4833 Psal.
2670 4794 2721 4840 ι..
2770 4775 2823 4830 5.
2904 4776 2919 4825 i
2960 4773 3116 4830 Rom.
3149 4790 3203 4838 ιι,
3234 4770 3285 4825 4.
3366 4774 3388 4811 ιι
3423 4773 3566 4831 Psal.

289 4846 401 4925 xv},
438 4861 489 4912 '7.
574 4858 589 4897 ι
626 4859 768 4913 Psal.
799 4846 1107 4923 xxxrxpl'é.’
1143 4846 1217 4897 ’ω
1247 4861 1371 4915 Isai.
1401 4877 1470 4920 vn.
1501 4861 1554 4914 5.
1630 4871 1657 4898 η
1680 4862 1852 4919 Exod.

1969 4846 2052 4928 in,
2080 4859 2172 4913 ὅθ.
2204 4846 2214 4852 ⁷
2247 4864 2272 4891 °
2303 4854 2321 4907 I
2346 4851 2539 4907 Johan.
2566 4864 2636 4913 iv,
2662 4846 2713 4899 4.

365 5018 453 5083 (a)
491 5016 582 5071 Sic
603 5012 765 5079 LXX,
796 5011 1116 5068 Psalterium
1141 5024 1294 5069 vetus
1321 5016 1493 5070 GI‘IBC.
1523 5023 1579 5069 et
1622 5014 1803 5079 Rom.,
1827 5022 1885 5070 δ.

293 5086 536 5140 Hilarius
593 5095 649 5137 et
711 5084 769 5137 S.
827 5084 1156 5151 Augustinus
1202 5086 1255 5139 in
1303 5085 1690 5139 commentario
1731 5100 1892 5154 super

292 5158 546 5211 Psalmos
587 5193 602 5213 ,
626 5164 681 5207 et
728 5169 918 5207 omnes
958 5156 1140 5208 excusi
1186 5163 1241 5208 et
1280 5169 1403 5207 mss.
1436 5155 1669 5218 codices,
1695 5164 1892 5223 prazter

294 5228 485 5351 ‘V’je‘nq
532 5226 587 5278 in
616 5240 725 5294 quo
754 5240 908 5293 super
941 5232 1106 5277 matre
1143 5241 1258 5288 sua,
1298 5225 1373 5275 ita
1418 5224 1684 5278 retributio
1705 5262 1720 5288 ,
1752 5233 1807 5279 ut
1836 5224 1889 5277 in

347 5313 382 5351 tt
408 5305 553 5351 gata.

347 5305 553 5361 u'gata.

374 5360 456 5434 (6)
490 5365 569 5417 Ita
612 5361 934 5434 Psalterium
982 5362 1308 5434 Romanum,
1342 5360 1502 5429 LXX,
1535 5362 1591 5418 S.
1638 5361 1891 5426 Hilarius,

298 5432 409 5489 nec
436 5435 603 5489 multo
631 5435 791 5487 aliter
813 5432 1145 5486 Ambrosius.

379 5503 457 5572 (c)
495 5502 870 5573 Expunximus
900 5502 1122 5556 verbum
1150 5501 1340 5569 dicent,
1373 5502 1519 5572 quod
1547 5504 1699 5559 abest
1728 5517 1758 5557 a
1786 5516 1885 5556 ms.

306 5571 591 5637 Vaticano,
619 5588 719 5627 nec
746 5571 907 5625 male.

386 5644 464 5711 (Δ)
501 5642 575 5698 Ita
606 5660 737 5701 mss.
773 5642 905 5710 Reg.
932 5648 987 5697 et
1015 5640 1187 5699 Vatic.
1221 5640 1352 5708 Alii,
1384 5642 1533 5697 levat.

2063 5013 2137 5081 (ε)
2175 5010 2253 5064 Ita
2302 5005 2620 5081 Psalterium
2673 5002 2996 5081 Romaniut),
3041 5001 3097 5057 S.
3140 5002 3485 5066 Ambrosius,
3518 5012 3571 5057 et

1994 5070 2266 5151 Paulinus,
2296 5078 2461 5151 epist:
2487 5074 2576 5151 d0,
2608 5089 2662 5126 ιι.
2694 5070 2756 5151 4.-
2886 5140 2899 5151 θ

2065 5153 2132 5223 (f)
2173 5140 2407 5223 Pronum
2436 5144 2534 5198 fuit
2568 5140 2855 5223 emendare
2878 5140 3169 5223 juxtaﬁms.’
3208 5141 3377 5223 Vatic:
3399 5140 3574 5223 ‘mmi-

1996 5207 2200 5283 struas;
2242 5216 2457 5277 videtur
2495 5214 2638 5267 enim
2680 5207 2985 5283 respexisse
3022 5207 3281 5283 Paulinus
3311 5212 3375 5283 ad
3398 5210 3575 5283 locum

1999 5277 2282 5360 Apostolil
2310 5284 2542 5360 Timoli].
2566 5299 2637 5360 tv,
2670 5277 2829 5334 bonus
2849 5281 2951 5334 eris
2974 5281 3203 5337 minister
3218 5278 3407 5333 Christi
3427 5277 3573 5339 Jesu,

1998 5352 2248 5414 enutritus
2269 5354 2433 5410 verbis
2458 5352 2602 5425 ﬁdei.

2072 5428 2149 5500 (g)
2188 5427 2265 5481 Ita
2292 5440 2420 5480 mss.
2455 5415 2586 5492 Reg.
2611 5429 2665 5477 ct
2688 5419 2844 5474 Vien.
2874 5434 2997 5474 cum
3025 5416 3185 5473 editis
3216 5418 3403 5471 tribus.
3448 5415 3573 5479 Alii,

1997 5514 2191 5552 carnis.
2542 5518 2545 5519 ⁷

2071 5565 2278 5637 (Ii)_$ic
2303 5562 2702 5621 emendavimus
2730 5574 2799 5615 cx
2825 5572 2950 5614 mss.
2978 5554 3266 5617 codicibus.
3300 5552 3436 5608 Ante
3461 5559 3580 5609 erat

2000 5635 2393 5693 saneMarium.
