3966 6184
222 306 325 361 ses

1605 310 1937 368 EPISTULA
1977 314 2107 371 ΜΠ.

3403 336 3516 393 2m

220 429 398 476 motus
422 420 631 488 cogito,
681 436 803 477 mea
847 435 1065 492 quoque
1110 417 1319 477 viscera
1346 424 1524 480 sentio
1576 425 1823 494 suspiriis
1851 431 1902 490 Α
1927 430 2174 501 changeli
2229 451 2362 493 voce
2417 438 2697 508 laudatus;
2726 440 2877 514 quod
2917 448 3236 515 praetulisset
3281 453 3509 521 prandio

221 511 322 564 tuis
350 511 511 575 duci;
536 521 611 577 et,
645 519 705 566 ut
734 527 860 567 vere
899 511 1117 566 socialia
1170 513 1409 567 membra
1431 554 1448 579 ,
1475 513 1715 568 vulneris
1742 516 1820 569 tui

220 602 414 656 dolore
445 603 662 667 conligi.
698 602 1032 671 Quamquam
1062 619 1150 658 me
1177 620 1285 658 non
1325 605 1501 659 minus
1529 607 1823 675 prudentia:

218 701 271 745 et
301 692 426 747 ﬁdei
457 701 565 747 tua:
588 694 857 762 reputatio
886 693 1110 759 reﬁciat,
1132 710 1294 763 quam
1338 695 1501 751 afﬁcit
1525 712 1654 751 cura
1680 714 1821 753 mte-

220 783 376 837 roris.
412 783 659 853 Denique
688 784 1032 839 addubitasse
1080 801 1169 839 me
1198 784 1389 851 fateor,
1423 798 1601 840 utrum
1630 798 1821 844 maesta

221 888 317 941 pro
348 889 476 927 meo
506 873 707 928 affectu
736 874 870 938 tibi,
904 889 971 927 an
1001 875 1181 943 potius
1230 876 1554 945 gratulantia
1602 893 1700 945 pro
1730 887 1821 932 tua

222 962 324 1015 ﬁde
353 963 515 1016 verba
545 964 866 1032 prazberem.
897 963 1031 1017 Nam
1063 975 1121 1018 ut
1148 966 1521 1019 evocationem
1551 967 1616 1019 ad
1652 966 1822 1021 Deum

220 1060 419 1106 sanctae
447 1054 656 1108 sororis
685 1070 842 1119 metu,
875 1055 948 1108 ita
970 1054 1313 1109 devotionem
1341 1056 1554 1125 pietatis
1586 1056 1639 1110 in
1662 1056 1821 1111 Chri-

223 1152 305 1196 sto
337 1152 443 1197 tuze
470 1145 675 1213 pariter
702 1145 916 1211 audivi;
943 1146 1047 1200 isto
1075 1146 1244 1200 etiam
1290 1145 1694 1216 patrefamilias,
1724 1164 1823 1218 per

224 1248 381 1300 quem
428 1236 643 1304 scripsi,
678 1235 949 1290 indicante
996 1237 1334 1304 prudentiam
1382 1246 1438 1291 et
1478 1240 1821 1293 sanctitatem

222 1339 359 1378 vera:
407 1325 461 1378 in
510 1325 798 1394 conjugem
840 1327 1165 1397 (Paulinam)
1199 1329 1437 1384 caritatis
1482 1336 1619 1395 tu-.e;
1653 1346 1813 1399 quam

224 1429 331 1468 non
358 1430 585 1469 vacuam
608 1415 847 1479 ﬂetibus,
874 1424 933 1470 ut
959 1420 1189 1471 maxima
1213 1435 1339 1487 pars
1364 1422 1693 1486 mortalium,
1724 1438 1814 1477 ηεξ⁴

220 1517 325 1570 que
350 1520 511 1568 vano,
544 1512 600 1557 ut
629 1507 746 1574 spei
776 1515 971 1561 nosllm
1000 1516 1249 1575 expertes
1276 1508 1469 1573 solent,
1502 1525 1823 1579 pomparum

231 1592 470 1645 inanium
503 1592 712 1648 honore
742 1594 1027 1649 comitatus
1054 1610 1141 1661 es;
1171 1595 1264 1650 sed
1294 1592 1542 1652 remediis
1570 1600 1821 1653 salutari-

228 1681 324 1736 bus
353 1691 407 1736 et
430 1683 565 1736 vivis
595 1683 672 1755 (α)
705 1686 959 1754 Operibus
982 1727 996 1751 ,
1029 1686 1130 1739 hor'
1177 1694 1281 1755 est,
1311 1688 1666 1759 eleemosynis
1691 1706 1817 1759 pro-

1924 536 2025 576 suo
2052 527 2303 605 pauperis
2341 530 2692 599 sepulturam.
2722 544 2747 581 ις
2776 534 3059 604 Negligens
3084 539 3228 593 enim
3270 545 3507 612 ventris;

1924 614 2046 684 quia
2096 616 2322 687 diligens
2360 621 2573 689 animm,
2615 625 2800 679 maluit
2827 642 3055 697 corpore
3103 632 3307 686 esurire
3348 650 3509 704 quam

1925 707 2148 775 spiritu;
2181 718 2238 763 ut
2264 711 2417 765 nobis
2436 727 2651 782 quoque
2680 725 2827 770 esset
2864 719 3136 793 exemplo,
3166 737 3274 790 quo
3300 738 3512 795 praeop-

1925 805 2102 853 temus
2146 800 2394 869 jejunare
2422 804 2545 858 cibo
2573 807 2770 872 carnis,
2816 816 2875 862 ut
2926 811 3263 866 saturitatem
3315 816 3511 870 anima:

1924 891 2284 945 conferamus.
2316 891 2494 958 Quare
2548 896 2688 950 bona
2746 899 2933 967 religio
2987 903 3295 970 sepulturze.
3344 904 3510 961 Bona:

1923 980 2173 1051 lacryma:
2199 984 2457 1050 caritatis,
2491 986 2543 1039 in
2573 988 2766 1054 quibus
2804 999 2957 1059 pater
2984 992 3253 1049 Abraham
3277 1004 3507 1051 matrem

1922 1075 2360 1143 repromissionis
2386 1076 2590 1131 eduxit.
2620 1078 2780 1133 Bome
2810 1081 3059 1152 lacryma:
3104 1085 3344 1153 pietatis,
3371 1102 3506 1155 quas

1921 1164 2119 1236 Joseph
2166 1167 2343 1235 justus
2396 1171 2656 1240 impendit
2701 1175 2839 1243 patri
2868 1174 2892 1210 ιι
2916 1215 2928 1227 .
2966 1175 3127 1231 Bona:
3154 1186 3209 1231 et
3238 1179 3505 1251 lacryma:

1923 1258 2207 1324 orationis,
2226 1260 2421 1328 quibus
2439 1269 2496 1315 et
2526 1262 2692 1317 David
2719 1272 2943 1319 stratum
2972 1282 3127 1321 suum
3151 1284 3248 1337 per
3268 1270 3501 1339 singulas

1922 1358 2111 1404 noctes
2158 1351 2367 1419 rigabat
2402 1351 2453 1405 ί.
2507 1352 2615 1408 Sed
2660 1356 2788 1423 quid
2842 1367 3148 1415 sanctorum
3195 1364 3507 1420 mortalium

1923 1439 2205 1508 praedicem
2262 1440 2453 1497 ﬂetus?
2498 1443 2671 1499 Flevit
2699 1455 2753 1499 et
2800 1446 2952 1502 iesus
2999 1451 3229 1506 amicum
3265 1453 3324 1521 i,
3366 1455 3504 1509 hanc

1922 1528 2083 1582 etiam
2113 1530 2418 1598 passionem
2450 1532 2520 1587 de
2550 1543 2733 1589 nostra
2779 1537 3096 1593 infelicitate
3146 1540 3414 1610 dignatus,
3446 1554 3503 1599 ut

1921 1629 2137 1674 mortuo
2170 1622 2244 1691 (ε)
2277 1621 2587 1677 infnnderet
2633 1624 2927 1695 Iacrymas;
2956 1636 3011 1682 et
3032 1643 3191 1697 quem
3216 1633 3503 1687 resuscita-

1922 1718 2072 1764 turus
2100 1720 2216 1765 erat
2236 1712 2433 1767 virtute
2453 1713 2652 1779 divina,
2682 1715 2991 1771 inﬁrmitate
3011 1718 3218 1788 lugeret
3236 1721 3498 1787 humana;

230 1782 462 1879 “fmus:
496 1776 683 1879 dfbifo
714 1776 900 1879 οτάξηε
925 1778 1153 1879 Primum
1185 1793 1276 1879 ea"
1278 1794 1311 1831 0
1342 1778 1513 1879 ξίιηυτί
1537 1779 1818 1879 Ῑυδω-Ρθτ·
1849 1798 1894 1857 Β
1922 1801 2050 1856 licet
2072 1802 2127 1856 in
2157 1804 2248 1857 illo
2271 1820 2377 1859 uno
2406 1812 2574 1859 totam
2602 1776 2757 1860 simul
2788 1776 3151 1864 conditionem
3176 1813 3386 1879 generis
3409 1776 3501 1868 hu:

228 1867 455 1929 solvens,
489 1867 591 1935 piis
615 1868 865 1938 lacrymis
894 1877 949 1922 et
977 1870 1125 1937 largo
1147 1871 1386 1925 caritatis
1418 1887 1541 1927 rore
1568 1873 1816 1943 perfusus

233 1956 299 2025 (ὁ)
330 1956 636 2023 religiosius
658 1960 942 2027 exsequias
963 1960 1256 2014 honorasti.

290 2046 341 2100 4.
374 2049 565 2117 Itaque
595 2050 749 2104 istius
779 2052 992 2121 pietatis
1016 2053 1068 2106 in
1117 2061 1169 2107 te
1198 2070 1334 2123 opus
1375 2063 1501 2109 ante
1549 2056 1810 2125 laudabo;

232 2156 342 2193 nam
364 2140 414 2193 id
444 2155 666 2209 quoque
692 2142 806 2196 Deo
848 2144 1103 2214 placitum
1134 2155 1398 2201 monstrat
1427 2148 1705 2219 Scriptura
1729 2153 1813 2205 di-

229 2232 362 2295 vina,
386 2247 508 2286 cum
538 2232 670 2286 dicit
692 2251 705 2286 :
731 2232 853 2300 Fili,
878 2235 1071 2302 produc
1100 2236 1357 2308 lacrymas
1384 2240 1436 2293 in
1459 2249 1659 2295 mortuo
1682 2240 1704 2272 ⁸
1726 2285 1740 2308 ,
1764 2255 1813 2297 et

226 2325 363 2391 quasi
383 2324 503 2377 dira
534 2341 721 2392 passus
743 2326 911 2393 incipe
925 2326 1151 2397 plorare,
1182 2337 1353 2383 etnon
1374 2331 1630 2400 despicias
1652 2335 1818 2404 sepul-

226 2425 391 2468 turam
420 2416 564 2469 illius
594 2426 644 2469 ⁸.
678 2416 918 2485 Denique
947 2420 1260 2487 patriarcha:
1287 2423 1454 2475 nostri
1486 2422 1642 2489 hujus
1672 2439 1811 2492 quo-

223 2522 321 2576 que
346 2508 631 2574 religionis
660 2509 910 2578 exemplo
936 2520 1080 2566 sunt.
1107 2510 1237 2565 Nam
1263 2522 1416 2581 pater
1435 2513 1558 2569 ﬁdei
1586 2525 1813 2571 matrem

224 2600 516 2653 vocationis
548 2607 750 2654 nostra:
788 2598 977 2653 Saram
1004 2616 1156 2654 suam
1208 2600 1353 2656 licvit
1381 2602 1439 2668 ι),
1472 2620 1579 2657 non
1629 2605 1813 2674 utique

223 2688 511 2744 difﬁdentia
536 2690 880 2759 recipienda},
908 2691 1002 2746 sed
1025 2706 1333 2761 prmgressa:
1355 2693 1639 2750 desiderio.
1667 2695 1813 2762 Quo-

228 2781 382 2835 modo
408 2781 555 2835 enim
585 2782 969 2837 resurrectioni
999 2782 1263 2837 dillideret
1288 2782 1410 2839 ﬁdei
1441 2796 1612 2854 pater,
1645 2794 1700 2842 et
1722 2802 1810 2842 re-

225 2872 593 2939 promissionis
624 2873 802 2927 beatre
830 2872 1033 2941 primus
1061 2873 1313 2927 auditor?
1343 2873 1486 2929 idem
1508 2878 1813 2940 tamen,hu-

223 2963 488 3017 manitatis
535 2978 764 3027 memor,
798 2978 905 3017 non
934 2965 1139 3033 sprevit
1166 2965 1411 3034 corporis
1432 2981 1616 3020 curam
1643 2983 1809 3038 prop-

225 3059 300 3105 ter
320 3053 513 3106 anima:
542 3052 916 3118 securitatem;
947 3053 1039 3107 sed
1064 3061 1210 3108 emto
1230 3053 1297 3107 ad
1317 3055 1626 3123 sepulcrum
1651 3070 1804 3124 agro,

1915 1892 2060 1945 mani
2088 1892 2392 1947 misericors
2421 1903 2476 1948 et
2503 1895 2790 1950 miserator
2835 1897 3093 1954 Dominus
3142 1900 3501 1971 deploraverit

1914 1995 1971 2105 ῖξι
2024 1983 2126 2105 illils
2154 1982 2402 2054 lacrymis
2431 1984 2511 2054 (ά)
2554 1985 2748 2053 quibus
2775 1996 2996 2055 peccata
3034 1999 3217 2046 nostra
3271 1991 3417 2047 ﬁevit
3444 2002 3499 2047 et

1934 2066 2079 2105 aven
2110 2092 2124 2105 .

1934 2066 2124 2106 avent.

1984 2140 2036 2196 5.
2087 2142 2290 2196 Idcirco
2316 2152 2371 2196 et
2420 2152 2540 2208 tum,
2567 2142 2750 2209 frater,
2783 2145 3032 2216 lacrymm
3059 2157 3257 2203 sanctae
3284 2158 3341 2204 et
3366 2150 3495 2220 piae,

1914 2231 2039 2300 quia
2080 2230 2238 2284 simili
2267 2230 2552 2286 affectione
2580 2242 2885 2299 manarunt,
2910 2243 2966 2288 ct
2993 2235 3206 2303 dignam
3236 2239 3369 2292 casti
3397 2256 3495 2294 cu-

1913 2322 2035 2376 bilis
2066 2322 2261 2376 flevere
2282 2331 2615 2391 consortem,
2630 2339 2735 2378 non
2758 2324 3049 2379 dilﬁdentia
3071 2330 3497 2394 resurrectionis,

1914 2411 2008 2465 sed
2036 2411 2305 2466 desiderio
2342 2413 2602 2467 caritatis.
2654 2413 2845 2468 Mulier
2873 2417 3015 2470 enim
3062 2429 3213 2486 grata
3241 2422 3259 2450 ⁷
3286 2422 3497 2474 suscitat

1913 2504 2021 2558 viro
2041 2504 2260 2575 gloriam
2291 2502 2315 2541 ⁸
2347 2519 2470 2559 cum
2503 2512 2730 2571 tenetur,
2762 2512 2923 2576 atque
2947 2508 3067 2562 ideo
3089 2511 3311 2564 suscitat
3331 2519 3387 2565 et
3405 2512 3498 2566 de-

1912 2594 2167 2649 siderium
2207 2609 2329 2649 cum
2358 2594 2719 2662 prmmittitnr.
2746 2594 2942 2650 Verum
2974 2597 3084 2663 illa,
3117 2607 3176 2651 ut
3222 2599 3322 2653 fuit
3350 2616 3495 2655 sem-

1912 2697 2029 2753 per,
2062 2683 2134 2736 ita
2165 2690 2220 2736 et
2252 2682 2355 2737 erit
2381 2686 2435 2737 in
2464 2694 2763 2754 perpetuum
2783 2703 2976 2740 corona
3005 2689 3112 2742 uiro
3132 2705 3225 2744 suo
3253 2687 3296 2755 ι,
3318 2699 3497 2746 etnon

1913 2775 2239 2847 extinguetur
2261 2774 2469 2828 lucerna
2495 2776 2655 2845 ejusm
2681 2795 2694 2829 :
2716 2778 2945 2830 extendit
2973 2778 3134 2844 enim,
3157 2788 3215 2833 ut
3237 2782 3494 2850 scriptum

1913 2877 2014 2929 est,
2039 2867 2250 2921 brachia
2273 2883 2369 2921 sua
2388 2866 2457 2919 ad
2485 2884 2643 2936 opera
2683 2869 2849 2933 utilia,
2873 2886 2930 2921 os
2953 2886 3099 2923 suum
3141 2874 3341 2942 aperuit
3365 2890 3495 2943 pru-

1912 2960 2091 3013 denter
2118 2960 2140 2991 ⁸
2168 2968 2196 2994 η
2213 2996 2228 3021 ,
2262 2966 2475 3027 operata
2500 2967 2576 3010 est
2598 2958 2704 3012 viro
2724 2974 2817 3012 suo
2838 2958 3002 3024 bona;
3023 2961 3190 3029 gloria
3214 2970 3267 3016 et
3286 2963 3493 3020 honore

1911 3051 2191 3108 coronavit
2219 3058 2293 3112 te,
2327 3057 2385 3102 ut
2406 3047 2795 3117 jucundarctur
2818 3058 2995 3104 tecum
3026 3051 3079 3104 in
3102 3050 3289 3107 diebus
3313 3054 3492 3109 novis-

225 3153 481 3197 mortuam
528 3159 683 3198 suam
732 3145 969 3213 pretiosa
1017 3145 1146 3201 sede
1182 3148 1566 3216 composuitc;
1600 3148 1801 3205 docens

1921 3142 2088 3208 simis;
2119 3148 2176 3195 et
2216 3141 2286 3194 ob
2314 3139 2421 3193 hoc
2446 3137 2574 3193 ﬁetu
2604 3137 2700 3209 (V.
2738 3156 2794 3193 n.
2818 3138 2905 3210 10)
2935 3141 3105 3211 magis
3140 3141 3300 3214 digna
3328 3158 3492 3213 quam

224 3234 418 3302 pariter
444 3234 576 3304 quid
601 3234 702 3288 sibi
734 3234 821 3288 isti
850 3234 873 3267 '
907 3237 1064 3306 (forte
1092 3234 1245 3307 justi)
1275 3236 1534 3292 deberent
1561 3237 1807 3295 homines

224 3323 533 3392 providere;
565 3340 687 3379 cum
724 3325 800 3391 is,
831 3326 922 3395 qui
950 3324 1020 3380 ad
1048 3324 1143 3381 Dei
1176 3327 1399 3381 verbum
1423 3326 1492 3382 de
1520 3336 1663 3383 terra
1705 3344 1804 3398 pa-

223 3417 331 3469 triae
355 3417 699 3485 cognationis
726 3418 837 3488 63
860 3418 1066 3472 exierat
1093 3414 1153 3482 ά,
1176 3418 1418 3488 nihilque
1446 3428 1708 3489 praeterea
1738 3420 1808 3476 de

223 3507 523 3575 pervagatis
546 3507 769 3562 natione
792 3507 1001 3561 diversa
1031 3508 1221 3576 spatiis
1245 3518 1679 3578 comparaverat,
1698 3527 1809 3565 om-

226 3596 305 3649 nis
344 3606 501 3651 teme
548 3597 776 3660 advena,
801 3597 973 3651 solum
1001 3606 1180 3652 tamen
1229 3612 1413 3666 agrum
1441 3599 1714 3668 sepulcro,
1754 3600 1810 3655 id

223 3693 325 3751 est,
369 3702 480 3740 non
511 3685 887 3755 temporalem,
919 3685 1013 3740 sed
1060 3695 1321 3740 mternam
1371 3688 1767 3757 possessionem
1791 3729 1809 3759 ,

226 3793 323 3831 nec
350 3787 549 3831 terram
576 3778 836 3843 avaritim,
860 3778 954 3832 sed
983 3778 1199 3847 quietis,
1230 3780 1465 3834 emisset.
1490 3778 1656 3835 Jacob
1675 3795 1811 3850 quo-

222 3880 325 3934 que
342 3866 593 3923 dilectam
624 3868 772 3921 illam
802 3876 859 3922 et
888 3877 1259 3937 exspectatam
1291 3868 1493 3925 Rachel
1520 3878 1576 3925 et
1606 3871 1811 3926 tumulo

223 3958 416 4011 celebri
445 3958 735 4012 honoravit
760 3968 783 3995 ε
805 4000 821 4026 ,
851 3967 905 4012 et
945 3959 1102 4013 titulo
1133 3958 1227 4031 (id
1253 3968 1331 4013 est
1378 3960 1721 4032 epitaphio);
1752 3969 1813 4016 ut

223 4048 530 4116 religiosum
558 4056 613 4102 et
661 4049 913 4117 praesenti
964 4049 1139 4104 dolori
1189 4050 1446 4119 solveret,
1476 4059 1532 4106 et
1582 4051 1812 4121 posteris

224 4147 515 4192 testaretur
544 4138 803 4194 ofﬁcium.
838 4139 1173 4210 Quamquam
1229 4141 1378 4194 illum
1425 4141 1602 4197 locum
1656 4143 1812 4197 titulo

221 4231 407 4284 mortis
429 4231 635 4284 uxoria:
657 4230 969 4300 prophetica
992 4240 1173 4285 mente
1195 4232 1502 4301 signaverit,
1526 4233 1814 4303 providens

220 4317 415 4387 Legem
473 4329 599 4375 ortu
646 4319 969 4389 Evangelico
1019 4323 1356 4391 sopiendam.
1409 4323 1527 4389 Quo
1556 4324 1812 4396 mysterio

218 4411 413 4479 conjux
438 4412 459 4442 ⁶
490 4411 841 4477 Ρςιῑνίιιιειιω,
873 4427 992 4481 qua:
1038 4413 1279 4482 pluribus
1315 4414 1448 4469 locis
1476 4415 1529 4468 in
1560 4413 1813 4470 Ecclesia:

1906 3234 2082 3295 luctu;
2113 3241 2170 3288 et
2198 3230 2551 3287 desideranda
2597 3231 2778 3301 potius
2826 3232 3175 3301 pertinaciter
3215 3249 3376 3303 quam
3406 3234 3492 3291 lu~

1909 3323 2083 3394 genda
2129 3332 2231 3378 est.
2256 3323 2365 3393 69
2392 3320 2524 3374 Nam
2551 3320 2663 3390 ipsa
2692 3320 3006 3377 meritorum
3036 3322 3176 3377 illius
3199 3324 3489 3394 reputatio,

1908 3425 1969 3471 ut
1988 3415 2241 3472 acerbum
2270 3414 2500 3484 imperat
2525 3427 2815 3468 maerorem
2843 3414 3134 3483 superstiti,
3169 3415 3291 3484 quia
3315 3415 3493 3485 justus

1907 3507 2187 3562 defunctus
2201 3505 2464 3575 relinquet
2479 3505 2844 3576 pmnitentiam
2860 3523 2874 3572 ;
2900 3505 2974 3560 ita
2999 3514 3054 3561 et
3072 3507 3490 3564 consolationem

1910 3596 2132 3652 uberem
2161 3603 2379 3666 praestat
2405 3594 2569 3662 ﬁdeli,
2599 3595 2723 3663 quia
2752 3594 3115 3649 immortalitas
3160 3597 3215 3649 in
3244 3600 3492 3650 memoria

1906 3690 2039 3760 justi
2069 3697 2093 3723 ο
2115 3727 2129 3741 .
2158 3686 2344 3754 Neque
2390 3686 2507 3753 tibi,
2534 3692 2721 3741 sancte
2740 3683 2921 3750 frater,
2947 3685 3070 3739 hinc
3096 3685 3273 3740 acrior
3292 3684 3491 3742 doloris

1909 3780 2157 3836 stimulus
2185 3779 2477 3847 ingeratur,
2520 3776 2665 3845 quod
2687 3775 2940 3846 primaava
2960 3776 3217 3842 decessit;
3239 3777 3491 3847 quoniam

1911 3874 2037 3929 huic
2062 3871 2164 3941 ipsi
2188 3868 2336 3925 casui
2365 3868 2614 3923 solatium
2643 3866 2848 3937 prazbet
2878 3881 3059 3921 sermo
3085 3865 3336 3922 divinus:
3366 3866 3492 3921 Jus-

1914 3974 1992 4017 tus
2009 3963 2165 4026 enim,
2187 3959 2379 4030 inquit,
2411 3959 2455 4012 si
2484 3965 2647 4011 morte
2663 3963 2953 4024 praeventus
2992 3956 3167 4028 fuerit,
3189 3957 3245 4010 in
3275 3956 3492 4028 refrige-

1911 4057 1990 4110 rio
2011 4054 2107 4109 erit
2124 4063 2170 4105 ι’.

1983 4145 2035 4199 6.
2065 4143 2169 4199 Sed
2191 4158 2261 4199 ne
2297 4142 2380 4197 vel
2430 4141 2712 4195 immatura
2746 4140 2838 4195 tibi
2883 4141 2951 4196 ad
2992 4140 3195 4196 obitum
3222 4140 3385 4196 fuisse
3412 4142 3491 4195 vi~

1912 4238 2121 4297 deatur,
2153 4233 2340 4288 eadem
2371 4232 2466 4286 tibi
2497 4230 2771 4301 Sapientia
2798 4230 3145 4299 sequentibus
3166 4229 3344 4284 verbis
3371 4245 3492 4299 pro-

1912 4327 2008 4382 bat
2032 4340 2194 4379 anum
2221 4336 2436 4391 quoque
2481 4320 2625 4374 illam
2664 4319 2827 4375 fuisse
2859 4338 2872 4372 :
2905 4318 3175 4388 Senectus,
3203 4318 3394 4388 inquit,
3422 4335 3493 4371 ve-

1914 4414 2158 4471 nerabilis
2204 4422 2281 4467 est
2314 4429 2419 4466 non
2449 4415 2468 4445 ⁹
2500 4411 2764 4473 diuturna,
2798 4427 2957 4482 neque
2992 4427 3205 4465 numero
3244 4426 3494 4466 annorum

220 4498 510 4569 imaginem
557 4502 719 4567 vikit;
753 4510 931 4556 tamen
962 4510 1020 4557 ut
1048 4520 1189 4568 reor,
1218 4504 1269 4557 in
1296 4502 1592 4575 Synagogze
1621 4514 1806 4576 typum
1842 4526 1885 4583 υ
1912 4514 2227 4576 computata.
2272 4500 2403 4555 Cani
2430 4509 2547 4555 sunt
2585 4502 2741 4565 enim,
2784 4500 2973 4569 inquit,
3012 4517 3190 4555 sensus
3219 4500 3293 4573 (e)
3338 4502 3496 4557 homin

221 4592 474 4658 moritur,
498 4601 557 4645 et
583 4604 740 4661 partu
786 4592 951 4645 lilium
981 4593 1184 4648 doloris
1213 4595 1369 4647 enixa
1398 4595 1525 4660 illic,
1559 4596 1649 4649 ubi
1695 4604 1811 4651 erat

222 4680 457 4753 Virginis
485 4693 645 4753 partu
675 4682 800 4753 Legi
825 4683 945 4739 ﬁnis
976 4685 1214 4741 edendus
1248 4705 1259 4739 :
1291 4687 1414 4755 ﬁnis
1439 4688 1624 4741 etenim
1655 4686 1809 4760 Legis

216 4770 452 4827 Christus
486 4772 505 4811 ί
526 4815 540 4827 .
571 4773 826 4829 Sanctam
855 4791 985 4830 vero
1015 4784 1071 4830 et
1097 4778 1478 4832 sanctilicatam
1518 4794 1665 4848 spem
1713 4795 1811 4848 per

217 4864 478 4919 humandi
511 4881 695 4919 curam
739 4881 839 4919 nos
869 4865 1065 4920 Tobias
1093 4867 1282 4932 docet,
1316 4868 1474 4936 hujus
1501 4868 1808 4937 specialiter

218 4956 461 5009 muneris
504 4956 863 5025 praerogativa
909 4956 1239 5023 justiﬁcatus
1280 4973 1310 5012 a
1350 4959 1597 5024 Domino,
1630 4967 1687 5014 et
1714 4975 1805 5015 ar-

1914 4595 2087 4657 m'bus,
2120 4604 2167 4647 et
2196 4602 2325 4647 tetas
2352 4592 2623 4645 senectutis
2652 4591 2753 4644 vita
2782 4590 3135 4646 immaculata.
3167 4590 3345 4657 Quare
3370 4606 3496 4662 gra-

1912 4687 2146 4741 tulemur
2184 4683 2331 4753 justo
2359 4682 2474 4751 ejus
2506 4684 2574 4753 (f)
2606 4682 2779 4737 accitu
2831 4691 2886 4737 et
2935 4682 3039 4737 ﬁne
3081 4691 3331 4750 maturo;
3377 4700 3497 4754 qum

1911 4777 2012 4832 etsi
2041 4774 2215 4830 adhuc
2250 4773 2383 4828 ﬂore
2407 4788 2668 4828 annorum
2681 4772 2906 4837 virebat,
2930 4782 3107 4827 tamen
3135 4789 3344 4828 morum
3373 4790 3498 4830 san-

1909 4868 2097 4923 ctitate
2130 4872 2404 4929 canuerat,
2438 4872 2493 4919 et
2527 4872 2740 4917 mtatem
2772 4863 2962 4934 puella:
2988 4864 3268 4933 stipendiis
3307 4881 3497 4922 senec-

1912 4960 2038 5013 tutis
2067 4958 2314 5013 oruabat.
2338 4954 2490 5010 Unde
2519 4963 2573 5009 et
2594 4955 2688 5010 tibi
2717 4956 2864 5025 ipsae,
2888 4970 3008 5025 qua:
3035 4957 3289 5011 acerbant
3309 4963 3497 5013 vulnus

280 5107 494 5177 fEccli.
518 5122 735 5177 xxxvm,
756 5106 841 5159 16.
872 5106 898 5144 ι)
914 5106 1049 5160 Gen.
1072 5123 1219 5171 χχιιι,
1234 5107 1289 5161 2.
1326 5119 1347 5146 ο
1363 5107 1496 5162 Gen.
1516 5110 1729 5177 xxm,9.
1758 5107 1785 5148 ἀ
1805 5110 1940 5165 Gen.
1962 5126 2056 5173 xu,
2074 5109 2123 5162 1.
2161 5107 2330 5163 οϐθη.
2347 5124 2507 5172 xxxv,
2526 5106 2611 5177 19,
2626 5106 2713 5161 ‘20.
2751 5107 2941 5177 fRom.
2958 5124 3014 5175 x,
3030 5107 3082 5162 4.
3103 5119 3126 5155 ε
3141 5108 3273 5164 Tob.
3292 5125 3385 5171 xu,
3409 5108 3495 5165 ιε.

222 5171 242 5209 δ
263 5174 404 5230 Gen.
441 5194 493 5245 ι.,
528 5177 577 5228 1.
607 5177 654 5248 λί
677 5176 818 5231 Psal.
851 5193 923 5241 γι,
957 5177 1007 5248 7_.
1064 5177 1291 5248 Hohan.
1321 5194 1392 5242 ιιι,
1426 5178 1513 5231 55.
1565 5171 1765 5234 ΙιΡιὈν.
1792 5198 1813 5234 1

1921 5180 1998 5246 .6;
2025 5171 2188 5235 Eccli.
2219 5194 2364 5242 xxvr,
2397 5177 2482 5232 16.
2543 5171 2703 5248 1Sap.
2734 5194 2803 5244 tv,
2835 5177 2896 5245 2;
2925 5171 3084 5234 Prov.
3110 5196 3180 5247 ιι,
3203 5178 3256 5233 4.
3280 5177 3495 5234 ImProv.

220 5261 357 5313 xxxi,
396 5248 487 5301 18.
563 5244 765 5300 nProv.
797 5263 943 5311 xxxi,
975 5246 1064 5300 26.
1144 5258 1168 5283 ο
1192 5246 1320 5317 Sap.
1348 5264 1421 5315 ιν,
1454 5248 1503 5300 1.

286 5386 364 5443 lai
389 5385 480 5439 Sic
502 5385 633 5437 edit.
662 5382 893 5437 Chilllet.
921 5382 1132 5451 Optime
1161 5384 1397 5452 quidem.
1423 5382 1555 5437 Vide
1579 5391 1691 5437 not.
1718 5383 1806 5437 9i.

284 5458 360 5520 (ὁ)
392 5454 491 5507 Ms.
527 5454 659 5521 Reg.
696 5463 751 5507 et
779 5453 907 5507 edit.
941 5452 1071 5506 Bad.
1104 5461 1159 5507 et
1188 5452 1377 5520 Grav.,
1405 5454 1698 5523 religiosus.

286 5534 358 5590 lc)
387 5524 483 5578 Sis.
519 5523 674 5593 Begu.
710 5524 967 5593 funderet.

287 5596 365 5663 (ιι)
392 5593 483 5648 Sic
511 5589 620 5649 ms.—
646 5589 777 5661 lteg.
808 5602 863 5646 et
900 5589 1236 5663 edit.Chilil.
1276 5590 1414 5663 Ante
1444 5601 1562 5649 erat
1597 5594 1698 5648 illis
1729 5594 1809 5649 la-

222 5662 406 5733 crymis
434 5673 645 5733 peccata
672 5672 851 5719 nostra
879 5662 1073 5732 ﬂeverit
1100 5670 1148 5716 et
1177 5662 1372 5717 laver-it.

1582 5260 1606 5298 ι)
1626 5249 1754 5319 Sap.
1788 5266 1861 5316 tv,
1887 5250 1918 5302 7

1994 5383 2066 5453 (ε)
2097 5382 2175 5437 lta
2201 5398 2327 5453 mss.
2363 5391 2416 5438 et
2444 5382 2625 5438 excusi
2649 5382 2883 5453 codices.
2916 5383 3006 5440 Sic
3032 5384 3272 5439 Graacum
3301 5384 3353 5438 in
3379 5399 3496 5440 mo-

1919 5468 2037 5506 rem
2074 5454 2263 5507 extulit
2290 5452 2542 5508 Paulinus
2568 5452 2876 5519 Itominibus,
2900 5454 2953 5508 in
2975 5453 3161 5509 Graeco
3190 5457 3494 5516 ἀνθρώποις.

1923 5522 2166 5589 Vulgata,
2192 5524 2432 5577 hominis.

1993 5593 2063 5665 (Γ)
2096 5591 2185 5648 Sic
2210 5608 2311 5650 ms.
2345 5593 2477 5663 Reg.
2511 5602 2566 5649 et
2594 5592 2680 5649 ed.
2709 5591 2884 5648 Chilll.
2919 5593 3053 5662 Alii,
3081 5594 3264 5647 accitui
3292 5602 3343 5647 et
3373 5593 3490 5663 ﬁni.
