3966 6184
435 252 529 310 211

1550 252 1604 310 S.
1647 251 1922 309 PAULlNI
1960 250 2211 308 NOLANI
2249 251 2555 311 EPISCOPI

3614 258 3712 316 ΞΩ

433 369 617 435 animi,
648 383 824 425 causa:
873 369 1125 427 solatium
1170 366 1344 437 majus
1370 366 1562 422 afferre
1606 374 1851 437 possunt,
1882 364 2028 434 quod
2057 369 2102 425 Α
2131 367 2545 436 promissionum
2576 367 2693 434 Dei,
2716 376 2772 423 et
2785 367 2965 423 dicere
2992 366 3188 424 anima:
3209 368 3474 424 laboranti
3500 388 3511 421 :
3545 367 3715 433 Quare

432 466 545 513 tam
573 466 814 514 sanetam
851 458 1104 514 feminam
1131 458 1235 514 etsi
1282 472 1389 512 non
1424 457 1593 511 habes
1616 494 1631 519 ,
1663 456 1916 510 habueris
1944 463 2026 507 ta-

432 563 576 605 men.
625 548 926 605 Commune
970 550 1113 604 enim
1156 548 1254 603 tibi
1299 563 1422 602 cum
1467 547 1737 612 omnibus,
1784 545 2027 600 amisisse

431 641 748 707 mortalem;
797 641 985 711 paucis
1025 656 1156 696 vero
1198 649 1375 695 tecum
1423 640 1683 694 meruisse
1718 639 1975 707 optimam
2007 654 2021 690 :

432 744 543 798 quo
572 732 752 787 minus
791 733 958 788 miror
978 733 1121 786 illam
1150 733 1207 787 in
1248 733 1353 787 hoc
1376 731 1560 786 seculo
1601 745 1707 784 non
1735 737 2020 792 moratam,

428 831 493 877 et
511 822 579 877 ad
605 822 877 879 Christum
904 824 1062 878 citius
1088 824 1341 887 accitam;
1379 822 1583 875 Placita
1603 823 1743 876 enim
1772 831 1884 875 erat
1918 820 2022 874 Deo

429 914 607 967 anima
648 914 791 984 ejus;
820 922 875 968 et
919 915 1135 979 idcirco,
1186 922 1247 969 ut
1274 914 1531 984 scriptum
1578 922 1681 978 est,
1728 912 2025 984 properavit

427 1020 545 1058 eam
574 1005 638 1058 de
666 1005 834 1061 medio
862 1006 1150 1077 iniquitatis
1187 1006 1423 1070 educere,
1448 1021 1512 1058 ne
1539 1004 1855 1058 intellectum
1896 1018 2022 1058 nos-

427 1104 569 1151 trum
599 1098 799 1152 malitia
827 1107 1011 1153 nostra
1039 1107 1261 1151 mutaret
1280 1106 1327 1161 8;
1361 1097 1487 1166 quia
1511 1104 1645 1150 totus
1670 1095 1751 1148 hic
1776 1094 2017 1159 mundus,

429 1196 486 1241 ut
513 1188 771 1257 scriptum
798 1197 900 1254 est,
928 1190 983 1242 in
1013 1189 1239 1260 maligno
1258 1189 1401 1258 jacet
1430 1186 1489 1241 δε
1519 1195 1574 1241 et
1595 1186 1851 1257 colloquia
1879 1186 2019 1240 mala

424 1278 721 1349 plerumque
770 1290 1104 1351 corrumpunt
1145 1296 1312 1334 mores
1341 1277 1500 1333 bonos
1531 1289 1552 1316 ο
1580 1294 1596 1331 :
1637 1285 1693 1332 et
1724 1278 1809 1348 qui
1854 1277 2019 1341 picem

424 1370 610 1439 tangit,
633 1369 984 1440 inquinabitur
1011 1369 1074 1423 ab
1099 1387 1159 1424 ea
1176 1369 1232 1436 d;
1254 1384 1363 1439 quo
1384 1378 1532 1424 metu
1552 1368 1767 1438 quidam
1788 1367 2018 1422 Sanctus

423 1475 590 1515 mora:
627 1469 900 1527 metuens,
930 1472 986 1517 et
1013 1462 1081 1517 de
1128 1462 1282 1517 tardo
1330 1462 1408 1533 (a)
1439 1460 1544 1516 ﬁne
1587 1460 1865 1524 sollicitus,
1897 1466 2019 1515 orat

422 1549 591 1605 Deum
618 1563 675 1605 ut
698 1560 885 1607 notum
913 1553 1013 1608 sibi
1030 1553 1071 1585 ¹⁰
1090 1553 1251 1607 faciat
1271 1552 1428 1606 linem
1457 1566 1633 1616 suum,
1659 1559 1713 1605 et
1735 1564 2015 1605 numerum

419 1642 629 1698 dierum
658 1659 878 1699 suorum
903 1654 960 1698 °:
986 1654 1042 1700 et
1063 1646 1319 1715 quoniam
1348 1644 1624 1700 revelante
1651 1643 1873 1713 Spiritu,
1903 1656 2014 1711 quo

418 1734 811 1802 prophetabat,
855 1737 1073 1804 agnovit
1113 1744 1403 1806 prorogata
1434 1736 1535 1790 sibi
1564 1744 1828 1805 tempora,
1860 1734 2011 1803 inge-

417 1823 515 1877 mit
544 1819 768 1879 dicens:
802 1824 920 1878 fleu
948 1842 1028 1879 me
1056 1826 1192 1895 quod
1219 1826 1477 1879 incolatus
1504 1841 1647 1878 meus
1674 1824 2009 1895 prolongatus

414 1921 493 1965 est
527 1910 570 1965 ί.
602 1911 833 1967 Causam
864 1929 995 1967 vero
1023 1915 1255 1982 gemitus
1279 1924 1336 1967 et
1363 1914 1571 1968 timoris
1597 1915 1680 1968 sui
1720 1914 1861 1968 hanc
1888 1927 2009 1969 esse

414 2009 664 2069 testatur,
697 2002 839 2073 quod
888 2004 1144 2057 habitaret
1176 2002 1250 2074 (ὁ)
1282 2020 1397 2056 cum
1427 2002 1774 2057 tabernaculis
1817 2000 2005 2067 Cedar,

413 2093 465 2147 id
494 2102 596 2158 est,
630 2095 680 2148 in
727 2095 963 2149 tenebris
991 2095 1145 2149 istius
1173 2095 1376 2149 mundi.
1425 2094 1555 2148 Nam
1587 2094 1754 2148 Cedar
1780 2092 2007 2148 Hebraeo

411 2184 552 2237 idem
574 2184 720 2252 quod
744 2199 837 2239 ore
862 2184 1108 2239 Romano
1134 2193 1358 2239 vocatur
1385 2183 1703 2238 Obscuritas.

485 2275 536 2329 7.
569 2275 806 2345 Denique
837 2276 951 2346 ipse
978 2275 1147 2330 David
1179 2277 1232 2331 in
1263 2276 1471 2331 duobus
1499 2276 1624 2330 ﬁliis
1646 2275 1861 2332 diverso
1890 2291 2003 2331 me-

409 2368 514 2421 rito
540 2367 641 2421 sibi
680 2368 889 2423 amissis
917 2368 1231 2439 mysterium
1271 2368 1423 2423 istius
1449 2368 1697 2423 veritatis
1725 2369 1997 2435 exercuit;

407 2461 497 2529 qui
539 2460 703 2513 ﬁlium
732 2461 1159 2523 dilectissimum,
1190 2476 1349 2530 quem
1378 2460 1600 2515 ﬂeverat
1626 2469 1996 2529 tngrotautem,

407 2566 516 2605 non
546 2549 689 2605 ﬂevit
716 2552 1002 2619 amissum;
1032 2560 1212 2607 certus
1242 2550 1497 2606 infantem
1522 2552 1587 2605 ad
1614 2552 1758 2620 pacis
1784 2561 1999 2608 mternm

409 2642 563 2694 beata
595 2641 912 2695 translatum
958 2651 982 2689 ε
1019 2660 1031 2694 :
1083 2651 1139 2696 at
1180 2658 1310 2697 vero
1356 2642 1496 2697 idem
1544 2642 1860 2709 Abessalon,
1891 2645 1999 2716 70

404 2745 564 2799 quetn
613 2730 885 2786 inimicum
916 2732 1193 2796 habuerat,
1225 2739 1495 2787 mortuum
1526 2732 1849 2788 lamentatus
1891 2743 1991 2802 est,

402 2820 527 2889 quia
557 2820 748 2876 divinat:
782 2820 1003 2890 justitite
1042 2830 1099 2876 ut
1138 2820 1406 2892 Pr0pheta
1436 2823 1709 2889 conscius,
1743 2823 1995 2894 despera-

401 2912 478 2965 vit
506 2912 669 2983 impio
699 2913 960 2982 requiem,
991 2921 1046 2969 et
1072 2915 1482 2970 resurrectionis
1507 2915 1706 2970 bonum
1729 2916 1885 2972 scivit
1908 2918 1993 2972 in-

399 3007 635 3062 debitum
665 3008 964 3079 parricidte.
990 3007 1098 3063 Sed
1124 3017 1301 3065 tamen
1326 3009 1489 3078 idem,
1519 3018 1578 3065 ut
1604 3010 1733 3078 dixi,
1766 3012 1991 3082 parvulo

2131 458 2293 511 tristis
2320 474 2396 524 es,
2418 468 2467 510 et
2480 476 2640 529 quare
2659 458 2930 514 conturbas
2947 477 3027 515 me
3055 460 3069 498 ί
3094 463 3119 515 ?
3149 462 3398 531 numquid
3422 461 3508 531 qui
3528 462 3718 517 dormit

2128 563 2232 601 non
2260 548 2470 618 adjiciet
2498 558 2552 601 ut
2595 558 2829 620 resurgat
2862 553 2875 600 l
2910 553 2933 604 ?
2960 551 3249 622 Acceptior
3277 560 3360 606 est
3398 561 3580 605 autem
3606 551 3717 610 Deo

2126 648 2277 708 grata
2320 640 2530 705 lmtitia,
2564 657 2724 710 quam
2753 642 3003 698 diuturna
3032 645 3186 714 quasi
3214 645 3439 713 querula
3480 645 3715 706 tristitia.

2126 734 2259 789 Nam
2301 737 2403 792 hoc
2432 737 2524 791 illo
2554 736 2808 791 Davidico
2832 737 3089 792 docemur
3126 737 3399 806 exemplo,
3428 744 3489 791 ut
3530 736 3720 797 inanes

2126 826 2390 898 lacrymas
2416 844 2522 882 non
2547 827 2907 893 eﬂ‘undamus;
2925 842 3044 896 qua:
3065 828 3250 898 utique
3274 826 3548 898 superﬂuo
3574 844 3717 884 mor-

2125 919 2230 974 tuis
2257 918 2526 973 donantur
2545 960 2561 985 ,
2596 920 2725 973 nihil
2755 921 3098 975 conferentes
3126 927 3366 988 recepto,
3400 928 3457 974 et
3483 935 3715 990 gravan-

2123 1018 2205 1064 tes
2231 1010 2494 1065 relictum.
2527 1010 2653 1065 Ideo
2698 1009 2865 1064 David
2910 1010 3127 1065 vivente
3156 1011 3266 1065 lilio
3316 1011 3465 1066 ﬂevit
3485 1053 3499 1077 ,
3531 1012 3715 1068 functo

2121 1102 2419 1169 gratulatus
2464 1109 2547 1156 est
2594 1120 2607 1154 :
2656 1102 2781 1171 quia
2832 1102 3086 1172 spirantis
3130 1103 3307 1158 adhuc
3351 1111 3713 1159 commeatum

2123 1191 2142 1261 (
2167 1191 2227 1245 V.
2253 1200 2368 1245 not.
2391 1189 2492 1261 64)
2517 1200 2729 1261 poterat
2754 1192 3004 1261 precibus
3031 1202 3087 1247 et
3112 1193 3363 1264 lacrymis
3386 1195 3710 1264 impetrare:

2119 1285 2295 1339 accito
2324 1292 2503 1338 autem
2531 1284 2787 1340 divinitus
2809 1284 2921 1353 jam
2964 1285 3225 1355 gratulari
3250 1285 3501 1351 debebat,
3532 1296 3593 1342 ut
3628 1288 3710 1343 fe-

2118 1375 2210 1441 cit,
2239 1376 2362 1445 quia
2385 1375 2735 1431 dubitandum
2756 1392 2863 1431 non
2892 1384 2976 1432 est
2999 1377 3190 1431 melius
3210 1392 3329 1432 esse
3352 1379 3495 1434 votis
3517 1380 3712 1436 nostris

2118 1467 2214 1523 Dei
2240 1467 2515 1539 placitum.

2187 1600 2239 1654 9.
2280 1600 2439 1657 Salva
2471 1601 2633 1670 igitur
2662 1601 2784 1667 lide,
2814 1601 3030 1672 pietatis
3071 1601 3245 1657 ofﬁcia
3288 1604 3612 1673 pendamus;
3653 1614 3711 1662 et

2043 1732 2090 1792 Β
2115 1692 2261 1746 salva
2290 1692 2509 1792 pietate,
2542 1692 2664 1747 ﬁdei
2704 1694 2894 1762 gaudia
2918 1691 3283 1763 prazferamus.
3314 1694 3466 1764 Esto,
3496 1706 3709 1767 tempo-

2114 1782 2300 1836 raliter
2327 1779 2453 1835 ﬂeat
2481 1783 2669 1851 pietas,
2698 1783 2792 1839 sed
2834 1792 3050 1853 oportet
3078 1794 3135 1838 ut
3156 1784 3358 1854 jugiter
3390 1788 3619 1855 gaudeat
3645 1788 3708 1841 ﬁ-

2111 1872 2225 1927 des.
2259 1871 2633 1928 Desideremus
2662 1883 2877 1929 nostros
2905 1884 2962 1928 ut
2988 1876 3328 1945 praemissos;
3355 1878 3447 1932 sed
3474 1895 3579 1934 non
3610 1880 3708 1936 de-

2110 1977 2391 2034 speremus
2419 1964 2776 2033 recipiendos.
2808 1965 2949 2020 Deus
2970 1966 3112 2020 enim
3142 1978 3327 2022 noster
3355 1971 3577 2023 vivorum
3602 1982 3703 2036 est,

2109 2076 2213 2114 non
2242 2068 2559 2113 mortuorum
2610 2058 2667 2123 Ιε;
2717 2066 2772 2113 et
2802 2059 2854 2112 ia
2906 2057 3122 2113 Christo
3170 2068 3414 2115 mortuos
3466 2062 3705 2120 dormire

2109 2153 2398 2222 Apostolus
2424 2152 2555 2206 dicit
2582 2151 2625 2219 ι,
2657 2160 2715 2206 ιιι
2740 2152 2809 2206 de
2835 2167 3027 2206 somno
3053 2152 3320 2221 intelligas
3348 2156 3701 2225 temporalem

2105 2258 2226 2298 esse
2266 2252 2516 2298 mortem.
2544 2243 2836 2297 Dormienti
2868 2244 3011 2299 enim
3056 2259 3396 2314 consequens
3425 2255 3507 2301 est
3548 2247 3702 2301 exci—

2106 2335 2209 2390 tari
2235 2342 2290 2391 et
2310 2350 2547 2404 surgere.
2580 2334 2733 2401 Quod
2758 2351 2880 2390 cum
2908 2337 2979 2388 ita
3004 2336 3094 2402 sit,
3116 2349 3366 2402 geramus
3396 2336 3447 2389 in
3474 2338 3703 2393 caritate

2105 2427 2211 2498 71
2254 2435 2560 2481 nostrorum
2610 2427 2881 2481 familiaris
2919 2426 3322 2481 consuetudinis
3350 2427 3699 2497 desiderium,

2101 2518 2195 2574 sed
2226 2533 2257 2572 a
2304 2516 2408 2571 ﬁde
2454 2525 2638 2572 nostra
2667 2517 2916 2572 solatium
2948 2516 3015 2571 de
3046 2516 3239 2571 ﬁducia
3284 2520 3700 2576 resurrectionis

2101 2612 2409 2667 habeamus.

2171 2733 2258 2789 lO.
2301 2733 2396 2790 llis
2423 2733 2604 2803 igitur,
2635 2732 2800 2787 frater
2827 2731 3205 2799 dilectissime,
3236 2741 3293 2788 et
3322 2734 3606 2789 verborum
3636 2743 3698 2789 ct

2098 2827 2469 2896 exemplorum
2516 2824 2813 2880 caelestium
2844 2824 3221 2877 autoritatibus
3249 2832 3308 2877 ut
3335 2823 3401 2877 ad
3432 2825 3694 2893 pietatem

2097 2920 2451 2989 lacrymarum
2477 2931 2605 2970 usus
2633 2931 2711 2977 es,
2738 2916 2810 2968 ita
2831 2915 2995 2969 etiam
3022 2914 3091 2968 ad
3121 2930 3306 2969 earum
3335 2914 3551 2969 modum
3579 2924 3697 2970 ute-

2094 3026 2175 3065 re.
2207 3010 2477 3079 Scriptum
2504 3015 2589 3061 est
2628 3007 2770 3062 enim
2798 3025 2810 3060 :
2847 3004 3001 3060 Omni
3032 3008 3107 3060 rei
3148 3017 3342 3076 tempus
3365 3016 3436 3070 m;
3466 3014 3521 3061 et
3548 3014 3694 3062 tem-

400 3101 476 3155 illi
497 3116 596 3156 suo
623 3102 903 3170 :egrotanti
931 3102 1265 3171 impenderat
1285 3102 1567 3173 lacrymas,
1591 3110 1647 3157 et
1670 3104 1850 3172 regios
1877 3105 1991 3159 cul-
2017 3099 2063 3162 C
2093 3115 2193 3170 pus
2220 3097 2466 3169 plorandi
2504 3096 2718 3151 ﬂuxerit
2736 3134 2751 3159 ,
2792 3095 3094 3164 gratulandi
3140 3096 3302 3151 modo
3332 3105 3542 3166 tempus
3575 3105 3685 3152 est.

399 3200 485 3245 tus
513 3202 628 3245 atra
655 3200 803 3248 veste
823 3200 1080 3261 mutatus,
1104 3193 1298 3259 cilicio,
1323 3195 1525 3258 cinere,
1551 3194 1761 3264 jejunio
1790 3196 1861 3267 (c)
1884 3196 1985 3251 ful-

397 3288 502 3345 tus,
533 3296 726 3351 preces
753 3283 821 3337 ad
842 3282 1008 3337 Deum
1048 3283 1285 3337 miserat.
1319 3282 1512 3339 Postea
1540 3301 1673 3341 vero
1701 3300 1861 3356 quam
1891 3286 1984 3341 ﬁlii

394 3373 641 3427 morbum
671 3373 792 3427 vitae
822 3372 940 3429 ﬁnis
968 3373 1216 3441 absolvit,
1245 3376 1397 3444 quasi
1426 3376 1704 3431 deliciente
1734 3393 1981 3432 curarum

392 3463 635 3528 materia,
667 3464 811 3520 hunc
838 3465 941 3520 sibi
969 3466 1183 3535 lugendi
1212 3467 1370 3523 tinem
1402 3467 1529 3524 fecit
1547 3507 1561 3530 ,
1590 3483 1749 3538 quem
1780 3485 1979 3540 parvu-

391 3553 473 3609 lus
498 3554 710 3609 vivendi
739 3564 1045 3626 acceperat.
1073 3555 1256 3626 itaque
1284 3565 1340 3613 ut
1369 3556 1507 3613 ﬁlius
1529 3574 1777 3629 corpore,
1807 3566 1863 3615 et
1887 3576 1979 3631 pa-

392 3652 473 3699 ter
522 3644 668 3700 luctu
717 3647 924 3701 solutus
969 3655 1085 3711 est;
1136 3647 1400 3718 simulque
1444 3650 1614 3706 tristia
1660 3659 1879 3720 pectora
1924 3660 1981 3708 et

388 3737 703 3793 vestimenta
732 3738 1029 3810 deponens,
1061 3747 1118 3795 et
1144 3740 1321 3795 cibum
1348 3743 1557 3807 sumsit,
1589 3750 1643 3797 et
1665 3742 1866 3798 cultum
1893 3759 1979 3798 re-

384 3831 594 3895 sumsit,
618 3839 672 3885 et
690 3832 989 3899 squalidum
1012 3834 1232 3903 pulvere
1248 3842 1407 3904 caput
1427 3834 1649 3890 deduxit
1670 3846 1975 3907 unguento;

382 3921 883 3993 sciscitantibusque
936 3926 1118 3992 pueris
1170 3926 1301 3988 suis,
1359 3941 1494 3993 quos
1550 3926 1979 3997 obstupefecerat

382 4017 493 4063 tam
521 4011 802 4065 inusitatus
828 4012 1013 4081 patrize
1042 4013 1175 4065 ordo
1205 4013 1439 4080 pietatis,
1470 4022 1529 4067 ut
1553 4015 1643 4082 qui
1672 4024 1798 4069 ante
1827 4017 1975 4070 orbi-

382 4108 548 4153 tatem
580 4100 825 4167 luxerat,
857 4101 1114 4171 gauderet
1141 4101 1391 4166 orbatus,
1417 4103 1695 4173 respondit
1722 4122 1735 4158 :
1765 4104 1877 4176 Ego
1907 4106 1976 4159 ad

380 4188 525 4240 illum
551 4188 655 4254 ibo,
689 4190 777 4243 ille
809 4207 921 4243 vero
952 4191 1019 4242 ad
1048 4207 1129 4243 me
1160 4208 1264 4245 non
1296 4203 1573 4247 revertetur
1602 4191 1650 4249 δ.

448 4277 501 4331 8.
534 4278 692 4345 Satis,
726 4289 785 4332 ut
814 4280 1033 4349 opinor,
1066 4282 1251 4336 docuit
1299 4282 1410 4336 Rex
1454 4283 1721 4354 PrOpheta
1748 4330 1764 4356 ,
1809 4304 1971 4357 quam

377 4375 496 4436 post
535 4376 748 4423 nostros
776 4370 1190 4426 sollicitudinem
1218 4372 1511 4429 debeamus
1541 4376 1758 4433 induere
1777 4422 1791 4445 ,
1824 4380 1974 4436 vide-

2091 3191 2226 3258 Quia
2254 3189 2506 3243 Dominus
2527 3204 2686 3259 prope
2704 3197 2800 3252 est,
2818 3197 2873 3242 et
2894 3186 3168 3257 Scriptura
3195 3187 3393 3252 divina,
3418 3203 3536 3257 quae
3555 3204 3687 3257 pro-

2087 3280 2288 3336 ducere
2329 3294 2428 3334 nos
2472 3279 2738 3349 lacrymas
2766 3279 2919 3348 quasi
2949 3277 3291 3348 evaporando
3316 3277 3507 3333 dolore
3549 3293 3684 3348 per-

2084 3373 2271 3441 mittit,
2303 3372 2558 3427 terminos
2588 3370 2666 3443 (ά)
2690 3386 2905 3439 quoque
2927 3370 3206 3438 designato
3230 3370 3523 3440 prazscribit
3544 3379 3685 3425 tem-

2084 3478 2237 3534 pore.
2268 3479 2391 3518 cum
2418 3462 2569 3528 dicit,
2600 3460 3015 3515 amaritudinem
3061 3459 3079 3529 (
3114 3460 3175 3514 V.
3208 3468 3322 3514 not.
3366 3461 3469 3530 35)
3506 3461 3684 3518 luctus
3774 3508 3781 3509 γ

2083 3567 2193 3608 uno
2240 3550 2513 3607 ferendam
2544 3550 2633 3605 die
2676 3559 2723 3603 ι’.
2758 3548 2803 3603 0
2830 3550 3029 3605 divitia:
3070 3550 3328 3605 bonitatis
3356 3551 3478 3606 Dei!
3511 3566 3679 3621 quam

2082 3645 2170 3715 pia
2217 3644 2444 3714 idipsum
2490 3642 2847 3697 sollicitudine
2884 3642 3056 3697 nostri
3084 3643 3276 3698 cavet!
3310 3659 3416 3697 non
3457 3643 3678 3713 pietatis

2080 3751 2361 3809 propensa:
2404 3734 2635 3799 invidus,
2681 3733 2777 3788 sed
2807 3733 3128 3787 inﬁrmitatis
3173 3742 3369 3788 nostra:
3396 3734 3673 3802 conscius,

2080 3838 2135 3885 et
2163 3829 2339 3884 omnis
2383 3827 2653 3882 imtnodici
2684 3834 3035 3895 temperator,
3068 3826 3333 3899 lacrymas
3362 3827 3415 3880 in
3453 3834 3676 3883 mortuo

2079 3924 2300 3996 produci
2324 3924 2509 3992 jubet,
2557 3920 2965 3975 amaritudinem
2994 3935 3126 3974 vero
3155 3920 3369 3988 lugendi
3414 3936 3521 3974 uno
3544 3928 3675 3973 tan-

2079 4024 2191 4070 tum
2222 4014 2321 4077 die,
2337 4013 2565 4078 claudit;
2614 4011 2741 4066 illud
2789 4011 2987 4081 porrigi
3036 4010 3219 4065 sinens
3259 4028 3367 4081 quo
3396 4011 3679 4066 relaxatur

2077 4107 2251 4171 dolor,
2284 4115 2340 4161 et
2360 4105 2536 4159 anima
2566 4104 2797 4173 respirat
2821 4120 2833 4155 :
2859 4102 3001 4157 istud
3021 4118 3153 4157 vero
3180 4101 3495 4171 pnecidens,
3519 4100 3675 4170 quod

2077 4197 2432 4256 immoderato
2454 4204 2510 4250 et
2530 4193 2881 4248 irrationabili
2904 4193 3147 4248 cruciatu
3167 4202 3401 4247 mentem
3424 4202 3671 4248 nostram

2077 4290 2311 4353 conﬁcit,
2343 4286 2593 4358 quodque
2622 4286 2822 4341 diutius
2864 4284 3123 4353 fragilitas
3150 4292 3334 4339 nostra
3382 4301 3488 4339 non
3520 4285 3673 4342 valet

2075 4384 2358 4439 sustinere.
2392 4380 2499 4436 Sed
2528 4380 2631 4434 hoc
2656 4378 2865 4448 plenius
2896 4378 3009 4447 ipsa
3049 4393 3147 4433 suo
3177 4377 3342 4433 verbo
3369 4378 3542 4448 pietas
3566 4378 3671 4433 Dei

376 4457 499 4511 licet
526 4467 584 4511 ut
612 4459 678 4515 de
719 4470 904 4517 nostro
934 4464 1111 4533 potius
1152 4465 1345 4520 itinere
1368 4483 1474 4536 quo
1505 4468 1523 4537 (
1540 4468 1809 4535 Suec/tim,
1842 4475 1973 4545 forte
2006 4470 2050 4527 D
2075 4478 2344 4548 explicat;
2372 4473 2597 4543 subjecit
2624 4472 2764 4527 enim
2793 4489 2804 4523 :
2835 4470 2903 4524 Et
2928 4470 3196 4524 consolare
3223 4480 3423 4523 mature
3450 4480 3673 4540 propter

374 4549 486 4618 qui)
518 4553 790 4619 sequimur
810 4555 871 4617 “,
903 4570 1063 4624 quam
1093 4556 1159 4611 de
1186 4558 1397 4612 illorum
1426 4560 1516 4627 qui
1541 4560 1651 4628 jam
1684 4568 1959 4632 przvgressi

372 4644 734 4709 pervenerint,
761 4644 1081 4701 laboremus.
1111 4646 1261 4702 Pium
1284 4658 1366 4703 est
1394 4653 1702 4708 contristari
1726 4655 1793 4711 de
1814 4658 1963 4712 avul-

372 4731 522 4786 sione
560 4749 848 4796 carorum;
880 4737 972 4791 sed
1021 4748 1288 4807 sanctum,
1323 4740 1580 4798 laetiﬁcari
1623 4762 1718 4817 spe
1759 4759 1812 4804 et
1861 4751 1962 4809 lide

2071 4569 2353 4622 tristitiam.
2383 4566 2425 4617 Α
2457 4564 2667 4617 tristitia
2707 4562 2842 4614 enim
2892 4560 3101 4629 festinat
3130 4575 3289 4623 mors,
3321 4568 3371 4612 et
3404 4560 3671 4628 cooperiet

2067 4662 2304 4715 virtutem
2334 4665 2390 4719 0;
2421 4655 2545 4723 quia
2575 4653 2786 4707 tristitia
2815 4652 2903 4705 illa
2936 4658 3141 4705 tantum
3171 4650 3416 4704 salutaris
3445 4668 3559 4721 qua:
3578 4659 3662 4705 se

2070 4750 2293 4807 cundum
2324 4747 2487 4801 Deum
2515 4753 2611 4798 est.
2647 4744 2748 4797 Ista
2774 4751 2976 4806 autem,
3006 4751 3064 4796 ut
3091 4739 3381 4810 Apostolus
3408 4743 3504 4810 ait,
3536 4757 3668 4812 qua:

442 4897 466 4923 ⁸
496 4886 625 4971 sap.
654 4907 725 4953 IV,
760 4890 823 4971 Li
852 4900 905 4971 et
934 4892 1060 4971 ll.“
1096 4895 1123 4933 ι’
1162 4896 1183 4949 l
1209 4895 1411 4971 dolum:
1435 4918 1496 4960 ν,
1532 4901 1615 4956 l9.
1698 4916 1719 4943 ο
1761 4906 1780 4959 Ι
1809 4906 1936 4964 Cor.
1966 4926 1992 4961 ι

2104 4908 2181 4959 55.
2260 4905 2284 4941 ἀ
2327 4903 2489 4957 Eccli.
2524 4919 2647 4963 xm,
2684 4899 2734 4953 l.
2800 4910 2836 4971 κθ
2877 4899 3019 4971 Psal.
3054 4916 3283 4961 xxxvm.
3317 4900 3371 4954 5.
3452 4899 3472 4971 ἶ
3509 4900 3661 4957 Psal.

370 4973 507 5023 cxtx,
541 4957 593 5022 5,
626 4975 735 5013 sec.
765 4959 991 5017 Psalter.
1024 4964 1181 5021 Rom.

369 5043 495 5087 xxu.
529 5027 615 5081 5‘2.

368 5113 565 5152 xxxvut
585 5139 599 5163 ,
636 5098 720 5153 l9.

1260 4979 1283 5015 Β
1312 4969 1354 5022 ll
1386 4969 1516 5039 Reg.
1544 4990 1633 5037 xu,
1663 4974 1754 5028 22.

434 5279 514 5361 (a)
543 5279 955 5361 Emendavimus
983 5284 1089 5353 ﬁne
1115 5300 1180 5339 ex
1201 5286 1330 5340 edit.
1358 5287 1511 5343 Grin.
1536 5291 1588 5345 in
1614 5307 1783 5361 marg.
1808 5292 1948 5349 Ante

362 5360 481 5404 erat
507 5367 648 5412 sene,
680 5352 826 5404 nullo
855 5352 1032 5408 sensu.

437 5420 511 5499 (ρ)
542 5419 599 5474 S.
627 5421 950 5487 Augustinus
974 5424 1024 5499 in
1051 5421 1455 5499 Commentario
1481 5446 1642 5498 super
1668 5432 1903 5499 psalmos
1929 5452 1942 5486 :

360 5488 553 5567 Cedar,
563 5500 825 5567 quantum
856 5494 1176 5567 meminimus
1214 5512 1280 5567 ea:
1306 5488 1729 5567 interpretatione
1769 5505 1944 5556 nomi-

362 5574 482 5638 num
528 5559 883 5638 [febrteorunu
913 5562 1147 5638 tenebras
1176 5559 1456 5638 signiﬁcat:
1494 5568 1739 5638 Vulgata,
1790 5572 1944 5625 habi-

360 5632 461 5683 tari
508 5646 619 5685 cum
649 5631 995 5689 habitantibus
1033 5631 1240 5703 (Σιεάιιν,⁷
1272 5631 1662 5707 refragantibus
1689 5631 1941 5698 omnibus

699 4977 735 5013 ε.
766 4974 991 5017 Psalter.
1024 4974 1181 5021 Itoni.
1260 4979 1283 5015 ε
1312 4974 1354 5022 ll
1386 4974 1516 5039 Reg.
1544 4990 1633 5037 xu,
1663 4974 1754 5028 22.
1836 4978 1861 5012 ιι
1888 4976 1932 5030 ll
1965 4978 1992 5030 Η

699 5028 714 5067 ¹
752 5030 920 5086 'Cor.
972 5051 1058 5103 xv,
1111 5036 1209 5103 18;
1250 5038 1272 5091 l
1318 5039 1503 5095 Thess.
1536 5059 1607 5097 IV.
1641 5044 1726 5098 1‘2.
1803 5056 1843 5083 ω
1874 5046 1992 5103 Eccl

2120 4992 2211 5039 xu,
2246 4974 2336 5027 25.
2421 4974 2433 5009 ί
2474 4974 2612 5024 Psal.
2643 4987 2754 5034 xu,
2784 4974 2836 5023 6.
2894 4974 2932 5019 .l
2974 4974 3115 5023 Psal.
3151 4988 3239 5037 XL,
3270 4974 3321 5023 9.
3400 4974 3424 5007 κ
3458 4974 3657 5026 Matth.

2105 5045 2239 5099 ut.l
2314 5058 2425 5098 sec.
2472 5040 2632 5095 LXX.
2710 5049 2735 5076 ιι
2767 5040 2930 5095 Eccli.
2985 5056 3201 5101 xxxvnt.
3250 5037 3338 5095 l5.
3416 5048 3442 5077 ο
3479 5040 3657 5096 Eccli.

2421 4972 2433 5009 ί
2474 4972 2612 5024 Psal.
2643 4987 2754 5034 xu,
2784 4970 2836 5023 6.
2894 4970 2932 5019 .l
2974 4968 3115 5023 Psal.
3151 4988 3239 5037 XL,
3270 4970 3321 5023 9.
3400 4971 3424 5007 κ
3458 4970 3658 5026 Matth.

2058 5294 2334 5349 codicibus
2364 5290 2584 5361 nostris,
2612 5300 2723 5345 tum
2755 5291 3148 5361 manuscriptis,
3184 5302 3293 5346 tum
3323 5294 3481 5347 editis

2129 5364 2201 5434 (c)
2225 5363 2321 5434 _Sie
2351 5378 2449 5416 ms.
2483 5360 2614 5434 Reg.
2642 5370 2696 5416 et
2723 5362 2853 5417 edit.
2876 5360 3053 5417 Chilﬂ.
3083 5361 3222 5418 Ante
3249 5374 3367 5418 erat
3400 5368 3541 5431 ﬂetu.
3586 5363 3652 5420 in

2054 5432 2185 5489 edit.
2218 5432 2430 5495 Schot.,
2465 5433 2645 5502 fultas.

2128 5505 2205 5576 (ά)
2238 5504 2312 5556 lta
2357 5502 2759 5576 emendavimus
2785 5516 2851 5556 ex
2900 5518 3000 5558 ms.
3036 5502 3170 5574 Reg.
3201 5511 3258 5561 et
3303 5504 3432 5560 edit.
3464 5502 3644 5561 Chilll.

2055 5574 2191 5630 Ante
2220 5582 2334 5630 erat
2357 5575 2640 5643 ternum...
2667 5582 2913 5644 tempore.
