3966 6184
226 284 317 339 213

1606 272 1936 331 EPISTOLA
1972 273 2107 330 Xll-l.
2184 330 2187 331 ν

3396 285 3503 353 ιιι

224 396 504 455 secundum
529 393 833 457 hominem,
866 390 969 445 hoc
995 396 1097 451 est,
1125 387 1193 443 de
1218 386 1526 441 inlirmitate
1565 388 1665 456 (a),
1694 402 1810 439 car-
1844 400 1887 457 Α
1914 389 2139 455 splritali
2171 385 2498 442 fecunditate
2527 388 2850 459 proﬂueret;
2881 392 3235 448 inelfabilibus
3262 396 3416 463 panis
3442 404 3502 451 et

116 490 121 491 ⁷
224 488 348 540 natis
376 493 460 540 est
488 484 742 549 tristitia,
773 490 992 536 mortem
1020 488 1263 549 operatur
1293 487 1339 532 ⁸.
1371 476 1525 544 Quod
1554 478 1680 532 licet
1717 493 1815 531 au-

1919 476 2096 531 carnis
2123 475 2357 533 fontibus
2380 521 2394 546 ,
2433 480 2485 534 in
2515 496 2665 551 Spem
2690 481 2995 551 jejunarum
3023 483 3195 539 adhuc
3235 484 3495 552 gentium,

222 590 331 634 tore
358 577 597 638 diverso,
620 584 804 628 tamen
832 587 939 626 uno
960 586 1056 641 per
1079 578 1365 639 utrumque
1387 578 1691 624 sanctorum
1721 563 1817 621 Dei
1917 567 2216 622 esurientes
2245 567 2402 623 ﬁdem
2429 572 2658 640 populos
2683 573 2976 627 carnaliter
3002 574 3222 637 satians,
3254 581 3309 627 et
3336 574 3498 644 spiri-

222 672 402 742 spiritu
427 676 482 723 et
510 668 684 721 verbo
720 665 996 733 Scriptura
1026 660 1261 716 concinit
1294 678 1306 712 :
1341 675 1487 715 mors
1511 659 1652 712 enim
1684 673 1811 713 vera

224 764 292 833 (ὁ)
320 761 535 815 virtutis
564 758 759 826 adopex
775 758 851 810 tio
881 762 983 809 est.
1033 753 1165 807 Nam
1210 752 1255 806 si
1286 752 1454 805 virtus
1500 751 1594 804 Dei
1623 760 1678 805 et
1704 750 1811 804 vita

221 862 397 909 nostra
425 852 676 906 Christus
703 857 817 913 est;
865 860 993 901 vere
1021 844 1224 899 dictum
1254 843 1425 905 vides,
1458 850 1685 895 mortem
1731 841 1808 894 fe-

222 949 415 1001 stinare
442 944 549 997 hoc
576 955 837 1006 tumore,
857 954 964 1007 quo
984 938 1153 990 virtus
1178 936 1452 1004 operiatur
1472 932 1499 971 δ
1527 951 1539 984 :
1571 942 1626 986 et
1646 933 1809 986 homo

221 1046 359 1090 totus
382 1034 537 1104 quasi
568 1031 802 1103 quadam
832 1029 1024 1084 inferni
1055 1027 1337 1093 voragine,
1356 1024 1433 1077 sic
1458 1025 1695 1094 graviore
1717 1024 1810 1075 tri-

219 1129 381 1195 stitia,
409 1135 471 1180 ut
499 1125 793 1194 Apostolus
823 1122 919 1183 ait,
951 1119 1285 1173 absorbeatur
1318 1127 1362 1168 ο.
1392 1114 1498 1170 Sed
1542 1114 1655 1169 Deo
1682 1129 1807 1183 gra-

221 1219 330 1281 tias,
359 1215 509 1285 quod
555 1213 715 1281 hujus
755 1212 810 1265 in
843 1220 895 1265 te
924 1209 1121 1264 laboris
1150 1216 1205 1262 et
1232 1206 1439 1260 timoris
1479 1205 1608 1258 mihi
1657 1221 1808 1260 com-

218 1307 467 1377 pendium
514 1304 645 1358 facit
670 1301 996 1357 conscientia
1025 1298 1236 1352 virtutis
1261 1304 1319 1350 et
1356 1295 1650 1366 prudentia:
1679 1306 1801 1363 tunc,

218 1397 362 1465 cujus
389 1393 593 1464 largius
624 1394 717 1447 tibi
747 1393 927 1445 lumen
957 1398 1037 1445 est
1056 1430 1070 1452 ,
1102 1403 1263 1457 quam
1290 1395 1348 1440 ut
1378 1387 1607 1441 tristitia:
1647 1395 1802 1440 tene-

218 1488 320 1541 bris
349 1488 524 1557 possit
554 1484 752 1554 operiri
798 1502 809 1535 :
841 1482 968 1550 quin
1000 1480 1180 1550 potius
1212 1487 1300 1531 tua
1334 1477 1500 1531 virtus
1531 1478 1802 1530 tristitiam

219 1580 280 1648 (τ)
310 1577 513 1644 largior
543 1576 693 1643 tegit,
717 1582 1052 1640 mortemque
1083 1570 1250 1639 ipsam
1279 1575 1334 1622 et
1353 1568 1461 1621 vim
1490 1566 1638 1621 noxii
1669 1582 1802 1621 ma:-

219 1670 346 1721 roris
374 1668 653 1721 absorbet.
679 1664 794 1718 Non
818 1662 869 1717 id
896 1661 1075 1716 verbis
1095 1660 1229 1714 meis
1255 1659 1349 1712 tibi
1378 1659 1601 1726 largior,
1628 1672 1801 1726 neque

1917 658 2095 714 taliter
2122 662 2367 730 irrigans,
2400 664 2807 734 indeprehensis
2830 666 3076 721 auctibus
3102 675 3339 721 comesta
3366 682 3481 735 sup-

1914 752 2082 819 plens,
2121 752 2323 807 edenda
2363 755 2729 824 suppeditans,
2762 765 2817 810 et
2867 756 2934 810 ad
2964 772 3176 810 morsus
3221 755 3496 809 edentium

1909 840 2169 910 fragmina
2220 844 2294 915 (j)
2325 846 2596 899 subcidiva
2627 847 2980 916 dcpromens;
3028 857 3085 901 ut
3126 848 3266 905 inter
3307 862 3497 903 manus

1909 935 1993 987 vel
2036 935 2088 987 iu
2131 950 2226 989 ore
2263 937 2587 991 sumentium
2618 940 2985 993 crescentibus
3032 939 3184 1004 cibis,
3232 939 3498 993 sentirent

1909 1025 2089 1093 potius
2145 1039 2389 1079 escarum
2445 1043 2659 1081 suarum
2702 1030 2945 1098 c0piam,
2998 1044 3157 1097 quam
3213 1028 3490 1093 viderent;

1908 1116 2178 1173 morsibus
2218 1116 2475 1173 redeunte
2505 1128 2807 1183 consumto,
2838 1129 2893 1175 et
2930 1119 3181 1175 dentibus
3227 1120 3494 1175 subeunte

1907 1204 2191 1258 sumendo.

1979 1293 2065 1349 12.
2096 1294 2267 1364 Ipsius
2295 1296 2439 1350 enim
2482 1297 2695 1351 Domini
2731 1299 3034 1368 exemplum
3075 1300 3129 1353 in
3166 1313 3333 1369 opere
3372 1298 3501 1369 ejus

1905 1401 2136 1456 gerens,
2187 1389 2487 1457 praecepisti
2520 1391 2729 1444 turbam
2779 1391 3018 1446 residere
3072 1392 3123 1445 in
3178 1401 3322 1446 terra
3366 1393 3490 1447 :sic

1904 1479 2048 1532 enim
2070 1486 2124 1532 et
2148 1476 2302 1534 Jesus
2319 1477 2495 1547 jussit,
2522 1490 2579 1534 ut
2606 1482 2830 1550 legimus
2851 1483 2902 1536 in
2928 1491 3069 1536 terra
3101 1484 3413 1539 recumbere
3437 1493 3484 1538 ο.

1903 1568 2036 1623 Nam
2069 1571 2120 1623 in
2153 1578 2206 1623 te
2235 1578 2290 1624 et
2318 1571 2431 1639 ipse
2472 1572 2731 1626 Dominus
2754 1582 2900 1638 erat,
2934 1574 3070 1627 sicut
3098 1582 3197 1639 est,
3229 1576 3354 1644 quia
3395 1591 3490 1630 ne-

1903 1677 1992 1716 mo
2024 1663 2127 1731 73
2158 1663 2355 1718 Christi
2385 1680 2548 1732 opera
2579 1665 2695 1718 sine
2735 1665 2950 1719 Christo
2978 1667 3087 1734 agit
3118 1684 3130 1719 :
3171 1666 3326 1735 cujus
3369 1682 3490 1720 mi»

218 1759 517 1828 wnjectura
541 1756 754 1811 virtutis
785 1763 887 1808 tua:
912 1754 1139 1821 loquor:
1169 1766 1334 1825 opera
1356 1757 1447 1803 tua
1475 1750 1579 1804 hoc
1607 1750 1712 1820 72
1733 1748 1801 1803 de
1833 1760 1875 1817 Β
1904 1768 2034 1807 nere
2080 1763 2135 1809 et
2163 1755 2539 1811 benedictione
2585 1758 2835 1827 copiosos
2866 1759 2960 1813 tibi
3003 1775 3201 1829 panes,
3234 1768 3292 1814 ut
3329 1775 3486 1815 acce-

220 1862 265 1907 te
289 1858 685 1909 contestantur,
708 1857 765 1902 et
791 1862 879 1901 me
897 1853 1171 1916 comperta
1190 1843 1337 1911 loqui
1364 1850 1580 1910 cogunt.

281 1943 363 1996 ll.
393 1942 626 1997 Veniam
655 1940 798 1995 enim
842 1938 953 2007 jam
990 1937 1059 1991 ad
1107 1935 1543 2006 przedicationem
1573 1947 1797 2003 operum

220 2042 417 2088 tuorum
438 2073 456 2098 ,
486 2039 541 2087 et
571 2031 637 2085 ad
682 2031 802 2101 pios
848 2038 1000 2083 actus
1027 2028 1095 2083 de
1121 2028 1482 2097 lacrymarum
1511 2024 1799 2079 sanctitate

220 2121 469 2177 transibo.
517 2120 628 2175 Sua
660 2121 803 2174 enim
846 2119 1040 2187 cuique
1084 2116 1222 2187 parti
1251 2115 1429 2171 debita
1471 2113 1796 2186 persolvisti,

221 2213 473 2284 laerymas
500 2210 719 2281 corpori
750 2209 1007 2272 lundens,
1036 2208 1435 2277 eleemosynam
1478 2206 1671 2259 anima:
1712 2204 1797 2259 in-

220 2307 454 2361 fundens.
486 2304 629 2358 Vere
671 2302 922 2357 conscius
945 2292 1307 2365 veritatis,‘et
1332 2298 1470 2352 lilius
1498 2297 1656 2363 lucis,
1708 2295 1799 2350 ubi

220 2406 436 2452 mortem
468 2396 682 2451 sciebas
706 2409 845 2456 esse,
878 2391 1095 2455 flevisti;
1129 2391 1218 2445 ubi
1246 2392 1412 2444 vitam
1442 2388 1636 2457 credis,
1668 2403 1801 2458 ope-

220 2498 354 2542 ratus
380 2504 445 2541 es
474 2490 489 2557 (
517 2487 582 2539 V.
616 2494 730 2540 not.
764 2484 826 2537 91
855 2485 872 2553 )
910 2502 923 2537 :
954 2483 1139 2538 vacuis
1167 2482 1365 2549 inania,
1395 2481 1529 2535 vivis
1555 2480 1675 2535 viva
1700 2479 1799 2534 de-

219 2579 473 2648 pendens.
497 2577 686 2647 ltaque
717 2583 974 2645 patronos
1000 2573 1297 2627 animarum
1326 2578 1633 2626 nostrarum
1661 2583 1801 2638 pauo

221 2684 363 2738 peres
385 2670 453 2731 υ,
472 2668 563 2736 qui
591 2674 704 2720 tota
731 2665 814 2736 (ά)
841 2663 1019 2717 Roma:
1041 2660 1112 2733 (e)
1140 2661 1278 2731 stipe
1306 2660 1557 2715 meritant
1579 2659 1646 2731 (ι’)
1672 2656 1805 2711 mul-

220 2760 290 2822 ti,
317 2760 390 2829 (g)
426 2767 486 2812 ut
524 2758 677 2811 dives
708 2756 761 2809 in
791 2755 911 2807 aula
952 2751 1192 2823 Apostoli
1220 2750 1575 2819 congregasti.
1610 2748 1801 2803 Pulcro

221 2849 463 2919 equidem
508 2847 644 2900 tanti
674 2846 854 2915 operis
906 2843 979 2896 tui
1027 2842 1334 2912 spectaculo
1364 2856 1574 2911 pascor.
1606 2838 1803 2894 Videre

220 2941 351 2993 enim
382 2938 516 2992 mihi
545 2937 735 2991 videor
761 2943 871 2989 tota
899 2933 988 2988 illa
1016 2933 1264 3001 religiosa
1293 2929 1605 2984 miserandae
1630 2929 1803 2999 plebis

222 3031 480 3093 examina,
512 3029 636 3083 illos
658 3026 873 3097 pietatis
900 3025 1092 3080 divinae
1120 3024 1365 3077 alumnos
1396 3022 1556 3076 tantis
1582 3020 1805 3077 inﬂuere

1901 1844 2026 1913 pisti
2056 1844 2111 1897 in
2164 1845 2381 1901 nomine
2410 1845 2546 1914 ejus,
2598 1848 2737 1902 sicut
2765 1847 3011 1916 discipuli
3041 1849 3108 1903 ab
3156 1849 3273 1918 ipso
3328 1850 3485 1904 bene-

1897 1933 2071 1987 dictos
2098 1943 2419 2003 acceperant
2446 1935 2795 2003 dividendos,
2837 1953 2935 2007 per
2961 1937 3239 1991 innumera
3276 1951 3485 2007 panpe-

1864 2040 2018 2089 grum
2063 2040 2157 2079 ora
2207 2024 2281 2096 (k)
2322 2026 2612 2083 demensus
2658 2043 2749 2095 es;
2791 2037 2848 2083 et
2890 2028 3386 2095 manducaverunt,
3428 2040 3486 2083 et

1897 2116 2123 2170 saturati
2150 2124 2274 2171 sunt
2314 2135 2330 2172 :
2365 2124 2423 2172 et
2458 2121 2605 2188 quod
2649 2119 2938 2174 abundavit
2964 2119 3032 2174 de
3059 2119 3313 2189 panibus,
3346 2119 3485 2173 tule-

1896 2214 2023 2259 runt
2049 2222 2259 2273 omnes,
2286 2210 2652 2278 unusquisque
2679 2216 2890 2279 sportas
2917 2225 3043 2265 suas
3068 2209 3254 2279 plenas
3302 2208 3347 2263 ί.
3378 2208 3486 2266 Sed

1899 2304 1959 2351 tu
1985 2313 2204 2353 omnem
2246 2298 2658 2355 redundantiam
2698 2301 3119 2370 fragmenton
3166 2300 3486 2370 spiritalium

1897 2388 2180 2457 collegisti,
2211 2390 2277 2446 de
2305 2390 2588 2447 duodecim
2616 2393 2863 2462 cophinis
2899 2392 3254 2462 apostolicam
3301 2391 3483 2457 ﬁdem,

1898 2480 1968 2536 de
2011 2490 2218 2551 septem
2263 2483 2464 2553 sportis
2512 2485 2737 2553 gratiam
2778 2484 3107 2555 spiritalem;
3154 2499 3262 2538 non
3310 2483 3488 2539 minus

1900 2572 2221 2628 mirabiliter
2245 2584 2507 2644 operante
2552 2576 2605 2630 in
2635 2575 2741 2630 tuis
2767 2576 2996 2646 panibus
3022 2574 3261 2638 Christo,
3292 2575 3387 2644 qui
3432 2576 3487 2630 in

1902 2672 1995 2718 tuo
2023 2664 2128 2719 isto
2153 2666 2402 2721 convivio
2442 2682 2637 2736 panem
2668 2675 2817 2721 tuum
2842 2668 3115 2722 carnalem
3145 2667 3199 2721 in
3237 2666 3497 2722 cmiestes

1899 2755 2050 2811 cibos
2071 2758 2363 2826 transtulit,
2393 2766 2449 2814 et
2476 2760 2529 2813 iu
2552 2767 2809 2814 :cternam
2840 2760 2936 2814 tibi
2960 2761 3296 2815 saturitatem
3324 2775 3491 2831 para-

1900 2846 1998 2901 vit.
2030 2845 2372 2904 Recumbens
2394 2849 2536 2904 enim
2555 2847 2677 2917 jure
2697 2865 2816 2905 cum
2840 2850 3082 2919 patribus
3106 2850 3169 2920 (ι)
3194 2849 3485 2917 Abraham,

1901 2936 2070 3001 Isaac,
2123 2946 2178 2992 et
2227 2936 2413 3003 Jacob,
2470 2940 2719 2994 convivio
2769 2939 2986 3005 Christi,
3035 2951 3184 2995 veste
3231 2942 3488 3010 prteditus

1903 3028 2130 3096 nuptiali
2161 3037 2208 3093 κ,
2239 3029 2363 3096 quia
2396 3036 2572 3083 tecum
2601 3029 2722 3084 istic
2759 3030 2813 3084 in
2841 3030 3165 3100 pauperibus
3190 3032 3301 3087 suis
3327 3030 3487 3087 Chri—

222 3123 425 3190 peuitus
456 3119 760 3188 agminibus
786 3116 841 3169 in
869 3116 1249 3185 amplissimam
1280 3113 1499 3183 gloriosi
1529 3112 1673 3167 Petri
1701 3112 1801 3167 ba-
1831 3118 1877 3181 C
1907 3125 2022 3172 stus
2045 3118 2333 3183 recumbit,
2364 3129 2418 3174 et
2446 3119 2597 3174 habet
2623 3120 2677 3175 in
2700 3136 2759 3177 ie
2786 3119 2956 3175 Filius
2978 3121 3199 3176 hominis
3226 3121 3312 3175 ubi
3334 3122 3489 3178 recti.

223 3213 414 3267 silicam
450 3226 549 3280 per
577 3211 723 3264 illam
751 3208 1107 3262 venerabilem
1136 3207 1214 3276 (It)
1246 3206 1449 3275 regiam
1477 3206 1537 3276 (i)
1564 3204 1660 3277 (V.
1684 3213 1800 3259 not.

221 3304 312 3372 5-1)
338 3304 523 3359 cerula
574 3303 785 3356 eminus
832 3299 1008 3353 fronte
1035 3298 1321 3365 ridentem,
1351 3306 1410 3351 ut
1438 3304 1553 3351 tota
1581 3306 1637 3349 et
1665 3296 1805 3349 intra

221 3393 510 3457 basilicam,
542 3401 599 3447 et
628 3408 726 3462 pro
743 3391 926 3460 januis
952 3390 1092 3455 atrii,
1125 3397 1181 3443 et
1224 3404 1320 3459 pro
1346 3387 1597 3456 gradibus
1625 3385 1804 3455 campi

221 3487 379 3555 spatia
405 3492 761 3540 eoarctentur
791 3481 853 3535 ι’.
890 3481 1053 3536 Video
1080 3486 1433 3547 congregatos
1453 3478 1525 3531 ita
1554 3476 1806 3531 distincte

223 3592 308 3646 per
334 3578 616 3631 accubitus
646 3574 751 3645 (V.
783 3582 899 3628 not.
930 3571 1027 3641 55)
1058 3570 1315 3637 ordinari,
1346 3577 1402 3624 et
1437 3567 1659 3639 proﬂuis
1684 3583 1799 3622 om-

140 3674 145 3681 ‘
222 3684 309 3721 nes
335 3668 570 3723 saturari
600 3665 755 3724 cibis.
797 3673 855 3719 ut
882 3674 1007 3720 ante
1052 3664 1238 3719 oculos
1265 3662 1598 3732 Evangelia}:
1632 3661 1801 3716 bene-

222 3757 461 3813 dictionis
489 3757 731 3820 ubertas,
761 3770 1057 3824 eorumque
1102 3754 1423 3824 populorum
1460 3753 1637 3822 imago
1681 3767 1803 3807 ver-

221 3860 391 3917 sctur,
437 3863 580 3917 quos
624 3849 860 3917 quinque
904 3846 1131 3916 panibus
1176 3852 1233 3900 et
1266 3844 1475 3900 duobus
1517 3838 1801 3914 piscibus‘l

222 3942 364 4009 panis
397 3943 515 4012 ipse
548 3956 725 4002 verus,
755 3948 813 3993 et
851 3954 1002 4009 aqua:
1028 3939 1162 3992 vivae
1205 3937 1367 4007 piscis
1414 3936 1518 4009 (V.
1550 3943 1665 3992 not.
1697 3933 1803 4007 56)

220 4032 455 4089 Christus
483 4033 723 4103 explevit
752 4050 764 4085 :
795 4046 901 4085 non
932 4030 1130 4084 usitato
1160 4044 1310 4084 more
1336 4036 1637 4083 creaturam
1665 4027 1801 4083 cibis

222 4126 513 4189 hominum,
546 4124 644 4180 sed
682 4139 824 4178 novo
847 4137 1068 4177 munere
1108 4120 1218 4190 jam
1240 4129 1459 4191 paratos
1493 4120 1803 4175 hominibus

222 4214 359 4269 cibos
387 4216 652 4283 gignens;
675 4228 799 4268 cum
825 4218 1013 4283 operta
1040 4226 1231 4265 manus
1252 4210 1435 4265 divino
1454 4218 1704 4278 suggestu
1723 4209 1805 4263 vi-

222 4309 395 4365 sibiles
422 4308 617 4381 epulas
664 4309 1027 4372 ministraret,
1076 4313 1132 4360 et
1166 4304 1220 4359 in
1248 4304 1502 4358 alimenta
1540 4316 1806 4372 corporea

1906 3219 1992 3264 net
2019 3219 2173 3280 caput
2194 3228 2342 3264 suum
2364 3208 2413 3264 δ.

1979 3300 2065 3355 15.
2095 3302 2255 3357 Juvat
2280 3304 2442 3357 etiam
2467 3318 2609 3359 nunc
2632 3304 2685 3358 in
2707 3303 3015 3375 spectaculo
3036 3311 3091 3357 et
3110 3303 3493 3373 phedicatioue

1905 3393 2042 3447 tanti
2071 3394 2249 3463 operis
2272 3393 2565 3448 immorari.
2600 3394 2720 3449 Non
2748 3395 2889 3449 enim
2912 3395 3167 3461 hominis,
3196 3394 3291 3449 sed
3312 3394 3491 3451 divina

1906 3499 2005 3553 per
2031 3484 2306 3539 hominem
2337 3500 2502 3553 opera
2544 3484 2842 3540 laudamus.
2892 3483 3063 3550 Quam
3096 3485 3274 3539 laetum
3299 3485 3409 3539 Deo
3438 3493 3493 3540 et

1904 3576 2103 3630 sanctis
2131 3576 2332 3643 angelis
2360 3575 2475 3643 ejus
2512 3575 2581 3629 de
2612 3576 2713 3630 hac
2743 3584 2829 3629 tua
2858 3617 2874 3643 ,
2920 3583 2979 3629 ut
3006 3576 3110 3630 dici
3139 3576 3315 3643 solet,
3362 3591 3491 3645 pera

1906 3666 2003 3738 (V.
2021 3677 2134 3722 not.
2152 3666 2244 3737 58)
2268 3668 2628 3736 spectaculum
2653 3667 2747 3731 (V.
2769 3676 2880 3721 not.
2905 3666 2997 3735 57)
3023 3682 3178 3720 sacer
3197 3666 3376 3722 editor
3397 3682 3492 3722 ex-

1903 3758 2128 3814 hibebas
2149 3757 2164 3796 ί
2189 3759 2202 3811 !
2235 3766 2435 3828 quanto
2462 3758 2632 3826 ipsum
2657 3757 2969 3827 Apostolum
2989 3755 3272 3810 attollebas
3290 3755 3331 3787 “
3360 3770 3491 3825 gau-

1905 3849 2014 3915 dio,
2040 3864 2163 3904 cum
2189 3857 2354 3903 totam
2376 3848 2491 3916 ejus
2516 3848 2793 3902 basilicam
2817 3846 2999 3901 densis
3021 3847 3242 3917 in0pum
3263 3847 3495 3901 cratibus

1905 3942 2254 4011 stipavisses,
2299 3940 2387 3994 vel
2436 3955 2540 4009 qua
2590 3938 2690 3994 sub
2738 3939 2848 3993 alto
2894 3939 2978 3993 sui
3026 3938 3275 3993 culminis
3301 3937 3494 3993 mediis

1907 4033 2085 4102 ampla
2111 4031 2453 4102 laquearibus
2478 4032 2694 4099 longum
2723 4038 2904 4102 patet,
2937 4038 2991 4086 et
3018 4028 3330 4100 Apostolico
3357 4028 3493 4084 emi-

1909 4140 2010 4179 nus
2037 4123 2174 4178 solio
2206 4122 2302 4193 (V.
2336 4131 2451 4177 not.
2484 4122 2573 4192 '59)
2599 4138 2928 4188 coruscans,
2960 4120 3373 4185 ingredientium
3409 4119 3496 4174 lu-

1910 4214 2055 4269 mina
2082 4214 2324 4281 stringit,
2355 4221 2411 4268 et
2438 4213 2600 4269 corda
2622 4212 2897 4268 lmtillcat:
2928 4212 3017 4267 vel
3040 4227 3144 4282 qua
3180 4211 3280 4266 sub
3305 4210 3495 4265 eadem

1912 4303 2057 4359 mole
2103 4309 2373 4359 tectorum
2417 4302 2643 4371 geminis
2688 4304 2961 4373 utrimque
3004 4302 3300 4373 porticibus
3328 4302 3497 4358 latera

283 4480 308 4508 ι
334 4470 376 4523 ll
406 4469 543 4524 Cor.
575 4484 667 4531 vn,
700 4465 787 4521 10.
846 4462 910 4517 δι
939 4464 1065 4519 Cor.
1098 4479 1136 4527 ι,
1163 4460 1265 4527 Ξις
1294 4458 1435 4514 Psal.
1455 4457 1743 4531 suaso;
1769 4456 1984 4531 Col._m,
2098 4467 2133 4531 _¢
2147 4456 2189 4511 ll
2202 4456 2337 4531 Cor.
2369 4457 2501 4531 n_,_7.
2533 4454 2581 4531 ff
2602 4456 2792 4511 Matth.
2815 4473 2923 4531 xxv,
2956 4455 3058 4531 |9_;_
3078 4456 3273 4531 Julian.
3302 4473 3375 4521 vr,
3406 4457 3497 4531 ll.

223 4552 246 4580 ο
271 4542 460 4597 Matth.
486 4555 598 4602 xiv,
632 4526 730 4602 1'9;
762 4535 927 4589 Marc.
958 4551 1027 4599 Vl,
1052 4526 1149 4597 '59;
1178 4526 1306 4587 Luc.
1338 4548 1412 4602 ix,
1445 4529 1533 4593 M;
1554 4529 1748 4602 Johan.
1780 4544 1853 4593 v1,
1885 4528 1974 4583 l0.
2018 4528 2037 4566 '
2064 4527 2363 4595 Mattb.xv,
2390 4528 2494 4594 37;
2532 4527 2697 4583 Marc.
2727 4544 2838 4593 Vill,
2870 4526 2924 4581 8.
2958 4537 2983 4575 ις
3011 4526 3201 4582 Matth.
3235 4541 3367 4591 χιιι,
3400 4526 3524 4593 li;-

222 4596 399 4667 Ilatth.
430 4626 552 4673 vin,
584 4596 671 4661 11.
718 4596 773 4643 ἰι
802 4604 993 4660 Matth.
1016 4596 1144 4669 vui,
1168 4602 1257 4657 20.
1339 4602 1356 4641 ί
1389 4600 1411 4655 l
1448 4601 1574 4657 Cor.
1605 4615 1685 4665 tv,
1709 4596 1762 4651 9.

282 4790 357 4858 (α)
404 4789 700 4858 Expuncto
726 4784 893 4858 verbo
933 4792 1010 4839 est
1059 4781 1212 4858 juxta
1258 4795 1361 4858 ms.
1396 4778 1531 4847 Reg.
1582 4788 1638 4833 et
1667 4778 1801 4858 edit.
1831 4774 1883 4835 D
1922 4777 2056 4858 “(9)
2085 4775 2186 4858 Sic.
2215 4790 2346 4831 mss.
2398 4773 2530 4844 Reg.
2576 4781 2631 4829 et
2685 4773 2841 4827 Vien.
2898 4787 3018 4827 eum
3074 4771 3204 4827 edit.
3257 4770 3496 4829 Chilllet.

223 4850 382 4913 Cbill].
422 4850 799 4912 subnectimus
828 4850 1323 4921 alteram'epistola:
1361 4858 1717 4921 partemque:
1748 4850 1801 4903 in

222 4930 440 4997 vulgatis
491 4936 548 4981 et
576 4942 705 4979 mss.
753 4923 1072 4997 quibusdam
1103 4920 1377 4979 eodicibus
1420 4920 1492 4997 ad,
1534 4920 1806 4997 xilethium

224 4990 611 5053 inscribebatur
642 5011 749 5048 uno
770 4990 1093 5063 eodemque
1133 5002 1320 5047 tenore
1361 4991 1517 5060 epist.
1552 4990 1640 5044 55.
1672 4990 1808 5045 Vide
1870 5046 1877 5055 ,

225 5066 431 5121 Dissert.
469 5067 527 5133 1,
560 5083 617 5120 n.
649 5065 735 5119 15.

284 5137 352 5206 (b)
382 5138 479 5192 Sic
513 5128 627 5191 'ms.
663 5135 816 5189 Vien.
866 5142 922 5206 et
948 5132 1077 5187 edit.
1109 5130 1283 5187 Chiﬂl.
1316 5130 1421 5185 Alii
1457 5130 1669 5185 codices
1709 5128 1807 5184 ad-

225 5205 341 5261 dunt
368 5210 586 5271 animm,
615 5222 806 5275 parum
840 5205 903 5275 ad
934 5220 1067 5275 rem.

286 5279 353 5343 (ε)
384 5278 543 5332 Hanc
567 5269 759 5331 vocem
815 5274 1120 5328 addidimus
1150 5287 1217 5327 ex
1264 5286 1366 5326 ms.
1395 5269 1531 5337 Reg.
1576 5278 1631 5326 et
1676 5270 1805 5325 edit.

224 5342 497 5485 Chwjelta
531 5432 663 5471 mss.
694 5414 831 5483 Reg.
862 5422 920 5469 et
956 5412 1112 5467 Vien.
1145 5419 1201 5466 et
1239 5410 1369 5466 edit.
1402 5408 1579 5466 Chifll.
1630 5412 1807 5477 Alias,

231 5485 483 5627 Roga-Sic
514 5572 613 5610 ms.
645 5555 805 5627 Vien.
837 5562 893 5610 et
920 5553 1008 5627 ed.
1037 5548 1371 5627 Clii_l'l_l:_Alii.
1394 5553 1611 5627 istipem.

290 5620 363 5696 if)
390 5625 472 5680 Ita
525 5643 626 5680 ms.
655 5625 816 5680 Vien.
846 5633 902 5681 et
945 5623 1032 5679 ed.
1083 5620 1260 5676 Cbilll.
1293 5629 1348 5677 et
1391 5620 1641 5677 Saechin.
1673 5620 1811 5675 Ante

227 5708 336 5754 enat
356 5698 756 5753 multitudinem.

1907 4846 2075 4911 Alias,
2097 4846 2292 4900 aulam.

1982 4917 2060 4988 (h)
2089 4917 2165 4988 Ita
2196 4933 2323 4971 mss.
2356 4914 2717 4988 Vatic.__V_ien.
2748 4922 2802 4968 et
2830 4913 2958 4967 edit.
2989 4910 3223 4988 Chil'llet.
3250 4912 3499 4988 et__Rosv.

1911 4980 2110 5041 At‘ms.
2144 4987 2276 5055 Reg.
2321 5000 2443 5039 eum
2490 4983 2649 5039 editis
2692 4993 2946 5055 quatuor,
2997 4983 3248 5055 reginam.
3298 4980 3498 5051 Estque

1911 5059 2075 5182 ἔξω
2105 5072 2199 5180 seu
2214 5053 2430 5179 ἔῖῃὺια,
2463 5054 2733 5124 praecipua
2764 5053 3032 5108 Vaticana:
3059 5053 3291 5108 basilica:
3317 5063 3497 5125 porta.

1960 5146 1974 5182 ι
2015 5143 2137 5181 eno
2169 5168 2183 5181 .
2291 5166 2305 5179 .

1960 5143 2046 5183 lue
2069 5143 2183 5181 ιιοι.
2214 5143 2305 5179 04.

1988 5198 2050 5267 (ἱ)
2081 5197 2173 5252 Sic
2202 5211 2333 5250 mss.
2359 5194 2503 5267 Reg.
2538 5201 2593 5247 et
2638 5193 2793 5267 Vien.
2840 5210 2964 5249 cum
2994 5192 3163 5261 tribus
3187 5192 3365 5249 editis.
3395 5194 3496 5250 Ms.

1912 5265 2083 5321 Vatic.
2111 5276 2165 5321 et
2193 5266 2323 5321 edit.
2358 5265 2551 5331 Rosv.,
2580 5266 2807 5318 cerulea.

1988 5339 2055 5409 (j)
2087 5337 2165 5409 Ita
2192 5334 2479 5409 ms.AVien.
2512 5334 2733 5409 etedit.
2772 5332 2948 5389 Cbil‘ll.
2982 5332 3078 5388 Ed.
3125 5332 3300 5409 Grin_.,
3330 5331 3498 5386 subci-

1909 5403 2040 5463 siva.
2070 5408 2170 5461 Alii
2192 5405 2422 5469 codices,
2450 5403 2719 5459 subciliva.
3255 5404 3263 5415 '

1988 5480 2062 5548 (Ir)
2092 5478 2181 5531 Sic
2212 5492 2343 5530 mss.
2372 5485 2427 5530 et
2454 5475 2584 5531 editi
2613 5474 2849 5541 codices,
2874 5483 3072 5545 prteter
3102 5472 3262 5527 Rosv.
3290 5472 3346 5523 in
3366 5484 3495 5539 quo,

1914 5549 2175 5603 dimensus
2197 5563 2269 5600 es.
3472 5552 3475 5555 '

1988 5619 2051 5688 (ι)
2080 5616 2231 5688 Hane

2082 5616 2720 5741 iljaqzchiﬁll-(zeitzpositionem
2768 5614 3074 5671 addidimus
3117 5627 3182 5666 ex
3210 5624 3311 5664 ms.
3337 5610 3493 5667 Vien.
3544 5662 3551 5669 .

1916 5700 1970 5744 ct
2000 5686 2143 5743 edit.
2173 5686 2387 5743 Chilllet
