3966 6184
477 336 580 393 215

1539 347 1544 352 '
1591 331 1646 389 δ.
1689 330 1962 416 PAULINI
2001 332 2252 391 NOLANI
2291 332 2590 394 EPISCOPI

3638 340 3747 398 216

477 450 760 516 diﬂ‘uudit;
803 464 976 520 quave
1005 456 1267 520 praeterito
1295 446 1473 503 nitens
1502 447 1642 502 atrio
1673 447 1768 518 (V.
1796 456 1908 504 not.
1941 447 2053 521 40),
2085 456 2131 512 Α
2161 454 2454 510 dictionum
2477 453 2811 511 addebantur
2829 455 3063 526 praemiis
3084 458 3297 513 vestris.
3327 454 3490 515 Vobis
3512 460 3656 515 enim
3675 460 3748 520 ad

478 543 593 598 fusa
623 543 886 599 vestibulo
914 550 1037 608 est;
1068 541 1157 596 ubi
1186 539 1503 596 cantharum
1539 539 1782 595 ministra
1810 540 2058 612 manibus

475 642 530 685 et
570 632 754 688 oribus
802 630 896 702 (V.
940 639 1056 686 not.
1097 629 1188 698 41)
1241 629 1439 684 nostris
1486 628 1684 683 ﬂuenta
1731 636 2056 698 ruetantem,

475 725 752 793 fastigatus
789 722 961 783 solido
992 737 1100 778 aere
1133 722 1313 776 tholus
1341 729 1502 776 ornat
1530 729 1585 775 et
1614 719 1915 785 inumbrat,
1949 737 2057 775 non

477 813 594 868 sine
634 813 856 884 mystica
899 813 1079 883 specie
1113 822 1349 881 quatuor
1391 811 1655 866 columnis
1684 810 1779 882 (V.
1822 820 1936 866 not.
1966 809 2056 881 42)

478 900 734 955 salientes
761 915 929 970 aquas
958 900 1219 955 ambiens.
1262 899 1429 955 Decet
1459 900 1602 954 enim
1645 900 1939 967 ingressum
1969 915 2059 956 ec-

475 990 653 1045 closiae
681 991 804 1045 talis
832 997 1087 1058 ornatus,
1119 998 1178 1044 ut
1203 988 1348 1057 quod
1385 989 1526 1044 intus
1553 989 1811 1060 mysterio
1837 989 2057 1043 salutari

477 1083 708 1149 geritur,
745 1081 1026 1152 spectabili
1055 1097 1154 1151 pro
1188 1080 1391 1136 foribus
1421 1096 1585 1150 opere
1609 1081 1871 1149 signetur.
1923 1080 2058 1134 Nam

477 1182 533 1228 et
560 1173 730 1228 nostri
757 1173 1003 1243 corporis
1051 1172 1309 1242 templum
1351 1169 1667 1240 quadriiugo
1695 1169 2060 1225 stabilimento

478 1281 586 1321 una
625 1265 901 1334 Evangelii
933 1265 1065 1320 tides
1104 1264 1372 1330 sustinet;
1418 1272 1474 1318 et
1513 1278 1636 1318 cum
1674 1277 1742 1317 ex
1772 1277 1839 1317 eo
1865 1263 2058 1332 gratia,

476 1373 581 1429 qua
603 1359 952 1425 renascimur,
977 1357 1140 1424 ﬂuat;
1167 1359 1294 1413 etin
1316 1373 1382 1414 eo
1393 1357 1659 1425 Christus,
1683 1372 1791 1426 quo
1811 1357 2058 1424 vivimus,

479 1449 790 1516 reveletur;
843 1448 1086 1519 profecto
1112 1449 1268 1504 nobis
1296 1449 1348 1502 in
1377 1456 1608 1517 quatuor
1635 1446 1760 1500 vitae
1785 1447 2062 1502 columnas

479 1537 557 1607 (a)
588 1537 676 1592 ille
704 1554 854 1609 aqua:
879 1537 1113 1592 salientis
1142 1538 1197 1591 in
1225 1538 1381 1590 vitam
1410 1547 1654 1590 wternam
1685 1537 1802 1606 fons
1831 1544 1858 1573 ⁸
1888 1535 2063 1590 nasci-

478 1639 608 1696 tur;
656 1645 862 1699 nosque
901 1629 968 1684 ab
1007 1629 1219 1683 interno
1244 1628 1400 1696 rigat,
1433 1634 1488 1682 et
1518 1626 1688 1680 fervet
1715 1626 1769 1681 in
1789 1625 1984 1680 nobis:
2017 1626 2062 1681 si

478 1729 660 1775 tamen
684 1719 760 1791 (ὁ)
791 1720 1056 1789 possimus
1080 1719 1277 1782 dicere,
1308 1717 1394 1771 vel
1414 1717 1614 1772 sentire
1639 1731 1942 1771 mereamur
1967 1717 2062 1770 ha-

2153 545 2417 616 justitiam
2447 544 2806 615 deputabatur
2841 545 3196 602 conclamatio
3224 547 3314 602 illa
3343 557 3398 603 et
3423 565 3746 620 compreca-

2160 638 2237 691 tio
2268 650 2566 706 pauperum
2592 674 2607 699 ,
2637 651 2743 704 qua
2783 650 2883 705 per
2909 641 3092 689 vestra
3121 652 3345 691 munera
3387 638 3747 694 benediceba-

2163 736 2248 783 tur
2274 729 2404 784 Deo.
2429 728 2592 782 Facili
2621 729 2765 783 enim
2794 728 2880 782 via
2907 727 2973 782 ad
3002 743 3188 782 aurem
3217 727 3314 783 Dei
3341 745 3500 785 voces
3523 731 3745 800 inopum

2159 822 2491 890 diriguntur,
2539 820 2663 890 quia
2699 821 2867 875 oratio
2893 818 2964 892 (e)
2989 821 3262 892 pauperis,
3303 821 3444 876 sicut
3482 824 3746 895 scriptum

2160 922 2260 979 est,
2293 913 2452 966 nubes
2478 922 2714 984 penetrat
2743 909 2790 966 δ.

2233 1000 2318 1056 15.
2352 1001 2576 1057 Poteras
2600 1001 2769 1057 Roma
2786 1002 2852 1075 (f)
2873 1003 3162 1059 intentatas
3189 1005 3283 1060 tibi
3312 1004 3429 1060 illas
3457 1005 3510 1060 in
3537 1005 3746 1078 Apoca-

2162 1096 2295 1168 lypsi
2325 1095 2498 1150 minas
2525 1109 2633 1149 non
2662 1094 2849 1150 timere
2867 1137 2883 1164 ,
2910 1095 2957 1150 si
2986 1095 3112 1150 talia
3138 1112 3354 1167 semper
3379 1098 3603 1154 ederent
3627 1115 3744 1153 mu-

2163 1201 2292 1241 nera
2313 1193 2598 1241 senatores
2627 1185 2720 1238 tui.
2775 1183 2913 1240 Vere
2955 1195 3083 1241 tunc
3121 1187 3222 1241 tibi
3248 1187 3444 1244 nobilis
3481 1197 3624 1243 esset
3654 1189 3743 1243 illa

2163 1275 2415 1332 nobilitas
2453 1289 2613 1343 quam
2663 1274 2857 1328 sacrati
2895 1283 3103 1344 patres,
3153 1275 3462 1344 Abraham,
3503 1277 3652 1333 Isaae
3691 1285 3747 1332 et

2161 1363 2348 1431 Jacob,
2371 1364 2608 1435 paternis
2627 1364 2831 1419 sinibus
2845 1365 3204 1434 exciperent"
3224 1383 3239 1432 ;
3263 1381 3424 1435 quam
3447 1367 3744 1437 prophetae,

2164 1457 2425 1528 apostoli,
2475 1465 2762 1527 martyres,
2791 1455 2844 1511 id
2873 1464 2958 1512 est
2981 1456 3104 1511 caeli
3131 1464 3352 1512 senatus
3379 1467 3698 1526 agnosceret
3723 1476 3739 1522 ;

2163 1563 2324 1618 quam
2354 1557 2477 1618 post
2507 1556 2687 1616 togam
2715 1547 2860 1602 nulla
2897 1547 3156 1602 immundi
3185 1549 3457 1617 sanguinis
3485 1551 3634 1606 sanie
3661 1550 3744 1604 fu-

2165 1648 2428 1693 nestatam
2445 1678 2460 1704 ,
2489 1638 2656 1706 regali
2686 1638 2962 1708 promissae
2987 1638 3121 1693 lucis
3147 1639 3285 1694 stola
3313 1638 3559 1694 Christus
3587 1641 3744 1696 indu-

2165 1736 2282 1784 eret
2307 1727 2351 1797 ί,
2381 1738 2436 1783 et
2460 1729 2511 1782 in
2541 1728 2679 1784 libro
2707 1729 2850 1795 albo,
2881 1729 2983 1783 hoc
3006 1736 3088 1783 est
3116 1729 3253 1784 libro
3277 1730 3399 1784 vitae
3425 1731 3440 1779 l
3469 1733 3744 1800 perennis,

477 1807 608 1864 bere
632 1825 732 1864 nos
760 1824 856 1865 cor
884 1809 1080 1864 ardens
1100 1808 1153 1863 in
1175 1809 1264 1862 via
1283 1807 1340 1874 δ,
1370 1806 1513 1878 quod
1544 1805 1759 1861 Οιπίδιο
1783 1806 2058 1861 nobiscum
2094 1819 2136 1877 Β
2164 1823 2271 1893 75
2327 1820 2677 1874 adscriberet.
2736 1819 2874 1875 Vere
2916 1820 3019 1874 illae
3061 1819 3258 1875 divitiae
3306 1821 3500 1877 divites
3546 1821 3745 1890 forent,

478 1899 589 1973 74
615 1899 686 1973 (c)
718 1900 1081 1956 inambulante
1109 1898 1432 1954 ﬂammatur.

552 2016 641 2069 M.
674 2015 846 2082 Quam
875 2015 1054 2069 laetum
1087 2027 1216 2084 ergo
1243 2022 1372 2068 tunc
1399 2011 1541 2076 Deo,
1587 2019 1643 2066 et
1687 2011 1892 2080 angelis
1915 2011 2064 2082 pacis

478 2115 534 2164 et
575 2107 784 2162 eunetis
829 2104 1152 2162 Sanctorum
1201 2104 1477 2174 spiritibus
1512 2101 1878 2172 spectaculum
1928 2117 2066 2171 prae-

476 2196 639 2252 buisti
657 2197 708 2248 c!
743 2196 916 2266 primo
927 2195 996 2250 de
1008 2194 1252 2263 Apostoli
1265 2192 1629 2257 veneratione,
1644 2190 1796 2258 cujus
1819 2189 1978 2244 ﬁdem
1999 2205 2064 2246 ac

477 2288 795 2343 memoriam
811 2295 921 2340 tam
950 2284 1302 2354 multiplicata
1333 2282 1624 2352 opulentiae
1650 2280 1940 2335 devotione
1968 2295 2060 2335 ce-

476 2380 728 2441 lebrasti;
760 2393 940 2433 sacras
959 2376 1192 2448 primum
1220 2373 1455 2442 hostias,
1483 2381 1540 2429 et
1560 2374 1604 2404 ’⁵
1631 2381 1779 2428 casta
1809 2371 2061 2426 libamina

477 2485 598 2525 cum
629 2466 1006 2538 acceptissima
1031 2465 1198 2536 ipsius
1226 2463 1740 2520 commemoratione
1767 2461 1879 2516 Deo
1915 2459 2064 2516 dele-

479 2576 646 2625 rens,
697 2559 892 2614 deinde
927 2556 1293 2612 munificentia
1333 2554 1687 2624 consequenti
1733 2555 1964 2624 teipsum
2008 2553 2060 2607 in

479 2649 642 2706 corde
677 2648 876 2704 mundo
904 2656 961 2703 et
986 2647 1177 2718 spiritu
1201 2645 1482 2701 humiliato
1509 2643 1943 2714 acceptissimum
1971 2657 2060 2697 sa-

478 2741 738 2798 criﬁcium
766 2739 1000 2797 oﬂ'erens
1037 2739 1253 2795 Christo
1291 2734 1358 2803 ἀς
1413 2737 1466 2792 in
1509 2735 1662 2806 cujus
1704 2734 2062 2790 tabernaculis

477 2848 619 2888 verae
649 2832 726 2905 (ά)
750 2831 1084 2902 jubilationis
1111 2829 1318 2886 hostias
1335 2827 1624 2883 immolasti
1643 2836 1667 2864 ε
1688 2865 1704 2892 ,
1732 2824 1978 2880 reﬁciens
2006 2832 2064 2879 et

476 2937 703 2995 pascens
724 2938 837 2986 eos,
853 2921 942 2992 qui
957 2919 1330 2976 benedictione
1344 2932 1630 2974 numerosa
1649 2915 1820 2971 laudis
1831 2915 2060 2970 hostiam

475 3013 840 3070 sacriﬁcarent
863 3011 974 3067 Deo
997 3011 1042 3066 τ.
1072 3009 1246 3077 Quam
1271 3009 1417 3065 bono
1448 3015 1574 3064 tunc
1598 3005 1737 3062 Urbs
1766 3013 1949 3060 nostra
1973 3011 2058 3059 tu-

475 3103 645 3158 multu
682 3102 974 3166 fremebat,
1025 3115 1147 3156 cum
1173 3109 1231 3155 tu
1259 3097 1642 3182 misericordiae
1679 3097 1884 3153 viscera
1931 3094 2056 3150 reﬂ-

2164 1911 2359 1980 quibus
2388 1926 2495 1965 non
2521 1909 2772 1966 draconis
2797 1911 3002 1979 antiqui
3031 1919 3254 1966 eruenta
3279 1915 3501 1977 saevitia,
3530 1913 3623 1969 sed
3653 1913 3745 1971 Dei

2164 2002 2463 2057 Salvatoris
2491 2002 2751 2058 immensa
2778 2001 2990 2057 bonitas
3015 2011 3329 2072 pasceretur
3345 2046 3362 2074 ,
3406 2004 3453 2059 si
3479 2004 3629 2073 quod
3653 2005 3746 2060 be-

2163 2095 2281 2150 stiis
2309 2104 2402 2148 aut
2420 2093 2824 2162 gladiatoribus,
2848 2101 2901 2148 et
2926 2095 3303 2164 comparandis
3330 2096 3470 2152 male
3497 2095 3746 2168 proﬂiga-

2165 2194 2250 2240 tur
2271 2196 2328 2241 et
2346 2186 2570 2252 alendis,
2603 2188 2655 2241 id
2680 2187 2914 2259 propriae
2941 2187 3232 2243 donaretur
3251 2189 3433 2257 saluti,
3461 2190 3747 2260 cariusque

2163 2275 2320 2331 nobis
2341 2284 2484 2332 esset
2511 2277 2693 2332 vivere
2715 2293 2880 2349 quam
2909 2278 3104 2348 perire.
3137 2277 3244 2334 Sed
3270 2287 3328 2334 et
3351 2281 3574 2334 avaritia
3597 2289 3653 2335 et
3677 2280 3744 2334 li-

2162 2365 2445 2422 beralitate
2472 2381 2726 2437 perversa
2763 2368 2876 2422 Deo
2905 2384 3005 2438 pro
3046 2368 3201 2425 nobis
3229 2379 3452 2438 egentes
3475 2410 3492 2437 ,
3548 2371 3744 2426 zabulo

2162 2464 2350 2512 contra
2378 2473 2478 2514 nos
2507 2457 2716 2527 prodigi
2745 2472 2946 2515 sumus.
2995 2458 3259 2514 Damnum
3289 2461 3343 2514 in
3382 2460 3562 2526 lucro,
3606 2469 3662 2516 et
3689 2461 3743 2516 in

2161 2547 2359 2602 damno
2414 2547 2621 2603 lucrum
2672 2548 2951 2605 ducimus:
3019 2550 3294 2620 vitamque
3348 2560 3587 2607 nostram
3643 2569 3743 2610 nec

2161 2646 2384 2706 egenter
2407 2638 2670 2693 redimere
2691 2655 2959 2704 curamus,
2992 2641 3084 2709 qui
3113 2657 3210 2710 pro
3232 2642 3338 2695 vita
3352 2650 3580 2696 mortem
3601 2643 3735 2697 emi-

2161 2741 2281 2780 mus
2300 2735 2594 2782 sumtuose.
2645 2727 2811 2782 Beata
2837 2736 2982 2783 esset
3003 2738 3184 2783 nostra
3212 2728 3484 2797 conditio,
3517 2731 3559 2785 si
3587 2746 3739 2800 aeque

2160 2814 2296 2885 Deo,
2325 2825 2385 2871 ut
2413 2816 2738 2882 hominibus,
2764 2817 2848 2872 vel
2877 2817 3161 2887 displicere
3190 2819 3515 2886 timeremus,
3553 2821 3633 2875 vel
3654 2836 3746 2876 cu-

2159 2922 2400 2963 raremus
2426 2908 2644 2979 placere
2673 2925 2686 2961 :
2718 2908 2762 2963 si
2793 2915 2999 2963 tantum
3029 2919 3292 2979 praecepta
3316 2909 3534 2976 Christi,
3563 2926 3737 2980 quan-

2160 3007 2274 3077 tum
2298 3001 2483 3070 populi
2512 3000 2666 3056 sibila
2707 3014 3059 3066 vereremur;
3117 3009 3172 3056 et
3193 3039 3210 3066 ,
3255 3001 3299 3055 si
3332 3001 3407 3072 (g)
3439 3009 3592 3057 tanto
3621 3002 3739 3059 laus

2159 3104 2278 3160 quae
2305 3105 2372 3145 ex
2398 3089 2510 3145 Deo
2536 3097 2640 3160 est,
2665 3097 2925 3161 quantum
2955 3091 3056 3146 iste
3076 3089 3144 3146 de
3170 3091 3328 3161 vulgo
3349 3091 3566 3162 plausus
3592 3109 3738 3149 eme-

475 3191 686 3249 ciendis
722 3200 779 3247 et
809 3190 1120 3261 operiendis
1156 3181 1486 3261 pauperibus
1513 3188 1794 3244 eﬂ'undens
1814 3226 1831 3253 ,
1859 3187 2058 3257 pallida
2083 3181 2128 3244 C
2161 3194 2331 3238 retur.

475 3282 824 3338 esurientium
863 3295 1094 3350 corpora
1133 3279 1490 3344 reformares,
1545 3277 1722 3332 aridas
1762 3277 2055 3332 sitientium

476 3371 656 3425 fauces
678 3370 914 3438 rigares,
944 3369 1171 3424 tremula
1209 3369 1503 3438 algentium
1530 3367 1770 3423 membra
1809 3367 2053 3431 vestires,

477 3469 535 3516 et
565 3460 804 3515 omnium
832 3475 1070 3516 consona
1101 3460 1154 3514 in
1186 3459 1281 3514 Dei
1309 3457 1742 3514 benedictionem
1773 3472 1868 3512 ora
1904 3471 2055 3513 rese-

476 3553 658 3608 rares!
692 3551 798 3608 Sed
817 3565 985 3621 egena
1007 3568 1237 3624 corpora
1258 3551 1467 3620 fovens,
1495 3551 1846 3607 redeuntibus
1867 3552 1920 3606 in
1944 3539 2059 3607 me-

477 3645 668 3701 liorem
694 3646 768 3700 tui
797 3652 1008 3715 partem
1033 3645 1288 3715 operibus
1321 3644 1428 3700 tuis
1453 3686 1470 3713 ,
1493 3642 1849 3699 retributione
1877 3642 2057 3697 divina

477 3743 628 3790 tuum
653 3736 834 3804 potius
861 3736 1105 3808 spiritum
1136 3735 1393 3806 saginasti
1418 3753 1432 3801 ;
1463 3743 1520 3790 et
1543 3733 1840 3789 benedictae
1865 3731 2056 3801 conju-

477 3825 559 3895 gis
587 3827 820 3880 animam
851 3826 1086 3883 refecisti
1112 3843 1127 3893 ;
1168 3828 1222 3881 in
1251 3827 1396 3880 illam
1424 3823 1832 3880 transfundente
1859 3821 2058 3878 Christi

477 3929 661 3983 manu,
693 3933 813 3986 quae
844 3927 933 3971 tua
961 3916 1285 3987 pauperibus
1313 3918 1693 3986 erogabantur,
1722 3931 1844 3971 cum
1871 3915 1922 3969 in
1951 3914 2060 3969 ictu

477 4008 618 4063 oeuli
647 4015 948 4076 permutata
971 4007 1024 4060 in
1047 4007 1295 4062 caelestes
1315 4007 1464 4062 cibos
1485 4007 1715 4061 carnalis
1737 4021 1862 4062 esca
1885 4016 2061 4060 trans-

479 4097 600 4152 iret.
664 4096 732 4150 Et
753 4104 1014 4166 Quantum
1044 4097 1286 4165 pecuniae
1315 4096 1464 4163 gravi
1492 4095 1713 4150 dextera
1731 4130 1746 4158 ,
1777 4095 2060 4163 geminatis

479 4188 862 4257 excipientium
909 4185 1140 4255 palmis,
1191 4185 1377 4241 hilaris
1417 4185 1576 4240 dator
1621 4193 1677 4239 et
1717 4184 2060 4253 infatigabilis

478 4277 793 4332 distributor
821 4275 1095 4332 infuderas
1120 4294 1134 4343 ;
1175 4285 1381 4331 tantum
1410 4276 1552 4332 illico
1586 4276 1790 4346 angelis
1819 4276 2058 4330 intervo-

481 4368 718 4424 lantibus
743 4369 948 4436 gremio
983 4367 1194 4424 Domini
1224 4368 1504 4437 gaudentis
1533 4368 1802 4423 invectum
1826 4410 1841 4436 ,
1874 4368 1925 4421 in
1955 4367 2058 4420 tri-

479 4459 708 4514 cesimos
733 4461 774 4491 ⁸³
811 4459 905 4515 tibi
930 4461 1130 4515 fructus
1158 4476 1222 4516 ac
1249 4459 1451 4515 reditus
1479 4459 1870 4514 numerandum
1898 4473 2062 4528 repo-

482 4549 708 4605 nebatur
723 4561 768 4604 ε.
802 4550 986 4621 Neque
1011 4551 1207 4606 divitiae
1229 4560 1458 4617 tantum,
1488 4549 1585 4606 sed
1607 4557 1661 4604 et
1685 4549 1868 4618 gratiae
1896 4548 2062 4603 bene-

552 4716 576 4741 ι
607 4704 802 4759 Johan.
836 4723 905 4768 tv,
957 4705 1042 4760 H.
1120 4706 1145 4744 ι’
1179 4706 1305 4760 Luc.
1341 4723 1493 4770 xxiv,
1537 4704 1626 4758 5:2.

2234 3271 2323 3326 16.
2352 3270 2550 3328 Beatus
2570 3313 2585 3338 ,
2615 3272 2708 3344 qui
2737 3288 2845 3328 non
2875 3273 3033 3330 adisti
3061 3273 3115 3328 in
3145 3273 3252 3328 tale
3285 3273 3570 3328 consilium
3594 3291 3610 3340 ;
3642 3288 3741 3329 nco

2161 3364 2216 3418 in
2252 3364 2509 3418 cathedra
2544 3365 2860 3433 pestilentiae
2883 3363 2908 3402 ¹ι
2926 3405 2941 3431 ,
2972 3364 3066 3420 sed
3093 3367 3146 3418 in
3169 3363 3396 3435 apostoli
3419 3363 3573 3428 sede,
3605 3371 3660 3418 et
3685 3365 3740 3418 in

2163 3452 2417 3510 Ecclesia:
2436 3463 2598 3521 ccetu,
2625 3455 2676 3509 id
2704 3463 2812 3522 est,
2839 3453 3039 3510 Christi
3060 3455 3290 3518 theatro,
3325 3470 3431 3509 non
3454 3453 3743 3521 seditiosis,

2162 3546 2260 3603 sed
2285 3547 2725 3603 benedicentibus
2752 3547 2957 3613 cuneis,
2989 3548 3102 3602 Deo
3133 3547 3252 3616 ipso
3279 3554 3603 3615 spectatore,
3629 3544 3739 3598 lau-

2163 3637 2308 3694 daris
2330 3678 2345 3705 ,
2377 3637 2631 3694 Ecclesiae
2659 3639 2996 3693 munerarius
3024 3655 3039 3704 ;
3089 3645 3198 3692 non
3229 3636 3306 3708 (Ιι)
3340 3645 3567 3691 terrena:
3589 3673 3605 3699 ,
3644 3650 3744 3690 nec

2122 3763 2134 3770 ν
2165 3729 2336 3784 inanis
2363 3729 2565 3798 gloriae,
2596 3729 2688 3785 sed
2716 3738 2930 3784 aeternae
2947 3728 3116 3783 laudis
3141 3727 3389 3782 ambitur.
3413 3725 3531 3781 Non
3554 3726 3745 3794 gladia-

2165 3827 2313 3876 tores
2339 3834 2441 3875 nec
2467 3819 2673 3875 belluas
2700 3820 2855 3886 emis,
2887 3819 2980 3875 sed
3001 3819 3194 3888 quibus
3219 3833 3378 3873 veros
3403 3817 3746 3886 gladiatores,

2166 3913 2275 3969 hoc
2303 3920 2386 3970 est
2409 3955 2424 3980 ,
2473 3914 2662 3968 harum
2694 3914 3035 3968 tenebrarum
3063 3912 3332 3982 principes
3371 3912 3605 3983 perimas
3625 3952 3640 3976 ,
3683 3910 3746 3980 (i)

2166 4004 2302 4072 agis,
2331 4010 2389 4058 et
2414 4003 2609 4074 quibus
2629 4019 2786 4058 veras
2811 4003 3042 4069 bestias,
3071 4003 3175 4059 hoc
3200 4010 3301 4067 est,
3332 4017 3546 4057 omnem
3574 3999 3748 4055 zabuli

2168 4096 2424 4151 virtutem
2451 4110 2702 4165 superes,
2736 4103 2790 4149 et
2818 4110 3004 4165 presso
3031 4095 3248 4164 impune
3275 4092 3500 4162 vestigio
3531 4090 3750 4147 concul-

2168 4203 2261 4243 ccs
2289 4187 2499 4242 leonem
2529 4194 2584 4241 et
2611 4186 2898 4241 draconem
2931 4185 2977 4240 ι.
3006 4186 3203 4241 Beatus
3227 4201 3318 4250 es,
3361 4185 3414 4239 in
3442 4200 3551 4254 quo
3579 4185 3750 4238 bene-

2167 4279 2361 4333 dicitur
2389 4293 2585 4332 nomen
2615 4277 2855 4344 Domini,
2885 4286 2940 4333 et
2967 4278 3059 4346 qui
3087 4278 3254 4332 habes
3292 4293 3478 4333 semen
3516 4277 3572 4331 in
3597 4274 3750 4341 Sion,

2167 4376 2223 4422 et
2249 4366 2575 4422 domesticos
2597 4367 2648 4420 in
2673 4365 3026 4435 Hierusalem,
3055 4367 3146 4436 qui
3170 4376 3221 4422 te
3243 4367 3475 4422 vicissim
3500 4367 3553 4420 in
3577 4367 3750 4419 taber-

2167 4458 2358 4513 nacula
2387 4466 2588 4512 aeterna
2624 4457 2918 4526 suscipiant
2947 4467 3006 4510 ω.
3041 4457 3156 4512 Non
3186 4458 3330 4511 enim
3360 4456 3573 4511 timebis
3607 4455 3752 4509 illius

2169 4546 2350 4602 divitis
2378 4547 2554 4603 locum
2575 4587 2590 4612 ,
2625 4550 2717 4617 qui
2746 4549 2799 4602 in
2829 4556 3066 4614 tartaro,
3106 4549 3210 4602 hoc
3233 4554 3316 4602 est
3343 4547 3397 4601 in
3426 4547 3636 4602 inferno
3665 4547 3751 4600 in-

1707 4715 1728 4742 '=
1761 4702 1780 4756 1
1813 4701 1938 4759 Cor.
1971 4725 2041 4772 iv,

2205 4702 2232 4742 ιι
2263 4703 2401 4760 Psal.
2432 4722 2495 4771 L,
2529 4703 2614 4758 ‘19.
2694 4715 2717 4742 ε
2748 4705 2890 4759 Psal.
2924 4721 3078 4769 xxvi,
3108 4705 3161 4759 6.
3243 4705 3262 4743 τ
3295 4705 3437 4760 Psal.
3478 4722 3629 4769 χιιι,
3662 4703 3750 4760 14.

482 4785 505 4823 ις
523 4774 713 4829 Matth.
739 4793 851 4843 xm,
874 4776 927 4830 8.
983 4775 1191 4830 hEccli.
1218 4792 1340 4840 xxv,
1367 4774 1454 4828 21.
1515 4775 1529 4812 ί
1552 4774 1742 4828 Matth.
1769 4790 1895 4842 xvn,
1925 4775 1978 4830 2.
2037 4779 2050 4830 i

2170 4793 2244 4832 ac.
2271 4791 2362 4840 xx,
2386 4774 2472 4828 12.
2523 4773 2705 4830 ιιΡεειι.
2725 4791 2760 4840 ι,
2787 4775 2838 4828 1.
2903 4774 3079 4830 lPsal.
3106 4791 3194 4841 xc,
3218 4775 3304 4830 15.
3354 4785 3392 4812 ω
3419 4774 3551 4831 Luc.
3573 4773 3752 4842 “1,9.

552 4911 631 4981 (a)
662 4911 787 4966 Mss.
822 4911 1142 4976 Reg.,Vieu.
1174 4921 1229 4965 et
1255 4908 1852 4981 edit._Chi_lﬂet.,illuc.

556 4978 632 5049 (ὁ)
663 4981 752 5036 Sic
774 4996 873 5036 ms.
903 4981 1056 5035 Vien.
1082 4996 1202 5035 cum
1224 4979 1354 5033 edit.
1377 4978 1560 5033 Cliitﬂ.
1595 4979 1721 5049 Alii,
1753 4981 2026 5048 possimus.

553 5047 624 5121 (a)
651 5051 728 5106 lta
749 5067 876 5105 mss.
912 5050 1043 5118 Reg.
1075 5057 1131 5103 et
1156 5050 1310 5103 Vien.
1342 5058 1398 5104 et
1429 5050 1560 5104 edit.
1589 5047 1765 5104 Chiﬂl.
1791 5049 1930 5105 Ante
1950 5057 2068 5104 erat

486 5122 778 5175 ambulante
805 5122 1180 5189 inﬂammatur.

555 5193 634 5260 (ά)
664 5191 742 5244 lla
769 5191 823 5244 in
854 5187 1125 5246 Psalteriis
1152 5189 1321 5260 veteri
1359 5197 1413 5242 et
1432 5189 1591 5260 Rom.
1627 5195 1685 5242 et
1703 5187 1842 5260 apud
1870 5187 2064 5260 Stant

485 5256 754 5329 guStinum
779 5262 830 5313 in
853 5259 1238 5314 commentario
1267 5274 1428 5329 super
1457 5259 1712 5327 psalmos.
1739 5256 1891 5327 Apud
1923 5256 2064 5311 LXX

485 5327 538 5387 et
570 5331 622 5384 in
655 5331 894 5396 Vulgata,
927 5327 1327 5398 vociferationis.

555 5401 626 5467 (ε)
661 5398 801 5453 LXX
829 5409 883 5454 et
913 5396 1133 5466 Vulgata
1164 5399 1330 5467 oratio
1365 5396 1687 5467 Itumiliantis
1713 5413 1787 5450 se.

657 5471 748 5542 Sic
784 5484 894 5542 ms.
919 5465 1238 5542 Vieu.,ed_it.
1271 5466 1549 5542 Clii_l_ll._.et
1591 5465 1743 5519 Grin.
1791 5466 2058 5542 inﬁmat‘g.

487 5534 592 5596 Alii
611 5534 849 5603 codices,
881 5534 1122 5592 intentus.
1161 5536 1252 5598 Sic
1279 5545 1334 5589 et
1361 5537 1416 5589 S.
1452 5535 1808 5605 Ilieronymus
1837 5534 2064 5605 Romam

485 5613 764 5679 alloquens
795 5601 888 5664 lib.
919 5626 952 5663 ιι
983 5617 1166 5663 contra
1195 5606 1570 5679 Jovinianum,
1621 5601 1810 5679 inﬂue
1836 5622 1848 5656 :
1892 5601 2063 5679 Male-

487 5673 762 5737 dictibncm
786 5723 799 5749 ,
848 5680 1015 5750 inquit
1043 5721 1056 5746 ,
1105 5694 1254 5749 quam
1285 5675 1372 5730 tibi
1402 5676 1645 5732 Salvator
1673 5676 1726 5729 in
1757 5673 2070 5746 Apocalypsi

2095 4913 2147 4971 υ
2171 4910 2511 4965 comminatus
2539 4917 2616 4962 est
2633 4917 2835 4979 ,__potes
2864 4907 3088 4979 effugere
3116 4925 3206 4978 per
3232 4909 3581 4979 paenitentiam
3600 4951 3617 4978 ,
3657 4911 3752 4965 Ita-

2178 4980 2301 5034 ben:
2321 4977 3012 5050 eaemplum‘lVinivitai-uni.
3041 4977 3404 5050 Cmrrnnrius
3427 4977 3484 5050 S.
3516 4977 3567 5032 J.

2247 5051 2324 5120 (g)
2351 5049 2429 5102 ita
2455 5046 2585 5103 mss.
2613 5046 2766 5102 Vien.
2798 5056 2854 5103 et
2875 5048 3005 5116 Reg.
3038 5047 3096 5101 lu
3127 5049 3246 5102 aliis
3267 5049 3576 5117 codicibus,
3621 5051 3753 5106 tanti

2176 5159 2190 5174 .
2222 5158 2237 5174 .
2273 5158 2286 5171 .
2323 5158 2337 5172 .
2368 5120 2565 5174 quanti.

2245 5188 2322 5257 (11)
2342 5185 2442 5257 Sic
2469 5202 2570 5257 ms.
2602 5186 2758 5257 Vien.
2785 5193 2839 5240 et
2868 5186 2996 5257 edit.
3027 5185 3202 5241 Chil'ﬂ.
3247 5187 3386 5257 Ante
3413 5197 3530 5242 erat
3555 5204 3751 5243 arenar.

2242 5255 2307 5326 (ἱ)
2340 5255 2582 5311 Proclive
2617 5255 2722 5326 fuit
2760 5255 3051 5326 emendare
3095 5272 3218 5326 cum
3266 5255 3529 5312 Sacchino
3553 5296 3569 5320 ,
3612 5258 3753 5321 alis;

2171 5324 2295 5381 nam
2321 5335 2380 5381 et
2405 5340 2568 5394 supra
2595 5325 2727 5380 dixit
2748 5342 2848 5396 ,n.
2879 5324 2977 5396 15,
3008 5325 3144 5395 quod
3171 5326 3345 5379 bestiis
3370 5336 3459 5380 aut
3486 5327 3756 5396 gladiato-

2169 5396 2312 5465 ribus
2359 5406 2409 5448 et
2446 5395 2810 5465 comparandis
2850 5395 2986 5448 male
3031 5395 3341 5465 proﬂigatur
3365 5437 3381 5462 ,
3439 5395 3498 5448 et
3527 5397 3750 5449 alendis.

2169 5464 2339 5518 l’orro
2365 5465 2506 5532 quod
2535 5463 2593 5518 S.
2625 5463 2876 5518 Paulinus
2906 5465 2991 5518 hic
3029 5463 3103 5517 ait
3134 5463 3380 5520 Ecclesia:
3400 5467 3728 5518 munerarius

2171 5543 2302 5604 etc.,
2325 5533 2484 5587 simili
2513 5533 2675 5589 modo
2705 5550 2734 5586 a
2757 5534 2816 5588 S.
2846 5533 3172 5604 Hieronymo
3194 5533 3566 5604 Pammachius
3585 5535 3731 5602 epist

2172 5603 2275 5683 26-ζ
2309 5605 2634 5683 ηιιιιιε-ιξᾳζίιιξ
2658 5619 2941 5683 pauperum
2965 5613 3014 5656 et
3035 5603 3289 5683 egentium
3309 5603 3619 5683 candidatus
3647 5619 3743 5673 ap-

2172 5673 2418 5742 pellatur.
2454 5673 2585 5730 Vide
2605 5672 3020 5744 descriptionem
3049 5672 3394 5745 persimilem.
3423 5672 3676 5729 SACCHIN.
