  <div class='ocr_page' id='page_1' title='image "/cluster/home/n/w/nwhite01/storage/ocr_20150623/61/hvd.32044054758685/114.png"; bbox 0 0 4006 6180; ppageno 0'>
   <div class='ocr_carea' id='block_1_1' title="bbox 254 315 352 371">
    <p class='ocr_par' dir='ltr' id='par_1_1' title="bbox 254 315 352 371">
     <span class='ocr_line' id='line_1_1' title="bbox 254 315 352 371; baseline -0.02 0"><span class='ocrx_word' id='word_1_1' title='bbox 254 315 352 371; x_wconf 73' lang='grc' dir='ltr'><strong>2ίῖ</strong></span> 
     </span>
    </p>
   </div>
   <div class='ocr_carea' id='block_1_2' title="bbox 1651 312 2159 373">
    <p class='ocr_par' dir='ltr' id='par_1_2' title="bbox 1651 312 2159 373">
     <span class='ocr_line' id='line_1_2' title="bbox 1651 312 2159 373; baseline 0.01 -5"><span class='ocrx_word' id='word_1_2' title='bbox 1651 312 1985 370; x_wconf 79' lang='lat' dir='ltr'><strong>EPISTOLA</strong></span> <span class='ocrx_word' id='word_1_3' title='bbox 2025 315 2159 373; x_wconf 81' lang='lat' dir='ltr'><strong>Xlll.</strong></span> 
     </span>
    </p>
   </div>
   <div class='ocr_carea' id='block_1_3' title="bbox 3440 323 3544 379">
    <p class='ocr_par' dir='ltr' id='par_1_3' title="bbox 3440 323 3544 379">
     <span class='ocr_line' id='line_1_3' title="bbox 3440 323 3544 379; baseline 0.019 -3"><span class='ocrx_word' id='word_1_4' title='bbox 3440 323 3544 379; x_wconf 75' lang='grc'><strong>218</strong></span> 
     </span>
    </p>
   </div>
   <div class='ocr_carea' id='block_1_4' title="bbox 256 423 3543 503">
    <p class='ocr_par' dir='ltr' id='par_1_4' title="bbox 256 423 3543 503">
     <span class='ocr_line' id='line_1_4' title="bbox 256 423 3543 503; baseline 0.003 -26"><span class='ocrx_word' id='word_1_5' title='bbox 256 426 539 489; x_wconf 83' lang='lat' dir='ltr'><strong>feriere,et</strong></span> <span class='ocrx_word' id='word_1_6' title='bbox 614 423 974 479; x_wconf 79' lang='lat' dir='ltr'><strong>exterioribus</strong></span> <span class='ocrx_word' id='word_1_7' title='bbox 994 424 1231 479; x_wconf 74' lang='lat' dir='ltr'><strong>tenebris</strong></span> <span class='ocrx_word' id='word_1_8' title='bbox 1252 424 1446 478; x_wconf 91' lang='lat' dir='ltr'><strong>merito</strong></span> <span class='ocrx_word' id='word_1_9' title='bbox 1468 423 1589 491; x_wconf 89' lang='lat' dir='ltr'><strong>igne</strong></span> <span class='ocrx_word' id='word_1_10' title='bbox 1608 423 1835 478; x_wconf 88' lang='lat' dir='ltr'><strong>circum-</strong></span> <span class='ocrx_word' id='word_1_11' title='bbox 1868 428 1917 486; x_wconf 78' lang='grc' dir='ltr'>Α</span> <span class='ocrx_word' id='word_1_12' title='bbox 1947 435 2030 480; x_wconf 91' lang='lat' dir='ltr'><strong>cst</strong></span> <span class='ocrx_word' id='word_1_13' title='bbox 2060 425 2085 463; x_wconf 74' lang='grc' dir='ltr'><strong>ι·</strong></span> <span class='ocrx_word' id='word_1_14' title='bbox 2112 445 2126 493; x_wconf 91' lang='lat'><strong>;</strong></span> <span class='ocrx_word' id='word_1_15' title='bbox 2152 428 2276 497; x_wconf 90' lang='lat' dir='ltr'><strong>quia</strong></span> <span class='ocrx_word' id='word_1_16' title='bbox 2307 429 2495 498; x_wconf 76' lang='lat' dir='ltr'><strong>spiritu</strong></span> <span class='ocrx_word' id='word_1_17' title='bbox 2518 429 2612 484; x_wconf 94' lang='lat' dir='ltr'><strong>Dei</strong></span> <span class='ocrx_word' id='word_1_18' title='bbox 2639 431 2788 485; x_wconf 90' lang='lat' dir='ltr'><strong>dives</strong></span> <span class='ocrx_word' id='word_1_19' title='bbox 2809 446 2888 499; x_wconf 81' lang='lat' dir='ltr'><strong>es,</strong></span> <span class='ocrx_word' id='word_1_20' title='bbox 2920 439 2975 487; x_wconf 93' lang='lat' dir='ltr'><strong>et</strong></span> <span class='ocrx_word' id='word_1_21' title='bbox 2998 441 3092 487; x_wconf 92' lang='lat' dir='ltr'><strong>tuo</strong></span> <span class='ocrx_word' id='word_1_22' title='bbox 3122 448 3345 503; x_wconf 83' lang='lat' dir='ltr'><strong>pauper.</strong></span> <span class='ocrx_word' id='word_1_23' title='bbox 3377 433 3543 489; x_wconf 78' lang='lat' dir='ltr'><strong>Tales</strong></span> 
     </span>
    </p>
   </div>
   <div class='ocr_carea' id='block_1_5' title="bbox 253 513 1839 582">
    <p class='ocr_par' dir='ltr' id='par_1_5' title="bbox 253 513 1839 582">
     <span class='ocr_line' id='line_1_5' title="bbox 253 513 1839 582; baseline -0.001 -14"><span class='ocrx_word' id='word_1_24' title='bbox 253 516 429 578; x_wconf 89' lang='lat' dir='ltr'><strong>datus,</strong></span> <span class='ocrx_word' id='word_1_25' title='bbox 463 514 549 568; x_wconf 92' lang='lat' dir='ltr'><strong>vel</strong></span> <span class='ocrx_word' id='word_1_26' title='bbox 574 521 819 569; x_wconf 79' lang='lat' dir='ltr'><strong>extremo</strong></span> <span class='ocrx_word' id='word_1_27' title='bbox 848 515 1107 569; x_wconf 87' lang='lat' dir='ltr'><strong>contemti</strong></span> <span class='ocrx_word' id='word_1_28' title='bbox 1138 514 1189 567; x_wconf 92' lang='lat' dir='ltr'><strong>in</strong></span> <span class='ocrx_word' id='word_1_29' title='bbox 1212 514 1316 568; x_wconf 90' lang='lat' dir='ltr'><strong>hac</strong></span> <span class='ocrx_word' id='word_1_30' title='bbox 1347 514 1452 568; x_wconf 91' lang='lat' dir='ltr'><strong>vita</strong></span> <span class='ocrx_word' id='word_1_31' title='bbox 1482 514 1733 582; x_wconf 83' lang='lat' dir='ltr'><strong>pauperis</strong></span> <span class='ocrx_word' id='word_1_32' title='bbox 1754 513 1839 567; x_wconf 80' lang='lat' dir='ltr'><strong>di-</strong></span> 
     </span>
    </p>
   </div>
   <div class='ocr_carea' id='block_1_6' title="bbox 256 604 1843 675">
    <p class='ocr_par' dir='ltr' id='par_1_6' title="bbox 256 604 1843 675">
     <span class='ocr_line' id='line_1_6' title="bbox 256 604 1843 675; baseline -0.001 -15"><span class='ocrx_word' id='word_1_33' title='bbox 256 608 364 675; x_wconf 89' lang='lat' dir='ltr'><strong>gito</strong></span> <span class='ocrx_word' id='word_1_34' title='bbox 400 606 626 673; x_wconf 85' lang='lat' dir='ltr'><strong>rogabat</strong></span> <span class='ocrx_word' id='word_1_35' title='bbox 669 606 920 674; x_wconf 77' lang='lat' dir='ltr'><strong>aspergi;</strong></span> <span class='ocrx_word' id='word_1_36' title='bbox 970 606 1056 659; x_wconf 92' lang='lat' dir='ltr'><strong>cui</strong></span> <span class='ocrx_word' id='word_1_37' title='bbox 1095 614 1250 675; x_wconf 88' lang='lat' dir='ltr'><strong>pater</strong></span> <span class='ocrx_word' id='word_1_38' title='bbox 1286 605 1554 659; x_wconf 79' lang='lat' dir='ltr'><strong>Abraham</strong></span> <span class='ocrx_word' id='word_1_39' title='bbox 1591 604 1711 672; x_wconf 91' lang='lat' dir='ltr'><strong>jure</strong></span> <span class='ocrx_word' id='word_1_40' title='bbox 1754 620 1843 658; x_wconf 92' lang='lat' dir='ltr'><strong>rc-</strong></span> 
     </span>
    </p>
   </div>
   <div class='ocr_carea' id='block_1_7' title="bbox 259 696 1840 769">
    <p class='ocr_par' dir='ltr' id='par_1_7' title="bbox 259 696 1840 769">
     <span class='ocr_line' id='line_1_7' title="bbox 259 696 1840 769; baseline -0.003 -16"><span class='ocrx_word' id='word_1_41' title='bbox 259 696 790 768; x_wconf 71' lang='grc' dir='ltr'><strong>ῡίιοηάἰιξΗεηιεηιο,</strong></span> <span class='ocrx_word' id='word_1_42' title='bbox 816 699 913 767; x_wconf 75' lang='lat' dir='ltr'><strong>fili,</strong></span> <span class='ocrx_word' id='word_1_43' title='bbox 944 699 1063 769; x_wconf 87' lang='lat' dir='ltr'><strong>quia</strong></span> <span class='ocrx_word' id='word_1_44' title='bbox 1090 698 1325 768; x_wconf 82' lang='lat' dir='ltr'><strong>recepisti</strong></span> <span class='ocrx_word' id='word_1_45' title='bbox 1353 697 1486 750; x_wconf 86' lang='lat' dir='ltr'><strong>bona</strong></span> <span class='ocrx_word' id='word_1_46' title='bbox 1514 698 1569 749; x_wconf 85' lang='lat' dir='ltr'><strong>in</strong></span> <span class='ocrx_word' id='word_1_47' title='bbox 1599 699 1700 750; x_wconf 79' lang='lat' dir='ltr'><strong>vita</strong></span> <span class='ocrx_word' id='word_1_48' title='bbox 1731 707 1840 763; x_wconf 84' lang='lat' dir='ltr'><strong>tua,</strong></span> 
     </span>
    </p>
   </div>
   <div class='ocr_carea' id='block_1_8' title="bbox 260 786 1839 857">
    <p class='ocr_par' dir='ltr' id='par_1_8' title="bbox 260 786 1839 857">
     <span class='ocr_line' id='line_1_8' title="bbox 260 786 1839 857; baseline 0 -16"><span class='ocrx_word' id='word_1_49' title='bbox 260 800 303 841; x_wconf 79' lang='lat' dir='ltr'><strong>ct</strong></span> <span class='ocrx_word' id='word_1_50' title='bbox 332 788 409 857; x_wconf 91' lang='lat' dir='ltr'><strong>(a)</strong></span> <span class='ocrx_word' id='word_1_51' title='bbox 432 786 722 841; x_wconf 73' lang='lat' dir='ltr'><strong>Eleazarus</strong></span> <span class='ocrx_word' id='word_1_52' title='bbox 751 788 933 841; x_wconf 85' lang='lat' dir='ltr'><strong>mala:</strong></span> <span class='ocrx_word' id='word_1_53' title='bbox 982 804 1120 841; x_wconf 83' lang='lat' dir='ltr'><strong>nunc</strong></span> <span class='ocrx_word' id='word_1_54' title='bbox 1148 805 1266 842; x_wconf 72' lang='lat' dir='ltr'><strong>vero</strong></span> <span class='ocrx_word' id='word_1_55' title='bbox 1295 788 1375 840; x_wconf 85' lang='lat' dir='ltr'><strong>hic</strong></span> <span class='ocrx_word' id='word_1_56' title='bbox 1403 788 1700 841; x_wconf 74' lang='lat' dir='ltr'><strong>consolatur</strong></span> <span class='ocrx_word' id='word_1_57' title='bbox 1722 829 1737 853; x_wconf 97' lang='lat'><strong>,</strong></span> <span class='ocrx_word' id='word_1_58' title='bbox 1786 794 1839 841; x_wconf 87' lang='lat' dir='ltr'><strong>lu</strong></span> 
     </span>
    </p>
   </div>
   <div class='ocr_carea' id='block_1_9' title="bbox 259 878 575 931">
    <p class='ocr_par' dir='ltr' id='par_1_9' title="bbox 259 878 575 931">
     <span class='ocr_line' id='line_1_9' title="bbox 259 878 575 931; baseline -0.003 0"><span class='ocrx_word' id='word_1_59' title='bbox 259 878 499 931; x_wconf 80' lang='lat' dir='ltr'><strong>rruciaris</strong></span> <span class='ocrx_word' id='word_1_60' title='bbox 529 887 575 930; x_wconf 69' lang='grc' dir='ltr'><strong>η.</strong></span> 
     </span>
    </p>
   </div>
   <div class='ocr_carea' id='block_1_10' title="bbox 326 968 1839 1041">
    <p class='ocr_par' dir='ltr' id='par_1_10' title="bbox 326 968 1839 1041">
     <span class='ocr_line' id='line_1_10' title="bbox 326 968 1839 1041; baseline 0 -18"><span class='ocrx_word' id='word_1_61' title='bbox 326 971 411 1023; x_wconf 80' lang='grc'><strong>17.</strong></span> <span class='ocrx_word' id='word_1_62' title='bbox 446 968 524 1024; x_wconf 92' lang='lat' dir='ltr'><strong>Ob</strong></span> <span class='ocrx_word' id='word_1_63' title='bbox 556 971 660 1025; x_wconf 89' lang='lat' dir='ltr'><strong>hoc</strong></span> <span class='ocrx_word' id='word_1_64' title='bbox 684 970 777 1034; x_wconf 90' lang='lat' dir='ltr'><strong>illi,</strong></span> <span class='ocrx_word' id='word_1_65' title='bbox 810 985 1033 1035; x_wconf 83' lang='lat' dir='ltr'><strong>censeo,</strong></span> <span class='ocrx_word' id='word_1_66' title='bbox 1064 969 1258 1023; x_wconf 84' lang='lat' dir='ltr'><strong>divites</strong></span> <span class='ocrx_word' id='word_1_67' title='bbox 1279 970 1414 1023; x_wconf 86' lang='lat' dir='ltr'><strong>hanc</strong></span> <span class='ocrx_word' id='word_1_68' title='bbox 1443 970 1527 1025; x_wconf 88' lang='lat' dir='ltr'><strong>vel</strong></span> <span class='ocrx_word' id='word_1_69' title='bbox 1555 985 1839 1041; x_wconf 64' lang='lat' dir='ltr'><strong>prunarum</strong></span> 
     </span>
    </p>
   </div>
   <div class='ocr_carea' id='block_1_11' title="bbox 262 1061 1841 1129">
    <p class='ocr_par' dir='ltr' id='par_1_11' title="bbox 262 1061 1841 1129">
     <span class='ocr_line' id='line_1_11' title="bbox 262 1061 1841 1129; baseline 0 -14"><span class='ocrx_word' id='word_1_70' title='bbox 262 1063 337 1116; x_wconf 91' lang='lat' dir='ltr'><strong>vel</strong></span> <span class='ocrx_word' id='word_1_71' title='bbox 358 1061 671 1117; x_wconf 83' lang='lat' dir='ltr'><strong>deliciarum</strong></span> <span class='ocrx_word' id='word_1_72' title='bbox 698 1061 1122 1115; x_wconf 84' lang='lat' dir='ltr'><strong>vicissitudinem</strong></span> <span class='ocrx_word' id='word_1_73' title='bbox 1146 1062 1577 1129; x_wconf 87' lang='lat' dir='ltr'><strong>perhorrescant,</strong></span> <span class='ocrx_word' id='word_1_74' title='bbox 1607 1062 1695 1129; x_wconf 88' lang='lat' dir='ltr'><strong>qui</strong></span> <span class='ocrx_word' id='word_1_75' title='bbox 1721 1061 1841 1115; x_wconf 90' lang='lat' dir='ltr'><strong>istic</strong></span> 
     </span>
    </p>
   </div>
   <div class='ocr_carea' id='block_1_12' title="bbox 259 1151 1839 1221">
    <p class='ocr_par' dir='ltr' id='par_1_12' title="bbox 259 1151 1839 1221">
     <span class='ocr_line' id='line_1_12' title="bbox 259 1151 1839 1221; baseline 0.001 -14"><span class='ocrx_word' id='word_1_76' title='bbox 259 1154 355 1208; x_wconf 88' lang='lat' dir='ltr'><strong>sibi</strong></span> <span class='ocrx_word' id='word_1_77' title='bbox 388 1161 595 1207; x_wconf 87' lang='lat' dir='ltr'><strong>tantum</strong></span> <span class='ocrx_word' id='word_1_78' title='bbox 623 1161 678 1208; x_wconf 91' lang='lat' dir='ltr'><strong>et</strong></span> <span class='ocrx_word' id='word_1_79' title='bbox 706 1153 847 1207; x_wconf 85' lang='lat' dir='ltr'><strong>vitiis</strong></span> <span class='ocrx_word' id='word_1_80' title='bbox 876 1151 1184 1219; x_wconf 77' lang='lat' dir='ltr'><strong>affluentes,</strong></span> <span class='ocrx_word' id='word_1_81' title='bbox 1234 1161 1327 1206; x_wconf 91' lang='lat' dir='ltr'><strong>aut</strong></span> <span class='ocrx_word' id='word_1_82' title='bbox 1356 1154 1550 1221; x_wconf 92' lang='lat' dir='ltr'><strong>opibus</strong></span> <span class='ocrx_word' id='word_1_83' title='bbox 1578 1154 1839 1208; x_wconf 84' lang='lat' dir='ltr'><strong>abstrusis</strong></span> 
     </span>
    </p>
   </div>
   <div class='ocr_carea' id='block_1_13' title="bbox 260 1242 1839 1312">
    <p class='ocr_par' dir='ltr' id='par_1_13' title="bbox 260 1242 1839 1312">
     <span class='ocr_line' id='line_1_13' title="bbox 260 1242 1839 1312; baseline 0.001 -16"><span class='ocrx_word' id='word_1_84' title='bbox 260 1243 508 1297; x_wconf 88' lang='lat' dir='ltr'><strong>incubant</strong></span> <span class='ocrx_word' id='word_1_85' title='bbox 535 1258 636 1297; x_wconf 87' lang='lat' dir='ltr'><strong>nec</strong></span> <span class='ocrx_word' id='word_1_86' title='bbox 666 1252 873 1312; x_wconf 86' lang='lat' dir='ltr'><strong>partem</strong></span> <span class='ocrx_word' id='word_1_87' title='bbox 900 1259 1128 1312; x_wconf 85' lang='lat' dir='ltr'><strong>posuere</strong></span> <span class='ocrx_word' id='word_1_88' title='bbox 1166 1244 1528 1312; x_wconf 86' lang='lat' dir='ltr'><strong>pauperibus;</strong></span> <span class='ocrx_word' id='word_1_89' title='bbox 1576 1254 1669 1297; x_wconf 87' lang='lat' dir='ltr'><strong>aut</strong></span> <span class='ocrx_word' id='word_1_90' title='bbox 1698 1242 1839 1297; x_wconf 91' lang='lat' dir='ltr'><strong>male</strong></span> 
     </span>
    </p>
   </div>
   <div class='ocr_carea' id='block_1_14' title="bbox 260 1333 1832 1403">
    <p class='ocr_par' dir='ltr' id='par_1_14' title="bbox 260 1333 1832 1403">
     <span class='ocr_line' id='line_1_14' title="bbox 260 1333 1832 1403; baseline 0.003 -18"><span class='ocrx_word' id='word_1_91' title='bbox 260 1333 457 1403; x_wconf 83' lang='lat' dir='ltr'><strong>prodigi</strong></span> <span class='ocrx_word' id='word_1_92' title='bbox 484 1340 646 1403; x_wconf 87' lang='lat' dir='ltr'><strong>egent</strong></span> <span class='ocrx_word' id='word_1_93' title='bbox 672 1333 884 1397; x_wconf 87' lang='lat' dir='ltr'><strong>merito,</strong></span> <span class='ocrx_word' id='word_1_94' title='bbox 916 1336 1020 1387; x_wconf 78' lang='lat' dir='ltr'><strong>et”</strong></span> <span class='ocrx_word' id='word_1_95' title='bbox 1041 1343 1244 1387; x_wconf 68' lang='lat' dir='ltr'><strong>aeterna</strong></span> <span class='ocrx_word' id='word_1_96' title='bbox 1270 1342 1507 1401; x_wconf 75' lang='lat' dir='ltr'><strong>egestate</strong></span> <span class='ocrx_word' id='word_1_97' title='bbox 1528 1334 1832 1403; x_wconf 91' lang='lat' dir='ltr'><strong>plcctendi;</strong></span> 
     </span>
    </p>
   </div>
   <div class='ocr_carea' id='block_1_15' title="bbox 261 1424 1835 1494">
    <p class='ocr_par' dir='ltr' id='par_1_15' title="bbox 261 1424 1835 1494">
     <span class='ocr_line' id='line_1_15' title="bbox 261 1424 1835 1494; baseline 0 -16"><span class='ocrx_word' id='word_1_98' title='bbox 261 1425 348 1494; x_wconf 85' lang='lat' dir='ltr'><strong>qui</strong></span> <span class='ocrx_word' id='word_1_99' title='bbox 383 1433 489 1478; x_wconf 87' lang='lat' dir='ltr'><strong>tam</strong></span> <span class='ocrx_word' id='word_1_100' title='bbox 531 1425 663 1478; x_wconf 81' lang='lat' dir='ltr'><strong>viles</strong></span> <span class='ocrx_word' id='word_1_101' title='bbox 703 1425 807 1478; x_wconf 89' lang='lat' dir='ltr'><strong>sibi</strong></span> <span class='ocrx_word' id='word_1_102' title='bbox 848 1424 1045 1479; x_wconf 87' lang='lat' dir='ltr'><strong>fuerint</strong></span> <span class='ocrx_word' id='word_1_103' title='bbox 1086 1425 1315 1480; x_wconf 87' lang='lat' dir='ltr'><strong>caritate</strong></span> <span class='ocrx_word' id='word_1_104' title='bbox 1352 1425 1614 1490; x_wconf 68' lang='lat' dir='ltr'><strong>luxuria),</strong></span> <span class='ocrx_word' id='word_1_105' title='bbox 1672 1433 1731 1478; x_wconf 92' lang='lat' dir='ltr'><strong>ut</strong></span> <span class='ocrx_word' id='word_1_106' title='bbox 1772 1426 1835 1479; x_wconf 93' lang='lat' dir='ltr'><strong>iis</strong></span> 
     </span>
    </p>
   </div>
   <div class='ocr_carea' id='block_1_16' title="bbox 262 1514 1833 1585">
    <p class='ocr_par' dir='ltr' id='par_1_16' title="bbox 262 1514 1833 1585">
     <span class='ocr_line' id='line_1_16' title="bbox 262 1514 1833 1585; baseline -0.001 -16"><span class='ocrx_word' id='word_1_107' title='bbox 262 1515 540 1585; x_wconf 84' lang='lat' dir='ltr'><strong>pretiosior</strong></span> <span class='ocrx_word' id='word_1_108' title='bbox 584 1515 748 1569; x_wconf 87' lang='lat' dir='ltr'><strong>fuisse</strong></span> <span class='ocrx_word' id='word_1_109' title='bbox 786 1523 1039 1581; x_wconf 80' lang='lat' dir='ltr'><strong>arguatur</strong></span> <span class='ocrx_word' id='word_1_110' title='bbox 1082 1516 1237 1569; x_wconf 92' lang='lat' dir='ltr'><strong>unius</strong></span> <span class='ocrx_word' id='word_1_111' title='bbox 1268 1514 1374 1568; x_wconf 92' lang='lat' dir='ltr'><strong>diei</strong></span> <span class='ocrx_word' id='word_1_112' title='bbox 1403 1530 1587 1568; x_wconf 88' lang='lat' dir='ltr'><strong>mensa</strong></span> <span class='ocrx_word' id='word_1_113' title='bbox 1613 1554 1627 1578; x_wconf 90' lang='lat'><strong>,</strong></span> <span class='ocrx_word' id='word_1_114' title='bbox 1671 1530 1833 1583; x_wconf 89' lang='lat' dir='ltr'><strong>quam</strong></span> 
     </span>
    </p>
   </div>
   <div class='ocr_carea' id='block_1_17' title="bbox 266 1603 1836 1673">
    <p class='ocr_par' dir='ltr' id='par_1_17' title="bbox 266 1603 1836 1673">
     <span class='ocr_line' id='line_1_17' title="bbox 266 1603 1836 1673; baseline -0.001 -14"><span class='ocrx_word' id='word_1_115' title='bbox 266 1607 421 1660; x_wconf 87' lang='lat' dir='ltr'><strong>totius</strong></span> <span class='ocrx_word' id='word_1_116' title='bbox 438 1606 514 1659; x_wconf 89' lang='lat' dir='ltr'><strong>sui</strong></span> <span class='ocrx_word' id='word_1_117' title='bbox 549 1605 806 1673; x_wconf 88' lang='lat' dir='ltr'><strong>temporis</strong></span> <span class='ocrx_word' id='word_1_118' title='bbox 836 1605 941 1673; x_wconf 81' lang='lat'><strong>76</strong></span> <span class='ocrx_word' id='word_1_119' title='bbox 968 1605 1096 1657; x_wconf 88' lang='lat' dir='ltr'><strong>vita.</strong></span> <span class='ocrx_word' id='word_1_120' title='bbox 1122 1604 1217 1657; x_wconf 82' lang='lat' dir='ltr'><strong>llic</strong></span> <span class='ocrx_word' id='word_1_121' title='bbox 1242 1617 1373 1671; x_wconf 89' lang='lat' dir='ltr'><strong>ergo</strong></span> <span class='ocrx_word' id='word_1_122' title='bbox 1401 1620 1508 1657; x_wconf 92' lang='lat' dir='ltr'><strong>non</strong></span> <span class='ocrx_word' id='word_1_123' title='bbox 1538 1603 1836 1659; x_wconf 86' lang='lat' dir='ltr'><strong>communi-</strong></span> 
     </span>
    </p>
   </div>
   <div class='ocr_carea' id='block_1_18' title="bbox 262 1694 1833 1764">
    <p class='ocr_par' dir='ltr' id='par_1_18' title="bbox 262 1694 1833 1764">
     <span class='ocr_line' id='line_1_18' title="bbox 262 1694 1833 1764; baseline -0.001 -14"><span class='ocrx_word' id='word_1_124' title='bbox 262 1695 449 1750; x_wconf 80' lang='lat' dir='ltr'><strong>cabunt</strong></span> <span class='ocrx_word' id='word_1_125' title='bbox 478 1696 526 1748; x_wconf 91' lang='lat' dir='ltr'><strong>in</strong></span> <span class='ocrx_word' id='word_1_126' title='bbox 557 1704 815 1748; x_wconf 63' lang='lat' dir='ltr'><strong>aeternum</strong></span> <span class='ocrx_word' id='word_1_127' title='bbox 838 1694 1075 1749; x_wconf 69' lang='lat' dir='ltr'><strong>cmlestia</strong></span> <span class='ocrx_word' id='word_1_128' title='bbox 1098 1695 1239 1748; x_wconf 90' lang='lat' dir='ltr'><strong>bona</strong></span> <span class='ocrx_word' id='word_1_129' title='bbox 1263 1709 1576 1763; x_wconf 87' lang='lat' dir='ltr'><strong>pauperum,</strong></span> <span class='ocrx_word' id='word_1_130' title='bbox 1605 1711 1833 1764; x_wconf 86' lang='lat' dir='ltr'><strong>quorum</strong></span> 
     </span>
    </p>
   </div>
   <div class='ocr_carea' id='block_1_19' title="bbox 1947 518 3541 592">
    <p class='ocr_par' dir='ltr' id='par_1_19' title="bbox 1947 518 3541 592">
     <span class='ocr_line' id='line_1_19' title="bbox 1947 518 3541 592; baseline 0.004 -20"><span class='ocrx_word' id='word_1_131' title='bbox 1947 518 2092 572; x_wconf 89' lang='lat' dir='ltr'><strong>enim</strong></span> <span class='ocrx_word' id='word_1_132' title='bbox 2125 518 2322 575; x_wconf 84' lang='lat' dir='ltr'><strong>divites</strong></span> <span class='ocrx_word' id='word_1_133' title='bbox 2349 537 2471 575; x_wconf 88' lang='lat' dir='ltr'><strong>cum</strong></span> <span class='ocrx_word' id='word_1_134' title='bbox 2501 522 2825 591; x_wconf 88' lang='lat' dir='ltr'><strong>pauperibus</strong></span> <span class='ocrx_word' id='word_1_135' title='bbox 2846 524 2957 577; x_wconf 90' lang='lat' dir='ltr'><strong>suis</strong></span> <span class='ocrx_word' id='word_1_136' title='bbox 2986 525 3152 592; x_wconf 74' lang='lat' dir='ltr'><strong>diligit</strong></span> <span class='ocrx_word' id='word_1_137' title='bbox 3185 524 3345 590; x_wconf 84' lang='lat' dir='ltr'><strong>Deus,</strong></span> <span class='ocrx_word' id='word_1_138' title='bbox 3378 536 3429 579; x_wconf 90' lang='lat' dir='ltr'><strong>et</strong></span> <span class='ocrx_word' id='word_1_139' title='bbox 3452 542 3541 581; x_wconf 88' lang='lat' dir='ltr'><strong>sa-</strong></span> 
     </span>
    </p>
   </div>
   <div class='ocr_carea' id='block_1_20' title="bbox 1945 609 3543 685">
    <p class='ocr_par' dir='ltr' id='par_1_20' title="bbox 1945 609 3543 685">
     <span class='ocr_line' id='line_1_20' title="bbox 1945 609 3543 685; baseline 0.005 -23"><span class='ocrx_word' id='word_1_140' title='bbox 1945 609 2052 662; x_wconf 89' lang='lat' dir='ltr'><strong>cris</strong></span> <span class='ocrx_word' id='word_1_141' title='bbox 2080 610 2276 665; x_wconf 89' lang='lat' dir='ltr'><strong>litteris</strong></span> <span class='ocrx_word' id='word_1_142' title='bbox 2315 611 2591 677; x_wconf 89' lang='lat' dir='ltr'><strong>celebrat,</strong></span> <span class='ocrx_word' id='word_1_143' title='bbox 2640 614 3064 684; x_wconf 85' lang='lat' dir='ltr'><strong>paginarumque</strong></span> <span class='ocrx_word' id='word_1_144' title='bbox 3093 617 3407 685; x_wconf 88' lang='lat' dir='ltr'><strong>perennium</strong></span> <span class='ocrx_word' id='word_1_145' title='bbox 3446 633 3543 670; x_wconf 87' lang='lat' dir='ltr'><strong>au-</strong></span> 
     </span>
    </p>
   </div>
   <div class='ocr_carea' id='block_1_21' title="bbox 1952 700 2461 755">
    <p class='ocr_par' dir='ltr' id='par_1_21' title="bbox 1952 700 2461 755">
     <span class='ocr_line' id='line_1_21' title="bbox 1952 700 2461 755; baseline 0.004 -2"><span class='ocrx_word' id='word_1_146' title='bbox 1952 700 2173 755; x_wconf 91' lang='lat' dir='ltr'><strong>toritate</strong></span> <span class='ocrx_word' id='word_1_147' title='bbox 2196 702 2461 755; x_wconf 87' lang='lat' dir='ltr'><strong>nobilitat.</strong></span> 
     </span>
    </p>
   </div>
   <div class='ocr_carea' id='block_1_22' title="bbox 2018 790 3535 864">
    <p class='ocr_par' dir='ltr' id='par_1_22' title="bbox 2018 790 3535 864">
     <span class='ocr_line' id='line_1_22' title="bbox 2018 790 3535 864; baseline 0.008 -20"><span class='ocrx_word' id='word_1_148' title='bbox 2018 790 2104 845; x_wconf 87' lang='grc'><strong>19.</strong></span> <span class='ocrx_word' id='word_1_149' title='bbox 2150 792 2265 847; x_wconf 83' lang='lat' dir='ltr'><strong>Hoc</strong></span> <span class='ocrx_word' id='word_1_150' title='bbox 2308 794 2450 847; x_wconf 90' lang='lat' dir='ltr'><strong>enim</strong></span> <span class='ocrx_word' id='word_1_151' title='bbox 2488 794 2660 864; x_wconf 87' lang='lat' dir='ltr'><strong>ipsum</strong></span> <span class='ocrx_word' id='word_1_152' title='bbox 2694 797 3039 851; x_wconf 88' lang='lat' dir='ltr'><strong>considerare</strong></span> <span class='ocrx_word' id='word_1_153' title='bbox 3063 805 3114 851; x_wconf 91' lang='lat' dir='ltr'><strong>te</strong></span> <span class='ocrx_word' id='word_1_154' title='bbox 3135 798 3259 852; x_wconf 89' lang='lat' dir='ltr'><strong>volo</strong></span> <span class='ocrx_word' id='word_1_155' title='bbox 3284 839 3297 863; x_wconf 94' lang='lat'><strong>,</strong></span> <span class='ocrx_word' id='word_1_156' title='bbox 3346 815 3535 856; x_wconf 92' lang='lat' dir='ltr'><strong>eorum</strong></span> 
     </span>
    </p>
   </div>
   <div class='ocr_carea' id='block_1_23' title="bbox 1946 882 3537 961">
    <p class='ocr_par' dir='ltr' id='par_1_23' title="bbox 1946 882 3537 961">
     <span class='ocr_line' id='line_1_23' title="bbox 1946 882 3537 961; baseline 0.006 -24"><span class='ocrx_word' id='word_1_157' title='bbox 1946 882 2173 937; x_wconf 85' lang='lat' dir='ltr'><strong>divitum</strong></span> <span class='ocrx_word' id='word_1_158' title='bbox 2193 924 2207 948; x_wconf 96' lang='lat'><strong>,</strong></span> <span class='ocrx_word' id='word_1_159' title='bbox 2239 900 2468 954; x_wconf 92' lang='lat' dir='ltr'><strong>quorum</strong></span> <span class='ocrx_word' id='word_1_160' title='bbox 2498 886 2582 939; x_wconf 85' lang='lat' dir='ltr'><strong>vel</strong></span> <span class='ocrx_word' id='word_1_161' title='bbox 2618 887 2841 940; x_wconf 88' lang='lat' dir='ltr'><strong>crimina</strong></span> <span class='ocrx_word' id='word_1_162' title='bbox 2862 888 2949 941; x_wconf 87' lang='lat' dir='ltr'><strong>vel</strong></span> <span class='ocrx_word' id='word_1_163' title='bbox 2981 888 3241 958; x_wconf 88' lang='lat' dir='ltr'><strong>supplicia</strong></span> <span class='ocrx_word' id='word_1_164' title='bbox 3272 889 3324 943; x_wconf 90' lang='lat' dir='ltr'><strong>in</strong></span> <span class='ocrx_word' id='word_1_165' title='bbox 3354 888 3537 961; x_wconf 89' lang='lat' dir='ltr'><strong>Scrip-</strong></span> 
     </span>
    </p>
   </div>
   <div class='ocr_carea' id='block_1_24' title="bbox 1947 973 3533 1051">
    <p class='ocr_par' dir='ltr' id='par_1_24' title="bbox 1947 973 3533 1051">
     <span class='ocr_line' id='line_1_24' title="bbox 1947 973 3533 1051; baseline 0.008 -26"><span class='ocrx_word' id='word_1_166' title='bbox 1947 973 2080 1026; x_wconf 92' lang='lat' dir='ltr'><strong>turis</strong></span> <span class='ocrx_word' id='word_1_167' title='bbox 2111 973 2320 1040; x_wconf 83' lang='lat' dir='ltr'><strong>signata</strong></span> <span class='ocrx_word' id='word_1_168' title='bbox 2350 983 2494 1038; x_wconf 92' lang='lat' dir='ltr'><strong>sunt,</strong></span> <span class='ocrx_word' id='word_1_169' title='bbox 2527 976 2743 1029; x_wconf 89' lang='lat' dir='ltr'><strong>nomina</strong></span> <span class='ocrx_word' id='word_1_170' title='bbox 2774 977 3074 1045; x_wconf 79' lang='lat' dir='ltr'><strong>signiﬁcata</strong></span> <span class='ocrx_word' id='word_1_171' title='bbox 3098 996 3203 1034; x_wconf 89' lang='lat' dir='ltr'><strong>non</strong></span> <span class='ocrx_word' id='word_1_172' title='bbox 3231 996 3374 1049; x_wconf 90' lang='lat' dir='ltr'><strong>esse,</strong></span> <span class='ocrx_word' id='word_1_173' title='bbox 3404 983 3533 1051; x_wconf 84' lang='lat' dir='ltr'><strong>quia</strong></span> 
     </span>
    </p>
   </div>
   <div class='ocr_carea' id='block_1_25' title="bbox 1942 1065 3532 1135">
    <p class='ocr_par' dir='ltr' id='par_1_25' title="bbox 1942 1065 3532 1135">
     <span class='ocr_line' id='line_1_25' title="bbox 1942 1065 3532 1135; baseline 0.008 -17"><span class='ocrx_word' id='word_1_174' title='bbox 1942 1065 2061 1119; x_wconf 90' lang='lat' dir='ltr'><strong>sine</strong></span> <span class='ocrx_word' id='word_1_175' title='bbox 2089 1066 2251 1120; x_wconf 91' lang='lat' dir='ltr'><strong>dubio</strong></span> <span class='ocrx_word' id='word_1_176' title='bbox 2282 1066 2484 1135; x_wconf 88' lang='lat' dir='ltr'><strong>indigni</strong></span> <span class='ocrx_word' id='word_1_177' title='bbox 2514 1077 2671 1121; x_wconf 89' lang='lat' dir='ltr'><strong>erant</strong></span> <span class='ocrx_word' id='word_1_178' title='bbox 2703 1080 2759 1122; x_wconf 89' lang='lat' dir='ltr'><strong>ut</strong></span> <span class='ocrx_word' id='word_1_179' title='bbox 2785 1085 3037 1126; x_wconf 89' lang='lat' dir='ltr'><strong>sermone</strong></span> <span class='ocrx_word' id='word_1_180' title='bbox 3062 1071 3244 1128; x_wconf 89' lang='lat' dir='ltr'><strong>divino</strong></span> <span class='ocrx_word' id='word_1_181' title='bbox 3281 1076 3532 1129; x_wconf 85' lang='lat' dir='ltr'><strong>nomina-</strong></span> 
     </span>
    </p>
   </div>
   <div class='ocr_carea' id='block_1_26' title="bbox 1940 1159 3532 1232">
    <p class='ocr_par' dir='ltr' id='par_1_26' title="bbox 1940 1159 3532 1232">
     <span class='ocr_line' id='line_1_26' title="bbox 1940 1159 3532 1232; baseline 0.008 -23"><span class='ocrx_word' id='word_1_182' title='bbox 1940 1165 2150 1223; x_wconf 85' lang='lat' dir='ltr'><strong>rentur,</strong></span> <span class='ocrx_word' id='word_1_183' title='bbox 2176 1173 2310 1226; x_wconf 91' lang='lat' dir='ltr'><strong>quos</strong></span> <span class='ocrx_word' id='word_1_184' title='bbox 2337 1168 2429 1211; x_wconf 90' lang='lat' dir='ltr'><strong>aut</strong></span> <span class='ocrx_word' id='word_1_185' title='bbox 2452 1159 2573 1212; x_wconf 72' lang='lat' dir='ltr'><strong>vita:</strong></span> <span class='ocrx_word' id='word_1_186' title='bbox 2603 1160 2928 1215; x_wconf 84' lang='lat' dir='ltr'><strong>oblitteravit</strong></span> <span class='ocrx_word' id='word_1_187' title='bbox 2956 1163 3233 1232; x_wconf 87' lang='lat' dir='ltr'><strong>impietas,</strong></span> <span class='ocrx_word' id='word_1_188' title='bbox 3279 1174 3371 1220; x_wconf 91' lang='lat' dir='ltr'><strong>aut</strong></span> <span class='ocrx_word' id='word_1_189' title='bbox 3400 1183 3532 1221; x_wconf 87' lang='lat' dir='ltr'><strong>ava-</strong></span> 
     </span>
    </p>
   </div>
   <div class='ocr_carea' id='block_1_27' title="bbox 1942 1248 3531 1323">
    <p class='ocr_par' dir='ltr' id='par_1_27' title="bbox 1942 1248 3531 1323">
     <span class='ocr_line' id='line_1_27' title="bbox 1942 1248 3531 1323; baseline 0.006 -23"><span class='ocrx_word' id='word_1_190' title='bbox 1942 1248 2064 1302; x_wconf 87' lang='lat' dir='ltr'><strong>ritia</strong></span> <span class='ocrx_word' id='word_1_191' title='bbox 2097 1249 2317 1303; x_wconf 89' lang='lat' dir='ltr'><strong>delevit.</strong></span> <span class='ocrx_word' id='word_1_192' title='bbox 2358 1249 2484 1304; x_wconf 87' lang='lat' dir='ltr'><strong>Ideo</strong></span> <span class='ocrx_word' id='word_1_193' title='bbox 2514 1251 2836 1319; x_wconf 73' lang='lat' dir='ltr'><strong>przedixerat</strong></span> <span class='ocrx_word' id='word_1_194' title='bbox 2881 1252 3137 1306; x_wconf 88' lang='lat' dir='ltr'><strong>Dominus</strong></span> <span class='ocrx_word' id='word_1_195' title='bbox 3178 1255 3229 1307; x_wconf 89' lang='lat' dir='ltr'><strong>in</strong></span> <span class='ocrx_word' id='word_1_196' title='bbox 3266 1255 3531 1323; x_wconf 79' lang='lat' dir='ltr'><strong>Propheta</strong></span> 
     </span>
    </p>
   </div>
   <div class='ocr_carea' id='block_1_28' title="bbox 1941 1340 3533 1420">
    <p class='ocr_par' dir='ltr' id='par_1_28' title="bbox 1941 1340 3533 1420">
     <span class='ocr_line' id='line_1_28' title="bbox 1941 1340 3533 1420; baseline 0.006 -26"><span class='ocrx_word' id='word_1_197' title='bbox 1941 1341 2045 1408; x_wconf 83' lang='grc'>77</span> <span class='ocrx_word' id='word_1_198' title='bbox 2071 1340 2138 1395; x_wconf 88' lang='lat' dir='ltr'><strong>de</strong></span> <span class='ocrx_word' id='word_1_199' title='bbox 2176 1341 2345 1410; x_wconf 87' lang='lat' dir='ltr'><strong>ipsis:</strong></span> <span class='ocrx_word' id='word_1_200' title='bbox 2392 1341 2506 1396; x_wconf 86' lang='lat' dir='ltr'><strong>Nec</strong></span> <span class='ocrx_word' id='word_1_201' title='bbox 2548 1360 2742 1398; x_wconf 85' lang='lat' dir='ltr'><strong>memor</strong></span> <span class='ocrx_word' id='word_1_202' title='bbox 2777 1362 2865 1399; x_wconf 75' lang='lat' dir='ltr'><strong>ero</strong></span> <span class='ocrx_word' id='word_1_203' title='bbox 2903 1347 3169 1400; x_wconf 80' lang='lat' dir='ltr'><strong>nominum</strong></span> <span class='ocrx_word' id='word_1_204' title='bbox 3206 1348 3412 1402; x_wconf 84' lang='lat' dir='ltr'><strong>illorum</strong></span> <span class='ocrx_word' id='word_1_205' title='bbox 3442 1368 3533 1420; x_wconf 86' lang='lat' dir='ltr'><strong>per</strong></span> 
     </span>
    </p>
   </div>
   <div class='ocr_carea' id='block_1_29' title="bbox 1940 1429 3530 1503">
    <p class='ocr_par' dir='ltr' id='par_1_29' title="bbox 1940 1429 3530 1503">
     <span class='ocr_line' id='line_1_29' title="bbox 1940 1429 3530 1503; baseline 0.006 -20"><span class='ocrx_word' id='word_1_206' title='bbox 1940 1429 2079 1484; x_wconf 82' lang='lat' dir='ltr'><strong>labia</strong></span> <span class='ocrx_word' id='word_1_207' title='bbox 2100 1449 2212 1485; x_wconf 83' lang='lat' dir='ltr'><strong>mea</strong></span> <span class='ocrx_word' id='word_1_208' title='bbox 2244 1432 2287 1499; x_wconf 73' lang='grc' dir='ltr'><strong>ί,</strong></span> <span class='ocrx_word' id='word_1_209' title='bbox 2316 1433 2420 1487; x_wconf 91' lang='lat' dir='ltr'><strong>hoc</strong></span> <span class='ocrx_word' id='word_1_210' title='bbox 2443 1444 2525 1488; x_wconf 91' lang='lat' dir='ltr'><strong>est</strong></span> <span class='ocrx_word' id='word_1_211' title='bbox 2553 1450 2649 1503; x_wconf 87' lang='lat' dir='ltr'><strong>per</strong></span> <span class='ocrx_word' id='word_1_212' title='bbox 2669 1436 3051 1489; x_wconf 89' lang='lat' dir='ltr'><strong>immortalium</strong></span> <span class='ocrx_word' id='word_1_213' title='bbox 3080 1436 3185 1491; x_wconf 91' lang='lat' dir='ltr'><strong>duo</strong></span> <span class='ocrx_word' id='word_1_214' title='bbox 3209 1446 3530 1493; x_wconf 87' lang='lat' dir='ltr'><strong>testamenta</strong></span> 
     </span>
    </p>
   </div>
   <div class='ocr_carea' id='block_1_30' title="bbox 1939 1520 3528 1597">
    <p class='ocr_par' dir='ltr' id='par_1_30' title="bbox 1939 1520 3528 1597">
     <span class='ocr_line' id='line_1_30' title="bbox 1939 1520 3528 1597; baseline 0.006 -25"><span class='ocrx_word' id='word_1_215' title='bbox 1939 1520 2251 1589; x_wconf 87' lang='lat' dir='ltr'><strong>verborum,</strong></span> <span class='ocrx_word' id='word_1_216' title='bbox 2282 1538 2398 1592; x_wconf 78' lang='lat' dir='ltr'><strong>qua:</strong></span> <span class='ocrx_word' id='word_1_217' title='bbox 2424 1526 2533 1579; x_wconf 91' lang='lat' dir='ltr'><strong>oris</strong></span> <span class='ocrx_word' id='word_1_218' title='bbox 2550 1526 2713 1579; x_wconf 81' lang='lat' dir='ltr'><strong>divini</strong></span> <span class='ocrx_word' id='word_1_219' title='bbox 2744 1526 2884 1579; x_wconf 86' lang='lat' dir='ltr'><strong>labia</strong></span> <span class='ocrx_word' id='word_1_220' title='bbox 2914 1525 3053 1581; x_wconf 86' lang='lat' dir='ltr'><strong>bene</strong></span> <span class='ocrx_word' id='word_1_221' title='bbox 3078 1526 3369 1593; x_wconf 90' lang='lat' dir='ltr'><strong>dicuntur;</strong></span> <span class='ocrx_word' id='word_1_222' title='bbox 3404 1530 3528 1597; x_wconf 89' lang='lat' dir='ltr'><strong>quia</strong></span> 
     </span>
    </p>
   </div>
   <div class='ocr_carea' id='block_1_31' title="bbox 1938 1613 3529 1689">
    <p class='ocr_par' dir='ltr' id='par_1_31' title="bbox 1938 1613 3529 1689">
     <span class='ocr_line' id='line_1_31' title="bbox 1938 1613 3529 1689; baseline 0.007 -23"><span class='ocrx_word' id='word_1_223' title='bbox 1938 1620 1993 1666; x_wconf 88' lang='lat' dir='ltr'><strong>et</strong></span> <span class='ocrx_word' id='word_1_224' title='bbox 2016 1613 2291 1667; x_wconf 73' lang='lat' dir='ltr'><strong>cohzerent</strong></span> <span class='ocrx_word' id='word_1_225' title='bbox 2320 1616 2421 1669; x_wconf 89' lang='lat' dir='ltr'><strong>sibi</strong></span> <span class='ocrx_word' id='word_1_226' title='bbox 2449 1659 2463 1683; x_wconf 93' lang='lat'><strong>,</strong></span> <span class='ocrx_word' id='word_1_227' title='bbox 2512 1625 2567 1671; x_wconf 89' lang='lat' dir='ltr'><strong>et</strong></span> <span class='ocrx_word' id='word_1_228' title='bbox 2605 1634 2712 1671; x_wconf 91' lang='lat' dir='ltr'><strong>uno</strong></span> <span class='ocrx_word' id='word_1_229' title='bbox 2744 1619 2833 1673; x_wconf 91' lang='lat' dir='ltr'><strong>Dei</strong></span> <span class='ocrx_word' id='word_1_230' title='bbox 2874 1619 3040 1674; x_wconf 89' lang='lat' dir='ltr'><strong>verbo</strong></span> <span class='ocrx_word' id='word_1_231' title='bbox 3081 1621 3432 1689; x_wconf 90' lang='lat' dir='ltr'><strong>aperiuntur,</strong></span> <span class='ocrx_word' id='word_1_232' title='bbox 3473 1634 3529 1677; x_wconf 91' lang='lat' dir='ltr'><strong>ct</strong></span> 
     </span>
    </p>
   </div>
   <div class='ocr_carea' id='block_1_32' title="bbox 1938 1704 3521 1775">
    <p class='ocr_par' dir='ltr' id='par_1_32' title="bbox 1938 1704 3521 1775">
     <span class='ocr_line' id='line_1_32' title="bbox 1938 1704 3521 1775; baseline 0.007 -19"><span class='ocrx_word' id='word_1_233' title='bbox 1938 1719 2037 1771; x_wconf 85' lang='lat' dir='ltr'><strong>per</strong></span> <span class='ocrx_word' id='word_1_234' title='bbox 2076 1704 2187 1775; x_wconf 90' lang='lat' dir='ltr'><strong>ipsa</strong></span> <span class='ocrx_word' id='word_1_235' title='bbox 2236 1721 2334 1759; x_wconf 91' lang='lat' dir='ltr'><strong>nos</strong></span> <span class='ocrx_word' id='word_1_236' title='bbox 2382 1705 2522 1760; x_wconf 90' lang='lat' dir='ltr'><strong>Deus</strong></span> <span class='ocrx_word' id='word_1_237' title='bbox 2572 1712 2827 1762; x_wconf 76' lang='lat' dir='ltr'><strong>osculatur</strong></span> <span class='ocrx_word' id='word_1_238' title='bbox 2876 1710 2940 1763; x_wconf 86' lang='lat' dir='ltr'><strong>ab</strong></span> <span class='ocrx_word' id='word_1_239' title='bbox 2981 1712 3169 1766; x_wconf 77' lang='lat' dir='ltr'><strong>osculis</strong></span> <span class='ocrx_word' id='word_1_240' title='bbox 3218 1714 3323 1766; x_wconf 87' lang='lat' dir='ltr'><strong>oris</strong></span> <span class='ocrx_word' id='word_1_241' title='bbox 3370 1715 3450 1766; x_wconf 78' lang='lat' dir='ltr'><strong>sui</strong></span> <span class='ocrx_word' id='word_1_242' title='bbox 3477 1714 3521 1767; x_wconf 85' lang='lat' dir='ltr'><strong>i.</strong></span> 
     </span>
    </p>
   </div>
   <div class='ocr_carea' id='block_1_33' title="bbox 260 1784 3523 1871">
    <p class='ocr_par' dir='ltr' id='par_1_33' title="bbox 260 1784 3523 1871">
     <span class='ocr_line' id='line_1_33' title="bbox 260 1784 3523 1871; baseline 0.005 -31"><span class='ocrx_word' id='word_1_243' title='bbox 260 1788 375 1841; x_wconf 77' lang='lat' dir='ltr'><strong>istic</strong></span> <span class='ocrx_word' id='word_1_244' title='bbox 394 1800 654 1855; x_wconf 84' lang='lat' dir='ltr'><strong>pauperes</strong></span> <span class='ocrx_word' id='word_1_245' title='bbox 676 1786 815 1839; x_wconf 88' lang='lat' dir='ltr'><strong>bona</strong></span> <span class='ocrx_word' id='word_1_246' title='bbox 842 1793 1053 1838; x_wconf 66' lang='lat' dir='ltr'><strong>ten‘ena</strong></span> <span class='ocrx_word' id='word_1_247' title='bbox 1077 1784 1383 1837; x_wconf 82' lang='lat' dir='ltr'><strong>nescierint.</strong></span> <span class='ocrx_word' id='word_1_248' title='bbox 1410 1784 1476 1836; x_wconf 83' lang='lat' dir='ltr'><strong>Et</strong></span> <span class='ocrx_word' id='word_1_249' title='bbox 1496 1785 1688 1838; x_wconf 89' lang='lat' dir='ltr'><strong>horum</strong></span> <span class='ocrx_word' id='word_1_250' title='bbox 1710 1798 1833 1852; x_wconf 83' lang='lat' dir='ltr'><strong>gra-</strong></span> <span class='ocrx_word' id='word_1_251' title='bbox 1865 1798 1906 1855; x_wconf 73' lang='grc' dir='ltr'><strong>Β</strong></span> <span class='ocrx_word' id='word_1_252' title='bbox 1940 1791 2063 1846; x_wconf 61' lang='lat' dir='ltr'><strong>llaec</strong></span> <span class='ocrx_word' id='word_1_253' title='bbox 2090 1808 2219 1862; x_wconf 90' lang='lat' dir='ltr'><strong>ergo</strong></span> <span class='ocrx_word' id='word_1_254' title='bbox 2260 1794 2397 1848; x_wconf 89' lang='lat' dir='ltr'><strong>labia</strong></span> <span class='ocrx_word' id='word_1_255' title='bbox 2442 1796 2609 1864; x_wconf 91' lang='lat' dir='ltr'><strong>pollui</strong></span> <span class='ocrx_word' id='word_1_256' title='bbox 2664 1798 2835 1852; x_wconf 89' lang='lat' dir='ltr'><strong>noluit</strong></span> <span class='ocrx_word' id='word_1_257' title='bbox 2882 1801 3189 1855; x_wconf 89' lang='lat' dir='ltr'><strong>nominibus</strong></span> <span class='ocrx_word' id='word_1_258' title='bbox 3238 1802 3523 1871; x_wconf 88' lang='lat' dir='ltr'><strong>impiorum</strong></span> 
     </span>
    </p>
   </div>
   <div class='ocr_carea' id='block_1_34' title="bbox 260 1873 1832 1944">
    <p class='ocr_par' dir='ltr' id='par_1_34' title="bbox 260 1873 1832 1944">
     <span class='ocr_line' id='line_1_34' title="bbox 260 1873 1832 1944; baseline 0 -15"><span class='ocrx_word' id='word_1_259' title='bbox 260 1877 372 1930; x_wconf 79' lang='lat' dir='ltr'><strong>vius</strong></span> <span class='ocrx_word' id='word_1_260' title='bbox 403 1876 577 1943; x_wconf 85' lang='lat' dir='ltr'><strong>lingua</strong></span> <span class='ocrx_word' id='word_1_261' title='bbox 609 1875 901 1930; x_wconf 88' lang='lat' dir='ltr'><strong>torrebitur</strong></span> <span class='ocrx_word' id='word_1_262' title='bbox 926 1914 941 1939; x_wconf 94' lang='lat'><strong>,</strong></span> <span class='ocrx_word' id='word_1_263' title='bbox 984 1874 1076 1942; x_wconf 88' lang='lat' dir='ltr'><strong>qui</strong></span> <span class='ocrx_word' id='word_1_264' title='bbox 1108 1873 1412 1928; x_wconf 83' lang='lat' dir='ltr'><strong>debilitates</strong></span> <span class='ocrx_word' id='word_1_265' title='bbox 1442 1875 1601 1928; x_wconf 89' lang='lat' dir='ltr'><strong>modo</strong></span> <span class='ocrx_word' id='word_1_266' title='bbox 1630 1890 1832 1944; x_wconf 88' lang='lat' dir='ltr'><strong>paupe-</strong></span> 
     </span>
    </p>
   </div>
   <div class='ocr_carea' id='block_1_35' title="bbox 261 1964 1832 2033">
    <p class='ocr_par' dir='ltr' id='par_1_35' title="bbox 261 1964 1832 2033">
     <span class='ocr_line' id='line_1_35' title="bbox 261 1964 1832 2033; baseline 0 -12"><span class='ocrx_word' id='word_1_267' title='bbox 261 1984 372 2021; x_wconf 90' lang='lat' dir='ltr'><strong>rum</strong></span> <span class='ocrx_word' id='word_1_268' title='bbox 402 1969 483 2023; x_wconf 86' lang='lat' dir='ltr'><strong>vel</strong></span> <span class='ocrx_word' id='word_1_269' title='bbox 534 1969 760 2022; x_wconf 87' lang='lat' dir='ltr'><strong>horrent</strong></span> <span class='ocrx_word' id='word_1_270' title='bbox 787 1968 872 2021; x_wconf 89' lang='lat' dir='ltr'><strong>vel</strong></span> <span class='ocrx_word' id='word_1_271' title='bbox 914 1967 1161 2033; x_wconf 89' lang='lat' dir='ltr'><strong>irrident,</strong></span> <span class='ocrx_word' id='word_1_272' title='bbox 1206 1964 1467 2020; x_wconf 69' lang='lat' dir='ltr'><strong>fastidiosi</strong></span> <span class='ocrx_word' id='word_1_273' title='bbox 1506 1967 1738 2021; x_wconf 89' lang='lat' dir='ltr'><strong>letaliter</strong></span> <span class='ocrx_word' id='word_1_274' title='bbox 1777 1975 1832 2021; x_wconf 90' lang='lat' dir='ltr'><strong>et</strong></span> 
     </span>
    </p>
   </div>
   <div class='ocr_carea' id='block_1_36' title="bbox 264 2058 1831 2130">
    <p class='ocr_par' dir='ltr' id='par_1_36' title="bbox 264 2058 1831 2130">
     <span class='ocr_line' id='line_1_36' title="bbox 264 2058 1831 2130; baseline 0 -17"><span class='ocrx_word' id='word_1_275' title='bbox 264 2061 412 2115; x_wconf 82' lang='lat' dir='ltr'><strong>faceti</strong></span> <span class='ocrx_word' id='word_1_276' title='bbox 437 2070 721 2116; x_wconf 91' lang='lat' dir='ltr'><strong>nocenter:</strong></span> <span class='ocrx_word' id='word_1_277' title='bbox 748 2061 837 2129; x_wconf 90' lang='lat' dir='ltr'><strong>qui</strong></span> <span class='ocrx_word' id='word_1_278' title='bbox 858 2068 1207 2130; x_wconf 63' lang='lat' dir='ltr'><strong>praitereunt,</strong></span> <span class='ocrx_word' id='word_1_279' title='bbox 1233 2067 1288 2113; x_wconf 94' lang='lat' dir='ltr'><strong>et</strong></span> <span class='ocrx_word' id='word_1_280' title='bbox 1309 2058 1529 2112; x_wconf 89' lang='lat' dir='ltr'><strong>canibus</strong></span> <span class='ocrx_word' id='word_1_281' title='bbox 1547 2058 1831 2113; x_wconf 88' lang='lat' dir='ltr'><strong>lambenda</strong></span> 
     </span>
    </p>
   </div>
   <div class='ocr_carea' id='block_1_37' title="bbox 261 2154 1830 2224">
    <p class='ocr_par' dir='ltr' id='par_1_37' title="bbox 261 2154 1830 2224">
     <span class='ocr_line' id='line_1_37' title="bbox 261 2154 1830 2224; baseline -0.001 -16"><span class='ocrx_word' id='word_1_282' title='bbox 261 2154 519 2208; x_wconf 88' lang='lat' dir='ltr'><strong>dimittunt</strong></span> <span class='ocrx_word' id='word_1_283' title='bbox 569 2155 752 2209; x_wconf 87' lang='lat' dir='ltr'><strong>ulcera</strong></span> <span class='ocrx_word' id='word_1_284' title='bbox 801 2155 1207 2224; x_wconf 83' lang='lat' dir='ltr'><strong>proximorum;</strong></span> <span class='ocrx_word' id='word_1_285' title='bbox 1257 2154 1380 2224; x_wconf 80' lang='lat' dir='ltr'><strong>quia</strong></span> <span class='ocrx_word' id='word_1_286' title='bbox 1433 2154 1610 2207; x_wconf 89' lang='lat' dir='ltr'><strong>omnis</strong></span> <span class='ocrx_word' id='word_1_287' title='bbox 1639 2162 1830 2207; x_wconf 88' lang='lat' dir='ltr'><strong>natura</strong></span> 
     </span>
    </p>
   </div>
   <div class='ocr_carea' id='block_1_38' title="bbox 262 2246 1832 2315">
    <p class='ocr_par' dir='ltr' id='par_1_38' title="bbox 262 2246 1832 2315">
     <span class='ocr_line' id='line_1_38' title="bbox 262 2246 1832 2315; baseline 0.001 -16"><span class='ocrx_word' id='word_1_288' title='bbox 262 2247 447 2299; x_wconf 87' lang='lat' dir='ltr'><strong>homini</strong></span> <span class='ocrx_word' id='word_1_289' title='bbox 472 2247 634 2301; x_wconf 90' lang='lat' dir='ltr'><strong>homo</strong></span> <span class='ocrx_word' id='word_1_290' title='bbox 657 2246 951 2315; x_wconf 77' lang='lat' dir='ltr'><strong>proximus.</strong></span> <span class='ocrx_word' id='word_1_291' title='bbox 994 2246 1203 2313; x_wconf 87' lang='lat' dir='ltr'><strong>Nonne,</strong></span> <span class='ocrx_word' id='word_1_292' title='bbox 1234 2262 1416 2315; x_wconf 70' lang='lat' dir='ltr'><strong>quaeso</strong></span> <span class='ocrx_word' id='word_1_293' title='bbox 1440 2254 1511 2313; x_wconf 87' lang='lat' dir='ltr'><strong>te,</strong></span> <span class='ocrx_word' id='word_1_294' title='bbox 1542 2246 1630 2300; x_wconf 90' lang='lat' dir='ltr'><strong>isti</strong></span> <span class='ocrx_word' id='word_1_295' title='bbox 1652 2247 1832 2301; x_wconf 89' lang='lat' dir='ltr'><strong>verius</strong></span> 
     </span>
    </p>
   </div>
   <div class='ocr_carea' id='block_1_39' title="bbox 261 2336 1831 2409">
    <p class='ocr_par' dir='ltr' id='par_1_39' title="bbox 261 2336 1831 2409">
     <span class='ocr_line' id='line_1_39' title="bbox 261 2336 1831 2409; baseline 0.003 -19"><span class='ocrx_word' id='word_1_296' title='bbox 261 2336 454 2390; x_wconf 87' lang='lat' dir='ltr'><strong>dicendi</strong></span> <span class='ocrx_word' id='word_1_297' title='bbox 478 2352 663 2402; x_wconf 90' lang='lat' dir='ltr'><strong>canes,</strong></span> <span class='ocrx_word' id='word_1_298' title='bbox 696 2337 788 2406; x_wconf 90' lang='lat' dir='ltr'><strong>qui</strong></span> <span class='ocrx_word' id='word_1_299' title='bbox 809 2353 877 2392; x_wconf 89' lang='lat' dir='ltr'><strong>ne</strong></span> <span class='ocrx_word' id='word_1_300' title='bbox 896 2352 1058 2393; x_wconf 88' lang='lat' dir='ltr'><strong>canes</strong></span> <span class='ocrx_word' id='word_1_301' title='bbox 1078 2339 1293 2407; x_wconf 90' lang='lat' dir='ltr'><strong>quidem</strong></span> <span class='ocrx_word' id='word_1_302' title='bbox 1313 2340 1369 2393; x_wconf 95' lang='lat' dir='ltr'><strong>in</strong></span> <span class='ocrx_word' id='word_1_303' title='bbox 1394 2339 1644 2394; x_wconf 89' lang='lat' dir='ltr'><strong>curandis</strong></span> <span class='ocrx_word' id='word_1_304' title='bbox 1668 2345 1831 2409; x_wconf 89' lang='lat' dir='ltr'><strong>atque</strong></span> 
     </span>
    </p>
   </div>
   <div class='ocr_carea' id='block_1_40' title="bbox 261 2427 1831 2493">
    <p class='ocr_par' dir='ltr' id='par_1_40' title="bbox 261 2427 1831 2493">
     <span class='ocr_line' id='line_1_40' title="bbox 261 2427 1831 2493; baseline 0.003 -12"><span class='ocrx_word' id='word_1_305' title='bbox 261 2427 543 2482; x_wconf 84' lang='lat' dir='ltr'><strong>mulcendis</strong></span> <span class='ocrx_word' id='word_1_306' title='bbox 565 2428 875 2482; x_wconf 87' lang='lat' dir='ltr'><strong>hominibus</strong></span> <span class='ocrx_word' id='word_1_307' title='bbox 905 2430 1097 2483; x_wconf 87' lang='lat' dir='ltr'><strong>imitati</strong></span> <span class='ocrx_word' id='word_1_308' title='bbox 1120 2438 1264 2493; x_wconf 91' lang='lat' dir='ltr'><strong>sunt,</strong></span> <span class='ocrx_word' id='word_1_309' title='bbox 1298 2439 1353 2484; x_wconf 92' lang='lat' dir='ltr'><strong>et</strong></span> <span class='ocrx_word' id='word_1_310' title='bbox 1372 2430 1438 2485; x_wconf 91' lang='lat' dir='ltr'><strong>de</strong></span> <span class='ocrx_word' id='word_1_311' title='bbox 1459 2431 1613 2486; x_wconf 89' lang='lat' dir='ltr'><strong>micis</strong></span> <span class='ocrx_word' id='word_1_312' title='bbox 1637 2431 1831 2485; x_wconf 86' lang='lat' dir='ltr'><strong>saltem</strong></span> 
     </span>
    </p>
   </div>
   <div class='ocr_carea' id='block_1_41' title="bbox 260 2518 1830 2591">
    <p class='ocr_par' dir='ltr' id='par_1_41' title="bbox 260 2518 1830 2591">
     <span class='ocr_line' id='line_1_41' title="bbox 260 2518 1830 2591; baseline 0.004 -22"><span class='ocrx_word' id='word_1_313' title='bbox 260 2533 287 2569; x_wconf 91' lang='lat' dir='ltr'><strong>a</strong></span> <span class='ocrx_word' id='word_1_314' title='bbox 313 2533 488 2571; x_wconf 86' lang='lat' dir='ltr'><strong>mensa</strong></span> <span class='ocrx_word' id='word_1_315' title='bbox 516 2534 611 2571; x_wconf 92' lang='lat' dir='ltr'><strong>sua</strong></span> <span class='ocrx_word' id='word_1_316' title='bbox 634 2518 946 2573; x_wconf 88' lang='lat' dir='ltr'><strong>cadentibus</strong></span> <span class='ocrx_word' id='word_1_317' title='bbox 970 2520 1044 2591; x_wconf 89' lang='lat' dir='ltr'><strong>(b)</strong></span> <span class='ocrx_word' id='word_1_318' title='bbox 1064 2520 1296 2574; x_wconf 88' lang='lat' dir='ltr'><strong>saturari</strong></span> <span class='ocrx_word' id='word_1_319' title='bbox 1319 2522 1595 2589; x_wconf 87' lang='lat' dir='ltr'><strong>cupientes</strong></span> <span class='ocrx_word' id='word_1_320' title='bbox 1616 2520 1830 2589; x_wconf 88' lang='lat' dir='ltr'><strong>fratres,</strong></span> 
     </span>
    </p>
   </div>
   <div class='ocr_carea' id='block_1_42' title="bbox 261 2608 1829 2679">
    <p class='ocr_par' dir='ltr' id='par_1_42' title="bbox 261 2608 1829 2679">
     <span class='ocr_line' id='line_1_42' title="bbox 261 2608 1829 2679; baseline 0.004 -18"><span class='ocrx_word' id='word_1_321' title='bbox 261 2608 353 2662; x_wconf 85' lang='lat' dir='ltr'><strong>hoc</strong></span> <span class='ocrx_word' id='word_1_322' title='bbox 378 2618 475 2674; x_wconf 89' lang='lat' dir='ltr'><strong>est,</strong></span> <span class='ocrx_word' id='word_1_323' title='bbox 500 2619 693 2663; x_wconf 91' lang='lat' dir='ltr'><strong>natura</strong></span> <span class='ocrx_word' id='word_1_324' title='bbox 724 2618 895 2664; x_wconf 90' lang='lat' dir='ltr'><strong>matre</strong></span> <span class='ocrx_word' id='word_1_325' title='bbox 918 2624 1232 2679; x_wconf 83' lang='lat' dir='ltr'><strong>germanos,</strong></span> <span class='ocrx_word' id='word_1_326' title='bbox 1265 2629 1370 2666; x_wconf 93' lang='lat' dir='ltr'><strong>non</strong></span> <span class='ocrx_word' id='word_1_327' title='bbox 1401 2614 1575 2667; x_wconf 92' lang='lat' dir='ltr'><strong>solum</strong></span> <span class='ocrx_word' id='word_1_328' title='bbox 1605 2614 1829 2668; x_wconf 89' lang='lat' dir='ltr'><strong>obsera-</strong></span> 
     </span>
    </p>
   </div>
   <div class='ocr_carea' id='block_1_43' title="bbox 262 2698 1830 2765">
    <p class='ocr_par' dir='ltr' id='par_1_43' title="bbox 262 2698 1830 2765">
     <span class='ocr_line' id='line_1_43' title="bbox 262 2698 1830 2765; baseline 0.008 -16"><span class='ocrx_word' id='word_1_329' title='bbox 262 2698 324 2751; x_wconf 91' lang='lat' dir='ltr'><strong>tis</strong></span> <span class='ocrx_word' id='word_1_330' title='bbox 349 2698 544 2753; x_wconf 90' lang='lat' dir='ltr'><strong>foribus</strong></span> <span class='ocrx_word' id='word_1_331' title='bbox 572 2700 823 2765; x_wconf 78' lang='lat' dir='ltr'><strong>excludi,</strong></span> <span class='ocrx_word' id='word_1_332' title='bbox 871 2702 965 2756; x_wconf 88' lang='lat' dir='ltr'><strong>sed</strong></span> <span class='ocrx_word' id='word_1_333' title='bbox 996 2703 1158 2756; x_wconf 90' lang='lat' dir='ltr'><strong>etiam</strong></span> <span class='ocrx_word' id='word_1_334' title='bbox 1197 2704 1353 2757; x_wconf 71' lang='lat' dir='ltr'><strong>smvis</strong></span> <span class='ocrx_word' id='word_1_335' title='bbox 1388 2705 1702 2760; x_wconf 87' lang='lat' dir='ltr'><strong>verberibus</strong></span> <span class='ocrx_word' id='word_1_336' title='bbox 1729 2722 1830 2761; x_wconf 79' lang='lat' dir='ltr'><strong>ex-</strong></span> 
     </span>
    </p>
   </div>
   <div class='ocr_carea' id='block_1_44' title="bbox 261 2788 1831 2863">
    <p class='ocr_par' dir='ltr' id='par_1_44' title="bbox 261 2788 1831 2863">
     <span class='ocr_line' id='line_1_44' title="bbox 261 2788 1831 2863; baseline 0.008 -22"><span class='ocrx_word' id='word_1_337' title='bbox 261 2788 374 2857; x_wconf 86' lang='lat' dir='ltr'><strong>pelli</strong></span> <span class='ocrx_word' id='word_1_338' title='bbox 397 2788 632 2857; x_wconf 77' lang='lat' dir='ltr'><strong>jubcnt?</strong></span> <span class='ocrx_word' id='word_1_339' title='bbox 668 2788 816 2846; x_wconf 89' lang='lat' dir='ltr'><strong>Unde</strong></span> <span class='ocrx_word' id='word_1_340' title='bbox 843 2793 1006 2847; x_wconf 88' lang='lat' dir='ltr'><strong>credo</strong></span> <span class='ocrx_word' id='word_1_341' title='bbox 1031 2793 1179 2847; x_wconf 85' lang='lat' dir='ltr'><strong>illum</strong></span> <span class='ocrx_word' id='word_1_342' title='bbox 1210 2794 1261 2848; x_wconf 90' lang='lat' dir='ltr'><strong>in</strong></span> <span class='ocrx_word' id='word_1_343' title='bbox 1289 2793 1579 2863; x_wconf 81' lang='lat' dir='ltr'><strong>Evangelia</strong></span> <span class='ocrx_word' id='word_1_344' title='bbox 1608 2797 1831 2852; x_wconf 88' lang='lat' dir='ltr'><strong>divitem</strong></span> 
     </span>
    </p>
   </div>
   <div class='ocr_carea' id='block_1_45' title="bbox 1936 1881 3523 1956">
    <p class='ocr_par' dir='ltr' id='par_1_45' title="bbox 1936 1881 3523 1956">
     <span class='ocr_line' id='line_1_45' title="bbox 1936 1881 3523 1956; baseline 0.008 -22"><span class='ocrx_word' id='word_1_345' title='bbox 1936 1881 2116 1935; x_wconf 90' lang='lat' dir='ltr'><strong>divina</strong></span> <span class='ocrx_word' id='word_1_346' title='bbox 2133 1882 2379 1950; x_wconf 88' lang='lat' dir='ltr'><strong>justitia;</strong></span> <span class='ocrx_word' id='word_1_347' title='bbox 2426 1894 2480 1939; x_wconf 89' lang='lat' dir='ltr'><strong>et</strong></span> <span class='ocrx_word' id='word_1_348' title='bbox 2506 1886 2704 1942; x_wconf 87' lang='lat' dir='ltr'><strong>idcirco</strong></span> <span class='ocrx_word' id='word_1_349' title='bbox 2746 1904 2920 1956; x_wconf 87' lang='lat' dir='ltr'><strong>neque</strong></span> <span class='ocrx_word' id='word_1_350' title='bbox 2945 1890 3086 1945; x_wconf 90' lang='lat' dir='ltr'><strong>illius</strong></span> <span class='ocrx_word' id='word_1_351' title='bbox 3112 1892 3292 1947; x_wconf 90' lang='lat' dir='ltr'><strong>divitis</strong></span> <span class='ocrx_word' id='word_1_352' title='bbox 3325 1908 3523 1947; x_wconf 88' lang='lat' dir='ltr'><strong>nomen</strong></span> 
     </span>
    </p>
   </div>
   <div class='ocr_carea' id='block_1_46' title="bbox 1934 1972 3525 2047">
    <p class='ocr_par' dir='ltr' id='par_1_46' title="bbox 1934 1972 3525 2047">
     <span class='ocr_line' id='line_1_46' title="bbox 1934 1972 3525 2047; baseline 0.008 -24"><span class='ocrx_word' id='word_1_353' title='bbox 1934 1978 2130 2036; x_wconf 82' lang='lat' dir='ltr'><strong>exstat,</strong></span> <span class='ocrx_word' id='word_1_354' title='bbox 2179 1972 2332 2039; x_wconf 89' lang='lat' dir='ltr'><strong>cujus</strong></span> <span class='ocrx_word' id='word_1_355' title='bbox 2361 1975 2569 2029; x_wconf 89' lang='lat' dir='ltr'><strong>vanitas</strong></span> <span class='ocrx_word' id='word_1_356' title='bbox 2617 1984 2671 2029; x_wconf 91' lang='lat' dir='ltr'><strong>et</strong></span> <span class='ocrx_word' id='word_1_357' title='bbox 2714 1978 2937 2031; x_wconf 86' lang='lat' dir='ltr'><strong>avaritia</strong></span> <span class='ocrx_word' id='word_1_358' title='bbox 2968 1980 3240 2047; x_wconf 85' lang='lat' dir='ltr'><strong>signatur;</strong></span> <span class='ocrx_word' id='word_1_359' title='bbox 3288 1982 3371 2035; x_wconf 85' lang='lat' dir='ltr'><strong>cui</strong></span> <span class='ocrx_word' id='word_1_360' title='bbox 3402 1998 3525 2036; x_wconf 81' lang='lat' dir='ltr'><strong>con-</strong></span> 
     </span>
    </p>
   </div>
   <div class='ocr_carea' id='block_1_47' title="bbox 1932 2060 3517 2138">
    <p class='ocr_par' dir='ltr' id='par_1_47' title="bbox 1932 2060 3517 2138">
     <span class='ocr_line' id='line_1_47' title="bbox 1932 2060 3517 2138; baseline 0.009 -27"><span class='ocrx_word' id='word_1_361' title='bbox 1932 2068 2107 2112; x_wconf 90' lang='lat' dir='ltr'><strong>sumta</strong></span> <span class='ocrx_word' id='word_1_362' title='bbox 2130 2060 2239 2128; x_wconf 90' lang='lat' dir='ltr'><strong>jam</strong></span> <span class='ocrx_word' id='word_1_363' title='bbox 2273 2063 2377 2115; x_wconf 90' lang='lat' dir='ltr'><strong>vita</strong></span> <span class='ocrx_word' id='word_1_364' title='bbox 2407 2062 2473 2117; x_wconf 91' lang='lat' dir='ltr'><strong>de</strong></span> <span class='ocrx_word' id='word_1_365' title='bbox 2504 2064 2627 2117; x_wconf 80' lang='lat' dir='ltr'><strong>vita:</strong></span> <span class='ocrx_word' id='word_1_366' title='bbox 2655 2068 3002 2134; x_wconf 81' lang='lat' dir='ltr'><strong>apparatibus</strong></span> <span class='ocrx_word' id='word_1_367' title='bbox 3031 2071 3288 2138; x_wconf 87' lang='lat' dir='ltr'><strong>cogitanti</strong></span> <span class='ocrx_word' id='word_1_368' title='bbox 3317 2071 3517 2125; x_wconf 89' lang='lat' dir='ltr'><strong>dictum</strong></span> 
     </span>
    </p>
   </div>
   <div class='ocr_carea' id='block_1_48' title="bbox 1936 2151 3523 2233">
    <p class='ocr_par' dir='ltr' id='par_1_48' title="bbox 1936 2151 3523 2233">
     <span class='ocr_line' id='line_1_48' title="bbox 1936 2151 3523 2233; baseline 0.008 -30"><span class='ocrx_word' id='word_1_369' title='bbox 1936 2159 2038 2213; x_wconf 88' lang='lat' dir='ltr'><strong>est,</strong></span> <span class='ocrx_word' id='word_1_370' title='bbox 2071 2151 2260 2216; x_wconf 84' lang='lat' dir='ltr'><strong>Stulte,</strong></span> <span class='ocrx_word' id='word_1_371' title='bbox 2290 2152 2385 2205; x_wconf 78' lang='lat' dir='ltr'><strong>hac</strong></span> <span class='ocrx_word' id='word_1_372' title='bbox 2413 2165 2560 2207; x_wconf 76' lang='lat' dir='ltr'><strong>nocte</strong></span> <span class='ocrx_word' id='word_1_373' title='bbox 2584 2155 2654 2225; x_wconf 77' lang='grc' dir='ltr'><strong>(ε)</strong></span> <span class='ocrx_word' id='word_1_374' title='bbox 2683 2158 3041 2227; x_wconf 75' lang='lat' dir='ltr'><strong>expostulatur</strong></span> <span class='ocrx_word' id='word_1_375' title='bbox 3063 2162 3240 2213; x_wconf 86' lang='lat' dir='ltr'><strong>anima</strong></span> <span class='ocrx_word' id='word_1_376' title='bbox 3264 2171 3381 2223; x_wconf 85' lang='lat' dir='ltr'><strong>tua,</strong></span> <span class='ocrx_word' id='word_1_377' title='bbox 3409 2179 3523 2233; x_wconf 76' lang='lat' dir='ltr'><strong>qua:</strong></span> 
     </span>
    </p>
   </div>
   <div class='ocr_carea' id='block_1_49' title="bbox 1935 2244 3523 2318">
    <p class='ocr_par' dir='ltr' id='par_1_49' title="bbox 1935 2244 3523 2318">
     <span class='ocr_line' id='line_1_49' title="bbox 1935 2244 3523 2318; baseline 0.011 -25"><span class='ocrx_word' id='word_1_378' title='bbox 1935 2244 2135 2311; x_wconf 72' lang='lat' dir='ltr'><strong>parasti</strong></span> <span class='ocrx_word' id='word_1_379' title='bbox 2176 2244 2324 2312; x_wconf 85' lang='lat' dir='ltr'><strong>cujus</strong></span> <span class='ocrx_word' id='word_1_380' title='bbox 2350 2255 2500 2298; x_wconf 79' lang='lat' dir='ltr'><strong>erunt</strong></span> <span class='ocrx_word' id='word_1_381' title='bbox 2529 2246 2553 2283; x_wconf 74' lang='grc' dir='ltr'>ιι</span> <span class='ocrx_word' id='word_1_382' title='bbox 2577 2248 2600 2300; x_wconf 87' lang='lat'><strong>?</strong></span> <span class='ocrx_word' id='word_1_383' title='bbox 2648 2247 2834 2316; x_wconf 83' lang='lat' dir='ltr'><strong>Neque</strong></span> <span class='ocrx_word' id='word_1_384' title='bbox 2862 2249 3022 2318; x_wconf 83' lang='lat' dir='ltr'><strong>hujus</strong></span> <span class='ocrx_word' id='word_1_385' title='bbox 3055 2267 3084 2305; x_wconf 93' lang='lat' dir='ltr'><strong>e</strong></span> <span class='ocrx_word' id='word_1_386' title='bbox 3110 2258 3314 2307; x_wconf 88' lang='lat' dir='ltr'><strong>tartaro</strong></span> <span class='ocrx_word' id='word_1_387' title='bbox 3343 2255 3523 2310; x_wconf 85' lang='lat' dir='ltr'><strong>divitis</strong></span> 
     </span>
    </p>
   </div>
   <div class='ocr_carea' id='block_1_50' title="bbox 1934 2335 3520 2410">
    <p class='ocr_par' dir='ltr' id='par_1_50' title="bbox 1934 2335 3520 2410">
     <span class='ocr_line' id='line_1_50' title="bbox 1934 2335 3520 2410; baseline 0.008 -26"><span class='ocrx_word' id='word_1_388' title='bbox 1934 2347 2130 2388; x_wconf 88' lang='lat' dir='ltr'><strong>nomen</strong></span> <span class='ocrx_word' id='word_1_389' title='bbox 2183 2335 2389 2402; x_wconf 79' lang='lat' dir='ltr'><strong>insigne</strong></span> <span class='ocrx_word' id='word_1_390' title='bbox 2435 2344 2557 2400; x_wconf 90' lang='lat' dir='ltr'><strong>est,</strong></span> <span class='ocrx_word' id='word_1_391' title='bbox 2610 2338 2755 2406; x_wconf 84' lang='lat' dir='ltr'><strong>quod</strong></span> <span class='ocrx_word' id='word_1_392' title='bbox 2788 2354 2893 2391; x_wconf 92' lang='lat' dir='ltr'><strong>non</strong></span> <span class='ocrx_word' id='word_1_393' title='bbox 2939 2356 3063 2393; x_wconf 84' lang='lat' dir='ltr'><strong>casu</strong></span> <span class='ocrx_word' id='word_1_394' title='bbox 3104 2343 3520 2410; x_wconf 66' lang='lat' dir='ltr'><strong>pmtermissunt</strong></span> 
     </span>
    </p>
   </div>
   <div class='ocr_carea' id='block_1_51' title="bbox 1932 2420 3520 2503">
    <p class='ocr_par' dir='ltr' id='par_1_51' title="bbox 1932 2420 3520 2503">
     <span class='ocr_line' id='line_1_51' title="bbox 1932 2420 3520 2503; baseline 0.006 -27"><span class='ocrx_word' id='word_1_395' title='bbox 1932 2423 2079 2477; x_wconf 88' lang='lat' dir='ltr'><strong>edito</strong></span> <span class='ocrx_word' id='word_1_396' title='bbox 2124 2426 2375 2494; x_wconf 87' lang='lat' dir='ltr'><strong>pauperis</strong></span> <span class='ocrx_word' id='word_1_397' title='bbox 2414 2428 2631 2481; x_wconf 89' lang='lat' dir='ltr'><strong>nomine</strong></span> <span class='ocrx_word' id='word_1_398' title='bbox 2663 2428 3005 2497; x_wconf 82' lang='lat' dir='ltr'><strong>intelligimus</strong></span> <span class='ocrx_word' id='word_1_399' title='bbox 3039 2420 3080 2484; x_wconf 66' lang='grc' dir='ltr'><strong>ἶ.</strong></span> <span class='ocrx_word' id='word_1_400' title='bbox 3132 2431 3278 2485; x_wconf 85' lang='lat' dir='ltr'><strong>Illius</strong></span> <span class='ocrx_word' id='word_1_401' title='bbox 3307 2449 3520 2503; x_wconf 88' lang='lat' dir='ltr'><strong>quoque</strong></span> 
     </span>
    </p>
   </div>
   <div class='ocr_carea' id='block_1_52' title="bbox 1932 2516 3519 2589">
    <p class='ocr_par' dir='ltr' id='par_1_52' title="bbox 1932 2516 3519 2589">
     <span class='ocr_line' id='line_1_52' title="bbox 1932 2516 3519 2589; baseline 0.005 -20"><span class='ocrx_word' id='word_1_402' title='bbox 1932 2516 2132 2579; x_wconf 80' lang='lat' dir='ltr'><strong>divitis,</strong></span> <span class='ocrx_word' id='word_1_403' title='bbox 2176 2517 2265 2585; x_wconf 91' lang='lat' dir='ltr'><strong>qui</strong></span> <span class='ocrx_word' id='word_1_404' title='bbox 2296 2518 2553 2585; x_wconf 81' lang='lat' dir='ltr'><strong>gloriatus</strong></span> <span class='ocrx_word' id='word_1_405' title='bbox 2582 2518 2627 2549; x_wconf 79' lang='grc'><strong>³³</strong></span> <span class='ocrx_word' id='word_1_406' title='bbox 2667 2520 2721 2572; x_wconf 93' lang='lat' dir='ltr'><strong>in</strong></span> <span class='ocrx_word' id='word_1_407' title='bbox 2764 2520 2881 2587; x_wconf 88' lang='lat' dir='ltr'><strong>lege</strong></span> <span class='ocrx_word' id='word_1_408' title='bbox 2909 2521 3198 2589; x_wconf 89' lang='lat' dir='ltr'><strong>completa,</strong></span> <span class='ocrx_word' id='word_1_409' title='bbox 3249 2522 3519 2577; x_wconf 82' lang='lat' dir='ltr'><strong>conditio-</strong></span> 
     </span>
    </p>
   </div>
   <div class='ocr_carea' id='block_1_53' title="bbox 1933 2608 3519 2680">
    <p class='ocr_par' dir='ltr' id='par_1_53' title="bbox 1933 2608 3519 2680">
     <span class='ocr_line' id='line_1_53' title="bbox 1933 2608 3519 2680; baseline 0.004 -20"><span class='ocrx_word' id='word_1_410' title='bbox 1933 2624 2058 2663; x_wconf 90' lang='lat' dir='ltr'><strong>nem</strong></span> <span class='ocrx_word' id='word_1_411' title='bbox 2118 2608 2473 2678; x_wconf 71' lang='lat' dir='ltr'><strong>adipiscenla:</strong></span> <span class='ocrx_word' id='word_1_412' title='bbox 2522 2610 2870 2680; x_wconf 85' lang='lat' dir='ltr'><strong>pcrlcctionis</strong></span> <span class='ocrx_word' id='word_1_413' title='bbox 2932 2612 3235 2666; x_wconf 88' lang='lat' dir='ltr'><strong>divitiarum</strong></span> <span class='ocrx_word' id='word_1_414' title='bbox 3303 2629 3519 2668; x_wconf 88' lang='lat' dir='ltr'><strong>suarum</strong></span> 
     </span>
    </p>
   </div>
   <div class='ocr_carea' id='block_1_54' title="bbox 1936 2704 3520 2771">
    <p class='ocr_par' dir='ltr' id='par_1_54' title="bbox 1936 2704 3520 2771">
     <span class='ocr_line' id='line_1_54' title="bbox 1936 2704 3520 2771; baseline 0.003 -14"><span class='ocrx_word' id='word_1_415' title='bbox 1936 2717 2121 2757; x_wconf 90' lang='lat' dir='ltr'><strong>amore</strong></span> <span class='ocrx_word' id='word_1_416' title='bbox 2152 2712 2432 2757; x_wconf 89' lang='lat' dir='ltr'><strong>aversatus</strong></span> <span class='ocrx_word' id='word_1_417' title='bbox 2454 2712 2554 2768; x_wconf 90' lang='lat' dir='ltr'><strong>est,</strong></span> <span class='ocrx_word' id='word_1_418' title='bbox 2590 2704 2887 2759; x_wconf 62' lang='lat' dir='ltr'><strong>caecitatem</strong></span> <span class='ocrx_word' id='word_1_419' title='bbox 2917 2705 3161 2771; x_wconf 80' lang='lat' dir='ltr'><strong>legimus,</strong></span> <span class='ocrx_word' id='word_1_420' title='bbox 3199 2707 3520 2763; x_wconf 72' lang='lat' dir='ltr'><strong>Vocabulum</strong></span> 
     </span>
    </p>
   </div>
   <div class='ocr_carea' id='block_1_55' title="bbox 1935 2791 3521 2865">
    <p class='ocr_par' dir='ltr' id='par_1_55' title="bbox 1935 2791 3521 2865">
     <span class='ocr_line' id='line_1_55' title="bbox 1935 2791 3521 2865; baseline 0.004 -21"><span class='ocrx_word' id='word_1_421' title='bbox 1935 2808 2042 2846; x_wconf 90' lang='lat' dir='ltr'><strong>non</strong></span> <span class='ocrx_word' id='word_1_422' title='bbox 2074 2791 2353 2849; x_wconf 90' lang='lat' dir='ltr'><strong>habemus.</strong></span> <span class='ocrx_word' id='word_1_423' title='bbox 2382 2792 2515 2845; x_wconf 85' lang='lat' dir='ltr'><strong>Erat</strong></span> <span class='ocrx_word' id='word_1_424' title='bbox 2541 2795 2697 2855; x_wconf 86' lang='lat' dir='ltr'><strong>enim,</strong></span> <span class='ocrx_word' id='word_1_425' title='bbox 2732 2794 2923 2862; x_wconf 86' lang='lat' dir='ltr'><strong>inquit,</strong></span> <span class='ocrx_word' id='word_1_426' title='bbox 2952 2794 3146 2848; x_wconf 78' lang='lat' dir='ltr'><strong>habens</strong></span> <span class='ocrx_word' id='word_1_427' title='bbox 3176 2796 3366 2849; x_wconf 83' lang='lat' dir='ltr'><strong>multas</strong></span> <span class='ocrx_word' id='word_1_428' title='bbox 3394 2814 3521 2865; x_wconf 85' lang='lat' dir='ltr'><strong>pos-</strong></span> 
     </span>
    </p>
   </div>
   <div class='ocr_carea' id='block_1_56' title="bbox 265 2882 3520 2955">
    <p class='ocr_par' dir='ltr' id='par_1_56' title="bbox 265 2882 3520 2955">
     <span class='ocr_line' id='line_1_56' title="bbox 265 2882 3520 2955; baseline 0.005 -32"><span class='ocrx_word' id='word_1_429' title='bbox 265 2882 454 2943; x_wconf 65' lang='lat' dir='ltr'><strong>urlari,</strong></span> <span class='ocrx_word' id='word_1_430' title='bbox 472 2898 593 2935; x_wconf 81' lang='lat' dir='ltr'><strong>cum</strong></span> <span class='ocrx_word' id='word_1_431' title='bbox 622 2884 849 2949; x_wconf 59' lang='lat' dir='ltr'><strong>Lotus“,</strong></span> <span class='ocrx_word' id='word_1_432' title='bbox 882 2893 940 2937; x_wconf 64' lang='lat' dir='ltr'><strong>ut</strong></span> <span class='ocrx_word' id='word_1_433' title='bbox 967 2884 1190 2950; x_wconf 58' lang='lat' dir='ltr'><strong>clamat,</strong></span> <span class='ocrx_word' id='word_1_434' title='bbox 1223 2887 1388 2941; x_wconf 79' lang='lat' dir='ltr'><strong>miser</strong></span> <span class='ocrx_word' id='word_1_435' title='bbox 1414 2888 1745 2943; x_wconf 67' lang='lat' dir='ltr'><strong>cruciaretur</strong></span> <span class='ocrx_word' id='word_1_436' title='bbox 1773 2891 1829 2944; x_wconf 77' lang='lat' dir='ltr'><strong>in</strong></span> <span class='ocrx_word' id='word_1_437' title='bbox 1929 2883 2183 2937; x_wconf 83' lang='lat' dir='ltr'><strong>sessiones</strong></span> <span class='ocrx_word' id='word_1_438' title='bbox 2211 2883 2245 2903; x_wconf 71' lang='grc'><strong>’⁷³</strong></span> <span class='ocrx_word' id='word_1_439' title='bbox 2276 2901 2289 2936; x_wconf 76' lang='grc' dir='ltr'>ε</span> <span class='ocrx_word' id='word_1_440' title='bbox 2321 2892 2375 2937; x_wconf 91' lang='lat' dir='ltr'><strong>ct</strong></span> <span class='ocrx_word' id='word_1_441' title='bbox 2406 2883 2604 2938; x_wconf 89' lang='lat' dir='ltr'><strong>idcirco</strong></span> <span class='ocrx_word' id='word_1_442' title='bbox 2633 2893 2815 2938; x_wconf 88' lang='lat' dir='ltr'><strong>secuta</strong></span> <span class='ocrx_word' id='word_1_443' title='bbox 2846 2894 2927 2938; x_wconf 88' lang='lat' dir='ltr'><strong>est</strong></span> <span class='ocrx_word' id='word_1_444' title='bbox 2956 2886 3041 2938; x_wconf 90' lang='lat' dir='ltr'><strong>illa</strong></span> <span class='ocrx_word' id='word_1_445' title='bbox 3071 2888 3359 2950; x_wconf 72' lang='lat' dir='ltr'><strong>sententia,</strong></span> <span class='ocrx_word' id='word_1_446' title='bbox 3401 2902 3520 2955; x_wconf 70' lang='lat' dir='ltr'><strong>qua:</strong></span> 
     </span>
    </p>
   </div>
   <div class='ocr_carea' id='block_1_57' title="bbox 261 2969 3518 3047">
    <p class='ocr_par' dir='ltr' id='par_1_57' title="bbox 261 2969 3518 3047">
     <span class='ocr_line' id='line_1_57' title="bbox 261 2969 3518 3047; baseline 0.002 -22"><span class='ocrx_word' id='word_1_447' title='bbox 261 2969 340 3023; x_wconf 82' lang='lat' dir='ltr'><strong>illa</strong></span> <span class='ocrx_word' id='word_1_448' title='bbox 366 2970 501 3039; x_wconf 86' lang='lat' dir='ltr'><strong>ignei</strong></span> <span class='ocrx_word' id='word_1_449' title='bbox 523 2973 751 3039; x_wconf 86' lang='lat' dir='ltr'><strong>gurgitis</strong></span> <span class='ocrx_word' id='word_1_450' title='bbox 781 2973 1013 3040; x_wconf 82' lang='lat' dir='ltr'><strong>ﬂamma,</strong></span> <span class='ocrx_word' id='word_1_451' title='bbox 1046 2976 1212 3030; x_wconf 85' lang='lat' dir='ltr'><strong>solius</strong></span> <span class='ocrx_word' id='word_1_452' title='bbox 1248 2984 1425 3031; x_wconf 86' lang='lat' dir='ltr'><strong>tamen</strong></span> <span class='ocrx_word' id='word_1_453' title='bbox 1455 2978 1647 3047; x_wconf 70' lang='lat' dir='ltr'><strong>[iugum</strong></span> <span class='ocrx_word' id='word_1_454' title='bbox 1674 2980 1830 3033; x_wconf 79' lang='lat' dir='ltr'><strong>refri-</strong></span> <span class='ocrx_word' id='word_1_455' title='bbox 1861 2978 1866 2983; x_wconf 73' lang='lat'>&#39;</span> <span class='ocrx_word' id='word_1_456' title='bbox 1935 2988 2162 3041; x_wconf 84' lang='lat' dir='ltr'><strong>regnum</strong></span> <span class='ocrx_word' id='word_1_457' title='bbox 2207 2974 2465 3028; x_wconf 64' lang='lat' dir='ltr'><strong>malorum</strong></span> <span class='ocrx_word' id='word_1_458' title='bbox 2505 2973 2653 3027; x_wconf 91' lang='lat' dir='ltr'><strong>omni</strong></span> <span class='ocrx_word' id='word_1_459' title='bbox 2700 2974 2849 3027; x_wconf 90' lang='lat' dir='ltr'><strong>diviti</strong></span> <span class='ocrx_word' id='word_1_460' title='bbox 2895 2986 3032 3043; x_wconf 88' lang='lat' dir='ltr'><strong>pene</strong></span> <span class='ocrx_word' id='word_1_461' title='bbox 3071 2977 3376 3043; x_wconf 89' lang='lat' dir='ltr'><strong>clauserat,</strong></span> <span class='ocrx_word' id='word_1_462' title='bbox 3414 2978 3518 3031; x_wconf 92' lang='lat' dir='ltr'><strong>nisi</strong></span> 
     </span>
    </p>
   </div>
   <div class='ocr_carea' id='block_1_58' title="bbox 260 3062 3513 3136">
    <p class='ocr_par' dir='ltr' id='par_1_58' title="bbox 260 3062 3513 3136">
     <span class='ocr_line' id='line_1_58' title="bbox 260 3062 3513 3136; baseline 0.002 -21"><span class='ocrx_word' id='word_1_463' title='bbox 260 3063 447 3127; x_wconf 83' lang='lat' dir='ltr'><strong>gerium</strong></span> <span class='ocrx_word' id='word_1_464' title='bbox 476 3063 778 3133; x_wconf 88' lang='lat' dir='ltr'><strong>postulasse</strong></span> <span class='ocrx_word' id='word_1_465' title='bbox 798 3062 826 3102; x_wconf 72' lang='grc' dir='ltr'>δ</span> <span class='ocrx_word' id='word_1_466' title='bbox 855 3081 870 3131; x_wconf 89' lang='grc'>;</span> <span class='ocrx_word' id='word_1_467' title='bbox 909 3081 1015 3136; x_wconf 87' lang='lat' dir='ltr'><strong>qua</strong></span> <span class='ocrx_word' id='word_1_468' title='bbox 1043 3066 1160 3121; x_wconf 90' lang='lat' dir='ltr'><strong>sine</strong></span> <span class='ocrx_word' id='word_1_469' title='bbox 1186 3067 1350 3121; x_wconf 90' lang='lat' dir='ltr'><strong>dubio</strong></span> <span class='ocrx_word' id='word_1_470' title='bbox 1382 3067 1504 3123; x_wconf 91' lang='lat' dir='ltr'><strong>ideo</strong></span> <span class='ocrx_word' id='word_1_471' title='bbox 1534 3068 1827 3123; x_wconf 88' lang='lat' dir='ltr'><strong>vehemen-</strong></span> <span class='ocrx_word' id='word_1_472' title='bbox 1933 3065 2095 3130; x_wconf 91' lang='lat' dir='ltr'><strong>Deus,</strong></span> <span class='ocrx_word' id='word_1_473' title='bbox 2139 3074 2196 3118; x_wconf 93' lang='lat' dir='ltr'><strong>ut</strong></span> <span class='ocrx_word' id='word_1_474' title='bbox 2223 3065 2367 3119; x_wconf 91' lang='lat' dir='ltr'><strong>solus</strong></span> <span class='ocrx_word' id='word_1_475' title='bbox 2395 3064 2588 3131; x_wconf 90' lang='lat' dir='ltr'><strong>bonus,</strong></span> <span class='ocrx_word' id='word_1_476' title='bbox 2636 3066 3042 3134; x_wconf 74' lang='lat' dir='ltr'><strong>omnipotentize</strong></span> <span class='ocrx_word' id='word_1_477' title='bbox 3070 3082 3179 3119; x_wconf 75' lang='lat' dir='ltr'><strong>sum</strong></span> <span class='ocrx_word' id='word_1_478' title='bbox 3207 3066 3513 3135; x_wconf 78' lang='lat' dir='ltr'><strong>excepisset</strong></span> 
     </span>
    </p>
   </div>
   <div class='ocr_carea' id='block_1_59' title="bbox 262 3150 1831 3229">
    <p class='ocr_par' dir='ltr' id='par_1_59' title="bbox 262 3150 1826 3229">
     <span class='ocr_line' id='line_1_59' title="bbox 262 3150 1826 3229; baseline 0.008 -27"><span class='ocrx_word' id='word_1_479' title='bbox 262 3150 356 3205; x_wconf 90' lang='lat' dir='ltr'><strong>tius</strong></span> <span class='ocrx_word' id='word_1_480' title='bbox 392 3154 757 3219; x_wconf 78' lang='lat' dir='ltr'><strong>cremabatur,</strong></span> <span class='ocrx_word' id='word_1_481' title='bbox 810 3156 931 3223; x_wconf 90' lang='lat' dir='ltr'><strong>quia</strong></span> <span class='ocrx_word' id='word_1_482' title='bbox 973 3157 1031 3211; x_wconf 90' lang='lat' dir='ltr'><strong>in</strong></span> <span class='ocrx_word' id='word_1_483' title='bbox 1069 3155 1385 3212; x_wconf 87' lang='lat' dir='ltr'><strong>Eleazarum</strong></span> <span class='ocrx_word' id='word_1_484' title='bbox 1433 3168 1559 3214; x_wconf 89' lang='lat' dir='ltr'><strong>ante</strong></span> <span class='ocrx_word' id='word_1_485' title='bbox 1606 3160 1826 3229; x_wconf 90' lang='lat' dir='ltr'><strong>januam</strong></span> 
     </span>
    </p>
   </div>
   <div class='ocr_carea' id='block_1_60' title="bbox 1947 3150 3517 3229">
    <p class='ocr_par' dir='ltr' id='par_1_60' title="bbox 1947 3155 3517 3225">
     <span class='ocr_line' id='line_1_60' title="bbox 1947 3155 3517 3225; baseline 0.001 -14"><span class='ocrx_word' id='word_1_486' title='bbox 1947 3160 2040 3211; x_wconf 76' lang='lat' dir='ltr'><strong>hoc</strong></span> <span class='ocrx_word' id='word_1_487' title='bbox 2079 3156 2298 3220; x_wconf 91' lang='lat' dir='ltr'><strong>donum,</strong></span> <span class='ocrx_word' id='word_1_488' title='bbox 2342 3163 2400 3209; x_wconf 93' lang='lat' dir='ltr'><strong>ut</strong></span> <span class='ocrx_word' id='word_1_489' title='bbox 2426 3155 2619 3210; x_wconf 88' lang='lat' dir='ltr'><strong>divites</strong></span> <span class='ocrx_word' id='word_1_490' title='bbox 2658 3162 2951 3225; x_wconf 82' lang='lat' dir='ltr'><strong>pauperum</strong></span> <span class='ocrx_word' id='word_1_491' title='bbox 2998 3157 3274 3211; x_wconf 90' lang='lat' dir='ltr'><strong>voluntate</strong></span> <span class='ocrx_word' id='word_1_492' title='bbox 3301 3158 3517 3213; x_wconf 86' lang='lat' dir='ltr'><strong>ditaret.</strong></span> 
     </span>
    </p>
   </div>
   <div class='ocr_carea' id='block_1_61' title="bbox 260 3238 3515 3322">
    <p class='ocr_par' dir='ltr' id='par_1_61' title="bbox 260 3238 3515 3322">
     <span class='ocr_line' id='line_1_61' title="bbox 260 3238 3515 3322; baseline 0.003 -30"><span class='ocrx_word' id='word_1_493' title='bbox 260 3254 395 3294; x_wconf 83' lang='lat' dir='ltr'><strong>suam</strong></span> <span class='ocrx_word' id='word_1_494' title='bbox 420 3252 684 3308; x_wconf 87' lang='lat' dir='ltr'><strong>stratum,</strong></span> <span class='ocrx_word' id='word_1_495' title='bbox 713 3252 767 3299; x_wconf 88' lang='lat' dir='ltr'><strong>et</strong></span> <span class='ocrx_word' id='word_1_496' title='bbox 796 3252 1017 3301; x_wconf 83' lang='lat' dir='ltr'><strong>canibus</strong></span> <span class='ocrx_word' id='word_1_497' title='bbox 1045 3248 1292 3303; x_wconf 91' lang='lat' dir='ltr'><strong>relictum</strong></span> <span class='ocrx_word' id='word_1_498' title='bbox 1314 3290 1330 3315; x_wconf 94' lang='lat'><strong>,</strong></span> <span class='ocrx_word' id='word_1_499' title='bbox 1373 3251 1566 3320; x_wconf 72' lang='lat' dir='ltr'><strong>smpius</strong></span> <span class='ocrx_word' id='word_1_500' title='bbox 1594 3253 1827 3322; x_wconf 89' lang='lat' dir='ltr'><strong>superbo</strong></span> <span class='ocrx_word' id='word_1_501' title='bbox 1930 3246 1996 3301; x_wconf 81' lang='lat' dir='ltr'><strong>Hi</strong></span> <span class='ocrx_word' id='word_1_502' title='bbox 2037 3263 2167 3316; x_wconf 88' lang='lat' dir='ltr'><strong>ergo</strong></span> <span class='ocrx_word' id='word_1_503' title='bbox 2206 3238 2401 3303; x_wconf 83' lang='lat' dir='ltr'><strong>divi&#39;tcs</strong></span> <span class='ocrx_word' id='word_1_504' title='bbox 2443 3248 2599 3303; x_wconf 85' lang='lat' dir='ltr'><strong>invisi</strong></span> <span class='ocrx_word' id='word_1_505' title='bbox 2626 3248 2761 3317; x_wconf 92' lang='lat' dir='ltr'><strong>Deo,</strong></span> <span class='ocrx_word' id='word_1_506' title='bbox 2802 3256 2858 3302; x_wconf 89' lang='lat' dir='ltr'><strong>et</strong></span> <span class='ocrx_word' id='word_1_507' title='bbox 2883 3248 3176 3303; x_wconf 87' lang='lat' dir='ltr'><strong>oblitterati</strong></span> <span class='ocrx_word' id='word_1_508' title='bbox 3218 3250 3515 3313; x_wconf 69' lang='lat' dir='ltr'><strong>memoriic,</strong></span> 
     </span>
    </p>
   </div>
   <div class='ocr_carea' id='block_1_62' title="bbox 260 3337 3519 3412">
    <p class='ocr_par' dir='ltr' id='par_1_62' title="bbox 260 3337 3519 3412">
     <span class='ocr_line' id='line_1_62' title="bbox 260 3337 3519 3412; baseline 0.001 -18"><span class='ocrx_word' id='word_1_509' title='bbox 260 3347 439 3388; x_wconf 69' lang='lat' dir='ltr'><strong>avarus</strong></span> <span class='ocrx_word' id='word_1_510' title='bbox 458 3352 554 3390; x_wconf 82' lang='lat' dir='ltr'><strong>ore</strong></span> <span class='ocrx_word' id='word_1_511' title='bbox 582 3346 923 3404; x_wconf 75' lang='lat' dir='ltr'><strong>peccaverat.</strong></span> <span class='ocrx_word' id='word_1_512' title='bbox 955 3337 1035 3393; x_wconf 88' lang='lat' dir='ltr'><strong>0b</strong></span> <span class='ocrx_word' id='word_1_513' title='bbox 1057 3340 1163 3395; x_wconf 88' lang='lat' dir='ltr'><strong>hoc</strong></span> <span class='ocrx_word' id='word_1_514' title='bbox 1188 3349 1243 3396; x_wconf 88' lang='lat' dir='ltr'><strong>et</strong></span> <span class='ocrx_word' id='word_1_515' title='bbox 1272 3341 1400 3395; x_wconf 87' lang='lat' dir='ltr'><strong>alibi</strong></span> <span class='ocrx_word' id='word_1_516' title='bbox 1428 3358 1828 3411; x_wconf 65' lang='lat' dir='ltr'><strong>praimonemur</strong></span> <span class='ocrx_word' id='word_1_517' title='bbox 1928 3340 2019 3409; x_wconf 89' lang='lat' dir='ltr'><strong>qui</strong></span> <span class='ocrx_word' id='word_1_518' title='bbox 2052 3340 2131 3411; x_wconf 90' lang='lat' dir='ltr'><strong>(d)</strong></span> <span class='ocrx_word' id='word_1_519' title='bbox 2154 3340 2369 3395; x_wconf 75' lang='lat' dir='ltr'><strong>mternis</strong></span> <span class='ocrx_word' id='word_1_520' title='bbox 2407 3340 2607 3396; x_wconf 90' lang='lat' dir='ltr'><strong>caduca</strong></span> <span class='ocrx_word' id='word_1_521' title='bbox 2646 3342 3019 3411; x_wconf 65' lang='lat' dir='ltr'><strong>praeverterint</strong></span> <span class='ocrx_word' id='word_1_522' title='bbox 3050 3342 3127 3412; x_wconf 87' lang='lat' dir='ltr'><strong>(id</strong></span> <span class='ocrx_word' id='word_1_523' title='bbox 3156 3352 3232 3395; x_wconf 82' lang='lat' dir='ltr'><strong>est</strong></span> <span class='ocrx_word' id='word_1_524' title='bbox 3267 3343 3519 3412; x_wconf 75' lang='lat' dir='ltr'><strong>pnntulc-</strong></span> 
     </span>
    </p>
   </div>
   <div class='ocr_carea' id='block_1_63' title="bbox 259 3428 3520 3505">
    <p class='ocr_par' dir='ltr' id='par_1_63' title="bbox 259 3428 3520 3505">
     <span class='ocr_line' id='line_1_63' title="bbox 259 3428 3520 3505; baseline 0.004 -30"><span class='ocrx_word' id='word_1_525' title='bbox 259 3438 445 3492; x_wconf 84' lang='lat' dir='ltr'><strong>ponere</strong></span> <span class='ocrx_word' id='word_1_526' title='bbox 464 3428 545 3480; x_wconf 90' lang='lat' dir='ltr'><strong>ori</strong></span> <span class='ocrx_word' id='word_1_527' title='bbox 571 3437 757 3482; x_wconf 91' lang='lat' dir='ltr'><strong>nostro</strong></span> <span class='ocrx_word' id='word_1_528' title='bbox 777 3431 1076 3485; x_wconf 90' lang='lat' dir='ltr'><strong>custodiam</strong></span> <span class='ocrx_word' id='word_1_529' title='bbox 1107 3442 1151 3498; x_wconf 75' lang='grc' dir='ltr'><strong>ο,</strong></span> <span class='ocrx_word' id='word_1_530' title='bbox 1175 3432 1404 3488; x_wconf 88' lang='lat' dir='ltr'><strong>docente</strong></span> <span class='ocrx_word' id='word_1_531' title='bbox 1426 3434 1702 3505; x_wconf 90' lang='lat' dir='ltr'><strong>Sapientia</strong></span> <span class='ocrx_word' id='word_1_532' title='bbox 1732 3452 1829 3505; x_wconf 86' lang='lat' dir='ltr'><strong>per</strong></span> <span class='ocrx_word' id='word_1_533' title='bbox 1930 3432 2059 3486; x_wconf 90' lang='lat' dir='ltr'><strong>rint.</strong></span> <span class='ocrx_word' id='word_1_534' title='bbox 2087 3432 2148 3486; x_wconf 83' lang='lat' dir='ltr'><strong>V.</strong></span> <span class='ocrx_word' id='word_1_535' title='bbox 2174 3448 2341 3487; x_wconf 88' lang='lat' dir='ltr'><strong>carm.</strong></span> <span class='ocrx_word' id='word_1_536' title='bbox 2364 3431 2451 3495; x_wconf 79' lang='lat'><strong>5|,</strong></span> <span class='ocrx_word' id='word_1_537' title='bbox 2486 3447 2624 3487; x_wconf 89' lang='lat' dir='ltr'><strong>vers.</strong></span> <span class='ocrx_word' id='word_1_538' title='bbox 2648 3430 2798 3503; x_wconf 68' lang='lat' dir='ltr'><strong>3M),</strong></span> <span class='ocrx_word' id='word_1_539' title='bbox 2824 3434 3025 3502; x_wconf 84' lang='lat' dir='ltr'><strong>quique</strong></span> <span class='ocrx_word' id='word_1_540' title='bbox 3054 3433 3341 3487; x_wconf 81' lang='lat' dir='ltr'><strong>maluerint</strong></span> <span class='ocrx_word' id='word_1_541' title='bbox 3363 3442 3520 3487; x_wconf 78' lang='lat' dir='ltr'><strong>teme</strong></span> 
     </span>
    </p>
   </div>
   <div class='ocr_carea' id='block_1_64' title="bbox 260 3514 3521 3594">
    <p class='ocr_par' dir='ltr' id='par_1_64' title="bbox 260 3514 3521 3594">
     <span class='ocr_line' id='line_1_64' title="bbox 260 3514 3521 3594; baseline 0.003 -27"><span class='ocrx_word' id='word_1_542' title='bbox 260 3514 589 3570; x_wconf 78' lang='lat' dir='ltr'><strong>Solomonem</strong></span> <span class='ocrx_word' id='word_1_543' title='bbox 620 3520 665 3549; x_wconf 79' lang='grc'><strong>’⁸</strong></span> <span class='ocrx_word' id='word_1_544' title='bbox 693 3536 706 3570; x_wconf 89' lang='lat'><strong>:</strong></span> <span class='ocrx_word' id='word_1_545' title='bbox 740 3518 874 3584; x_wconf 84' lang='lat' dir='ltr'><strong>Quia</strong></span> <span class='ocrx_word' id='word_1_546' title='bbox 896 3522 951 3573; x_wconf 87' lang='lat' dir='ltr'><strong>in</strong></span> <span class='ocrx_word' id='word_1_547' title='bbox 978 3538 1137 3575; x_wconf 85' lang='lat' dir='ltr'><strong>manu</strong></span> <span class='ocrx_word' id='word_1_548' title='bbox 1176 3522 1370 3594; x_wconf 68' lang='lat' dir='ltr'><strong>lingua</strong></span> <span class='ocrx_word' id='word_1_549' title='bbox 1398 3526 1502 3579; x_wconf 84' lang='lat' dir='ltr'><strong>vita</strong></span> <span class='ocrx_word' id='word_1_550' title='bbox 1534 3535 1583 3579; x_wconf 86' lang='lat' dir='ltr'><strong>et</strong></span> <span class='ocrx_word' id='word_1_551' title='bbox 1611 3542 1747 3579; x_wconf 84' lang='lat' dir='ltr'><strong>mors</strong></span> <span class='ocrx_word' id='word_1_552' title='bbox 1775 3524 1822 3579; x_wconf 74' lang='grc' dir='ltr'><strong>δ.</strong></span> <span class='ocrx_word' id='word_1_553' title='bbox 1933 3538 2095 3590; x_wconf 87' lang='lat' dir='ltr'><strong>quam</strong></span> <span class='ocrx_word' id='word_1_554' title='bbox 2126 3522 2239 3577; x_wconf 92' lang='lat' dir='ltr'><strong>Deo</strong></span> <span class='ocrx_word' id='word_1_555' title='bbox 2268 3522 2491 3577; x_wconf 89' lang='lat' dir='ltr'><strong>credere</strong></span> <span class='ocrx_word' id='word_1_556' title='bbox 2517 3561 2533 3587; x_wconf 91' lang='lat'><strong>,</strong></span> <span class='ocrx_word' id='word_1_557' title='bbox 2584 3536 2761 3577; x_wconf 89' lang='lat' dir='ltr'><strong>escam</strong></span> <span class='ocrx_word' id='word_1_558' title='bbox 2788 3524 2947 3577; x_wconf 90' lang='lat' dir='ltr'><strong>tineis</strong></span> <span class='ocrx_word' id='word_1_559' title='bbox 2975 3531 3029 3577; x_wconf 91' lang='lat' dir='ltr'><strong>et</strong></span> <span class='ocrx_word' id='word_1_560' title='bbox 3056 3523 3288 3593; x_wconf 65' lang='lat' dir='ltr'><strong>priedam</strong></span> <span class='ocrx_word' id='word_1_561' title='bbox 3318 3520 3521 3577; x_wconf 86' lang='lat' dir='ltr'><strong>furibus</strong></span> 
     </span>
    </p>
   </div>
   <div class='ocr_carea' id='block_1_65' title="bbox 262 3604 3520 3686">
    <p class='ocr_par' dir='ltr' id='par_1_65' title="bbox 262 3604 3520 3686">
     <span class='ocr_line' id='line_1_65' title="bbox 262 3604 3520 3686; baseline 0.003 -29"><span class='ocrx_word' id='word_1_562' title='bbox 262 3604 323 3658; x_wconf 75' lang='lat' dir='ltr'><strong>Et</strong></span> <span class='ocrx_word' id='word_1_563' title='bbox 348 3608 469 3662; x_wconf 88' lang='lat' dir='ltr'><strong>alibi</strong></span> <span class='ocrx_word' id='word_1_564' title='bbox 495 3627 507 3661; x_wconf 87' lang='lat'><strong>:</strong></span> <span class='ocrx_word' id='word_1_565' title='bbox 546 3609 728 3664; x_wconf 74' lang='lat' dir='ltr'><strong>Verbis</strong></span> <span class='ocrx_word' id='word_1_566' title='bbox 760 3612 880 3679; x_wconf 85' lang='lat' dir='ltr'><strong>tuis,</strong></span> <span class='ocrx_word' id='word_1_567' title='bbox 906 3614 1097 3684; x_wconf 90' lang='lat' dir='ltr'><strong>inquit,</strong></span> <span class='ocrx_word' id='word_1_568' title='bbox 1121 3614 1514 3686; x_wconf 78' lang='lat' dir='ltr'><strong>justiﬁcaberis,</strong></span> <span class='ocrx_word' id='word_1_569' title='bbox 1550 3627 1639 3671; x_wconf 87' lang='lat' dir='ltr'><strong>aut</strong></span> <span class='ocrx_word' id='word_1_570' title='bbox 1664 3617 1829 3672; x_wconf 84' lang='lat' dir='ltr'><strong>verbis</strong></span> <span class='ocrx_word' id='word_1_571' title='bbox 1932 3622 2310 3680; x_wconf 81' lang='lat' dir='ltr'><strong>congerentes,</strong></span> <span class='ocrx_word' id='word_1_572' title='bbox 2342 3620 2397 3667; x_wconf 90' lang='lat' dir='ltr'><strong>et</strong></span> <span class='ocrx_word' id='word_1_573' title='bbox 2420 3653 2434 3677; x_wconf 94' lang='lat'><strong>,</strong></span> <span class='ocrx_word' id='word_1_574' title='bbox 2472 3621 2531 3665; x_wconf 93' lang='lat' dir='ltr'><strong>ut</strong></span> <span class='ocrx_word' id='word_1_575' title='bbox 2558 3614 2817 3682; x_wconf 91' lang='lat' dir='ltr'><strong>scriptum</strong></span> <span class='ocrx_word' id='word_1_576' title='bbox 2845 3623 2927 3667; x_wconf 89' lang='lat' dir='ltr'><strong>est</strong></span> <span class='ocrx_word' id='word_1_577' title='bbox 2950 3622 2975 3648; x_wconf 86' lang='grc'><strong>¹³</strong></span> <span class='ocrx_word' id='word_1_578' title='bbox 3000 3653 3015 3677; x_wconf 92' lang='grc'><strong>,</strong></span> <span class='ocrx_word' id='word_1_579' title='bbox 3042 3614 3127 3667; x_wconf 91' lang='lat' dir='ltr'><strong>cui</strong></span> <span class='ocrx_word' id='word_1_580' title='bbox 3160 3614 3520 3666; x_wconf 84' lang='lat' dir='ltr'><strong>thesaurizant</strong></span> 
     </span>
    </p>
   </div>
   <div class='ocr_carea' id='block_1_66' title="bbox 261 3696 3516 3773">
    <p class='ocr_par' dir='ltr' id='par_1_66' title="bbox 261 3696 3516 3773">
     <span class='ocr_line' id='line_1_66' title="bbox 261 3696 3516 3773; baseline 0.004 -28"><span class='ocrx_word' id='word_1_581' title='bbox 261 3696 351 3748; x_wconf 82' lang='lat' dir='ltr'><strong>tuis</strong></span> <span class='ocrx_word' id='word_1_582' title='bbox 379 3699 796 3753; x_wconf 78' lang='lat' dir='ltr'><strong>condemnaberis</strong></span> <span class='ocrx_word' id='word_1_583' title='bbox 828 3712 873 3754; x_wconf 78' lang='grc' dir='ltr'><strong>ο.</strong></span> <span class='ocrx_word' id='word_1_584' title='bbox 1931 3704 2244 3773; x_wconf 86' lang='lat' dir='ltr'><strong>ignorantes</strong></span> <span class='ocrx_word' id='word_1_585' title='bbox 2264 3745 2280 3769; x_wconf 94' lang='lat'><strong>,</strong></span> <span class='ocrx_word' id='word_1_586' title='bbox 2311 3704 2436 3772; x_wconf 88' lang='lat' dir='ltr'><strong>quia</strong></span> <span class='ocrx_word' id='word_1_587' title='bbox 2465 3705 2656 3758; x_wconf 90' lang='lat' dir='ltr'><strong>nolunt</strong></span> <span class='ocrx_word' id='word_1_588' title='bbox 2685 3705 2982 3770; x_wconf 88' lang='lat' dir='ltr'><strong>intelligere</strong></span> <span class='ocrx_word' id='word_1_589' title='bbox 3022 3704 3106 3757; x_wconf 92' lang='lat' dir='ltr'><strong>cui</strong></span> <span class='ocrx_word' id='word_1_590' title='bbox 3136 3703 3366 3757; x_wconf 88' lang='lat' dir='ltr'><strong>debeant</strong></span> <span class='ocrx_word' id='word_1_591' title='bbox 3396 3704 3516 3758; x_wconf 87' lang='lat' dir='ltr'><strong>the-</strong></span> 
     </span>
    </p>
   </div>
   <div class='ocr_carea' id='block_1_67' title="bbox 326 3788 3517 3865">
    <p class='ocr_par' dir='ltr' id='par_1_67' title="bbox 326 3788 3517 3865">
     <span class='ocr_line' id='line_1_67' title="bbox 326 3788 3517 3865; baseline 0.001 -20"><span class='ocrx_word' id='word_1_592' title='bbox 326 3788 406 3842; x_wconf 90' lang='grc'><strong>18.</strong></span> <span class='ocrx_word' id='word_1_593' title='bbox 439 3791 553 3845; x_wconf 87' lang='lat' dir='ltr'><strong>Tibi</strong></span> <span class='ocrx_word' id='word_1_594' title='bbox 583 3793 765 3861; x_wconf 83' lang='lat' dir='ltr'><strong>igitur,</strong></span> <span class='ocrx_word' id='word_1_595' title='bbox 799 3794 964 3849; x_wconf 88' lang='lat' dir='ltr'><strong>frater</strong></span> <span class='ocrx_word' id='word_1_596' title='bbox 990 3796 1041 3849; x_wconf 92' lang='lat' dir='ltr'><strong>in</strong></span> <span class='ocrx_word' id='word_1_597' title='bbox 1070 3795 1287 3853; x_wconf 88' lang='lat' dir='ltr'><strong>Christo</strong></span> <span class='ocrx_word' id='word_1_598' title='bbox 1312 3800 1584 3865; x_wconf 88' lang='lat' dir='ltr'><strong>unanime,</strong></span> <span class='ocrx_word' id='word_1_599' title='bbox 1611 3800 1696 3856; x_wconf 92' lang='lat' dir='ltr'><strong>cui</strong></span> <span class='ocrx_word' id='word_1_600' title='bbox 1727 3801 1827 3857; x_wconf 89' lang='lat' dir='ltr'><strong>sub</strong></span> <span class='ocrx_word' id='word_1_601' title='bbox 1930 3812 2120 3850; x_wconf 84' lang='lat' dir='ltr'><strong>sanros</strong></span> <span class='ocrx_word' id='word_1_602' title='bbox 2146 3812 2292 3859; x_wconf 89' lang='lat' dir='ltr'><strong>suos,</strong></span> <span class='ocrx_word' id='word_1_603' title='bbox 2312 3795 2457 3862; x_wconf 90' lang='lat' dir='ltr'><strong>digni</strong></span> <span class='ocrx_word' id='word_1_604' title='bbox 2480 3795 2571 3864; x_wconf 93' lang='lat' dir='ltr'><strong>qui</strong></span> <span class='ocrx_word' id='word_1_605' title='bbox 2602 3795 2843 3849; x_wconf 88' lang='lat' dir='ltr'><strong>nesciant</strong></span> <span class='ocrx_word' id='word_1_606' title='bbox 2863 3809 2970 3862; x_wconf 92' lang='lat' dir='ltr'><strong>quo</strong></span> <span class='ocrx_word' id='word_1_607' title='bbox 2999 3798 3310 3849; x_wconf 79' lang='lat' dir='ltr'><strong>sucéessorc</strong></span> <span class='ocrx_word' id='word_1_608' title='bbox 3332 3795 3517 3849; x_wconf 46' lang='lat' dir='ltr'><strong>dimit‘</strong></span> 
     </span>
    </p>
   </div>
   <div class='ocr_carea' id='block_1_68' title="bbox 261 3878 3517 3960">
    <p class='ocr_par' dir='ltr' id='par_1_68' title="bbox 261 3878 3517 3960">
     <span class='ocr_line' id='line_1_68' title="bbox 261 3878 3517 3960; baseline 0.002 -29"><span class='ocrx_word' id='word_1_609' title='bbox 261 3878 352 3934; x_wconf 89' lang='lat' dir='ltr'><strong>hac</strong></span> <span class='ocrx_word' id='word_1_610' title='bbox 392 3898 545 3951; x_wconf 62' lang='lat' dir='ltr'><strong>pinna</strong></span> <span class='ocrx_word' id='word_1_611' title='bbox 598 3894 811 3949; x_wconf 89' lang='lat' dir='ltr'><strong>metus,</strong></span> <span class='ocrx_word' id='word_1_612' title='bbox 870 3896 926 3941; x_wconf 89' lang='lat' dir='ltr'><strong>et</strong></span> <span class='ocrx_word' id='word_1_613' title='bbox 962 3903 1082 3942; x_wconf 91' lang='lat' dir='ltr'><strong>cum</strong></span> <span class='ocrx_word' id='word_1_614' title='bbox 1131 3891 1219 3944; x_wconf 89' lang='lat' dir='ltr'><strong>illa</strong></span> <span class='ocrx_word' id='word_1_615' title='bbox 1263 3892 1391 3946; x_wconf 88' lang='lat' dir='ltr'><strong>sede</strong></span> <span class='ocrx_word' id='word_1_616' title='bbox 1430 3895 1825 3960; x_wconf 87' lang='lat' dir='ltr'><strong>communitas;</strong></span> <span class='ocrx_word' id='word_1_617' title='bbox 1932 3894 2065 3951; x_wconf 87' lang='lat' dir='ltr'><strong>tant,</strong></span> <span class='ocrx_word' id='word_1_618' title='bbox 2112 3887 2236 3954; x_wconf 89' lang='lat' dir='ltr'><strong>quia</strong></span> <span class='ocrx_word' id='word_1_619' title='bbox 2267 3885 2515 3941; x_wconf 91' lang='lat' dir='ltr'><strong>nesciunt</strong></span> <span class='ocrx_word' id='word_1_620' title='bbox 2552 3899 2661 3953; x_wconf 91' lang='lat' dir='ltr'><strong>quo</strong></span> <span class='ocrx_word' id='word_1_621' title='bbox 2702 3884 2957 3951; x_wconf 86' lang='lat' dir='ltr'><strong>largitore</strong></span> <span class='ocrx_word' id='word_1_622' title='bbox 3002 3884 3331 3953; x_wconf 84' lang='lat' dir='ltr'><strong>possideant.</strong></span> <span class='ocrx_word' id='word_1_623' title='bbox 3379 3884 3517 3949; x_wconf 85' lang='lat' dir='ltr'><strong>Quid</strong></span> 
     </span>
    </p>
   </div>
   <div class='ocr_carea' id='block_1_69' title="bbox 260 3969 3517 4050">
    <p class='ocr_par' dir='ltr' id='par_1_69' title="bbox 260 3969 3517 4050">
     <span class='ocr_line' id='line_1_69' title="bbox 260 3969 3517 4050; baseline 0.002 -26"><span class='ocrx_word' id='word_1_624' title='bbox 260 3969 400 4038; x_wconf 87' lang='lat' dir='ltr'><strong>cujus</strong></span> <span class='ocrx_word' id='word_1_625' title='bbox 420 3988 480 4026; x_wconf 91' lang='lat' dir='ltr'><strong>os</strong></span> <span class='ocrx_word' id='word_1_626' title='bbox 501 3974 878 4030; x_wconf 88' lang='lat' dir='ltr'><strong>benedictione</strong></span> <span class='ocrx_word' id='word_1_627' title='bbox 896 3978 1112 4047; x_wconf 90' lang='lat' dir='ltr'><strong>plenum</strong></span> <span class='ocrx_word' id='word_1_628' title='bbox 1134 3989 1234 4046; x_wconf 92' lang='lat' dir='ltr'><strong>est,</strong></span> <span class='ocrx_word' id='word_1_629' title='bbox 1261 3981 1415 4050; x_wconf 89' lang='lat' dir='ltr'><strong>cujus</strong></span> <span class='ocrx_word' id='word_1_630' title='bbox 1439 3983 1638 4038; x_wconf 65' lang='lat' dir='ltr'><strong>divitiae</strong></span> <span class='ocrx_word' id='word_1_631' title='bbox 1662 3984 1827 4039; x_wconf 89' lang='lat' dir='ltr'><strong>ubera</strong></span> <span class='ocrx_word' id='word_1_632' title='bbox 1930 3979 2067 4032; x_wconf 77' lang='lat' dir='ltr'><strong>enim</strong></span> <span class='ocrx_word' id='word_1_633' title='bbox 2102 3977 2274 4041; x_wconf 77' lang='lat' dir='ltr'><strong>habes,</strong></span> <span class='ocrx_word' id='word_1_634' title='bbox 2306 3993 2340 4031; x_wconf 91' lang='grc' dir='ltr'><strong>ο</strong></span> <span class='ocrx_word' id='word_1_635' title='bbox 2367 3978 2547 4042; x_wconf 86' lang='grc' dir='ltr'><strong>1ιοιηο,</strong></span> <span class='ocrx_word' id='word_1_636' title='bbox 2579 3976 2714 4045; x_wconf 85' lang='lat' dir='ltr'><strong>quod</strong></span> <span class='ocrx_word' id='word_1_637' title='bbox 2734 3993 2837 4030; x_wconf 85' lang='lat' dir='ltr'><strong>non</strong></span> <span class='ocrx_word' id='word_1_638' title='bbox 2863 3977 3122 4046; x_wconf 84' lang='lat' dir='ltr'><strong>acceperis</strong></span> <span class='ocrx_word' id='word_1_639' title='bbox 3146 3977 3170 4029; x_wconf 88' lang='lat'><strong><em>?</em></strong></span> <span class='ocrx_word' id='word_1_640' title='bbox 3202 3984 3250 4029; x_wconf 85' lang='lat' dir='ltr'><strong>et</strong></span> <span class='ocrx_word' id='word_1_641' title='bbox 3279 3978 3398 4045; x_wconf 84' lang='lat' dir='ltr'><strong>quia</strong></span> <span class='ocrx_word' id='word_1_642' title='bbox 3428 3994 3517 4032; x_wconf 88' lang='lat' dir='ltr'><strong>ac-</strong></span> 
     </span>
    </p>
   </div>
   <div class='ocr_carea' id='block_1_70' title="bbox 260 4068 1831 4143">
    <p class='ocr_par' dir='ltr' id='par_1_70' title="bbox 260 4068 1826 4143">
     <span class='ocr_line' id='line_1_70' title="bbox 260 4068 1826 4143; baseline 0.008 -28"><span class='ocrx_word' id='word_1_643' title='bbox 260 4078 539 4135; x_wconf 89' lang='lat' dir='ltr'><strong>pauperum</strong></span> <span class='ocrx_word' id='word_1_644' title='bbox 568 4075 725 4131; x_wconf 92' lang='lat' dir='ltr'><strong>sunt,</strong></span> <span class='ocrx_word' id='word_1_645' title='bbox 757 4068 912 4137; x_wconf 88' lang='lat' dir='ltr'><strong>cujus</strong></span> <span class='ocrx_word' id='word_1_646' title='bbox 938 4070 1130 4126; x_wconf 90' lang='lat' dir='ltr'><strong>domus</strong></span> <span class='ocrx_word' id='word_1_647' title='bbox 1162 4073 1452 4142; x_wconf 87' lang='lat' dir='ltr'><strong>hospitium</strong></span> <span class='ocrx_word' id='word_1_648' title='bbox 1481 4074 1681 4129; x_wconf 80' lang='lat' dir='ltr'><strong>Christi</strong></span> <span class='ocrx_word' id='word_1_649' title='bbox 1721 4084 1826 4143; x_wconf 88' lang='lat' dir='ltr'><strong>est,</strong></span> 
     </span>
    </p>
   </div>
   <div class='ocr_carea' id='block_1_71' title="bbox 1947 4068 3518 4143">
    <p class='ocr_par' dir='ltr' id='par_1_71' title="bbox 1947 4068 3518 4139">
     <span class='ocr_line' id='line_1_71' title="bbox 1947 4068 3518 4139; baseline 0.002 -19"><span class='ocrx_word' id='word_1_650' title='bbox 1947 4070 2109 4139; x_wconf 74' lang='lat' dir='ltr'><strong>repisli</strong></span> <span class='ocrx_word' id='word_1_651' title='bbox 2138 4069 2205 4135; x_wconf 71' lang='lat'><strong>&quot;,</strong></span> <span class='ocrx_word' id='word_1_652' title='bbox 2252 4068 2373 4138; x_wconf 82' lang='lat' dir='ltr'><strong>quid</strong></span> <span class='ocrx_word' id='word_1_653' title='bbox 2400 4068 2643 4138; x_wconf 87' lang='lat' dir='ltr'><strong>gloriaris</strong></span> <span class='ocrx_word' id='word_1_654' title='bbox 2671 4072 2817 4138; x_wconf 83' lang='lat' dir='ltr'><strong>quasi</strong></span> <span class='ocrx_word' id='word_1_655' title='bbox 2843 4084 2946 4121; x_wconf 85' lang='lat' dir='ltr'><strong>non</strong></span> <span class='ocrx_word' id='word_1_656' title='bbox 2974 4068 3231 4136; x_wconf 83' lang='lat' dir='ltr'><strong>acceperis</strong></span> <span class='ocrx_word' id='word_1_657' title='bbox 3262 4077 3318 4130; x_wconf 78' lang='grc' dir='ltr'><strong>ο,</strong></span> <span class='ocrx_word' id='word_1_658' title='bbox 3369 4077 3424 4122; x_wconf 88' lang='lat' dir='ltr'><strong>et</strong></span> <span class='ocrx_word' id='word_1_659' title='bbox 3451 4068 3518 4123; x_wconf 85' lang='lat' dir='ltr'><strong>de</strong></span> 
     </span>
    </p>
   </div>
   <div class='ocr_carea' id='block_1_72' title="bbox 258 4156 1829 4235">
    <p class='ocr_par' dir='ltr' id='par_1_72' title="bbox 258 4156 1829 4235">
     <span class='ocr_line' id='line_1_72' title="bbox 258 4156 1829 4235; baseline 0.008 -27"><span class='ocrx_word' id='word_1_660' title='bbox 258 4156 339 4221; x_wconf 91' lang='lat' dir='ltr'><strong>qui</strong></span> <span class='ocrx_word' id='word_1_661' title='bbox 368 4173 473 4210; x_wconf 87' lang='lat' dir='ltr'><strong>non</strong></span> <span class='ocrx_word' id='word_1_662' title='bbox 497 4156 679 4225; x_wconf 90' lang='lat' dir='ltr'><strong>jacere</strong></span> <span class='ocrx_word' id='word_1_663' title='bbox 704 4160 1013 4215; x_wconf 89' lang='lat' dir='ltr'><strong>mendicum</strong></span> <span class='ocrx_word' id='word_1_664' title='bbox 1042 4173 1168 4216; x_wconf 90' lang='lat' dir='ltr'><strong>ante</strong></span> <span class='ocrx_word' id='word_1_665' title='bbox 1188 4162 1409 4232; x_wconf 89' lang='lat' dir='ltr'><strong>januam</strong></span> <span class='ocrx_word' id='word_1_666' title='bbox 1433 4173 1579 4219; x_wconf 90' lang='lat' dir='ltr'><strong>tuam</strong></span> <span class='ocrx_word' id='word_1_667' title='bbox 1613 4167 1829 4235; x_wconf 91' lang='lat' dir='ltr'><strong>epulan-</strong></span> 
     </span>
    </p>
   </div>
   <div class='ocr_carea' id='block_1_73' title="bbox 258 4248 1829 4313">
    <p class='ocr_par' dir='ltr' id='par_1_73' title="bbox 258 4248 1829 4313">
     <span class='ocr_line' id='line_1_73' title="bbox 258 4248 1829 4313; baseline 0.008 -15"><span class='ocrx_word' id='word_1_668' title='bbox 258 4253 305 4298; x_wconf 88' lang='lat' dir='ltr'><strong>te</strong></span> <span class='ocrx_word' id='word_1_669' title='bbox 332 4253 382 4300; x_wconf 91' lang='lat' dir='ltr'><strong>te</strong></span> <span class='ocrx_word' id='word_1_670' title='bbox 402 4250 632 4303; x_wconf 89' lang='lat' dir='ltr'><strong>sustines</strong></span> <span class='ocrx_word' id='word_1_671' title='bbox 669 4248 687 4286; x_wconf 73' lang='grc' dir='ltr'><em>ί</em></span> <span class='ocrx_word' id='word_1_672' title='bbox 713 4266 727 4313; x_wconf 90' lang='grc'>;</span> <span class='ocrx_word' id='word_1_673' title='bbox 769 4251 863 4305; x_wconf 92' lang='lat' dir='ltr'><strong>sed</strong></span> <span class='ocrx_word' id='word_1_674' title='bbox 891 4261 1081 4306; x_wconf 90' lang='lat' dir='ltr'><strong>contra</strong></span> <span class='ocrx_word' id='word_1_675' title='bbox 1121 4254 1275 4308; x_wconf 92' lang='lat' dir='ltr'><strong>tectis</strong></span> <span class='ocrx_word' id='word_1_676' title='bbox 1305 4255 1411 4309; x_wconf 90' lang='lat' dir='ltr'><strong>tuis</strong></span> <span class='ocrx_word' id='word_1_677' title='bbox 1440 4255 1591 4309; x_wconf 83' lang='lat' dir='ltr'><strong>hctus</strong></span> <span class='ocrx_word' id='word_1_678' title='bbox 1623 4256 1829 4312; x_wconf 85' lang='lat' dir='ltr'><strong>inducis</strong></span> 
     </span>
    </p>
   </div>
   <div class='ocr_carea' id='block_1_74' title="bbox 258 4340 1825 4412">
    <p class='ocr_par' dir='ltr' id='par_1_74' title="bbox 258 4340 1825 4412">
     <span class='ocr_line' id='line_1_74' title="bbox 258 4340 1825 4412; baseline 0.011 -29"><span class='ocrx_word' id='word_1_679' title='bbox 258 4342 340 4386; x_wconf 87' lang='lat' dir='ltr'><strong>aut</strong></span> <span class='ocrx_word' id='word_1_680' title='bbox 365 4344 538 4390; x_wconf 89' lang='lat' dir='ltr'><strong>tecum</strong></span> <span class='ocrx_word' id='word_1_681' title='bbox 566 4340 940 4407; x_wconf 87' lang='lat' dir='ltr'><strong>epulaturnm,</strong></span> <span class='ocrx_word' id='word_1_682' title='bbox 973 4349 1067 4394; x_wconf 88' lang='lat' dir='ltr'><strong>aut</strong></span> <span class='ocrx_word' id='word_1_683' title='bbox 1095 4342 1257 4395; x_wconf 90' lang='lat' dir='ltr'><strong>etiam</strong></span> <span class='ocrx_word' id='word_1_684' title='bbox 1284 4343 1564 4412; x_wconf 87' lang='lat' dir='ltr'><strong>jejunante</strong></span> <span class='ocrx_word' id='word_1_685' title='bbox 1597 4354 1648 4399; x_wconf 92' lang='lat' dir='ltr'><strong>te</strong></span> <span class='ocrx_word' id='word_1_686' title='bbox 1672 4354 1825 4399; x_wconf 89' lang='lat' dir='ltr'><strong>satu-</strong></span> 
     </span>
    </p>
   </div>
   <div class='ocr_carea' id='block_1_75' title="bbox 257 4425 1827 4499">
    <p class='ocr_par' dir='ltr' id='par_1_75' title="bbox 257 4425 1827 4499">
     <span class='ocr_line' id='line_1_75' title="bbox 257 4425 1827 4499; baseline 0.01 -25"><span class='ocrx_word' id='word_1_687' title='bbox 257 4425 469 4479; x_wconf 88' lang='lat' dir='ltr'><strong>randum</strong></span> <span class='ocrx_word' id='word_1_688' title='bbox 496 4445 510 4492; x_wconf 93' lang='lat'><strong>;</strong></span> <span class='ocrx_word' id='word_1_689' title='bbox 576 4429 670 4482; x_wconf 92' lang='lat' dir='ltr'><strong>tibi</strong></span> <span class='ocrx_word' id='word_1_690' title='bbox 717 4427 843 4482; x_wconf 78' lang='lat' dir='ltr'><strong>felix</strong></span> <span class='ocrx_word' id='word_1_691' title='bbox 874 4446 902 4482; x_wconf 92' lang='lat' dir='ltr'><strong>a</strong></span> <span class='ocrx_word' id='word_1_692' title='bbox 932 4432 1165 4499; x_wconf 87' lang='lat' dir='ltr'><strong>peccatis</strong></span> <span class='ocrx_word' id='word_1_693' title='bbox 1192 4442 1435 4499; x_wconf 82' lang='lat' dir='ltr'><strong>egestas,</strong></span> <span class='ocrx_word' id='word_1_694' title='bbox 1494 4442 1547 4487; x_wconf 91' lang='lat' dir='ltr'><strong>et</strong></span> <span class='ocrx_word' id='word_1_695' title='bbox 1575 4435 1745 4488; x_wconf 78' lang='lat' dir='ltr'><strong>beat-.1:</strong></span> <span class='ocrx_word' id='word_1_696' title='bbox 1774 4436 1827 4489; x_wconf 92' lang='lat' dir='ltr'><strong>in</strong></span> 
     </span>
    </p>
   </div>
   <div class='ocr_carea' id='block_1_76' title="bbox 1931 4157 3519 4228">
    <p class='ocr_par' dir='ltr' id='par_1_76' title="bbox 1931 4157 3519 4228">
     <span class='ocr_line' id='line_1_76' title="bbox 1931 4157 3519 4228; baseline -0.001 -13"><span class='ocrx_word' id='word_1_697' title='bbox 1931 4162 2044 4215; x_wconf 91' lang='lat' dir='ltr'><strong>suis</strong></span> <span class='ocrx_word' id='word_1_698' title='bbox 2074 4160 2184 4214; x_wconf 89' lang='lat' dir='ltr'><strong>Deo</strong></span> <span class='ocrx_word' id='word_1_699' title='bbox 2213 4159 2368 4214; x_wconf 93' lang='lat' dir='ltr'><strong>donis</strong></span> <span class='ocrx_word' id='word_1_700' title='bbox 2396 4159 2684 4228; x_wconf 89' lang='lat' dir='ltr'><strong>superbis?</strong></span> <span class='ocrx_word' id='word_1_701' title='bbox 2716 4159 2943 4223; x_wconf 88' lang='lat' dir='ltr'><strong>Talium,</strong></span> <span class='ocrx_word' id='word_1_702' title='bbox 2977 4159 3047 4212; x_wconf 92' lang='lat' dir='ltr'><strong>mi</strong></span> <span class='ocrx_word' id='word_1_703' title='bbox 3076 4157 3262 4223; x_wconf 88' lang='lat' dir='ltr'><strong>frater,</strong></span> <span class='ocrx_word' id='word_1_704' title='bbox 3294 4158 3519 4213; x_wconf 89' lang='lat' dir='ltr'><strong>divitum</strong></span> 
     </span>
    </p>
   </div>
   <div class='ocr_carea' id='block_1_77' title="bbox 1931 4248 3518 4318">
    <p class='ocr_par' dir='ltr' id='par_1_77' title="bbox 1931 4248 3518 4318">
     <span class='ocr_line' id='line_1_77' title="bbox 1931 4248 3518 4318; baseline -0.001 -14"><span class='ocrx_word' id='word_1_705' title='bbox 1931 4250 2147 4304; x_wconf 89' lang='lat' dir='ltr'><strong>nomina</strong></span> <span class='ocrx_word' id='word_1_706' title='bbox 2177 4250 2229 4303; x_wconf 92' lang='lat' dir='ltr'><strong>in</strong></span> <span class='ocrx_word' id='word_1_707' title='bbox 2254 4248 2547 4317; x_wconf 87' lang='lat' dir='ltr'><strong>Evangelio</strong></span> <span class='ocrx_word' id='word_1_708' title='bbox 2579 4264 2686 4303; x_wconf 91' lang='lat' dir='ltr'><strong>non</strong></span> <span class='ocrx_word' id='word_1_709' title='bbox 2717 4250 3043 4316; x_wconf 76' lang='lat' dir='ltr'><strong>scribuntur,</strong></span> <span class='ocrx_word' id='word_1_710' title='bbox 3078 4250 3201 4318; x_wconf 90' lang='lat' dir='ltr'><strong>quia</strong></span> <span class='ocrx_word' id='word_1_711' title='bbox 3236 4265 3335 4305; x_wconf 84' lang='lat' dir='ltr'><strong>nec</strong></span> <span class='ocrx_word' id='word_1_712' title='bbox 3370 4250 3421 4303; x_wconf 93' lang='lat' dir='ltr'><strong>in</strong></span> <span class='ocrx_word' id='word_1_713' title='bbox 3452 4250 3518 4303; x_wconf 91' lang='lat' dir='ltr'><strong>li-</strong></span> 
     </span>
    </p>
   </div>
   <div class='ocr_carea' id='block_1_78' title="bbox 1930 4342 2554 4396">
    <p class='ocr_par' dir='ltr' id='par_1_78' title="bbox 1930 4342 2554 4396">
     <span class='ocr_line' id='line_1_78' title="bbox 1930 4342 2554 4396; baseline -0.003 0"><span class='ocrx_word' id='word_1_714' title='bbox 1930 4343 2030 4396; x_wconf 90' lang='lat' dir='ltr'><strong>bro</strong></span> <span class='ocrx_word' id='word_1_715' title='bbox 2058 4343 2183 4395; x_wconf 68' lang='lat' dir='ltr'><strong>vita:</strong></span> <span class='ocrx_word' id='word_1_716' title='bbox 2211 4342 2474 4393; x_wconf 83' lang='lat' dir='ltr'><strong>habentur</strong></span> <span class='ocrx_word' id='word_1_717' title='bbox 2510 4352 2554 4394; x_wconf 70' lang='grc' dir='ltr'><strong>Γ.</strong></span> 
     </span>
    </p>
   </div>
   <div class='ocr_carea' id='block_1_79' title="bbox 2000 4430 3520 4500">
    <p class='ocr_par' dir='ltr' id='par_1_79' title="bbox 2000 4430 3520 4500">
     <span class='ocr_line' id='line_1_79' title="bbox 2000 4430 3520 4500; baseline 0 -15"><span class='ocrx_word' id='word_1_718' title='bbox 2000 4432 2089 4486; x_wconf 81' lang='grc'><strong>20.</strong></span> <span class='ocrx_word' id='word_1_719' title='bbox 2121 4432 2389 4500; x_wconf 89' lang='lat' dir='ltr'><strong>Denique,</strong></span> <span class='ocrx_word' id='word_1_720' title='bbox 2439 4438 2496 4484; x_wconf 92' lang='lat' dir='ltr'><strong>ut</strong></span> <span class='ocrx_word' id='word_1_721' title='bbox 2538 4430 2677 4485; x_wconf 91' lang='lat' dir='ltr'><strong>scias</strong></span> <span class='ocrx_word' id='word_1_722' title='bbox 2708 4447 2811 4485; x_wconf 88' lang='lat' dir='ltr'><strong>non</strong></span> <span class='ocrx_word' id='word_1_723' title='bbox 2837 4431 3087 4499; x_wconf 83' lang='lat' dir='ltr'><strong>divitias,</strong></span> <span class='ocrx_word' id='word_1_724' title='bbox 3136 4433 3230 4486; x_wconf 82' lang='lat' dir='ltr'><strong>sc‘d</strong></span> <span class='ocrx_word' id='word_1_725' title='bbox 3274 4432 3520 4486; x_wconf 89' lang='lat' dir='ltr'><strong>homines</strong></span> 
     </span>
    </p>
   </div>
   <div class='ocr_carea' id='block_1_80' title="bbox 255 4512 3518 4593">
    <p class='ocr_par' dir='ltr' id='par_1_80' title="bbox 255 4512 3518 4593">
     <span class='ocr_line' id='line_1_80' title="bbox 255 4512 3518 4593; baseline 0.004 -29"><span class='ocrx_word' id='word_1_726' title='bbox 255 4512 526 4569; x_wconf 85' lang='lat' dir='ltr'><strong>virtutibus</strong></span> <span class='ocrx_word' id='word_1_727' title='bbox 549 4532 682 4585; x_wconf 90' lang='lat' dir='ltr'><strong>opes</strong></span> <span class='ocrx_word' id='word_1_728' title='bbox 708 4527 851 4571; x_wconf 91' lang='lat' dir='ltr'><strong>sunt.</strong></span> <span class='ocrx_word' id='word_1_729' title='bbox 884 4518 963 4573; x_wconf 90' lang='lat' dir='ltr'><strong>Tu</strong></span> <span class='ocrx_word' id='word_1_730' title='bbox 994 4527 1050 4573; x_wconf 90' lang='lat' dir='ltr'><strong>et</strong></span> <span class='ocrx_word' id='word_1_731' title='bbox 1088 4520 1229 4574; x_wconf 88' lang='lat' dir='ltr'><strong>inter</strong></span> <span class='ocrx_word' id='word_1_732' title='bbox 1268 4522 1388 4575; x_wconf 86' lang='lat' dir='ltr'><strong>illos</strong></span> <span class='ocrx_word' id='word_1_733' title='bbox 1416 4538 1682 4592; x_wconf 89' lang='lat' dir='ltr'><strong>pauperes</strong></span> <span class='ocrx_word' id='word_1_734' title='bbox 1705 4523 1827 4591; x_wconf 90' lang='lat' dir='ltr'><strong>jure</strong></span> <span class='ocrx_word' id='word_1_735' title='bbox 1859 4528 1902 4586; x_wconf 88' lang='lat' dir='ltr'><strong>D</strong></span> <span class='ocrx_word' id='word_1_736' title='bbox 1931 4539 2027 4592; x_wconf 90' lang='lat' dir='ltr'><strong>pro</strong></span> <span class='ocrx_word' id='word_1_737' title='bbox 2056 4538 2241 4575; x_wconf 90' lang='lat' dir='ltr'><strong>earum</strong></span> <span class='ocrx_word' id='word_1_738' title='bbox 2282 4522 2465 4575; x_wconf 88' lang='lat' dir='ltr'><strong>usibus</strong></span> <span class='ocrx_word' id='word_1_739' title='bbox 2497 4537 2615 4575; x_wconf 89' lang='lat' dir='ltr'><strong>esse</strong></span> <span class='ocrx_word' id='word_1_740' title='bbox 2650 4522 2944 4590; x_wconf 89' lang='lat' dir='ltr'><strong>culpabiles</strong></span> <span class='ocrx_word' id='word_1_741' title='bbox 2981 4523 3066 4576; x_wconf 88' lang='lat' dir='ltr'><strong>vel</strong></span> <span class='ocrx_word' id='word_1_742' title='bbox 3097 4531 3350 4593; x_wconf 86' lang='lat' dir='ltr'><strong>acceptos</strong></span> <span class='ocrx_word' id='word_1_743' title='bbox 3386 4524 3518 4589; x_wconf 88' lang='lat' dir='ltr'><strong>Deo,</strong></span> 
     </span>
    </p>
   </div>
   <div class='ocr_carea' id='block_1_81' title="bbox 256 4607 1826 4678">
    <p class='ocr_par' dir='ltr' id='par_1_81' title="bbox 256 4607 1826 4678">
     <span class='ocr_line' id='line_1_81' title="bbox 256 4607 1826 4678; baseline 0.008 -23"><span class='ocrx_word' id='word_1_744' title='bbox 256 4607 614 4661; x_wconf 89' lang='lat' dir='ltr'><strong>numeraberis</strong></span> <span class='ocrx_word' id='word_1_745' title='bbox 643 4610 720 4673; x_wconf 81' lang='lat'><strong>“,</strong></span> <span class='ocrx_word' id='word_1_746' title='bbox 755 4624 985 4677; x_wconf 89' lang='lat' dir='ltr'><strong>quorum</strong></span> <span class='ocrx_word' id='word_1_747' title='bbox 1012 4618 1096 4664; x_wconf 86' lang='lat' dir='ltr'><strong>est</strong></span> <span class='ocrx_word' id='word_1_748' title='bbox 1129 4625 1351 4678; x_wconf 90' lang='lat' dir='ltr'><strong>regnum</strong></span> <span class='ocrx_word' id='word_1_749' title='bbox 1382 4614 1639 4667; x_wconf 74' lang='lat' dir='ltr'><strong>cmlorum</strong></span> <span class='ocrx_word' id='word_1_750' title='bbox 1664 4624 1688 4661; x_wconf 80' lang='lat'><strong><em>8</em></strong></span> <span class='ocrx_word' id='word_1_751' title='bbox 1714 4632 1727 4676; x_wconf 91' lang='lat'><strong>;</strong></span> <span class='ocrx_word' id='word_1_752' title='bbox 1771 4622 1826 4667; x_wconf 90' lang='lat' dir='ltr'><strong>et</strong></span> 
     </span>
    </p>
   </div>
   <div class='ocr_carea' id='block_1_82' title="bbox 257 4693 1825 4771">
    <p class='ocr_par' dir='ltr' id='par_1_82' title="bbox 257 4693 1825 4771">
     <span class='ocr_line' id='line_1_82' title="bbox 257 4693 1825 4771; baseline 0.007 -24"><span class='ocrx_word' id='word_1_753' title='bbox 257 4693 383 4749; x_wconf 85' lang='lat' dir='ltr'><strong>inter</strong></span> <span class='ocrx_word' id='word_1_754' title='bbox 412 4697 535 4751; x_wconf 87' lang='lat' dir='ltr'><strong>illos</strong></span> <span class='ocrx_word' id='word_1_755' title='bbox 570 4698 765 4752; x_wconf 87' lang='lat' dir='ltr'><strong>divites</strong></span> <span class='ocrx_word' id='word_1_756' title='bbox 790 4740 807 4767; x_wconf 94' lang='lat'><strong>,</strong></span> <span class='ocrx_word' id='word_1_757' title='bbox 856 4714 1085 4768; x_wconf 90' lang='lat' dir='ltr'><strong>quorum</strong></span> <span class='ocrx_word' id='word_1_758' title='bbox 1128 4702 1399 4771; x_wconf 88' lang='lat' dir='ltr'><strong>possessio</strong></span> <span class='ocrx_word' id='word_1_759' title='bbox 1446 4704 1632 4758; x_wconf 91' lang='lat' dir='ltr'><strong>civitas</strong></span> <span class='ocrx_word' id='word_1_760' title='bbox 1675 4704 1825 4759; x_wconf 78' lang='lat' dir='ltr'><strong>firma</strong></span> 
     </span>
    </p>
   </div>
   <div class='ocr_carea' id='block_1_83' title="bbox 1932 4612 3519 4683">
    <p class='ocr_par' dir='ltr' id='par_1_83' title="bbox 1932 4612 3519 4683">
     <span class='ocr_line' id='line_1_83' title="bbox 1932 4612 3519 4683; baseline 0 -15"><span class='ocrx_word' id='word_1_761' title='bbox 1932 4615 2049 4683; x_wconf 87' lang='lat' dir='ltr'><strong>lege</strong></span> <span class='ocrx_word' id='word_1_762' title='bbox 2078 4621 2293 4667; x_wconf 83' lang='lat' dir='ltr'><strong>sanctos</strong></span> <span class='ocrx_word' id='word_1_763' title='bbox 2321 4621 2536 4681; x_wconf 82' lang='lat' dir='ltr'><strong>patres,</strong></span> <span class='ocrx_word' id='word_1_764' title='bbox 2570 4612 2860 4679; x_wconf 80' lang='lat' dir='ltr'><strong>Abraham,</strong></span> <span class='ocrx_word' id='word_1_765' title='bbox 2895 4612 2993 4665; x_wconf 86' lang='lat' dir='ltr'><strong>Lot</strong></span> <span class='ocrx_word' id='word_1_766' title='bbox 3020 4622 3075 4667; x_wconf 91' lang='lat' dir='ltr'><strong>et</strong></span> <span class='ocrx_word' id='word_1_767' title='bbox 3103 4612 3205 4667; x_wconf 89' lang='lat' dir='ltr'><strong>Job</strong></span> <span class='ocrx_word' id='word_1_768' title='bbox 3233 4615 3299 4667; x_wconf 86' lang='lat' dir='ltr'><strong>de</strong></span> <span class='ocrx_word' id='word_1_769' title='bbox 3326 4614 3519 4683; x_wconf 91' lang='lat' dir='ltr'><strong>opibus</strong></span> 
     </span>
    </p>
   </div>
   <div class='ocr_carea' id='block_1_84' title="bbox 1926 4700 3520 4773">
    <p class='ocr_par' dir='ltr' id='par_1_84' title="bbox 1926 4700 3520 4773">
     <span class='ocr_line' id='line_1_84' title="bbox 1926 4700 3520 4773; baseline -0.001 -15"><span class='ocrx_word' id='word_1_770' title='bbox 1926 4704 2036 4758; x_wconf 79' lang='lat' dir='ltr'><strong>suis</strong></span> <span class='ocrx_word' id='word_1_771' title='bbox 2065 4702 2269 4756; x_wconf 88' lang='lat' dir='ltr'><strong>amicos</strong></span> <span class='ocrx_word' id='word_1_772' title='bbox 2298 4700 2408 4755; x_wconf 88' lang='lat' dir='ltr'><strong>Deo</strong></span> <span class='ocrx_word' id='word_1_773' title='bbox 2442 4700 2611 4756; x_wconf 82' lang='lat' dir='ltr'><strong>factos</strong></span> <span class='ocrx_word' id='word_1_774' title='bbox 2642 4712 2688 4753; x_wconf 70' lang='grc' dir='ltr'><strong>(ι.</strong></span> <span class='ocrx_word' id='word_1_775' title='bbox 2716 4700 2847 4755; x_wconf 87' lang='lat' dir='ltr'><strong>Nam</strong></span> <span class='ocrx_word' id='word_1_776' title='bbox 2876 4703 2927 4755; x_wconf 90' lang='lat' dir='ltr'><strong>in</strong></span> <span class='ocrx_word' id='word_1_777' title='bbox 2954 4700 3269 4771; x_wconf 84' lang='lat' dir='ltr'><strong>Evangelia,</strong></span> <span class='ocrx_word' id='word_1_778' title='bbox 3295 4718 3403 4773; x_wconf 89' lang='lat' dir='ltr'><strong>quo</strong></span> <span class='ocrx_word' id='word_1_779' title='bbox 3430 4703 3520 4757; x_wconf 87' lang='lat' dir='ltr'><strong>ille</strong></span> 
     </span>
    </p>
   </div>
   <div class='ocr_carea' id='block_1_85' title="bbox 315 4822 1831 4920">
    <p class='ocr_par' dir='ltr' id='par_1_85' title="bbox 315 4844 1819 4920">
     <span class='ocr_line' id='line_1_85' title="bbox 315 4844 1819 4920; baseline 0.005 -23"><span class='ocrx_word' id='word_1_780' title='bbox 315 4856 339 4920; x_wconf 60' lang='grc' dir='ltr'><strong>ξ</strong></span> <span class='ocrx_word' id='word_1_781' title='bbox 368 4847 498 4920; x_wconf 86' lang='lat' dir='ltr'><strong>Luc.</strong></span> <span class='ocrx_word' id='word_1_782' title='bbox 531 4862 649 4920; x_wconf 54' lang='lat' dir='ltr'><strong>xvi,</strong></span> <span class='ocrx_word' id='word_1_783' title='bbox 674 4844 812 4920; x_wconf 56' lang='grc'><strong>25.-</strong></span> <span class='ocrx_word' id='word_1_784' title='bbox 841 4845 871 4884; x_wconf 73' lang='grc' dir='ltr'><strong>ιι</strong></span> <span class='ocrx_word' id='word_1_785' title='bbox 912 4845 1039 4900; x_wconf 90' lang='lat' dir='ltr'><strong>Luc.</strong></span> <span class='ocrx_word' id='word_1_786' title='bbox 1073 4848 1311 4920; x_wconf 62' lang='lat'><strong>“1,24.</strong></span> <span class='ocrx_word' id='word_1_787' title='bbox 1393 4860 1415 4885; x_wconf 73' lang='grc' dir='ltr'><strong>ε</strong></span> <span class='ocrx_word' id='word_1_788' title='bbox 1446 4848 1587 4903; x_wconf 83' lang='lat' dir='ltr'><strong>Psal.</strong></span> <span class='ocrx_word' id='word_1_789' title='bbox 1614 4866 1733 4920; x_wconf 65' lang='lat' dir='ltr'><strong>ext,</strong></span> <span class='ocrx_word' id='word_1_790' title='bbox 1765 4851 1819 4920; x_wconf 68' lang='grc' dir='ltr'><strong>ξ).</strong></span> 
     </span>
    </p>
   </div>
   <div class='ocr_carea' id='block_1_86' title="bbox 1947 4822 3517 4920">
    <p class='ocr_par' dir='ltr' id='par_1_86' title="bbox 1949 4822 3517 4920">
     <span class='ocr_line' id='line_1_86' title="bbox 1949 4822 3517 4920; baseline 0.004 -16"><span class='ocrx_word' id='word_1_791' title='bbox 1949 4851 2110 4906; x_wconf 88' lang='lat' dir='ltr'><strong>Prov.</strong></span> <span class='ocrx_word' id='word_1_792' title='bbox 2148 4867 2273 4920; x_wconf 81' lang='lat' dir='ltr'><strong>xvtn</strong></span> <span class='ocrx_word' id='word_1_793' title='bbox 2296 4892 2309 4915; x_wconf 91' lang='lat'><strong>,</strong></span> <span class='ocrx_word' id='word_1_794' title='bbox 2338 4849 2425 4902; x_wconf 91' lang='grc'><strong>21.</strong></span> <span class='ocrx_word' id='word_1_795' title='bbox 2508 4863 2531 4887; x_wconf 71' lang='grc' dir='ltr'>ε</span> <span class='ocrx_word' id='word_1_796' title='bbox 2562 4822 2752 4908; x_wconf 80' lang='lat' dir='ltr'><strong>Matth.</strong></span> <span class='ocrx_word' id='word_1_797' title='bbox 2784 4869 2878 4920; x_wconf 79' lang='lat' dir='ltr'><strong>xu,</strong></span> <span class='ocrx_word' id='word_1_798' title='bbox 2906 4852 2994 4906; x_wconf 79' lang='lat'><strong>57.</strong></span> <span class='ocrx_word' id='word_1_799' title='bbox 3078 4853 3094 4892; x_wconf 74' lang='grc' dir='ltr'><em>τ</em></span> <span class='ocrx_word' id='word_1_800' title='bbox 3130 4854 3254 4908; x_wconf 85' lang='lat' dir='ltr'><strong>an.</strong></span> <span class='ocrx_word' id='word_1_801' title='bbox 3288 4871 3395 4916; x_wconf 68' lang='grc' dir='ltr'><strong>ιη,</strong></span> <span class='ocrx_word' id='word_1_802' title='bbox 3426 4856 3517 4912; x_wconf 89' lang='grc'><strong>20.</strong></span> 
     </span>
    </p>
   </div>
   <div class='ocr_carea' id='block_1_87' title="bbox 256 4914 1803 4983">
    <p class='ocr_par' dir='ltr' id='par_1_87' title="bbox 256 4914 1803 4983">
     <span class='ocr_line' id='line_1_87' title="bbox 256 4914 1803 4983; baseline 0.003 -15"><span class='ocrx_word' id='word_1_803' title='bbox 256 4926 275 4959; x_wconf 70' lang='grc' dir='ltr'><strong>ε</strong></span> <span class='ocrx_word' id='word_1_804' title='bbox 298 4914 478 4968; x_wconf 71' lang='lat' dir='ltr'><strong>Matth.</strong></span> <span class='ocrx_word' id='word_1_805' title='bbox 510 4932 565 4981; x_wconf 90' lang='lat' dir='ltr'><strong>v,</strong></span> <span class='ocrx_word' id='word_1_806' title='bbox 592 4916 646 4968; x_wconf 78' lang='lat'><strong>3.</strong></span> <span class='ocrx_word' id='word_1_807' title='bbox 727 4916 749 4950; x_wconf 75' lang='grc' dir='ltr'>δ</span> <span class='ocrx_word' id='word_1_808' title='bbox 780 4915 937 4970; x_wconf 90' lang='lat' dir='ltr'><strong>Prov.</strong></span> <span class='ocrx_word' id='word_1_809' title='bbox 971 4934 1113 4979; x_wconf 62' lang='grc' dir='ltr'><strong>ιιι-ιιι,</strong></span> <span class='ocrx_word' id='word_1_810' title='bbox 1148 4918 1234 4983; x_wconf 89' lang='grc'><strong>11,</strong></span> <span class='ocrx_word' id='word_1_811' title='bbox 1268 4934 1333 4971; x_wconf 81' lang='lat' dir='ltr'><strong>ex</strong></span> <span class='ocrx_word' id='word_1_812' title='bbox 1360 4920 1605 4973; x_wconf 84' lang='lat' dir='ltr'><strong>versione</strong></span> <span class='ocrx_word' id='word_1_813' title='bbox 1647 4919 1803 4973; x_wconf 80' lang='lat' dir='ltr'><strong>LXX.</strong></span> 
     </span>
    </p>
   </div>
   <div class='ocr_carea' id='block_1_88' title="bbox 256 5052 1166 5122">
    <p class='ocr_par' dir='ltr' id='par_1_88' title="bbox 256 5052 1166 5122">
     <span class='ocr_line' id='line_1_88' title="bbox 256 5052 1166 5122; baseline 0.008 -18"><span class='ocrx_word' id='word_1_814' title='bbox 256 5054 341 5117; x_wconf 82' lang='lat' dir='ltr'><strong>l9;</strong></span> <span class='ocrx_word' id='word_1_815' title='bbox 379 5054 548 5109; x_wconf 74' lang='lat' dir='ltr'><strong>Eccli.</strong></span> <span class='ocrx_word' id='word_1_816' title='bbox 577 5072 654 5120; x_wconf 73' lang='grc' dir='ltr'><strong>ιι,</strong></span> <span class='ocrx_word' id='word_1_817' title='bbox 675 5052 773 5121; x_wconf 83' lang='grc'><strong>20;</strong></span> <span class='ocrx_word' id='word_1_818' title='bbox 802 5053 933 5110; x_wconf 88' lang='lat' dir='ltr'><strong>Luc.</strong></span> <span class='ocrx_word' id='word_1_819' title='bbox 962 5072 1055 5122; x_wconf 70' lang='lat' dir='ltr'><strong>xu,</strong></span> <span class='ocrx_word' id='word_1_820' title='bbox 1078 5056 1166 5111; x_wconf 84' lang='grc'><strong>21.</strong></span> 
     </span>
    </p>
   </div>
   <div class='ocr_carea' id='block_1_89' title="bbox 1263 5056 1689 5127">
    <p class='ocr_par' dir='ltr' id='par_1_89' title="bbox 1263 5056 1689 5127">
     <span class='ocr_line' id='line_1_89' title="bbox 1263 5056 1689 5127; baseline 0.009 -17"><span class='ocrx_word' id='word_1_821' title='bbox 1263 5070 1288 5093; x_wconf 84' lang='grc' dir='ltr'><strong>υ</strong></span> <span class='ocrx_word' id='word_1_822' title='bbox 1316 5057 1338 5111; x_wconf 90' lang='grc'><strong>1</strong></span> <span class='ocrx_word' id='word_1_823' title='bbox 1372 5056 1498 5113; x_wconf 88' lang='lat' dir='ltr'><strong>Cor.</strong></span> <span class='ocrx_word' id='word_1_824' title='bbox 1533 5075 1603 5127; x_wconf 81' lang='lat' dir='ltr'><strong>tv,</strong></span> <span class='ocrx_word' id='word_1_825' title='bbox 1637 5060 1689 5115; x_wconf 91' lang='lat'><strong>7.</strong></span> 
     </span>
    </p>
   </div>
   <div class='ocr_carea' id='block_1_90' title="bbox 256 5125 507 5192">
    <p class='ocr_par' dir='ltr' id='par_1_90' title="bbox 256 5125 507 5192">
     <span class='ocr_line' id='line_1_90' title="bbox 256 5125 507 5192; baseline 0.016 -17"><span class='ocrx_word' id='word_1_826' title='bbox 256 5138 386 5192; x_wconf 66' lang='lat' dir='ltr'><strong>uti,</strong></span> <span class='ocrx_word' id='word_1_827' title='bbox 421 5125 507 5179; x_wconf 79' lang='grc'><strong>16.</strong></span> 
     </span>
    </p>
   </div>
   <div class='ocr_carea' id='block_1_91' title="bbox 316 5280 1828 5347">
    <p class='ocr_par' dir='ltr' id='par_1_91' title="bbox 316 5280 1828 5347">
     <span class='ocr_line' id='line_1_91' title="bbox 316 5280 1828 5347; baseline 0.001 -14"><span class='ocrx_word' id='word_1_828' title='bbox 316 5282 385 5347; x_wconf 87' lang='lat' dir='ltr'><strong>(a)</strong></span> <span class='ocrx_word' id='word_1_829' title='bbox 416 5281 507 5335; x_wconf 90' lang='lat' dir='ltr'><strong>Sic</strong></span> <span class='ocrx_word' id='word_1_830' title='bbox 534 5281 731 5347; x_wconf 88' lang='lat' dir='ltr'><strong>legitur</strong></span> <span class='ocrx_word' id='word_1_831' title='bbox 753 5280 806 5334; x_wconf 91' lang='lat' dir='ltr'><strong>in</strong></span> <span class='ocrx_word' id='word_1_832' title='bbox 834 5295 961 5335; x_wconf 89' lang='lat' dir='ltr'><strong>mss.</strong></span> <span class='ocrx_word' id='word_1_833' title='bbox 993 5287 1049 5334; x_wconf 90' lang='lat' dir='ltr'><strong>et</strong></span> <span class='ocrx_word' id='word_1_834' title='bbox 1076 5280 1290 5335; x_wconf 84' lang='lat' dir='ltr'><strong>excusis</strong></span> <span class='ocrx_word' id='word_1_835' title='bbox 1318 5280 1615 5335; x_wconf 89' lang='lat' dir='ltr'><strong>codicibus.</strong></span> <span class='ocrx_word' id='word_1_836' title='bbox 1659 5281 1731 5334; x_wconf 89' lang='lat' dir='ltr'><strong>lta</strong></span> <span class='ocrx_word' id='word_1_837' title='bbox 1773 5289 1828 5335; x_wconf 93' lang='lat' dir='ltr'><strong>et</strong></span> 
     </span>
    </p>
   </div>
   <div class='ocr_carea' id='block_1_92' title="bbox 255 5348 1828 5431">
    <p class='ocr_par' dir='ltr' id='par_1_92' title="bbox 255 5348 1828 5431">
     <span class='ocr_line' id='line_1_92' title="bbox 255 5348 1828 5431; baseline -0.001 -26"><span class='ocrx_word' id='word_1_838' title='bbox 255 5350 380 5431; x_wconf 64' lang='lat' dir='ltr'><strong>apud</strong></span> <span class='ocrx_word' id='word_1_839' title='bbox 407 5351 570 5431; x_wconf 81' lang='lat' dir='ltr'><strong>Creg.</strong></span> <span class='ocrx_word' id='word_1_840' title='bbox 603 5351 733 5431; x_wconf 80' lang='lat' dir='ltr'><strong>N_az.</strong></span> <span class='ocrx_word' id='word_1_841' title='bbox 764 5359 911 5431; x_wconf 45' lang='lat' dir='ltr'><strong>ora};</strong></span> <span class='ocrx_word' id='word_1_842' title='bbox 935 5348 1005 5402; x_wconf 87' lang='grc'><strong>20</strong></span> <span class='ocrx_word' id='word_1_843' title='bbox 1038 5350 1106 5403; x_wconf 88' lang='lat' dir='ltr'><strong>de</strong></span> <span class='ocrx_word' id='word_1_844' title='bbox 1141 5348 1418 5431; x_wconf 31' lang='lat' dir='ltr'><strong>Maenali”</strong></span> <span class='ocrx_word' id='word_1_845' title='bbox 1480 5349 1828 5431; x_wconf 75' lang='lat' dir='ltr'><strong>Prudentium</strong></span> 
     </span>
    </p>
   </div>
   <div class='ocr_carea' id='block_1_93' title="bbox 254 5417 1825 5489">
    <p class='ocr_par' dir='ltr' id='par_1_93' title="bbox 254 5417 1825 5489">
     <span class='ocr_line' id='line_1_93' title="bbox 254 5417 1825 5489; baseline 0.003 -18"><span class='ocrx_word' id='word_1_846' title='bbox 254 5417 602 5473; x_wconf 84' lang='lat' dir='ltr'><strong>Cathemerin.</strong></span> <span class='ocrx_word' id='word_1_847' title='bbox 637 5422 814 5489; x_wconf 88' lang='lat' dir='ltr'><strong>hymn.</strong></span> <span class='ocrx_word' id='word_1_848' title='bbox 848 5417 1133 5489; x_wconf 15' lang='lat' dir='ltr'><strong>10,7vers.</strong></span> <span class='ocrx_word' id='word_1_849' title='bbox 1160 5418 1283 5472; x_wconf 75' lang='grc'><strong>154.</strong></span> <span class='ocrx_word' id='word_1_850' title='bbox 1316 5418 1543 5474; x_wconf 73' lang='lat' dir='ltr'><strong>Eleazar</strong></span> <span class='ocrx_word' id='word_1_851' title='bbox 1592 5421 1645 5475; x_wconf 90' lang='lat' dir='ltr'><strong>in</strong></span> <span class='ocrx_word' id='word_1_852' title='bbox 1694 5438 1825 5475; x_wconf 92' lang='lat' dir='ltr'><strong>mss.</strong></span> 
     </span>
    </p>
   </div>
   <div class='ocr_carea' id='block_1_94' title="bbox 255 5488 1831 5558">
    <p class='ocr_par' dir='ltr' id='par_1_94' title="bbox 255 5488 1831 5558">
     <span class='ocr_line' id='line_1_94' title="bbox 255 5488 1831 5558; baseline 0.003 -17"><span class='ocrx_word' id='word_1_853' title='bbox 255 5489 514 5558; x_wconf 79' lang='lat' dir='ltr'><strong>codicibus</strong></span> <span class='ocrx_word' id='word_1_854' title='bbox 539 5490 644 5558; x_wconf 88' lang='lat' dir='ltr'><strong>legi</strong></span> <span class='ocrx_word' id='word_1_855' title='bbox 666 5488 923 5542; x_wconf 83' lang='lat' dir='ltr'><strong>admonet</strong></span> <span class='ocrx_word' id='word_1_856' title='bbox 947 5488 1060 5543; x_wconf 83' lang='lat' dir='ltr'><strong>Nic.</strong></span> <span class='ocrx_word' id='word_1_857' title='bbox 1093 5488 1344 5558; x_wconf 78' lang='lat' dir='ltr'><strong>Heinsius</strong></span> <span class='ocrx_word' id='word_1_858' title='bbox 1373 5490 1424 5543; x_wconf 91' lang='lat' dir='ltr'><strong>in</strong></span> <span class='ocrx_word' id='word_1_859' title='bbox 1455 5490 1598 5544; x_wconf 91' lang='lat' dir='ltr'><strong>notis</strong></span> <span class='ocrx_word' id='word_1_860' title='bbox 1624 5508 1638 5556; x_wconf 92' lang='lat'><strong>;</strong></span> <span class='ocrx_word' id='word_1_861' title='bbox 1669 5499 1725 5545; x_wconf 92' lang='lat' dir='ltr'><strong>et</strong></span> <span class='ocrx_word' id='word_1_862' title='bbox 1751 5492 1831 5546; x_wconf 87' lang='lat' dir='ltr'><strong>sic</strong></span> 
     </span>
    </p>
   </div>
   <div class='ocr_carea' id='block_1_95' title="bbox 256 5556 1822 5623">
    <p class='ocr_par' dir='ltr' id='par_1_95' title="bbox 256 5556 1822 5623">
     <span class='ocr_line' id='line_1_95' title="bbox 256 5556 1822 5623; baseline 0.004 -16"><span class='ocrx_word' id='word_1_863' title='bbox 256 5556 367 5623; x_wconf 75' lang='lat' dir='ltr'><strong>legit</strong></span> <span class='ocrx_word' id='word_1_864' title='bbox 401 5556 652 5613; x_wconf 82' lang='lat' dir='ltr'><strong>Paulinus</strong></span> <span class='ocrx_word' id='word_1_865' title='bbox 680 5567 866 5612; x_wconf 89' lang='lat' dir='ltr'><strong>noster</strong></span> <span class='ocrx_word' id='word_1_866' title='bbox 893 5574 1060 5612; x_wconf 89' lang='lat' dir='ltr'><strong>carm.</strong></span> <span class='ocrx_word' id='word_1_867' title='bbox 1085 5556 1156 5611; x_wconf 82' lang='grc'><strong>’52</strong></span> <span class='ocrx_word' id='word_1_868' title='bbox 1183 5557 1250 5612; x_wconf 90' lang='lat' dir='ltr'><strong>de</strong></span> <span class='ocrx_word' id='word_1_869' title='bbox 1271 5560 1422 5614; x_wconf 90' lang='lat' dir='ltr'><strong>obitu</strong></span> <span class='ocrx_word' id='word_1_870' title='bbox 1448 5560 1589 5615; x_wconf 89' lang='lat' dir='ltr'><strong>Celsi</strong></span> <span class='ocrx_word' id='word_1_871' title='bbox 1616 5598 1631 5622; x_wconf 89' lang='lat'><strong>,</strong></span> <span class='ocrx_word' id='word_1_872' title='bbox 1682 5577 1822 5614; x_wconf 88' lang='lat' dir='ltr'><strong>vers.</strong></span> 
     </span>
    </p>
   </div>
   <div class='ocr_carea' id='block_1_96' title="bbox 255 5624 1826 5707">
    <p class='ocr_par' dir='ltr' id='par_1_96' title="bbox 255 5624 1826 5707">
     <span class='ocr_line' id='line_1_96' title="bbox 255 5624 1826 5707; baseline 0.005 -29"><span class='ocrx_word' id='word_1_873' title='bbox 416 5627 473 5681; x_wconf 89' lang='lat' dir='ltr'><strong>In</strong></span> <span class='ocrx_word' id='word_1_874' title='bbox 503 5627 902 5707; x_wconf 76' lang='lat' dir='ltr'><strong>Cr.eco_tatneti</strong></span> <span class='ocrx_word' id='word_1_875' title='bbox 923 5636 1083 5707; x_wconf 68' lang='lat' dir='ltr'><strong>textu</strong></span> <span class='ocrx_word' id='word_1_876' title='bbox 1104 5627 1329 5695; x_wconf 89' lang='lat' dir='ltr'><strong>legimus</strong></span> <span class='ocrx_word' id='word_1_877' title='bbox 1355 5633 1591 5707; x_wconf 74' lang='grc' dir='ltr'><strong>Λάζαρος</strong></span> <span class='ocrx_word' id='word_1_878' title='bbox 1616 5673 1630 5699; x_wconf 90' lang='grc'><strong>,</strong></span> <span class='ocrx_word' id='word_1_879' title='bbox 1682 5638 1735 5685; x_wconf 91' lang='lat' dir='ltr'><strong>et</strong></span> <span class='ocrx_word' id='word_1_880' title='bbox 1776 5632 1826 5686; x_wconf 93' lang='lat' dir='ltr'><strong>in</strong></span> 
     </span>
    </p>
   </div>
   <div class='ocr_carea' id='block_1_97' title="bbox 257 5692 1167 5764">
    <p class='ocr_par' dir='ltr' id='par_1_97' title="bbox 257 5692 1167 5764">
     <span class='ocr_line' id='line_1_97' title="bbox 257 5692 1167 5764; baseline 0.001 -17"><span class='ocrx_word' id='word_1_881' title='bbox 257 5692 469 5764; x_wconf 69' lang='lat' dir='ltr'><strong>Vulgata</strong></span> <span class='ocrx_word' id='word_1_882' title='bbox 494 5708 551 5752; x_wconf 92' lang='lat' dir='ltr'><strong>et</strong></span> <span class='ocrx_word' id='word_1_883' title='bbox 576 5714 676 5754; x_wconf 87' lang='lat' dir='ltr'><strong>ms.</strong></span> <span class='ocrx_word' id='word_1_884' title='bbox 709 5698 878 5751; x_wconf 81' lang='lat' dir='ltr'><strong>Vatic.</strong></span> <span class='ocrx_word' id='word_1_885' title='bbox 913 5692 1167 5751; x_wconf 76' lang='lat' dir='ltr'><strong>Lazarus.</strong></span> 
     </span>
    </p>
   </div>
   <div class='ocr_carea' id='block_1_98' title="bbox 1889 4921 2019 4958">
    <p class='ocr_par' dir='ltr' id='par_1_98' title="bbox 1889 4921 2019 4958">
     <span class='ocr_line' id='line_1_98' title="bbox 1889 4921 2019 4958; baseline 0 0"><span class='ocrx_word' id='word_1_886' title='bbox 1889 4921 1902 4958; x_wconf 91' lang='lat' dir='ltr'><strong>i</strong></span> <span class='ocrx_word' id='word_1_887' title='bbox 1939 4921 2019 4958; x_wconf 54' lang='lat' dir='ltr'><strong>De-</strong></span> 
     </span>
    </p>
   </div>
   <div class='ocr_carea' id='block_1_99' title="bbox 256 4919 1831 5055">
    <p class='ocr_par' dir='ltr' id='par_1_99' title="bbox 256 4919 1824 5055">
     <span class='ocr_line' id='line_1_99' title="bbox 256 4919 1803 4983; baseline 0.003 -15"><span class='ocrx_word' id='word_1_888' title='bbox 256 4926 275 4959; x_wconf 70' lang='grc' dir='ltr'><strong>ε</strong></span> <span class='ocrx_word' id='word_1_889' title='bbox 299 4919 478 4968; x_wconf 71' lang='lat' dir='ltr'><strong>Matth.</strong></span> <span class='ocrx_word' id='word_1_890' title='bbox 510 4932 565 4981; x_wconf 90' lang='lat' dir='ltr'><strong>v,</strong></span> <span class='ocrx_word' id='word_1_891' title='bbox 592 4919 646 4968; x_wconf 77' lang='lat'><strong>3.</strong></span> <span class='ocrx_word' id='word_1_892' title='bbox 727 4919 749 4950; x_wconf 78' lang='grc' dir='ltr'>δ</span> <span class='ocrx_word' id='word_1_893' title='bbox 780 4919 937 4970; x_wconf 90' lang='lat' dir='ltr'><strong>Prov.</strong></span> <span class='ocrx_word' id='word_1_894' title='bbox 971 4934 1113 4979; x_wconf 62' lang='grc' dir='ltr'><strong>ιιι-ιιι,</strong></span> <span class='ocrx_word' id='word_1_895' title='bbox 1148 4919 1234 4983; x_wconf 89' lang='grc'><strong>11,</strong></span> <span class='ocrx_word' id='word_1_896' title='bbox 1268 4934 1333 4971; x_wconf 81' lang='lat' dir='ltr'><strong>ex</strong></span> <span class='ocrx_word' id='word_1_897' title='bbox 1360 4920 1605 4973; x_wconf 84' lang='lat' dir='ltr'><strong>versione</strong></span> <span class='ocrx_word' id='word_1_898' title='bbox 1647 4919 1803 4973; x_wconf 80' lang='lat' dir='ltr'><strong>LXX.</strong></span> 
     </span>
     <span class='ocr_line' id='line_1_100' title="bbox 256 4984 1824 5055; baseline 0.006 -20"><span class='ocrx_word' id='word_1_899' title='bbox 256 5001 345 5055; x_wconf 62' lang='lat' dir='ltr'><strong>in,</strong></span> <span class='ocrx_word' id='word_1_900' title='bbox 376 4986 458 5055; x_wconf 87' lang='lat' dir='ltr'><strong>l9.</strong></span> <span class='ocrx_word' id='word_1_901' title='bbox 529 4996 566 5020; x_wconf 73' lang='grc' dir='ltr'><strong>ιιι</strong></span> <span class='ocrx_word' id='word_1_902' title='bbox 594 4984 781 5055; x_wconf 81' lang='lat' dir='ltr'><strong>Matth.</strong></span> <span class='ocrx_word' id='word_1_903' title='bbox 808 5002 929 5055; x_wconf 25' lang='lat' dir='ltr'><strong>Axrx,</strong></span> <span class='ocrx_word' id='word_1_904' title='bbox 980 4986 1084 5051; x_wconf 68' lang='lat'><strong>2&#39;2;</strong></span> <span class='ocrx_word' id='word_1_905' title='bbox 1114 4986 1276 5042; x_wconf 82' lang='lat' dir='ltr'><strong>Marc.</strong></span> <span class='ocrx_word' id='word_1_906' title='bbox 1312 5004 1345 5041; x_wconf 70' lang='grc' dir='ltr'>χ</span> <span class='ocrx_word' id='word_1_907' title='bbox 1369 5027 1383 5045; x_wconf 86' lang='grc'><strong>,</strong></span> <span class='ocrx_word' id='word_1_908' title='bbox 1431 4987 1500 5040; x_wconf 74' lang='grc'><strong>22</strong></span> <span class='ocrx_word' id='word_1_909' title='bbox 1528 5006 1541 5054; x_wconf 91' lang='grc'><strong>;</strong></span> <span class='ocrx_word' id='word_1_910' title='bbox 1577 4989 1703 5044; x_wconf 88' lang='lat' dir='ltr'><strong>an.</strong></span> <span class='ocrx_word' id='word_1_911' title='bbox 1738 5008 1824 5046; x_wconf 73' lang='lat' dir='ltr'><strong>xvr</strong></span> 
     </span>
    </p>
   </div>
   <div class='ocr_carea' id='block_1_100' title="bbox 1947 4919 2287 5055">
    <p class='ocr_par' dir='ltr' id='par_1_100' title="bbox 1947 4919 2287 5047">
     <span class='ocr_line' id='line_1_101' title="bbox 1947 4919 2287 4982; baseline -0.006 -9"><span class='ocrx_word' id='word_1_912' title='bbox 1947 4920 2079 4977; x_wconf 75' lang='lat' dir='ltr'><strong>[’sal.</strong></span> <span class='ocrx_word' id='word_1_913' title='bbox 2116 4937 2200 4982; x_wconf 64' lang='lat' dir='ltr'><strong>av,</strong></span> <span class='ocrx_word' id='word_1_914' title='bbox 2236 4919 2287 4972; x_wconf 77' lang='grc'><strong>4.</strong></span> 
     </span>
     <span class='ocr_line' id='line_1_102' title="bbox 1947 4990 2285 5047; baseline -0.015 0"><span class='ocrx_word' id='word_1_915' title='bbox 1947 4992 2029 5047; x_wconf 64' lang='grc'><strong>25.</strong></span> <span class='ocrx_word' id='word_1_916' title='bbox 2105 5004 2130 5029; x_wconf 75' lang='grc' dir='ltr'><strong>ιι</strong></span> <span class='ocrx_word' id='word_1_917' title='bbox 2177 4990 2285 5043; x_wconf 78' lang='lat' dir='ltr'><strong>Mat</strong></span> 
     </span>
    </p>
   </div>
   <div class='ocr_carea' id='block_1_101' title="bbox 1774 5060 2333 5126">
    <p class='ocr_par' dir='ltr' id='par_1_101' title="bbox 1774 5060 2333 5126">
     <span class='ocr_line' id='line_1_103' title="bbox 1774 5060 2333 5126; baseline 0.004 -12"><span class='ocrx_word' id='word_1_918' title='bbox 1774 5071 1801 5110; x_wconf 84' lang='lat' dir='ltr'>P</span> <span class='ocrx_word' id='word_1_919' title='bbox 1828 5061 1966 5117; x_wconf 83' lang='lat' dir='ltr'><strong>Psal.</strong></span> <span class='ocrx_word' id='word_1_920' title='bbox 2004 5081 2164 5121; x_wconf 76' lang='lat' dir='ltr'><strong>vam</strong></span> <span class='ocrx_word' id='word_1_921' title='bbox 2192 5102 2206 5126; x_wconf 88' lang='lat'><strong>,</strong></span> <span class='ocrx_word' id='word_1_922' title='bbox 2244 5060 2333 5116; x_wconf 72' lang='grc'><strong>29.</strong></span> 
     </span>
    </p>
   </div>
   <div class='ocr_carea' id='block_1_102' title="bbox 2371 4921 3518 4990">
    <p class='ocr_par' dir='ltr' id='par_1_102' title="bbox 2371 4921 3518 4990">
     <span class='ocr_line' id='line_1_104' title="bbox 2371 4921 3518 4990; baseline 0.01 -21"><span class='ocrx_word' id='word_1_923' title='bbox 2371 4922 2384 4969; x_wconf 84' lang='lat' dir='ltr'><strong>i</strong></span> <span class='ocrx_word' id='word_1_924' title='bbox 2424 4921 2579 4974; x_wconf 85' lang='lat' dir='ltr'><strong>Cant.</strong></span> <span class='ocrx_word' id='word_1_925' title='bbox 2609 4938 2643 4985; x_wconf 91' lang='grc' dir='ltr'><strong>ι,</strong></span> <span class='ocrx_word' id='word_1_926' title='bbox 2674 4922 2722 4973; x_wconf 91' lang='grc'><strong>1.</strong></span> <span class='ocrx_word' id='word_1_927' title='bbox 2803 4922 2825 4958; x_wconf 76' lang='grc' dir='ltr'><strong>¹ί</strong></span> <span class='ocrx_word' id='word_1_928' title='bbox 2859 4925 2984 4976; x_wconf 86' lang='lat' dir='ltr'><strong>Luc.</strong></span> <span class='ocrx_word' id='word_1_929' title='bbox 3018 4941 3122 4990; x_wconf 78' lang='lat' dir='ltr'><strong>xu,</strong></span> <span class='ocrx_word' id='word_1_930' title='bbox 3162 4925 3250 4978; x_wconf 81' lang='grc'><strong>21).</strong></span> <span class='ocrx_word' id='word_1_931' title='bbox 3334 4924 3351 4964; x_wconf 78' lang='grc' dir='ltr'>ι</span> <span class='ocrx_word' id='word_1_932' title='bbox 3389 4926 3518 4981; x_wconf 87' lang='lat' dir='ltr'><strong>Luc.</strong></span> 
     </span>
    </p>
   </div>
   <div class='ocr_carea' id='block_1_103' title="bbox 2105 4990 3517 5060">
    <p class='ocr_par' dir='ltr' id='par_1_103' title="bbox 2105 4990 3517 5060">
     <span class='ocr_line' id='line_1_105' title="bbox 2105 4990 3517 5060; baseline 0.004 -17"><span class='ocrx_word' id='word_1_933' title='bbox 2105 5004 2130 5029; x_wconf 77' lang='grc' dir='ltr'><strong>ιι</strong></span> <span class='ocrx_word' id='word_1_934' title='bbox 2177 4990 2368 5046; x_wconf 85' lang='lat' dir='ltr'><strong>Matth.</strong></span> <span class='ocrx_word' id='word_1_935' title='bbox 2418 5007 2492 5058; x_wconf 85' lang='lat' dir='ltr'><strong>vt,</strong></span> <span class='ocrx_word' id='word_1_936' title='bbox 2534 4991 2629 5057; x_wconf 75' lang='lat' dir='ltr'><strong>i9;</strong></span> <span class='ocrx_word' id='word_1_937' title='bbox 2677 4990 2816 5045; x_wconf 72' lang='lat' dir='ltr'><strong>Psal.</strong></span> <span class='ocrx_word' id='word_1_938' title='bbox 2866 5009 3087 5057; x_wconf 77' lang='lat' dir='ltr'><strong>xxxvtu,</strong></span> <span class='ocrx_word' id='word_1_939' title='bbox 3132 4996 3195 5059; x_wconf 83' lang='lat'><strong>7;</strong></span> <span class='ocrx_word' id='word_1_940' title='bbox 3240 4995 3417 5051; x_wconf 80' lang='lat' dir='ltr'><strong>Eccle.</strong></span> <span class='ocrx_word' id='word_1_941' title='bbox 3453 5014 3517 5060; x_wconf 84' lang='lat' dir='ltr'><strong>tl,</strong></span> 
     </span>
    </p>
   </div>
   <div class='ocr_carea' id='block_1_104' title="bbox 2425 5059 3518 5133">
    <p class='ocr_par' dir='ltr' id='par_1_104' title="bbox 2425 5059 3518 5133">
     <span class='ocr_line' id='line_1_106' title="bbox 2425 5059 3518 5133; baseline 0.005 -19"><span class='ocrx_word' id='word_1_942' title='bbox 2425 5072 2453 5111; x_wconf 75' lang='grc' dir='ltr'><strong>ει</strong></span> <span class='ocrx_word' id='word_1_943' title='bbox 2493 5060 2628 5116; x_wconf 87' lang='lat' dir='ltr'><strong>Cen.</strong></span> <span class='ocrx_word' id='word_1_944' title='bbox 2678 5078 2846 5128; x_wconf 81' lang='lat' dir='ltr'><strong>xvnt,</strong></span> <span class='ocrx_word' id='word_1_945' title='bbox 2886 5062 2959 5129; x_wconf 84' lang='lat'><strong>&#39;5,</strong></span> <span class='ocrx_word' id='word_1_946' title='bbox 3013 5074 3069 5119; x_wconf 90' lang='lat' dir='ltr'><strong>et</strong></span> <span class='ocrx_word' id='word_1_947' title='bbox 3115 5081 3226 5132; x_wconf 68' lang='lat' dir='ltr'><strong>XIX,</strong></span> <span class='ocrx_word' id='word_1_948' title='bbox 3277 5066 3345 5133; x_wconf 88' lang='grc'><strong>2;</strong></span> <span class='ocrx_word' id='word_1_949' title='bbox 3397 5059 3518 5120; x_wconf 82' lang='lat' dir='ltr'><strong>Job.</strong></span> 
     </span>
    </p>
   </div>
   <div class='ocr_carea' id='block_1_105' title="bbox 2001 5280 3518 5351">
    <p class='ocr_par' dir='ltr' id='par_1_105' title="bbox 2001 5280 3518 5351">
     <span class='ocr_line' id='line_1_107' title="bbox 2001 5280 3518 5351; baseline 0.005 -18"><span class='ocrx_word' id='word_1_950' title='bbox 2001 5282 2076 5351; x_wconf 84' lang='lat' dir='ltr'><strong>(b)</strong></span> <span class='ocrx_word' id='word_1_951' title='bbox 2105 5280 2182 5335; x_wconf 85' lang='lat' dir='ltr'><strong>ita</strong></span> <span class='ocrx_word' id='word_1_952' title='bbox 2207 5297 2309 5335; x_wconf 88' lang='lat' dir='ltr'><strong>ms.</strong></span> <span class='ocrx_word' id='word_1_953' title='bbox 2357 5282 2508 5336; x_wconf 77' lang='lat' dir='ltr'><strong>Vien.</strong></span> <span class='ocrx_word' id='word_1_954' title='bbox 2536 5290 2590 5337; x_wconf 92' lang='lat' dir='ltr'><strong>et</strong></span> <span class='ocrx_word' id='word_1_955' title='bbox 2611 5281 2740 5336; x_wconf 91' lang='lat' dir='ltr'><strong>edit.</strong></span> <span class='ocrx_word' id='word_1_956' title='bbox 2782 5282 2958 5337; x_wconf 80' lang='lat' dir='ltr'><strong>Chiftl.</strong></span> <span class='ocrx_word' id='word_1_957' title='bbox 3003 5284 3105 5338; x_wconf 85' lang='lat' dir='ltr'><strong>Alii</strong></span> <span class='ocrx_word' id='word_1_958' title='bbox 3135 5285 3348 5340; x_wconf 90' lang='lat' dir='ltr'><strong>codices</strong></span> <span class='ocrx_word' id='word_1_959' title='bbox 3372 5324 3386 5348; x_wconf 89' lang='lat'><strong>,</strong></span> <span class='ocrx_word' id='word_1_960' title='bbox 3430 5303 3518 5340; x_wconf 77' lang='lat' dir='ltr'><strong>sa-</strong></span> 
     </span>
    </p>
   </div>
   <div class='ocr_carea' id='block_1_106' title="bbox 1932 5352 2077 5405">
    <p class='ocr_par' dir='ltr' id='par_1_106' title="bbox 1932 5352 2077 5405">
     <span class='ocr_line' id='line_1_108' title="bbox 1932 5352 2077 5405; baseline 0 0"><span class='ocrx_word' id='word_1_961' title='bbox 1932 5352 2077 5405; x_wconf 84' lang='lat' dir='ltr'><strong>tiuri.</strong></span> 
     </span>
    </p>
   </div>
   <div class='ocr_carea' id='block_1_107' title="bbox 2005 5420 3517 5491">
    <p class='ocr_par' dir='ltr' id='par_1_107' title="bbox 2005 5420 3517 5491">
     <span class='ocr_line' id='line_1_109' title="bbox 2005 5420 3517 5491; baseline 0.003 -17"><span class='ocrx_word' id='word_1_962' title='bbox 2005 5423 2077 5491; x_wconf 88' lang='lat' dir='ltr'><strong>(c)</strong></span> <span class='ocrx_word' id='word_1_963' title='bbox 2114 5420 2194 5473; x_wconf 90' lang='lat' dir='ltr'><strong>lta</strong></span> <span class='ocrx_word' id='word_1_964' title='bbox 2229 5437 2359 5475; x_wconf 91' lang='lat' dir='ltr'><strong>mss.</strong></span> <span class='ocrx_word' id='word_1_965' title='bbox 2402 5420 2557 5475; x_wconf 80' lang='lat' dir='ltr'><strong>Vicn.</strong></span> <span class='ocrx_word' id='word_1_966' title='bbox 2606 5430 2661 5475; x_wconf 89' lang='lat' dir='ltr'><strong>et</strong></span> <span class='ocrx_word' id='word_1_967' title='bbox 2704 5421 2835 5489; x_wconf 82' lang='lat' dir='ltr'><strong>Reg.</strong></span> <span class='ocrx_word' id='word_1_968' title='bbox 2869 5438 2990 5476; x_wconf 90' lang='lat' dir='ltr'><strong>cum</strong></span> <span class='ocrx_word' id='word_1_969' title='bbox 3023 5424 3153 5478; x_wconf 83' lang='lat' dir='ltr'><strong>edit.</strong></span> <span class='ocrx_word' id='word_1_970' title='bbox 3186 5425 3359 5478; x_wconf 85' lang='lat' dir='ltr'><strong>Chiﬂl.</strong></span> <span class='ocrx_word' id='word_1_971' title='bbox 3396 5424 3517 5487; x_wconf 88' lang='lat' dir='ltr'><strong>Alii,</strong></span> 
     </span>
    </p>
   </div>
   <div class='ocr_carea' id='block_1_108' title="bbox 1933 5492 2365 5560">
    <p class='ocr_par' dir='ltr' id='par_1_108' title="bbox 1933 5492 2365 5560">
     <span class='ocr_line' id='line_1_110' title="bbox 1933 5492 2365 5560; baseline -0.007 -14"><span class='ocrx_word' id='word_1_972' title='bbox 1933 5492 2258 5560; x_wconf 66' lang='lat' dir='ltr'><strong>expastulabi</strong></span> <span class='ocrx_word' id='word_1_973' title='bbox 2265 5501 2365 5543; x_wconf 86' lang='lat' dir='ltr'><strong>tur.</strong></span> 
     </span>
    </p>
   </div>
   <div class='ocr_carea' id='block_1_109' title="bbox 2008 5559 3518 5629">
    <p class='ocr_par' dir='ltr' id='par_1_109' title="bbox 2008 5559 3518 5629">
     <span class='ocr_line' id='line_1_111' title="bbox 2008 5559 3518 5629; baseline 0.001 -16"><span class='ocrx_word' id='word_1_974' title='bbox 2008 5562 2085 5629; x_wconf 79' lang='grc' dir='ltr'><strong>(ά)</strong></span> <span class='ocrx_word' id='word_1_975' title='bbox 2133 5560 2225 5614; x_wconf 89' lang='lat' dir='ltr'><strong>Sic</strong></span> <span class='ocrx_word' id='word_1_976' title='bbox 2270 5576 2337 5614; x_wconf 80' lang='lat' dir='ltr'><strong>ex</strong></span> <span class='ocrx_word' id='word_1_977' title='bbox 2385 5575 2550 5629; x_wconf 86' lang='lat' dir='ltr'><strong>carm.</strong></span> <span class='ocrx_word' id='word_1_978' title='bbox 2593 5559 2646 5623; x_wconf 87' lang='lat'><strong>6,</strong></span> <span class='ocrx_word' id='word_1_979' title='bbox 2690 5576 2830 5615; x_wconf 89' lang='lat' dir='ltr'><strong>vers.</strong></span> <span class='ocrx_word' id='word_1_980' title='bbox 2872 5559 2963 5625; x_wconf 85' lang='grc'><strong>21,</strong></span> <span class='ocrx_word' id='word_1_981' title='bbox 3005 5571 3058 5616; x_wconf 90' lang='lat' dir='ltr'><strong>et</strong></span> <span class='ocrx_word' id='word_1_982' title='bbox 3087 5561 3174 5625; x_wconf 75' lang='lat'><strong>23,</strong></span> <span class='ocrx_word' id='word_1_983' title='bbox 3223 5577 3362 5615; x_wconf 88' lang='lat' dir='ltr'><strong>vers.</strong></span> <span class='ocrx_word' id='word_1_984' title='bbox 3394 5562 3518 5629; x_wconf 73' lang='lat'><strong>503,</strong></span> 
     </span>
    </p>
   </div>
   <div class='ocr_carea' id='block_1_110' title="bbox 1936 5628 3517 5699">
    <p class='ocr_par' dir='ltr' id='par_1_110' title="bbox 1936 5628 3517 5699">
     <span class='ocr_line' id='line_1_112' title="bbox 1936 5628 3517 5699; baseline 0.002 -16"><span class='ocrx_word' id='word_1_985' title='bbox 1936 5628 2359 5693; x_wconf 77' lang='lat' dir='ltr'><strong>emendavimus,</strong></span> <span class='ocrx_word' id='word_1_986' title='bbox 2402 5628 2792 5699; x_wconf 86' lang='lat' dir='ltr'><strong>refragantibus</strong></span> <span class='ocrx_word' id='word_1_987' title='bbox 2830 5637 3007 5684; x_wconf 88' lang='lat' dir='ltr'><strong>tamen</strong></span> <span class='ocrx_word' id='word_1_988' title='bbox 3048 5632 3294 5684; x_wconf 87' lang='lat' dir='ltr'><strong>otnnibus</strong></span> <span class='ocrx_word' id='word_1_989' title='bbox 3322 5628 3517 5685; x_wconf 53' lang='lat' dir='ltr'><strong>codici;</strong></span> 
     </span>
    </p>
   </div>
   <div class='ocr_carea' id='block_1_111' title="bbox 1937 5700 3515 5771">
    <p class='ocr_par' dir='ltr' id='par_1_111' title="bbox 1937 5700 3515 5771">
     <span class='ocr_line' id='line_1_113' title="bbox 1937 5700 3515 5771; baseline 0.002 -15"><span class='ocrx_word' id='word_1_990' title='bbox 1937 5702 2057 5767; x_wconf 88' lang='lat' dir='ltr'><strong>bus,</strong></span> <span class='ocrx_word' id='word_1_991' title='bbox 2087 5700 2138 5754; x_wconf 91' lang='lat' dir='ltr'><strong>in</strong></span> <span class='ocrx_word' id='word_1_992' title='bbox 2169 5701 2366 5771; x_wconf 87' lang='lat' dir='ltr'><strong>quibus</strong></span> <span class='ocrx_word' id='word_1_993' title='bbox 2393 5700 2539 5756; x_wconf 91' lang='lat' dir='ltr'><strong>nullo</strong></span> <span class='ocrx_word' id='word_1_994' title='bbox 2568 5716 2749 5765; x_wconf 86' lang='lat' dir='ltr'><strong>sensu,</strong></span> <span class='ocrx_word' id='word_1_995' title='bbox 2783 5707 2839 5753; x_wconf 91' lang='lat' dir='ltr'><strong>ut</strong></span> <span class='ocrx_word' id='word_1_996' title='bbox 2866 5700 2994 5754; x_wconf 89' lang='lat' dir='ltr'><strong>mihi</strong></span> <span class='ocrx_word' id='word_1_997' title='bbox 3020 5700 3247 5765; x_wconf 86' lang='lat' dir='ltr'><strong>videtur,</strong></span> <span class='ocrx_word' id='word_1_998' title='bbox 3281 5705 3515 5759; x_wconf 64' lang='lat' dir='ltr'><strong>terrenis.</strong></span> 
     </span>
    </p>
   </div>
  </div>
