3966 6184
489 289 589 344 219

1616 278 1671 331 S.
1712 274 1986 329 PAULlNl
2023 271 2272 329 NOLAN]
2311 270 2612 329 EPISCOPI

3669 268 3780 329 Si!)

490 409 755 454 tartareus
783 402 1084 452 contemtor
1114 391 1353 446 Eleazari
1382 389 1531 442 dives
1556 388 1947 458 praetermissus
1967 392 2071 450 est,
2104 386 2147 443 A
2178 393 2424 438 wternam
2465 383 2746 455 possidebit
2775 380 2824 438 ιι.
2875 381 3047 452 llujus
3085 385 3287 438 mentis
3336 382 3594 453 perfcctio
3617 426 3633 448 ,
3691 386 3780 442 vel

491 490 637 543 illum
667 488 735 541 ab
770 484 1065 539 Arimathia
1094 480 1292 551 Joseph
1327 490 1352 517 ⁸
1392 487 1613 533 (iw-tem
1643 478 1907 532 nominari
1932 477 2082 531 vide-

491 596 630 634 mus.
666 576 855 631 Beatus
884 576 1025 629 enim
1043 582 1144 639 est,
1171 573 1350 644 quia”
1375 570 1682 639 specialiter
1710 568 1962 622 intellexit
1988 584 2079 621 su-

494 688 583 740 per
613 685 826 739 egenum
854 676 904 719 et
927 681 1204 735 pauperem
1235 664 1258 700 δ
1282 702 1296 725 ,
1339 664 1428 732 pio
1458 661 1655 715 Christi
1695 675 1891 729 corpus
1920 659 2081 714 obse-

496 761 622 829 quio
655 758 749 828 (V.
794 774 882 827 ep.
925 756 1022 819 26,
1068 772 1123 809 n.
1159 754 1215 822 2)
1247 762 1558 810 muneratus
1591 764 1612 791 ο
1641 792 1655 815 ,
1698 769 1797 808 nec
1846 751 2082 821 judicem

499 870 600 923 pro
634 853 825 921 injuria
855 850 1110 905 dominici
1139 848 1383 917 corporis
1414 846 1757 915 interpellare
1780 845 2001 909 veritus,
2032 851 2088 897 et

502 944 591 1012 pio
622 951 799 996 sumtu
842 940 1066 1010 pretiosi
1104 940 1381 993 velaminis
1418 946 1473 993 et
1508 939 1739 1008 sepulcri
1773 937 1897 991 novi
1938 936 2089 990 dives

505 1034 558 1086 in
587 1034 693 1102 73
725 1032 943 1103 Domini
980 1031 1271 1100 sepultura.
1324 1029 1417 1083 His
1449 1037 1500 1083 te
1526 1030 1720 1098 pagina
1765 1036 1952 1082 sancta
2000 1041 2092 1080 no-

505 1123 737 1177 minibus
756 1122 1046 1185 adscribet,
1072 1130 1126 1175 et
1151 1121 1200 1174 in
1219 1120 1401 1174 talium
1419 1121 1462 1151 ²⁶
1485 1119 1708 1172 divitum
1730 1128 1877 1172 sorte
1900 1131 2091 1171 nume-

511 1212 754 1273 raberis,
806 1227 1033 1280 quorum
1076 1226 1207 1280 opes
1243 1226 1423 1279 aequas
1456 1221 1510 1263 et
1550 1210 1749 1263 animo.
1791 1208 1907 1262 Non
1949 1207 2092 1261 enim

508 1303 607 1357 sibi
632 1302 892 1355 habentes
922 1301 1190 1355 habebant
1212 1341 1227 1361 ,
1277 1300 1373 1354 sed
1402 1317 1549 1354 nemo
1582 1300 1858 1370 quidquam
1894 1298 2095 1351 dicebat

509 1411 679 1459 suum,
705 1402 759 1447 et
788 1393 1006 1446 humani
1030 1392 1157 1445 nihil
1188 1408 1217 1444 a
1245 1407 1305 1445 se
1334 1391 1567 1445 alienum
1596 1391 1853 1460 putabant
1882 1406 1893 1440 :
1928 1396 1984 1441 ut
2006 1388 2094 1441 illa

510 1484 782 1552 quondam
816 1485 1067 1552 princeps
1108 1482 1229 1537 ﬁdei
1260 1483 1565 1548 multitudo,
1596 1484 1676 1535 cui
1698 1498 1859 1534 unum
1886 1497 2007 1547 cor,
2046 1489 2096 1533 et

511 1575 688 1627 anima
710 1592 835 1638 una,
865 1584 913 1627 et
931 1576 1105 1627 omnia
1135 1575 1421 1627 communia
1450 1582 1598 1626 erant
1621 1571 1672 1625 ἀ.
1704 1572 1768 1626 Ει
1791 1572 1910 1626 vide
1933 1573 2099 1625 ratio-

516 1679 681 1729 nem;
738 1663 891 1718 facile
913 1662 1179 1732 judicabis
1221 1664 1526 1734 parricidali
1556 1664 1783 1718 crimine
1822 1663 2097 1718 contemni

2184 476 2337 530 istius
2366 475 2712 545 perfectionis
2737 490 2908 542 mens,
2928 476 3039 543 jam
3066 476 3134 529 ab
3161 475 3375 543 origine
3390 476 3553 529 seculi
3571 475 3783 543 justum

2184 566 2285 621 Lot
2326 568 2393 620 ab
2440 567 2531 620 illo
2563 568 2631 637 (f)
2681 565 3094 634 Pentapolitano
3134 564 3385 619 incendio
3434 565 3685 619 liberavit
3722 572 3778 631 ι,

2184 659 2487 726 meruitque
2516 657 2589 728 (g)
2619 673 2717 727 pro
2741 656 2993 726 hospitali
3039 655 3203 709 domo
3232 664 3401 709 totam
3456 656 3507 709 in
3556 657 3785 711 domum

2187 750 2371 803 urbem
2402 764 2625 803 munere
2652 747 2749 803 Dei
2771 749 2992 815 sortitus
3020 748 3303 817 accipere;
3354 748 3478 815 quia
3521 749 3639 816 ille,
3672 747 3787 818 'qui

2190 844 2242 897 in
2271 843 2472 897 incesta
2505 852 2561 897 ct
2609 843 2771 912 impia
2813 842 3028 897 civitate
3057 842 3204 895 solus
3225 850 3280 895 et
3310 842 3429 911 pius
3461 842 3634 895 fuerat
3660 880 3677 904 ,
3733 849 3788 895 et

2190 934 2417 1004 pudicus
2440 974 2453 998 ,
2507 935 2675 1003 ipsam
2716 948 2976 1002 superans
3004 934 3045 962 ³⁸
3076 932 3363 986 sanctitate
3393 932 3653 1001 pietatem
3688 931 3785 1001 (V.

2191 1024 2433 1093 n01.45),
2460 1042 2566 1078 non
2596 1024 2877 1085 dubitavit,
2907 1029 3164 1091 quantum
3188 1022 3239 1075 in
3263 1022 3380 1090 ipso
3403 1020 3518 1084 fuit,
3552 1023 3661 1092 79
3684 1037 3789 1091 pu-

2191 1118 2372 1172 dicitia
2404 1117 2628 1171 ﬁliarum
2672 1116 2936 1170 redimere
2980 1116 3250 1184 ltuSpitum
3294 1115 3623 1169 castitatem.
3684 1113 3788 1167 Job

2194 1224 2345 1274 vero,
2401 1209 2488 1263 ille
2517 1208 2728 1263 Domini
2762 1209 2883 1277 igne
2912 1207 3276 1260 examinatum
3320 1213 3601 1273 argentum
3624 1246 3641 1268 ,
3735 1224 3793 1264 se

2195 1315 2411 1369 semper
2438 1300 2652 1353 oculum
2675 1314 2957 1361 cmoorum,
2990 1305 3045 1349 et
3066 1296 3257 1366 pedem
3280 1296 3593 1350 claudorum
3622 1295 3793 1349 fuisse

2200 1398 2428 1445 testatur
2455 1389 2501 1453 i,
2536 1389 2836 1457 horumque
2862 1404 3084 1457 Operum
3116 1390 3167 1443 in
3199 1391 3316 1458 ipso
3344 1390 3660 1444 tentationis
3681 1405 3791 1443 sua:

2198 1480 2494 1534 certamine
2522 1479 2823 1534 mercedem
2852 1481 3117 1548 reposcit,
3161 1488 3215 1533 et
3244 1481 3458 1549 recipit.
3513 1479 3796 1550 Spoliatur

2200 1571 2393 1641 opibus
2432 1570 2780 1640 patrimonii,
2826 1587 2933 1625 non
2980 1572 3181 1637 animi;
3252 1572 3346 1627 scd
3387 1572 3797 1627 invulnerabilis

2202 1664 2397 1731 corde,
2430 1664 2508 1733 (Ιι)
2539 1679 2605 1717 ne
2634 1663 2787 1717 labiis
2808 1663 3026 1731 quidem
3053 1674 3239 1732 peccat
3263 1662 3284 1700 ⁸
3306 1703 3322 1727 ,
3353 1663 3585 1718 nudatus
3613 1664 3797 1718 ambi-

519 1770 785 1823 pauperes
815 1763 1001 1808 nostro
1030 1754 1280 1819 arbitrio,
1318 1769 1455 1823 quos
1484 1754 1630 1807 nullo
1673 1754 1915 1807 videmus
1943 1769 1974 1806 a
2003 1769 2101 1807 no-
2134 1756 2179 1816 Β
2206 1755 2351 1809 tione
2394 1755 2709 1810 substantia:
2732 1793 2748 1814 .
2816 1755 2909 1810 sed
2951 1764 3189 1809 armatus
3235 1756 3433 1810 virtute
3475 1756 3795 1825 patientize:

519 1846 603 1901 bis
632 1846 727 1901 Dei
756 1861 922 1915 Opere
950 1845 1233 1900 discretos.
1279 1845 1561 1911 Quomodo
1590 1848 1732 1899 enim
1756 1845 1832 1916 (a)
1861 1844 2103 1899 excludi-

519 1956 640 1994 mus
665 1955 695 1993 a
724 1940 924 1994 nostris
945 1939 1168 1994 modicis
1196 1940 1638 2004 habitationibus,
1669 1956 1807 2010 quos
1834 1940 1975 1994 Deus
1997 1956 2104 1994 una

516 2028 794 2083 nobiscum
816 2029 970 2086 istius
1000 2029 1183 2083 mundi
1208 2028 1282 2101 (b)
1305 2031 1572 2085 conclusit
1590 2030 1796 2085 domo?
1824 2031 2105 2096 Quomodo

521 2123 595 2193 (c)
625 2124 975 2193 dedignamur
1000 2133 1227 2178 terrenae
1256 2125 1621 2193 possessionis
1651 2141 1749 2177 usu
1773 2123 1949 2177 facere
1983 2139 2107 2192 par-

518 2214 729 2282 ticipes,
761 2228 897 2281 quos
918 2220 973 2266 et
991 2212 1068 2280 (d)
1102 2212 1253 2265 inviti
1275 2213 1468 2267 divina:
1496 2214 1719 2280 originis
1747 2215 1952 2266 unitate
1973 2230 2108 2267 con-

528 2311 702 2357 sortes
731 2302 1036 2357 habemus?
1067 2300 1181 2355 lloc
1210 2309 1400 2355 teneas
1428 2301 1732 2367 Abraham,
1762 2302 1966 2357 amicus
1995 2302 2108 2357 Deo

498 2389 695 2445 ‘factus
724 2399 806 2443 est
831 2408 843 2442 :
877 2390 981 2445 hoc
1009 2390 1302 2444 observans
1336 2389 1436 2445 Lot
1455 2432 1469 2455 ,
1502 2392 1672 2446 evasit
1698 2407 1728 2444 a
1758 2390 2008 2446 Sodomis
2040 2401 2064 2429 ε
2091 2408 2106 2445 ;

526 2484 631 2538 hoc
659 2490 895 2539 sectatus
914 2481 1036 2547 Job,
1074 2481 1141 2536 de
1162 2482 1353 2537 zabulo
1384 2484 1746 2552 triumphavit.

592 2572 679 2626 21.
714 2574 1030 2642 Aperiamus
1075 2581 1131 2626 et
1170 2589 1269 2627 nos
1298 2573 1565 2628 domicilia
1608 2583 1789 2629 nostra
1816 2574 2069 2632 fratribus
2095 2594 2139 2643 ;ι

527 2663 614 2717 vel
644 2663 895 2717 timentes
924 2663 1219 2733 periculum
1261 2664 1689 2733 supradictorum
1727 2668 1981 2736 exemplo
2011 2684 2110 2737 pa-

531 2766 703 2820 trum,
737 2770 804 2809 ne
830 2755 968 2809 forte
996 2756 1147 2823 quasi
1186 2756 1460 2810 hominem
1499 2757 1848 2812 excludentes
1871 2799 1884 2821 ,
1929 2766 1985 2812 et
2013 2775 2113 2813 an-

527 2848 705 2915 gelum
739 2847 1061 2916 repellamus
1087 2890 1100 2912 ,
1146 2847 1232 2901 vel
1262 2856 1543 2916 sperantes
1581 2849 1776 2902 mereri
1814 2858 1870 2903 et
1898 2850 2118 2917 angelos

529 2939 770 3008 hospites
792 2979 806 3003 ,
838 2938 967 2993 dum
1004 2940 1180 2994 omnis
1210 2939 1430 2995 advena:
1462 2942 1745 2995 transitum
1776 2949 1987 3010 promta
2016 2941 2117 2996 bu-

530 3032 793 3086 manitate
842 3033 1182 3102 suscipimus.
1260 3031 1424 3088 Pater
1470 3035 1615 3088 enim
1658 3034 1929 3089 Abraham
1991 3034 2117 3088 dum

2206 1846 2427 1901 orbatus
2444 1846 2671 1916 prole”,
2697 1862 2803 1901 non
2828 1846 3007 1900 cordis
3030 1846 3250 1913 lumine,
3273 1844 3412 1900 ﬁlios
3433 1846 3628 1901 mentis
3659 1840 3800 1915 sum,

2209 1938 2312 1992 hoc
2340 1945 2461 2005 est,
2486 1937 2708 2006 iustitiae
2732 1953 2895 2007 opera
2918 1938 3327 2007 complectitur,
3355 1938 3594 1993 clamans
3618 1956 3630 1991 :
3688 1937 3804 1991 Nu-

2213 2029 2310 2082 dus
2331 2030 2465 2083 exivi
2495 2030 2559 2082 de
2585 2039 2729 2083 utero
2760 2029 2943 2082 matris
2972 2045 3099 2083 mea!
3120 2069 3136 2095 ,
3184 2029 3353 2083 nudus
3376 2038 3575 2099 oportet
3603 2031 3661 2083 in
3694 2038 3804 2083 ter-

2208 2138 2324 2173 ram
2361 2131 2588 2174 reuertar
2622 2119 2664 2174 ι.
2734 2118 2885 2177 Nihil
2934 2121 3203 2174 intulimus
3249 2123 3304 2174 in
3349 2120 3483 2175 hunc
3530 2121 3803 2185 mundum,

2212 2225 2396 2264 verum
2420 2211 2628 2280 neque‘o
2661 2212 2867 2282 auferre
2891 2227 3159 2280 possumus
3180 2220 3241 2263 ω.
3267 2211 3373 2265 Sed
3388 2212 3512 2280 quia
3535 2211 3809 2280 spiritales

2146 2360 2159 2372 ν
2211 2316 2344 2369 opes
2373 2316 2478 2354 non
2508 2301 2801 2368 amiserat,
2848 2300 3171 2368 temporales
3209 2315 3425 2369 quoque.
3465 2301 3683 2354 divitias
3709 2317 3813 2370 pro

2213 2392 2487 2463 patientia:
2511 2393 2781 2462 triumpho
2812 2392 3020 2460 recepit
3043 2408 3056 2455 ;
3096 2399 3149 2445 et
3176 2392 3374 2446 ditatus
3401 2400 3485 2446 est
3513 2393 3575 2463 (i)
3614 2392 3808 2462 duplo,

2213 2487 2335 2555 quia
2368 2486 2627 2555 probatus
2665 2494 2721 2540 et
2758 2495 3015 2555 purgatus
3044 2494 3161 2540 erat
3190 2486 3439 2555 septuplo
3468 2495 3517 2539 ιι.
3563 2485 3809 2540 Labores

2214 2578 2357 2632 enim
2381 2617 2395 2640 ,
2428 2585 2486 2631 ut
2513 2578 2767 2646 scriptum
2798 2585 2876 2631 est
2911 2588 2933 2613 υ
2957 2618 2972 2642 ,
3022 2577 3089 2648 (j)
3136 2566 3528 2648 fructuule.
3564 2586 3684 2630 not.
3715 2576 3805 2646 44)

2215 2683 2435 2721 suorum
2465 2667 2880 2722 manducaverat
2903 2706 2918 2730 ,
2951 2667 3001 2719 in
3033 2667 3288 2735 operibus
3316 2667 3418 2736 piis
3446 2666 3803 2731 elaborando,

2217 2768 2273 2814 et
2302 2760 2501 2815 idcirco
2532 2760 2734 2814 fructus
2775 2759 3016 2812 laborum
3061 2773 3280 2812 suorum
3327 2757 3671 2811 manducavit
3698 2798 3713 2823 ,
3756 2759 3808 2811 in

2219 2854 2324 2907 hoc
2349 2851 2512 2905 etiam
2542 2851 2724 2905 seculo
2754 2850 2971 2919 praemia
3001 2866 3225 2918 operum
3246 2848 3572 2917 recipiendo.

2289 2942 2376 2996 εξ.
2409 2942 2543 2997 Cum
2564 2942 2648 2995 his
2674 2941 2925 2995 divitibus
2956 2940 3049 2993 tibi
3077 2956 3196 2994 sors
3220 2948 3321 3004 est,
3345 2940 3525 3007 quia“
3556 2939 3809 2993 eumdem

2222 3034 2390 3088 Deum
2435 3032 2741 3085 divitiarum
2803 3038 3016 3083 tuarum
3063 3044 3280 3084 causam
3333 3044 3453 3083 esse
3497 3029 3809 3095 meministi,

530 3124 846 3193 peregrinos
868 3126 1124 3193 suscepit,
1158 3127 1370 3195 excepit
1397 3134 1452 3180 et
1482 3127 1769 3181 Dominum
1796 3143 1916 3181 cum
1946 3142 2101 3196 ange-
2144 3118 2191 3180 C
2224 3124 2360 3177 liber
2405 3121 2643 3175 avaritia:
2668 3158 2683 3183 ,
2731 3121 2855 3189 quia
2903 3134 3089 3173 servus
3135 3118 3377 3187 justitize.
3424 3119 3611 3189 lniquo
3641 3134 3813 3173 mam-

538 3215 602 3268 lis
624 3215 895 3269 Christum
922 3233 936 3280 ;
969 3225 1025 3270 et
1045 3217 1096 3270 in
1122 3218 1373 3285 hospitali
1396 3218 1746 3274 tabernaculo
1768 3220 1937 3283 illum,
1962 3236 2121 3290 quem

536 3307 591 3358 in
622 3305 914 3373 Evangelio
944 3321 1127 3361 coram
1161 3307 1231 3377 (ε)
1268 3308 1321 3361 in
1350 3309 1644 3377 semetipso
1688 3309 1940 3364 Salvator
1966 3312 2123 3366 exhi-

537 3396 648 3461 bet,
671 3395 813 3449 diem
854 3396 985 3449 vidit
1011 3393 1055 3449 τ.
1100 3396 1410 3452 Sodomitas
1439 3399 1711 3467 hospitum
1739 3399 2014 3455 damnavit
2042 3403 2127 3456 in-

537 3482 704 3550 juria,
743 3493 799 3538 et
828 3484 929 3538 Lnt
957 3501 1024 3539 eo
1066 3487 1400 3555 potissinmm
1431 3489 1648 3544 liberari
1690 3492 1887 3545 meruit
1910 3492 2123 3560 affectu,

536 3574 683 3641 quod
708 3575 947 3645 hospites
976 3577 1208 3646 praetulit
1244 3577 1454 3633 ﬁliabus
1483 3588 1531 3632 κ.
1596 3580 1713 3634 Non
1765 3582 1856 3636 ille
1903 3582 2121 3653 impius,

538 3665 633 3719 sed
660 3666 896 3733 perfecte
918 3667 1037 3735 pius
1061 3685 1076 3733 ;
1111 3684 1216 3722 non
1246 3668 1388 3722 enim
1413 3669 1547 3723 tilias
1576 3669 1708 3725 viles
1736 3671 1996 3737 habebat,
2033 3673 2127 3741 qui

540 3755 665 3810 inde
694 3757 997 3811 mercedem
1028 3757 1245 3823 meruit,
1273 3758 1417 3827 quod
1446 3759 1633 3828 pietati
1658 3759 1964 3815 domestice
1992 3776 2129 3837 praef

542 3848 726 3902 tulerit
749 3847 1011 3917 justitiam
1042 3851 1305 3917 caritatis,
1330 3851 1433 3905 hoc
1455 3859 1568 3915 est,
1598 3852 1845 3907 timorem
1868 3852 1961 3906 Dei
1985 3869 2000 3918 ;
2028 3868 2126 3907 cu-

540 3942 626 4011 jus
655 3942 838 4010 utique
866 3952 1135 4011 praecepto
1164 3952 1221 3997 et
1253 3944 1444 4012 spiritu
1474 3945 1796 4014 recipiendis
1824 3946 2126 4015 hospitibus

542 4032 811 4086 serviebat
835 4050 847 4084 :
880 4047 942 4086 ac
971 4033 1194 4100 perinde
1217 4033 1327 4100 jam
1351 4042 1478 4088 tunc
1506 4034 1799 4102 perlectum
1834 4035 1952 4093 ﬁdei
1976 4057 2128 4096 mens

545 4123 633 4176 illa
655 4123 965 4193 complevit,
987 4138 1095 4192 quo
1118 4124 1314 4178 dicitur
1335 4124 1521 4179 nobis:
1557 4121 1740 4179 Omnis
1759 4129 1845 4197 qui
1866 4129 2128 4201 reliquerit

546 4212 736 4279 fratres
755 4252 771 4278 ,
804 4219 852 4264 et
874 4228 1106 4275 sorores,
1152 4221 1241 4265 aut
1267 4221 1514 4278 matrem,
1549 4223 1639 4266 aut
1662 4216 1833 4284 ﬁlios,
1864 4220 1941 4272 vel
1967 4221 2129 4290 ﬁlias,

546 4311 755 4372 propter
782 4319 964 4356 nomen
994 4320 1161 4357 meum
1179 4343 1192 4367 ,
1224 4305 1518 4375 centuplum
1548 4308 1590 4338 "
1618 4309 1854 4378 accipiet,
1900 4321 1951 4365 et
1975 4314 2133 4367 vitam

618 4445 642 4470 ⁸·
674 4434 860 4489 Matth.
921 4454 1064 4492 xxvn
1089 4480 1101 4496 .
1133 4436 1219 4493 57.
1295 4437 1321 4477 δ
1350 4438 1491 4493 Psal.
1547 4456 1649 4502 xc,
1680 4439 1735 4493 2.

553 4572 728 4647 'j_Job.
758 4592 792 4635 ι,
822 4576 910 4647 2‘2.
974 4577 985 4615 ¹
1021 4578 1121 4631 Job
1151 4597 1187 4647 ι,
1214 4580 1301 4632 21.

552 4643 641 4697 17.
722 4657 741 4682 τ
765 4646 784 4699 l
806 4646 932 4702 Cor.
965 4664 1000 4713 ι,
1033 4648 1118 4702 24.

2225 3229 2384 3267 mona
2409 3213 2553 3281 juste
2583 3212 2748 3265 uteris
2772 3229 2786 3277 ;
2836 3226 2935 3266 nec
2956 3211 3200 3280 captivas
3225 3253 3238 3275 ,
3275 3210 3368 3265 sed
3396 3226 3523 3265 vere
3552 3210 3814 3265 Dominus

2226 3322 2286 3360 es
2308 3304 2549 3374 pecunize
2580 3311 2706 3369 tum,
2736 3303 2859 3371 quia
2890 3302 3180 3371 possideris
3204 3318 3233 3356 a
3262 3302 3496 3364 Christo,
3529 3302 3615 3357 cui
3640 3302 3813 3372 capti-

2226 3411 2292 3450 va
2333 3403 2416 3449 est
2459 3394 2574 3463 ipsa
2615 3394 2897 3463 captivitas
2925 3404 2975 3447 r.
3017 3391 3262 3447 Gloriare
3290 3394 3452 3459 igitur
3480 3394 3532 3446 in
3563 3393 3814 3460 Domino,

2227 3488 2349 3558 quia
2378 3503 2481 3540 non
2504 3504 2627 3540 caro
2655 3496 2705 3540 et
2731 3486 2943 3556 sanguis
2964 3486 3053 3538 tibi
3081 3495 3106 3532 ει
3134 3526 3147 3549 ,
3185 3484 3280 3539 sed
3312 3485 3423 3554 ipse
3447 3523 3463 3547 ,
3510 3485 3601 3554 qui
3631 3484 3814 3538 lumen

2228 3588 2312 3635 est
2340 3595 2526 3634 verum
2568 3585 2621 3633 et
2650 3578 2911 3647 sapientia
2941 3578 3034 3631 Dci
3064 3576 3309 3631 Christus
3341 3587 3362 3614 "
3388 3618 3403 3642 ,
3463 3576 3808 3646 prudentiam

2230 3670 2389 3738 hujus
2437 3669 2784 3740 providentia:
2824 3668 3099 3732 reuelauit,
3152 3682 3259 3735 qua
3299 3649 3551 3735 intelligis
3580 3668 3633 3721 in
3665 3668 3814 3721 ontni

2227 3779 2398 3832 egeno
2426 3771 2480 3818 et
2505 3776 2741 3832 paupere
2763 3760 3034 3816 Christum
3059 3760 3227 3814 cibari
3250 3801 3265 3826 ,
3310 3760 3485 3829 potari
3511 3800 3526 3824 ,
3576 3760 3808 3828 contegi,

2230 3856 2428 3911 visitari
2445 3867 2489 3918 ⁸,
2508 3854 2797 3911 secundum
2820 3853 2939 3907 illos
2963 3861 3161 3922 patres,
3178 3868 3315 3920 quos
3328 3852 3397 3905 ob
3417 3852 3523 3907 hoc
3543 3852 3812 3917 meritum,

2229 3950 2377 4020 quod
2398 3965 2559 4018 supra
2576 3948 2778 4003 dictum
2800 3953 2901 4010 est,
2918 3948 2972 3999 in
2996 3946 3078 3999 die
3098 3945 3239 3999 mala
3255 3943 3486 3999 liberavit
3503 3943 3812 3999 Dominus‘.

2298 4041 2387 4095 25.
2428 4040 2547 4111 Ipse
2575 4049 2627 4093 te
2658 4038 2910 4093 Dominus
2939 4047 3226 4103 conservet,
3273 4047 3321 4092 et
3344 4038 3592 4105 viri/icet,
3622 4048 3673 4090 et
3693 4037 3814 4090 bea-

2238 4143 2342 4186 tum
2366 4132 2545 4202 faciat,
2575 4138 2625 4183 et
2646 4132 2779 4200 {erat
2801 4145 2947 4198 opem
2972 4143 3114 4182 nunc
3135 4128 3227 4181 tibi
3257 4144 3415 4197 supra
3447 4128 3633 4181 lectum
3666 4127 3814 4183 dolo-

2233 4225 2344 4278 risu
2369 4222 2466 4289 tui,
2479 4228 2761 4275 convertat
2780 4220 3050 4289 planctum
3072 4218 3217 4288 pium
3236 4218 3288 4271 in
3305 4217 3555 4286 gaudium
3574 4227 3817 4274 sanctum

2238 4314 2352 4367 tibi.
2392 4309 2720 4367 Conscindat
2747 4319 2965 4363 saccum
2994 4308 3223 4363 tristitiae
3252 4315 3357 4360 tua:
3379 4348 3395 4375 ,
3426 4314 3481 4361 et
3506 4306 3697 4362 reddat
3725 4306 3818 4361 tibi

1812 4452 1834 4480 ε
1868 4442 2055 4498 Matth.
2092 4463 2114 4500 κ

2227 4463 2263 4510 ι,
2291 4442 2378 4497 58.
2456 4440 2482 4480 ἀ
2515 4442 2633 4498 Act.
2666 4459 2737 4507 ιι,
2769 4439 2864 4501 44,
2913 4448 2967 4494 et
3014 4456 3098 4501 IV,
3132 4438 3222 4510 '52.
3302 4448 3325 4477 ο
3356 4436 3491 4510 Cen.
3528 4454 3690 4501 xvm,
3739 4437 3818 4510 Δτις

550 4502 688 4580 Cen.
727 4506 942 4580 xmLQ.
974 4577 983 4580 _
1026 4507 1049 4580 ς
1084 4508 1279 4565 Julian.
1322 4526 1429 4569 vut,
1472 4508 1559 4562 56.
1641 4519 1665 4555 8
1696 4509 1830 4564 Gen.
1871 4529 1995 4575 xu,
2027 4515 2080 4568 8.
2158 4515 2185 4552 ιι
2220 4502 2406 4568 Matth.
2441 4530 2568 4580 xu,
2599 4511 2687 4565 29.

1378 4590 1415 4651 ξπ
1448 4580 1467 4634 1
1497 4579 1721 4651 Tim.vt,
1751 4579 1803 4632 7.
1862 4592 1885 4651 ’ξ
1912 4582 2050 4637 Psal.
2080 4602 2150 4651 χι,
2176 4586 2225 4639 ’7.

1198 4659 1218 4683 ³
1250 4650 1438 4703 Matth.
1469 4665 1595 4717 xxv,
1626 4649 1712 4703 40.
1792 4651 1811 4686 ι
1865 4650 2003 4707 Psal.
2062 4649 2161 4722 xu,

2774 4510 2786 4547 ί
2822 4510 2959 4565 Gen.
3000 4526 3111 4569 xu,
3156 4506 3242 4561 l5.
3324 4512 3338 4558 ι
3378 4507 3481 4563 Joh
3520 4517 3681 4574 XXIX,
3732 4504 3818 4560 15.

2356 4584 2499 4637 Psal.
2525 4576 2722 4642 c—xxvn,
2746 4580 2799 4635 2.
2876 4591 2902 4629 t‘
2928 4580 3069 4635 Psal.
3094 4595 3254 4643 van,
3282 4577 3369 4632 l9.
3446 4589 3473 4629 (ι
3501 4576 3689 4631 Matth.
3715 4592 3822 4643 xvi,

2219 4654 2271 4707 a.
2348 4662 2375 4690 ιι
2404 4653 2558 4719 lbid.,
2595 4653 2646 4717 δ,
2674 4652 2727 4705 ι.

685 4760 701 4829 )
734 4761 811 4815 lta
833 4778 960 4816 mss.
987 4761 1303 4829 Reg.,Vien.
1328 4772 1383 4816 et
1413 4762 1601 4815 Florus
1630 4763 1681 4815 in
1715 4761 1915 4817 Catena
1948 4766 2039 4817 Iih.
2070 4782 2139 4829 xl,
2173 4770 2221 4828 Ι)
2250 4766 2361 4829 lic.,
2390 4780 2558 4819 carm.
2587 4764 2676 4824 ‘23,
2708 4779 2848 4817 vers.
2880 4762 3003 4817 22L

556 4830 568 4841 .
626 4760 701 4882 (ἕ)
722 4761 811 4842 .lta
833 4778 960 4816 mss.
987 4761 1303 4829 Reg.,Vien.
1328 4772 1383 4816 et
1413 4762 1601 4842 Florus
1630 4763 1681 4843 in
1715 4761 1915 4844 Catena
1948 4766 2039 4817 lih.
2070 4782 2114 4819 χι

556 4831 1079 4953 ἓὲεῶιᾶῗιϊῗὲἓουοὺι.
1106 4849 1216 4895 χιιι,
1254 4831 1304 4900 1,
1329 4841 1384 4886 et
1412 4834 1543 4886 edit.
1568 4832 1742 4885 Chtiﬁ.
1776 4833 1878 4886 Ain
1899 4834 2114 4889 codices

553 4916 908 4954 exctuaamus.

631 4971 705 5037 (b)
738 4971 826 5025 Sic
855 4970 1045 5025 Florus
1069 5011 1083 5033 ,
1143 4986 1272 5024 mss.
1308 4971 1439 5035 Reg.
1472 4980 1527 5025 et
1557 4971 1711 5024 Vicn.
1740 5012 1753 5031 ,
1815 4987 1935 5026 cum
1967 4974 2138 5030 tribus

558 5039 714 5093 editis
745 5041 898 5105 Bad.,
927 5039 1112 5104 Grav.,
1135 5039 1311 5093 Chilll.
1346 5041 1509 5105 Alias,
1543 5042 1820 5095 concludit.

633 5112 702 5177 (ο)
733 5110 809 5163 Ita
842 5126 971 5165 mss.
1008 5110 1139 5179 Reg.
1173 5119 1228 5164 et
1268 5110 1452 5175 Ἥρη..
1495 5127 1618 5166 cum
1652 5112 1779 5165 edit.
1812 5111 1986 5167 Cltiﬁl.
2014 5114 2136 5177 Alii,

564 5181 916 5246 dedignemur.

633 5252 709 5320 (ά)
740 5249 828 5303 Sic
849 5250 1036 5305 Florus
1058 5249 1424 5315 Lugdunensis
1445 5250 1495 5302 in
1518 5249 1719 5320 Catena
1740 5250 1831 5303 lib.
1848 5267 1900 5304 χι
1921 5266 1989 5305 ex
2012 5250 2176 5315 Pau-.

563 5319 701 5385 lino,
733 5321 785 5373 in
814 5320 980 5389 Epist.
1014 5320 1079 5373 ad
1112 5321 1362 5389 liebrteos
1389 5337 1501 5386 xnt,
1535 5319 1560 5389 1
1595 5328 1649 5372 et
1676 5319 1729 5372 2.
1764 5319 1887 5374 Mss.
1925 5321 2056 5388 Reg.
2091 5330 2146 5375 et

565 5392 720 5445 Vien.
753 5398 807 5444 et
835 5388 963 5444 edit.
995 5389 1231 5443 Chifllt-t.
1263 5388 1439 5443 Ceteri
1466 5388 1699 5452 codices,
1732 5390 1786 5442 in
1814 5406 1941 5442 una.

640 5462 709 5531 (ε)
738 5460 887 5515 Hanc
914 5459 1670 5531 prchositionemaddjdimns
1690 5474 1756 5513 ex
1777 5458 1979 5514 Catena
1999 5460 2145 5515 Flori

564 5526 656 5586 lib.
692 5526 763 5591 si,
796 5546 893 5584 ms.
915 5526 1076 5583 'Vien.
1100 5538 1155 5584 et
1181 5529 1307 5583 edit.
1342 5526 1572 5582 Cliilllet.

642 5600 711 5670 (Γ)
743 5599 801 5655 ld
829 5608 911 5673 est
939 5599 1187 5673 incendio
1219 5600 1457 5668 quinque
1487 5598 1751 5673 urbiuma
1790 5601 1936 5673 πένςε
1958 5638 1988 5673 ζ
2004 5599 2152 5673 (ηιξκ-

568 5668 682 5741 que,
710 5679 765 5727 et
790 5672 961 5739 πόλις,
991 5669 1133 5727 urbs.
1164 5669 1295 5726 Item
1322 5668 1637 5739 pentapolim
1663 5668 1837 5725 Nata].
1883 5669 1916 5725 8
1957 5668 2015 5724 ὃ.
2038 5668 2150 5725 Ῥασ

2321 4837 2397 4904 (g)
2428 4834 2517 4888 Sic
2544 4850 2673 4887 mss.
2707 4834 2922 4904 codices
2948 4834 3112 4904 Reg,
3136 4832 3291 4886 Vien.
3314 4837 3369 4887 et
3392 4829 3599 4904 editi}.
3636 4831 3704 4904 At
3723 4843 3819 4904 ms.

2246 4898 2389 4957 Vati.
2419 4919 2542 4958 cum
2596 4904 2723 4959 edit.
2790 4901 2939 4956 Grin.
2993 4898 3051 4958 et
3097 4903 3303 4965 Rosv.,
3367 4920 3458 4971 per
3519 4898 3823 4970 hospitalem

2245 4976 2475 5028 domum.

2318 5043 2524 5165 (hylas.
2548 5042 2727 5123 Yien.,
2752 5058 2844 5095 nec
2866 5041 3016 5095 labis
3036 5050 3233 5112 peccat.
3259 5040 3425 5095 Abest
3446 5040 3606 5093 etiam
3630 5038 3823 5111 quidem

2318 5128 2408 5165 ms.
2491 5126 2630 5165 eam.

2247 5130 2277 5168 a
2307 5128 2408 5167 IIIS.
2445 5128 2630 5168 nemo.

2323 5128 2408 5167 ns.
2445 5126 2630 5178 Hegio.

2323 5184 2383 5249 li)
2426 5181 2522 5236 Ms.
2576 5181 2710 5249 Reg.
2755 5196 2877 5235 cum
2923 5180 3084 5235 editis
3127 5180 3257 5235 Bad.
3284 5220 3299 5245 ,
3353 5179 3515 5233 Grav.
3568 5187 3624 5234 et
3651 5177 3824 5239 Grin..

2249 5253 2317 5305 tri
2320 5253 2425 5321 plo.

2322 5315 2386 5391 (ἱ)
2417 5320 2495 5374 Ita
2540 5318 2992 5391 Psalteria‘vetus
3032 5327 3087 5373 et
3131 5318 3299 5391 Rom:
3321 5317 3735 5391 §.__Augus_tiu.us
3772 5315 3824 5368 in

2254 5386 2523 5460 psalmos,
2570 5397 2625 5443 et
2653 5390 2771 5443 libri
2803 5388 3244 5460 Latini_veteres.
3279 5386 3450 5460 LXX,
3506 5389 3822 5457 palmarum;

2252 5458 2478 5528 Vulgata
2502 5497 2518 5523 ,
2557 5473 2831 5510 manuum.
2858 5459 2956 5513 llic
2990 5458 3242 5512 Paulinus
3267 5458 3395 5511 dicit
3424 5461 3710 5529 fructuum,
3758 5469 3829 5529 ex

2252 5522 2511 5596 ambigua
2531 5544 2666 5603 voce
2691 5530 2877 5583 Graaca
2919 5538 3020 5583 τῶν
3061 5537 3307 5602 καρπῶνς
3350 5522 3714 5603 καρπο-ὶηριιίιιι
3743 5522 3826 5577 di-

2254 5606 2450 5653 cuntur
2475 5605 2530 5652 et
2547 5600 2773 5668 fructus,
2798 5605 2852 5652 et
2876 5603 3066 5668 patina:
3090 5596 3185 5653 seu
3209 5612 3390 5651 manus
3416 5596 3481 5651 "ex
3507 5596 3826 5667 Hieronymo

2259 5670 2313 5723 in
2343 5668 2500 5741 epist.
2536 5666 2657 5723 Ml.
2688 5668 2819 5723 Vide
2846 5666 2959 5723 not.
2994 5666 3081 5721 M.
