4006 6180
461 283 567 339 ω

1587 277 1646 334 S.
1683 263 1964 330 PAULINI
2003 269 2254 328 NOLANl
2288 269 2591 330 EPISCOPI

3629 284 3729 342 221

458 397 575 451 nias
603 395 656 449 in
686 394 917 464 amplam
959 394 1356 464 possessionem
1387 390 1709 448 hereditatis
1745 398 1962 445 :etcrnze
1991 397 2040 442 ι.
2073 389 2122 450 Α
2147 389 2366 458 proprio
2411 389 2532 444 nisu
2573 404 2902 459 perveneris.
2953 390 3085 447 Nam
3133 393 3475 451 inﬁrmitates
3496 400 3602 470 83
3630 409 3734 457 tua:

461 490 638 546 [labes
658 489 770 559 jam
794 492 848 544 in
868 489 1085 546 Christo
1106 506 1355 560 magnum
1382 490 1458 544 tui
1485 491 1694 560 pignus,
1722 496 1777 543 ct
1797 487 2048 542 ambitin-
2141 485 2260 537 non
2287 491 2412 537 sunt
2436 482 2504 536 ad
2550 491 2800 544 mortem,
2849 483 2943 538 sed
2985 499 3084 554 pro
3112 484 3358 542 claritate
3398 488 3492 544 Dei
3521 499 3567 555 ε,
3598 500 3655 545 ut
3678 503 3736 548 et

461 599 580 638 sum
609 582 940 651 suflraginm,
972 583 1275 653 conjugem,
1306 600 1427 653 qua:
1471 584 1565 637 tibi
1613 590 1820 637 tantum
1863 581 2048 650 gratia:

463 675 517 729 in
548 674 856 730 cwlestibus
882 683 1054 744 parat,
1086 683 1340 744 quantum
1370 684 1425 728 tu
1456 675 1529 728 illi
1559 691 1588 729 a
1623 675 1698 746 (a)
1730 675 1887 729 terris
1915 688 2050 742 opu-

465 767 645 821 lentia:
673 766 939 836 suggeris;
969 783 1076 821 non
1108 768 1274 834 illam,
1300 773 1358 821 ut
1377 766 1509 834 dixi,
1534 765 1608 838 (ιι)
1635 767 1864 821 luctibus
1883 765 2052 820 cassis

464 859 760 923 honorans,
792 858 886 912 sed
934 859 1066 913 vivis
1111 859 1420 913 muneribus
1465 859 1829 922 accumulans,
1859 857 2053 926 quibus

465 949 556 1002 illa
587 966 726 1005 nunc
746 951 969 1017 gaudet;
996 950 1214 1019 jamque
1241 951 1315 1005 illi
1346 950 1503 1019 hujus
1531 952 1711 1021 operis
1741 951 1815 1004 tui
1843 966 1971 1006 usus
1999 949 2054 1004 in

464 1042 643 1098 fructu
671 1047 779 1115 82
811 1053 910 1108 est,
944 1044 1097 1112 cujus
1125 1044 1300 1098 adhuc
1328 1044 1421 1098 tibi
1453 1060 1646 1098 munus
1676 1044 1729 1098 in
1755 1044 1980 1098 semine.

537 1132 626 1186 28.
657 1131 776 1187 Jam
824 1137 1119 1188 honoratur
1150 1134 1254 1188 tuis
1298 1135 1384 1188 illa
1414 1135 1651 1197 meritis,
1678 1133 1790 1203 jam
1820 1133 2057 1204 pascitur

469 1225 575 1280 tuis
603 1225 858 1294 panibus,
891 1234 948 1279 et
976 1223 1147 1278 affluit
1179 1226 1281 1279 tuis
1310 1225 1520 1295 opibus,
1567 1226 1620 1280 in
1670 1226 1863 1281 vestitu
1892 1226 2058 1280 deau-

467 1329 580 1370 rato
608 1317 675 1388 (ο)
695 1318 1093 1372 circumamicta
1115 1318 1432 1385 varietateb,
1446 1319 1683 1387 pretioso
1706 1319 1934 1382 lumine;
1950 1333 2059 1373 non

469 1415 593 1473 eget
620 1407 806 1462 alienm
838 1424 1026 1462 manus
1065 1407 1234 1478 digito
1283 1407 1617 1477 refrigerari,
1665 1410 1897 1479 propriis
1945 1410 2059 1478 ipsa

469 1497 758 1564 digitorum
789 1514 1006 1554 suorum
1038 1500 1270 1565 roribus,
1303 1499 1355 1554 id
1395 1508 1496 1565 est,
1526 1499 1763 1555 dextera:
1793 1509 1896 1554 tua:
1925 1516 2059 1570 ope-

469 1590 636 1654 ribus,
668 1590 856 1645 infusa.
891 1591 1008 1646 Non
1037 1607 1190 1662 aeque
1227 1593 1404 1662 ampla
1430 1591 1558 1646 dote
1587 1593 1879 1647 nubentem
1908 1593 2060 1647 Iocu-

471 1682 797 1752 pletaveras,
828 1690 888 1738 ut
934 1699 1075 1738 nunc
1103 1683 1330 1739 ditiﬁcas
1373 1684 1759 1754 quiescentem.
1791 1683 2059 1751 Quantam

2148 575 2334 630 virtuti
2365 583 2469 629 tua:
2498 573 2903 644 perfectionem,
2937 585 2993 630 et
3020 577 3314 632 inﬁrmitati
3345 589 3538 636 nostra:
3564 585 3737 639 virtu-

2156 674 2266 721 tem
2297 665 2597 722 conferant.
2646 667 2724 721 De
2768 676 2822 722 te
2865 669 3006 723 enim
3053 685 3122 724 ne
3152 671 3547 742 perturbemur,
3576 678 3738 732 intilla

2153 773 2253 812 nos
2276 757 2386 826 jam
2423 773 2455 812 a
2503 758 2822 829 patriarchis
2868 758 3190 815 Sanctorum
3239 762 3450 819 Domini
3495 768 3740 838 exempla

2153 848 2496 905 conﬁrmant.

2223 941 2278 996 2.
2310 941 2461 998 Sicut
2491 943 2588 1012 ipsi
2633 952 2814 1013 patres
2856 943 3006 1012 ﬁdei,
3054 955 3251 1015 pneter
3289 948 3426 1005 alios
3469 950 3591 1005 vita:
3634 967 3744 1007 sua:

2157 1033 2368 1088 labores
2392 1033 2445 1087 in
2476 1034 2564 1087 illa
2595 1035 2760 1088 etiam
2789 1045 3068 1091 senectute
3098 1038 3430 1108 prephetica,
3460 1057 3564 1111 qua
3605 1043 3744 1098 inte-

2157 1127 2268 1182 rius
2305 1127 2570 1194 luminati,
2608 1127 2720 1196 jam
2749 1129 2933 1184 mundi
2967 1132 2978 1160 '
3014 1133 3370 1187 :eternitatem
3407 1142 3463 1188 et
3507 1137 3746 1192 omnium

2157 1218 2463 1275 seculorum
2489 1219 2682 1273 seriem
2721 1218 2797 1290 (g)
2837 1221 3229 1290 przevidebant;
3262 1225 3537 1294 corporeis
3565 1234 3748 1281 tamen

2158 1325 2350 1379 graves
2377 1311 2546 1366 oculis
2575 1313 2627 1366 in
2677 1313 2984 1369 inﬁrmitate
3026 1316 3227 1370 carnali
3269 1318 3563 1387 spiritalem
3613 1335 3748 1373 con-

2159 1412 2562 1458 summaverunt
2589 1405 2842 1459 virtutem
2873 1403 2921 1461 ιι.
2953 1407 3044 1462 Sic
3071 1415 3128 1462 et
3155 1408 3343 1464 beatus
3379 1409 3480 1465 Job
3510 1420 3751 1466 tentatus

2160 1502 2245 1548 est
2285 1501 2342 1548 ut
2369 1495 2708 1562 probaretur,
2740 1495 3013 1551 dimicavit
3041 1507 3100 1552 ut
3127 1499 3393 1565 vinceret,
3442 1501 3753 1557 humiliatus

2162 1594 2245 1640 est
2267 1594 2324 1639 ut
2346 1587 2691 1652 exaltaretur,
2717 1585 2864 1642 flevit
2893 1595 2948 1642 ut
2967 1589 3226 1656 gauderet
3244 1588 3284 1644 ί.
3309 1591 3444 1657 Quid
3474 1592 3588 1662 ipse
3615 1593 3753 1647 San-

2163 1683 2284 1732 ctus
2310 1679 2654 1732 sanctorum?
2682 1693 2860 1733 nonne
2890 1687 3017 1734 tunc
3056 1679 3188 1734 vicit
3228 1696 3348 1735 cum
3388 1679 3752 1749 judicaretur;

475 1775 619 1829 enim
650 1783 779 1830 tunc
805 1783 1015 1844 partem
1065 1784 1276 1832 tuorum
1323 1792 1604 1831 munerum
1651 1777 1815 1848 cepit,
1847 1793 1969 1834 cum
1999 1793 2065 1834 eo
2099 1761 2143 1820 Β
2169 1777 2225 1823 οι
2245 1768 2491 1824 cadendo
2532 1783 2631 1839 Ρθτ
2658 1778 2888 1823 mortem
2918 1772 3212 1825 τοδυπθκίι
3243 1771 3293 1824 in
3333 1773 3597 1840 gloriam?
3627 1773 3757 1840 Qum

472 1865 612 1929 solo,
644 1865 788 1935 quod
819 1873 1031 1935 poterat
1061 1866 1304 1931 induere,
1357 1867 1654 1934 frueretur;
1705 1886 1848 1926 nunc
1888 1887 2063 1940 quan-

476 1965 826 2026 tumcumque
875 1959 1187 2024 contuleris,
1239 1969 1412 2014 totum
1459 1962 1640 2028 simul,
1673 1963 1914 2017 omnium
1943 1979 2066 2019 sen-

473 2063 629 2103 suum
658 2048 935 2118 voluptate
964 2049 1130 2113 dives,
1181 2052 1362 2106 animo
1393 2053 1704 2121 possidebit.
1738 2053 1935 2118 Beata,
1979 2055 2068 2110 cui

475 2148 586 2194 tam
616 2156 899 2195 numerosa
923 2142 1062 2211 apud
1084 2141 1357 2198 Christum
1379 2144 1629 2213 suffragia
1657 2154 1810 2213 sunt;
1836 2157 1893 2201 et
1917 2148 2070 2217 cujus

477 2238 639 2300 caput
665 2238 771 2284 tam
804 2231 1078 2301 multiple
1102 2234 1266 2287 ambit
1296 2234 1579 2290 illustrium
1609 2252 1810 2292 corona
1832 2251 2071 2305 gemma-

479 2341 621 2392 rum,
670 2341 770 2380 ncc
816 2325 1003 2380 alienis
1053 2327 1259 2381 intexta
1311 2326 1562 2393 floribus,
1619 2329 1713 2384 sed
1761 2329 2074 2386 domesticis

479 2430 704 2470 corusca
727 2415 1034 2470 luminibus.
1069 2416 1206 2472 Vere
1233 2418 1319 2472 illa
1350 2419 1585 2488 pretiosa
1615 2419 1842 2476 Domino
1868 2421 2070 2488 anima,

481 2521 602 2574 qua:
648 2505 715 2560 de
759 2505 927 2560 tribus
968 2507 1201 2576 pretium
1249 2509 1552 2578 margaritis
1598 2511 1761 2580 capit.
1795 2510 1889 2565 Est
1927 2511 2071 2566 enim

483 2595 680 2666 conjux
708 2597 750 2627 ³⁷
779 2595 925 2664 ﬁdei,
970 2613 1126 2653 soror
1169 2600 1512 2669 virginitatis,
1560 2601 1666 2656 ﬁlia
1697 2603 2070 2673 perfectionis;

485 2687 572 2741 cui
600 2687 764 2742 Paula
790 2696 990 2753 mater,
1029 2705 1184 2745 soror
1212 2691 1290 2763 (ά)
1324 2690 1674 2759 Eustochium
1696 2736 1708 2758 ,
1744 2703 1800 2748 tu
1829 2697 2070 2751 maritus.

994 2839 1323 2897 EPISTULA
1369 2845 1384 2864 ⁸
1406 2843 1558 2900 'XIV.

486 2927 792 2984 Gratulatur
819 2932 1076 3011 redditam
1117 2932 1374 3011 Delphina
1403 2938 1776 3011 valetudinem,
1817 2941 2080 3011 sapienter

556 3018 826 3084 exponens.
847 3019 1003 3084 quare
1015 3005 1173 3084 justis
1202 3007 1438 3084 eveniant
1464 3009 1633 3084 mula.
1651 3009 1720 3063 Et
1747 3005 1948 3082 gratias
1971 3013 2080 3084 agit

558 3071 620 3125 de
650 3071 827 3126 Basilii
855 3071 1141 3145 presbyteri
1171 3077 1431 3146 explicato
1461 3081 1686 3152 negotio.

561 3183 876 3241 Beatissimo
904 3196 959 3243 et
987 3192 1304 3261 venerabili,
1333 3210 1546 3264 semper
1571 3196 1727 3251 nobis
1757 3196 1829 3268 (e)
1862 3196 2075 3254 deside-

485 3279 792 3333 rantissime
820 3282 959 3350 patri
992 3282 1280 3352 Dammae,
1312 3285 1597 3342 Pacusus.

560 3391 611 3444 1.
645 3390 828 3448 laetati
853 3405 1036 3450 sumus
1057 3397 1108 3451 in
1133 3398 1196 3452 iis
1215 3416 1336 3470 qua:
1357 3416 1453 3470 per
1473 3401 1848 3460 Cardamatem
1873 3405 2076 3477 scripta

487 3489 543 3536 et
563 3492 845 3551 apportata
867 3496 991 3540 sunt
1012 3488 1165 3544 nobis
1191 3499 1234 3544 π.
1261 3490 1547 3562 Sospitatis
1569 3497 1710 3550 enim
1737 3504 1838 3551 tua:
1858 3499 2079 3556 nuntius

487 3590 699 3643 sermo,
725 3577 871 3634 velut
897 3579 1073 3635 oleum
1102 3582 1297 3662 laetitia:
1340 3587 1690 3659 impinguavit
1718 3605 1840 3645 ossa
1869 3601 2076 3660 nostra,

489 3672 549 3717 ut
578 3665 764 3736 repleti
810 3669 1004 3737 gaudio
1052 3671 1388 3732 diceremus:
1425 3677 1784 3750 Magniﬁcavit
1823 3681 2080 3738 Dominus

489 3758 662 3827 facere
689 3759 955 3817 nobiscum
984 3762 1032 3830 ἀ,
1065 3766 1155 3836 qui
1186 3784 1287 3824 nos
1317 3769 1369 3824 in
1402 3772 1476 3826 tui
1504 3773 1704 3829 doloris
1733 3775 1932 3832 lectulo
1953 3778 2084 3833 visi-

491 3849 700 3917 tavit'e;
739 3860 797 3906 ut
825 3867 1176 3926 exsurgentes
1223 3861 1276 3916 in
1326 3870 1415 3918 tua
1461 3867 1710 3934 sanitate,
1763 3886 2083 3928 caneremus

489 3941 742 4012 hymnum
774 3945 1002 4002 Domino
1050 3959 1258 4020 nostro,
1305 3957 1555 4022 quoniam
1598 3961 1869 4030 eripuisset
1909 3965 2086 4019 oculos

489 4037 692 4089 itostros
739 4053 771 4088 α
816 4037 1057 4107 lacrymis
1090 4039 1146 4104 f;
1180 4043 1431 4100 ditYerens
1473 4056 1523 4101 te
1564 4065 1780 4106 corona:
1824 4062 1946 4120 tum,
1988 4056 2085 4112 sed

489 4139 771 4180 reservans
797 4127 1067 4197 adjutorio
1098 4141 1304 4200 nostro,
1338 4147 1394 4189 ut
1421 4145 1472 4191 te
1503 4137 1721 4194 intentis
1750 4145 2086 4203 orationibus

492 4213 598 4269 tuis
627 4223 790 4270 onera
821 4228 1003 4272 nostra
1034 4221 1330 4293 relevante,
1363 4236 1416 4280 et
1443 4228 1634 4284 itinera
1663 4234 1730 4304 (ί)
1771 4238 2084 4308 prmviantc,

491 4303 724 4361 leviores
754 4324 1026 4365 curramus
1065 4313 1119 4366 in
1149 4314 1358 4370 odorem
1405 4303 1784 4391 unguentorum
1830 4327 2041 4385 Domini

495 4410 654 4463 quem
687 4399 839 4453 nobis
869 4400 921 4454 in
951 4408 1044 4456 tua
1090 4408 1377 4464 sanctitate
1425 4411 1772 4485 fragrantem,
1821 4421 1922 4474 etsi
1973 4438 2081 4478 non

2167 1859 2395 1913 fortibus
2431 1859 2710 1930 passiones
2725 1859 3114 1929 infirmitatum,
3158 1861 3379 1918 infirmis
3411 1865 3758 1922 incitamenta

2167 1952 2426 2005 virtutum
2455 1959 2598 2006 sunt.
2629 1951 2934 2006 lnﬁrmatur
2958 1955 3158 2007 etenim
3189 1953 3412 2020 validus,
3444 1964 3503 2009 ut
3542 1955 3760 2011 confor-

2169 2051 2314 2098 tetur
2337 2041 2597 2108 inﬁrmus,
2631 2052 2686 2098 et
2725 2044 3024 2100 imitatione
3063 2046 3267 2100 robusti
3295 2046 3464 2103 discat
3499 2064 3762 2119 superare

2171 2149 2521 2203 congressus.
2555 2134 2624 2189 Et
2652 2135 2774 2192 ideo
2803 2145 2858 2191 et
2880 2135 3058 2206 justus
3085 2137 3394 2207 castigatur,
3426 2149 3485 2194 ut
3507 2141 3764 2198 emende-

2172 2232 2260 2278 tur
2291 2225 2536 2293 injustus.

2241 2316 2294 2370 ὅ.
2327 2315 2503 2382 Quare
2530 2316 2798 2386 duplicem
2829 2321 3112 2377 utilitatem
3143 2331 3400 2392 operatur
3440 2323 3766 2380 Sanctormt

2172 2407 2404 2462 carnalis
2445 2408 2757 2476 inlirmitas;
2807 2420 2866 2465 ut
2913 2420 2968 2467 ct
3014 2414 3251 2483 ipsorum
3297 2414 3552 2483 Spiritalis
3595 2417 3768 2471 virtus

2173 2506 2522 2564 exerceatur;
2555 2507 2609 2554 et
2636 2501 2725 2571 qui
2750 2513 3083 2573 prosperatur
3102 2505 3156 2558 in
3184 2505 3266 2559 via
3293 2521 3389 2559 sua
3417 2503 3462 2567 i,
3486 2514 3543 2560 et
3560 2506 3769 2562 viribus

2175 2588 2451 2646 inoﬁ‘ezzsae
2480 2592 2725 2646 sanitatis
2755 2593 3036 2658 insultans,
3077 2594 3207 2650 dicit
3249 2613 3262 2649 :
3307 2595 3542 2660 Peccavi,
3569 2606 3620 2650 et
3644 2597 3770 2667 quid

2175 2683 2365 2736 accidit
2392 2681 2520 2736 milii
2545 2683 2607 2736 li?
2639 2698 2745 2737 non
2775 2683 2971 2738 audeat
2998 2674 3099 2739 sibi
3129 2686 3197 2741 de
3225 2693 3485 2757 corporea
3515 2687 3772 2743 felicitate

2175 2772 2406 2827 blandiri
2427 2791 2439 2826 :
2459 2781 2514 2828 et
2533 2772 2757 2828 forsitan
2777 2782 2921 2830 metu
2941 2776 3134 2831 divina:
3155 2778 3438 2846 potestatis
3459 2777 3771 2843 adstrictus,

2179 2861 2247 2916 ad
2265 2861 2528 2932 justitiam
2549 2865 2867 2933 corrigatur,
2891 2865 3016 2920 dum
3038 2868 3284 2924 ultricem
3307 2868 3516 2922 Domini
3539 2869 3774 2924 caelestis

2179 2968 2398 3007 manum
2442 2954 2620 3024 impiis
2662 2955 2871 3010 actibus
2895 2955 3015 3026 jure
3044 2959 3373 3028 expavescit,
3404 2974 3566 3030 quam
3595 2959 3774 3015 videat

2181 3056 2239 3103 et
2271 3046 2429 3115 justis
2455 3061 2720 3101 severam.
2747 3046 2880 3101 Nam
2903 3048 2948 3102 si
2977 3063 3074 3103 vos
3093 3050 3181 3103 vix
3203 3049 3338 3104 citra
3369 3048 3590 3104 verbera
3611 3049 3777 3105 casti-

2103 3124 2150 3189 C
2181 3140 2414 3211 gationis
2434 3139 2678 3206 evaditis,
2704 3156 2802 3196 nos
2831 3141 3000 3210 iniqui
3026 3149 3082 3196 et
3107 3149 3418 3211 peccatores
3446 3142 3534 3196 ubi
3561 3141 3778 3212 parebi-

2177 3247 2300 3287 mus
2332 3229 2390 3284 1?
2455 3229 2736 3286 Credimus
2780 3238 2998 3300 autem,
3046 3233 3172 3300 quia
3217 3231 3340 3287 ideo
3384 3233 3645 3302 proximis
3696 3233 3778 3288 his

2177 3322 2512 3393 temporibus
2533 3323 2780 3393 graviora
2801 3323 2964 3378 solito
2983 3324 3343 3394 corporalium
3367 3324 3779 3380 tribulationum

2177 3415 2284 3470 tela
2313 3429 2602 3486 perpessus
2630 3429 2712 3482 es,
2735 3414 2942 3484 pridem
2966 3415 3191 3470 febrium
3219 3415 3434 3482 ardore,
3460 3431 3602 3470 nunc
3627 3415 3782 3486 capi-

2180 3511 2247 3566 tis
2276 3511 2503 3566 humore
2531 3519 2786 3575 vexatus,
2829 3517 2890 3563 ut
2919 3509 2971 3564 in
3002 3509 3090 3564 illa
3131 3509 3319 3580 requie
3348 3508 3557 3564 Domini
3588 3509 3780 3566 beatus

2179 3603 2354 3673 possis
2383 3602 2600 3657 dicere:
2633 3600 2985 3656 Transivinms
3033 3619 3125 3672 per
3167 3602 3336 3672 ignem
3381 3611 3432 3655 et
3476 3617 3699 3672 aquam,
3731 3611 3780 3656 et

2180 3696 2433 3749 induxisti
2455 3711 2549 3749 nos
2578 3696 2632 3748 in
2655 3694 2730 3765 (Ιι)
2756 3695 3084 3766 refrigerium
3112 3702 3173 3747 ω.
3211 3691 3489 3748 ιιωιίἢωιί
3519 3693 3681 3760 igitur
3713 3693 3779 3762 (ἱ)

2181 3788 2288 3843 hac
2317 3787 2411 3842 Dei
2441 3785 2808 3842 misericordia
2828 3824 2843 3848 ,
2875 3801 2980 3856 qua
3023 3792 3335 3855 respexerat
3366 3784 3418 3838 in
3447 3783 3648 3838 bonum
3677 3783 3782 3837 hu-

2185 3879 2463 3934 militatem
2483 3885 2744 3942 nostram,
2763 3884 2820 3929 ut
2838 3875 3164 3944 gravissima:
3185 3873 3542 3928 anxietudinis
3562 3887 3782 3942 pinnam

2184 3970 2541 4032 lucraremur,
2573 3982 2695 4022 cum
2726 3967 2927 4036 pariter
2953 3965 3245 4021 indic’asses
3274 3964 3432 4019 nobis
3459 3964 3782 4019 sollicitudi-

2185 4075 2311 4115 nem
2340 4059 2403 4117 de
2432 4068 2484 4114 te
2507 4066 2767 4122 nostram,
2800 4066 2852 4113 et
2881 4059 3260 4123 securitatem;
3293 4057 3437 4111 aliud
3463 4060 3483 4088 ³
3513 4057 3568 4111 in
3589 4054 3784 4112 iisdem

2186 4150 2379 4204 litteris
2406 4148 2597 4203 divina:
2610 4148 2795 4216 gratia:
2821 4163 3014 4202 munus
3042 4147 3503 4216 accepimus,illud
3530 4146 3784 4201 videlicet

2188 4258 2330 4297 cura:
2360 4250 2556 4296 nostra:
2605 4240 2879 4309 negotium
2920 4239 2988 4294 de
3035 4239 3207 4294 sancti
3252 4239 3551 4309 presbyteri
3598 4237 3782 4294 Basilii

2188 4333 2351 4388 domo
2381 4347 2477 4403 per
2504 4346 2723 4402 operam
2749 4337 2917 4395 tuam,
2951 4330 3022 4384 ita
3053 4337 3112 4384 ut.
3135 4329 3576 4395 desideravimus,
3609 4329 3787 4398 expli-

2191 4431 2392 4478 catum.

493 4489 946 4556 apprehendimus
992 4497 1203 4562 merito,
1255 4508 1492 4556 attamen
1542 4508 1817 4574 sequimur
1862 4511 2078 4580 ail'ectu,
2116 4494 2159 4549 υ
2255 4513 2309 4569 4.
2341 4513 2537 4569 Veniat
2566 4520 2678 4567 tota
2710 4512 2797 4566 illa
2819 4511 3128 4567 benedictio
3158 4527 3321 4581 super
3348 4519 3510 4580 caput
3532 4518 3702 4573 tuum,
3729 4517 3784 4564 et

494 4588 774 4645 sperantes
801 4598 898 4652 per
938 4585 1349 4655 inseparabilem
1397 4594 1637 4649 caritatis
1686 4605 1788 4650 tua:
1834 4602 2080 4669 copulam

495 4665 836 4728 deducendos
865 4690 965 4731 nos
994 4686 1052 4731 ut
1092 4683 1471 4747 perveniamus
1514 4693 1607 4741 tuo
1653 4687 1840 4759 ductu,
1886 4665 1994 4762 quo
2026 4704 2081 4750 tu

569 4831 594 4900 ξ·
626 4821 813 4900 _Matth.
847 4843 936 4900 vn,
969 4828 1054 4900 15.
1133 4829 1159 4868 δ
1189 4831 1327 4888 Psal.
1360 4852 1498 4900 XLIV,
1536 4837 1620 4892 10.

501 4899 526 4978 ξ
557 4889 750 4978 ξριιξξη.
781 4911 856 4978 λιι,
895 4889 968 4978 LI
1002 4897 1052 4978 ’ξι
1083 4901 1220 4956 Gen.
1253 4889 1499 4978 xsvnpl,
1541 4889 1934 4978 etvxcvlilfi'O.‘

502 4958 528 4998 ¹ί
551 4960 716 5017 Eccli.
739 4979 788 5029 v,
820 4958 872 5018 4.

797 5099 1056 5192 φξβιλων
1088 5118 1266 5192 autem
1298 5110 1362 5164 11
1391 5123 1527 5179 erat,
1562 5131 1706 5173 nunc
1745 5117 1835 5172 27.
1868 5119 2080 5192 Scripta

499 5181 646 5241 anno
665 5169 788 5241 ἔξω,
815 5169 953 5241 post
967 5173 1189 5232 Pascha.

573 5239 651 5325 (ςι)
682 5238 772 5325 Sic
814 5238 942 5325 mss.
976 5244 1110 5316 Reg.
1154 5258 1209 5304 et
1237 5251 1391 5307 Vien.
1425 5271 1546 5311 cum
1575 5258 1702 5313 edit.
1736 5259 1911 5316 Chifll.
1946 5261 2086 5319 Ante

499 5317 617 5362 erat
643 5327 674 5362 a
704 5317 936 5369 terrenis.

503 5448 514 5460 .
575 5379 649 5451 (ὁ)
679 5379 756 5434 lta
777 5398 904 5464 rus-5.
927 5385 1059 5464 lleg_z
1083 5397 1138 5443 et
1159 5389 1312 5448 Vien.
1332 5409 1453 5449 cum
1476 5396 1606 5454 edit.
1624 5397 1799 5454 Chilll.
1821 5409 1876 5457 ct
1895 5401 2083 5458 Schot.

501 5451 554 5503 in
582 5463 748 5515 marg.
775 5451 897 5516 Alii,
928 5451 1153 5514 (axibus.
1387 5505 1390 5508 ρ

575 5521 647 5588 (ct
679 5520 821 5576 Edit.
851 5523 1038 5590 Bosv.,
1066 5532 1397 5588 circumacta.

571 5590 650 5652 (ά)
678 5591 810 5664 Mss.
836 5594 968 5664 Reg.
992 5608 1047 5652 et
1077 5600 1250 5664 Ἡρη..
1275 5603 1579 5662 Eustochia.

572 5663 643 5732 (e)
676 5660 836 5733 Editi,
867 5660 1321 5729 desideratissimo.

1702 4851 1726 4880 ο
1754 4841 1894 4899 Psal.
1927 4863 2070 4911 cxxr,
2108 4849 2156 4902 1.

1026 4919 1052 4935 υ
1083 4919 1220 4956 ben.
1253 4921 1418 4971 xxv",
1450 4919 1499 4972 1,
1541 4920 1595 4963 et
1633 4927 1812 4978 xcvm,
1849 4919 1934 4970 10.
2021 4929 2033 4955 ι

957 4967 1140 5004 ιβιιηι,
1198 4989 1244 5004 ιο.
1291 4974 1376 5004 ευ.
1417 4977 1555 5004 In...
1608 4997 1660 5004 ---
1715 4983 1776 5004 ιυ
1876 4996 1914 5004 ...
1951 4988 1987 5004 η
2053 4990 2066 5004 ι

2184 4960 2193 4970 .
2225 4921 2404 5004 1,.14;
2431 4929 2485 4975 et
2515 4937 2572 4987 ιι,
2609 4921 2678 4987 7;
2709 4930 2864 4987 etiv,
2898 4921 2945 4987 l;
2976 4931 3110 4986 etv,
3149 4921 3194 4973 l.

1001 4967 1160 5026 Prov.
1195 4989 1265 5040 xi,
1290 4974 1379 5042 51;
1408 4967 1436 5031 VI
1463 4967 1577 5033 Pet.
1608 4997 1678 5047 tv,
1714 4967 1812 5037 18.,
1876 4967 2359 5058 litPsal:

2186 4606 2238 4659 in
2269 4621 2482 4660 corona:
2524 4603 2627 4675 (V.
2659 4612 2764 4658 not.
2799 4603 2862 4674 6)
2897 4611 2999 4656 tua:
3028 4603 3300 4657 cumulum
3330 4609 3642 4671 supertexta
3675 4600 3783 4655 ﬂo-

2189 4706 2383 4763 rescat,
2415 4712 2520 4766 qua
2544 4695 2940 4751 benedixerunt
2967 4695 3252 4748 Dominum
3277 4693 3331 4748 in
3363 4703 3437 4757 te,
3470 4709 3579 4748 non
3608 4693 3786 4749 solum

2233 4849 2258 4886 ἀ
2291 4849 2436 4904 l’sal.
2468 4866 2629 4911 cxxv,
2674 4849 2727 4903 ’5.
2812 4862 2835 4889 θ
2867 4849 3012 4904 Psal.
3043 4867 3132 4914 XL,
3173 4849 3227 4903 4.
3309 4848 3328 4889 ῐ
3361 4849 3505 4903 Psal.
3539 4865 3682 4910 cxrv,
3730 4848 3786 4904 8.

3280 4921 3292 4971 l
3339 4919 3482 4976 Psal.
3511 4936 3692 4985 xxxvi,
3726 4921 3779 4974 7.

2261 5124 2330 5195 (f)
2365 5123 2461 5178 Ms.
2493 5125 2650 5179 Vien.
2683 5132 2738 5178 et
2779 5125 2907 5179 edit.
2939 5124 3114 5190 Grin.,
3167 5126 3445 5181 breviante.
3498 5125 3686 5181 Melius
3736 5127 3792 5183 in

2197 5195 2315 5249 aliis
2346 5195 2946 5266 c9dicibus_prawiqnte,
2981 5206 3039 5250 ut
3067 5212 3134 5250 ex
3163 5198 3512 5264 sequentibus
3536 5207 3702 5266 patet.

2271 5266 2346 5334 (g)
2378 5263 2455 5334 lta
2485 5280 2587 5318 ms.
2621 5263 2776 5334 Vien.
2806 5264 2983 5320 Ceteri
3007 5263 3254 5330 codices,
3270 5263 3623 5334 providebant.

2269 5333 2347 5404 (ii)
2378 5333 2468 5388 Sic
2497 5350 2597 5388 ms.
2629 5333 2783 5388 Vicn.
2811 5343 2866 5388 et
2895 5335 3156 5390 Latinius.
3189 5333 3278 5389 Sic
3304 5353 3519 5404 quoque
3558 5337 3608 5390 in
3638 5335 3790 5390 Psal-

2195 5405 2347 5458 teriis
2376 5405 2634 5474 quinque,
2666 5404 2720 5458 in
2748 5405 2994 5472 Vulgata,
3023 5405 3162 5472 apud
3193 5404 3336 5460 LXX
3366 5417 3421 5461 et
3453 5407 3511 5462 S.
3536 5405 3791 5474 Augusti-

2194 5490 2328 5527 num
2355 5474 2407 5527 in
2431 5472 2696 5530 Psalmos.
2728 5475 2787 5531 lu
2817 5475 2935 5532 aliis
2963 5476 3240 5532 codicibus
3263 5478 3465 5532 nostris
3493 5486 3609 5532 erat
3627 5472 3792 5530 'refri-

2201 5544 2416 5626 σενέρο..
2583 5612 2599 5626 .
2978 5617 2989 5626 .
3163 5617 3248 5626 -.
3337 5618 3349 5626 .
3443 5617 3455 5626 .
3569 5616 3598 5626 ..
3756 5615 3768 5626 .

2277 5615 2340 5682 (ί)
2369 5612 2467 5671 Ms.
2499 5612 2671 5672 codex
2702 5613 3049 5685 Viennensis,
3094 5634 3124 5672 e
3153 5617 3248 5673 Dei
3277 5616 3652 5678 misericordia,
3676 5615 3786 5684 qui,

2198 5693 2304 5739 etc.
