4006 6180
207 297 293 350 225

1593 272 1928 332 EPISTOLA
1970 271 2084 327 XV.

3381 269 3486 325 Ξεὸ

208 406 289 478 ipsi
316 404 382 458 ad
421 418 558 472 quos
595 397 913 455 beneficium
945 393 1276 464 pertinebat;
1313 389 1408 444 sed
1440 397 1553 442 tota
1581 400 1780 457 prope-
1813 390 1858 446 Α
1891 383 2126 438 tulistis?
2153 381 2204 436 id
2229 389 2314 436 est
2342 381 2412 434 de
2433 381 2605 436 sancti
2636 381 2935 452 presbyteri
2966 381 3144 436 Basilii
3175 381 3194 413 ³
3224 384 3482 451 negotio;

208 497 408 552 modum
424 494 628 564 Capua,
645 491 755 562 84
767 499 822 543 et
835 486 1186 543 celeberrima
1204 483 1349 538 urbis
1371 481 1537 551 ipsius
1556 478 1782 534 ecclesia

209 588 386 659 gaudio
412 585 712 657 presbyteri
739 577 1258 644 coexsultans,dedit
1283 575 1492 630 laudem
1522 575 1655 637 Deo,
1693 571 1786 640 qui

210 681 486 749 adjuvisset
515 691 807 748 pauperem
837 674 904 730 de
932 671 1308 737 mendicitate,
1355 676 1411 722 et
1456 666 1789 721 humiliasset

213 775 301 828 alta
344 773 571 826 divitum
614 769 806 833 corda,
838 776 898 822 ut
925 772 981 820 et
1010 765 1111 834 ipsi
1138 765 1372 818 habeant
1399 775 1546 831 spem
1574 768 1791 812 aeterna:

214 864 386 918 domus
414 863 469 916 in
499 863 719 917 civitate
757 857 1130 924 habitationis,
1164 856 1256 924 qui
1285 854 1429 921 digni
1474 852 1639 906 habiti
1667 857 1793 905 sunt

215 968 295 1023 per
333 953 699 1007 interventum
729 949 996 1005 sermonis
1025 949 1100 1001 tui
1131 946 1196 1000 ad
1228 946 1560 1000 intellectum
1590 944 1792 997 bonmn

219 1043 485 1097 illuminari
515 1061 528 1096 :
568 1057 678 1111 quo
703 1057 800 1111 per
826 1039 1002 1108 exigui
1026 1037 1282 1093 domicilii
1307 1035 1504 1104 justam
1535 1033 1795 1087 reforma-

220 1137 422 1198 tionem,
445 1144 710 1190 mteruum
737 1134 838 1188 sibi
862 1135 916 1187 in
937 1131 1143 1188 caelesti
1175 1129 1518 1184 tabernaculo
1546 1127 1797 1196 pauperis

222 1227 391 1289 sancti,
424 1241 454 1279 a
485 1241 598 1295 quo
623 1225 854 1280 invicem
898 1224 1226 1294 recipientur
1248 1222 1290 1286 ³,
1321 1220 1614 1290 hospitium
1640 1233 1798 1288 para-

223 1327 398 1371 verunt
419 1326 478 1368 ..ο

729 1402 1066 1460 EPISTOLA
1105 1404 1122 1423 '
1162 1401 1274 1455 XV.

225 1503 511 1560 Gratulatur
530 1504 790 1566 Amando,
809 1503 944 1569 quod
967 1501 1252 1570 Delphinus
1275 1517 1306 1552 a
1329 1500 1472 1570 graui
1495 1497 1802 1570 infirmitate

287 1575 556 1636 liberatus,
606 1576 842 1645 pristina:
876 1569 1102 1645 sanitati
1145 1573 1213 1624 sit
1257 1569 1518 1645 restitutus
1556 1585 1572 1621 :
1604 1569 1802 1637 gratias

287 1647 385 1715 agit
411 1646 477 1698 de
499 1640 748 1711 beneﬁcio
778 1645 832 1696 in
864 1642 1116 1715 Basiliam
1143 1640 1500 1715 presbyterum
1527 1656 1559 1691 a
1588 1655 1643 1715 se
1663 1653 1803 1689 cout-

286 1709 579 1768 rriendatum
600 1709 789 1768 collato
813 1729 828 1766 :
852 1713 1064 1766 comiter
1091 1709 1222 1765 ludit
1250 1711 1302 1764 in
1327 1709 1657 1764 Cardamatis
1680 1723 1804 1760 con-

291 1787 524 1839 liuentia.

191 1975 198 1981 π
289 1906 481 1961 Sancto
510 1913 568 1959 et
605 1904 802 1958 merito
831 1902 1144 1967 venerabili,
1186 1916 1250 1956 ac
1277 1899 1629 1960 dilectissimo
1657 1897 1807 1952 fratri

234 1998 455 2062 Amano,
490 1995 781 2050 Pitumnus.

293 2121 338 2175 1.
367 2119 695 2190 Excepimus
721 2116 1100 2172 Cardamatem
1146 2116 1202 2171 in
1250 2114 1446 2184 gaudio
1487 2113 1728 2170 caritatis
1755 2120 1812 2167 et

233 2214 589 2269 benedictione
618 2210 918 2266 dulcedinis
933 2208 1247 2264 afl‘ereutem
1267 2207 1422 2262 nobis
1443 2206 1622 2260 omnia
1645 2206 1807 2269 bona,

233 2305 420 2359 litteras
467 2303 672 2358 indices
719 2301 966 2356 sanitatis
1012 2307 1240 2366 vestras,
1283 2299 1604 2368 laztiﬁcantes
1652 2295 1812 2350 corda

234 2407 415 2464 nostra,
445 2407 496 2451 et
534 2396 791 2450 dulciores
841 2411 994 2464 super
1029 2393 1132 2447 mel
1171 2401 1221 2447 et
1249 2393 1424 2463 [avum
1464 2391 1490 2429 δ
1528 2409 1541 2444 :
1583 2405 1813 2459 quarum

231 2489 452 2542 suavitas
499 2487 639 2541 sicut
685 2487 866 2541 oleum
925 2484 1230 2554 penetravit
1289 2484 1545 2540 interiora
1593 2489 1813 2549 nostra,

233 2583 598 2635 ersultarerunt
619 2597 742 2635 ossa
762 2580 1033 2633 humiliata
1061 2589 1109 2647 ο,
1133 2585 1189 2633 et
1212 2578 1264 2632 in
1288 2591 1420 2632 voce
1439 2575 1816 2641 exsultationis

231 2672 450 2726 diximus
499 2669 729 2727 Domino
760 2688 778 2724 :
811 2670 1163 2740 Suscepimus,
1195 2667 1358 2734 Deus,
1405 2667 1814 2720 misericordiam

231 2770 362 2815 tuam
387 2763 434 2826 α,
457 2776 562 2831 qua
585 2761 816 2816 liberain
845 2763 860 2792 ⁸
885 2777 1160 2832 pauperem
1185 2759 1248 2812 de
1271 2769 1474 2830 potente
1501 2771 1546 2825 ο,
1574 2767 1624 2812 et
1650 2757 1818 2810 humi-

230 2855 321 2908 lem
349 2855 413 2908 de
439 2872 598 2908 manu
627 2855 861 2926 fortioris
899 2854 1013 2924 ejus
1047 2852 1090 2907 ί.
1141 2850 1544 2908 Concurrebaut
1585 2848 1819 2918 undique

233 2947 281 3000 in
307 2949 542 3002 animum
583 2963 760 3002 causa:
787 2947 1228 3015 gratulationum,
1253 2945 1396 3014 quod
1427 2943 1820 3012 accipiebamus

232 3037 430 3093 litteras
475 3048 704 3104 vestras,
754 3038 897 3107 quod
945 3037 1114 3092 nostri
1144 3050 1412 3091 memores
1438 3034 1820 3104 probabamus,

234 3129 364 3196 quod
388 3129 455 3183 ad
486 3139 671 3183 votum
702 3137 943 3183 nostrum
966 3128 1313 3182 audiebamus
1341 3126 1652 3188 incolumes,
1676 3124 1820 3194 quod
1846 3113 1894 3178 C

233 3217 306 3289 (α)
349 3221 628 3276 dominum
676 3236 855 3274 meum
901 3218 1278 3290 (Delphinum)
1326 3229 1532 3288 patrem
1581 3225 1820 3272 nostrum

233 3325 294 3363 ex
323 3313 472 3378 gravi
502 3321 558 3366 et
600 3312 757 3380 longa
807 3310 1118 3365 infirmitate
1164 3318 1411 3364 sanatum
1459 3309 1825 3377 cognosceba-

231 3416 362 3455 mus.
417 3402 492 3456 De
523 3412 756 3471 utroque
783 3411 1020 3456 vestrum
1051 3403 1254 3472 pariter
1297 3400 1548 3456 lzetificati
1598 3417 1780 3455 sumus
1807 3419 1820 3454 :

234 3495 351 3560 quia
381 3496 525 3550 sicut
553 3496 743 3550 eadem
774 3504 857 3554 est
888 3495 1180 3562 tribulatio,
1229 3510 1349 3563 qua:
1393 3495 1542 3548 illum
1573 3509 1823 3563 corpore,

234 3592 283 3638 te
307 3587 474 3641 corde
519 3587 859 3653 confecerat;
894 3588 963 3641 ita
995 3597 1049 3642 et
1077 3587 1263 3641 eadem
1296 3588 1562 3652 visitatio,
1603 3601 1721 3655 quae
1751 3586 1826 3640 illi

233 3675 468 3730 divinam
491 3693 651 3747 opem
674 3695 827 3748 super
852 3681 872 3710 ’
895 3680 1078 3733 lectum
1101 3679 1294 3732 doloris
1322 3688 1371 3747 κ,
1398 3687 1454 3732 et
1485 3678 1576 3732 tibi
1605 3673 1826 3742 refrige-

231 3766 364 3821 rium
387 3771 698 3824 securitatis
729 3771 779 3824 in
801 3772 961 3826 cubili
984 3771 1376 3839 compassionis
1397 3772 1668 3825 attulerat.
1722 3769 1827 3824 Sed

232 3860 589 3916 nihilominus
614 3863 917 3930 cogitantes
944 3879 1042 3918 nos
1073 3864 1214 3917 illius
1252 3863 1591 3932 mgrimonias
1631 3869 1685 3917 et
1715 3863 1830 3916 ani-

231 3970 376 4010 mum
407 3965 585 4017 tuum,
627 3957 941 4011 stimulabat
983 3966 1168 4012 uoster
1195 3956 1440 4021 affectus,
1482 3956 1627 4027 quod
1658 3957 1708 4010 in
1740 3957 1830 4010 illo

233 4047 606 4101 tribulationis
634 4057 826 4100 vestra:
871 4054 1112 4115 tempore
1142 4063 1240 4101 nos
1267 4047 1493 4102 forsitan
1522 4047 1639 4102 sani
1669 4055 1832 4116 atque

233 4141 393 4193 etiam
427 4141 541 4194 heti
570 4129 876 4194 fuissemus.
919 4139 1027 4194 Sed
1055 4142 1255 4208 gratias
1280 4141 1527 4204 Domino,
1559 4141 1648 4210 qui
1681 4140 1835 4207 igno-

231 4233 417 4286 rantia:
447 4233 667 4302 culpam
690 4232 920 4297 relaxat,
945 4247 1064 4298 nec,
1093 4242 1151 4287 ut
1174 4234 1487 4299 meruimus,
1512 4231 1637 4286 fecit
1658 4231 1832 4294 nobis;

231 4325 579 4391 praeveniens
620 4324 893 4376 tristitiam
925 4332 1163 4378 nostram
1195 4325 1572 4391 gratulatione,
1611 4339 1732 4378 cum
1761 4324 1834 4377 ita

231 4414 534 4480 providere
564 4413 816 4482 dignatus
841 4423 942 4479 est,
974 4423 1032 4468 ut
1071 4415 1402 4483 azgritudinis
1437 4424 1626 4470 vestra}
1655 4414 1832 4483 fugam

232 4505 421 4559 eodem
457 4505 643 4559 indice
672 4521 1049 4575 nosceremus,
1087 4507 1178 4575 qui
1222 4507 1425 4576 pariter
1472 4507 1741 4560 nuntiaret
1785 4517 1841 4560 et

233 4595 482 4650 reditum
551 4599 820 4653 sanitatis.

299 4690 413 4760 85
443 4689 504 4743 2.
542 4688 680 4754 Quid
702 4689 769 4744 de
795 4691 885 4743 illo
914 4700 1106 4746 vestra:
1135 4693 1435 4748 sanctitatis
1460 4709 1624 4763 opere
1646 4695 1840 4760 dicam,

233 4793 334 4846 quo
367 4791 601 4835 tantum
636 4782 790 4837 nobis
819 4785 981 4838 etiam
1033 4785 1096 4838 ad
1146 4787 1424 4854 pnesentis
1453 4788 1637 4854 gratiae
1665 4805 1849 4844 cumu-

236 4867 358 4938 lum,
393 4881 678 4942 quantum
709 4875 859 4929 vobis
879 4875 946 4929 ad
969 4877 1230 4932 mercedis
1243 4885 1456 4933 acterna:
1485 4881 1693 4950 capiam
1713 4898 1846 4940 cou-

301 5039 325 5067 ·
357 5031 502 5086 Luc.
535 5047 650 5099 xvi,
682 5031 734 5088 9.
814 5034 840 5072 δ
871 5033 1010 5090 Psal.
1041 5053 1190 5101 xvm,
1215 5036 1248 5089 9
1269 5047 1324 5092 et
1346 5038 1432 5093 11.

237 5096 315 5166 10,
354 5117 474 5158 sec.
521 5096 696 5155 Psalt.
740 5104 901 5159 Rom.

1516 5051 1537 5080 ο
1572 5041 1713 5096 Psal.
1745 5059 1794 5106 L,
1821 5043 1909 5098 10.

980 5117 1004 5153 ε
1036 5106 1176 5162 Psal.
1207 5125 1295 5174 χι,
1328 5109 1380 5163 4.
1457 5108 1481 5146 h
1508 5110 1650 5166 Psal.
1693 5113 1965 5174 xxtx,'12.

1887 475 2039 543 cujus
2065 474 2327 544 planctum
2347 474 2662 526 courertistis
2685 474 2737 526 in
2759 474 3002 543 gaudium
3034 470 3077 538 δ,
3102 483 3158 528 et
3178 481 3489 531 senectutem

1889 566 2268 634 composuistis
2295 565 2348 618 in
2380 564 2734 618 misericordia
2761 564 2906 617 uberi
2941 561 2980 616 ί.
3019 564 3179 619 Facta
3209 571 3292 619 est
3318 565 3374 618 in
3401 573 3491 620 ta-

1891 656 2167 711 bernaculo
2197 656 2312 724 ejus
2349 672 2444 709 vox
2474 656 2671 710 (milia:
2709 666 2756 709 et
2785 656 2965 709 salutis
2995 657 3010 706 t
3055 673 3066 708 :
3101 671 3276 724 neque
3313 663 3493 713 cessat

1892 764 2014 803 cum
2047 756 2160 801 tota
2197 747 2270 818 (b)
2301 746 2462 801 domo
2504 763 2600 800 sua
2643 747 2882 815 gaudens
2937 747 3188 802 consonis
3234 746 3490 803 Ecclesun

1893 838 2346 906 gratulationibus
2375 837 2695 892 benedicere
2728 839 3008 892 Dominum
3031 882 3043 904 ,
3079 839 3168 909 qui
3193 841 3492 908 respexerit

1895 930 2256 985 humilitatem
2304 929 2420 997 ejus
2441 927 2489 994 ιε,
2531 938 2586 983 et
2615 929 2923 998 religaverit
2961 931 3314 984 contritiones
3343 931 3487 999 ejus;

1896 1031 1949 1077 et
1972 1039 2066 1077 eos
2093 1023 2183 1092 qui
2207 1021 2612 1090 gratulabantur
2650 1021 2806 1075 malis
2834 1024 2950 1089 ejus
2978 1022 3292 1076 confusione
3320 1021 3493 1092 perfu-

1895 1112 2066 1168 deritl
2091 1131 2104 1178 ;
2130 1115 2302 1183 ipsum
2325 1127 2454 1170 vero
2475 1113 2747 1167 conscisso
2779 1114 3007 1168 tristitia:
3035 1129 3190 1168 sacco
3206 1123 3266 1181 ω,
3298 1115 3492 1168 laetitia:

1896 1205 2082 1272 vigore
2105 1204 2463 1273 prteciuxerit.

1969 1296 2026 1350 5.
2072 1295 2226 1349 Uude
2249 1296 2505 1365 pr0°ipsis
2531 1296 2784 1350 fratribus
2813 1296 3038 1360 nostris,
3081 1312 3218 1367 quos
3247 1307 3372 1352 ante
3400 1312 3492 1353 ro-

1899 1388 2013 1455 gari
2043 1402 2482 1456 poposccramus,
2516 1403 2658 1440 nunc
2695 1389 3102 1442 unanimitatem
3140 1397 3372 1444 vestram
3397 1405 3494 1459 pe--

1902 1480 2094 1543 timus,
2129 1486 2186 1531 ut
2214 1493 2309 1532 eos
2339 1480 2478 1531 ultra
2521 1478 2738 1531 solitum
2780 1478 3028 1533 affectum
3061 1478 3331 1547 diligatis;
3373 1481 3494 1536 etsi

1902 1571 2043 1626 forte
2073 1571 2170 1640 ipsi
2203 1569 2564 1637 Burdigalam,
2599 1578 2658 1623 ut
2678 1570 2884 1631 solent.
2917 1571 3184 1638 venerint,
3214 1571 3495 1641 praesenti-

1831 1700 1836 1707 -
1905 1661 2004 1716 bus
2031 1662 2230 1730 gratias
2250 1662 2412 1715 etiam
2437 1660 2504 1714 de
2525 1668 2831 1715 nostrorum
2861 1677 3112 1716 sensuum
3141 1678 3203 1716 ae
3231 1664 3496 1719 viscerum

1838 1750 1880 1808 lt
1907 1749 2190 1806 affectione
2219 1751 2474 1804 reddatis.
2507 1749 2611 1803 Aut
2643 1751 2688 1804 si
2717 1750 2867 1805 tarda
2909 1750 3068 1806 fuerit
3092 1768 3279 1806 eorum
3309 1755 3461 1823 copia
3480 1793 3497 1818 ,

1910 1859 2030 1899 cum
2061 1843 2230 1914 prima
2257 1842 2487 1898 adfuerit
2512 1844 2747 1910 occasio,
2769 1845 3059 1912 dignamini
3081 1845 3159 1899 eis
3186 1847 3500 1914 gratulatio-

1910 1952 2034 1991 nem
2062 1936 2332 1998 debitam,
2364 1943 2418 1990 et
2458 1937 2703 1990 meritam
2743 1937 3173 1991 benedictionem
3213 1939 3391 2007 operis
3419 1939 3501 1994 sui

1912 2029 2147 2091 mittere,
2181 2035 2237 2080 ut
2271 2029 2446 2082 sciant
2473 2033 2526 2081 et
2565 2027 2864 2095 intelligant
2892 2042 3053 2096 quam
3082 2037 3361 2098 acceptum
3388 2027 3501 2083 Deo

1911 2118 2234 2175 sacrificium
2265 2119 2511 2173 dederint
2530 2119 2633 2173 hac
2653 2118 2958 2173 obedientia
2983 2117 3104 2173 fidei
3131 2135 3260 2184 sum,
3279 2135 3383 2189 qua
3408 2135 3504 2190 pe-

1912 2210 2158 2264 titionem
2190 2217 2426 2262 uostram
2452 2208 2505 2261 in
2530 2210 2708 2262 vestro
2724 2208 2743 2237 *
2768 2209 3073 2263 interventu
3089 2209 3392 2264 exorabiles
3419 2224 3506 2264 re-

1913 2311 2204 2372 ceperunt;
2233 2300 2386 2355 nobis
2407 2290 2622 2369 quidem
2653 2298 2906 2367 gaudium
2936 2314 3170 2369 praesens
3193 2299 3260 2354 de
3288 2315 3385 2354 sua
3407 2300 3507 2355 de-

1914 2396 2134 2450 votione
2155 2401 2512 2464 praestantes;
2545 2392 2638 2446 sed
2660 2391 2817 2445 saluti
2845 2407 2954 2446 sum
2977 2400 3237 2446 mternum
3260 2398 3507 2446 commo—

1917 2486 2044 2542 dum
2069 2485 2430 2556 providentes.
2458 2482 2590 2537 Nam
2620 2485 2720 2538 etsi
2736 2483 2976 2537 debitum
3005 2483 3074 2553 (c)
3100 2481 3510 2550 fecerintagno-

1915 2577 2116 2633 scendo
2152 2575 2444 2645 justitiam,
2476 2582 2537 2628 ut
2564 2575 2795 2629 alienu-u
2826 2575 2976 2630 reddi
3001 2575 3285 2643 juberent;
3330 2583 3510 2630 tamen

1918 2671 2091 2739 gratia
2123 2669 2342 2737 largiter
2369 2667 2614 2722 habenda
2643 2667 2788 2736 digni
2810 2675 2935 2721 sunt
2955 2683 3054 2737 pro
3086 2668 3201 2737 ipso
3235 2668 3390 2723 bona:
3411 2684 3512 2723 vo-

1919 2763 2140 2817 luntatis
2192 2760 2403 2826 affectu,
2453 2775 2562 2829 quo
2602 2769 2894 2830 potuerunt
2943 2760 3261 2828 transgredi,
3309 2769 3365 2814 et
3405 2776 3513 2815 non

1918 2863 2044 2910 sunt
2074 2853 2390 2920 transgressi
2411 2861 2472 2918 n;
2503 2859 2559 2904 et
2579 2851 2880 2905 maluerunt
2905 2850 2958 2904 id
2989 2849 3164 2904 facere
3185 2850 3327 2919 quod
3350 2866 3514 2921 expc-

1921 2946 2133 3009 diebat,
2166 2961 2327 3014 quam
2358 2942 2502 3013 quod
2537 2942 2763 3007 licebat;
2793 2949 2847 2995 et
2875 2941 3021 3009 quod
3051 2950 3159 2994 tam
3190 2941 3438 2995 absoluto
3461 2951 3515 2997 et

1925 3055 2062 3110 puro
2091 3039 2254 3094 corde
2289 3036 2442 3092 uobis
2462 3050 2650 3106 parere
2670 3035 2872 3103 dignati
2907 3044 3049 3099 sunt,
3084 3043 3141 3086 ut
3169 3033 3236 3087 de
3259 3033 3516 3088 beneficio

1924 3148 2111 3188 eorum
2135 3129 2396 3200 disputari
2436 3144 2544 3182 non
2572 3136 2756 3197 poSset
2789 3145 2800 3178 :
2833 3125 3268 3194 quandoquidem
3298 3124 3518 3179 domum

1926 3238 2077 3278 suam
2102 3229 2291 3278 sancto
2317 3220 2660 3291 presbytero,
2699 3219 2908 3272 etiamsi
2937 3219 3211 3288 propriam
3253 3233 3359 3273 non
3388 3234 3518 3288 pro-

1926 3317 2109 3377 baret,
2145 3312 2349 3368 restitui
2380 3320 2558 3366 tamen
2602 3312 2719 3365 sine
2760 3308 3075 3365 difficultate
3113 3311 3418 3379 jusserunt;
3462 3319 3521 3366 ut

1927 3425 2069 3476 eam,
2099 3409 2142 3462 si
2173 3407 2242 3462 de
2273 3407 2348 3476 (ιι)
2378 3423 2476 3461 suo
2494 3404 2613 3473 jure
2637 3421 2742 3458 nou
2773 3411 2976 3473 posset,
2999 3403 3066 3458 de
3107 3403 3318 3458 illorum
3343 3412 3522 3460 tamen

1927 3517 2151 3554 munere
2198 3501 2517 3569 possideret.
2565 3497 2749 3567 Neque
2804 3495 3158 3566 perdiderunt
3200 3496 3359 3563 hujus
3412 3503 3524 3552 tam

1927 3602 2126 3647 sancta:
2154 3581 2490 3644 liberalitatis
2518 3589 2742 3654 gratiam
2778 3605 2790 3638 :
2820 3603 2942 3639 nam
2966 3587 3047 3639 vir
3086 3587 3201 3654 ipse
3245 3588 3523 3642 sanctissi-

1930 3701 2066 3746 tnus,
2100 3685 2184 3737 cui
2212 3681 2467 3734 Dominus
2490 3678 2642 3746 juxta
2673 3679 2922 3732 meritum
2955 3693 3050 3730 vos
3077 3679 3144 3746 (e)
3191 3679 3526 3733 intervento-

1927 3791 2016 3831 res
2046 3773 2296 3844 providit,
2329 3771 2402 3823 ita
2431 3768 2732 3836 gratulatur
2751 3776 2806 3821 et
2827 3767 3112 3836 pnedicat,
3141 3777 3412 3837 tam-luam
3441 3771 3524 3825 iu-

1929 3846 2171 3922 debitum.
2193 3879 2384 3918 mimus
2426 3861 2716 3929 acCcperit.
2745 3859 2849 3914 Sed
2883 3861 3012 3930 ipsis
3036 3858 3290 3916 fratribus
3326 3864 3526 3918 nostris

1931 3957 2093 4014 modo
2115 3954 2442 4026 respondere
2470 3951 2792 4017 distulimus,
2823 3952 2947 4020 quia
2973 3967 3070 4022 per
3095 3952 3331 4022 ipsorum
3351 3954 3526 4008 homi-

1934 4070 2029 4110 nes
2058 4052 2253 4122 szepius
2276 4050 2342 4103 de
2365 4047 2658 4118 Campania
2689 4055 3078 4110 commeantes,
3111 4047 3528 4115 opportuniores

1933 4145 2249 4202 occasiones
2272 4158 2378 4196 non
2394 4141 2644 4206 deerunt,
2674 4153 2794 4208 qua:
2814 4139 2996 4192 statim
3013 4137 3080 4192 ad
3103 4139 3268 4208 ipsos,
3294 4138 3533 4194 ubicum-

1933 4255 2038 4310 que
2061 4245 2203 4299 sunt,
2235 4236 2300 4307 (ι’)
2331 4234 2581 4302 dirigant.

2007 4330 2060 4383 4.
2100 4328 2178 4382 De
2200 4325 2518 4382 Cardamate
2540 4324 2655 4393 ipso
2683 4339 2790 4377 nou
2818 4324 3081 4378 modicam
3102 4340 3199 4379 nos
3218 4325 3532 4395 germani—

1939 4422 2110 4477 mitati
2150 4429 2252 4474 tua:
2290 4418 2517 4486 gratiam
2540 4416 2736 4470 debere
2758 4415 3095 4485 profitemur,
3125 4433 3285 4486 quem
3309 4433 3415 4471 non
3440 4433 3531 4472 so-

1944 4517 2052 4570 lum
2077 4511 2375 4567 ministerio
2396 4517 2729 4580 provectum,
2746 4509 2838 4562 sed
2865 4518 2920 4562 et
2948 4510 3138 4578 spiritu
3164 4509 3534 4579 proficientem

1944 4604 2298 4676 recepimus".
2322 4600 2456 4655 Nam
2485 4616 2604 4654 cum
2629 4601 2682 4652 in
2712 4599 2899 4653 diebus
2919 4598 3351 4667 Quadragesimae
3372 4599 3536 4653 adve-

1950 4701 2136 4761 nisset,
2162 4703 2218 4751 et
2245 4710 2369 4749 eum
2400 4700 2459 4748 ut
2485 4692 2737 4746 clericum
2770 4689 3005 4746 fraterno
3031 4691 3433 4760 excepissemus
3461 4691 3542 4748 af-

1948 4791 2110 4850 fectu,
2143 4786 2454 4858 quotidiana
2484 4782 2688 4852 jejunia
2719 4798 2824 4836 non
2873 4782 3099 4850 refugit,
3148 4791 3202 4837 et
3247 4798 3538 4854 pauperem

1952 4883 2252 4941 mensulam
2281 4877 2620 4947 vespertinus
2646 4875 2871 4929 conviva
2895 4890 3000 4930 non
3036 4875 3374 4931 horruit“.Et
3394 4878 3539 4946 quod

2571 5043 2594 5071 θ
2623 5033 2766 5087 Psal.
2795 5049 2937 5096 Lxxi,
2969 5033 3055 5087 1‘2.

2587 5108 2600 5154 t
2640 5103 2782 5157 Psal.
2814 5120 2974 5170 cxvu,
3001 5103 3087 5158 15.

1987 5038 2012 5077 ἀ
2046 5038 2186 5094 Psal.
2214 5051 2378 5099 van,
2405 5034 2490 5089 10.

3138 5033 3156 5072 τ
3168 5033 3328 5104 Ρεηῐ.
3360 5052 3544 5104 xxxrv,

2071 5109 2236 5163 iPsal.
2273 5122 2380 5173 χοι,
2421 5106 2508 5159 11.

3167 5103 3190 5140 ¹ι
3225 5105 3355 5161 Luc.
3389 5123 3424 5164 ι.
3454 5103 3540 5160 48.

241 5171 258 5210 ι
287 5174 430 5234 Ρδειι.
466 5189 664 5242 οχινι,
687 5175 1015 5243 5;εῑχχχιν,
1046 5177 1137 5232 ‘26.
1213 5189 1250 5215 ιι·
1280 5171 1422 5233 Psal.
1457 5197 1604 5246 xxix,
1638 5183 1722 5244 12,
1751 5199 1819 5238 584

1921 5183 2121 5238 ’salter.
2152 5179 2308 5233 Rom.
2337 5171 2392 5231 et
2419 5184 2594 5230 vetus.
2671 5183 2698 5210 ιι
2730 5173 2895 5230 Eccli.
2922 5191 3048 5229 xxxx
3069 5217 3082 5242 ,
3113 5175 3192 5229 10.

303 5338 321 5354 ‘
352 5336 515 5390 Alias
548 5333 653 5399 25;
685 5349 804 5402 quae
853 5341 1032 5386 autem
1063 5333 1133 5387 25
1163 5342 1314 5404 erat,
1346 5350 1486 5389 nunc
1518 5333 1603 5389 10.
1635 5334 1848 5405 Scripta

238 5419 374 5459 anno
399 5406 516 5459 598
548 5414 607 5474 et
636 5405 794 5458 missa
826 5418 948 5474 eum
975 5405 1274 5474 superiore.

302 5476 382 5546 fa)
416 5475 529 5530 Ms.
574 5473 792 5543 Regius,
838 5473 1066 5528 domum.
1099 5474 1198 5528 Ms.
1225 5475 1404 5536 Vien.,
1436 5473 1716 5529 Dominum
1746 5493 1844 5530 no-

238 5556 419 5600 strum.
1623 5560 1636 5564 ’-

234 5699 266 5753 q
302 5615 535 5742 munis.
579 5613 735 5685 Reg,
780 5617 958 5672 domu.
997 5615 1088 5672 Sic
1115 5623 1327 5674 veteres
1349 5622 1404 5671 et
1435 5614 1576 5672 idem
1599 5631 1700 5672 ms.
1732 5613 1844 5674 fre-

271 5701 370 5742 UCtI
415 5703 487 5739 δι’.

271 5701 487 5742 ucttler.

2140 5331 2239 5386 Ms.
2272 5330 2426 5386 Vieu.
2440 5373 2453 5393 ,
2488 5331 2736 5402 fecerunt.

2148 5402 2460 5458 Addidimus
2491 5401 2600 5456 suo
2648 5417 2716 5456 ex
2746 5417 2845 5456 ms.
2882 5401 3014 5472 Reg.
3074 5409 3129 5458 et
3170 5401 3300 5458 edit.
3332 5403 3462 5459 Bad.
3491 5410 3552 5460 et

2051 5332 2100 5402 ο)

2051 5403 2104 5473 ά)

1957 5473 2108 5530 Grin.

2030 5545 2101 5614 (ε)
2141 5541 2345 5598 Eadem
2373 5541 2597 5614 ngtione
2619 5541 2823 5614 _fsaias
2862 5541 3058 5600 dicitur
3106 5541 3347 5599 Ezechia:
3392 5543 3558 5599 intra.

1959 5611 2138 5670 venter
2165 5628 2333 5668 carm.
2365 5611 2455 5673 25,
2486 5627 2541 5666 v.
2576 5611 2699 5667 195.

2031 5684 2100 5755 (Π
2141 5682 2239 5738 Ms.
2271 5681 2428 5737 Vien.
2461 5682 2769 5754 dirigantur.
