4006 6180
494 302 595 356 227

1630 302 1686 358 S.
1731 301 2002 359 PAULINI
2041 304 2290 361 NOLANI
2330 306 2638 365 EPISCOPI

3666 325 3761 380 293

486 421 655 488 magis
676 418 868 473 mirum
898 426 1010 483 est,
1041 416 1297 473 calicibus
1328 416 1525 472 nostris
1545 426 1831 473 contentus
1863 419 1991 481 fuit;
2022 430 2075 474 ut
2111 430 2152 483 Α
2183 438 2348 485 vens,
2383 442 2450 480 ne
2478 427 2690 481 viderer
2718 435 3018 485 communis
3044 432 3401 490 observantur
3431 437 3658 493 studium
3684 442 3763 497 in-

484 512 904 580 mtelligeremus
952 510 1101 565 illum
1152 510 1296 579 apud
1347 509 1692 564 sanctitatem
1718 520 1952 565 vestram
2000 513 2077 583 (τι)

483 604 844 668 emendatum,
902 603 1041 657 sicut
1088 617 1158 656 ex
1204 602 1464 671 Apostolo
1500 611 1526 639 ι
1552 602 1781 667 erudiri;
1832 618 1933 658 nec
1967 604 2078 672 jam

483 696 666 751 modio
690 696 783 751 sed
806 695 1016 750 modico
1043 695 1203 759 vino,
1234 711 1343 765 quo
1374 712 1480 750 non
1510 704 1703 750 venter
1731 696 2073 762 distenditur,

482 787 579 843 sed
603 804 697 843 cor
727 788 1053 852 lmtilicatur,
1086 788 1340 842 inebriari
1367 788 1462 858 (V.
1490 796 1600 843 not.
1640 788 1730 859 46)
1771 789 1837 843 ad
1867 792 2077 847 sobrie-

482 885 669 947 tatem,
711 878 938 947 spiritali
988 878 1206 948 crapula
1248 885 1552 932 ructantem
1606 877 1721 933 Deo
1750 881 1767 910 ⁷
1798 880 2073 951 hymnum,

482 987 646 1040 quem
674 987 780 1024 non
810 970 928 1025 solo
957 985 1052 1024 ore
1077 970 1298 1031 vocalis,
1324 969 1415 1023 sed
1447 978 1502 1024 et
1520 971 1682 1025 tacito
1708 971 1870 1028 corde
1890 972 2081 1027 decan-

484 1067 580 1121 tat,
613 1060 705 1129 qui
726 1059 1064 1113 voluntatem
1095 1059 1302 1112 Domini
1347 1058 1488 1113 ﬁdeli
1520 1058 1595 1129 (b)
1626 1061 1817 1129 recipit
1855 1062 2070 1127 auditu,

482 1151 574 1219 pio
602 1158 786 1203 narrat
813 1150 1049 1217 eloquio,
1074 1156 1129 1202 et
1150 1156 1372 1203 strenuo
1402 1149 1589 1218 implet
1610 1149 1822 1205 eﬂ'ectu.
1857 1151 2077 1206 Benedi-

481 1250 592 1295 ctus
616 1240 896 1303 Dominus,
932 1239 1019 1309 qui
1060 1240 1187 1306 facit
1215 1239 1475 1292 mirabilia
1505 1237 1551 1291 δ.
1588 1237 1688 1301 Qui
1715 1242 1959 1294 conrertit
1989 1260 2075 1294 ru-

481 1346 597 1400 pem
642 1331 697 1382 in
746 1344 906 1399 aquas
941 1340 985 1392 ε,
1017 1327 1391 1381 Cardamatem
1433 1336 1487 1381 et
1515 1329 1767 1382 clericum
1820 1330 1965 1397 fecit,
2019 1340 2076 1385 ut

485 1420 556 1489 (c)
584 1418 862 1483 videmus;
894 1426 949 1471 et
990 1418 1263 1481 sobrium,
1310 1424 1370 1470 ut
1404 1416 1694 1472 credimus.
1732 1418 1863 1473 Nam
1903 1430 1958 1474 ut
1981 1438 2073 1475 so-

481 1514 730 1567 lemnitas
744 1511 1016 1566 Paschalis
1040 1511 1116 1580 (d)
1148 1511 1425 1565 revocavit
1452 1511 1567 1565 dies
1596 1512 1960 1580 prandiorum,
1996 1515 2075 1568 in-

480 1604 712 1673 cipiebat
744 1604 897 1656 nobis
934 1602 1076 1655 circa
1119 1602 1399 1655 meridiem
1437 1619 1810 1672 murmurare,
1847 1606 2070 1659 dicens:

2183 515 2343 569 solita
2384 532 2414 569 a
2459 526 2511 571 te
2557 519 2685 573 mihi
2740 521 3063 589 negligentia
3116 528 3415 594 pneterire,
3467 531 3559 585 sed
3605 534 3764 592 multo

2181 607 2344 661 etiam
2394 608 2525 662 illud
2557 612 2744 679 magis,
2774 629 2841 667 ne
2882 614 2949 669 de
2977 623 3067 670 tua
3110 619 3163 672 in
3197 620 3362 674 Deum
3403 631 3581 679 mente
3620 642 3765 684 secus

2181 699 2433 753 crederer
2454 700 2718 769 judicare,
2751 704 2795 759 si
2826 720 3041 762 onmem
3083 712 3355 767 scribendi
3402 715 3497 769 tibi
3527 721 3764 776 occasio-

2181 803 2302 843 nem
2344 790 2594 859 diligens,
2641 810 2739 862 per
2782 796 2928 851 viros
2974 799 3249 868 religionis
3302 803 3646 862 insalutatum
3693 819 3761 878 te,

2180 887 2455 949 tamquam
2486 898 2517 937 a
2546 886 2744 939 sanctis
2773 886 3078 943 hominibus
3107 892 3485 949 abhorrentem
3506 937 3520 961 ,
3551 907 3764 967 praster-

2179 974 2477 1040 mitterem;
2509 993 2631 1032 cum
2678 989 2826 1034 certe
2873 982 3146 1037 studiosus
3186 986 3478 1042 Christiani
3506 992 3761 1059 nominis,

2178 1068 2667 1138 comprobatorque
2695 1074 2957 1140 propositi
2985 1076 3146 1129 etiam
3172 1079 3339 1132 nostri
3366 1095 3552 1137 amore
3579 1084 3763 1139 docea-

2176 1155 2270 1210 ris.
2298 1154 2520 1226 Suscipe
2550 1159 2713 1227 igitur
2742 1162 2913 1217 libens
2933 1205 2948 1231 ,
2994 1180 3101 1219 non
3132 1166 3252 1220 illos
3292 1182 3359 1221 ex
3382 1171 3516 1225 meis
3547 1172 3761 1243 litteris,

2176 1248 2272 1301 sed
2324 1248 2530 1304 litteras
2559 1268 2706 1307 meas
2737 1254 2803 1308 de
2853 1255 2956 1309 illis
2997 1258 3261 1325 probans,
3314 1262 3406 1330 qui
3444 1277 3651 1319 sununa
3695 1267 3765 1321 id-

2184 1339 2357 1408 ipsum
2389 1343 2673 1397 sanctitate
2703 1356 2976 1411 curarunt,
3019 1360 3079 1401 ut
3124 1351 3366 1419 religioni
3402 1354 3660 1410 haberent
3686 1359 3763 1412 vel

2177 1433 2405 1501 patriam
2435 1442 2490 1488 te
2521 1452 2628 1490 non
2671 1437 2921 1494 adeundo
2964 1441 3228 1507 revisere,
3272 1446 3354 1498 vel
3402 1455 3453 1500 te
3499 1449 3616 1502 sine
3643 1451 3783 1504 meis’

2176 1526 2390 1595 scriptis
2418 1526 2584 1583 adire.
2615 1527 2753 1599 Apte
2774 1540 2952 1585 autem
2980 1535 3107 1587 mihi
3130 1536 3242 1589 visa
3273 1546 3355 1590 est
3380 1538 3445 1591 ad
3479 1540 3529 1593 id
3559 1556 3767 1610 quoque

2179 1616 2485 1686 hujusmodi
2517 1621 2919 1678 tabellariorum
2950 1642 3179 1695 persona
3209 1644 3537 1697 congruere,
3582 1643 3641 1687 ut
3676 1636 3766 1688 ali-

480 1693 707 1748 Exaruit
730 1695 861 1746 sicut
884 1696 1053 1793 testa,“
1068 1701 1254 1760 guttur
1267 1709 1468 1760 meum,
1496 1703 1545 1747 et
1568 1695 1745 1766 lingua
1769 1714 1879 1749 mea
1904 1699 2082 1751 adliw-
2179 1708 2306 1777 quid
2333 1709 2400 1763 de
2421 1711 2645 1780 pristina
2676 1712 2764 1767 illa
2787 1693 3014 1784 epistola
3040 1693 3426 1787 responderem
3458 1693 3586 1789 tibi,
3616 1740 3765 1793 quam

478 1783 547 1837 sit
594 1781 824 1853 faucibus
854 1784 981 1835 meis
1011 1779 1057 1833 ἀ.
1110 1781 1312 1851 Defecit
1361 1784 1539 1835 anima
1596 1801 1728 1847 mea,
1782 1793 1839 1839 et
1891 1796 2066 1840 vente:

2185 1806 2240 1853 tu
2289 1801 2356 1855 ad
2386 1802 2504 1855 illas
2532 1804 2661 1857 mihi
2692 1804 2930 1873 litteras,
2975 1810 3169 1878 quibus
3214 1812 3551 1869 manifestum
3585 1779 3764 1873 divina:

478 1887 661 1934 meus;
690 1881 746 1925 et
775 1887 803 1925 a
835 1871 973 1925 fame
1003 1880 1057 1925 et
1083 1871 1173 1924 siti
1201 1874 1220 1904 ⁹
1244 1872 1575 1926 adhaeserunt
1616 1890 1735 1927 ossa
1780 1892 1896 1929 mea
1929 1878 2077 1931 carui

479 1978 604 2015 mea:
629 1970 674 2013 θ.
702 1960 915 2030 Rcspon
936 1962 1145 2015 iebatur
1170 1961 1242 2015 illi
1264 1961 1480 2029 quidem
1515 1981 1527 2015 :
1560 1961 1689 2029 Fili,
1712 1965 1767 2018 in
1791 1966 2078 2021 humilitate

476 2055 689 2115 sustine,
714 2062 763 2106 et
792 2053 1209 2123 concupiscentia
1232 2054 1421 2105 ventris
1436 2069 1538 2106 non
1566 2055 1921 2123 apprehendat
1950 2066 1997 2110 te
2031 2056 2074 2124 ί,

476 2146 599 2216 quia
629 2162 730 2199 non
759 2146 810 2197 iu
840 2160 975 2213 pane
1019 2143 1130 2197 solo
1157 2144 1274 2196 rivit
1314 2143 1465 2197 homo
1484 2183 1499 2206 ,
1528 2144 1620 2197 sed
1650 2146 1706 2197 in
1747 2148 1888 2199 omni
1926 2148 2076 2202 verbo

476 2237 575 2291 Dei
607 2246 653 2289 tt.
685 2235 778 2289 llle
799 2244 977 2287 autem
1007 2235 1140 2286 sicut
1184 2233 1372 2286 surdus
1418 2251 1522 2288 non
1562 2235 1825 2298 audiebat,
1857 2245 1912 2291 et
1945 2240 2076 2293 sicut

475 2327 682 2398 uspides
716 2326 889 2379 surda:
928 2323 1199 2377 obturabat
1227 2324 1375 2376 nobis
1415 2340 1566 2377 aures
1608 2342 1728 2379 suas
1759 2324 1807 2393 ¹¹,
1836 2327 1931 2381 sed
1961 2329 2073 2383 fru—

475 2430 606 2475 stra.
641 2418 721 2472 Ad
751 2416 1032 2487 prandium
1070 2414 1325 2484 cupiebat
1362 2415 1586 2485 implere
1609 2425 1852 2470 ventrem
1878 2433 2072 2483 suum,

474 2516 530 2564 et
557 2524 716 2562 nemo
747 2506 820 2560 illi
850 2505 933 2559 vel
963 2504 1208 2573 siliquam
1239 2502 1400 2557 dabat
1436 2503 1478 2568 ί,
1510 2503 1683 2560 donec
1706 2506 1721 2572 (
1741 2504 1800 2558 V.
1835 2516 1948 2561 not.
1978 2506 2070 2576 47)

473 2602 541 2655 ad
571 2613 851 2668 vesperum
880 2595 1174 2650 declinaret
1201 2594 1344 2659 dies;
1376 2602 1432 2648 et
1470 2594 1671 2666 hymno
1702 2595 1847 2651 dicto
1875 2612 2070 2665 quam-

473 2692 603 2745 libet
633 2689 798 2744 tristis
826 2686 1061 2755 defame
1084 2684 1314 2754 prandii,
1352 2684 1658 2754 placaretur
1699 2686 1853 2740 nobis
1880 2686 1948 2740 de
1980 2702 2068 2741 rc-

472 2782 705 2838 fectione
734 2778 1004 2836 cmnandi.
1038 2776 1144 2831 Sed
1191 2791 1258 2830 ne
1285 2775 1483 2831 diutius
1521 2774 1758 2845 jocaudo
1789 2776 2070 2831 videamur

472 2872 718 2943 iujuriam
750 2870 924 2924 facere
951 2868 1199 2935 gravitati
1223 2866 1357 2935 ejus,
1390 2881 1508 2935 qua:
1523 2865 1635 2934 jam
1659 2867 1711 2920 in
1735 2866 1999 2922 stillicidis
2026 2869 2068 2899 ¹⁰

471 2964 784 3036 poculorum
833 2961 1003 3029 magis
1050 2959 1286 3023 laetatur,
1332 2972 1494 3027 quam
1536 2958 1588 3011 in
1620 2958 1881 3012 ebrietate
1920 2958 2066 3013 rivo-

470 3072 610 3123 rum,
638 3056 703 3110 de
725 3053 1021 3110 commodis
1049 3052 1165 3121 ejus
1192 3052 1335 3106 serio
1359 3051 1551 3119 loquar
1575 3069 1586 3102 :
1613 3050 1888 3105 Mulierem
1911 3066 2062 3105 suam

2179 1894 2463 1959 potestatis
2492 1895 2542 1948 in
2573 1895 2877 1966 elementis,
2906 1907 2964 1954 et
2983 1916 3126 1956 cura:
3165 1904 3303 1959 circa
3335 1919 3433 1960 nos
3455 1907 3764 1967 beneﬁcium

2177 1983 2610 2052 pnedicaveram,
2642 1988 2890 2043 retulisti.
2922 1991 3055 2045 Nam
3088 1994 3330 2061 profecto
3360 1997 3561 2052 retines
3596 2016 3679 2054 me
3701 2003 3763 2057 de

2178 2073 2283 2126 tuis
2306 2075 2545 2143 scriptis,
2574 2075 2627 2129 id
2664 2076 2731 2131 de
2757 2093 2863 2146 quo
2890 2088 3016 2136 tunc
3054 2084 3326 2150 gratulans
3349 2088 3729 2155 responderam
3746 2130 3761 2157 ,

2174 2167 2535 2235 comperisse;
2567 2168 2709 2223 unde
2739 2186 3042 2234 suaseram,
3084 2191 3149 2228 ne
3178 2178 3390 2231 casibus
3430 2177 3525 2233 Dei
3576 2198 3763 2237 munus

2174 2256 2540 2324 adscriberes;
2565 2268 2620 2314 et
2644 2261 2721 2332 (Ιι)
2754 2261 2892 2318 forte
2916 2266 3086 2334 magis
3115 2282 3275 2335 quam
3302 2269 3527 2327 Numine
3547 2276 3763 2331 arbitra-

2174 2348 2308 2401 reris
2337 2358 2620 2417 argentum
2651 2352 2779 2406 illud
2809 2356 2980 2410 sancti
3002 2361 3313 2414 commercii
3348 2362 3489 2417 inter
3515 2365 3762 2423 hibernos

2174 2437 2412 2493 turbines
2440 2448 2494 2493 et
2518 2448 2709 2496 nautas
2729 2458 2945 2513 avaros,
2976 2448 3175 2503 amisso
3197 2452 3440 2517 custode,
3470 2466 3759 2523 servatum,

2171 2529 2223 2583 in
2255 2529 2381 2584 illud
2405 2532 2740 2601 potissimum
2764 2536 2913 2593 littus
2942 2537 3111 2607 ejecta
3134 2543 3275 2607 navi,
3302 2543 3353 2596 in
3374 2559 3482 2612 quo
3505 2545 3762 2605 familiare

2178 2616 2337 2669 nobis
2360 2616 2640 2684 oppidum,
2667 2618 2763 2672 tibi
2784 2622 3175 2689 patrimonium
3205 2627 3493 2682 tutissimis
3516 2644 3634 2683 rem
3657 2644 3750 2684 no-

2176 2706 2342 2759 stram
2365 2706 2579 2763 sinibus
2605 2723 2919 2783 exceperat.

2241 2800 2295 2855 2.
2331 2803 2437 2857 Sed
2468 2811 2524 2858 tu
2549 2805 2741 2859 iterum
2764 2807 2893 2861 mihi
2922 2808 2989 2863 de
3014 2814 3345 2879 tempestatis
3376 2811 3567 2881 injuria
3595 2819 3760 2884 magis

2168 2893 2443 2961 querulus,
2477 2909 2639 2962 quam
2661 2895 2729 2950 de
2757 2897 3044 2953 clementia
3076 2900 3169 2955 Dei
3197 2908 3400 2969 gratus,
3432 2919 3627 2960 omnes
3649 2922 3759 2961 mo-

2169 2993 2254 3039 tus
2293 2985 2713 3052 elementorum,
2760 2990 2900 3045 inter
2928 3006 3063 3060 quos
3104 2993 3280 3048 divina
3325 3004 3529 3050 tantum
3570 3014 3760 3053 manus

2168 3074 2453 3130 humanam
2476 3079 2705 3133 salutem
2734 3082 2869 3135 tueri
2902 3084 3060 3150 valet,
3091 3093 3347 3154 actusque
3366 3097 3602 3153 nostros,
3629 3105 3761 3159 quos

470 3149 723 3215 debilem,
754 3156 809 3201 et
852 3147 973 3201 ideo
1001 3146 1242 3200 inutilem
1273 3145 1373 3200 sibi
1399 3144 1591 3199 asserit
1625 3143 1723 3213 (V.
1756 3152 1871 3197 not.
1914 3144 2059 3215 188).
2092 3150 2137 3213 C
2168 3169 2363 3222 summi
2392 3168 2605 3223 Domini
2626 3179 2867 3239 potestas
2899 3176 3010 3245 88
3038 3143 3191 3244 έρείι,
3224 3143 3278 3230 οἱ
3298 3193 3395 3245 pro
3426 3143 3626 3235 nostris

470 3244 625 3311 Quod
655 3245 698 3298 si
726 3245 797 3297 ita
820 3252 933 3307 cst,
961 3250 1088 3311 pcto
1111 3249 1169 3295 ut
1196 3241 1244 3294 ei
1266 3240 1481 3310 aliquod
1511 3241 1892 3309 mancipiolum
1930 3257 2065 3311 pne-

470 3341 664 3388 stetur.

896 3448 905 3459 ·
984 3418 1319 3474 EPISTOLA
1349 3419 1365 3439 '
1396 3418 1533 3472 XVI.

471 3537 577 3607 87
616 3533 821 3607 Iovium
854 3532 1197 3607 clarissimum
1239 3532 1403 3607 virum
1444 3531 1530 3607 qui
1568 3531 1687 3607 [ato
1733 3547 1794 3584 ac
1845 3533 2065 3607 fortuna:

541 3601 700 3659 inulta
734 3602 1004 3665 tribuebat,
1029 3603 1174 3655 docet
1193 3601 1528 3669 providentiae
1544 3601 1730 3654 divina:
1750 3601 1922 3656 omnia
1944 3603 2066 3655 sub-

534 3676 733 3747 jacere.
764 3673 966 3747 Eadem
1009 3672 1073 3747 de
1098 3689 1153 3724 re
1174 3671 1292 3747 jam
1335 3671 1403 3747 ad
1440 3688 1556 3725 eum
1584 3675 1895 3747 scripserat,
1930 3675 2065 3747 forte

540 3740 748 3799 carmen
785 3744 868 3797 19.
901 3741 1153 3795 Eumdem
1177 3740 1540 3795 collaudatum
1586 3740 1648 3794 ob
1691 3740 1943 3812 insignem
1967 3742 2063 3795 do-

538 3819 763 3870 ctrinam
791 3824 941 3886 atque
967 3814 1329 3886 eloquentiam,
1354 3828 1385 3886 ᾳ
1406 3812 1825 3886 philosophorum
1849 3814 2066 3886 lectione

540 3887 779 3950 deterret,
803 3882 940 3938 et’ad
961 3882 1228 3937 sacrarum
1251 3882 1641 3952 Scripturarum
1655 3882 1923 3937 lectionem
1944 3883 2067 3937 lior-

541 3965 698 4010 tatur.

540 4066 695 4123 Jovro
718 4065 789 4136 (c)
814 4063 984 4128 fratri,
1017 4062 1281 4116 Pauusus
1308 4062 1558 4117 salutem.

537 4170 591 4224 1.
631 4167 779 4221 Filiis
808 4162 1084 4235 nostris([)
1116 4161 1500 4217 Posthumiano
1522 4172 1574 4219 et
1600 4165 1674 4237 (g)
1698 4164 1952 4223 Theridio
1974 4185 2068 4240 pa-

467 4260 624 4315 triam
649 4257 715 4311 de
736 4254 1059 4323 Campania,
1096 4267 1256 4321 quam
1292 4254 1306 4283 ¹
1340 4254 1505 4307 nostri
1548 4256 1718 4321 gratia
1752 4272 2061 4337 accessere,

467 4347 793 4419 petentibus,
821 4360 927 4396 non
967 4343 1203 4396 scribere
1236 4343 1571 4397 unanimitati
1603 4353 1724 4411 tum,
1757 4359 1949 4402 contra
1976 4349 2061 4404 of-

469 4440 645 4495 licium
673 4445 727 4492 et
752 4435 999 4490 affectum
1023 4436 1207 4505 putavi
1241 4453 1254 4488 :
1286 4451 1394 4489 non
1427 4437 1496 4490 ab
1525 4452 1589 4491 eo
1619 4446 1826 4494 tantum
1859 4457 2061 4509 planea-

543 4586 568 4613 ⁸
598 4575 621 4629 ι
668 4573 808 4627 Tim.
840 4588 895 4635 v,
927 4570 1018 4624 23.
1096 4566 1123 4607 ι’
1154 4566 1294 4621 I’sal.
1338 4583 1493 4631 Lxxi,
1520 4565 1609 4619 18.

467 4662 617 4711 xxui,
642 4647 696 4699 6.
772 4656 795 4691 ες
830 4643 985 4696 Deut.
1022 4655 1131 4705 Vlll,
1163 4638 1228 4704 ὃς
1264 4636 1456 4690 Matth.
1490 4653 1562 4700 IV,
1594 4636 1658 4703 4;
1692 4636 1824 4693 Luc.
1854 4655 1940 4708 iv,
1970 4640 2023 4694 4.

1692 4578 1713 4604 ε
1744 4568 1883 4621 Psal.
1916 4585 2042 4625 cxm
2067 4613 2082 4637 ,
2114 4572 2169 4625 8.
2243 4570 2270 4611 ἀ
2301 4574 2443 4630 Psal.
2473 4593 2503 4629 χ

1692 4636 1824 4693 Luc.
1854 4655 1940 4699 iv,
1970 4640 2023 4694 4.
2103 4644 2127 4679 ιι
2152 4643 2295 4699 Psal.
2326 4662 2449 4699 Lvu.
2476 4646 2509 4699 5

2197 4660 2295 4700 sai.
2326 4662 2449 4710 Lvu,
2476 4660 2529 4699 ξ).

2166 3260 2285 3314 ritis
2312 3262 2472 3315 vertit
2498 3270 2590 3317 aut
2612 3264 2822 3333 dirigit“,
2856 3268 3041 3321 vacuis
3070 3266 3299 3323 fatorum
3341 3269 3674 3341 fortunaeque
3697 3274 3755 3344 (i)

2166 3353 2504 3418 numinibus,
2537 3364 2809 3425 tamquam
2840 3360 3047 3414 cannulis
3076 3360 3187 3415 Deo
3215 3352 3602 3432 potestatibus,
3635 3366 3757 3421 sub-

2166 3442 2371 3499 didisti.
2401 3444 2458 3500 In
2481 3462 2589 3515 quo
2619 3463 2688 3501 ne
2719 3456 2773 3502 te
2804 3450 3080 3505 existimes
3100 3449 3214 3506 Deo
3234 3452 3507 3516 detulisse,
3531 3471 3657 3509 cum
3687 3456 3758 3509 in-

2115 3534 2129 3545 “
2159 3535 2366 3606 juriose
2394 3541 2596 3609 potius,
2631 3549 2688 3595 ut
2713 3550 2851 3609 erat,
2879 3543 2969 3597 Dei
2999 3542 3317 3599 beneﬁcium
3346 3561 3465 3603 esse
3490 3547 3755 3613 nolueris;

2164 3628 2349 3683 dicens
2377 3629 2497 3684 ideo
2527 3631 2640 3684 haec
2680 3646 2710 3684 a
2748 3632 2926 3686 divina
2951 3641 3220 3702 potestate
3245 3636 3451 3689 secerni
3481 3644 3754 3705 oportere.

2163 3719 2290 3788 quia
2318 3736 2499 3776 casum
2529 3723 2697 3790 magis
2732 3739 2892 3792 quam
2924 3725 3089 3779 Deum
3119 3726 3345 3780 deceant
3373 3728 3531 3781 mala.
3576 3727 3635 3782 ld
3665 3744 3755 3782 au-

2165 3817 2272 3864 tem
2294 3810 2412 3865 sine
2440 3812 2602 3867 dubio
2632 3814 2832 3867 malum
2863 3828 3001 3878 esse,
3026 3829 3135 3883 quo
3162 3816 3454 3885 periculum
3484 3832 3629 3886 saepe
3657 3818 3755 3871 ho-

2165 3901 2335 3955 mines
2356 3911 2447 3955 aut
2474 3902 2725 3958 damnum
2756 3909 3089 3975 capessant'.
3136 3905 3192 3959 In
3220 3921 3448 3976 quorum
3470 3909 3754 3975 malorum,

2164 3999 2224 4045 ut
2254 3991 2426 4057 video,
2470 4010 2696 4050 numero
2728 4005 3076 4065 tempestates
3105 3998 3274 4063 locas,
3323 3999 3517 4066 quibus
3558 4010 3653 4053 aut
3703 4001 3754 4053 in

2164 4089 2304 4137 terra
2352 4098 2606 4151 agrorum
2636 4102 2779 4155 smpe
2822 4088 3064 4152 vastitas,
3098 4097 3191 4142 aut
3219 4089 3271 4141 in
3302 4089 3423 4142 navi
3470 4088 3755 4158 naufrago-

2164 4189 2282 4227 rum
2312 4176 2332 4205 ³
2362 4174 2380 4246 (
2408 4178 2542 4246 forte
2571 4177 2704 4230 mari
2738 4177 3135 4247 naufragiorum
3161 4180 3179 4248 )
3212 4194 3449 4233 aerumna
3489 4180 3754 4249 capiatur.

2162 4265 2268 4319 Sed
2310 4267 2449 4323 hanc
2489 4270 2815 4323 sententiam
2864 4270 3018 4324 video
3046 4270 3113 4325 de
3152 4271 3254 4324 illis
3294 4272 3542 4325 obortam
3588 4272 3755 4339 inagi-

2160 4368 2288 4412 stris
2313 4361 2438 4429 qui.
2463 4359 2725 4428 sapientia
2755 4376 2849 4413 sua
2879 4361 3116 4430 superbi,
3139 4361 3457 4430 sapientiam
3491 4361 3583 4415 Dei
3609 4376 3754 4430 qum-

2163 4463 2282 4503 rere
2302 4450 2597 4518 dedignati,
2635 4466 2667 4505 a
2709 4450 2901 4507 finibus
2940 4454 3183 4507 veritatis
3223 4453 3435 4508 exsules
3455 4461 3637 4521 agunt,
3671 4467 3753 4505 as-

2243 4570 2270 4611 ἀ
2301 4574 2443 4630 Psal.
2473 4593 2595 4643 xm,
2630 4575 2719 4629 16.
2799 4587 2822 4613 ε
2846 4576 3083 4645 Psal.c1,
3114 4577 3165 4629 6.

2243 4645 2295 4699 il.
2326 4662 2449 4699 Lvu.
2476 4646 2529 4699 5.
2616 4646 2630 4684 ί
2665 4646 2794 4699 Luc.
2828 4664 2917 4699 xv.
2949 4646 3037 4699 lli.

2710 4663 2794 4701 uc.
2828 4664 2917 4713 xv,
2949 4663 3037 4703 πυ.

3250 4575 3268 4613 ί
3300 4574 3465 4631 Eccli.
3503 4592 3560 4641 tl,
3604 4574 3671 4642 ις
3699 4586 3753 4630 et

538 4783 557 4798 '
597 4779 740 4832 Alias
776 4777 868 4844 38,
915 4791 1034 4845 qure
1063 4782 1241 4828 autem
1273 4771 1339 4824 16
1361 4779 1506 4837 erat,
1556 4788 1701 4827 nunc
1722 4772 1809 4826 20.
1843 4773 2057 4846 Scripta
2092 4780 2137 4840 Ι)
2163 4779 2327 4846 dose;
2360 4781 2555 4851 legitur
2582 4782 2724 4836 enim
2761 4783 2812 4836 in
2845 4782 3095 4836 omnibus
3122 4796 3248 4835 mss.
3280 4788 3334 4836 et
3361 4781 3519 4837 editis
3548 4782 3751 4837 codici-

669 4849 684 4878 1

669 4849 684 4878 ἱ
1726 4868 1735 4869 ,

466 4866 613 4990 fmllao)
848 4915 1032 4990 locum
1055 4915 1133 4990 sic
1153 4911 1562 4990 emendavimus
1590 4927 1655 4967 ex
1684 4930 1812 4990 mss.
1850 4914 2059 4990 duobus

466 4982 604 5055 Reg.
632 4997 687 5041 et
711 4986 860 5039 Vicn.
895 4993 948 5038 et
968 4985 1033 5038 ed
1074 4984 1224 5055 Grin.
1257 4982 1397 5055 Ante
1425 4991 1541 5036 erat
1568 4998 1596 5034 e
1623 4985 1890 5055 mandato,
1922 4987 2055 5037 sicut

462 5053 796 5124 est'Apostoli
824 5055 1131 5108 erudiri.....
1164 5053 1281 5106 vino
1310 5054 1404 5117 uti,
1434 5069 1551 5122 quo,
1580 5060 1684 5107 etc.
1712 5053 1949 5123 Utraque
1971 5056 2046 5108 le-

463 5134 573 5182 ctio
603 5134 841 5195 recepta.

535 5197 610 5263 (b)
651 5196 726 5248 lta
758 5210 883 5249 mss.
917 5192 1049 5262 Reg.
1084 5192 1323 5263 etVien.
1351 5191 1804 5263 Cetericodices,
1833 5196 2049 5263 recepit.

534 5260 608 5336 (ε)
648 5266 737 5336 Sic
759 5280 858 5336 ms.
892 5260 1061 5317 codex
1116 5262 1447 5336 Viennensis.
1483 5260 1603 5336 A_lii,
1638 5265 1856 5316 vidimus

534 5331 611 5407 (ά)
781 5334 962 5411 Ἥρη12
986 5332 1272 5411 revocabat,
1300 5332 1472 5411 minus
1500 5331 1656 5411 bene:

535 5400 605 5484 {ej
645 5405 733 5484 Sic
763 5420 897 5484 mss,
928 5403 1056 5470 lteg.
1092 5402 1333 5484 ethielzi.
1358 5400 1766 5484 “etOedit._l_3ad;,
1807 5400 2056 5484 ρων..οι

462 5471 650 5533 Schol.
683 5474 820 5527 Edit.
860 5473 1022 5527 Rosv.
1057 5472 1124 5526 ad
1146 5476 1203 5526 lit
1240 5472 1548 5525 clarissimo.
1597 5471 1694 5525 Ms.
1727 5471 1923 5534 V'atic.,
1956 5473 2049 5524 Jo-

460 5552 540 5602 ιιὶο
569 5549 709 5600 claro
741 5546 911 5616 fratri,
939 5551 1043 5597 etc.
1077 5542 1212 5596 Edit.
1239 5540 1415 5610 Grin.,
1440 5541 1587 5593 Jovio
1618 5544 1723 5595 viro
1760 5543 2046 5595 clarissimo

488 5620 617 5648 Ὶηυιέ

488 5622 509 5648 λ
608 5620 617 5629 .

464 5619 491 5670 Ι
770 5686 917 5739 Vien.
945 5699 1068 5739 enm
1098 5683 1253 5740 editis
1274 5682 1459 5740 tribus.
1495 5681 1854 5742 Posthumino.
1895 5696 2048 5736 men-

2160 4852 2260 4931 hus
2288 4853 2528 4920 epistola:
2556 4852 2625 4906 49
2646 4853 2714 4906 ad
2739 4853 3029 4906 Macarium
3050 4851 3411 4905 Post/zumiani
3441 4864 3495 4907 et
3527 4853 3751 4906 Post/iu-

2158 4936 2408 4975 mtauum.

2229 5012 2305 5083 (9)
2348 5014 2445 5069 Ms.
2478 5014 2637 5081 Reg,
2657 5013 2987 5076 Theridiano,
3018 5013 3111 5068 sed
3134 5013 3421 5075 mendose;
3448 5014 3586 5069 idem
3603 5018 3747 5069 enim

2150 5091 2231 5136 est
2264 5083 2561 5149 T/ieridius,
2592 5086 2658 5137 de
2692 5100 2800 5153 quo
2829 5083 3088 5137 Paulinus
3109 5084 3160 5137 in
3190 5085 3349 5153 epist.
3388 5084 3453 5137 27
3476 5126 3491 5151 ,
3524 5101 3576 5138 ιι.
3612 5084 3665 5150 1,
3694 5094 3747 5137 et

2149 5166 2315 5206 carm.
2349 5153 2434 5219 20,
2464 5170 2513 5206 v.
2548 5154 2669 5207 107.

2225 5244 2302 5312 (Ii)
2342 5244 2481 5297 Vera
2525 5240 2709 5309 lectio,
2740 5259 2859 5312 qum
2889 5242 3021 5297 infra
3049 5242 3395 5299 continuatur
3422 5259 3475 5295 n.
3510 5242 3562 5295 4.
3606 5241 3745 5296 Fors

2160 5311 2295 5369 ..ζει
2327 5311 2557 5366 Fatum..
2591 5324 2638 5367 ct
2666 5311 2858 5375 Casus;
2904 5322 2959 5367 et
3009 5330 3174 5368 carm.
3235 5313 3301 5366 19
3356 5313 3420 5366 ad
3473 5313 3742 5373 eumdem,

2155 5399 2206 5437 ν.
2242 5382 2329 5436 98.
2360 5384 2457 5437 Ms.
2489 5383 2668 5447 Vien.,
2702 5383 2958 5437 Fortuna.

2226 5472 2288 5542 (ἱ)
2329 5470 2437 5524 Nisi
2467 5472 2680 5527 codices
2717 5487 2906 5542 omnes
2951 5471 3377 5541 reiragarentur,
3436 5486 3558 5542 cum
3606 5470 3737 5524 Sac-

2153 5539 2312 5618 chino
2340 5542 2658 5618 posuissem,
2684 5541 2996 5606 nominibus,
3021 5539 3231 5618 nam‘et
3254 5543 3407 5605 infra,
3427 5539 3547 5618 υἰέ,
3573 5556 3733 5618 tacita

2152 5612 2382 5681 nomina,
2415 5619 2469 5664 et
2496 5613 2657 5679 paulo
2678 5620 2817 5681 post,
2850 5628 3000 5665 cassa
3028 5613 3257 5674 nomina,
3284 5619 3340 5664 ct
3367 5626 3419 5664 η.
3454 5611 3536 5667 10.
3565 5611 3732 5664 nomi-

2154 5680 2300 5733 nibus
2331 5683 2502 5734 vucnis
2528 5680 2736 5739 casuum
2766 5690 2916 5747 atque
2937 5686 3180 5748 fatorum.
