3966 6184
197 271 287 329 ςεο

1570 258 1902 317 EPISTOLA
1941 260 2051 317 XVI

3362 267 3467 323 250

186 395 403 438 sertores
423 378 746 450 Opinionum
774 391 1011 441 suarum,
1043 376 1133 444 qui
1157 374 1330 429 missis
1350 389 1447 444 per
1472 373 1631 426 inane
1660 388 1773 425 ma-
1804 377 1850 433 Λ
1881 373 2125 440 igniculis
2150 388 2255 427 non
2275 373 2450 427 solum
2474 372 2608 440 Deo,
2656 374 2751 429 sed
2790 382 2845 430 et
2873 374 3072 432 mundo
3101 377 3216 447 ipso
3238 378 3462 435 minori.

187 489 333 544 gnum
380 472 657 526 mentibus
686 476 1027 535 evanuerunt,
1077 467 1216 523 sicut
1264 467 1522 537 scriptum
1571 472 1675 530 est,
1723 472 1773 517 et

186 565 454 636 probatur,
505 564 561 616 in
607 558 1010 632 cogitationibus
1055 559 1165 612 suis
1197 568 1253 624 ες
1281 567 1335 612 et
1373 573 1470 627 pro
1500 556 1610 611 suis
1640 554 1781 608 arbi-

186 657 287 711 triis
307 669 471 724 opera
520 652 613 707 Dei
644 659 700 705 ct
729 650 951 705 consilia
987 650 1275 703 ﬁnxerunt.
1309 648 1417 702 Illis
1457 663 1607 702 mare
1638 646 1654 676 "
1688 645 1773 699 vel

187 748 364 802 malum
404 760 533 800 casu
560 742 675 811 regi
725 740 1162 808 commoverique
1192 739 1467 801 videatur,
1496 740 1586 806 qui
1616 751 1773 789 mun-

190 837 297 890 dum
320 837 481 889 istum
504 841 598 886 aut
627 833 745 886 sine
768 840 981 885 rectore
1004 845 1252 893 vacuum,
1287 838 1381 882 aut
1420 827 1623 881 oliante
1663 826 1775 879 Deo

190 929 476 997 neglectum
508 927 555 990 ',
602 924 846 979 fortuitis
886 922 1124 991 lapsibus
1154 921 1295 974 volvi
1340 920 1653 988 disputant;
1682 926 1776 972 aut

191 1020 316 1074 nullo
345 1026 539 1070 autore
577 1013 961 1083 compositum,
986 1012 1061 1082 (a)
1092 1019 1185 1065 aut
1211 1018 1267 1064 ut
1296 1010 1576 1080 principii,
1609 1010 1678 1062 ita
1712 1008 1775 1059 li-

190 1110 258 1163 nis
293 1115 580 1175 expertem
615 1122 627 1156 :
660 1104 806 1172 quod
862 1116 1121 1172 corporea
1147 1141 1163 1166 ,
1204 1116 1310 1170 qua
1360 1101 1588 1154 mundus
1616 1102 1635 1130 ⁸
1666 1100 1767 1153 iste

190 1198 323 1265 cujus
345 1196 539 1263 singuli
564 1196 741 1265 portio
771 1209 976 1256 sumus,
1008 1201 1200 1245 natura
1232 1207 1337 1245 non
1374 1191 1616 1255 obtinet;
1648 1191 1772 1259 quia

192 1289 351 1343 omnis
370 1299 640 1355 compago
670 1284 973 1339 resolubilis
1002 1301 1014 1335 :
1047 1291 1138 1336 aut
1166 1282 1309 1350 quod
1333 1282 1547 1335 stultius
1574 1290 1673 1346 est,
1706 1296 1774 1334 ex

191 1376 461 1446 semetipso
490 1384 733 1430 creatum
759 1373 966 1436 volunt,
994 1380 1268 1442 tamquam
1291 1371 1397 1424 ulla
1429 1386 1516 1424 res
1538 1371 1651 1439 ipsa
1674 1369 1774 1422 sibi

191 1470 344 1540 possit
370 1482 491 1522 esse
523 1481 685 1520 causa
716 1464 991 1524 nascendi,
1019 1471 1079 1516 ut
1115 1463 1186 1518 sit
1220 1461 1407 1515 eadem
1438 1468 1652 1515 creator
1680 1476 1777 1530 pa-

192 1560 302 1613 riter
324 1566 375 1613 et
403 1566 679 1622 creatura,
710 1554 763 1607 id
792 1563 877 1607 est
904 1552 1087 1622 opifex
1111 1554 1130 1583 ⁷
1163 1560 1219 1606 et
1238 1568 1375 1621 opus
1399 1568 1413 1616 ;
1445 1566 1565 1622 qum
1596 1560 1651 1604 ut
1673 1566 1775 1604 no-

193 1651 336 1717 mine,
385 1649 462 1701 ita
493 1657 550 1701 et
589 1660 793 1714 genere
838 1659 900 1698 ac
928 1651 1072 1697 statu
1092 1642 1396 1711 discrepare
1435 1642 1774 1712 perspicuum

1880 462 1999 523 bus,
2024 463 2187 519 immo
2208 464 2368 517 etiam
2408 464 2589 518 mundi
2621 464 2786 534 ipsius
2830 466 3041 520 tertiam
3081 476 3285 537 partem
3312 469 3473 527 mitti-

1879 554 2045 608 sterio
2076 553 2287 608 famula:
2342 555 2475 609 lucis
2519 556 2855 629 ornantibus,
2913 557 3092 626 istam,
3148 574 3309 628 quam
3354 558 3474 619 Deo

1878 645 2123 699 aemulam
2155 644 2303 711 facis,
2329 655 2653 715 potestatem
2679 648 2919 702 trahunt.
2948 649 3079 703 Nam
3109 658 3255 704 certe
3278 650 3475 709 divina:

1876 737 2162 807 potestatis
2190 746 2271 791 est
2292 739 2555 792 elementa
2592 740 2826 804 turbare,
2858 749 3250 811 ventorumque
3270 742 3479 799 violen-

1876 826 2006 878 tiam
2036 827 2120 879 vel
2151 828 2386 881 excitare
2410 829 2639 896 positam
2658 831 2719 894 ιο,
2749 831 2832 884 vel
2864 831 3137 885 incitatam
3169 832 3468 903 refrenare,

1876 924 1931 969 et
1953 914 2217 970 furoribus
2248 923 2624 986 tempestatum
2658 921 2739 973 vel
2765 919 2961 974 dedere
2982 922 3065 976 vel
3086 923 3296 991 eripere
3325 939 3473 977 mor-

1878 1007 2032 1061 tales.
2061 1007 2172 1073 Qua
2203 1017 2471 1077 potestate
2492 1025 2612 1063 cum
2642 1012 2814 1064 omnis
2836 1021 3080 1065 creatura
3105 1022 3290 1081 pareat
3314 1014 3473 1083 (forte

1876 1100 2079 1168 careat)
2121 1101 2209 1153 uni
2256 1101 2494 1154 omnium
2541 1100 2783 1157 Creatori
2826 1104 3061 1171 subdita,
3102 1104 3374 1172 quomodo
3404 1106 3470 1160 iis

1876 1190 2052 1244 divina
2081 1192 2161 1245 vis
2205 1200 2259 1246 et
2289 1200 2524 1262 potestas
2565 1194 2723 1247 datur
2750 1210 2868 1262 qua:
2895 1212 3000 1250 non
3050 1197 3220 1250 solum
3250 1198 3470 1253 nomine

1878 1282 2035 1353 (forte
2064 1284 2301 1353 numine)
2334 1283 2625 1349 Creatoris,
2670 1286 2765 1341 sed
2808 1287 2967 1341 etiam
3000 1297 3260 1342 creatura:
3288 1291 3470 1358 specie

1875 1382 2080 1438 carent,
2104 1390 2271 1429 vacua
2297 1391 2401 1429 non
2432 1377 2714 1445 spirituum
2745 1393 2919 1447 neque
2935 1394 3220 1448 corporum
3248 1382 3469 1435 nomina

1875 1466 2126 1534 gerendis
2156 1468 2238 1521 vel
2268 1468 2629 1536 signiﬁcandis
2659 1471 2819 1525 rebus
2848 1472 3064 1540 aptata?
3093 1472 3149 1525 Si
3170 1473 3384 1540 quidem
3414 1482 3471 1528 et

1877 1556 1986 1615 fors
2009 1562 2229 1614 verbum
2260 1561 2553 1615 dubitantis
2581 1562 2669 1626 sit,
2698 1571 2752 1616 et
2776 1561 2940 1616 fatum
2972 1562 3233 1631 profantis
3247 1580 3469 1633 expres-

1875 1652 1977 1717 sio,
2002 1663 2055 1705 et
2083 1668 2237 1707 casus
2274 1653 2592 1721 significatio
2632 1654 2935 1708 cadentium
2964 1654 3047 1708 vel
3077 1654 3464 1720 accidentium;

192 1749 277 1795 ὧι,
304 1740 437 1806 Quis
479 1738 625 1791 enim
667 1751 775 1790 ηοη
806 1735 949 1788 Videt
974 1733 1232 1787 mundum
1261 1733 1419 1786 istum
1452 1746 1772 1800 corporeum
1809 1736 1847 1791 Β
1880 1752 2057 1796 tamen
2089 1744 2156 1797 ab
2206 1759 2303 1797 usu
2352 1743 2550 1797 erroris
2606 1745 2812 1812 antiqui
2852 1745 2920 1799 ob
2965 1745 3318 1811 ignorantiam
3349 1744 3465 1821 Dei,

194 1832 237 1884 vi
268 1831 585 1898 incorporea
633 1824 943 1893 gubernari,
1001 1831 1279 1890 totamque
1320 1822 1541 1886 molem,
1598 1818 1770 1875 infusa

192 1930 331 1986 atque
361 1918 634 1989 permixta
661 1918 682 1947 ⁸
716 1928 913 1981 magno
948 1913 1311 1967 universitatis
1357 1911 1571 1980 corpori
1607 1905 1773 1964 divini

194 2010 420 2081 Spiritus,
457 2017 638 2062 mente
666 2020 773 2074 qua
804 2003 944 2058 facta
965 2011 1065 2069 est,
1097 2003 1285 2070 agitari
1313 2002 1381 2056 ad
1409 2003 1573 2055 vitam
1596 2002 1619 2054 ?
1645 2009 1775 2055 tem—

194 2103 347 2172 perari
393 2101 463 2153 ad
502 2114 658 2153 usum
682 2098 705 2150 ?
733 2086 1000 2151 contineri
1044 2094 1112 2147 ad
1148 2093 1388 2148 statum?
1427 2092 1666 2147 ordinari
1705 2087 1775 2143 ad

200 2195 591 2248 diuturnitatem
615 2194 638 2245 ?

250 2286 298 2339 5.
335 2284 476 2340 Cum
504 2298 635 2351 ergo
664 2290 898 2348 constet,
927 2279 1072 2350 quod
1100 2282 1356 2343 cernitur,
1390 2287 1482 2333 aut
1510 2278 1773 2343 sentitur,

196 2379 362 2431 aliena:
391 2377 514 2445 opis
535 2414 550 2437 .
583 2384 643 2428 ut
672 2374 934 2428 consistat
955 2382 1011 2426 et
1051 2379 1306 2435 maneat,
1349 2371 1617 2439 indigere;
1669 2384 1777 2424 non

193 2477 355 2538 potest
399 2466 631 2533 ambigi,
665 2463 879 2518 aliunde
924 2465 1087 2517 etiam
1131 2470 1190 2515 ut
1238 2470 1517 2519 crearetur
1542 2463 1773 2530 eguisse.

194 2558 327 2623 Quod
353 2574 481 2613 cum
512 2559 583 2610 ita
610 2558 713 2621 sit,
767 2543 944 2610 omnia
996 2570 1062 2608 ex
1110 2553 1223 2608 Deo
1253 2565 1371 2609 orta
1402 2554 1664 2609 fateamur
1684 2570 1781 2609 ne-

193 2662 328 2701 cesse
355 2656 461 2701 est.
508 2646 644 2712 Quia
696 2645 798 2699 nisi
851 2642 1088 2713 profanis
1118 2644 1169 2696 in
1198 2644 1418 2697 dubium
1450 2644 1632 2699 venire
1672 2661 1779 2699 non

192 2747 374 2811 patest,
423 2739 684 2792 mundum
733 2737 846 2789 Deo
901 2744 1093 2789 autore
1132 2736 1437 2792 confectum
1489 2754 1502 2789 :
1554 2737 1780 2806 proinde

194 2838 393 2893 ventos,
426 2837 482 2881 et
529 2828 712 2881 omnia
757 2841 877 2894 qua:
907 2827 1045 2879 intra
1078 2826 1335 2878 mundum
1389 2834 1572 2895 partes
1624 2828 1782 2881 molis

192 2919 443 2987 ejusdem,
478 2926 534 2971 et
579 2933 733 2985 quasn
766 2917 968 2970 viscera
1002 2916 1246 2983 corporis
1275 2916 1351 2987 (b)
1379 2924 1522 2981 sunt,
1566 2932 1672 2970 non
1713 2917 1781 2970 ad

194 3010 407 3064 alterius
464 3011 705 3078 regimen
735 3023 855 3063 esse
908 3006 1222 3073 referenda;
1272 3008 1399 3076 quia
1444 3024 1620 3077 neque
1668 3010 1780 3077 regi

1876 1832 2099 1885 rationis
2126 1832 2333 1900 inopes,
2360 1847 2511 1886 cassa
2542 1833 2778 1896 nomina,
2810 1841 3079 1901 tamquam
3107 1832 3226 1886 ideo
3248 1834 3467 1887 numina

1876 1936 2091 1989 quoque
2116 1922 2221 1975 sint
2245 1924 2306 1983 ¹¹,
2341 1922 2647 1990 inspeciem
2672 1922 2766 1991 (γ.
2792 1938 2877 1992 ep.
2911 1922 2999 1989 49,
3034 1938 3086 1975 n.
3120 1922 3179 1992 8}
3206 1938 3464 1991 corpora-

1876 2020 1984 2065 tam
2028 2013 2203 2066 stultis
2241 2013 2658 2080 cogitationibus
2702 2010 2933 2080 lingunt;
2959 2013 3281 2081 stultiusque
3302 2028 3463 2081 quam

1882 2099 2150 2167 finxerint,
2179 2102 2383 2155 donant
2409 2102 2619 2157 honore
2661 2102 2842 2157 divino
2872 2121 2887 2169 ;
2920 2103 3060 2157 unde
3102 2112 3157 2157 et
3204 2102 3358 2172 Spes,
3411 2113 3467 2159 et

1878 2192 2139 2258 Nemesis,
2170 2203 2224 2247 et
2263 2193 2449 2259 Amor,
2481 2201 2643 2261 atque
2671 2194 2834 2247 etiam
2874 2194 3046 2247 Furor
3085 2194 3137 2246 in
3168 2194 3471 2249 simulacris

1879 2288 2147 2350 coluntur,
2204 2293 2259 2339 et
2305 2285 2519 2355 occipiti
2545 2286 2699 2339 calvo
2746 2292 2991 2339 sacratur
3027 2284 3271 2349 Occasio,
3302 2293 3358 2338 et
3379 2294 3469 2340 tua

1880 2377 1980 2431 ista
2002 2376 2236 2430 Fortuna
2266 2376 2471 2431 lubrico
2496 2376 2633 2430 male
2658 2375 2780 2428 nixa
2809 2375 2967 2442 globo
2993 2374 3069 2446 (ά)
3104 2374 3337 2443 fingitur.
3364 2374 3474 2430 Nec

1881 2468 2089 2520 minore
2130 2466 2410 2520 mendacio
2457 2465 2591 2519 Fata
2656 2466 2973 2520 simulantur
3014 2465 3147 2519 vitas
3195 2464 3471 2519 hminum

1884 2574 2011 2613 nere
2041 2558 2107 2612 de
2131 2557 2374 2621 calathis,
2401 2566 2493 2610 aut
2525 2559 2784 2611 trutinare
2812 2556 2878 2611 de
2907 2557 3165 2611 lancibus.
3194 2556 3343 2622 Quod
3365 2558 3475 2627 90

1881 2650 2291 2703 deliramentum
2325 2664 2391 2702 ne
2421 2648 2579 2716 vulgo
2610 2648 2950 2716 imputer’uus,
2982 2654 3074 2700 aut
3103 2647 3323 2701 nimium
3352 2648 3474 2716 phi-

1883 2741 2138 2809 losophos
2165 2739 2513 2806 admiremur,
2540 2737 2761 2792 Platone
2779 2737 2889 2808 (lib.
2910 2755 2939 2791 ι
2958 2738 3020 2790 de
3044 2737 3286 2808 Republ.)
3311 2739 3473 2792 etiam

1883 2831 2145 2885 delirante
2193 2825 2460 2894 narratur,
2493 2830 2584 2897 qui
2625 2831 2677 2882 in
2709 2830 2913 2895 gremio
2941 2844 3075 2882 anus
3104 2844 3327 2897 pensum
3370 2829 3474 2883 Ne-

1885 2920 2149 2975 cessitatis
2174 2921 2413 2989 exponit,
2447 2929 2501 2972 et
2532 2928 2640 2973 tres
2668 2920 2717 2972 ei
2750 2918 2880 2971 lilias
2904 2918 3049 2971 addit
3081 2918 3150 2987 (e)
3180 2921 3473 2973 concinen-

1888 3019 1989 3075 tes,
2020 3017 2075 3063 et
2096 3018 2371 3063 versantes
2399 3008 2589 3072 fusum,
2616 3016 2669 3062 et
2690 3024 2787 3076 per
2816 3008 2899 3061 lila
2926 3007 3170 3062 ludentes
3194 3027 3209 3070 ς
3233 3008 3335 3061 hoc
3365 3009 3474 3063 sci-

195 3101 564 3171 continerique
589 3108 903 3170 paterentur
932 3100 1234 3153 divinorum
1264 3115 1489 3169 operum
1520 3096 1777 3167 virtutes,
1809 3102 1851 3160 C
1889 3103 2015 3156 licet
2045 3100 2276 3155 lanificio
2298 3111 2581 3154 autumans
2611 3116 2704 3155 eas
2730 3099 2996 3154 conficere
3044 3117 3130 3156 res
3176 3102 3473 3167 hominum,

191 3194 295 3263 89
316 3194 421 3247 hoc
453 3201 535 3246 est
577 3193 889 3245 substantiae
926 3198 1237 3244 naturarum
1268 3193 1505 3246 omnium
1551 3194 1603 3246 in
1636 3203 1783 3248 tanta

194 3270 453 3340 diScordia
481 3285 586 3351 sui,
612 3284 712 3337 nisi
741 3283 808 3336 ab
837 3299 899 3337 ea
928 3291 1134 3336 tantum
1159 3292 1348 3336 natura
1378 3292 1540 3353 atque
1569 3286 1784 3353 virtute,

195 3374 289 3429 hoc
316 3386 399 3430 est
430 3376 572 3439 Deo,
600 3391 707 3428 uno
730 3375 968 3428 omnium
996 3374 1295 3439 conditore,
1326 3389 1356 3428 a
1386 3391 1494 3443 quo
1525 3392 1632 3429 uno
1672 3375 1787 3429 ﬁeri

194 3468 537 3536 ordinarique
568 3475 887 3535 potuerunt;
919 3474 974 3520 et
994 3465 1149 3535 cujus
1173 3468 1318 3535 leges
1347 3468 1448 3521 nisi
1480 3477 1785 3534 servarent,

194 3567 383 3613 statum
424 3574 586 3614 suum
618 3574 725 3612 non
757 3559 1084 3613 obtinerent.
1118 3558 1285 3613 Multo
1324 3569 1501 3614 autem
1557 3560 1792 3628 ineptius

193 3663 268 3708 est
292 3656 460 3710 ullam
490 3654 715 3724 culpare
761 3662 1006 3708 naturam
1030 3697 1045 3720 ,
1075 3663 1131 3707 et
1160 3655 1352 3707 malam
1400 3654 1580 3708 dicere
1615 3672 1627 3706 :
1657 3670 1793 3722 quo-

194 3746 328 3799 niam
354 3748 457 3800 sia
489 3747 603 3799 Deo
629 3747 829 3811 omnia,
862 3754 914 3798 et
957 3745 1096 3799 Deus
1133 3745 1307 3799 bonus
1328 3754 1437 3811 est;
1466 3745 1643 3799 omnia
1667 3762 1793 3815 pro-

194 3836 327 3892 iecto
344 3853 469 3907 qua:
499 3836 630 3891 fecit
663 3837 820 3901 Deus,
847 3837 1007 3891 bona.
1038 3836 1093 3890 Si
1121 3851 1225 3904 qua
1256 3847 1432 3889 autem
1463 3846 1586 3890 sunt
1620 3837 1672 3889 in
1704 3852 1793 3890 ar-

194 3930 335 3982 eanis
382 3936 717 3982 statutorum
748 3927 865 3994 ejus
893 3927 1084 3980 altiora
1126 3927 1371 3981 sensibus
1418 3935 1473 3980 et
1514 3927 1796 3995 cogitatio-

196 4018 342 4073 nibus
374 4018 602 4083 nostris,
655 4018 866 4071 etiamsi
894 4019 1158 4072 rationem
1211 4033 1398 4072 eorum
1430 4019 1684 4086 consequi
1740 4026 1796 4071 et

195 4110 446 4178 colligere
468 4126 581 4164 non
610 4124 916 4177 possumus,
939 4109 1105 4162 tutius
1135 4116 1316 4162 tamen
1348 4108 1504 4162 nobis
1524 4117 1606 4161 est
1625 4106 1796 4174 magis

194 4201 433 4253 occultas
480 4214 603 4253 esse
643 4199 903 4265 rationes,
933 4212 1094 4265 quam
1137 4198 1330 4261 nullas,
1361 4198 1605 4251 credere.
1659 4197 1795 4264 Quia

196 4305 292 4344 non
316 4290 728 4359 ambigendum,
762 4292 943 4344 omnia
970 4290 1063 4344 Dei
1096 4289 1187 4361 (c),
1219 4291 1325 4345 etsi
1357 4292 1511 4344 nobis
1558 4308 1664 4345 non
1691 4292 1798 4344 sint

196 4384 508 4451 perspicua,
540 4391 720 4435 tamen
745 4396 865 4435 esse
894 4382 1157 4435 consulta.

256 4472 305 4524 4.
350 4473 554 4540 Itaque
582 4473 628 4525 si
666 4478 836 4525 totum
867 4474 1121 4526 mundum
1167 4472 1309 4528 Deus
1350 4474 1442 4541 qui
1493 4472 1796 4537 condidit’,

196 4572 242 4615 et
266 4563 583 4631 gubernat;
606 4576 713 4630 quo
742 4562 796 4614 in
829 4562 977 4625 loco,
1006 4562 1089 4615 vel
1119 4563 1205 4617 cui
1236 4571 1497 4631 creaturae
1521 4578 1678 4617 casus
1697 4605 1711 4628 ,
1740 4572 1795 4616 et

199 4654 376 4721 latum,
410 4662 516 4707 aut
565 4652 777 4705 fortuna
817 4652 1183 4707 dominabitur
1203 4659 1226 4706 ‘!
1257 4653 1313 4709 Si
1356 4656 1422 4707 de
1449 4656 1682 4709 motibus
1709 4657 1795 4710 vel

198 4747 476 4801 ordinibus
526 4752 823 4807 astrorum,
868 4749 926 4795 ut
954 4744 1170 4813 quidam
1200 4748 1410 4809 volunt,
1442 4746 1696 4814 peulent,
1728 4749 1795 4802 de

262 4895 282 4920 ⁸
309 4884 482 4938 Rom.
517 4900 557 4948 ι,
580 4882 670 4937 2|.

262 5002 333 5065 (α)
375 4998 712 5052 Addidimus
734 5006 822 5049 aut
843 5012 909 5050 ex
939 5011 1037 5049 ms.
1062 4996 1245 5051 codice
1274 4998 1580 5053 Viennensi.

261 5071 330 5137 ib)
371 5070 456 5121 lla
494 5084 599 5121 ms.
634 5067 786 5120 Vien.
822 5066 984 5129 Alias,
1014 5071 1137 5119 sint.

262 5151 329 5209 lc)
372 5140 473 5194 Sic
528 5154 631 5192 ms.
663 5137 816 5190 Vien.
853 5138 950 5188 Alii
975 5137 1185 5191 codices
1238 5137 1501 5209 addebant
1531 5155 1671 5206 esse,
1702 5138 1798 5192 sed

201 5209 291 5261 hoc
319 5213 561 5262 verbum
592 5209 949 5275 expuuximus
980 5215 1166 5275 utpote
1195 5208 1520 5275 superlluum

264 5279 338 5348 id}
382 5278 493 5331 Ms.
531 5281 700 5332 codex
728 5277 1036 5340 Vaticanus,
1067 5278 1338 5347 ﬁguratur.

262 5346 331 5416 {ei
373 5350 472 5402 Sic
520 5364 675 5401 einen
701 5349 924 5400 lavimus
978 5363 1043 5399 ex
1102 5346 1228 5399 mss.
1296 5347 1568 5400 codicibus
1635 5346 1793 5413 Reg,

202 5414 344 5471 Victi.
378 5429 439 5473 et
481 5417 616 5471 edit.
660 5417 858 5479 Schot;
888 5424 1175 5485 nostraque
1223 5418 1489 5470 correctio
1538 5426 1795 5485 pnctcrca

202 5489 559 5543 uuiﬁmiatur
585 5504 653 5542 ex
685 5487 921 5539 Platonis
951 5486 1039 5537 lib.
1076 5502 1105 5537 x
1136 5485 1199 5554 de
1234 5485 1542 5554 Republica,
1593 5490 1689 5538 sub
1736 5486 1798 5535 li-

204 5574 336 5623 nem,
389 5561 481 5612 his
519 5559 692 5611 verbis
722 5574 735 5608 :
770 5555 967 5608 Fusum
1013 5571 1127 5608 vero
1156 5552 1211 5603 in
1233 5547 1558 5625 Nec-essitatis
1589 5554 1799 5625 genibus

204 5628 554 5681 circumi-arti.
600 5628 834 5695 Superne
858 5633 1119 5695 iprtcterea
1146 5624 1349 5677 cuilibet
1377 5627 1567 5678 circulo
1594 5624 1801 5677 Merere

207 5697 439 5753 Sirenem
472 5713 584 5751 una
624 5694 734 5749 cum
758 5694 909 5766 globo
948 5694 1196 5764 delatam,
1224 5710 1390 5749 vocem
1418 5710 1595 5762 uuam,
1622 5701 1798 5748 tonum

1854 5709 1859 5715 υ
1904 5696 2018 5769 nat

1888 3203 1943 3249 et
1972 3204 2212 3265 tempora
2243 3196 2434 3263 cuique
2458 3196 2524 3266 (γ’)
2547 3196 2753 3261 signate
2774 3194 3048 3249 detexere.
3092 3194 3320 3250 Ta'ntum
3350 3198 3478 3252 abu~

1888 3304 1980 3343 sus
2009 3297 2092 3342 est
2120 3289 2367 3342 humanis
2396 3288 2613 3341 auribus
2641 3289 2945 3355 arrogantia
2981 3289 3151 3343 inanis
3198 3287 3478 3356 facundia},

1891 3390 1951 3435 ut
1976 3380 2252 3435 ridiculam
2281 3380 2437 3434 anilis
2476 3378 2667 3433 fabulae
2694 3380 3017 3434 cantilenam
3044 3396 3151 3434 non
3192 3382 3481 3436 erubesce-

1892 3480 1975 3526 ret
1995 3473 2209 3541 scriptis
2237 3472 2369 3537 suis,
2399 3471 2593 3539 quibus
2616 3470 2683 3524 de
2711 3471 2889 3523 divina
2920 3472 3081 3525 etiam
3111 3481 3301 3525 natura
3331 3472 3483 3540 quasi

1893 3566 2144 3620 conscius
2182 3563 2454 3633 disputare
2492 3562 2743 3626 audebat,
2789 3563 3044 3615 inserere.
3091 3561 3194 3615 Sed
3244 3561 3397 3616 nobis
3430 3565 3485 3619 in

1896 3655 1987 3708 illo
2009 3654 2273 3709 sermonis
2299 3660 2500 3705 tantum
2525 3651 2684 3704 Attici
2708 3652 2950 3714 comitas,
2976 3667 3083 3705 non
3104 3652 3274 3705 inanis
3294 3651 3486 3709 fabula:

1897 3744 2185 3813 spectanda
2210 3742 2575 3797 concinnitas:
2597 3754 2713 3807 qua:
2757 3739 3119 3795 demulcendis
3152 3750 3358 3796 tantum
3388 3758 3488 3797 au-

1898 3835 2046 3887 ribus
2074 3820 2218 3886 edita
2261 3840 2404 3891 sunt,
2440 3845 2547 3884 non
2600 3830 2797 3891 debent
2847 3846 3097 3885 sensuum
3146 3831 3489 3893 fundamenta

1899 3927 2221 3983 convellere.

1972 4017 2026 4071 5.
2069 4016 2205 4084 Quin
2236 4016 2432 4086 potius,
2465 4022 2523 4069 ut
2567 4014 2706 4069 ratio
2754 4021 2811 4069 et
2860 4015 3061 4070 veritas
3090 4015 3267 4082 docet,
3310 4017 3489 4072 omnia

1903 4124 2129 4180 operum
2160 4109 2275 4173 Dei,
2309 4109 2363 4162 iu
2388 4109 2582 4177 quibus
2626 4107 2999 4176 consistimus,
3027 4118 3082 4163 et
3101 4126 3329 4180 quorum
3367 4126 3494 4180 pars

1901 4217 2087 4256 sumus
2117 4198 2232 4270 (Ea:
2269 4199 2539 4268 Virgilio);
2572 4199 2859 4267 omniaque
2888 4214 3165 4254 munerum
3204 4201 3339 4269 ejus,
3371 4203 3494 4271 qui-

1900 4294 2003 4347 bus
2035 4294 2173 4345 inter
2203 4291 2321 4343 vittc
2350 4290 2502 4343 istius
2530 4288 2729 4356 fragilis
2767 4297 2821 4343 et
2851 4292 3067 4344 caducae
3096 4291 3301 4345 incerta
3345 4291 3494 4360 regi—

1904 4400 2025 4437 mur
2054 4390 2216 4451 alque
2244 4396 2540 4445 servamur,
2573 4380 2636 4432 ad
2682 4380 2853 4449 ipsqu
2886 4379 3212 4446 referamus;
3255 4380 3495 4450 nihilque
3539 4448 3543 4453 .

1831 4472 1878 4529 D
1905 4478 1972 4530 ab
2022 4475 2160 4528 illius
2188 4480 2455 4541 potestate
2500 4478 2685 4523 nostro
2735 4484 3105 4523 removeamus
3133 4469 3509 4537 errore,quia,

1905 4567 2133 4620 velimus
2187 4563 2437 4628 nolimus,
2472 4562 2585 4629 ipse
2608 4560 2795 4621 nostri,
2823 4569 2879 4612 ut
2908 4561 3178 4624 omnium,
3202 4568 3257 4613 et
3285 4574 3498 4616 creator

1899 4668 1954 4713 et
1982 4659 2120 4711 Deus
2149 4665 2251 4709 est.
2277 4653 2343 4706 Et
2372 4654 2494 4723 quia
2528 4653 2601 4722 (g)
2632 4662 2862 4721 quantus
2884 4663 3116 4720 quantus
3136 4662 3235 4716 est,
3263 4653 3497 4719 bonitas,

1899 4758 1954 4804 et
1983 4746 2266 4816 sapientia,
2293 4753 2347 4797 et
2376 4744 2526 4811 origo
2556 4743 2781 4797 rationis
2820 4750 2937 4809 est,
2968 4742 3097 4795 nihil
3144 4744 3243 4797 nisi
3285 4745 3499 4799 ratione

1906 5012 2062 5050 unum
2092 4992 2321 5047 videlicet
2348 4992 2684 5051 emittentem;
2706 5008 2862 5045 imam
2893 5000 3063 5046 tamen
3093 4994 3417 5047 harmoniam
3440 5012 3505 5049 ex

1908 5067 2141 5120 munibus
2154 5075 2265 5117 octo
2279 5078 2590 5116 coscncns.
2605 5061 2807 5123 Graece,
2828 5067 2875 5114 ἐκ
2892 5074 3071 5121 mch
3090 5070 3173 5117 καὶ
3195 5067 3322 5118 ὀκτὼ
3339 5070 3504 5118 οὐσῶν

1909 5142 2026 5210 ginta
2062 5139 2308 5210 ἁρμονέᾳγ
2337 5136 2628 5210 ξνέμφωνξῖν.
2661 5132 2805 5210 Alias
2835 5143 3001 5210 autem
3035 5144 3133 5186 tres
3166 5133 3217 5185 Ν
3223 5136 3506 5210 cressitatis

1906 5202 2047 5277 ﬁlias
2079 5202 2261 5277 (nauali
2288 5204 2501 5277 inuicem
2535 5202 2801 5277 intervallo
2840 5205 2893 5255 in
2933 5206 3114 5277 throno
3142 5202 3504 5277 sedci'e,_l’ar—

1906 5271 1994 5328 cas
2025 5271 2240 5327 vestibus
2273 5271 2421 5333 albis,
2455 5272 2623 5339 capite
2649 5283 2915 5335 coronato,
2968 5272 3256 5339 Lachesim,
3300 5272 3506 5335 Clotho,

1904 5347 2158 5413 Atropou,
2189 5359 2301 5412 qum
2345 5341 2413 5392 ad
2451 5341 2687 5394 Sirenem
2736 5343 3061 5396 harmoniam
3113 5359 3345 5413 canam,
3398 5351 3502 5413 etc.

1906 5410 2111 5489 (Gnece
2144 5410 2314 5489 ὑμγεῖν
2340 5416 2464 5484 πρὸς
2490 5418 2579 5469 τήν
2606 5422 2703 5489 ⁴ζῶν
2733 5419 2974 5487 cupavo»
3003 5414 3291 5489 ἁρμονίαν.)
3314 5410 3369 5462 In
3391 5410 3500 5462 edi-

1904 5481 1971 5539 tis
2000 5483 2050 5545 4,
2086 5481 2436 5541 εοητὶηαηιὲδ,
2471 5481 2749 5535 mendose.

1977 5554 2043 5622 (ι’)
2084 5552 2183 5622 Ms.
2220 5551 2350 5619 Reg.
2380 5567 2502 5622 cum
2531 5550 2688 5622 editis
2710 5550 2839 5605 Bad.
2875 5560 2930 5605 et
2953 5551 3369 5622 Grrav.,_sig_natc

1977 5617 2053 5693 (Ia)
2094 5621 2183 5679 Sic
2209 5617 2337 5679 edit.
2370 5620 2556 5677 Schot.
2591 5620 2727 5676 Vide
2773 5621 2929 5690 epist.
2980 5621 3050 5675 25
3101 5617 3168 5673 ad
3216 5617 3505 5687 Severum,
