3966 6184
521 293 619 347 231

1653 280 1711 335 S.
1755 276 2031 333 PAULINI
2071 271 2320 330 NOLANI
2360 265 2663 325 EPISCOPI

3713 258 3813 311 252

520 403 825 467 constituit,
874 412 928 457 et
956 401 1024 456 ad
1053 398 1333 453 materiam
1365 396 1571 468 (Latin.
1606 398 1739 465 forte
1765 392 2113 462 memoriam)
2146 398 2190 454 Α
2220 388 2330 443 oris
2361 395 2453 439 aut
2480 382 2717 455 pectoris
2744 379 2957 435 divitias
2981 377 3225 447 coegisti.
3258 376 3503 431 Omnium
3536 386 3817 446 poetarum

522 512 633 554 sua:
651 494 906 551 bonitatis
935 489 1159 547 creavit.
1190 487 1296 558 Ipsi
1325 503 1487 543 omne
1506 485 1650 555 quod
1677 499 1883 545 sumus,
1915 484 2123 552 impen-

525 588 742 651 damus;
771 592 828 639 et
854 598 973 652 quae
998 581 1281 651 illiplacita
1303 588 1446 643 sunt,
1466 577 1778 631 Studeamus
1805 574 2039 634 discere,
2068 581 2124 626 et

526 678 704 735 facere
732 692 1000 731 curemus.
1024 674 1173 727 Tunc
1202 671 1460 726 defaecata
1492 677 1673 724 mente
1698 668 1880 738 purius
1907 667 2127 719 intuen-

528 777 630 833 tes,
661 766 961 820 videbimus
1016 764 1154 816 hanc
1196 776 1315 816 esse
1365 759 1669 822 veritatem,
1720 764 1835 810 uta
1870 755 1980 809 Deo
2020 755 2128 808 sint

528 866 721 937 cuncta
773 872 892 926 qua:
940 863 1096 918 sunt;
1128 864 1185 908 et
1228 853 1366 907 hanc
1414 866 1533 905 esse
1575 848 2037 918 consequentiam,
2071 854 2131 899 ut

530 935 712 1005 omnia
742 948 838 1002 Dei
864 946 1005 1001 facta
1034 943 1389 1014 pulcherrima
1417 941 1523 995 sint
1547 956 1561 1005 ;
1593 947 1649 993 et
1674 954 1778 992 non
1809 938 1878 991 sit
1907 935 2127 997 malum,

531 1038 676 1109 quod
698 1038 897 1092 bonum
920 1034 1118 1089 habeat
1144 1040 1411 1099 antorem,
1432 1030 1735 1099 quicuneta
1758 1043 1854 1097 per
1874 1026 2131 1079 mundum

536 1130 731 1184 nostris
760 1129 942 1182 usibus
970 1124 1307 1196 praeparavit,
1342 1131 1396 1176 et
1425 1121 1624 1175 nostris
1647 1118 1966 1173 utilitatibus
1989 1116 2130 1183 agit;

536 1226 592 1272 et
641 1218 714 1271 ita
764 1216 916 1270 istius
965 1212 1330 1267 universitatis
1379 1224 1516 1279 opus
1545 1207 1817 1269 condidit,
1850 1214 1908 1259 ut
1936 1205 2039 1257 alia
2069 1202 2134 1261 ad

538 1306 899 1369 serviendum,
932 1304 1033 1356 alia
1064 1302 1129 1356 ad
1169 1301 1553 1367 exercendum,
1587 1296 1690 1350 alia
1737 1295 1803 1349 ad
1855 1293 2139 1348 dominan-

541 1397 667 1450 dum
688 1394 970 1449 creaverit.
1013 1391 1197 1460 Itaque
1227 1389 1502 1459 corporeis
1530 1385 1955 1452 animalibusque
1978 1389 2138 1435 uatu-

543 1485 616 1542 ris
646 1485 892 1540 homines
942 1484 1154 1537 ratione
1191 1480 1552 1534 dominamur.
1603 1476 1708 1553 Se_d
1739 1491 1806 1530 nc
1837 1475 1950 1543 ipsa
1980 1481 2138 1543 pote-

543 1577 697 1631 statis
745 1582 943 1629 nOstim
976 1572 1190 1626 licentia
1220 1570 1573 1634 resulvamur,
1607 1567 1806 1620 utiliter
1828 1577 2141 1617 exercemur

546 1666 805 1731 adversis,
839 1672 933 1719 aut
958 1664 1235 1733 spiritibus
1263 1661 1589 1721 dmmonum,
1621 1664 1715 1711 aut
1735 1653 2141 1711 difﬁcultatibus

2224 478 2444 532 llorihus
2494 476 2688 544 spiras.
2734 471 2973 527 omnium
3003 478 3280 523 oratorum
3321 468 3626 521 ﬂuminibus
3654 483 3819 524 exun~

2224 566 2341 632 das,
2372 562 2725 633 philosophia:
2772 575 2987 629 quoque
3030 558 3266 613 fontibus
3296 559 3552 626 irrigaris,
3587 559 3822 628 peregri-

2228 658 2310 712 nis
2339 657 2502 711 etiam
2523 655 2672 709 dives
2700 651 2915 717 litteris,
2943 650 3244 705 Romanum
3268 666 3333 706 os
3360 649 3553 706 Atticis
3578 650 3713 705 favis
3734 654 3823 706 im-

2228 752 2363 823 ples.
2397 748 2589 815 QUIESO
2632 754 2704 809 te,
2738 745 2829 799 ubi
2860 751 2987 797 tunc
3015 744 3212 797 tributa
3249 750 3410 811 sunt,
3440 758 3563 797 cum
3596 743 3825 798 Tullium

2230 852 2285 898 et
2331 840 2748 895 Demosthenem
2792 835 3070 907 perlegis?
3100 834 3185 888 vel
3228 833 3341 901 jam
3381 835 3722 889 usitatiorum
3765 836 3828 891 de

2231 935 2516 991 saturitate
2553 930 2831 986 fastidiens
2861 930 3173 993 lectionum,
3220 926 3662 997 Xenophontem,
3710 927 3829 981 Pla-

2237 1037 2441 1087 tonem,
2489 1022 2772 1085 Catonem,
2806 1021 3213 1089 Varronemque
3252 1019 3522 1089 perlectos
3571 1020 3829 1086 revolvis;

2236 1117 2538 1183 multosque
2566 1122 2848 1184 pmterea,
2877 1126 3109 1179 quorum
3148 1125 3247 1164 nos
3276 1108 3415 1164 forte
3445 1126 3546 1165 nec
3578 1113 3791 1166 nomina
3814 1152 3829 1176 ,

2236 1218 2292 1263 tu
2316 1210 2477 1264 etiam
2502 1207 2773 1261 volumina
2796 1206 2986 1259 tenes?
3012 1202 3080 1257 Ut
3101 1204 3217 1257 istis
3236 1202 3539 1272 oceuperis,
3565 1204 3832 1272 immunis,

2236 1310 2293 1357 et
2322 1302 2484 1366 liber;
2516 1307 2574 1352 ut
2602 1297 2896 1360 Christum,
2946 1296 3050 1349 hoc
3099 1302 3200 1357 est.
3255 1295 3579 1364 sapientiam
3623 1295 3717 1349 Dei
3754 1296 3834 1348 di-

2238 1407 2359 1447 scas
2384 1392 2430 1454 b,
2461 1389 2775 1443 tribularius
2799 1394 2852 1440 et
2879 1392 3172 1455 occupatus
3204 1399 3281 1438 es.
3308 1384 3477 1438 Vacat
3508 1384 3604 1438 tibi
3635 1393 3694 1438 ut
3720 1385 3836 1446 phi-

2241 1481 2499 1549 losophus
2528 1479 2570 1510 ¹⁶
2592 1478 2696 1543 sis;
2748 1492 2854 1529 non
2888 1482 3045 1530 vacat
3078 1483 3135 1528 ut
3173 1474 3511 1529 Christianus
3556 1475 3650 1530 sis.
3687 1474 3838 1529 Verte

2244 1574 2421 1643 potius
2447 1573 2555 1643 92
2581 1568 2925 1631 sententiam,
2964 1574 3117 1621 verte
3158 1565 3481 1621 facundiam.
3515 1566 3650 1619 Nam
3682 1566 3838 1619 animi

2245 1660 2641 1731 philosophiam
2673 1673 2780 1712 non
2811 1656 3053 1727 deponas
3075 1656 3221 1723 licet,
3263 1655 3390 1709 dum
3421 1670 3543 1709 eam
3586 1655 3691 1709 llde
3718 1670 3841 1709 con-

548 1759 906 1827 uegotiorum,
936 1765 1029 1811 aut
1055 1756 1289 1824 ipsorum
1338 1767 1482 1821 smpe
1536 1750 1927 1804 elementorum
1980 1745 2143 1800 ιιιοιί-
2181 1767 2219 1823 [ι
2245 1754 2361 1807 dias
2394 1752 2464 1823 (ε)
2489 1760 2544 1807 et
2588 1750 2885 1818 religione;
2915 1747 3181 1803 consertis
3222 1754 3377 1801 utare
3419 1747 3841 1815 sapientium,ut

548 1851 679 1913 bus;
726 1848 974 1902 videlicet
1028 1854 1087 1899 ut
1126 1844 1403 1912 exagitati,
1448 1843 1611 1905 euris,
1663 1840 1948 1910 prudentia
1981 1839 2043 1901 ι’,
2089 1844 2145 1890 et

550 1950 696 1996 metu
722 1939 1024 1993 Divinitatis
1052 1952 1329 1993 acuamur.
1358 1936 1403 1989 A
1433 1949 1540 2003 quo
1571 1947 1671 1987 nos
1695 1972 1711 1995 ,
1760 1946 1879 2000 quae
1925 1930 2148 1984 deberet

550 2030 720 2099 magis
749 2029 1018 2097 gratilieos
1050 2028 1274 2082 Domino
1303 2035 1505 2080 :ntcrno
1534 2022 1730 2084 facere,
1763 2021 2024 2076 securitas
2053 2035 2149 2074 ne-

550 2129 809 2195 gligentes
850 2126 992 2180 facit.
1024 2123 1176 2179 Unde
1223 2132 1278 2177 et
1329 2122 1582 2189 magister
1601 2119 1705 2188 91
1738 2121 1975 2186 gentium
2005 2114 2150 2183 Apo-

551 2219 721 2271 stolus
751 2218 844 2280 ait,
878 2230 1075 2270 arcano
1106 2214 1298 2267 divina:
1326 2213 1541 2281 pietatis
1583 2212 1832 2276 consilio,
1873 2218 1928 2264 et
1955 2222 2150 2275 magno

553 2311 799 2363 humana:
829 2307 1014 2362 salutis
1034 2307 1400 2361 emolumento
1441 2305 1641 2374 opponi
1669 2302 1935 2372 quosdam
1964 2301 2149 2355 obices

554 2401 801 2455 cursibus
823 2398 1040 2462 nostris,
1068 2406 1123 2451 et
1146 2397 1384 2450 adversis
1413 2395 1645 2450 secunda
1676 2393 1892 2458 mutari,
1918 2400 1979 2446 ut
2008 2408 2154 2446 mor-

553 2492 674 2556 bos,
710 2490 925 2553 damna,
979 2487 1322 2551 discrimina;
1373 2486 1499 2555 quia
1548 2484 1821 2538 tribulatio
1878 2481 2154 2553 patientia:

556 2583 725 2637 robur
762 2588 1038 2650 operetur,
1071 2576 1391 2649 patientia"
1412 2575 1784 2646 probationem
1817 2573 1938 2628 lidei
1961 2574 2152 2644 pariat,

490 2742 511 2759 κ
557 2684 613 2729 et
633 2674 908 2745 prtemium
937 2672 1120 2741 gloria:
1148 2668 1391 2726 conferat
1419 2680 1466 2726 ⁸.
1496 2666 1650 2735 Quod
1678 2675 1827 2723 certe
1864 2667 2034 2721 virtus
2066 2682 2157 2721 ea-

557 2780 689 2835 pere
730 2765 829 2819 nisi
882 2763 1074 2818 victrix
1127 2777 1234 2816 non
1264 2768 1464 2831 potest,
1503 2776 1611 2814 non
1643 2758 1889 2813 habitura
1921 2756 2159 2812 victoria:

561 2854 894 2924 facultatem,
922 2854 1024 2908 nisi
1072 2868 1193 2908 cum
1222 2851 1401 2921 aliqua
1443 2850 1593 2921 prius
1639 2846 1956 2904 diflieultate
1990 2854 2163 2903 certa-

561 2948 718 3003 verit.

633 3039 685 3093 6.
729 3037 886 3105 Quod
926 3052 1051 3093 cum
1094 3035 1395 3107 prudentite
1422 3042 1559 3102 tua),
1587 3048 1749 3103 quam
1779 3039 1835 3087 et
1862 3029 2157 3098 ingenitam

2248 1847 2323 1902 sis
2364 1845 2460 1899 Dei
2506 1843 2878 1916 philosophus,
2906 1850 2964 1895 et
3008 1840 3105 1895 Dei
3149 1847 3331 1900 vates,
3384 1855 3491 1891 non
3534 1837 3840 1908 quaerendo,

2251 1937 2343 1992 sed
2359 1934 2617 1990 imitando
2641 1934 2826 1997 Deum,
2851 1930 3099 2001 sapiens;
3124 1938 3182 1983 ut
3204 1945 3311 1983 non
3343 1938 3452 1982 tam
3478 1929 3661 1995 lingua
3689 1942 3842 1996 quam

2251 2032 2361 2086 vita
2390 2028 2648 2089 cruiitus,
2685 2036 2795 2079 tam
2825 2025 3058 2078 disseras
3084 2037 3275 2091 magna
3298 2036 3458 2090 quam
3490 2019 3679 2073 facias.

2323 2123 2377 2175 7.
2418 2120 2548 2175 Esto
2595 2116 2983 2187 Peripateticus
3028 2115 3162 2180 Deo,
3205 2112 3577 2184 Pythagoreus
3620 2108 3848 2169 mundo;

2252 2228 2393 2268 vera:
2423 2213 2475 2265 in
2505 2210 2720 2265 Christo
2758 2206 3036 2276 sapienth
3067 2203 3405 2274 prmdicator,
3439 2210 3495 2257 et
3520 2200 3739 2255 tandem
3771 2208 3850 2252 ta-

2252 2306 2389 2361 citus
2409 2301 2655 2368 vanitati,
2676 2298 3035 2369 perniciosam
3062 2297 3216 2350 istam
3248 2293 3484 2348 inanium
3511 2291 3850 2347 dulcedinem

2255 2398 2574 2458 litterarum,
2606 2392 2762 2463 quasi
2793 2391 2910 2445 illos
2938 2389 3124 2459 patria:
3151 2387 3553 2442 oblitteratores
3572 2384 3647 2438 de
3666 2383 3853 2437 bacca~

2255 2503 2376 2543 rum
2406 2486 2670 2541 suavitate
2693 2482 3037 2551 Lotophagos
3061 2479 3137 2548 (ά)
3169 2486 3224 2533 et
3249 2476 3559 2532 Sirenarum
3592 2473 3850 2538 carmina,

2256 2578 2747 2636 blandimentorum
2778 2574 3085 2628 nocentium
3119 2577 3309 2625 cantus
3334 2568 3499 2622 evita.
3542 2566 3616 2619 Et
3643 2566 3765 2634 quia
3797 2564 3854 2615 li«

2260 2683 2348 2729 cet
2375 2671 2618 2743 qumdam
2666 2669 2983 2739 plerumque
3030 2664 3100 2719 de
3147 2662 3397 2717 inanibus
3450 2659 3670 2723 fabulis,
3702 2665 3758 2711 ut
3792 2656 3854 2710 de

2261 2761 2572 2830 vulgaribus
2623 2760 2803 2828 aliqua
2843 2753 3162 2826 proverbiis,
3196 2752 3249 2806 in
3291 2765 3447 2805 usum
3477 2748 3593 2803 veri
3637 2763 3700 2802 ac
3736 2744 3854 2800 serii

2261 2854 2528 2911 sermonis
2575 2864 2870 2913 assumere,
2902 2846 3079 2901 dicam
3126 2860 3234 2899 non
3265 2843 3474 2896 litteras
3507 2847 3736 2903 tantum,
3767 2834 3855 2892 sed

2263 2956 2321 3004 et
2342 2962 2531 3005 omnes
2554 2959 2733 3000 rerum
2764 2939 3144 3009 temporalium
3179 2936 3390 3006 species
3418 2932 3574 2987 nobis
3606 2941 3727 2986 e55e
3756 2928 3857 2981 Lo-

2268 3038 2529 3109 tophagos
2557 3035 2643 3090 vel
2672 3033 2890 3101 Sirenas
2911 3033 2979 3085 ⁸⁷.
3003 3028 3136 3083 Nam
3167 3035 3223 3081 et
3248 3026 3585 3094 voluptatqu
3610 3018 3855 3092 pestifera

563 3142 619 3187 θῐ
647 3130 909 3185 eruditam
941 3129 1125 3194 habes:
1158 3128 1353 3182 “ueris
1383 3140 1599 3194 quoque
1628 3124 1778 3193 ίβείδν
1800 3137 1934 3192 quas
1956 3122 2161 3174 υιίηίιηι
2190 3136 2233 3195 C
2266 3128 2516 3192 dulcedo,
2549 3126 2737 3196 patria:
2763 3124 2918 3177 nobis
2946 3120 3270 3177 oblivionem
3300 3117 3459 3178 facit,
3491 3130 3617 3170 cum
3664 3110 3857 3167 homini

565 3224 691 3293 iam,
725 3231 783 3276 ut
804 3221 1038 3290 judicio,
1082 3221 1155 3273 ita
1197 3227 1252 3272 et
1280 3218 1457 3272 studio
1488 3216 1655 3271 sacris
1694 3214 1913 3268 Litteris
1941 3212 2164 3281 postha-

566 3316 744 3377 beres,
785 3311 1019 3379 potuerit
1054 3308 1309 3372 iutimari,
1342 3307 1536 3378 quibus
1563 3305 1776 3373 egregie
1815 3304 2079 3357 clarorum
2110 3302 2166 3356 in

569 3406 646 3476 (α)
679 3404 904 3459 ducibus
951 3412 1044 3456 aut
1084 3400 1417 3471 phil050phis
1447 3399 1684 3452 virorum
1714 3396 1943 3450 virtutes
1971 3392 2038 3447 ad
2068 3408 2167 3446 no-

568 3496 728 3551 bilem
756 3492 969 3557 famam,
1004 3508 1109 3547 non
1161 3491 1260 3545 nisi
1304 3505 1402 3559 per
1432 3488 1644 3541 labores
1673 3494 1729 3540 et
1766 3483 2005 3555 pericula
2034 3482 2169 3537 emi-

570 3588 741 3644 cuisse
771 3590 1163 3648 memorantur,
1195 3582 1482 3636 admodum
1506 3580 1694 3648 miror,
1736 3594 1833 3633 cur
1861 3577 1915 3631 in
1944 3575 2169 3630 veritate

570 3679 851 3751 perspicua
878 3676 1044 3731 divini
1073 3675 1311 3729 muneris
1341 3674 1412 3727 ita
1438 3669 1672 3727 volueris
1691 3669 1950 3736 caligare,
1980 3676 2039 3720 ut
2066 3666 2167 3718 mi-

573 3769 795 3825 rabilem
840 3768 986 3822 illam
1016 3766 1167 3821 navis
1209 3764 1426 3833 jactata:
1455 3761 1704 3825 salutem,
1750 3766 1806 3812 et
1835 3756 2172 3812 evidentibus

573 3864 741 3931 signis
762 3870 1104 3932 proCuratam
1133 3867 1330 3913 nostra:
1359 3857 1438 3911 rei
1471 3854 1727 3909 divinitus
1756 3860 1901 3906 terra
1931 3848 2174 3916 marique

575 3955 894 4015 custodiam,
945 3950 1179 4004 fortuitis
1234 3948 1516 4003 eventibus
1555 3944 1807 4011 dederis,
1858 3948 2175 4007 tantamque

577 4047 919 4102 Occasionem
968 4039 1161 4093 divinae
1192 4037 1585 4107 prasdicationis
1628 4034 1902 4088 ell‘uderis.
1933 4032 2091 4098 Erige
2122 4029 2173 4083 iu

578 4143 840 4191 ‘summam
885 4129 1162 4201 sapientia:
1191 4135 1425 4181 mentem
1456 4133 1621 4186 tuam,
1655 4132 1711 4177 et
1736 4124 1909 4190 ipsum
1941 4122 2050 4175 veri
2097 4121 2176 4173 lu-

581 4228 739 4282 minis
766 4224 1004 4279 fomitem
1046 4219 1316 4274 Christum
1348 4225 1500 4288 pete;
1531 4215 1622 4285 qui
1654 4214 1837 4269 l'tdeles
1876 4213 2081 4267 animas
2113 4213 2177 4265 il-

582 4318 841 4378 luminat,
875 4322 930 4367 et
956 4319 1178 4382 pectora
1208 4320 1355 4364 casta
1381 4308 1695 4379 perlabitur.
1746 4306 1899 4374 Quod
1929 4315 1984 4360 et
2011 4313 2063 4358 te
2104 4305 2176 4356 ita

584 4407 785 4463 sentire
814 4406 858 4436 ¹’⁵
887 4403 1134 4468 docuisti,
1171 4402 1299 4456 licet
1329 4415 1424 4471 pro
1466 4398 1810 4454 excusatione
1835 4394 2180 4465 prmlendcris

586 4499 846 4567 imparem
876 4504 930 4550 te
950 4495 1144 4559 adhuc,
1170 4500 1226 4547 et
1254 4491 1375 4547 ideo
1401 4491 1475 4564 (b)
1509 4507 1614 4543 non
1638 4502 1890 4557 capacem
1920 4486 2034 4550 Dei,
2052 4485 2178 4553 quia

589 4589 816 4644 terrenis
845 4588 1004 4643 rebus
1032 4595 1087 4640 et
1115 4586 1258 4641 curis
1288 4586 1557 4646 obsessus,
1598 4581 1666 4634 ab
1706 4579 1898 4632 altiore
1926 4585 2178 4646 suspectu

587 4681 887 4735 cmlestium
912 4678 1065 4747 quasi
1113 4677 1342 4732 nubibus
1390 4671 1721 4742 interpositis
1768 4668 2017 4723 arcearis.
2077 4668 2183 4722 Sed

590 4774 792 4827 utinam
826 4774 925 4826 ista
958 4780 1064 4825 tam
1093 4785 1220 4824 vere
1241 4768 1415 4839 possis
1427 4763 1745 4827 obtendere,
1770 4776 1931 4830 quam
1960 4759 2184 4815 facunde

590 4870 765 4933 potes.
811 4862 1001 4929 Arguit
1047 4861 1191 4915 enim
1242 4861 1357 4929 ipsa
1402 4855 1662 4911 facundia:
1690 4864 1794 4907 tua:
1820 4853 2185 4919 doctrinaque

591 4956 912 5021 fecunditas,
939 4955 1272 5008 voluntatem
1303 4953 1398 5006 tibi
1428 4950 1605 5020 potius
1635 4950 1685 5002 in
1717 4946 1943 5002 sacris”
1970 4943 2187 4997 Litteris

593 5063 799 5118 parem,
825 5062 989 5115 quam
1018 5054 1110 5099 aut
1139 5045 1474 5100 vacationem
1504 5049 1596 5094 aut
1632 5040 1943 5093 facultatem
1974 5036 2184 5089 abesse.

595 5139 712 5193 Non
735 5140 898 5203 enim,
930 5138 1140 5207 opinor,
1168 5136 1458 5199 dormiens,
1504 5142 1596 5186 aut
1623 5130 1765 5185 aliud
1796 5144 1961 5198 agens
2010 5136 2189 5181 tantas

1121 5248 1148 5286 ι)
1172 5246 1193 5300 l
1221 5247 1347 5302 Cur.
1370 5263 1406 5309 ι,
1430 5244 1519 5299 9-4.

674 5359 750 5434 (a)
789 5360 879 5414 Sic
904 5358 1251 5434 emenzlamus
1263 5372 1443 5434 exins.
1468 5355 1757 5434 Viennensi
1774 5351 2189 5434 etedit._nSehot.

602 5423 751 5491 Alias
778 5441 912 5495 erat,
940 5430 1228 5493 indicibus;
1253 5430 1399 5482 nullo
1429 5442 1609 5480 sensu.
1643 5424 1778 5477 Vide
1808 5429 1921 5476 not.
1955 5423 2041 5475 48.

680 5504 755 5575 (ὁ)
788 5501 893 5575 _Ms.
928 5499 1079 5575 Vica.
1111 5515 1233 5575 cum
1263 5499 1393 5575 edit.
1422 5497 1600 5575 (irim,
1628 5497 1947 5575 incapacem.

788 5571 864 5624 lla
886 5587 985 5627 ms.
1010 5570 1160 5645 Ynen.
1194 5569 1373 5626 Ceteri
1407 5568 1648 5630 codices;
1676 5574 1724 5618 et
1752 5562 2022 5632 religione
2067 5578 2189 5616 ’30:!-

611 5642 748 5706 sertn
770 5655 917 5697 utare
938 5642 1241 5711 sapientius.

675 5261 698 5287 ³
730 5249 886 5304 Rom.
914 5266 967 5318 v,
989 5248 1043 5301 ’5.

2268 3217 2458 3281 Deum,
2489 3217 2581 3284 qui
2612 3220 2695 3268 est
2724 3213 2898 3283 patria
2928 3211 3168 3265 omnium
3208 3206 3544 3271 communis,
3575 3205 3857 3264 obliterat;

2268 3317 2325 3364 et
2374 3309 2642 3363 illecebra:
2671 3304 3022 3376 cupiditatum
3068 3304 3211 3357 illam
3264 3300 3577 3356 Sirenarum
3635 3297 3859 3352 fabulam

2268 3400 2495 3455 veritate
2524 3398 2691 3454 cladis
2713 3397 3007 3451 imitantur.
3039 3392 3171 3447 Nam
3202 3391 3343 3461 quod
3375 3390 3477 3443 illa:
3490 3388 3697 3443 Sirenm
3711 3385 3861 3440 fuisse

2273 3490 2564 3560 ﬁnguntur,
2613 3488 2663 3542 id
2694 3500 2825 3541 vere
2892 3492 3018 3540 sunt
3069 3481 3333 3537 illecebnc
3387 3479 3762 3549 cupiditatum,
3808 3481 3860 3528 et

2271 3580 2638 3636 blandimenta
2670 3577 2919 3631 vitiorum
2949 3576 3019 3646 (e)
3051 3573 3303 3627 habentia
3348 3573 3404 3625 in
3447 3580 3629 3640 spccte
3666 3567 3861 3622 lenoci-

2274 3674 2441 3733 nium,
2476 3671 2530 3724 in
2576 3676 2736 3737 gustu
2761 3682 3060 3731 venenum;
3092 3678 3323 3732 quorum
3367 3676 3494 3716 usus
3541 3661 3592 3713 in
3627 3659 3861 3719 crimine,

2273 3764 2504 3834 pretium
2530 3761 2582 3815 in
2614 3768 2785 3813 morte
2815 3766 3148 3812 numeratur.
3176 3754 3283 3808 llas
3306 3760 3525 3823 oportet
3552 3751 3693 3804 ultra
3725 3747 3866 3817 Ulys-

2276 3856 2348 3910 sis
2376 3853 2627 3907 astutiam
2674 3850 2839 3914 cauti,
2890 3863 2998 3903 non
3045 3847 3266 3901 auribus
3322 3852 3549 3905 tantum,
3581 3840 3679 3896 sed
3708 3838 3866 3894 oculis

2277 3943 2545 4000 obseratis
2575 3953 2628 3997 et
2657 3942 2857 4002 animo,
2889 3939 3042 4008 quasi
3091 3937 3306 4005 navigio
3353 3932 3765 4005 praetervolaute
3792 3926 3867 3980 fu—

2277 4037 2504 4107 giamus,
2559 4049 2626 4087 ne
2654 4030 2927 4086 sollicitati
2954 4029 3309 4084 delectatione
3339 4023 3546 4079 letifera
3566 4063 3580 4084 ,
3615 4023 3667 4075 iu
3697 4017 3867 4075 etimi—

2281 4143 2408 4182 num
2449 4140 2580 4179 saxa
2623 4123 2936 4192 rapiamur;
2969 4128 3025 4175 et
3052 4119 3275 4189 scopulo
3324 4115 3512 4171 mortis
3540 4114 3719 4178 adfixi,
3746 4126 3869 4164 nano

2280 4216 2505 4284 fragium
2532 4215 2722 4269 salutis
2752 4213 3031 4265 obeamus.

2353 4305 2405 4360 8.
2450 4306 2626 4375 Atque
2656 4303 2858 4357 utinam
2908 4301 2991 4355 vel
3037 4299 3193 4354 nudis
3233 4298 3390 4351 nobis
3417 4312 3485 4351 ex
3516 4295 3669 4349 istius
3695 4290 3870 4347 mundi

2282 4401 2399 4454 salo
2420 4400 2583 4453 liceat
2608 4394 2860 4458 evadere,
2891 4393 2935 4445 si
2963 4392 3014 4445 in
3046 4400 3290 4460 tempore
3320 4390 3442 4452 isto,
3467 4402 3576 4456 quo
3607 4387 3658 4439 in
3683 4382 3874 4451 fragili-

2208 4512 2260 4570 υ
2287 4499 2397 4545 tate
2426 4502 2716 4558 corporea,
2749 4492 2805 4538 et
2832 4482 3234 4554 possessionum
3265 4479 3499 4543 lubrico,
3534 4487 3801 4546 tamquam
3828 4474 3875 4526 in

2286 4579 2481 4648 navigii
2520 4575 2813 4630 fatiscentis
2840 4571 3003 4626 infida
3046 4584 3306 4638 compage
3346 4566 3641 4627 lluitamus,
3686 4577 3877 4618 exuere

2289 4686 2390 4725 nos
2416 4668 2483 4722 ad
2503 4666 2825 4722 cnataudum
2846 4660 3244 4731 impedimentis
3265 4658 3583 4727 augentibus
3610 4654 3762 4725 quasi
3792 4667 3877 4704 ve-

2291 4762 2462 4815 stibus
2506 4757 2771 4821 madidis;
2805 4761 2862 4809 et
2910 4753 3066 4807 tidem
3114 4752 3429 4816 salutarem,
3474 4763 3581 4816 qua
3612 4747 3664 4801 in
3687 4746 3880 4799 virtute

2291 4851 2489 4905 Christi
2515 4849 2609 4903 Dei
2635 4846 2833 4902 vexillo
2856 4846 3032 4899 crucis
3061 4843 3301 4907 uitiatur,
3326 4840 3479 4908 quasi
3504 4837 3735 4891 tabulam
3766 4848 3882 4903 pcr-

2290 4943 2417 5012 fugii
2454 4940 2858 4997 meminerimus
2899 4935 3186 4999 invadere;
3220 4940 3277 4986 ut
3303 4932 3370 4986 de
3402 4930 3566 4985 rebus
3595 4927 3881 4983 liuentibus

2289 5051 2442 5106 spem
2488 5032 2711 5090 solidam
2749 5042 3148 5100 comparemus,
3168 5034 3223 5081 et
3252 5024 3320 5080 de
3342 5023 3504 5078 noxia
3533 5020 3881 5091 cupiditatum

2292 5126 2517 5181 materia
2548 5120 2749 5199 aliquid
2798 5120 2866 5175 ad
2910 5118 3275 5173 innocentiam
3328 5115 3664 5181 salutemque
3713 5106 3883 5177 rapia-

2371 5350 2449 5421 (d)
2481 5348 2581 5421 Sic
2606 5363 2706 5401 ms.
2746 5348 2916 5403 codex
2949 5343 3209 5414 Belgicus,
3246 5341 3377 5397 edit.
3408 5338 3593 5395 Schol.
3625 5345 3680 5392 et
3709 5331 3882 5387 Fabri-

2296 5419 2431 5473 cius.
2464 5420 2631 5484 Alias,
2663 5429 2738 5471 ul.

2301 5560 2320 5611 Ι
2370 5490 2442 5611 ac)
2482 5489 2555 5542 lta
2586 5472 2687 5568 ius.
2720 5487 3009 5544 Vaticanus
3029 5526 3043 5551 ,
3067 5498 3189 5539 cum
3234 5482 3322 5536 alii
3362 5479 3577 5537 codices
3607 5472 3886 5548 praeferant

2318 5576 2366 5611 ιιι
2403 5570 2487 5611 ent
2515 5575 2667 5611 enim.
3368 5563 3375 5569 '

2318 5563 2487 5613 iubent
2515 5563 2667 5612 enim.
3368 5563 3375 5569 '

3570 5712 3578 5721 ,ι

3566 5730 3599 5743 ⁸
