3966 6184
219 268 312 323 9.33

1551 256 1880 314 EPISTOLA
1918 259 2074 315 XVII.

3336 262 3442 321 95(

219 394 337 434 nius.
367 378 439 448 (a)
470 378 591 445 Quo
623 378 874 432 videlicet
902 385 961 431 ut
982 376 1092 431 Deo
1121 375 1431 436 servientes,
1459 372 1765 442 cupiditati-
1794 378 1844 432 Λ
1870 373 1977 426 lata
2002 385 2048 439 ο,
2070 388 2194 442 quia
2223 374 2387 429 divini
2418 377 2622 431 timoris
2647 390 2835 441 vacua,
2860 377 3133 446 sapientia:
3157 384 3318 449 'caput
3338 398 3445 436 non

218 472 303 525 bus
328 471 671 538 imperantes,
699 469 1030 523 necessitatis
1056 468 1216 521 modo
1238 466 1497 520 desideria
1524 465 1781 519 termine«

216 578 337 624 mus,
365 568 416 613 et
446 560 780 613 necessarios
803 559 1062 612 habentes
1085 558 1314 620 habitus,
1346 570 1452 608 non
1480 549 1805 622 quzeramus'

216 647 491 719 superﬂuos
546 655 872 716 apparatus;
928 647 1052 714 quia
1107 644 1376 699 recordari
1423 644 1777 697 admonemur

216 754 303 793 nos
329 737 455 790 nihil
482 736 725 789 intulisse
768 736 823 787 in
868 734 1011 788 hunc
1038 734 1324 797 mundum,
1359 746 1533 799 neque
1563 730 1775 785 auferre

216 841 355 895 posse
380 834 424 877 ⁸.
450 824 579 890 Quae
608 824 804 877 veritas
831 823 886 875 iu
915 829 1117 875 tantum
1140 823 1301 884 valet,
1326 828 1383 874 ut
1407 821 1472 873 de
1494 820 1777 886 gentilibus

216 930 409 984 quoque
432 913 894 982 philosophorum,
926 912 1015 979 qui
1040 910 1122 963 vel
1145 910 1219 979 (b)
1251 918 1514 963 extremas
1540 909 1780 963 veritatis

220 1007 368 1059 lineas
396 1003 713 1059 celsioribus
735 1002 960 1068 ingeniis
980 1001 1085 1069 93
1114 998 1421 1066 attigerunt,
1452 998 1777 1066 inquirendae

220 1103 424 1152 tantum,
449 1091 647 1146 nedum
675 1090 959 1158 sequenda:
986 1088 1257 1156 sapientiae
1286 1088 1461 1141 vacari
1484 1104 1592 1141 non
1618 1102 1778 1156 posse

218 1186 481 1247 senserint,
534 1183 634 1235 nisi
665 1181 1013 1250 pecuniarum
1044 1194 1230 1243 onera,
1270 1178 1421 1247 quasi
1462 1186 1775 1242 stercorum,

219 1274 360 1327 etiam
380 1273 435 1324 in
464 1285 614 1324 mare
642 1269 857 1338 quidam
885 1268 1227 1338 projicerent.

275 1363 324 1415 9.
360 1360 467 1415 Sed
495 1372 553 1412 tu
582 1360 897 1413 divisionem
919 1374 1037 1412 cum
1061 1358 1171 1411 Deo
1193 1356 1372 1417 facito,
1404 1363 1459 1409 et
1480 1355 1629 1423 quasi
1659 1370 1780 1409 mu-

221 1462 299 1507 tuo
340 1451 607 1506 beneﬁcio
645 1449 807 1502 redde
844 1462 1052 1501 summo
1094 1446 1240 1499 Patri
1282 1445 1535 1512 gratiam;
1568 1444 1656 1511 qui
1701 1451 1779 1497 ta-

222 1558 327 1597 men
351 1544 417 1595 de
448 1541 512 1593 iis
541 1552 889 1608 qumcumque
916 1536 1007 1589 tibi
1037 1535 1258 1590 donavit
1286 1534 1538 1602 ingenita,
1567 1538 1656 1585 aut
1682 1532 1778 1584 ad-

223 1632 330 1699 jecit
369 1630 726 1693 extrinsecus,
763 1633 814 1679 te
858 1632 1062 1678 tantum
1107 1638 1136 1676 a
1184 1631 1235 1676 te
1270 1621 1521 1691 reposcit.
1571 1619 1779 1674 Habeas

1878 464 2057 529 habet,
2083 466 2237 533 quasi
2268 467 2339 535 (c)
2384 468 2583 522 truncis
2628 466 2872 521 sensibus
2893 507 2908 531 ,
2942 468 3082 522 unde
3116 469 3444 523 intellectum

1878 567 2055 605 rerum
2084 554 2279 619 trahat,
2312 554 2396 608 ubi
2434 556 2755 609 sententiam
2779 563 2979 609 statuat
3005 557 3213 624 ignara;
3243 573 3364 611 cum
3386 573 3447 611 se

1878 639 2091 707 frustra,
2116 643 2365 697 omnibus
2386 645 2520 698 caelo
2542 652 2793 712 terraque
2814 645 3121 712 regionibus
3140 654 3449 715 pervagata,

1878 730 2202 797 cogitatione
2247 732 2573 798 distraxerit,
2607 734 2661 786 in
2690 734 2799 803 94
2824 735 3085 791 creaturis
3124 736 3446 805 conspicuis,

1879 824 1934 870 et
1960 819 2012 871 in
2042 819 2344 875 nominibus
2376 822 2558 875 vacuis
2588 835 2808 875 casuum
2846 830 3007 891 atque
3046 822 3447 888 fatorum,'vim

1879 907 2201 969 universam,
2222 922 2325 977 qua
2354 909 2580 966 mundus
2600 911 2790 977 agitur,
2810 912 3100 969 constituit.

1950 1017 2036 1069 11.
2079 1018 2191 1072 Tua
2218 1035 2347 1074 vero
2377 1036 2547 1087 mens,
2590 1036 2709 1089 quae
2738 1023 2899 1089 ignita
2920 1024 2987 1077 de
3015 1024 3221 1079 caelesti
3245 1024 3449 1080 semine

1878 1105 2115 1159 divinum
2141 1106 2252 1176 jam
2272 1109 2440 1176 spirat
2466 1109 2732 1172 ardorem,
2758 1112 2809 1163 in
2841 1111 3007 1179 ipsam
3029 1126 3205 1166 arcem
3234 1114 3449 1182 sapien-

1880 1196 1966 1249 tiae
1994 1194 2261 1251 Christum
2302 1198 2402 1253 [ide
2438 1200 2634 1268 prievia
2664 1200 2941 1267 dirigatur.
2974 1201 3155 1256 Patior
3190 1204 3208 1271 (
3246 1201 3308 1255 V.
3334 1211 3447 1257 not.

1881 1284 1968 1355 11)
1993 1300 2058 1339 ex
2086 1286 2239 1355 c0pia
2266 1287 2306 1318 ’ί
2336 1288 2429 1342 tibi
2459 1289 2512 1342 in
2544 1290 2738 1343 nostris
2760 1305 2974 1359 quoque
3000 1291 3191 1345 studiis
3212 1291 3289 1361 (ά)
3320 1307 3449 1360 pos-

1880 1374 2152 1429 sidendam
2187 1376 2622 1447 philosophorum
2663 1380 2986 1446 facundiam,
3016 1380 3141 1434 dum
3169 1381 3447 1435 adversam

1878 1462 2021 1516 veris
2063 1462 2276 1519 desinas
2317 1481 2495 1520 amare
2524 1467 2860 1535 sapientiam.
2906 1468 3093 1541 Melius
3120 1478 3206 1523 est
3232 1472 3373 1524 enim
3402 1473 3447 1502 "

1880 1559 2064 1607 tenere
2101 1562 2155 1608 te
2194 1557 2372 1625 potius
2414 1557 2592 1611 divina
2630 1567 2989 1626 quaarentem,
3016 1575 3175 1630 quam
3212 1570 3453 1630 quierere

1881 1640 2261 1710 disputantem.
2296 1644 2444 1700 Mitte
2465 1647 2510 1677 “
2540 1646 2658 1702 illos
2694 1663 2908 1718 semper
2942 1651 2993 1703 in
3025 1653 3259 1706 tenebris
3300 1654 3445 1719 igno-

222 1721 331 1773 licet
354 1719 468 1809 tibi~
489 1725 547 1771 et
581 1716 688 1769 illis
714 1721 1049 1809 cunelaﬂuﬂf
1077 1711 1339 1809 Ροεείάξεο
1371 1718 1572 1762 lanium
1603 1709 1778 1809 {ticu-
1809 1714 1857 1772 B
1885 1731 2069 1784 rantia:
2097 1732 2384 1800 volutatos,
2426 1735 2479 1787 in
2507 1709 2939 1793 contentionibus
2968 1740 3189 1793 erudita:
3219 1709 3455 1809 loquaci-

223 1824 348 1871 rans,
372 1815 435 1859 ut
458 1807 650 1859 horum
672 1817 886 1870 quoque
915 1802 1219 1867 largitorem
1256 1799 1422 1852 Deum
1464 1813 1581 1853 esse
1614 1797 1783 1852 fatea-

223 1900 304 1953 ris.
326 1896 466 1951 Nihil
495 1895 640 1948 enim
670 1893 925 1946 habemus
946 1890 1087 1959 quod
1116 1904 1223 1943 non
1247 1888 1607 1957 acceperimus
1631 1887 1675 1953 δ,
1693 1888 1782 1956 qui

225 1990 270 2043 in
296 1990 449 2051 hunc,
473 1993 532 2039 ut
550 1985 683 2050 dixi,
707 1982 963 2036 mundum
994 1979 1119 2035 nudi
1140 1980 1383 2035 venimus
1408 1979 1665 2046 ¢.lngenii
1694 1994 1787 2032 au-

226 2086 319 2132 tem
346 2078 426 2129 tui
474 2074 756 2128 facultates
798 2080 853 2125 et
891 2085 1077 2125 omnes
1108 2069 1303 2123 mentis
1330 2084 1393 2123 ac
1421 2069 1611 2137 lingua:
1657 2084 1789 2137 Opes

228 2165 323 2219 Deo
344 2162 557 2225 dedica,
579 2160 859 2214 immolans
880 2159 951 2226 ei,
975 2159 1111 2213 sicut
1136 2158 1391 2226 scriptum
1414 2165 1496 2210 est
1516 2155 1565 2222 ἀ,
1583 2156 1784 2210 sacrifi-

227 2254 349 2307 cium
376 2252 575 2314 laudis,
606 2263 702 2303 ore
743 2247 969 2302 facundo
1006 2256 1062 2301 et
1105 2247 1269 2301 corde
1310 2245 1525 2299 devoto.
1558 2244 1703 2298 Illico
1733 2254 1788 2297 ut

228 2344 285 2397 ad
307 2358 538 2413 superna
568 2340 862 2411 penetralia
890 2340 1058 2393 aciem
1086 2337 1279 2391 mentis
1317 2336 1626 2397 intenderis,
1660 2350 1787 2405 ape-

229 2436 317 2489 riet
340 2434 404 2487 ad
434 2442 489 2487 te
516 2431 709 2486 faciem
736 2444 886 2484 suam
910 2429 1129 2491 veritas,
1156 2436 1312 2497 teque
1338 2428 1509 2495 ipsum
1535 2427 1793 2481 reserabit

228 2530 328 2581 tibi.
356 2526 488 2580 Nam
530 2524 723 2579 divina:
759 2521 996 2576 veritatis
1028 2520 1231 2587 agnitu,
1264 2519 1318 2573 id
1344 2532 1557 2587 quoque
1578 2527 1637 2571 ut
1666 2532 1793 2571 nos-

229 2620 471 2688 metipsos
520 2614 858 2675 noverimus,
896 2611 1245 2677 assequimur.
1280 2607 1430 2662 Unde
1469 2609 1610 2661 enim
1639 2615 1797 2675 putas

230 2718 420 2762 tantam
450 2704 666 2759 miseris
692 2701 1007 2757 mortalibus
1042 2698 1129 2753 vel
1170 2698 1431 2767 superbia:
1458 2696 1545 2751 vel
1574 2696 1797 2763 ignaviae

230 2796 630 2868 perversitatem
657 2790 959 2853 inolevisse,
988 2794 1049 2842 ut
1076 2802 1182 2840 non
1211 2787 1449 2840 colentes
1478 2784 1663 2849 Deum,
1686 2783 1796 2837 dte-

231 2890 411 2943 moniis
448 2895 546 2940 aut
585 2884 867 2939 elementis
903 2882 1127 2937 subditis
1168 2880 1269 2936 sibi
1307 2877 1563 2941 serviant,
1610 2890 1796 2944 aquas,

234 2980 418 3048 ignem,
444 2978 649 3043 sidera,
665 2976 905 3039 arbores,
934 2982 989 3028 et
1009 2972 1291 3028 simulacra
1312 2977 1651 3030 venerantes,
1676 2981 1797 3021 cum

234 3072 537 3141 impiissima
576 3068 770 3121 divina:
809 3064 1100 3134 majestatis
1144 3061 1378 3130 injuria?
1404 3058 1568 3128 Cujus
1597 3058 1812 3113 nomine
1837 3062 1881 3119 C

234 3166 339 3219 sive
363 3164 639 3217 dzemones
669 3161 735 3223 ’⁸,
758 3158 871 3211 sive
897 3164 1169 3211 creaturas
1192 3153 1391 3216 colant,
1422 3165 1606 3205 servos
1633 3151 1807 3203 hono-

235 3262 347 3307 rant
378 3272 390 3305 :
422 3265 527 3321 pro
559 3264 668 3317 quo
700 3247 766 3301 iis
793 3245 1028 3300 tenebris
1062 3242 1249 3298 caecari
1278 3247 1569 3302 merentur,
1601 3246 1660 3292 ut
1686 3237 1810 3307 quia

237 3344 395 3397 Deum
422 3355 614 3397 verum
640 3338 937 3405 intelligere
966 3335 1173 3398 nolunt,
1190 3334 1352 3388 etiam
1373 3332 1454 3386 sui
1476 3331 1812 3400 ignoratione

236 3436 490 3488 feriantur
534 3449 547 3483 :
590 3445 694 3499 qua
746 3429 990 3481 liberatur
1027 3425 1191 3480 homo
1234 3422 1559 3476 illuminatus
1600 3417 1722 3481 fide,
1754 3425 1813 3470 ut

238 3524 472 3577 ordinem
506 3528 667 3589 atque
698 3529 999 3571 mensuram
1020 3512 1102 3568 sui
1122 3510 1333 3579 generis
1352 3509 1670 3576 intelligens,
1700 3505 1812 3559 Deo

238 3620 462 3677 tantum,
492 3610 646 3675 cujus
673 3608 849 3661 unitas
892 3601 1143 3657 ineffabili
1171 3598 1431 3652 Trinitate
1460 3603 1723 3659 censetur,
1753 3607 1813 3647 se

239 3716 352 3754 esse
394 3697 741 3765 subjectum;
772 3691 964 3747 ceteris
1002 3704 1130 3743 vero
1171 3686 1417 3742 omnibus
1456 3683 1737 3744 creaturis,
1767 3682 1814 3737 si

239 3786 586 3843 rationabiles
605 3791 752 3848 sunt,
784 3796 999 3850 parem;
1031 3779 1112 3832 sin
1151 3792 1283 3831 vero
1318 3788 1592 3843 corporea:
1617 3774 1679 3839 η,
1718 3787 1811 3828 su-

240 3880 508 3948 periorem
540 3888 660 3929 esse
685 3876 991 3938 cognoscat.

308 3969 393 4021 10.
436 3967 556 4032 Qua
598 3962 967 4017 mediocritate
1000 3959 1162 4013 homo
1191 3962 1548 4025 temperatus,
1582 3968 1753 4024 neque
1781 3968 1815 4007 a

240 4060 422 4113 salutis
446 4063 598 4111 sorte
619 4053 900 4115 delabitur,
927 4064 1099 4118 neque
1126 4064 1156 4101 a
1183 4047 1443 4115 dignitate
1468 4054 1669 4099 naturae
1692 4062 1707 4109 ;
1730 4042 1818 4097 iit-

240 4162 340 4215 que
378 4145 635 4202 conscius
663 4140 922 4203 veritatis,
950 4154 1171 4207 compos
1194 4136 1486 4206 sapientite,
1517 4151 1703 4190 servus
1725 4133 1815 4201 ju-

239 4238 413 4301 stitizn,
467 4235 607 4288 liber
649 4231 867 4292 erroris,
896 4228 1248 4295 dominusque
1291 4225 1582 4289 vitiorum;
1624 4224 1818 4292 quibus

240 4327 415 4380 anima
456 4338 569 4377 non
607 4319 720 4373 Deo
761 4317 997 4371 serviens
1060 4316 1261 4369 servire
1307 4314 1588 4367 damnatur
1641 4329 1653 4363 :
1700 4326 1818 4380 qum

1884 1823 2009 1875 tatis
2056 1824 2329 1877 absumtos
2361 1825 2405 1855 “
2434 1833 2488 1878 et
2538 1826 2889 1881 altercatione
2935 1842 3131 1881 vesana
3176 1844 3298 1883 cum
3344 1823 3455 1884 suis

1884 1911 2267 1979 phantasmatis
2287 1914 2332 1943 “
2357 1911 2658 1977 famulatos,
2682 1929 2891 1983 semper
2912 1925 3210 1983 quaerentes
3238 1932 3452 1986 sapien-

1886 1999 2044 2064 tiam,
2074 2008 2129 2053 et
2164 2018 2451 2071 numquam
2500 2003 2831 2057 invenientes
2856 2002 2900 2069 τ,
2930 2004 3053 2072 quia
3081 2020 3239 2073 quem
3268 2005 3459 2059 nolunt

1860 2092 2104 2142 'credere
2146 2089 2310 2143 Deum
2330 2128 2344 2154 ,
2378 2091 2673 2159 intelligere
2713 2107 2819 2145 non
2857 2100 3149 2146 merentur.
3181 2093 3299 2148 Tibi
3328 2095 3459 2147 satis

1888 2176 1958 2230 sit
1986 2178 2052 2231 ab
2076 2177 2178 2232 illis
2208 2178 2395 2245 linguae
2423 2181 2631 2249 copiam
2654 2189 2709 2234 et
2728 2181 2835 2235 ori‘s
2855 2188 3119 2245 ornatum,
3144 2182 3294 2249 quasi
3314 2197 3459 2250 qua:-

1888 2265 2009 2319 dam
2036 2267 2103 2321 de
2149 2267 2430 2323 hostilibus
2482 2270 2643 2324 armis
2684 2271 2852 2339 spolia
2893 2271 3135 2340 cepisse;
3172 2279 3232 2325 ut
3278 2287 3462 2326 eorum

1889 2356 2065 2410 nudus
2118 2358 2408 2420 erroribus,
2458 2366 2514 2412 et
2566 2358 2789 2413 vestitus
2815 2359 3058 2428 eloquiis,
3104 2358 3281 2414 fucum
3311 2360 3457 2414 illum

1893 2447 1964 2517 (e)
1995 2446 2253 2501 facundia:
2274 2488 2288 2511 ,
2344 2463 2452 2516 quo
2480 2449 2677 2517 decipit
2702 2450 2746 2480 “
2773 2465 2909 2503 vana
2953 2451 3235 2520 sapientia,
3291 2452 3465 2521 plenis

1896 2534 2057 2589 rebus
2085 2536 2488 2601 accommodes;
2546 2552 2614 2591 ne
2667 2553 2892 2593 vacuum
2941 2537 3343 2607 figmentorum,
3374 2541 3467 2596 sed

1900 2623 2250 2678 medullatum
2270 2626 2511 2681 veritatis
2532 2642 2725 2695 corpus
2754 2643 3039 2693 exornans,
3063 2644 3171 2684 non
3196 2630 3326 2685 solis
3352 2629 3469 2698 pla-

1896 2712 2065 2765 citura
2088 2714 2322 2779 auribus,
2354 2714 2448 2770 sed
2502 2723 2556 2769 et
2582 2717 2849 2772 mentibus
2876 2717 3152 2773 hominum
3192 2719 3469 2789 profutura

1900 2800 1965 2871 (f)
1996 2800 2285 2856 mediteris.

2392 2890 2720 2947 EPISTOLA
2758 2894 2775 2914 ⁶
2814 2892 2969 2947 XVII.

1904 2986 2146 3065 Queritur
2170 2990 2234 3042 de
2260 2988 2464 3054 Severo,
2496 2990 2636 3065 quod
2651 2991 2719 3043 ad
2748 2990 2809 3044 S.
2834 2986 3081 3065 elicem,
3109 2995 3239 3047 sicut
3266 2996 3471 3065 pollici-

1983 3068 2061 3110 tus
2109 3060 2428 3134 fuerattnon
2467 3060 2660 3112 venerit
2689 3076 2707 3112 :
2735 3068 2784 3112 et
2819 3061 3059 3134 admonet
3098 3072 3153 3134 ut
3198 3060 3475 3134 martyrem

1981 3126 2169 3199 quanto
2204 3126 2466 3199 benignior
2504 3137 2598 3191 est,
2631 3137 2774 3182 tanto
2812 3131 2974 3199 magis
3004 3130 3191 3185 [indere
3214 3126 3473 3198 vereatur;

1980 3197 2150 3264 itaque
2169 3212 2281 3249 eum
2309 3197 2543 3249 hortatur
2569 3204 2624 3249 ut
2652 3197 3026 3267 quamprimum
3050 3201 3239 3254 veniat.

1984 3308 2246 3363 PAULINUS
2273 3308 2484 3362 Ssvsuo
2506 3309 2544 3361 ί.

1984 3421 2035 3474 1.
2076 3420 2144 3475 Ει
2183 3420 2457 3475 iuvitando
2495 3428 2550 3473 te
2577 3428 2634 3474 et
2662 3421 3021 3489 exspectando
3059 3422 3250 3478 defessi
3276 3437 3480 3491 sumus,

1913 3526 2087 3581 neque
2126 3512 2280 3567 nobis
2309 3520 2402 3565 aut
2428 3519 2549 3565 vota
2585 3511 2695 3578 jam
2724 3520 2815 3565 aut
2834 3514 2997 3566 verba
3025 3522 3338 3582 supersunt,
3364 3528 3481 3581 qum

1910 3604 2073 3658 toties
2096 3605 2344 3672 precibus
2371 3619 2435 3658 ac
2472 3604 2663 3657 litteris
2706 3603 2898 3658 frustra
2929 3604 3108 3659 effusis
3149 3606 3479 3673 adjiciamus.

1911 3693 2065 3760 Quod
2093 3709 2255 3747 unum
2281 3692 2525 3746 amicitia:
2553 3693 2871 3758 communis,
2901 3708 2996 3761 spe
3022 3696 3318 3761 prmsentim
3348 3696 3481 3749 invi.

1914 3799 2034 3839 cem
2065 3791 2259 3837 nostrae
2280 3788 2571 3848 amputata,
2594 3780 2872 3848 reliquisti,
2902 3781 3065 3835 verba
3093 3783 3271 3837 verbis
3291 3798 3482 3852 repen-

1913 3872 2119 3933 dimus;
2151 3877 2205 3923 et
2244 3870 2327 3923 his
2370 3869 2560 3922 saltem
2598 3868 2821 3933 solatiis,
2846 3883 2965 3937 qua:
2993 3869 3222 3924 fructum
3252 3886 3356 3926 non
3383 3872 3483 3925 has

1913 3965 2044 4018 bent
2065 4001 2079 4025 ,
2122 3960 2352 4017 refoveri
2381 3969 2626 4029 optamus
2658 3978 2671 4012 :
2702 3974 3025 4029 quamquam
3066 3962 3119 4016 in
3162 3962 3245 4017 his
3270 3976 3484 4032 quoque

1913 4070 2107 4124 parcus
2132 4068 2250 4110 esse
2275 4052 2639 4121 coeperisJam
2668 4051 3039 4106 occasionibus
3066 4068 3163 4107 nos
3186 4054 3484 4122 requirens.

1917 4151 2030 4198 toto
2050 4158 2219 4211 prope
2239 4156 2337 4195 nos
2364 4140 2580 4194 biennio
2609 4155 2894 4208 suspensos
2921 4142 3228 4209 quotidiana
3255 4158 3486 4212 conspe-

1916 4243 2032 4290 ctus
2057 4234 2134 4287 tui
2172 4231 2573 4301 exspectatione
2601 4232 2868 4286 cruciasti.
2899 4232 3032 4286 Nam
3072 4242 3126 4288 et
3154 4235 3294 4289 illam
3324 4246 3484 4291 uasta-

1918 4332 2025 4377 tem
2048 4362 2063 4386 ,
2094 4336 2211 4390 qua:
2248 4334 2536 4389 puerorum
2565 4326 2870 4373 nostrorum
2906 4319 2971 4372 ad
3017 4328 3070 4374 te
3104 4322 3332 4375 reditum
3361 4338 3487 4378 con-

240 4414 455 4474 deinde,
493 4419 551 4463 ut
570 4406 773 4478 proprii
795 4414 963 4459 status
990 4404 1157 4467 exsul,
1190 4417 1285 4470 per
1312 4415 1499 4455 omnes
1534 4400 1814 4467 cogilaIiO-
1846 4398 1895 4456 ῐ)
1919 4419 2101 4465 secuta
2130 4416 2230 4473 est,
2263 4409 2335 4461 ita
2364 4406 2668 4469 clausimus,
2694 4406 2864 4460 donec
2891 4408 3061 4463 hiems
3088 4410 3486 4476 intercluderet,

240 4518 363 4556 num
404 4514 650 4561 suarum,
686 4505 779 4551 aut
822 4496 1115 4549 alienarum
1152 4494 1463 4562 opinionum
1498 4491 1680 4545 devias
1708 4492 1820 4546 vias

241 4592 537 4660 spargitur,
563 4602 657 4656 per
678 4584 1026 4655 philosophos
1042 4597 1193 4650 vaga,
1218 4598 1283 4637 ac
1312 4598 1408 4651 per
1429 4583 1471 4613 ¹⁰
1494 4583 1693 4637 ariolos
1721 4599 1816 4637 cu-

241 4682 404 4747 riosa,
436 4676 805 4747 superstitioni
847 4670 1114 4742 religiosa,
1138 4672 1379 4741 religioni
1406 4674 1644 4741 profana,
1668 4688 1818 4742 spem

242 4772 378 4826 inter
409 4786 481 4825 ac
522 4777 723 4823 metum
751 4782 962 4835 semper
993 4765 1253 4832 ambiguis
1299 4763 1665 4819 affectionibus
1691 4781 1822 4835 pen-

243 4861 394 4914 dens.
434 4860 577 4913 Hinc
615 4856 762 4911 omni
789 4863 951 4909 vento
987 4854 1272 4922 cujuslibet
1310 4852 1565 4907 doctrina:
1592 4855 1820 4910 circum-

310 4991 376 5044 °l
406 4990 553 5042 Tim.
579 5003 649 5051 vi,
674 4986 727 5038 7.
804 4984 829 5022 δ
851 4984 872 5036 ι
891 4983 1016 5039 Cor.
1040 5000 1109 5050 iv,
1133 4984 1185 5036 7.
1267 4994 1289 5023 ο
1313 4984 1432 5038 Job.
1458 5000 1492 5047 ι,
1517 4984 1603 5037 21.

312 5124 340 5158 ’⁸
369 5120 526 5174 Alias
556 5118 656 5182 l3;
688 5132 805 5187 qua:
849 5125 1025 5171 autem
1054 5116 1116 5170 t7
1148 5122 1285 5180 erat,
1316 5130 1456 5170 nunc
1493 5117 1578 5170 19.
1610 5117 1821 5189 Scripta

245 5208 384 5245 anno
403 5190 519 5242 ’559
549 5198 801 5241 exeunte.
1174 5193 1178 5198 '

313 5262 392 5327 (a)
432 5258 530 5311 Sic
574 5271 676 5309 ms.
733 5256 885 5309 Vien.
941 5264 995 5309 et
1037 5254 1293 5312 Sacchiu.
1348 5252 1536 5309 Caneri
1589 5254 1823 5321 codices,

247 5328 422 5391 Quod.

313 5397 393 5465 (b)
433 5394 519 5465 Ita
547 5392 676 5446 edit.
700 5391 897 5465 Schot.
917 5400 971 5447 et
997 5392 1072 5447 sic
1100 5391 1377 5460 legendum
1398 5392 1666 5448 existimat
1688 5394 1825 5449 Ros-

245 5461 533 5535 veydrisin
555 5469 672 5535 not.
706 5461 792 5514 49.
819 5463 983 5535 ,λξιὶξιεἲ
1012 5471 1272 5535 extremae.

315 5529 389 5602 ie)
424 5531 531 5584 Ms.
555 5530 724 5602 Vatic.
756 5537 809 5583 et
829 5530 1244 5602 fabriciuscum
1282 5530 1407 5584 edit.
1442 5529 1626 5602 Riiqu
1649 5547 1828 5602 carens

248 5598 516 5656 sensibus.
544 5598 610 5651 At
654 5615 781 5653 mss.
827 5598 958 5666 Reg.
996 5608 1051 5653 et
1077 5598 1228 5655 Vien.
1273 5613 1395 5654 cum
1433 5600 1601 5655 tribus
1646 5599 1828 5667 editis,

540 5689 810 5749 ΡΑι-ιιοι..
860 5688 1019 5750 LXI.

1686 4986 1713 5023 τί
1736 4988 1873 5044 Psal.
1902 5006 2045 5052 χιιι,
2072 4988 2157 5041 14.

1921 4508 1979 4553 ιιι
1998 4514 2210 4553 omnem
2240 4496 2378 4551 diem
2414 4497 2478 4550 ad
2509 4495 2796 4549 adventum
2822 4495 2975 4549 nobis
3005 4505 3150 4550 tuum
3182 4499 3491 4555 illucescere

1925 4595 2234 4656 putaremus
2268 4601 2280 4636 :
2312 4583 2403 4637 sed
2444 4581 2697 4649 quoniam
2726 4595 2825 4634 nec
2853 4580 3053 4635 iudices
3081 4590 3184 4638 tuae
3220 4585 3490 4642 dilationis

1926 4678 2270 4737 advenerant,
2293 4688 2353 4727 ea
2378 4671 2711 4741 reputatione
2737 4670 2842 4740 95
2866 4684 2963 4724 nos
2985 4672 3413 4739 consolabamur,
3433 4688 3495 4731 ut

1926 4778 1979 4822 te
2006 4766 2270 4821 neminem
2312 4762 2509 4815 idcirco
2536 4760 2760 4820 misisse,
2786 4760 2909 4827 quia
2939 4760 3051 4828 ipse
3084 4762 3169 4815 vel
3197 4778 3318 4817 sero
3341 4766 3494 4820 adfu-

1927 4869 2076 4914 turus
2104 4870 2266 4920 esses,
2292 4850 2744 4907 conﬁrmaremus.
2777 4850 2982 4905 Interea
3011 4859 3066 4905 et
3090 4852 3191 4908 hac
3213 4862 3398 4910 aestate
3418 4857 3496 4911 la-

2238 4995 2260 5023 ρ
2283 4984 2411 5054 Eph.
2438 4999 2509 5043 iv,
2536 4981 2620 5034 14.
2723 4981 2741 5019 ί
2774 4981 2816 5036 ll
2846 4982 2981 5037 Tim.
3014 5000 3088 5049 ιιι,
3117 4985 3168 5039 7.

1928 5123 2131 5201 truncis
2141 5118 2370 5173 sensibus
2390 5134 2406 5169 :
2429 5114 2571 5183 quod
2601 5114 2797 5177 verius,
2828 5113 2950 5181 quia
2978 5122 3125 5169 caret
3151 5116 3343 5185 capite.
3364 5118 3497 5174 Vide

1930 5190 2193 5327 nozdfgic
2220 5271 2319 5311 ms.
2347 5253 2665 5327 Viennensis
2691 5252 2880 5307 codex.
2906 5252 3025 5317 Alii,
3050 5253 3368 5324 possidenda:
3384 5256 3496 5321 phi-

1930 5325 2555 5405 losoplipi-uinfacumtiw.
2618 5390 2648 5405 μ
2845 5391 2857 5403 .
2952 5391 2964 5404 .

2004 5389 2073 5463 (ἐ)
2106 5395 2202 5449 Ms.
2231 5389 2407 5457 Vien.,
2440 5390 2713 5462 facundia,
2743 5391 2996 5459 sapientia
3021 5391 3219 5461 plenus,
3249 5389 3393 5445 rebus
3413 5404 3495 5443 αο-

1927 5464 2234 5518 commodes.

2004 5534 2069 5603 (f)
2101 5532 2197 5586 Ms.
2222 5530 2391 5588 codex
2419 5528 2749 5594 Viennensis,
2780 5527 3020 5585 edideris.
