3966 6184
471 311 578 369 9.55

1608 300 1663 357 S.
1703 299 1975 356 PAULINI
2015 298 2261 354 NOLANI
2301 299 2599 356 EPISCOPl

3653 294 3753 351 256

471 431 653 487 neute,
684 434 779 490 spe
804 427 985 474 tamen
1014 432 1079 474 ea
1110 430 1209 473 nos
1232 415 1319 471 vel
1346 414 1601 485 opinione
1627 414 1913 483 patpante,
1945 412 2057 466 Ro-
2090 418 2135 471 Λ
2164 412 2295 467 deas
2337 427 2405 466 ne
2434 421 2586 466 tanto
2633 412 2927 468 confessori
2952 454 2966 478 ,
3001 421 3108 467 tam
3142 414 3380 484 potentis
3402 416 3590 487 gratim
3615 416 3762 490 apud

470 527 615 568 ruam
658 510 727 564 ad
771 508 1132 565 venerabilem
1180 506 1520 562 solennitatis
1560 504 1870 574 apostolica:
1919 502 2061 557 diem
2166 500 2438 555 Christum
2460 508 2671 562 saneto.
2705 500 2811 556 isse
2833 501 3065 555 videaris
3094 502 3301 558 inﬁcias

472 600 704 672 profecti
749 614 952 665 sumus,
983 613 1303 654 concursum
1347 597 1499 651 nobis
1532 596 1641 652 illic
1689 607 1837 650 tuum
1880 595 2062 650 debita

473 694 714 762 quidem,
736 692 831 747 sed
861 700 1039 745 tamen
1070 688 1258 745 festiva
1279 688 1631 744 meditatione
1651 687 2032 758 promittentes
2048 728 2063 749 ,

477 800 598 840 cum
638 785 861 839 decocta
892 788 1191 851 pmsumta:
1229 780 1344 849 spei
1388 779 1579 848 gratia,
1609 778 1754 847 quod
1796 778 1909 846 ipse
1958 792 2067 831 non

476 876 688 938 aderas,
714 890 818 928 nou
843 881 1022 927 tamen
1042 871 1262 925 omnino
1292 869 1435 924 nulla
1455 867 1837 937 compotimur,
1860 879 2071 920 sumen-

481 974 562 1020 tes
607 966 814 1019 litteras
862 971 981 1017 tuas
1018 976 1116 1031 per
1142 960 1419 1015 hominem
1464 956 1727 1013 carissimi
1756 955 1911 1010 nobis
1937 954 2068 1021 viri,

477 1056 658 1111 fratris
696 1053 867 1109 nostri
908 1051 1092 1107 Sabini
1123 1069 1137 1105 :
1179 1065 1340 1120 quem
1378 1047 1594 1118 quidem
1632 1047 1808 1117 primo
1852 1045 2073 1099 minime

480 1146 788 1202 monachali
815 1144 985 1213 caliga
1014 1153 1071 1198 et
1095 1150 1247 1198 veste
1274 1140 1475 1205 mirati,
1499 1154 1621 1195 cum
1644 1146 1907 1208 prmterea
1936 1136 2073 1191 facie

481 1253 591 1292 non
612 1236 788 1290 minus
815 1248 979 1304 quam
1005 1232 1291 1287 armilausa
1316 1229 1413 1301 (γ.
1442 1236 1558 1283 not.
1590 1227 1681 1298 67)
1712 1227 1955 1293 ruberet,
1977 1241 2073 1295 pa-

480 1343 601 1382 rum
636 1325 966 1395 spiritalibus
1011 1322 1197 1378 buccis
1220 1363 1236 1388 ,
1268 1328 1396 1375 tunc
1432 1319 1649 1373 demum
1678 1331 1797 1372 esse
1834 1333 1940 1372 non
1972 1332 2071 1371 no-

481 1427 652 1472 strqu
682 1415 937 1471 seivimus
959 1454 975 1481 ,
1007 1428 1128 1468 cum
1165 1427 1263 1480 per
1302 1411 1476 1480 ipsum
1505 1407 1769 1463 tabellarii
1797 1407 2075 1462 dominum

485 1507 692 1562 litteras
720 1521 751 1559 a
778 1506 933 1560 nobis
959 1510 1354 1573 reposcentem,
1401 1498 1793 1555 necessitudine
1820 1514 1918 1552 vos
1947 1513 2076 1567 pro-

484 1602 627 1649 xima
649 1594 930 1665 copulatos
952 1607 1071 1648 esse
1110 1590 1489 1660 comperimus.
1520 1586 1672 1643 Unde
1700 1596 1755 1643 et
1778 1587 1927 1642 illum
1952 1595 2077 1641 ante

484 1688 719 1743 amicum
748 1685 1022 1741 cumulato
1050 1696 1194 1737 nunc
1216 1696 1401 1736 amore
1429 1677 1861 1748 complectimur.

2238 610 2292 665 4.
2332 610 2556 666 Causari
2583 611 2946 666 infirmitatem
2976 612 3145 681 magis
3173 627 3333 681 quam
3361 613 3659 684 pigritiam,
3681 614 3765 673 vel

2168 704 2543 773 exceptionem
2573 719 2924 774 personarum
2946 706 3037 774 qni
3067 706 3261 775 possis,
3292 709 3497 775 nescio,
3525 723 3649 763 cum
3681 710 3766 763 in-

2171 802 2252 847 tra
2278 808 2476 847 annum
2505 794 2695 848 eadem
2726 809 2891 863 opera
2919 794 2986 848 ad
3000 811 3105 850 nos
3128 797 3368 866 potueris
3394 798 3679 866 pervenire
3704 814 3769 854 ac

2171 901 2470 948 recurrere,
2503 900 2609 955 qua
2637 885 2941 941 Callicanas
2978 887 3439 956 peregrinationes
3486 897 3567 944 tot
3613 870 3795 945 annis~

2171 976 2501 1045 frequentas,
2530 986 2585 1031 et
2614 978 2819 1031 iteratis
2866 993 3008 1046 saepe
3049 978 3186 1032 intra
3210 994 3370 1033 unam
3399 989 3644 1034 :cstatcm
3670 996 3769 1035 ex-

2172 1068 2413 1122 cursibus
2438 1067 2685 1122 Turonos
2701 1076 2755 1120 et
2777 1068 3068 1122 remotiora
3099 1068 3301 1123 visitas.
3335 1069 3452 1124 Non
3484 1070 3607 1141 (Ea:
3649 1070 3766 1124 Vir-

2176 1157 2338 1227 gilio)
2372 1158 2608 1220 invideo,
2661 1157 2893 1226 pnedieo
2942 1159 3111 1227 magis
3148 1158 3492 1215 devotionem
3538 1171 3686 1215 tuam
3721 1162 3772 1216 in

2175 1247 2403 1302 Domino
2427 1285 2442 1309 ,
2471 1262 2629 1315 quam
2662 1247 2715 1300 in
2745 1248 2915 1301 servis
2944 1249 3055 1302 suis
3099 1248 3383 1306 admiraris
3410 1260 3466 1305 et
3510 1250 3772 1307 honorns.

2174 1338 2325 1395 Juste
2371 1340 2546 1394 fateor
2594 1347 2650 1394 et
2691 1339 2886 1394 merito
2931 1339 3217 1395 Martiuum
3275 1341 3635 1410 frequentari;
3679 1343 3775 1397 sed

2177 1430 2318 1492 dico,
2364 1429 2560 1498 injuste
2604 1429 3017 1499 perniciosoque
3064 1430 3295 1485 Felicem
3338 1430 3405 1485 ab
3436 1433 3651 1498 eodem,
3683 1433 3776 1501 qui

2180 1519 2329 1573 illum
2374 1518 2634 1586 honoret,
2664 1519 2945 1589 promissis
2992 1518 3239 1573 inanibus
3276 1519 3420 1587 ludi,
3451 1521 3535 1575 vel
3582 1536 3778 1578 secura

2178 1608 2431 1679 promissi
2452 1606 2563 1676 jam
2594 1616 2652 1662 ut
2681 1607 2868 1663 aboliti
2893 1607 3318 1663 dissimulatione
3345 1610 3779 1677 coutcumi.Qua

2182 1697 2286 1753 ﬁde
2313 1712 2499 1767 speras
2528 1696 2726 1753 Christi
2750 1698 2976 1765 gratiam
3011 1698 3062 1751 in
3092 1698 3298 1752 honore
3325 1698 3557 1765 Martini,
3580 1702 3779 1757 eadem

555 1804 610 1858 2.
652 1800 1001 1858 Rescribendi
1031 1811 1209 1853 tamen
1250 1812 1318 1853 ex
1352 1795 1493 1851 Urbe
1536 1794 1776 1859 facultas:
1803 1808 1910 1847 non
1954 1789 2065 1857 fuit,
2107 1772 2153 1832 Β
2177 1790 2376 1844 Christi
2397 1788 2654 1844 offensam
2682 1790 2810 1844 time
2836 1789 2888 1843 in
2909 1787 3205 1844 offensione
3226 1788 3456 1845 Felicis:
3484 1791 3563 1861 (d)
3594 1801 3652 1846 et
3683 1794 3780 1849 tihi

483 1910 645 1966 quam
673 1893 763 1947 vix
789 1891 975 1946 decem
1013 1888 1129 1945 dies
1173 1888 1405 1941 vidimus
1450 1902 1558 1941 non
1583 1884 1859 1948 videntes,
1891 1891 1945 1938 et
1995 1877 2078 1946 ip-

484 2006 602 2049 sum
626 1990 701 2062 (a)
732 1986 989 2057 temporis
1011 1991 1137 2039 ante
1165 1981 1443 2038 meridiem
1465 1981 1518 2035 in
1544 1980 1684 2034 votis
1704 1978 1925 2043 nostris,
1951 1990 2081 2046 quo-

483 2102 605 2142 rum
634 2100 759 2141 cura
788 2095 1137 2146 veneramus,
1183 2093 1281 2148 per
1304 2076 1671 2147 apostolorum
1701 2082 1758 2128 et
1785 2083 2080 2143 martyrum

483 2193 669 2233 sacras
706 2172 996 2229 memorias
1021 2175 1423 2225 consumentes.
1468 2164 1670 2220 Deinde
1700 2171 1760 2218 ut
1787 2163 1853 2216 ad
1898 2161 2081 2230 hospi-

484 2271 621 2321 tium
664 2264 1010 2326 redissemus,
1047 2258 1342 2313 innumeris
1372 2254 1893 2325 frequentationibus
1920 2265 2081 2305 occu-

484 2356 617 2428 pati,
650 2368 881 2426 quorum
910 2350 1105 2421 partim
1134 2348 1389 2410 amicitia,
1419 2345 1614 2416 partim
1641 2343 1830 2411 religio
1858 2350 2079 2397 contra-

486 2448 667 2511 hebat,
692 2445 781 2499 vix
810 2451 869 2498 ut
906 2455 1131 2510 vespera
1165 2437 1403 2495 solveret
1430 2443 1604 2491 castus
1626 2472 1642 2497 ,
1676 2446 1882 2501 nosque
1929 2431 2084 2484 laxa-

487 2549 599 2605 ret;
634 2534 940 2593 necessario
965 2532 1268 2588 distulimus
1292 2528 1524 2585 ofﬁcium
1553 2527 1729 2596 inopia
1763 2523 2077 2579 vacationis.

490 2628 690 2684 Deinde
720 2624 977 2695 regressis
1006 2622 1246 2687 domum,
1276 2618 1436 2673 aliam
1469 2632 1678 2671 moram
1718 2612 1935 2670 aceidua
1963 2627 2082 2666 car-

487 2720 681 2775 naliter
706 2715 972 2788 aegritudo
1013 2712 1227 2777 obtulit,
1261 2725 1360 2765 nec
1386 2708 1570 2779 paucis
1598 2706 1785 2761 diebus
1828 2702 1974 2759 haud
2005 2702 2081 2756 le-

488 2809 628 2863 viter
660 2823 759 2863 nos
801 2803 1149 2862 examinavit.
1181 2798 1307 2866 Sed,
1343 2799 1435 2869 qui
1462 2798 1572 2852 vita
1604 2803 1789 2851 nostra
1818 2802 1874 2849 et
1902 2808 2083 2848 resur-

488 2900 656 2955 rectio
684 2905 769 2953 est
801 2907 846 2962 ⁸,
880 2893 1115 2950 visitavit
1141 2893 1196 2947 in
1223 2892 1368 2947 bono
1403 2888 1762 2944 humilitatem
1791 2893 2032 2941 nostram
2064 2900 2077 2935 :

488 3002 683 3047 etcum
705 2990 966 3060 castigans
997 2986 1301 3056 castigasset
1323 2998 1436 3047 nos,
1470 2980 1625 3034 morti
1653 2995 1758 3033 non
1794 2975 2007 3031 tradidit
2028 2974 2076 3028 δ.

487 3082 660 3137 Multa
686 3079 830 3135 enim
871 3075 1086 3148 ﬂagella
1128 3073 1437 3145 peccatoris,
1477 3069 1573 3125 sed
1616 3074 1884 3139 sperantes
1914 3064 1989 3137 (b)
2021 3065 2077 3117 in

2179 1878 2404 1934 forsitan
2434 1894 2586 1934 mens
2614 1879 2823 1943 fortior,
2854 1887 2910 1933 et
2935 1879 3112 1933 anima
3137 1880 3429 1946 robustior,
3461 1890 3554 1935 aut
3582 1892 3781 1951 potens

2179 1969 2511 2025 conscientia
2557 1968 2808 2040 perfecta:
2858 1969 2910 2023 in
2958 1968 3173 2024 Christo
3218 1970 3520 2026 dilectionis
3570 1982 3783 2028 tantam

2179 2061 2449 2115 ministret
2478 2060 2746 2126 ﬁduciam,
2775 2069 2835 2115 ut
2873 2073 3189 2129 magnorqu
3214 2061 3335 2118 fidei
3362 2072 3419 2118 et
3442 2065 3783 2133 Operationis

2182 2158 2286 2204 tuae
2337 2151 2655 2205 meritorum
2702 2151 3144 2221 compensatione
3189 2152 3446 2208 delictqu
3495 2154 3618 2221 hoc,
3668 2171 3784 2228 quo

2182 2242 2466 2296 Dominum
2513 2258 2693 2297 meum
2740 2242 2995 2306 Felicem,
3026 2244 3172 2315 quod
3212 2246 3374 2313 absit,
3425 2248 3650 2313 L'eseris,
3697 2251 3785 2304 di-

2181 2333 2434 2388 luendum
2464 2341 2651 2403 putes;
2689 2349 2852 2403 quam
2883 2344 2993 2390 tam
3021 2335 3088 2391 de
3118 2336 3284 2405 ipsius
3308 2337 3470 2395 etiam
3497 2340 3590 2393 tibi
3618 2341 3785 2415 boni-

2182 2434 2313 2489 tate,
2344 2441 2508 2495 quam
2537 2426 2605 2481 de
2648 2428 2788 2496 ipso,
2827 2426 2979 2496 cujus
3013 2428 3234 2497 spiritus
3263 2437 3366 2492 est,
3403 2430 3513 2486 Deo
3557 2432 3787 2490 Christo

2182 2516 2534 2585 largissimam
2560 2517 2743 2580 habet,
2770 2519 2982 2572 veniam
3016 2518 3110 2572 tibi
3132 2518 3431 2587 polliceris;
3462 2529 3517 2574 ct
3548 2520 3788 2579 fideliter

2182 2605 2333 2661 facis.
2368 2605 2564 2661 Verum
2609 2621 2709 2675 ego
2750 2607 2835 2661 vel
2867 2616 2973 2661 tam
3006 2607 3248 2662 timidum
3278 2622 3364 2663 me
3392 2609 3523 2664 vitio
3552 2610 3787 2667 infirmi-

2188 2698 2313 2752 tatis
2341 2713 2495 2763 mere,
2525 2699 2611 2752 vel
2636 2708 2743 2752 tam
2774 2699 2996 2754 nimium
3024 2700 3227 2755 amoris
3254 2699 3329 2753 tui
3359 2700 3549 2757 fateor.
3592 2712 3650 2756 ut
3685 2720 3790 2774 pro

2189 2800 2242 2844 te
2272 2789 2437 2844 etiam
2468 2796 2579 2843 tuta
2612 2790 2829 2844 timeam
2854 2808 2867 2843 :
2900 2786 2956 2846 et
2981 2790 3109 2846 dum
3140 2791 3193 2845 in
3220 2791 3368 2846 omni
3393 2802 3583 2848 sancto
3606 2795 3786 2850 abun-

2181 2881 2312 2935 dare
2336 2880 2429 2935 tibi
2450 2880 2678 2948 gratiam
2709 2879 2910 2935 Christi
2939 2881 3118 2950 eupio,
3150 2881 3317 2936 nolim
3347 2890 3401 2936 te
3430 2882 3482 2935 in
3511 2896 3579 2937 eo
3608 2885 3790 2952 potis-

2182 2972 2398 3035 simum,
2430 2970 2485 3024 in
2505 2985 2614 3039 quo
2637 2970 2733 3025 Dei
2759 2970 2957 3026 caritas
2976 2980 3059 3027 est
3082 2971 3301 3042 insignis
3328 2980 3384 3027 et
3412 2974 3681 3036 eminens.
3710 2976 3791 3031 la-

2184 3062 2362 3131 pidem
2392 3059 2704 3116 offensionis
2731 3061 3026 3117 incurrere.
3056 3060 3183 3117 Scio
3210 3063 3447 3131 quidem,
3479 3065 3789 3123 secundum

488 3175 769 3229 Dominum
795 3125 1154 3225 misericordia
1179 3163 1583 3219 circumdabit“.
1610 3161 1786 3229 Atque
1810 3159 1932 3214 ideo
1960 3173 2076 3212 ver-
2109 3125 2155 3188 ο
2185 3153 2397 3209 divitias
2440 3154 2697 3210 bonitatis
2743 3153 2870 3220 Dei,
2899 3162 2955 3208 et
2983 3154 3038 3209 in
3067 3154 3295 3209 Domino
3335 3169 3456 3209 meo
3486 3154 3673 3212 Felice
3704 3159 3788 3213 vi-

489 3265 662 3319 berati
690 3276 878 3317 sumus
905 3268 965 3314 ut
991 3264 1329 3329 peccatores,
1377 3253 1588 3308 liberati
1629 3261 1689 3306 ut
1716 3258 1999 3321 sperantes
2028 3249 2082 3303 in

489 3350 858 3407 misericordia
884 3348 1022 3416 ejus,
1044 3347 1130 3418 qui
1158 3353 1314 3399 sanat
1342 3342 1588 3396 contritas
1614 3342 1790 3407 corde,
1819 3348 1867 3395 et
1895 3339 2081 3409 alligat

490 3444 828 3501 contritiones
856 3456 1033 3495 eorum
1064 3436 1113 3492 δ.

557 3565 613 3619 '5.
660 3562 787 3620 llaec
813 3559 1107 3631 igitur,jam
1136 3559 1190 3613 in
1219 3557 1421 3611 virtute
1460 3562 1516 3609 et
1556 3551 1925 3609 misericordia
1971 3550 2078 3604 Do-

488 3655 621 3712 mini
647 3653 1064 3713 revalescentes,
1108 3663 1206 3718 per
1242 3645 1580 3703 carissimum
1609 3643 1662 3697 in
1704 3642 1933 3696 Domino
1976 3640 2083 3693 fra-

489 3755 629 3802 trem
677 3742 1014 3803 Amachium,
1064 3737 1270 3794 domini
1313 3744 1369 3792 et
1407 3734 1578 3806 patris
1624 3733 1794 3789 nostri
1835 3730 2081 3801 Delphini

488 3835 897 3895 subdiaconum,
928 3831 1053 3900 quia
1091 3829 1258 3899 ipsius
1298 3826 1515 3882 occasio
1561 3834 1759 3896 prteslo
1787 3830 1921 3885 erat,
1951 3821 2083 3876 scri-

487 3928 692 3997 psimus
724 3942 737 3977 :
768 3921 926 3978 simul
950 3960 965 3985 ,
997 3919 1119 3988 quia
1147 3934 1206 3973 se
1234 3918 1571 3972 notissimum
1599 3916 1696 3971 tibi
1724 3930 1844 3971 esse
1871 3928 2081 3969 assere-

488 4016 583 4069 bat
604 4054 619 4079 ,
652 4008 1166 4082 opportunissimum
1213 4005 1543 4061 credidimus
1572 4007 1657 4058 cui
1698 4006 1907 4059 litteras
1932 4003 2000 4057 ad
2029 4011 2083 4057 te

489 4112 705 4169 nostras
731 4099 1093 4155 crederemus.
1121 4094 1430 4148 Salutamus
1471 4102 1526 4148 te
1574 4100 1781 4149 tantum
1821 4102 2079 4162 quantum

490 4192 759 4261 diligimus
807 4189 863 4242 in‘
905 4185 1134 4240 Domino
1157 4224 1172 4247 ,
1201 4192 1259 4238 et
1287 4182 1465 4238 adhuc
1508 4183 1877 4238 desideramus
1910 4200 1922 4236 :
1955 4199 2079 4237 nam

488 4280 752 4336 revellere
773 4276 841 4331 de
868 4273 1063 4329 animis
1088 4273 1288 4328 nostris
1313 4287 1466 4342 spem
1506 4273 1665 4327 istam
1694 4272 1921 4328 necdum
1950 4289 2079 4343 pos-

490 4384 696 4434 sumus,
717 4383 823 4438 qua
846 4364 1221 4437 prmsumimus
1244 4373 1296 4419 te
1314 4363 1603 4419 videndum
1627 4363 2081 4435 amplectendum-

491 4475 596 4529 que
617 4458 793 4525 nobis,
820 4457 967 4512 dono
993 4455 1224 4520 Domini,
1256 4456 1309 4510 in
1339 4455 1469 4510 sede
1504 4470 1567 4510 ac
1593 4455 1713 4511 sinu
1745 4454 1816 4528 (c)
1847 4455 2032 4510 domni
2055 4458 2075 4487 '
2110 4490 2159 4549 ο

491 4551 597 4605 mei
623 4592 636 4615 ,
667 4546 966 4604 communis
1011 4546 1223 4617 patroni
1260 4545 1455 4601 Felicis
1485 4562 1497 4598 :
1532 4545 1618 4601 cui
1650 4552 1773 4600 vota
1798 4554 1889 4599 tua
1920 4544 2077 4599 toties

491 4648 826 4697 eontestatus
853 4655 990 4705 sum,
1022 4646 1078 4694 et
1103 4638 1368 4709 promissa
1396 4638 1639 4704 recitavi,
1670 4636 1882 4706 quoties
1907 4636 1927 4668 ³
1957 4652 1988 4690 a
2023 4646 2076 4691 te

492 4731 622 4785 mihi
649 4738 805 4784 cauta
832 4728 1212 4783 reminisceris.
1244 4718 1440 4798 9678i
1470 4726 1755 4784 fefellimus
1782 4736 2076 4800 martyrem

492 4822 753 4884 veritatis,
786 4835 894 4874 non
923 4819 1114 4889 opiner
1143 4818 1165 4850 ⁸
1192 4832 1282 4873 me
1320 4819 1495 4874 solum
1533 4820 1876 4875 statuendum
1920 4819 2082 4888 hujus

492 4910 665 4978 culpa:
694 4923 843 4964 reum
864 4907 906 4973 ⁵,
931 4908 1020 4976 qui
1049 4907 1313 4978 spopondi
1336 4908 1483 4978 quod
1507 4910 1709 4965 credidi
1734 4920 1848 4974 :tu,
1878 4926 2109 4980 (μηδι-,ομ

491 5000 564 5055 ιιιί
593 4999 757 5054 frater
770 4997 1020 5052 unanimo
1040 5004 1096 5052 et
1116 4997 1480 5066 dilectissime,
1498 5000 1623 5057 dum
1653 5011 1864 5072 tempus
1891 5011 1992 5068 est,
2011 5003 2089 5055 vi-

562 5183 588 5210 σι
615 5187 772 5226 aoan.
797 5186 851 5225 xl
871 5212 886 5235 ,
916 5169 1007 5225 25.
1082 5170 1112 5209 δ
1141 5169 1282 5225 Psal.
1326 5189 1486 5237 cxvn,
1531 5175 1616 5229 18.

489 5258 597 5298 sec.
623 5241 783 5295 LXX.
863 5252 886 5287 ε
912 5240 1074 5296 Marc.
1106 5257 1179 5306 ix,
1213 5240 1300 5295 22.

558 5419 635 5491 (a)
667 5418 743 5491 fta
776 5431 878 5472 ms.
911 5415 1044 5484 Reg.
1073 5424 1128 5470 et
1155 5415 1285 5471 edit.
1315 5416 1618 5483 Schot.,ita
1651 5429 1707 5474 et
1733 5420 1859 5475 alibi
1888 5421 2066 5476 Pauli-

492 5488 608 5545 nus.
639 5488 802 5550 Alias,
825 5496 1036 5555 tempus.

559 5578 633 5645 (b)
660 5575 767 5647 Sic
789 5575 1168 5647 Tertullianus,
1214 5574 1412 5630 Bonum
1454 5588 1529 5631 est
1568 5595 1778 5647 sperare
1805 5584 1860 5635 in
1890 5582 2073 5638 Domi-

489 5663 631 5716 num,
654 5646 792 5703 Psal.
820 5661 980 5710 cxvn,
1015 5646 1048 5698 9

1698 5188 1719 5216 ο
1746 5176 1886 5232 Psal.
1914 5195 2056 5242 xxxi,
2088 5178 2169 5230 l0.
2248 5174 2273 5211 ά
2306 5174 2445 5228 Psal.
2478 5189 2654 5237 cnvr,
2686 5174 2739 5227 5.

2183 3260 2339 3300 scera
2369 3244 2584 3314 pietatis
2602 3243 2828 3299 aﬁluere
2858 3261 2872 3297 :
2905 3243 3002 3299 sed
3033 3253 3109 3310 tu,
3136 3259 3343 3314 quaeso,
3372 3244 3477 3299 hoc
3504 3260 3627 3300 cum
3659 3264 3789 3303 ma-

2183 3338 2264 3405 gis
2299 3337 2491 3406 diligas
2519 3345 2576 3391 et
2614 3338 2827 3404 timeas,
2856 3351 2965 3406 quo
2987 3336 3178 3391 melior
3200 3343 3283 3391 est
3310 3344 3366 3390 et
3393 3335 3785 3405 indulgentior.

2183 3427 2432 3496 Magnam
2463 3428 2559 3483 tibi
2588 3427 2709 3483 talis
2749 3426 2983 3483 formido
3011 3428 3317 3483 mercedem
3345 3430 3538 3498 pariet,
3570 3440 3629 3485 ut
3657 3432 3789 3488 hinc

2183 3521 2467 3576 sollicitior
2507 3520 2601 3587 sis,
2625 3520 2766 3575 unde
2813 3528 2971 3589 potes
3016 3535 3136 3575 esse
3175 3521 3419 3575 securior
3453 3539 3467 3575 :
3504 3521 3556 3574 id
3584 3530 3692 3589 est,
3727 3532 3789 3577 ut

2182 3622 2335 3668 tanto
2362 3613 2530 3681 magis
2552 3613 2888 3667 carissimum
2911 3612 3007 3667 Dei
3028 3620 3237 3668 metuas
3257 3611 3550 3673 offendere.
3572 3625 3789 3683 quanto

2183 3702 2449 3773 promtius
2472 3701 2722 3771 dignatur
2747 3702 3027 3772 ignoscere
3058 3721 3071 3756 :
3104 3702 3231 3772 quia
3260 3703 3469 3773 majore
3497 3704 3787 3773 impietate

2185 3796 2429 3861 laeditur,
2461 3795 2553 3864 qui
2580 3796 2752 3850 nescit
2790 3794 3022 3862 offendi;
3055 3803 3111 3850 et
3152 3795 3367 3863 gravius
3405 3795 3713 3852 vindicatur
3751 3815 3795 3853 a-

2182 3885 2429 3949 Domino,
2473 3886 2567 3954 qui
2616 3902 2724 3940 non
2772 3887 2975 3956 expetit
3002 3886 3281 3941 vindicari.
3314 3886 3554 3957 Conjiee,
3590 3903 3784 3957 quasso

2183 3984 2257 4040 te,
2283 3992 2499 4031 causam
2526 3978 2680 4033 istam
2703 3986 2899 4032 mutum
2921 3978 3117 4033 aﬁ'ectu
3138 3976 3278 4043 ﬁdei,
3297 3988 3352 4034 et
3370 3980 3492 4035 vide
3512 3981 3557 4035 si
3574 3981 3785 4039 debeas

2183 4078 2275 4124 aut
2300 4070 2506 4125 validus
2528 4085 2810 4137 excusare,
2842 4078 2937 4125 aut
2960 4071 3202 4125 infirmus
3225 4070 3488 4126 difﬁdere.
3512 4070 3785 4130 Dominus

2182 4164 2324 4218 enim
2354 4171 2537 4217 noster
2562 4163 2841 4231 proximus
2869 4164 3069 4232 ubique
3098 4163 3251 4218 nobis
3276 4171 3359 4217 est
3393 4172 3440 4228 ο,
3469 4164 3560 4233 qui
3591 4163 3729 4219 dicit
3765 4185 3779 4219 :

2184 4254 2255 4323 (ε)
2298 4252 2364 4306 In
2393 4254 2533 4307 omni
2561 4253 2694 4320 loco,
2719 4253 2843 4307 dum
2877 4253 3045 4306 adhuc
3074 4254 3315 4323 loqueris,
3343 4268 3460 4308 ecce
3486 4253 3676 4308 dum
3709 4255 3728 4294 ί
3762 4272 3779 4323 ;

2182 4356 2237 4402 et
2263 4347 2339 4400 ait
2368 4364 2382 4399 :
2416 4343 2605 4400 Omnia
2635 4346 2901 4411 possibilia
2920 4345 3146 4399 credenti
3171 4354 3217 4401 8.

2821 5187 2845 5215 ι
2884 5176 3012 5232 Luc.
3046 5194 3100 5245 χ,
3131 5176 3219 5231 56.
3304 5176 3343 5254 ί.
3365 5178 3487 5234 lsai.
3532 5198 3679 5252 mu,
3710 5186 3783 5250 9.

2249 5413 2321 5484 (c)
2341 5413 2419 5467 Ita
2439 5428 2538 5468 ms.
2557 5413 2688 5484 Reg.
2712 5431 2835 5471 eum
2856 5417 3175 5486 quibusdam
3196 5419 3373 5475 editis.
3388 5420 3520 5477 Vide
3538 5428 3658 5478 not.
3679 5420 3779 5477 52.

2252 5500 2331 5572 (ά)
2365 5499 2624 5566 Latinius,
2656 5503 2766 5556 sed.

2178 5588 2970 5730 ..ρθῡιίςςίῖτηνετίξιέοεειέξξξί
3014 5595 3323 5664 ενυ¹ε³ι³ν
3499 5600 3785 5671 "rm"

2347 5657 2511 5714 LXX;
2537 5659 2671 5714 Vide
2701 5669 2816 5715 not.
2850 5661 2936 5718 55.
