3966 6184
247 361 330 424 ππ

711 435 1043 524 EPISTULA
1081 471 1099 488 ·
1140 463 1321 519 xvui.

247 589 331 661 97
360 584 705 638 Pascliasium
758 582 1036 661 diaconum
1081 577 1445 661 diutiusapud
1472 592 1535 661 se
1564 582 1818 661 retentum

305 652 505 720 excusat
541 661 789 715 Victi-icio
819 657 1185 727 Rotomagensi
1214 657 1472 726 episcopo.
1492 654 1693 707 Deinde
1727 652 1822 706 Vi-

305 744 459 797 ctricii
488 741 670 795 laudes
699 738 942 810 graphice
970 733 1235 799 describit,
1260 734 1514 805 quomodo
1539 732 1822 785 etiamnum

308 824 441 875 utiles
470 836 584 874 sese
622 834 798 873 verum
836 814 1027 870 Christi
1054 815 1404 883 confessorem
1444 826 1505 864 ac
1546 820 1825 880 martyrem

308 904 351 955 in
390 899 661 954 tormentis
691 897 1021 968 praestiterit;
1062 893 1316 963 quontodo
1345 892 1617 960 episcopus
1657 891 1824 959 factus

312 982 738 1049 Rotomagensem
786 974 1075 1028 Ecclesium
1121 971 1400 1024 instituerit
1441 978 1489 1022 et
1526 969 1823 1049 illustrarit,

308 1071 449 1130 utque
478 1048 541 1111 in,
564 1056 802 1110 barbaris
827 1052 1119 1124 regionibus
1149 1049 1344 1104 Christi
1386 1048 1543 1119 ﬁdem
1585 1048 1827 1102 excolue-

309 1144 367 1194 rit
394 1148 441 1192 et
462 1135 784 1191 monasteria
813 1130 1108 1186 instituerit.

315 1249 624 1305 Beatissimo
652 1232 868 1314 soniper
896 1251 950 1297 et
990 1239 1283 1296 venerabili
1314 1240 1391 1309 (a)
1421 1238 1559 1308 patri
1589 1237 1685 1309 (γ.
1711 1245 1824 1292 not.

255 1342 331 1413 5i)
361 1341 659 1403 VICTRICIO,
691 1334 977 1389 quuxus.

316 1456 359 1507 l.
398 1450 556 1518 Quod
586 1446 899 1517 optantibus
921 1439 1234 1512 aliquandiu
1276 1455 1382 1494 non
1402 1438 1745 1513 contigerat,
1777 1436 1829 1491 id

256 1553 459 1614 repente
488 1536 909 1609 iuspcrantibus,
938 1533 1167 1588 Domino
1189 1533 1446 1595 donante,
1472 1530 1740 1601 provenit,
1773 1537 1832 1582 ut

257 1636 451 1692 occasio
484 1632 640 1686 nobis
667 1628 733 1683 ad
755 1625 1115 1681 venerandam
1153 1623 1494 1679 sanctitatem
1525 1629 1671 1675 tuam
1699 1620 1832 1674 scri-

258 1727 393 1783 bendi
428 1740 527 1795 per
553 1719 909 1776 domesticum
951 1716 1092 1780 ﬁdei,
1122 1724 1178 1770 et
1202 1731 1322 1770 eum
1351 1713 1687 1784 potissimum
1726 1711 1835 1765 fra-

1600 344 1931 403 EPISTOLA
1970 344 2153 401 XVIII.

1850 467 1899 523 Α
1925 459 2169 528 corporis
2199 456 2437 512 membra
2462 498 2477 523 ,
2509 462 2565 512 et
2592 469 2689 513 cor
2716 469 2885 512 unum
2903 463 2959 511 et
2978 467 3141 510 unam
3160 452 3397 511 animam
3413 452 3515 510 ha-

3400 334 3511 398 253

1928 548 2116 606 bentes
2130 549 2191 602 'in
2213 564 2322 602 uno
2337 547 2448 603 Deo
2472 547 2497 585 δ
2516 548 2557 602 ⁸.

1998 636 2050 691 9..
2093 638 2454 705 Quamobrem
2496 637 2722 707 spiritali
2753 638 2973 707 speculo
3002 642 3237 689 mentem
3261 646 3386 703 erga
3412 645 3520 690 nos

1927 736 2073 781 tuam
2104 726 2529 791 considerantes,
2568 740 2774 794 nosque
2820 739 3095 780 connexos
3124 723 3353 778 invicem
3391 726 3519 797 tibi,

1926 818 1994 873 de
2024 817 2307 872 affectione
2345 817 2513 871 nostri
2543 814 2778 886 pectoris
2814 813 3201 869 vindicavimus
3228 812 3424 881 nobis,
3454 820 3522 869 iit

1928 908 1990 978 (ἱ)
2026 906 2331 962 unanimem
2353 906 2590 960 animum
2610 912 2759 958 tuum
2790 904 2844 958 in
2874 902 3038 957 fratre
3066 902 3367 967 retinendo,
3400 916 3524 971 gra-

1929 998 2001 1052 tia
2033 998 2242 1051 Domini
2282 1012 2401 1066 qua:
2434 997 2528 1050 tibi
2558 996 2775 1064 largiter
2818 994 2943 1049 data
2971 1002 3054 1048 est
3082 993 3135 1047 id
3166 994 3340 1062 ipsum
3388 1007 3523 1063 ope-

1928 1096 2100 1151 rante,
2127 1097 2187 1141 ut
2214 1088 2267 1139 in
2296 1086 2538 1155 corporis
2579 1086 2743 1138 etiam
2776 1084 2853 1137 tui
2880 1082 3134 1138 membris
3159 1124 3174 1150 ,
3198 1090 3253 1136 et
3280 1081 3335 1136 in
3363 1082 3525 1138 vesti-

1929 1182 2095 1234 menti
2122 1180 2196 1233 tui
2217 1178 2437 1234 ﬁmbriis
2461 1178 2725 1247 diligaris;
2748 1179 2991 1248 quamvis
3019 1177 3215 1232 multos
3244 1192 3520 1232 morarum

1931 1272 2073 1326 illius
2103 1271 2218 1326 dies
2246 1271 2655 1340 perdiderimus,
2681 1270 2808 1324 dum
2842 1269 3170 1339 corripiente
3199 1284 3298 1324 nos
3334 1269 3389 1323 in
3427 1284 3524 1323 sua

1930 1362 2297 1418 misericordia
2326 1362 2554 1417 Domino
2578 1372 2625 1423 ο,
2660 1361 2725 1415 ad
2757 1360 3189 1416 emendationem
3229 1360 3523 1430 spiritalem

1932 1453 2134 1508 carnali
2162 1452 2479 1519 mgritudiue
2508 1451 2925 1504 verberabamur
2953 1449 2994 1502 δ.
3027 1448 3131 1504 Sed
3172 1452 3257 1521 qui
3286 1451 3525 1504 consola-

1937 1552 2018 1595 tur
2047 1542 2261 1595 Iiumiles
2282 1537 2330 1605 d;
2354 1549 2399 1594 et
2428 1548 2582 1593 sanat
2611 1541 2859 1593 contritas
2880 1540 3033 1592 corde
3055 1548 3102 1603 θ,
3132 1540 3429 1594 consolatus
3451 1548 3526 1594 est

1934 1651 2029 1688 nos
2078 1634 2129 1687 in
2159 1635 2443 1703 pncsentia
2488 1631 2669 1685 fratris
2698 1631 2867 1685 nostri
2896 1631 3167 1686 benedicti
3204 1632 3476 1688 Paschasii
3509 1651 3522 1685 ε

1933 1725 2002 1779 de
2027 1740 2132 1793 qua
2161 1725 2287 1778 dum
2312 1724 2760 1791 refrigerabamur
2780 1724 2832 1777 in
2862 1724 3073 1792 spiritu,
3106 1725 3270 1778 etiam
3298 1740 3530 1795 corpore

260 1828 393 1879 ueni,
421 1813 513 1884 qui
544 1813 597 1866 in
627 1810 855 1865 Domino
883 1818 1005 1862 tuus
1030 1807 1233 1876 pariter
1255 1820 1319 1859 ac
1353 1812 1536 1858 noster
1562 1801 1636 1873 (b)
1667 1809 1831 1865 esset,

1957 1813 2313 1869 reﬁciebamur
2344 1832 2357 1865 :
2390 1814 2594 1869 amicus
2637 1814 2781 1868 enim
2818 1814 2991 1869 bonus
3038 1813 3305 1869 medicina
3349 1815 3529 1873 cordis

257 1906 478 1961 ilaietiir.
507 1901 723 1957 Accidit
749 1898 892 1953 enim
936 1897 1120 1951 Romae
1151 1894 1305 1949 nobis
1327 1892 1394 1946 ad
1423 1890 1834 1947 celeberrimum

260 1996 431 2049 natalis
452 1990 743 2063 apostolici
767 1988 908 2044 diem
931 1999 1257 2042 concurrere
1286 1982 1626 2039 benedictum
1647 1980 1835 2034 diaco-

262 2103 370 2141 num
399 2087 625 2139 fratrem
657 2090 897 2136 nostrum
929 2078 1295 2143 Paseliasium,
1317 2091 1477 2146 quem
1498 2083 1695 2146 prmter
1712 2088 1836 2142 gra-

263 2178 370 2230 tiam
423 2175 651 2229 fraterni
682 2172 753 2241 (c)
807 2171 857 2225 in
910 2184 1067 2225 sacro
1120 2167 1419 2222 ministerio
1472 2164 1833 2225 contubernii,

208 2327 219 2340 ,
263 2270 331 2336 (ιι)
362 2283 425 2323 eo
466 2264 835 2321 venerabilius
890 2260 1277 2328 amabiliusque
1322 2257 1673 2327 suscepimus,
1731 2270 1839 2325 quo

260 2357 319 2412 ile
355 2354 662 2413 sanctitatis
691 2362 795 2407 tuae
823 2352 990 2413 clero,
1022 2360 1079 2405 et
1106 2363 1357 2419 corpore,
1387 2356 1443 2402 et
1488 2346 1679 2416 spiritu
1722 2359 1841 2399 esse

261 2450 618 2520 cognovimus.
666 2445 773 2501 Sed
824 2444 1055 2499 fatemur
1108 2442 1420 2496 violentiam
1463 2447 1702 2494 nostram
1735 2451 1840 2507 qua

267 2543 397 2597 illum
427 2544 443 2573 ¹
476 2542 549 2595 de
581 2538 723 2595 Urbe
762 2537 827 2591 ad
857 2535 1198 2591 sanctitatem
1238 2543 1382 2587 tuam
1412 2531 1589 2586 redire
1620 2530 1844 2598 cupien-

266 2644 378 2695 tem,
405 2631 659 2703 quamvis
689 2628 1086 2684 festinationem
1115 2625 1256 2695 piam
1281 2624 1562 2694 justissimi
1592 2621 1845 2677 desiderii

263 2725 627 2793 probaremus,
671 2729 850 2774 tamen
892 2718 942 2771 iu
976 2725 1066 2770 tuo
1090 2718 1110 2747 ²
1136 2730 1321 2769 amore
1346 2713 1613 2783 complexi
1653 2711 1844 2766 Nolam

267 2813 639 2882 perduximus;
673 2818 732 2864 ut
764 2818 817 2865 et
844 2808 1133 2877 hospitium
1164 2807 1271 2860 iilic
1301 2797 1618 2859 humilitatis
1647 2812 1846 2859 nostra:
1894 2836 1901 2842 -

262 2905 492 2974 quiedaiii
534 2918 636 2973 per
664 2901 807 2956 illius
837 2900 1132 2968 ingressum
1165 2898 1239 2953 tui
1275 2898 1495 2967 spiritus
1523 2911 1652 2950 aura
1682 2896 1848 2951 bene-

263 2994 449 3049 diceret
476 3012 494 3056 ;
528 3001 583 3047 et
604 2991 806 3045 diutius
825 2990 974 3059 quasi
999 2989 1231 3057 quadam
1266 2997 1367 3043 tum
1394 2987 1580 3054 gratiae
1601 2986 1850 3056 portione

268 3085 579 3149 lriieremur,
607 3083 851 3139 videntes
871 3091 925 3137 et
961 3089 1207 3136 tenentes
1244 3095 1390 3147 eum,
1419 3094 1579 3148 quem
1608 3086 1666 3134 ct
1693 3078 1849 3133 insti-

1936 1913 2048 1966 est;
2080 1912 2135 1959 et
2162 1904 2301 1959 bene
2341 1904 2555 1958 duobus
2583 1905 2636 1958 in
2668 1919 2830 1958 unum
2859 1903 3063 1958 coactis
3090 1901 3335 1960 Christus
3363 1906 3529 1961 inter-

1938 2003 2047 2049 stat
2082 1993 2119 2047 τ.

2008 2086 2061 2139 5.
2095 2085 2278 2156 Neque
2300 2102 2430 2141 vero
2455 2087 2507 2141 in
2536 2085 2845 2142 inﬁrmitate
2873 2088 2894 2119 ⁸
2923 2096 3131 2143 tantum
3160 2097 3343 2144 nostra
3388 2103 3526 2144 con-1

1943 2177 2228 2232 tribulatus
2271 2187 2323 2232 et
2356 2193 2667 2247 eompassus
2696 2187 2797 2242 est,
2827 2178 2924 2233 sed
2952 2179 3005 2233 in
3050 2179 3218 2234 nostri
3246 2180 3531 2237 clarissimi

1942 2269 2034 2322 ﬁlii
2068 2267 2184 2322 Ursi
2204 2310 2218 2335 ,
2248 2282 2407 2336 quem
2444 2269 2696 2323 comitem
2738 2268 3059 2323 indivulsum
3088 2269 3532 2337 peregrinationis

1940 2375 2050 2414 sua:
2070 2359 2351 2425 habuerat,
2382 2359 2700 2428 gravissimo
2726 2359 2982 2427 languore
3003 2359 3096 2413 diu
3124 2360 3404 2415 confectus
3424 2370 3528 2416 est.

1942 2452 2001 2505 lu
2027 2467 2135 2520 quo
2162 2459 2219 2505 et
2248 2451 2407 2505 ﬁdem
2437 2450 2553 2519 ejus
2580 2458 2636 2505 et
2663 2451 2945 2506 caritatem
2973 2451 3027 2504 in
3058 2451 3289 2507 Domino
3318 2451 3533 2521 plenam

1945 2542 2332 2612 perspeximus.
2363 2541 2493 2595 Nam
2517 2550 2779 2611 quantum
2798 2541 2888 2597 ille
2908 2541 3190 2597 laborabat
3212 2542 3265 2595 in
3285 2553 3533 2611 corpore,

1946 2639 2153 2685 tantum
2182 2630 2272 2685 hic
2311 2630 2365 2684 in
2407 2631 2600 2700 spiritu
2627 2631 3018 2687 maeerabatur.
3050 2630 3118 2685 Et
3146 2631 3268 2686 ideo
3297 2632 3535 2701 respexit

1946 2721 2095 2775 illum
2118 2719 2373 2779 Dominus
2394 2721 2449 2775 in
2479 2720 2635 2790 hujus
2662 2721 2963 2776 humilitate
2984 2731 3033 2785 8,
3056 2721 3337 2776 cumulans
3358 2730 3414 2777 et
3433 2722 3537 2777 hoc

1946 2810 2287 2874 benelicium,
2322 2820 2381 2865 ut
2410 2826 2580 2880 usque
2608 2812 2675 2865 ad
2703 2819 2934 2866 mortem
2961 2810 3288 2876 inﬁrmatus,
3322 2810 3425 2867 ﬁde
3454 2820 3537 2866 ω.

1948 2915 2073 2955 men
2104 2908 2158 2954 et
2185 2900 2371 2955 labore
2396 2899 2686 2965 Paschasii,
2714 2915 2877 2969 quem
2904 2900 3162 2956 Dominus
3183 2902 3418 2970 experiri
3443 2907 3538 2955 vo~

1951 2989 2050 3044 luit
2077 2990 2373 3059 potentiam
2404 2991 2548 3059 apud
2570 3004 2629 3044 se
2661 2990 2833 3045 sancti
2852 2991 2937 3044 sui
2961 2990 3285 3047 confessoris
3303 2991 3538 3047 dilectis-

1951 3081 2070 3135 simi
2100 3081 2294 3136 Felicis
2335 3081 2651 3136 Domintedii
2680 3082 2872 3147 nostri,
2903 3082 2971 3137 de
2996 3082 3237 3152 periculo
3275 3083 3539 3141 inveniret

268 3178 475 3233 tutionis
527 3184 634 3231 tua:
672 3172 991 3242 discipulum
1027 3189 1038 3224 :
1068 3180 1124 3226 et
1156 3170 1228 3240 (ε)
1261 3170 1360 3223 vite
1406 3169 1683 3235 comitem,
1732 3182 1847 3222 mo-
1875 3176 1920 3236 (ζ
1952 3172 2203 3227 salutem.
2229 3171 2333 3226 Per
2359 3171 2518 3241 hujus
2537 3173 2682 3227 enim
2712 3173 2879 3242 ipsius
2901 3188 3091 3228 manus
3118 3173 3350 3241 genitus,
3384 3175 3438 3230 in
3465 3176 3541 3231 leo

266 3270 424 3325 ilCSlia
445 3283 690 3334 morum,
711 3265 891 3323 cordis
913 3264 1205 3330 humilitas,
1234 3261 1588 3316 mansuetudo
1609 3260 1847 3331 spiritus,

268 3358 387 3415 ﬁdes
414 3359 687 3424 veritatis,
713 3365 766 3412 et
805 3369 984 3411 seniio
1012 3354 1065 3408 iii
1092 3353 1340 3408 omnibus
1359 3353 1471 3407 sale
1498 3351 1743 3406 conditus
1783 3350 1850 3421 (f)

266 3452 546 3521 probabat.
576 3449 765 3518 Itaque
809 3446 877 3501 da
918 3446 1129 3499 veniam
1170 3442 1322 3498 fratri
1364 3452 1551 3497 nostro
1582 3443 1635 3497 in
1674 3442 1849 3508 nobis,

267 3541 345 3595 vel
372 3541 531 3596 nobis
567 3539 620 3593 in
648 3538 741 3592 illo
771 3554 784 3590 :
817 3536 941 3607 quia
988 3535 1102 3591 sive
1146 3534 1289 3589 illius
1327 3533 1548 3588 tarditas
1576 3540 1851 3600 arguatur,

268 3631 371 3687 sive
384 3631 699 3703 pnesumtio
712 3637 897 3684 nostra
917 3626 1182 3696 culpetur,
1198 3634 1485 3693 utrumque
1498 3624 1752 3679 delictum
1772 3638 1858 3678 ca-

270 3721 390 3775 ritas
416 3720 636 3775 Domini
664 3718 944 3775 excusabit
973 3717 1064 3771 tibi
1090 3757 1106 3782 ,
1134 3731 1240 3784 qua
1262 3717 1350 3771 vel
1372 3716 1461 3770 ille
1490 3716 1645 3770 nobis
1664 3730 1856 3786 parere

268 3811 575 3880 compulsus
602 3818 707 3872 est,
738 3809 824 3863 vel
853 3823 953 3862 nos
981 3823 1104 3862 eum
1131 3822 1239 3861 non
1272 3806 1546 3861 timuimus
1582 3806 1854 3872 invadere,

269 3908 317 3952 et
342 3916 438 3968 pro
465 3908 659 3955 nostro
675 3899 798 3968 jure
819 3898 1073 3962 retinere,
1101 3914 1206 3953 nou
1236 3898 1542 3965 arrogantia
1566 3898 1855 3968 pervicaci,

267 3991 355 4045 sed
376 3993 538 4052 corde
563 4008 693 4061 puro
718 4005 766 4044 et
794 3990 901 4059 ﬁde
925 4006 1026 4043 non
1054 3990 1181 4059 ficta
1212 3998 1259 4055 α,
1285 3998 1528 4043 nostrum
1575 3989 1858 4044 credentes

266 4080 553 4151 essequod
582 4090 738 4135 tuum
763 4089 848 4135 est
878 4096 893 4131 :
927 4088 1087 4148 teque
1118 4079 1191 4132 ita
1219 4078 1456 4134 vicissim
1484 4088 1855 4149 reputaturuin

268 4182 369 4224 non
398 4171 761 4240 ambigentes,
795 4178 853 4223 ut
881 4169 1027 4224 illum
1057 4185 1164 4224 non
1193 4170 1270 4240 (g)
1301 4168 1537 4224 abfuisse
1577 4170 1673 4223 tibi
1698 4170 1860 4225 duce-

268 4277 349 4316 res
384 4279 452 4317 eo
480 4264 596 4334 98
643 4269 889 4331 tempore
931 4276 1040 4329 quo
1070 4261 1347 4316 nobiscum
1378 4259 1541 4315 fuisse
1565 4274 1858 4328 cognosce-

269 4366 367 4405 res.
388 4350 525 4405 Nam
543 4350 648 4406 etsi
667 4351 946 4419 regionum
971 4350 1263 4406 intervallis
1282 4351 1641 4420 corporaliter
1663 4351 1740 4423 (Ii)
1758 4351 1863 4407 dis-

267 4456 553 4510 paramur;
582 4441 779 4511 spiritu
807 4449 983 4496 tamen
1013 4441 1226 4495 Domini
1256 4483 1271 4507 ,
1327 4441 1380 4495 in
1410 4457 1517 4509 quo
1541 4442 1774 4496 vivimus
1802 4452 1859 4497 et

1952 3262 2097 3317 ctulo
2120 3262 2419 3332 baptizatus
2460 3262 2621 3317 redit.
2654 3262 2933 3319 Praestabit
2970 3264 3112 3319 idem
3141 3256 3420 3330 Dominus,
3450 3266 3542 3334 qui

1954 3354 2103 3408 illum
2135 3355 2467 3410 orationibus
2508 3355 2575 3426 (j)
2604 3357 2777 3411 sancti
2817 3356 2996 3413 fratris
3036 3358 3203 3412 nostri
3249 3357 3543 3427 Paschasii,

1954 3454 2007 3500 et
2039 3445 2385 3501 sollicitudini
2427 3461 2550 3500 eum
2580 3461 2647 3500 eo
2678 3455 2895 3511 nostra),
2928 3455 2984 3501 et
3012 3447 3277 3516 imprimis
3304 3449 3545 3503 ecclesia:

1957 3544 2062 3590 tum
2091 3546 2144 3591 te
2170 3537 2524 3606 proculdubio
2554 3539 2574 3568 ⁸
2602 3552 2817 3607 semper
2861 3538 2913 3591 in
2952 3537 3059 3591 tuis
3100 3538 3324 3592 ubilibet
3353 3540 3544 3607 positis

1955 3630 2271 3699 respiciens,
2294 3628 2595 3694 redonavit,
2620 3629 2877 3697 perducat
2899 3630 2917 3659 ⁷
2948 3628 3001 3682 in
3023 3636 3371 3697 conspectum
3394 3636 3546 3683 tuum

1957 3721 2282 3776 incolumem
2305 3729 2360 3775 et
2386 3721 2613 3779 salvum,
2631 3728 2684 3773 et
2706 3719 2929 3773 liberum
2953 3726 3198 3787 peccato,
3220 3733 3545 3788 servumque

1954 3809 2175 3879 iustitia:
2203 3809 2251 3862 ιι.
2286 3809 2402 3864 Νοη
2433 3808 2751 3876 ambigimus
2779 3817 2834 3863 et
2863 3809 3058 3878 ipsum,
3106 3808 3153 3863 si
3204 3808 3270 3862 ad
3325 3816 3380 3863 te
3429 3824 3545 3863 me-

1955 3903 2125 3958 ruerit
2161 3901 2443 3971 pervenire
2467 3940 2483 3965 ,
2510 3913 2702 3967 magna
2746 3899 2866 3953 ﬁdei
2900 3899 3231 3954 incrementa
3273 3897 3539 3954 facturum

1959 3993 2037 4064 (Ii)
2062 4007 2192 4063 pare
2220 3991 2507 4048 Pascliasio
2523 3999 2578 4044 et
2606 3999 2658 4044 te
2687 3990 2966 4043 amborum
2987 3989 3263 4057 magistro.

2028 4086 2139 4156 99
2165 4083 2219 4136 4.
2252 4081 2447 4136 Notum
2476 4081 2620 4135 enim
2673 4080 2828 4134 nobis
2872 4078 3000 4134 fecit
3043 4078 3106 4148 (ι)
3156 4078 3420 4149 Tychiciis
3447 4078 3544 4148 (V.

1960 4184 2075 4230 not.
2108 4173 2179 4228 55
2206 4182 2263 4229 et
2290 4172 2359 4226 56
2383 4172 2401 4242 )
2430 4180 2553 4226 tuus
2581 4170 2891 4227 carissimus
2914 4168 3083 4223 frater
3109 4176 3166 4223 et
3195 4168 3365 4223 fidelis
3393 4168 3550 4222 mini-

1958 4274 2072 4321 ster
2087 4266 2140 4319 in
2161 4263 2408 4328 Domino,
2427 4278 2533 4317 non
2556 4262 2769 4331 quidem
2794 4269 2848 4315 te
2864 4260 3033 4327 magis
3053 4273 3212 4329 quam
3235 4259 3287 4313 in
3311 4265 3365 4313 te
3381 4258 3550 4313 Deum

1961 4356 2276 4426 pnedicans,
2302 4362 2500 4423 quanta
2526 4352 2783 4405 Dominus
2804 4366 2902 4421 per
2922 4356 2988 4404 te'
3006 4349 3208 4403 lumina
3234 4349 3287 4403 in
3309 4349 3554 4405 obscuris

1963 4455 2087 4502 ante
2127 4445 2438 4515 regionibus
2482 4444 2818 4498 accendisset
2850 4461 2861 4495 :
2893 4442 2985 4511 qui
3029 4441 3251 4495 educens
3290 4439 3448 4493 nubes
3487 4439 3553 4489 ab

267 4544 571 4599 manemus,
602 4532 803 4600 ubique
834 4530 1003 4585 elfuso
1048 4530 1321 4599 conjuncti
1359 4544 1564 4597 sumus,
1600 4542 1661 4588 ut
1698 4535 1857 4594 unius
1884 4532 1936 4592 D
1959 4537 2467 4600 extranoterrcehte
2486 4530 3149 4602 quoqueinlueempopuli
3171 4528 3446 4598 suide(m)
3466 4536 3555 4581 ex-

332 4651 359 4680 ι
403 4643 598 4696 l'l‘im.
632 4659 688 4709 ι,
739 4642 793 4696 5.
871 4639 899 4679 b
927 4641 1046 4696 Act.
1088 4639 1273 4707 iv,52.

270 4720 293 4761 ις
318 4710 453 4769 Luc.
490 4730 532 4781 ι,
556 4712 645 4767 48.
674 4708 677 4709 ⁷
725 4710 751 4748 ιι
783 4711 940 4765 Rom.
965 4727 1035 4775 vi,
1068 4711 1147 4763 l8.
1234 4710 1245 4747 ί
1278 4708 1418 4765 Psal.
1444 4727 1664 4778 cxxxiv,
1694 4714 1746 4767 7.

336 4854 351 4873 ‘
377 4850 539 4904 Alias
577 4848 645 4901 l8
668 4865 683 4913 ;
710 4861 831 4917 quae
876 4855 1053 4901 autem
1086 4844 1153 4899 18
1182 4854 1317 4911 erat,
1360 4859 1501 4899 nunc
1531 4844 1615 4898 14.
1648 4844 1860 4917 Scripta

267 4932 405 4974 anno
427 4918 543 4973 399
564 4926 823 4975 exeunte.
1602 4944 1611 4954 -

332 4991 411 5058 (a)
444 4988 555 5042 Ms.
586 4988 768 5053 Vien.,
800 4989 974 5058 fratri,
1001 4985 1273 5058 mendose,
1307 5000 1429 5040 cum
1457 4986 1523 5040 ad
1554 4985 1861 5058 Victi-icium

269 5054 742 5181 vin'episeopum
789 5054 1064 5137 scripserit
1110 5054 1362 5109 Paulinus
1405 5072 1511 5110 non
1554 5057 1858 5126 episc0pus.

312 5129 394 5181 ide
413 5127 473 5181 S.
510 5126 727 5181 Paulini
754 5125 861 5181 Vit.
893 5141 943 5180 c.
974 5125 1066 5181 50.
1098 5142 1151 5178 n.
1186 5125 1237 5177 1.

312 5129 394 5182 ide
413 5127 473 5182 S.
510 5125 727 5181 Paulini
754 5125 861 5181 Vit.
893 5141 943 5180 c.
974 5125 1066 5192 50,
1098 5142 1151 5178 n.
1186 5125 1237 5177 1.

338 5195 409 5266 (b)
444 5197 555 5250 Ms.
592 5195 767 5258 Vien.,
786 5206 892 5266 est.

583 5266 754 5319 codex
783 5264 1120 5346 Viennensis,
1151 5277 1204 5317 ut
1231 5267 1464 5348 iit-sacro
1493 5272 1756 5348 nti/sterio.

333 5338 417 5407 (Δ)
470 5337 573 5390 Sic
617 5335 958 5405 reposuimus
1004 5350 1073 5389 ex
1118 5350 1218 5389 ms.
1276 5335 1582 5392 Viennensi.
1653 5336 1863 5398 Caneri,

274 5404 436 5457 huc...
462 5403 630 5457 quod.

308 5422 408 5460 oc..
422 5446 447 5477 ,Α
462 5422 630 5477 quoa.

338 5480 403 5543 (c)
434 5473 517 5529 Ita
568 5490 667 5529 ms.
720 5473 851 5542 Reg.
897 5481 952 5529 et
991 5474 1121 5530 editi
1162 5484 1413 5542 quatuor,
1462 5478 1558 5531 vite
1610 5475 1865 5529 comitem.

272 5542 392 5598 Mss.
418 5545 607 5598 Vatic.
641 5553 697 5598 et
724 5544 878 5598 Vieu.
912 5561 1031 5598 cmii
1061 5544 1191 5598 edit.
1232 5545 1408 5609 Griii.,
1439 5548 1556 5600 rita:
1585 5555 1685 5599 tim:
1712 5545 1871 5596 comi-

272 5620 389 5667 tem.
422 5613 593 5667 Prior
619 5613 965 5684 lectioAnobis
985 5614 1167 5667 verior
1193 5615 1304 5666 visa
1333 5624 1444 5679 est,
1475 5631 1648 5684 eaque
1675 5612 1873 5684 conﬁr-

273 5695 451 5738 Iuatur
483 5697 559 5736 ex
602 5685 757 5751 epist.
783 5682 852 5735 εδ
894 5684 960 5737 ad
988 5683 1268 5751 Severum,
1303 5700 1356 5742 ii.
1388 5684 1442 5747 5,
1476 5682 1574 5740 ubi
1614 5683 1869 5740 nonnulla

275 5753 576 5818 versimilia
603 5749 673 5808 de
698 5753 913 5809 Victore
940 5751 1162 5819 exponit
1188 5749 1462 5811 Paulinus.

1354 4650 1376 4679 ο
1420 4638 1559 4696 Psal.
1593 4658 1718 4706 ch,
1759 4644 1813 4698 5.
1890 4644 1981 4699 ίιιι
2009 4645 2135 4701 Cor.
2168 4661 2261 4709 vii,
2302 4643 2354 4698 6.
2434 4651 2457 4681 θ
2485 4641 2624 4697 Psal.
2653 4657 2828 4707 chvi,
2877 4639 2929 4693 3.

3013 4638 3031 4678 -'
3064 4638 3256 4693 Matth.
3292 4654 3441 4702 xvm,
3459 4636 3551 4692 20.

2038 4848 2106 4919 (Γ)
2266 4846 2446 4919 Vien.,
2477 4845 2661 4919 probat

2059 4912 2112 4987 ῤ’)
2145 4916 2241 4987 bis.
2273 4912 2596 4987 Viennensis
2623 4913 2818 4987 codex,
2850 4912 3099 4984 defuisse.

2059 4935 2090 4987 g
2145 4921 2241 4970 Ms.
2273 4921 2595 4971 Viennensis
2623 4921 2818 4977 codex,
2850 4921 3060 4984 defuissi

2036 4921 2114 5057 ibi
2140 4985 2243 5057 Ms.
2273 4986 2442 5057 codex
2470 4983 3060 5057 Regius.‘disgaremur._

2038 5052 2105 5125 (ἱ)
2131 5056 2222 5110 Sic
2249 5072 2349 5109 ms.
2379 5055 2533 5125 Vicn.
2560 5052 2773 5125 etedit.
2797 5052 2947 5125 Grin.
2982 5053 3106 5125 Adii,
3134 5054 3399 5125 unanime.

2044 5119 2109 5196 (j)
2141 5125 2216 5179 Ita
2261 5141 2363 5179 ms.
2406 5123 2943 5196 codex‘Vienuensis.
2995 5121 3209 5188 Creteri,
3242 5119 3561 5176 orationibus

1973 5193 2153 5250 stin'cto
2185 5196 2336 5265 fratri
2366 5204 2542 5265 nostra
2573 5193 2879 5265 Paschgsio.

2046 5266 2119 5333 (Ii)
2151 5259 2239 5319 Sic
2285 5280 2386 5318 ms.
2419 5263 2619 5333 Regius
2659 5262 2830 5333 codex
2885 5269 2940 5315 et
2986 5261 3127 5333 edit.
3158 5260 3343 5316 Seliot.
3383 5269 3450 5333 _et
3487 5259 3563 5311 sie

1975 5328 2228 5389 Paulinus
2255 5334 2307 5388 in
2337 5328 2600 5402 epistf'bﬂ
2625 5331 2692 5385 ad
2720 5331 2998 5395 Severum,
3033 5348 3085 5402 ri.
3112 5332 3197 5396 l7,
3224 5347 3347 5399 pare
3372 5328 3564 5402 Germ:

1974 5408 2072 5462 sio.
2104 5414 2159 5458 et
2187 5405 2345 5473 epist.
2375 5396 2443 5455 315
2464 5403 2528 5473 ad
2556 5402 2930 5473 Augustinum,
2957 5419 3008 5453 ii.
3034 5396 3563 5473 5,__S(tnctorun_t__ptirl

1976 5465 2718 5545 ναίω-εῙᾰηιονιιηι-Μειαηῖο.
2749 5471 2871 5545 filii,
2894 5479 3059 5541 patre.
3094 5470 3225 5545 Vide
3255 5476 3364 5545 ηριζ

2048 5546 2113 5612 (ι)
2166 5543 2242 5596 Ita
2289 5559 2397 5597 mss
2431 5542 2618 5612 _Vatie.
2653 5550 2708 5595 et
2743 5536 2904 5612 Vicit;
2949 5556 3067 5612 cum
3098 5540 3225 5591 edit.
3262 5536 3467 5612 βψω.
3511 5536 3564 5589 in

1935 5659 1945 5665 .
1976 5604 2141 5679 marg.
2174 5613 2387 5682 Caetqri.
2420 5604 2625 5682 Tyticiis
2649 5620 2710 5682 et
2739 5610 2920 5682 Iitius.
2953 5608 3088 5660 Vide
3116 5615 3226 5659 not.
3260 5605 3349 5659 56.

2050 5674 2145 5753 (ni)
2172 5682 2267 5739 llis.
2296 5674 2485 5738 Vatic:
2497 5691 2552 5739 et
2574 5681 2703 5736 edit.
2728 5678 2900 5741 Grin.,
2925 5686 3171 5730 extremo.
