3966 6184
262 286 338 341 ιιι
1635 279 1970 337 EPISTOUA
2015 282 2196 341 XVIII.

3412 298 3515 353 2H

261 405 382 459 illico
408 402 621 469 antiqui
649 401 916 472 serpentis
942 399 1036 471 (V.
1062 407 1175 455 not.
1194 397 1283 469 59)
1313 396 1509 452 invidia
1550 397 1823 451 concitato
1850 397 1901 457 Α
1926 413 2205 467 respersus
2233 392 2403 468 gratia
2446 401 2677 467 Domini,
2708 418 2828 473 qua:
2856 404 2923 461 de
2952 407 3073 462 ﬁdei
3100 416 3201 464 tuae
3228 409 3510 466 abundan.

261 511 302 548 ιιι
327 493 490 547 turias
520 493 759 554 tribuno,
811 490 1087 545 districtus
1115 489 1169 542 in
1197 488 1437 550 verbera,
1470 493 1524 540 et
1550 486 1715 539 vastis
1742 484 1824 538 fu-

259 583 411 639 stibus
439 582 667 647 fractus,
688 596 789 635 nec
810 588 989 634 tamen
1023 580 1193 634 victus
1218 592 1296 639 es,
1330 577 1454 645 quia
1477 576 1652 631 crucis
1680 575 1825 641 ligno

261 673 581 729 innitebaris.
612 670 1003 739 Geminataque
1050 685 1176 723 mox
1215 668 1430 736 corpori
1459 682 1638 736 pmna,
1669 672 1829 720 acuto

261 773 504 829 testarum
535 763 797 831 iragmine
823 761 1022 815 laniata
1048 759 1370 814 immanibus
1394 760 1441 791 "
1465 758 1637 828 plagis
1657 772 1828 811 mem-

260 861 339 913 bra
366 858 448 929 (a)
479 857 740 911 subtritus
768 869 827 909 es
849 895 863 918 ,
897 862 1025 908 tunc
1068 852 1285 907 mollius
1316 850 1565 905 fulciente
1594 848 1827 913 Christo,

260 948 394 1017 cujus
416 949 515 1002 tibi
542 946 805 1017 gremium
835 945 1063 1000 lectulus
1092 953 1227 1010 erat,
1256 952 1312 998 et
1349 943 1535 998 dextra
1566 943 1831 1012 pulvinar.

265 1037 397 1093 Unde
425 1038 493 1092 ad
530 1037 795 1106 majorem
816 1037 1046 1099 hostem,
1073 1034 1298 1089 necdum
1326 1034 1635 1088 vulneribus
1660 1034 1831 1088 obdu-

263 1129 367 1191 ctis,
399 1129 700 1182 accensa'J
726 1126 906 1195 potius
927 1139 1114 1180 eorum
1132 1124 1323 1179 dolore
1350 1138 1510 1191 quam
1532 1123 1699 1177 fracta
1728 1123 1835 1176 vir-

262 1227 360 1272 tute
387 1226 695 1287 reparatus,
728 1216 923 1271 fortior
941 1215 1266 1285 prosiluisti;
1291 1214 1607 1284 oblatusque
1626 1215 1831 1276 comiti,

262 1308 318 1360 de
340 1306 647 1375 potentiore
674 1305 892 1360 inimico
923 1303 996 1374 (ὑ)
1025 1305 1308 1372 gloriosius
1336 1304 1693 1374 triumphasti.
1726 1304 1837 1360 Nec

264 1398 322 1465 (ε)
350 1396 495 1450 ausis
525 1395 668 1449 ultra
710 1395 911 1450 diaboli
952 1395 1271 1450 satellitibus
1298 1404 1551 1466 superata
1593 1397 1837 1464 ingerere

265 1495 538 1552 tormenta,
572 1487 967 1557 capitalemque
1005 1488 1327 1542 sententiam
1356 1488 1752 1551 meditantibus,
1780 1497 1837 1543 ut

264 1578 333 1632 vel
359 1578 464 1632 line
493 1578 729 1632 carnalis
751 1579 795 1609 "
819 1586 920 1631 tua:
940 1578 1062 1632 vitae
1089 1578 1229 1634 vinci
1261 1578 1339 1648 (ά)
1369 1578 1697 1641 desinerent,
1725 1578 1834 1633 Do-

265 1672 412 1722 minus
452 1678 634 1723 noster
661 1672 813 1740 fortis
842 1678 891 1723 et
918 1679 1118 1740 potens,
1159 1679 1209 1724 et
1235 1671 1452 1723 invictus
1492 1671 1546 1723 in
1576 1671 1753 1740 prazlio
1784 1680 1830 1736 ι,

1933 488 2005 541 tia
2034 489 2386 554 redundabat,
2419 492 2509 559 qui
2552 492 2621 546 ad
2659 495 2989 562 puniendum
3018 498 3376 555 confessorem
3417 519 3514 556 v.9-

1934 586 2085 632 nerat
2110 621 2124 645 ,
2173 586 2224 634 et
2267 582 2381 649 ipse
2439 582 2503 651 (j)
2560 584 2836 640 confessus
2898 587 3225 643 abscederet.
3276 589 3514 647 Credidit

1933 669 2109 733 enim;
2142 678 2197 723 et
2242 684 2378 737 quos
2424 672 2651 727 saeviens
2693 674 3081 742 przedamnarat
3126 683 3185 729 ut
3224 690 3367 741 reos,
3397 677 3517 732 lau-

1933 759 2066 814 dans
2094 761 2273 815 emisit
2301 771 2358 815 ut
2383 772 2625 830 sanctos;
2657 773 2711 819 et
2739 766 3101 822 testimonium
3126 768 3397 839 perhibuit
3423 786 3517 825 ve-

1934 854 2097 920 ritati,
2129 856 2219 924 qui
2244 863 2408 911 testes
2428 854 2550 911 ﬁdei
2577 859 2765 926 punire
2791 861 3058 929 cupiebat.

2006 946 2059 1000 8.
2101 946 2239 1012 Quid
2268 962 2396 1015 ergo
2426 948 2680 1002 miremur
2708 956 2817 1003 tam
2845 959 3120 1021 potentem
3162 962 3218 1008 te
3244 968 3361 1009 esse
3403 969 3516 1008 me-

1937 1038 2182 1103 ritorum,
2215 1045 2323 1090 tam
2353 1037 2572 1091 divitem
2606 1040 2917 1107 gratiarum,
2949 1057 3069 1096 cum
3097 1043 3202 1098 hoc
3232 1044 3325 1098 tibi
3354 1043 3516 1098 fuerit

1937 1127 2194 1181 virtutum
2221 1127 2272 1180 in
2301 1126 2517 1182 Christo
2538 1128 2925 1195 rudimentum,
2958 1132 3101 1199 quod
3132 1133 3412 1201 longorum
3443 1134 3516 1187 la-

1939 1217 2127 1270 borum
2170 1216 2353 1286 paucis
2396 1218 2791 1272 consummatio
2831 1221 2952 1273 est?
2999 1220 3310 1275 Dubitemus
3351 1222 3513 1275 etiam
3560 1204 3579 1215 ’

1939 1320 2080 1359 nunc
2106 1320 2172 1358 an
2201 1305 2469 1374 perfectus
2504 1306 2595 1368 sis,
2628 1307 2719 1375 qui
2738 1306 2805 1361 de
2833 1308 3163 1376 perfectione
3191 1308 3234 1340 ³⁷
3265 1310 3474 1378 coepisti
3491 1310 3517 1362 ?

1938 1402 1994 1449 et
2014 1394 2061 1449 si
2108 1394 2344 1462 legitime
2385 1395 2726 1451 coronandus
2766 1396 2839 1452 sis
2884 1410 3055 1465 agone
3101 1397 3347 1467 decurso,
3393 1414 3515 1453 cum

1938 1501 2157 1543 currere
2195 1487 2422 1556 cmperis
2450 1502 2481 1541 a
2511 1490 2751 1542 corona?
2796 1490 2921 1555 Quis
2961 1490 3109 1543 daret
3146 1490 3292 1543 nobis
3319 1508 3515 1560 pennas

1938 1580 2068 1633 sicut
2089 1578 2354 1643 columbaz,
2401 1587 2452 1631 et
2470 1579 2757 1632 votaremus
2779 1578 2845 1632 ad
2868 1586 2939 1642 te,
2969 1591 3019 1632 et
3042 1580 3467 1650 requiesceremus
3488 1578 3515 1615 ά

1940 1669 1992 1722 in
2014 1675 2308 1737 conspectu
2336 1669 2635 1723 sanctitatis
2664 1676 2796 1734 tuac;
2829 1684 3011 1724 coram
3038 1670 3091 1722 in
3121 1685 3214 1725 ore
3244 1678 3336 1723 tuo
3358 1670 3514 1722 Chri-

262 1758 551 1827 conspicuis
597 1759 932 1814 mirabilibus
972 1769 1193 1829 pectora
1232 1760 1527 1830 quamlibet
1571 1760 1830 1815 obdurata
1862 1752 1906 1809 Β
1936 1768 2077 1815 stum
2107 1760 2275 1814 Deum
2304 1760 2351 1791 ⁸⁸
2379 1759 2707 1813 admirantes
2745 1768 2908 1827 atque
2949 1767 3296 1824 venerantes,
3340 1766 3517 1826 terge-

264 1848 504 1903 confudit.
538 1847 673 1902 Nam
701 1849 959 1915 carnifex,
984 1849 1075 1918 qui
1101 1850 1154 1903 in
1184 1849 1396 1913 itinere,
1428 1864 1536 1918 quo
1564 1864 1843 1919 percusso-

266 1956 361 1993 rem
387 1949 546 1995 tuum
574 1956 731 1997 sacra
771 1943 987 1997 victima
1024 1942 1355 2011 sequebaris,
1387 1943 1652 1997 cervicem
1694 1950 1839 1997 tuam

264 2030 508 2085 insultans
528 2031 1117 2099 minaciterattingendi
1139 2032 1441 2086 temeritate
1462 2032 1755 2087 violaverat
1772 2034 1836 2099 ",

263 2122 392 2187 quasi
422 2121 569 2175 ictus
598 2122 682 2175 sui
713 2121 889 2175 locum
920 2122 989 2192 (e)
1017 2129 1381 2191 prazcurrente
1415 2121 1647 2190 gladium
1677 2137 1839 2176 manu

265 2210 487 2279 palpans,
522 2211 766 2265 excussis
794 2210 938 2266 illico
962 2211 1132 2266 oculis
1160 2212 1401 2268 excitate
1430 2227 1712 2280 percussus
1735 2220 1837 2266 est.

267 2300 305 2353 0
326 2300 523 2356 Christi
548 2300 834 2356 ineﬂ'abilis
861 2302 1095 2370 bonitas,
1123 2311 1380 2370 quantum
1420 2302 1471 2355 in
1500 2317 1626 2356 suos
1654 2310 1838 2357 osten-

263 2390 330 2444 dit
352 2392 605 2446 atfectum
631 2392 644 2444 l
676 2390 932 2461 Injuriam
970 2393 1297 2447 confessoris
1342 2394 1423 2447 sui
1454 2409 1559 2447 non
1590 2394 1709 2447 tulit
1740 2394 1840 2447 im-

265 2482 512 2547 punitam,
539 2483 632 2549 qui
679 2482 809 2538 suis'
837 2482 1243 2538 crucitixoribus
1282 2483 1490 2549 rogavit
1538 2483 1739 2550 ignosci
1769 2481 1796 2520 ι)
1823 2502 1836 2548 ;

264 2572 631 2626 contumeliam
674 2575 927 2644 martyris
964 2574 1145 2628 statim
1176 2574 1317 2628 ultus
1360 2582 1473 2638 est,
1506 2576 1597 2643 qui
1631 2575 1839 2643 passio-

265 2678 371 2716 nem
393 2678 550 2717 suam
579 2664 755 2717 noluit
773 2664 1049 2720 vindicari.
1086 2664 1190 2720 Sed
1227 2680 1290 2719 ea
1320 2666 1433 2734 ipsa
1463 2665 1541 2720 ira
1572 2666 1639 2735 (ι’)
1669 2666 1839 2735 pieta-

265 2754 322 2806 tis
339 2762 435 2807 est.
467 2753 680 2809 Idcirco
708 2754 850 2808 enim
877 2771 1014 2809 unus
1042 2763 1271 2809 eazcatus
1300 2762 1401 2816 est,
1432 2763 1490 2809 ut
1516 2755 1697 2824 plures
1726 2752 1839 2808 illu-

267 2843 626 2909 minarentur;
650 2851 707 2898 et
728 2843 842 2913 ipse
869 2841 1088 2898 forsitan
1113 2844 1203 2913 qui
1233 2844 1419 2898 oculos
1438 2844 1615 2899 carnis
1640 2844 1835 2898 amise-

265 2942 354 2997 rat,
403 2934 610 2989 lumina
660 2935 858 2991 mentis
904 2937 1188 3006 acciperet.
1230 2935 1422 2990 Statim
1477 2936 1552 3007 (g)
1609 2936 1838 3005 denique

267 3024 455 3092 majore
483 3025 835 3091 documento,
866 3026 955 3095 qui
990 3026 1170 3081 feralis
1197 3027 1453 3082 custodire
1482 3027 1836 3081 ministerium

1942 1866 2121 1905 remus
2140 1850 2346 1919 capillis
2377 1849 2540 1919 pedes
2568 1849 2709 1903 illius
2738 1850 2791 1902 in
2833 1849 2937 1903 tuis
2964 1849 3204 1917 pedibus,
3238 1856 3294 1902 et
3340 1848 3517 1917 lacry--

1941 1940 2043 1994 mis
2088 1940 2383 2007 rigaremus
2414 1947 2460 2002 θ,
2508 1945 2564 1993 et
2608 1938 2661 1991 in
2708 1937 2812 1991 illis
2853 1938 3190 1991 cicatricibus
3232 1938 3336 1991 tuis
3363 1938 3514 2005 quasi

1940 2030 2220 2086 dominica:
2266 2029 2533 2099 passionis
2572 2029 2831 2098 impressa
2861 2028 3084 2096 vestigia
3135 2028 3509 2082 lamberemus.

1941 2122 2197 2177 Suaviora
2225 2122 2362 2174 enim
2410 2128 2529 2173 sunt
2566 2119 2780 2172 uulnera
2808 2119 2979 2180 amici,
3026 2126 3178 2187 quam
3208 2118 3382 2170 oscula
3407 2117 3512 2169 ini-

1940 2215 2059 2266 mici
2092 2211 2135 2265 ί.
2172 2212 2264 2265 Vw
2291 2211 2419 2263 mihi
2456 2211 2643 2265 misero
2665 2208 2919 2278 peccaturi
2948 2206 3211 2260 immunda
3239 2206 3379 2259 labia
3420 2206 3515 2257 ha-

1941 2304 2077 2359 benti
2107 2314 2131 2350 8
2186 2304 2271 2358 eui
2300 2301 2504 2357 fructus
2529 2301 2630 2355 iste
2658 2316 2767 2355 non
2806 2299 3049 2368 conligit,
3095 2313 3214 2353 cum
3256 2299 3309 2352 in
3353 2314 3513 2351 manu

1936 2397 2114 2451 fuerit.

2010 2488 2060 2543 9.
2104 2488 2407 2543 Meminisse
2435 2488 2575 2541 enim
2605 2484 2767 2541 credo
2808 2484 3061 2552 dignaris,
3111 2485 3231 2555 quia
3259 2484 3514 2538 sanctita-

1939 2589 2046 2634 tem
2096 2590 2240 2633 tuam
2270 2579 2396 2633 olim
2445 2578 2664 2632 Viennae
2716 2576 2857 2646 apud
2904 2577 3122 2630 beatum
3166 2584 3371 2644 patrem
3418 2590 3517 2628 no-

1938 2678 2107 2725 strum
2135 2669 2418 2723 Martinum
2454 2667 2717 2729 viderim,
2763 2667 2847 2722 cui
2888 2674 2943 2720 te
2982 2666 3237 2720 Dominus
3266 2665 3319 2719 in
3358 2672 3518 2719 aetate

1939 2761 2128 2831 impari
2157 2774 2340 2831 parem
2369 2757 2513 2813 fecit.
2546 2756 2623 2810 Ex
2646 2757 2737 2810 illo
2765 2757 2942 2823 igitur,
2985 2755 3110 2811 licet
3148 2755 3295 2809 brevi
3327 2754 3517 2808 notitia

1938 2858 1992 2904 te
2040 2849 2346 2916 attigerim,
2402 2855 2580 2901 tamen
2630 2859 2822 2913 magna
2870 2845 3160 2898 dilectione
3206 2844 3518 2912 complexus

1937 2955 2080 3006 sum,
2110 2946 2166 2992 et
2192 2946 2391 3007 quanta
2421 2945 2547 2989 tunc
2568 2935 2716 2989 licuit
2745 2934 2902 3003 copia
2932 2942 3216 2989 veneratus
3249 2951 3363 2988 sum
3394 2950 3517 2987 san-

1938 3029 2177 3084 ctitatem
2208 3036 2387 3091 tuam;
2419 3034 2474 3079 et
2515 3039 2601 3080 me
2626 3039 2690 3079 ac
2717 3039 2885 3088 meos,
2926 3025 3015 3092 qui
3046 3031 3099 3078 te
3139 3025 3405 3089 absentes,
3436 3032 3518 3077 ta-

264 3115 401 3168 triste
424 3115 710 3181 curabant,
732 3130 864 3184 quas
886 3117 982 3186 ipsi
998 3117 1195 3171 arctius
1206 3117 1250 3148 ³¹
1267 3117 1546 3172 innodatas
1566 3124 1620 3171 et
1633 3117 1698 3171 ad
1720 3131 1842 3171 ossa
1866 3111 1911 3171 C
1943 3136 2063 3176 men
2093 3121 2217 3189 quia
2241 3119 2498 3189 jungente
2526 3117 2738 3173 Christo
2764 3132 2927 3170 unum
2952 3132 3133 3171 sumus
3154 3156 3170 3181 ,
3204 3131 3298 3186 per
3324 3132 3411 3170 me
3433 3117 3516 3169 vi-

265 3206 559 3274 depressas,
592 3205 680 3260 vel
714 3207 909 3275 exiguo
937 3208 1247 3276 rogantibus
1283 3208 1434 3262 vobis
1465 3206 1725 3262 beneficio
1752 3222 1838 3261 re-

263 3294 433 3351 laxare
488 3296 781 3351 noluerant
825 3306 1081 3364 catenas,
1135 3314 1394 3355 conversa
1450 3300 1502 3354 in
1547 3307 1840 3370 conspectu

266 3383 489 3451 ipsorum
531 3402 696 3455 prece
727 3395 901 3442 vestra
949 3388 1016 3443 ad
1059 3389 1226 3445 Deum
1256 3390 1302 3421 ³³
1329 3383 1619 3457 Christum,
1649 3401 1841 3461 sponte

262 3475 321 3529 de
346 3478 596 3533 manibus
625 3479 883 3535 absolutis
907 3479 1071 3536 liuere
1105 3484 1258 3553 102
1285 3483 1566 3548 viderunt;
1598 3499 1700 3538 nec
1727 3485 1841 3538 ausi

264 3576 534 3621 reneetere
578 3568 724 3637 quod
765 3568 905 3623 Deus
944 3571 1201 3637 solverat,
1249 3572 1314 3625 ad
1362 3574 1613 3627 comitem
1661 3574 1841 3643 pavidi

260 3666 611 3713 cucurrerunt
637 3700 653 3725 ,
683 3660 966 3716 veritatem
992 3661 1088 3717 Dei
1116 3678 1213 3732 pro
1242 3663 1637 3720 eonfessoribus
1666 3667 1838 3721 conli-

265 3751 445 3799 teutes.
479 3745 640 3813 Quod
686 3748 924 3804 auditum
954 3752 1205 3821 religiose
1243 3762 1299 3807 et
1335 3755 1619 3820 creditum,
1660 3773 1842 3812 comes

262 3836 479 3907 principi
507 3854 608 3893 suo
635 3854 758 3894 cum
782 3842 1090 3897 testimonio
1113 3843 1159 3875 "
1180 3844 1407 3898 militum
1438 3846 1639 3900 retulit.
1673 3846 1757 3911 Et,
1783 3857 1842 3903 ut

260 3926 416 3993 ipsius
460 3944 685 3998 quoque
723 3933 1005 4001 repentina
1050 3932 1121 3987 ad
1166 3934 1506 3989 clementiam
1547 3937 1615 3991 de
1662 3937 1841 3993 furore

261 4020 540 4074 conversio
569 4020 712 4075 inter
730 4022 994 4077 mirabilia
1024 4023 1118 4078 Dei
1144 4034 1537 4091 numeraretur,
1571 4030 1739 4083 factus
1760 4039 1843 4084 est

260 4104 308 4157 in
337 4114 388 4160 te
417 4109 745 4177 pradicator
768 4109 966 4167 Christi
1016 4113 1094 4182 (Ιι)
1144 4114 1199 4168 in
1238 4130 1346 4183 quo
1392 4131 1511 4172 esse
1550 4118 1843 4173 devoverat

260 4205 590 4263 persecutor.
636 4197 775 4255 Puto
824 4210 880 4256 et
927 4203 1099 4271 ipsum
1152 4212 1420 4274 tamquam
1478 4204 1691 4261 Saulem
1740 4209 1839 4262 ali-

258 4290 465 4354 quando
492 4289 700 4361 Spiritu
728 4302 915 4348 sancto
944 4294 1201 4349 Dominus
1222 4296 1538 4365 impleverat
1569 4298 1613 4330 ³⁸
1647 4310 1692 4363 ε,
1716 4301 1837 4369 quia

256 4386 305 4429 et
334 4386 384 4432 te
423 4381 567 4435 sicut
598 4381 767 4435 David
809 4384 871 4453 (ἱ)
902 4399 1058 4438 suum
1108 4386 1363 4456 diligebat
1406 4407 1417 4439 :
1461 4397 1517 4442 ut
1566 4390 1705 4445 sicut
1748 4392 1838 4447 ille

1940 3210 2158 3275 debant,
2208 3210 2361 3281 103
2410 3207 2781 3263 commendavi
2812 3208 2864 3261 in
2902 3214 3166 3261 mternum
3210 3207 3339 3271 tibi;
3389 3220 3519 3275 gau-

1939 3303 2149 3371 deoque
2194 3316 2355 3366 nunc,
2400 3297 2543 3368 quod
2571 3299 2675 3353 hoc
2711 3298 2899 3352 saltem
2948 3297 3077 3351 mihi
3122 3297 3341 3365 gloriari
3372 3297 3533 3360 licet,

1939 3394 2065 3463 quia
2096 3392 2284 3448 faciem
2316 3399 2462 3445 tuam
2493 3390 2546 3444 in
2572 3404 2736 3445 carne
2749 3387 2973 3443 viderim
3001 3406 3013 3440 :
3046 3387 3138 3442 sed
3163 3388 3319 3456 lugeo
3349 3387 3519 3455 negli-

1940 3485 2172 3554 gentiam
2221 3483 2546 3539 infelicitatis
2592 3496 2760 3547 mete,
2810 3480 2952 3549 quod
2993 3480 3331 3534 occasionem
3389 3480 3521 3532 tanti

1938 3576 2066 3630 boni
2096 3576 2311 3644 ignarus
2340 3573 2643 3637 amiserim;
2676 3580 2731 3626 et
2775 3570 3286 3625 eontenebrantibus
3315 3585 3401 3623 me
3430 3569 3521 3622 illo

1942 3676 2185 3735 tempore
2211 3682 2319 3719 non
2349 3664 2520 3718 solum
2552 3662 2807 3730 peccatis,
2835 3661 3027 3729 quibus
3053 3660 3214 3713 etiam
3238 3675 3379 3713 nunc
3399 3675 3521 3727 pre-

1942 3773 2079 3821 mor,
2110 3756 2203 3811 sed
2232 3763 2287 3809 et
2314 3754 2455 3808 euris
2484 3751 2639 3819 hujus
2667 3752 2866 3814 seculi,
2897 3749 3091 3818 quibus
3117 3764 3260 3802 nunc
3288 3749 3521 3818 propitio

1944 3849 2053 3902 Deo
2076 3847 2211 3900 liber
2237 3860 2375 3909 sum,
2408 3842 2739 3897 sacerdotem
2764 3849 2815 3892 te
2844 3845 3074 3905 tantum,
3098 3836 3241 3905 quod
3270 3838 3320 3890 in
3345 3836 3522 3889 medio

1941 3946 2073 4002 erat,
2098 3935 2352 4001 viderim;
2392 3940 2448 3988 et
2493 3930 2638 4002 quod
2686 3931 2861 3983 inerat
2907 3928 3182 3995 insignius,
3232 3933 3522 3994 martyrem

1942 4031 2118 4083 vivum
2144 4026 2327 4082 videre
2362 4023 2662 4080 neseierim.

2013 4119 2098 4173 10.
2142 4115 2470 4183 Memineris,
2500 4129 2680 4183 quaeso
2704 4120 2777 4180 te,
2804 4111 2971 4167 nostri
3004 4112 3055 4164 in
3080 4110 3167 4163 illa
3189 4109 3294 4173 die,
3327 4120 3432 4175 qua
3455 4105 3523 4159 ad

1944 4220 1996 4264 te
2020 4210 2299 4263 innumera
2325 4205 2644 4261 meritorum
2675 4211 2888 4256 tuorum
2915 4201 3142 4256 cohorte
3184 4198 3519 4259 comitatum,

1943 4298 2379 4365 ornamentisque
2425 4294 2668 4350 felicibus
2709 4300 2968 4356 comtum,
3014 4298 3069 4345 et
3097 4289 3277 4343 infulis
3322 4286 3525 4357 pariter

1938 4397 2107 4459 latque
2136 4387 2348 4442 adoreis
2373 4390 2719 4447 coronatum,
2753 4390 2809 4437 et
2837 4382 3020 4435 niveas
3064 4386 3397 4434 sacratorum
3428 4391 3523 4428 an-

255 4482 343 4521 rex
370 4470 671 4538 quondam,
719 4472 845 4527 dum
873 4475 938 4528 ad
966 4475 1257 4545 prophetas
1284 4478 1684 4546 persequendos
1712 4496 1835 4549 pro-
1871 4474 1921 4532 Ι)
1949 4481 2173 4536 tistitum
2220 4479 2263 4511 ³⁸
2294 4478 2474 4540 vittas,
2518 4482 2572 4529 et
2600 4472 2817 4527 ﬂoridas
2863 4471 3231 4526 confessorum
3265 4468 3360 4537 (V.
3406 4474 3520 4521 not.

256 4554 525 4625 ﬁciscitur,
557 4561 823 4631 propheta
853 4563 897 4595 “
925 4564 1147 4620 ell'ectus
1186 4575 1286 4630 est,
1312 4568 1384 4621 ita
1423 4578 1479 4622 et
1524 4584 1705 4625 eomes
1750 4573 1839 4628 ille

318 4718 339 4745 ⁸
374 4709 697 4782 Psghxxm,
730 4712 782 4765 8.
858 4712 884 4751 δ
917 4714 1045 4769 Luc.
1078 4731 1226 4782 xxm,
1258 4716 1344 4769 54.

252 4792 352 4834 sec.
388 4779 559 4834 LXX.
644 4793 667 4829 tt
699 4782 820 4837 Isai.
852 4799 923 4849 v1,
960 4782 1009 4849 5,
1044 4800 1109 4839 ex
1140 4779 1390 4841 versione
1419 4786 1576 4841 LXX.

317 4957 396 5030 ζα)
425 4958 510 5030 Ita
531 4972 678 5030 mss.
705 4959 901 5028 Vatic.,
934 4961 1115 5029 Vien.,
1148 4962 1189 5017 C
1220 4961 1463 5025 Rotom.,
1488 4962 1538 5016 M
1570 4962 1831 5030 Rotund.,

253 5023 441 5102 DROL
475 5028 859 5102 Bignteus,_‘ed.
890 5023 1057 5102 Bosv.
1092 5023 1146 5086 et
1166 5032 1315 5086 Grin.
1352 5034 1406 5087 in
1437 5023 1607 5102 marg.
1641 5034 1708 5089 At
1730 5023 1829 5090 ms.

256 5093 376 5167 Reg.
403 5113 536 5167 cum
555 5093 721 5153 editis
734 5093 794 5167 ’5,
824 5100 1134 5154 substratus.

314 5164 387 5243 (ὁ)
578 5167 621 5243 (ξ
648 5164 798 5243 30L,
828 5168 877 5222 Μ
909 5170 1145 5243 ﬂottind.
1174 5169 1288 5243 etB
1314 5170 1473 5243 Rot.,_
1489 5173 1762 5243 gloriosus.

315 5238 385 5303 (ε)
418 5235 555 5309 Mss.
584 5235 624 5290 C
658 5238 784 5309 Bot.
825 5247 880 5293 et
908 5238 980 5293 Μ.
1030 5239 1264 5295 Rotund.
1296 5256 1417 5295 cum
1446 5235 1669 5309 B'Rot.,
1721 5242 1831 5297 Nec

253 5318 404 5383 ausus
440 5308 589 5383 ultra
634 5307 829 5383 diaboli
874 5309 1172 5383 δαψίλεια..
1212 5311 1488 5383 capitalem
1526 5307 1831 5383 sententiam

250 5374 450 5429 indidit.
484 5375 620 5448 Qua:
648 5378 809 5433 lectio
842 5380 1155 5433 concinnior
1182 5374 1409 5434 videtur.
1442 5379 1720 5448 Vulgatam
1753 5392 1831 5436 ta-

252 5455 363 5525 men
392 5446 736 5525 retinuimus,
769 5456 956 5519 utpote
982 5464 1103 5517 qua:
1144 5450 1332 5504 nititur
1371 5446 1652 5505 meliorum
1683 5451 1830 5507 codi-

251 5524 361 5564 cum
391 5523 711 5570 autoritate.

312 5582 390 5656 (ei)
416 5578 568 5656 Tres
590 5585 749 5656 iidem
773 5587 1005 5649 codices,
1038 5589 1325 5656 desineret;
1367 5596 1521 5651 Deus.

315 5650 385 5721 (ε)
416 5651 592 5709 [idem
614 5655 849 5724 codices,
878 5674 1230 5728 praecurrens.

1425 4718 1652 4789 leeg.
1691 4738 1796 4789 xu,
1831 4723 1917 4778 ‘25.
1996 4722 2020 4759 (⁵
2053 4720 2193 4775 Psal.
2236 4734 2345 4783 Liv,
2377 4716 2428 4768 7.

1943 4570 2032 4641 60)
2063 4581 2325 4640 purpuras
2355 4563 2751 4621 occurrentium
2792 4576 2980 4615 manus
3030 4558 3255 4613 afferent
3302 4557 3524 4625 angelo-

2512 4724 2534 4752 ε
2566 4713 2694 4769 Luc.
2728 4728 2819 4779 vn,
2845 4708 2931 4766 38.
3014 4709 3032 4747 ί
3067 4709 3225 4765 Prov.
3271 4726 3436 4777 xxvn,
3470 4711 3520 4778 6,

2009 4964 2077 5035 (ι’)
2106 4964 2182 5017 Ita
2208 4976 2334 5017 mss.
2364 4960 2579 5035 Reg._et
2598 4958 2753 5035 Yien.
2783 4973 2907 5035 cum
2929 4957 3011 5011 ed.
3038 4956 3526 5035 Grin.nQunm__le_cti_o

1937 5026 2288 5089 conﬁrmatur
2318 5047 2385 5084 ex
2427 5026 2586 5098 epist.
2616 5027 2684 5082 29
2733 5026 2801 5082 ad
2849 5028 3057 5094 Sever.,
3110 5046 3162 5083 ιι.
3196 5027 3249 5081 8.
3282 5026 3421 5082 Editi
3468 5027 3525 5093 4,

1939 5106 2105 5176 pietas
2128 5112 2223 5176 est.
2260 5100 2500 5176 Utraque
2511 5099 2684 5176 lectio
2714 5106 2953 5176 recepta.

2015 5175 2092 5245 (g)
2124 5172 2213 5228 Sic
2240 5186 2368 5225 mss.
2403 5166 2620 5223 codices
2648 5166 2682 5219 4
2704 5176 2756 5221 et
2786 5168 2914 5221 editi
2947 5166 3189 5222 totidem.
3223 5167 3346 5234 Alii,
3376 5167 3517 5219 dein-

1940 5260 2090 5383 “77.3
2115 5310 2240 5365 Mss.
2274 5308 2315 5364 C
2346 5307 2493 5372 Rot.,
2543 5306 2592 5360 Μ
2629 5305 2862 5360 Rotund.
2895 5320 3016 5360 eum
3046 5305 3087 5359 Β
3126 5306 3273 5368 Rot.,
3302 5305 3388 5372 qui
3416 5319 3531 5359 esse.

1938 5383 2228 5437 devenerat.

2011 5452 2078 5532 (ἱ)
2110 5450 2242 5530 Tres
2271 5447 2431 5503 iidem
2457 5446 2672 5502 codices
2704 5444 2906 5499 addunt
2928 5444 3118 5567 flium.
3168 5513 3178 5523 _
3209 5512 3219 5523 .

2017 5522 2090 5567 (ιι
2136 5520 2225 5567 Sic
2258 5534 2383 5567 mss.
2418 5525 2649 5567 nnatuor
2676 5530 2799 5567 cum
2844 5513 2884 5567 Β
2950 5514 3050 5567 ἰοί.
3086 5513 3219 5567 Ediu

2017 5513 2090 5591 '(j)
2136 5520 2225 5574 Sic
2258 5534 2383 5574 mss.
2418 5525 2649 5586 quatuor
2676 5530 2799 5571 cum
2844 5513 2884 5567 Β
2928 5513 3050 5568 llot.
3086 5513 3222 5567 Editi
3268 5526 3481 5581 quoque
3511 5551 3539 5580 ,7

1937 5594 2219 5663 confessor.
