4006 6180
341 271 444 329 πίε

1459 264 1514 322 S.
1555 263 1826 320 PAULINI
1865 260 2112 317 NOLANI
2151 262 2449 321 EPISCOPI

3496 265 3601 319 2H

338 400 489 450 rum;
518 394 675 454 teque
704 383 875 452 ipsum
918 387 978 435 ut
1023 386 1291 451 argentum
1329 380 1448 451 igne
1473 380 1825 432 examinatum
1865 384 1915 443 ιι,
1944 376 1996 437 Α
2022 376 2102 445 (d)
2130 376 2425 431 Ructabunt
2453 377 2592 432 labia
2615 387 2794 434 nostra
2819 381 3061 449 hymnum
3090 388 3117 417 η
3147 393 3391 450 vespere,
3420 395 3598 444 mane,

339 485 395 532 et
438 491 620 529 aurum
656 474 710 527 in
746 475 955 545 fornace
987 471 1155 527 seculi
1198 469 1358 538 hujus
1399 469 1670 538 probatum
1711 467 1759 534 δ,
1802 468 1917 538 ipse

339 580 577 621 summus
607 556 725 617 auri
759 563 842 617 sui
866 563 1179 631 argentique
1206 567 1463 631 purgator
1498 560 1743 629 accipiet,
1777 567 1832 614 et
1860 567 1919 613 ut

340 654 631 721 pretiosam
669 650 959 707 diademati
1002 666 1102 705 suo
1143 649 1488 719 margaritam
1523 649 1639 704 Rex
1684 658 1918 704 aeternus

341 741 546 812 aptabit
578 760 591 794 :
620 756 722 797 nec
747 750 958 795 tuarum
988 741 1082 795 tibi
1112 747 1318 795 tantum
1359 741 1575 810 praemia
1622 755 1682 795 se
1721 740 1919 795 debere

340 834 601 886 virtutum
637 830 806 886 Judex
839 830 1016 900 justus
1063 839 1338 897 agnoscet,
1382 830 1567 885 videns
1610 830 1920 885 innumeros

341 925 485 979 circa
508 932 559 977 te
587 930 896 979 sanctorum
928 922 1201 990 utriusque
1228 937 1389 977 sexus
1428 934 1639 990 greges,
1677 937 1813 992 quos
1841 922 1919 977 illi

339 1014 579 1083 quotidie
603 1014 856 1069 institutis
884 1014 987 1068 tuis
1015 1028 1261 1082 generas,
1277 1012 1503 1068 formula
1529 1012 1777 1068 omnibus
1795 1027 1919 1082 per-

341 1104 492 1159 fecta:
537 1105 749 1160 virtutis
802 1113 858 1159 et
911 1104 1066 1169 lidei;
1117 1105 1256 1159 sicut
1303 1112 1360 1159 et
1406 1103 1569 1158 frater
1603 1101 1920 1159 Paschasius

298 1216 301 1217 '
340 1196 607 1261 ostendit,
653 1196 707 1249 in
736 1194 891 1264 cujus
936 1195 1107 1263 gratia
1151 1203 1207 1248 et
1261 1193 1339 1264 (a)
1383 1194 1719 1248 humanitate
1763 1193 1919 1261 quasi

338 1286 599 1356 quasdam
625 1286 879 1338 virtutum
899 1285 1298 1353 gratiarumque
1320 1293 1533 1339 tuarum
1579 1283 1747 1338 lineas
1773 1282 1921 1337 velut

338 1376 558 1445 speculo
581 1374 838 1430 reddente
859 1374 1190 1442 collegimus.
1218 1373 1357 1428 Vere
1386 1380 1444 1428 tu
1465 1373 1657 1428 beatus
1683 1380 1766 1427 tot
1787 1373 1917 1427 bea-

335 1475 516 1522 torum
541 1482 754 1536 parens,
788 1473 938 1520 tante
984 1465 1173 1519 messis
1191 1473 1359 1528 sator,
1391 1463 1745 1518 centesimum
1771 1463 1833 1525 ‘°,
1865 1469 1921 1517 et

337 1559 773 1628 sexagesimum,
814 1574 877 1612 ac
906 1555 980 1627 (b)
1034 1556 1366 1610 tricesimum
1405 1554 1638 1609 fructum
1679 1555 1790 1608 Deo
1838 1553 1917 1608 fe-

338 1649 612 1704 cunditate
644 1658 744 1702 tuae
783 1658 937 1703 terrae
968 1646 1039 1717 (c)
1064 1645 1290 1701 aﬂ'erens
1330 1655 1376 1707 ο,
1408 1653 1463 1698 et
1490 1659 1796 1699 mensuram
1825 1659 1921 1712 pa-

338 1756 452 1795 rem
474 1741 541 1795 de
572 1741 731 1794 variis
760 1748 1007 1809 partuum
1034 1747 1248 1793 tuorum
1280 1738 1541 1791 fructibus
1580 1745 1913 1805 recepturus.

341 1830 418 1886 Te
462 1832 766 1886 Altissimus
792 1831 933 1884 inter
976 1829 1129 1899 regni
1156 1828 1239 1883 sui
1279 1827 1543 1882 maximos
1584 1827 1916 1893 nominavit,

338 1922 423 1977 cui
451 1921 716 1977 concessit
744 1920 885 1975 facto
912 1934 1127 1989 requare
1150 1933 1483 1984 sermonem;
1514 1924 1574 1972 ut
1600 1926 1654 1971 et
1676 1916 1920 1972 doctrina

338 2013 435 2068 tibi
464 2014 586 2067 vitae
615 2021 721 2067 tum
743 2012 835 2078 sit,
865 2020 921 2065 et
947 2012 1057 2066 vita
1078 2011 1357 2067 doctrinae.
1407 2010 1525 2077 Quo
1567 2007 1645 2075 ﬁt,
1679 2018 1736 2064 ut
1763 2023 1922 2064 nemo

338 2120 399 2160 se
425 2104 621 2159 audeat
645 2118 906 2159 excusare
935 2102 1230 2171 discipulus
1269 2102 1419 2156 velut
1464 2100 1793 2155 diliicultatis
1820 2099 1923 2153 im-

336 2195 509 2267 perio,
540 2211 661 2251 cum
685 2195 832 2263 prius
859 2192 1220 2260 adstringatnr
1243 2191 1456 2247 virtutis
1484 2190 1749 2260 exemplo.

858 2342 1187 2399 EPISTULA
1220 2344 1235 2363 ‘
1274 2340 1413 2395 XIX.

518 2440 681 2523 Suam
705 2439 1007 2523 (16.0068ka
1027 2454 1060 2490 a
1080 2436 1335 2518 Delphina
1358 2432 1920 2523 litteris‘describi‘t‘lre:

408 2504 592 2564 litiam.
626 2510 698 2565 Se
734 2504 1108 2579 plantationem
1144 2504 1256 2577 ejus
1295 2522 1419 2579 esse
1433 2505 1576 2579 dicit,
1621 2514 1681 2579 e_l_
1697 2504 1822 2571 petit
1855 2504 1920 2555 ab

405 2596 467 2634 eo
495 2581 681 2652 rigari,
708 2573 1126 2648 sermonibusque
1152 2573 1214 2629 ac
1261 2574 1491 2646 precibus
1518 2573 1702 2627 excoli.

407 2692 724 2745 Beatissimo
753 2698 805 2744 et
834 2687 1179 2759 peculiariter
1215 2686 1452 2748 domino,
1485 2698 1699 2754 semper
1726 2682 1779 2737 in
1808 2681 1919 2736 Deo

334 2782 548 2838 Christo
576 2781 731 2836 nobis
752 2780 891 2851 patri
913 2779 1205 2844 DELPHINO,
1240 2775 1523 2830 PAULINUS.

405 2895 458 2949 l.
498 2893 977 2964 Exspectabamus,
1009 2902 1066 2944 ut
1093 2908 1216 2944 area
1250 2891 1431 2944 sitiens
1452 2888 1499 2953 ἀ,
1530 2888 1806 2958 refrigeria
1830 2888 1918 2942 lit-

333 2994 570 3041 terarum
603 2995 845 3048 tuarum;
886 2991 940 3038 et
988 2983 1166 3035 anima
1212 2989 1413 3048 nostra,
1453 2981 1585 3033 sicut
1628 2990 1764 3033 terra
1800 2979 1913 3033 sine

331 3095 466 3150 aqua
500 3087 545 3143 θ,
578 3076 882 3131 sitientibus
912 3074 966 3128 in
1006 3081 1096 3127 tua
1125 3072 1288 3126 verba
1336 3071 1645 3141 prmcordiis
1691 3070 1915 3125 anhela-
1946 3056 1991 3117 C

330 3168 425 3221 bat
456 3184 468 3219 :
496 3167 607 3234 jam
655 3166 798 3219 enim
847 3178 1015 3233 prOpe
1061 3161 1336 3217 biennium
1382 3159 1668 3226 deﬂuebat,
1700 3177 1768 3216 ex
1807 3176 1916 3229 quo

332 3256 490 3310 nobis
536 3271 633 3324 per
678 3252 1039 3309 confamulum
1083 3250 1458 3305 Cardamatem
1506 3250 1720 3305 modica
1767 3250 1912 3315 licet,

329 3347 639 3401 dulcissima
678 3355 857 3398 tamen
898 3343 1009 3397 oris
1038 3342 1115 3396 tui
1143 3341 1406 3395 stillicidia
1453 3356 1765 3407 roraveras;
1816 3356 1917 3395 nec

327 3439 437 3509 jam
478 3438 687 3492 interim
736 3437 1090 3506 sperabamus
1134 3434 1219 3488 vel
1266 3434 1474 3502 guttula
1524 3434 1603 3487 tui
1649 3434 1913 3488 sermonis

329 3527 561 3597 aspergi,
590 3527 713 3595 quia
743 3540 840 3595 per
868 3532 1036 3578 totam
1059 3531 1300 3578 mstutem
1337 3524 1485 3577 irrita
1515 3539 1620 3577 non
1650 3523 1916 3577 venientis

332 3616 496 3673 Urani
530 3620 544 3648 ¹
579 3616 672 3687 (γ.
719 3625 835 3670 not.
863 3614 953 3685 6i)
984 3615 1391 3685 exspectatione
1437 3615 1712 3685 suspensi,
1743 3616 1912 3670 multo

326 3709 498 3777 magis
522 3714 733 3776 tempus
762 3706 1043 3761 hibernum
1068 3707 1121 3760 in
1151 3713 1244 3760 tuo
1268 3706 1423 3762 nobis
1469 3708 1682 3762 silentio
1714 3707 1910 3761 transi-

326 3797 557 3866 gendum
588 3797 926 3866 putabamus.
975 3794 1045 3849 Et
1072 3812 1201 3852 ecce
1237 3798 1530 3851 misericors
1569 3808 1618 3851 et
1639 3799 1911 3852 miserator

326 3886 604 3953 Dominus,
626 3889 712 3959 qui
755 3888 844 3941 dat
883 3904 1052 3941 escam
1092 3889 1433 3944 esurientibus
1458 3887 1500 3954 ί,
1532 3899 1588 3945 et
1616 3891 1911 3946 consolatur

327 3982 542 4035 humiles
574 3990 619 4045 Β,
659 3989 713 4035 et
756 3991 935 4048 potens
964 3992 1040 4033 est
1076 3998 1235 4050 supra
1264 3999 1419 4053 quam
1464 4000 1753 4051 speramus,
1783 3984 1910 4037 dare

326 4073 473 4129 nobis
512 4089 624 4145 quin
646 4073 997 4126 desideramus
1027 4069 1074 4136 ιι,
1108 4073 1504 4140 insperantibus
1533 4073 1767 4140 quidem,
1814 4074 1908 4128 sed

326 4165 636 4233 optantibus
683 4162 966 4231 repentino
1015 4163 1210 4215 iterum
1256 4162 1633 4217 Cardamatem
1664 4174 1907 4218 nostrum

326 4265 653 4326 superventu
692 4254 870 4308 intulit
898 4253 1080 4319 nobis;
1112 4261 1168 4308 et
1191 4263 1246 4306 ut
1275 4256 1415 4324 facta
1447 4264 1525 4309 est
1546 4271 1641 4323 per
1669 4271 1791 4310 eum
1812 4272 1907 4310 vox

326 4349 655 4402 salutationis
685 4355 784 4399 tum
803 4348 856 4399 in
879 4346 1086 4399 auribus
1115 4350 1323 4413 nostris,
1355 4349 1627 4403 exsultavit
1663 4347 1673 4386 ί
1706 4348 1903 4418 gaudio

2018 475 2074 521 et
2113 468 2355 522 meridie.
2396 468 2753 536 Cantabimus,
2796 480 2845 525 et
2884 471 3164 541 psallemus
3203 469 3464 535 Domino,
3513 471 3602 538 qui

2018 557 2151 613 bona
2185 560 2362 613 tribuit
2398 560 2545 615 nobis
2587 570 2633 615 ο.
2668 561 2810 616 Misit
2838 563 2982 616 enim
3027 563 3263 616 nuntium
3308 561 3494 616 bonum
3538 562 3606 614 de

2019 657 2157 702 terra
2186 649 2466 721 longinqua
2493 662 2540 715 P,
2572 664 2682 720 quo
2728 651 3020 707 dulcissimi
3048 662 3105 709 et
3144 653 3405 708 carissimi
3434 653 3604 722 patris

2017 745 2072 791 et
2098 740 2410 806 sospitatem
2458 742 2806 809 agnovimus,
2855 749 2911 796 et
2940 742 3012 812 (ε)
3059 757 3362 815 sermonem
3392 741 3606 810 accepi-

2019 842 2155 881 mus.
2187 826 2337 883 Unde
2363 844 2683 884 conversum
2703 839 2787 886 est
2812 846 2907 885 cor
2928 838 3170 884 nostrum
3199 846 3229 883 a
3260 830 3473 884 tristitia
3495 831 3604 884 sol-

2017 916 2308 973 licitudinis
2333 918 2387 972 in
2412 919 2665 987 gaudium
2694 920 2998 976 securitatis
3030 938 3042 973 :
3069 928 3125 974 et
3150 935 3302 974 versa
3333 920 3385 973 in
3414 920 3605 973 melius

2019 1011 2194 1064 anxize
2231 1010 2531 1068 ail‘ectionis
2558 1013 2697 1079 vice,
2730 1013 2784 1068 in
2828 1014 2921 1069 illo
2960 1013 3049 1068 die
3076 1013 3230 1067 nobis
3273 1028 3369 1081 per
3399 1012 3605 1067 litteras

2018 1107 2138 1155 tuas
2166 1100 2324 1168 festo,
2356 1102 2594 1157 delectati
2616 1120 2814 1169 sumus,
2842 1121 2935 1173 pro
2969 1104 3147 1158 diebus
3170 1102 3352 1173 quibus
3380 1119 3473 1157 nos
3504 1104 3603 1156 hu-

2020 1190 2310 1243 miliaverat
2331 1201 2357 1240 (ι
2385 1191 2707 1248 diuturnitas
2727 1193 3113 1247 taciturnitatis
3136 1203 3259 1246 tum.

2090 1277 2144 1331 2.
2185 1276 2543 1349 Conﬁteamur
2564 1282 2745 1352 itaque
2764 1281 2993 1338 Domino
3026 1283 3406 1338 misericordias
3424 1283 3533 1353 ejus
3554 1294 3601 1347 ",

2019 1376 2068 1419 et
2096 1368 2418 1423 immolemus
2447 1371 2495 1425 ei
2532 1371 2761 1425 hostiam
2799 1372 2992 1438 laudis,
3042 1375 3166 1443 quia
3206 1374 3459 1427 saturavit
3487 1376 3604 1427 ani-

2020 1472 2157 1510 mam
2187 1458 2395 1512 inanem
2423 1468 2469 1526 ³,
2500 1476 2609 1515 non
2637 1461 2876 1530 quidem,
2918 1461 3064 1531 quod
3098 1463 3334 1531 propitio
3373 1463 3490 1531 ipso
3517 1463 3603 1517 di-

2020 1546 2209 1613 cimus,
2239 1549 2424 1616 gratite
2453 1549 2571 1619 ejus
2601 1565 2848 1615 vacuam,
2886 1552 2981 1606 sed
3007 1552 3260 1607 desiderii
3289 1553 3455 1607 nostri
3493 1551 3606 1605 fru-

2022 1644 2111 1693 ctu
2134 1637 2374 1706 jejunam
2396 1657 2410 1705 ;
2435 1655 2555 1697 cum
2584 1641 2777 1696 solatia
2807 1642 3104 1697 litterarum
3129 1652 3336 1697 tuarum
3357 1643 3447 1698 diu
3474 1659 3602 1698 esu-

2022 1728 2174 1792 riret,
2198 1745 2318 1799 quae
2340 1731 2476 1799 jam,
2505 1739 2565 1786 ut
2591 1731 2723 1798 dixi,
2750 1733 2906 1788 nobis
2932 1748 3072 1803 pene
3097 1733 3316 1789 biennio
3338 1735 3605 1801 negaban-

2024 1828 2129 1872 tur.
2176 1818 2293 1873 Non
2323 1828 2528 1874 statuat
2556 1820 2662 1877 illis
2704 1821 2962 1877 Dominus
2992 1824 3044 1877 in
3086 1831 3365 1892 peccatum
3407 1838 3604 1892 praeva-

2019 1910 2338 1965 ricationem
2359 1926 2531 1975 suam,
2558 1927 2788 1982 quorum
2817 1914 3061 1982 iniquitas
3083 1915 3297 1967 mentita
3320 1923 3397 1967 est
3423 1912 3521 1967 sibi
3548 1918 3595 1980 ί,

2022 2009 2079 2055 et
2114 2001 2273 2070 longa
2310 2002 2378 2058 ab
2406 2003 2515 2058 oris
2542 2003 2619 2058 tui
2651 2004 2878 2075 panibus
2903 2004 3044 2060 fame
3090 2004 3345 2061 tabel'ecit
3370 2006 3605 2069 animam

2022 2099 2282 2147 nostram.

2099 2184 2252 2255 105
2266 2184 2281 2253 (
2290 2182 2670 2255 {)Remaneant
2681 2185 2769 2239 ubi
2783 2185 2987 2253 volunt,
3002 2185 3125 2254 quia
3142 2184 3331 2239 nolunt
3347 2183 3431 2238 ubi
3447 2183 3607 2237 malle

2021 2271 2338 2326 debuerant.
2364 2272 2588 2327 Faciant
2626 2274 2771 2342 quod
2802 2275 2880 2329 eis
2908 2275 3034 2329 licet
3055 2316 3071 2342 ,
3117 2275 3241 2343 quia
3269 2289 3376 2328 non
3406 2272 3606 2328 faciunt

2022 2363 2165 2430 quod
2189 2363 2424 2432 expedit.
2449 2362 2612 2417 Nobis
2642 2364 2879 2419 accessio
2901 2364 3104 2426 talium,
3123 2372 3181 2418 ut
3202 2363 3335 2417 nihil
3363 2363 3608 2417 conferto

2023 2453 2290 2520 potuisset
2314 2452 2465 2518 boui,
2490 2453 2564 2507 ita
2613 2453 2747 2507 nihil
2769 2454 3054 2509 detrahere
3077 2452 3297 2523 poterit.
3334 2451 3544 2505 Utinam
3576 2466 3609 2506 a

2021 2543 2257 2613 peccatis
2278 2544 2477 2597 nostris
2505 2544 2579 2598 ita
2609 2545 2814 2599 nullum
2844 2545 3001 2600 nobis
3037 2544 3189 2599 ﬁeret
3206 2543 3609 2609 detrimentum,

2021 2635 2065 2689 si
2090 2644 2145 2689 et
2172 2635 2286 2705 ipsa
2317 2651 2438 2690 cum
2480 2636 2675 2692 talibus
2698 2637 2959 2706 proximis
2985 2636 3364 2705 elongarentur
3393 2649 3424 2687 a
3456 2635 3608 2688 nobis

2020 2740 2119 2796 per
2155 2726 2550 2781 multitudinem
2579 2728 2985 2782 miserationum
3014 2728 3152 2796 ejus,
3181 2728 3267 2799 qui
3296 2743 3399 2780 non
3422 2742 3607 2779 secun-

2021 2821 2141 2875 dum
2169 2832 2381 2893 peccata
2410 2832 2593 2878 nostra
2642 2824 2880 2878 retribuit
2918 2822 3085 2886 nobis,
3129 2822 3220 2875 sed
3243 2823 3375 2875 sicut
3399 2822 3609 2874 misere-

2021 2922 2103 2965 tur
2130 2922 2278 2983 pater
2304 2913 2404 2981 ﬁlii
2448 2914 2548 2978 sui,
2598 2915 2673 2967 ita
2712 2916 2990 2968 miseratur
3018 2913 3095 2983 (g)
3141 2913 3372 2965 timentes
3422 2926 3608 2964 nomen

2023 3019 2173 3056 suum
2199 3011 2248 3068 υ,
2280 3011 2336 3056 et
2379 3012 2657 3072 sperantes
2700 3004 2755 3058 in
2800 3003 3169 3059 misericordia
3211 3016 3340 3064 sua;
3378 3015 3607 3068 quorum

2024 3094 2314 3164 participes
2360 3110 2563 3161 sumus,
2614 3097 2739 3164 quia
2787 3095 3078 3151 adventum
3117 3095 3234 3164 ejus
3263 3102 3318 3147 et
3341 3092 3606 3160 diligimus

2018 3185 2201 3238 miseri
2232 3200 2329 3253 spe
2357 3185 2738 3239 misericordiae
2768 3186 2901 3254 ejus,
2935 3195 2990 3241 et
3018 3185 3379 3241 horrescimus
3407 3198 3605 3253 pecca-

2018 3281 2168 3328 tores
2195 3275 2385 3329 timore
2408 3274 2631 3342 justitiae
2676 3276 2811 3345 ejus.
2843 3276 2948 3331 Sed
2984 3275 3317 3331 orationibus
3347 3276 3450 3329 tuis
3477 3290 3604 3343 pro-

2016 3364 2236 3434 pitiatus
2258 3364 2377 3419 liliis
2408 3366 2545 3431 tuis,
2579 3381 2686 3420 non
2716 3366 2881 3420 intret
2920 3367 2975 3420 in
2998 3366 3252 3433 judicium
3281 3380 3403 3420 cum
3448 3364 3604 3419 malis

2014 3456 2186 3511 servis
2212 3457 2322 3511 suis
2342 3466 2404 3523 V;
2436 3473 2662 3527 quorum
2686 3458 2843 3528 primi
2867 3474 2965 3513 nos
2994 3458 3065 3511 ita
3097 3466 3156 3511 ut
3176 3460 3194 3488 ³
3216 3457 3480 3511 bonorum
3512 3455 3599 3509 ul-

2015 3547 2129 3600 timi
2156 3562 2360 3603 sumus.
2408 3548 2509 3614 Qui
2538 3558 2592 3602 et
2616 3550 2752 3603 hanc
2782 3549 2802 3580 ³
2828 3550 2996 3617 ipsam
3033 3548 3284 3616 gloriam,
3314 3560 3416 3614 qua
3446 3553 3499 3599 te
3546 3545 3602 3598 in

2013 3635 2226 3690 Christo
2276 3646 2331 3691 et
2359 3652 2388 3690 a
2417 3637 2629 3691 Christo
2668 3647 2874 3706 patrem
2921 3637 3345 3706 regenerationis
3388 3634 3600 3703 accepi-

2013 3742 2152 3791 mus,
2181 3728 2233 3781 in
2261 3728 2533 3782 cumulum
2555 3729 2913 3783 damnationis
2944 3729 3333 3792 convertimus;
3361 3728 3483 3796 quia
3515 3726 3597 3779 ni-

2012 3820 2085 3874 hil
2116 3831 2167 3873 te
2196 3828 2347 3889 patre
2374 3819 2589 3889 dignum
2627 3820 2854 3875 Domino
2909 3821 3167 3875 altissimo
3207 3820 3345 3874 servi
3386 3819 3600 3872 inutiles

2013 3920 2039 3947 ι
2061 3920 2115 3965 et
2143 3912 2235 3966 lilii
2259 3911 2551 3980 degeneres
2564 3914 2897 3978 exhibemus,
2920 3915 3011 3982 qui
3033 3915 3192 3968 etiam
3213 3927 3353 3967 nunc
3373 3911 3391 3942 ⁸
3424 3910 3597 3963 infeli-

2011 4017 2127 4057 cem
2154 4003 2411 4058 naturalis
2438 4005 2656 4059 oleastri
2684 4005 2934 4059 duritiam
2965 4006 3186 4074 spinoso
3207 4005 3259 4058 in
3288 4001 3451 4058 corde
3478 4016 3594 4056 ser-

2010 4107 2215 4158 vamus,
2233 4108 2354 4148 cum
2368 4094 2679 4163 jamdudum
2697 4097 2717 4127 ⁵
2733 4096 2973 4151 bonitate
2989 4097 3198 4151 Domini
3211 4112 3239 4150 a
3261 4093 3597 4163 cognationis

2010 4190 2209 4237 nostrae
2227 4184 2404 4241 radice
2432 4185 2641 4250 divulsi,
2670 4187 2722 4241 in
2765 4188 3013 4241 arborem
3034 4195 3180 4240 tuam
3208 4187 3484 4240 videamur
3509 4185 3597 4238 in-
3658 4216 3665 4229 -

2010 4273 2139 4326 serti
2157 4282 2184 4321 ῐ
2210 4291 2222 4325 ε
2256 4272 2324 4327 de
2348 4289 2453 4344 qua
2478 4276 2817 4345 pinguedinis
2843 4284 2944 4331 tum
2968 4292 3185 4331 succum
3215 4274 3463 4330 medullis
3485 4275 3601 4328 ani-

2012 4377 2113 4415 mm
2139 4362 2481 4429 duceremus,
2510 4377 2565 4419 et
2584 4367 2774 4435 spiritu
2804 4366 3228 4421 mansuetudinis
3254 4366 3307 4419 in
3336 4365 3420 4418 via
3448 4364 3601 4433 pacis

326 4454 422 4493 cor
442 4445 707 4502 nostrum,
731 4445 784 4489 et
806 4437 977 4489 omnia
1003 4453 1120 4490 ossa
1143 4448 1320 4491 nostra
1347 4438 1587 4493 dixerunt
1610 4457 1626 4493 :
1660 4441 1905 4508 Domine,
1939 4416 1985 4477 D
2014 4452 2256 4516 radiati,
2275 4455 2430 4510 bona,
2451 4416 2862 4525 glim‘gemina
2883 4473 3002 4512 esse
3024 4456 3295 4521 (δατεηίη,
3318 4456 3408 4525 ει)
3431 4416 3600 4523 iam}.

324 4530 438 4599 quis
466 4528 650 4582 similis
682 4527 775 4581 tibi
798 4528 811 4578 ἱ
835 4530 857 4582 ?
885 4529 1009 4598 quid
1040 4537 1123 4583 est
1152 4528 1420 4584 humilitas
1446 4539 1627 4585 nostra
1655 4534 1791 4599 quod
1810 4550 1910 4586 me-

325 4636 439 4673 mor
458 4635 510 4672 es
532 4619 661 4688 ejus,
689 4629 738 4671 et
760 4622 935 4673 t‘isitas
955 4636 1070 4672 eam
1096 4617 1119 4656 ι
1139 4620 1160 4672 ?
1179 4619 1515 4687 Benedixisti,
1540 4620 1779 4685 Domine,
1815 4632 1909 4676 ter-

324 4726 439 4764 ram
461 4720 691 4765 nostram
717 4708 759 4773 l,
783 4722 831 4766 et
852 4723 1076 4769 torrente
1098 4714 1372 4782 voluptatis
1395 4724 1494 4768 tua:
1519 4717 1709 4784 potasti
1732 4733 1827 4770 nos
1841 4726 1899 4774 π’.

398 4854 423 4881 ⁸
455 4845 595 4919 Psal.
630 4844 787 4919 11,77.
863 4846 1045 4919 h_Sap.
1076 4866 1157 4919 ιιι,
1189 4849 1243 4902 6.

325 4932 417 4979 vn,
447 4916 499 4968 6.
528 4983 548 4986 _
578 4915 603 4952 ιι
631 4915 766 4986 Eph.
800 4934 877 4983 ιιι,
898 4917 986 4972 20.

327 4986 381 5039 9.
458 4995 483 5021 ιι
528 4983 886 5053 ΡδιιΙῘοιιγιιι,
931 4988 1052 5042 171.

321 5054 474 5129 juxta
522 5055 786 5129 Hebr.__'
818 5056 960 5112 Psal.
1020 5075 1164 5129 xux,
1213 5058 1299 5113 14.

325 5135 354 5173 3'
387 5125 545 5179 Rom.
576 5142 659 5192 ιιι,
694 5127 779 5179 17.

400 5268 418 5285 ⁹
449 5265 594 5341 Alias
620 5265 713 5329 l7;
744 5282 862 5341 quae
884 5274 1069 5341 autem
1094 5277 1210 5323 erat
1252 5267 1337 5335 i9,
1370 5286 1511 5325 nunc
1554 5268 1642 5324 55.
1692 5270 1901 5341 Scripta

325 5352 470 5390 anno
498 5334 600 5387 400
629 5334 850 5390 ante'29
872 5336 1036 5391 Junii.

394 5405 471 5472 (a)
504 5405 602 5458 Ms.
636 5406 788 5460 Vien.
820 5418 874 5461 et
901 5406 1025 5462 edit.
1052 5407 1222 5472 Grin.,
1253 5412 1609 5463 unanimitate.

362 5476 473 5557 .(b)
523 5475 598 5529 ita
628 5491 753 5531 mss.
787 5478 1002 5533 codices
1024 5488 1078 5534 et
1107 5479 1235 5536 editi
1264 5478 1315 5531 ri.
1352 5478 1491 5533 Edit.
1525 5480 1715 5546 Rosv.,
1749 5482 1902 5551 triga-

330 5562 509 5599 ιιιηιιηι
518 5586 529 5598 .

400 5620 469 5685 (c)
520 5616 615 5670 Ms.
661 5616 791 5688 Reg.
825 5634 947 5673 cum
999 5620 1165 5677 tribus
1211 5619 1387 5689 editis,
1433 5622 1665 5691 e/Terens.
1718 5622 1896 5683 Latin.

1322 4847 1697 4921 °._b_latth._xm,
1731 4852 1784 4905 8.
1859 4852 1885 4891 ά
1916 4853 2054 4910 Joe-l.
2085 4873 2121 4921 ι,
2153 4857 2242 4911 ει).

1070 4918 1084 4955 ί
1121 4918 1250 4994 Lu_c.
1282 4936 1317 4994 ι,
1345 4917 1433 4971 44.
1493 4922 1543 4994 _i_
1566 4918 1705 4977 Psal.
1739 4939 1923 4993 xxxrv,
1948 4924 2033 4979 10.
2110 4917 2134 4964 lt
2162 4926 2422 4994 Psal.vm,
2451 4928 2503 4984 5.

1130 4998 1155 5025 ο
1186 4989 1323 5049 Psal.
1359 5004 1452 5048 xx,
1486 4989 1570 5056 14,
1596 5000 1650 5045 et
1680 5008 1771 5058 xu,
1804 4994 1855 5047 6.
1910 4989 1962 5043 'P
1986 4995 2147 5050 Prov.
2174 5014 2297 5064 xxv,
2323 4989 2418 5053 25.
2488 5011 2514 5049 ιι
2545 4999 2685 5054 Psal.
2719 5017 2919 5055 Lxxxix
2947 4989 3073 5066 ,1'5.
3153 5010 3174 5037 τ
3208 4997 3348 5053 Psal.
3382 5015 3463 5052 cu
3492 5040 3506 5063 ,
3538 4989 3593 5049 8.

1130 5076 1139 5095 π
1213 5058 1280 5095 IL
1381 5061 1398 5095 t
1431 5058 1549 5095 Dm]
1603 5078 1726 5095 ννν.
1798 5062 1864 5095 to
1962 5072 1985 5095 ιι
2022 5064 2139 5095 Dant
2197 5084 2283 5095 η...
2335 5068 2401 5095 sn
2500 5080 2525 5095 η.
2562 5070 2674 5095 nni
2754 5087 2889 5095 --.-.-
2958 5070 2991 5095 ο
3092 5080 3115 5095 ν
3150 5067 3167 5095 l
3194 5087 3258 5095 ..η
3331 5085 3436 5095 ..-...
3506 5066 3572 5095 sn

1431 5058 1571 5115 Psal.
1603 5078 1726 5117 xxv:
1752 5105 1766 5129 ,
1798 5062 1882 5117 12.
1962 5072 1985 5101 υ
2020 5064 2160 5120 Psal.
2196 5058 2301 5122 cn".
2335 5068 2421 5122 10.
2500 5080 2525 5108 ν
2558 5070 2697 5125 Psal.
2749 5087 2889 5127 cxut
2917 5058 3011 5139 ,9.
3092 5080 3117 5107 ι
3147 5067 3277 5124 Luc.
3331 5058 3593 5132 nun-10.

2014 4543 2152 4598 rosis
2182 4543 2441 4600 fructibus
2477 4560 2909 4615 agnosceremus.

2083 4632 2136 4686 5.
2165 4633 2314 4688 Nunc
2333 4650 2461 4688 vero
2483 4650 2579 4704 per
2603 4636 2978 4691 abundantiam
3007 4637 3260 4690 vitiorum
3291 4642 3597 4689 nostrorum

2015 4724 2206 4793 inopes
2236 4732 2579 4793 paternorum
2610 4726 2902 4793 bonorum,
2934 4724 3206 4794 quomodo
3252 4725 3599 4794 disponemus

2322 4870 2345 4897 θ
2371 4858 2511 4914 Psal.
2543 4877 2703 4923 CXLII,
2733 4860 2787 4914 6.
2869 4862 2887 4899 τ
2920 4861 3062 4915 Psal.
3095 4876 3182 4925 cx,
3212 4859 3266 4913 4.
3345 4869 3370 4903 κ
3400 4858 3442 4911 ll
3466 4858 3597 4913 Cor.

2586 4928 2600 4968 1
2639 4930 2780 4984 Psal.
2808 4947 3023 4993 Lxxxiv,
3054 4930 3108 4985 2.
3185 4940 3222 4966 η’
3255 4929 3395 4984 Psal.
3428 4944 3598 4993 xxxv,

2008 5269 2148 5345 forte
2174 5277 2421 5345 referens.

2105 5343 2161 5411 εἰ)
2192 5342 2247 5397 In
2273 5345 2524 5399 omnibus
2552 5345 2836 5413 psalterns,
2869 5342 3206 5413 Eructabunt.

2105 5408 2154 5550 ei
2184 5414 2283 5469 Ms.
2310 5415 2487 5479 Vien.,
2515 5408 2734 5469 litteras.
2824 5408 2829 5409 ν
3062 5408 3083 5425 ’

2108 5489 2134 5550 r
2193 5484 2289 5538 Ms.
2320 5484 2637 5541 Viennensis
2664 5486 2856 5550 codex,
2894 5485 3083 5539 Remee;

2081 5484 2152 5557 (Γ)
2193 5484 2289 5557 Ms.
2320 5484 2637 5557 Yicnnensis
2664 5486 2856 5552 codex,
2888 5485 3153 5557 VRemeent.

2082 5549 2159 5628 (ξι)
2199 5554 2295 5613 Ms.
2329 5555 2483 5613 Vien.
2512 5570 2633 5612 cmn
2680 5549 2948 5627 psalteriis
2971 5554 3207 5626 quinque
3277 5549 3587 5609 timentibus.
