4006 6180
273 248 379 308 215

1669 238 2002 301 EPISTOLA
2038 240 2148 298 XX.

3442 240 3558 304 246

276 377 548 420 sermones
572 370 790 419 nostros
818 362 874 418 in
900 361 990 420 die
1016 361 1400 433 recognitionis
1430 362 1507 428 (id
1535 370 1612 417 est
1628 359 1860 431 judicii;
1891 360 1942 418 Δ
1969 360 2332 431 pbaniceum)
2360 361 2506 419 vitiis
2527 362 2858 433 tingentibus
2884 365 2906 397 ⁸
2933 364 3128 420 infecta
3154 363 3397 420 converti
3418 379 3435 431 ;
3454 361 3555 424 sed

274 456 376 509 tid.
399 469 485 524 ep.
520 453 607 518 10,
640 468 695 507 n.
727 453 816 523 5),
848 468 957 508 non
980 453 1214 510 assecuti
1239 453 1468 511 virtutes
1495 462 1635 517 tuas,
1665 460 1723 506 et
1743 451 1863 506 nul-

274 546 381 600 lam
408 544 474 599 de
504 553 594 597 tua
625 543 678 598 in
707 543 863 598 nobis
890 545 1058 612 stirpe
1084 543 1488 598 similitudinem
1516 540 1865 612 praferentes

274 638 352 706 (a)
390 652 497 706 qua
541 647 992 703 recognoscamur
1021 636 1127 691 tui?
1156 635 1286 702 Quis
1314 651 1414 691 nos
1456 635 1651 704 eripiet
1678 635 1746 689 ab
1784 635 1863 689 ira

272 734 498 780 ventura
523 732 547 761 ε
570 725 595 777 ?
622 725 744 794 quis
770 739 872 779 nos
897 740 929 778 a
957 725 1115 782 nobis
1142 725 1273 795 ipsis
1297 725 1486 780 eruet?
1510 732 1567 779 ut
1590 724 1865 779 emundati

273 833 303 871 a
344 817 590 872 sensibus
612 816 831 881 nostris,
861 817 931 872 ab
957 816 1050 871 ira
1077 817 1313 873 calestis
1348 817 1573 872 materia
1602 816 1706 872 fide
1732 832 1864 885 pur-

272 915 436 976 gante
463 921 780 983 vacuemur.
822 904 879 959 ln
909 905 1066 960 nobis
1091 906 1233 961 enim
1264 906 1440 961 inesse
1459 907 1719 961 sentimus
1737 921 1865 961 cau-

273 1014 363 1053 sas
388 1012 670 1068 poenarum
698 1003 1044 1063 aternarum,
1065 996 1369 1053 viventibus
1396 998 1450 1051 in
1476 997 1641 1052 corde
1680 1005 1866 1053 nostro

274 1087 543 1142 radicibus
570 1087 846 1156 spinarum
890 1094 1054 1155 atque
1077 1087 1421 1141 tribulorum.
1453 1085 1585 1141 Nam
1607 1087 1755 1156 prior
1775 1102 1866 1143 ve-

276 1180 490 1235 tustatis
514 1189 714 1234 nostra
735 1192 1000 1248 propago,
1042 1186 1102 1232 ut
1130 1178 1287 1233 vinea
1317 1179 1698 1243 Sodomorum,
1730 1177 1869 1234 fellis

277 1290 431 1328 uvam
470 1273 681 1329 acerbis
705 1271 938 1328 carnalis
964 1271 1087 1325 vita
1106 1270 1363 1325 fructibus
1391 1270 1705 1340 pneferebat
1733 1270 1782 1335 δ,
1812 1277 1869 1325 et

278 1368 409 1420 iram
438 1364 685 1434 aspidum
713 1363 936 1418 venenis
962 1362 1180 1417 malitia
1205 1362 1357 1417 ebria
1385 1378 1540 1418 mens
1566 1365 1819 1419 vomebat
1850 1381 1864 1416 :

276 1458 367 1511 sed
384 1457 507 1526 fecit
526 1454 675 1509 nobis
700 1470 893 1525 magna
918 1454 1006 1523 qui
1030 1461 1211 1524 potens
1226 1463 1302 1508 est
1328 1464 1382 1507 οε
1409 1455 1550 1509 misit
1574 1455 1638 1509 de
1661 1455 1803 1520 coelo,
1819 1464 1870 1507 et

280 1540 510 1600 liberat-it
529 1563 623 1599 nos
653 1546 677 1580 ά
714 1562 728 1597 :
755 1544 902 1598 misit
926 1557 1026 1613 per
1070 1550 1127 1599 te
1164 1543 1589 1600 misericordiam
1617 1559 1789 1607 suam,
1812 1552 1871 1599 et

277 1638 533 1692 renovavit
554 1636 741 1705 {aciem
763 1643 913 1688 terra
943 1642 968 1673 ο
996 1643 1215 1700 nostra,
1247 1642 1304 1691 et
1330 1634 1457 1691 fecit
1484 1635 1869 1705 plantationem

1963 450 2231 507 custodiat
2254 452 2497 508 excubiis
2522 453 2829 509 orationum
2858 461 3073 508 tuarum
3100 454 3283 521 gratia
3306 469 3416 509 sua
3433 469 3553 509 mu-

1964 558 2066 597 nus
2099 543 2153 596 in
2182 543 2366 608 nobis;
2408 550 2465 598 et
2497 545 2868 613 operationem
2915 559 3173 598 manuum
3203 550 3413 598 tuarum
3441 559 3563 602 non.

1964 635 2181 689 omittat
2207 634 2261 687 in
2293 634 2467 698 nobis,
2498 634 2674 691 donec
2708 644 2942 690 maturet
2961 642 3018 691 et
3046 633 3289 705 perficiat
3308 633 3377 688 de
3400 634 3555 689 nobis

1968 724 2200 779 fructum
2228 730 2283 778 et
2309 738 2566 779 coronam
2589 725 2717 789 tibi;
2748 733 2806 779 ut
2827 726 2879 779 in
2911 726 2997 779 illa
3030 724 3116 779 die
3142 723 3365 778 veniens
3391 722 3446 776 in
3467 737 3556 776 ex-

1966 813 2279 877 sultatione,
2311 823 2367 869 et
2392 815 2603 885 repleto
2630 816 2748 869 sinu
2776 823 2999 884 portans
3023 813 3326 883 manipulos
3354 820 3475 867 tuos
3507 820 3555 876 ⁸,

1966 909 2140 979 possis
2162 907 2323 961 etiam
2344 906 2411 961 de
2434 906 2589 961 nobis
2617 908 2671 961 in
2700 916 2791 961 tua
2812 907 2964 976 prole
2983 913 3039 962 et
3065 920 3239 962 messe
3262 904 3334 976 te)
3362 917 3554 959 nume-

1967 1000 2100 1054 ratis
2127 999 2339 1053 dicere:
2369 996 2505 1051 Ecce
2527 1014 2639 1068 ego,
2668 998 2905 1063 Domine,
2927 1006 2977 1051 et
3004 998 3150 1067 pueri
3174 1012 3301 1067 quos
3320 998 3339 1028 9
3365 994 3557 1048 dedisti

1967 1089 2095 1143 mihi
2122 1090 2165 1143 ι.
2189 1086 2299 1141 Sed
2316 1086 2429 1155 jam
2453 1086 2709 1141 admonet
2732 1094 2908 1141 metus
2933 1086 3261 1154 fatigationis
3280 1092 3412 1147 tua;
3446 1098 3555 1137 non

1968 1179 2141 1235 solum
2170 1185 2380 1242 autem,
2432 1176 2528 1231 sed
2555 1185 2612 1231 et
2640 1184 2813 1231 metus
2835 1177 3071 1246 peccati,
3100 1175 3244 1245 quod
3280 1174 3348 1229 de
3374 1174 3558 1227 multi-

1969 1269 2155 1339 loquio
2183 1281 2293 1320 non
2322 1265 2573 1334 effugitur
2602 1274 2650 1330 ιι,
2674 1274 2735 1320 ιιι
2763 1266 3101 1336 imponamus
3128 1262 3338 1318 frenum
3361 1263 3442 1317 ori
3458 1278 3557 1316 no-

1968 1371 2105 1425 stro,
2127 1372 2183 1419 et
2206 1364 2404 1418 ostium
2428 1364 2579 1420 verbi
2612 1365 2797 1431 ',licet
2818 1363 2990 1428 tardo,
3014 1361 3254 1431 epistola
3282 1358 3389 1413 ﬁne
3415 1358 3558 1412 clau—

1968 1453 2179 1509 damus.
2207 1453 2289 1509 Sit
2315 1456 2470 1511 nobis
2496 1456 2735 1510 clausula
2763 1447 3160 1511 commendatio
3199 1449 3555 1514 Cardamatis,

1970 1560 2130 1614 quem
2152 1547 2485 1615 gratulamur
2506 1549 2573 1603 de
2599 1547 2977 1603 benedictione
2996 1560 3184 1600 manus
3204 1552 3310 1598 tua
3336 1541 3410 1595 ita
3438 1554 3559 1595 esse

1971 1645 2311 1703 renovatum,
2343 1644 2403 1692 ut
2449 1638 2502 1692 in
2533 1652 2600 1693 eo
2628 1644 2755 1692 ante
2786 1635 3065 1691 ridiculam
3098 1633 3297 1688 mimici
3326 1629 3560 1686 nominis

278 1738 422 1782 tuam
448 1741 571 1781 esse
600 1740 699 1780 nos
725 1725 828 1780 sibi
857 1725 911 1779 in
935 1725 1093 1780 vinea
1122 1740 1239 1781 sua.
1269 1725 1583 1797 Propterea,
1604 1735 1760 1797 pater
1775 1727 1871 1782 be-
1898 1722 1947 1782 B
1974 1725 2267 1793 levitatem,
2291 1743 2435 1783 nunc
2459 1735 2696 1783 assumta
2720 1728 2788 1782 de
2818 1727 3103 1782 exorciSta
3131 1724 3350 1779 nomine
3376 1722 3557 1791 gravi-

274 1820 493 1875 nedicte
524 1827 582 1873 et
624 1816 1105 1885 venerandissime,
1150 1818 1361 1888 perpeti
1400 1833 1528 1873 cura
1573 1827 1628 1872 et
1655 1816 1871 1872 assidua

273 1922 441 1979 prem
459 1906 641 1961 dicere
658 1913 709 1960 te
730 1913 949 1975 oportet
964 1906 1213 1970 Domino,
1236 1915 1296 1961 ut
1317 1907 1568 1977 respiciat
1582 1906 1651 1962 de
1671 1908 1810 1963 calo
1828 1908 1868 1973 ⁸,

274 2008 330 2053 et
385 1998 569 2051 visitet
620 1996 757 2051 vites
801 1996 933 2051 istas
970 2012 1106 2066 quas
1144 1999 1406 2068 plantavit
1430 1998 1652 2054 dextera
1680 2008 1773 2054 tua
1806 1997 1825 2037 ί
1854 2016 1871 2066 ;

277 2100 338 2146 ut
364 2090 513 2143 affixi
541 2089 596 2144 in
640 2103 770 2144 vera
798 2089 928 2155 vite,
962 2090 1205 2147 vivamus
1229 2106 1338 2146 non
1367 2090 1435 2145 ad
1464 2092 1643 2159 ignem
1679 2107 1874 2162 ampu-

278 2179 465 2246 tanda,
491 2178 587 2234 sed
607 2179 674 2233 ad
695 2177 928 2235 fructum
952 2180 1190 2250 putanda
1229 2189 1519 2235 sarmenta.
1554 2182 1711 2252 106
1738 2181 1877 2236 Diri-

279 2280 377 2341 gat
404 2287 504 2328 nos
530 2273 665 2341 ipse,
694 2271 787 2341 qui
828 2272 944 2325 vitis
982 2279 1032 2325 et
1071 2274 1174 2325 vita
1194 2281 1271 2326 est
1300 2282 1345 2337 8,
1377 2273 1431 2327 in
1459 2288 1675 2328 omnem
1716 2273 1880 2329 disci-

280 2363 445 2431 plina
472 2376 584 2415 sua
612 2362 852 2429 regulam
874 2361 1136 2428 veritatis,
1160 2362 1339 2432 rigans
1380 2377 1479 2417 nos
1506 2362 1571 2417 de
1597 2365 1879 2435 superiori-

280 2454 376 2507 bus
397 2455 507 2506 suis
540 2453 567 2488 δ
599 2467 697 2522 per
723 2452 937 2521 eloquia
965 2462 1055 2506 tua
1080 2460 1229 2508 casta
1256 2462 1312 2507 et
1354 2454 1461 2523 pia,
1494 2463 1549 2508 et
1575 2463 1683 2509 tam
1711 2456 1878 2526 ignita

282 2561 446 2614 quam
491 2544 688 2600 dulcia.
737 2544 1031 2600 Sermones
1077 2544 1220 2599 enim
1268 2544 1347 2599 tui
1392 2552 1557 2614 gutta
1584 2553 1710 2601 sunt
1737 2546 1881 2602 illius

282 2638 471 2706 pluria
516 2636 851 2701 voluntaria,
900 2650 1062 2704 quam
1090 2637 1375 2706 segregavit
1420 2634 1562 2691 Deus
1610 2636 1883 2691 hereditati

285 2746 397 2784 aa:
424 2729 462 2792 ί,
489 2729 581 2797 qui
609 2728 888 2784 descendit
913 2728 968 2781 in
991 2728 1165 2783 vellus
1195 2726 1291 2797 (V.
1315 2742 1483 2782 carm.
1514 2726 1606 2790 22,
1636 2742 1689 2781 v.
1716 2726 1878 2794 157),

290 2822 460 2876 tacito
484 2820 693 2876 scilicet
720 2819 774 2873 in
819 2818 1092 2887 Virginem
1123 2818 1273 2873 fusus
1300 2818 1527 2888 allapsu.
1556 2817 1676 2887 Ipse
1721 2825 1804 2872 est
1827 2817 1883 2872 in

284 2910 447 2978 cujus
466 2910 752 2965 stillicidiis
770 2909 1015 2963 latamur
1045 2910 1060 2959 i
1076 2947 1092 2973 ,
1116 2924 1239 2964 cum
1259 2908 1505 2963 exoritur
1531 2909 1583 2962 in
1614 2908 1799 2974 nobis;
1829 2915 1887 2962 et

281 3003 524 3056 animam
548 3008 917 3055 renascentem
943 3000 1117 3071 primo
1136 3000 1340 3056 notitia
1363 3016 1474 3056 sua
1493 3016 1616 3056 rore
1639 3000 1881 3066 distillat,

1973 1823 2058 1871 tas
2086 1820 2448 1873 reverentiam
2489 1820 2717 1875 dederit.
2767 1818 2935 1888 Magis
2964 1827 3144 1872 tamen
3194 1816 3464 1881 admirati,
3494 1830 3561 1869 eo

1969 1909 2140 1977 gavisi
2166 1925 2370 1979 sumus,
2401 1910 2548 1979 quod
2594 1910 2758 1965 etiam
2790 1909 3029 1978 pristina
3061 1906 3386 1962 conditionis
3413 1906 3563 1971 inge-

1972 2001 2120 2055 nium
2144 2000 2398 2067 religioso
2429 2000 2657 2054 mutavit
2681 1998 2860 2054 ofﬁcio
2887 2016 2900 2051 :
2933 2012 3055 2051 nam
3081 1995 3328 2050 assiduus
3348 2008 3564 2046 mensu-

1974 2090 2039 2145 la
2061 2098 2259 2145 nostra
2288 2090 2581 2159 particeps,
2612 2089 2686 2143 ita
2713 2103 2773 2143 se
2801 2088 2869 2142 ad
2897 2101 3207 2141 mensuram
3235 2083 3405 2138 nostri
3445 2089 3563 2149 gut-

1975 2181 2111 2236 turis
2135 2180 2384 2243 aretavit,
2419 2188 2600 2234 utnec
2619 2179 2860 2234 oluscula
2880 2192 2983 2232 nec
3010 2176 3203 2246 pocula
3232 2182 3417 2228 nostra
3435 2172 3565 2225 vita~

1976 2273 2146 2338 verit;
2172 2273 2316 2341 quod
2369 2271 2570 2342 poterit
2622 2272 2773 2340 107
2816 2268 3186 2324 attenuatione
3213 2266 3296 2321 sui
3324 2264 3565 2333 corporis

1978 2371 2035 2419 et
2060 2364 2170 2419 oris
2224 2363 2430 2433 pallore
2460 2360 2647 2416 testari
2681 2378 2694 2413 :
2740 2360 2845 2413 nisi
2879 2374 2938 2414 se
2967 2357 3128 2425 forte,
3169 2357 3295 2411 dum
3339 2360 3564 2415 remeat,

1977 2467 2077 2523 per
2101 2453 2204 2507 iter
2224 2452 2576 2516 laboriosum,
2605 2455 2899 2504 retractata
2930 2461 3151 2503 suorum
3179 2443 3448 2516 quondam
3473 2456 3566 2497 ca-

1979 2544 2142 2600 licum
2165 2543 2548 2608 familiaritate,
2580 2540 2913 2610 reparaverit
2943 2539 3044 2611 (ά).

2483 2692 2817 2751 EPISTOLA
2854 2694 2873 2715 ‘
2902 2690 3021 2746 XX.

1984 2788 2245 2859 Delphina
2260 2789 2445 2859 scribit
2475 2787 2538 2841 de
2560 2784 2831 2859 Anastasii
2863 2782 3089 2859 _Romani
3121 2778 3381 2859 pontificis
3401 2775 3571 2859 δβνερ

2056 2845 2186 2911 πὶήὶ
2218 2858 2624 2912 Mediolanensis
2654 2854 2910 2922 antistitis
2931 2868 3055 2922 erga
3083 2845 3138 2922 se
3165 2845 3401 2922 caritate.
3435 2845 3571 2922 Gra—

2060 2928 2251 2981 tulatur
2271 2929 2333 2981 de
2353 2927 2561 2998 condita
2577 2921 2913 2998 Alingonensi
2930 2917 3195 2998 Ecclesia,
3210 2927 3258 2998 et
3286 2917 3575 2998 digreditur

2058 2998 2129 3050 ad
2153 2998 2395 3067 templum
2418 2994 2687 3065 spirituale
2701 2986 2845 3063 quod
2872 2997 3013 3060 optat
3037 2990 3092 3043 in
3120 3004 3174 3042 se
3217 2987 3351 3056 ﬁeri,
3382 2996 3439 3039 ut
3477 2986 3576 3037 ha-

283 3103 346 3144 ut
373 3098 527 3143 sanet
554 3105 727 3143 omnes
752 3065 1028 3160 languores
1050 3098 1256 3144 nostros
1285 3088 1336 3145 ιι.
1370 3089 1483 3145 Ros
1514 3090 1657 3145 enim
1700 3091 1791 3161 qui
1822 3065 1881 3145 ab

2067 3065 2309 3121 bitetur'a
2336 3065 2562 3121 Christo.

285 3178 385 3235 illo
416 3188 523 3245 est,
553 3180 759 3235 sanitas
778 3188 862 3235 est
886 3181 1075 3246 nobis;
1107 3181 1233 3249 quia
1264 3181 1379 3251 ipse
1400 3189 1484 3236 est
1512 3183 1630 3253 fons
1658 3184 1776 3237 vita:
1799 3182 1891 3252 qui

284 3276 438 3328 misit
475 3273 692 3328 Verbum
710 3290 881 3337 suum,
906 3283 955 3329 et
977 3277 1180 3329 sanavit
1203 3291 1296 3329 nos
1325 3273 1367 3328 ί.
1386 3274 1501 3331 Hoc
1522 3275 1616 3330 Dei
1632 3275 1888 3341 Verbum,

285 3363 358 3417 de
389 3377 503 3430 quo
544 3361 723 3431 pluvia
765 3363 1072 3418 voluntaria
1101 3370 1216 3429 est;
1254 3364 1382 3433 quia
1423 3379 1531 3419 non
1572 3365 1893 3420 necessitate

286 3452 562 3520 subjecti,
588 3451 684 3507 sed
712 3452 805 3507 Dei
830 3453 1054 3521 aqualis
1084 3468 1339 3519 assensu,
1380 3456 1435 3510 et
1462 3455 1680 3525 pietatis
1715 3453 1893 3510 officio

288 3542 538 3595 obediens
570 3541 711 3596 Patri
750 3540 920 3597 Filius
968 3542 1256 3597 humiliavit
1280 3560 1337 3598 se
1374 3561 1533 3615 usque
1570 3545 1640 3598 ad
1678 3553 1891 3599 mortem

291 3635 467 3687 crucis
488 3642 549 3698 ω,
573 3634 711 3688 sicut
731 3633 942 3689 dixerat
961 3650 1059 3705 per
1084 3637 1404 3706 prophetam
1429 3655 1443 3691 :
1480 3637 1783 3692 Votuntarie
1805 3654 1892 3690 sa-

292 3725 548 3795 criﬁcabo
577 3726 667 3780 tibi
698 3736 746 3781 ιι.
781 3727 915 3794 Quia
938 3729 1078 3783 idem
1106 3728 1363 3785 Dominus
1379 3730 1633 3786 sacerdos
1657 3737 1713 3784 et
1734 3730 1891 3784 victi-

292 3830 386 3868 ma
407 3818 759 3886 semetipsum
782 3831 881 3887 pro
902 3819 1060 3873 nobis
1080 3820 1294 3886 obtulit,
1315 3828 1371 3875 et
1388 3822 1605 3890 propria
1626 3826 1891 3890 potestate

292 3905 538 3958 animam
562 3920 712 3959 suam
742 3907 995 3976 deposuit
1023 3915 1080 3963 et
1108 3910 1363 3964 resumsit
1393 3918 1439 3963 ο.
1470 3908 1538 3962 Ει
1561 3909 1683 3965 ideo
1711 3910 1891 3979 pluvia

295 3997 416 4049 hac
446 3995 770 4064 voluntaria,
821 4012 941 4067 qua
986 4014 1045 4055 se
1096 4008 1288 4070 sponte
1334 3998 1571 4070 profudit
1616 3999 1894 4055 arentibus

294 4086 485 4151 terris,
517 4095 579 4140 ut
605 4098 832 4157 poneret
859 4090 1137 4145 desertum
1166 4092 1221 4147 in
1270 4090 1489 4147 flumina
1525 4103 1571 4146 Γ.
1609 4093 1894 4158 Quomodo

295 4183 490 4231 autem
520 4177 787 4232 infirmata
814 4180 906 4245 sit,
936 4180 1096 4236 docet
1121 4181 1209 4237 ille
1237 4184 1329 4253 qui
1353 4183 1485 4238 dicit
1511 4185 1530 4215 ⁷
1557 4201 1570 4237 :
1603 4184 1893 4254 Cruci/imus

294 4276 377 4318 est
409 4266 549 4319 enim
578 4284 641 4320 ex
666 4268 974 4337 inﬁrmitate
1001 4280 1029 4320 (ι
1054 4288 1069 4324 :
1101 4278 1155 4325 et
1180 4272 1453 4341 quomodo
1499 4271 1811 4329 confirmata
1841 4282 1897 4329 et

300 4355 383 4424 (ὁ)
414 4356 591 4424 posita
619 4358 707 4424 sit,
740 4360 793 4413 in
816 4360 1007 4415 eodem
1036 4361 1232 4429 habes;
1255 4364 1530 4433 quoniam,
1562 4365 1755 4434 inquit,
1778 4367 1897 4421 vivit

294 4463 369 4500 ea:
390 4448 580 4500 virtute
608 4447 704 4502 Dei
736 4460 782 4503 ι’.

1929 4428 1978 4487 D

2064 3178 2386 3234 Beatissimo
2410 3185 2466 3231 et
2488 3175 2562 3245 (e)
2585 3172 2781 3228 merito
2801 3165 3095 3226 venerabili
3123 3166 3285 3237 patri,
3309 3164 3579 3219 Dstrnmo

1992 3272 2278 3328 PAULINUS.

2064 3387 2116 3440 1.
2148 3383 2446 3454 Oportebat
2473 3382 2689 3451 quidem
2713 3395 2813 3434 nos
2838 3379 3115 3449 sapientia
3143 3374 3441 3432 doctrinam
3469 3386 3581 3426 ser~

1993 3484 2199 3541 vantes,
2218 3473 2405 3543 jugum
2436 3472 2629 3540 lingua
2651 3478 2848 3525 nostra
2878 3478 2933 3524 et
2969 3476 3228 3523 stateram
3274 3463 3452 3518 verbis
3482 3462 3583 3515 im-

1991 3582 2197 3641 ponere
2227 3576 2277 3634 ι,
2300 3573 2358 3619 ut
2387 3572 2443 3619 et
2470 3564 2537 3618 de
2567 3563 2905 3630 mnltiloquio
2945 3570 3131 3615 nostro
3159 3566 3215 3613 et
3242 3556 3309 3610 de
3347 3564 3435 3609 tua
3459 3552 3584 3605 fati-

1991 3659 2212 3729 gatione
2258 3654 2639 3724 geminandum
2686 3653 2842 3705 nobis
2888 3657 3167 3719 peccatum
3212 3645 3582 3699 evaderemus.

1992 3749 2098 3804 Sed
2125 3749 2193 3803 de
2239 3744 2566 3801 abundantia
2615 3742 2856 3797 caritatis
2897 3749 3000 3794 tua
3042 3755 3105 3793 os
3150 3744 3393 3792 nostrum
3436 3734 3504 3787 ad
3532 3740 3587 3787 to

1993 3839 2255 3893 dilatatur
2283 3845 2332 3901 1,
2365 3847 2541 3902 neque
2586 3846 2872 3902 possumus
2900 3828 3146 3884 affectum
3177 3826 3245 3881 de
3278 3823 3589 3894 praeordiis

1994 3930 2405 3992 exuberantem,
2432 3924 2684 3979 obserato
2727 3921 2838 3976 oris
2876 3919 3016 3975 ostio
3034 3960 3051 3984 ,
3082 3918 3223 3971 intra
3245 3912 3480 3986 pectoris
3508 3925 3588 3965 ta-

1994 4019 2089 4075 citi
2116 4018 2348 4072 claustra
2403 4013 2676 4069 cohibere.
2711 4009 3006 4078 Loquimur
3029 4008 3046 4040 ¹
3074 4019 3205 4089 ergo
3253 4003 3321 4058 ad
3360 4015 3587 4057 venera-

1996 4111 2197 4164 tionem
2227 4117 2372 4161 tuam
2418 4112 2473 4160 et
2509 4103 2613 4158 alia
2642 4101 2902 4172 epistola;
2929 4098 3054 4168 quia
3086 4096 3187 4150 etsi
3217 4109 3318 4149 una
3340 4093 3451 4161 illa,
3480 4106 3588 4159 qua

1995 4200 2391 4270 rescripsimus,
2423 4205 2534 4251 tam
2565 4195 2771 4265 prolixa
2801 4200 2902 4258 est,
2936 4197 2993 4244 ut
3012 4186 3244 4243 suflieiat
3271 4194 3321 4240 te
3348 4193 3593 4239 saturare

2000 4293 2247 4358 fastidio;
2272 4299 2453 4345 tamen
2483 4286 2639 4343 nobis
2667 4284 2983 4352 longissimo
3002 4324 3018 4350 ,
3041 4289 3098 4334 ut
3121 4275 3482 4345 recognoscis,
3509 4274 3592 4327 in-

2002 4384 2228 4441 tervallo
2259 4390 2561 4451 temporum
2600 4374 2989 4447 accipientibus
3034 4370 3300 4438 colloquia
3358 4374 3483 4432 tua,
3536 4373 3597 4419 et

2004 4483 2186 4532 nostra
2215 4468 2594 4533 reddentibus;
2624 4482 2813 4538 parum
2836 4471 2920 4521 est
2947 4477 3053 4517 una
3080 4460 3147 4515 ad
3176 4467 3229 4513 te
3251 4457 3477 4527 epistola
3506 4455 3592 4509 lo-

378 4538 431 4591 4·
467 4537 623 4593 Hunc
653 4548 709 4594 ίυ
738 4541 1022 4597 Dominum
1051 4560 1145 4599 οη
1173 4545 1345 4602 ἀοηθε
1370 4563 1584 4617 exores.
1616 4559 1676 4604 ιη
1700 4551 1900 4606 vellera
2003 4565 2115 4635 qui.
2146 4563 2345 4617 Damus
2388 4559 2531 4615 enim
2578 4537 2705 4612 hinc
2732 4555 2924 4609 anima
2953 4558 3150 4606 nostra
3187 4546 3406 4616 aliquod
3425 4586 3440 4611 ,
3490 4545 3595 4601 etsi

295 4636 515 4692 nostra,
538 4631 733 4697 quain
762 4646 901 4700 aqua
928 4633 1235 4693 refectionis
1256 4639 1345 4709 (id
1372 4650 1449 4694 est
1467 4640 1752 4713 baptismi)
1784 4660 1901 4698 ma-

2007 4666 2185 4720 tenue,
2218 4654 2504 4717 solatium;
2534 4658 2595 4705 ut
2618 4649 2750 4704 dum
2772 4647 2839 4702 ad
2859 4645 3197 4701 affectionem
3225 4650 3371 4695 tuam
3388 4642 3597 4695 litteras

300 4716 473 4772 nibus
504 4719 607 4775 tuis
633 4719 788 4787 lavit,
821 4737 928 4776 non
960 4724 1193 4793 patiatur
1219 4727 1415 4783 iterum
1444 4732 1680 4800 peccatis
1702 4735 1881 4789 nostri

2006 4716 2251 4809 facimus,
2284 4751 2399 4798 toto
2427 4743 2482 4797 in
2504 4741 2695 4797 faciem
2725 4749 2872 4795 tuam
2918 4736 3083 4793 corde
3111 4733 3293 4797 deﬁxi,
3324 4732 3503 4787 subito
3541 4740 3598 4784 te

296 4809 582 4866 maculata
624 4812 964 4881 sordescere,
1004 4824 1060 4872 et
1106 4834 1291 4876 rursus
1327 4821 1380 4876 in
1425 4823 1754 4892 pbanicium
1805 4830 1898 4899 (at.

2010 4835 2390 4892 obliviscamur
2417 4834 2717 4898 absentem,
2747 4839 2803 4885 et
2830 4838 3102 4897 tamquam
3131 4826 3185 4880 in
3213 4824 3492 4896 praseutis
3521 4822 3601 4876 al«

382 4946 767 5031 l'I‘I‘attliattﬂ:
842 4948 1340 5031 lfDettt:xxxn,§_2.
1414 4969 1443 5031 Ac
1463 4959 1593 5031 _Luc.
1618 4961 1757 5026 1,49.
1834 4965 2220 5031 dPsal.1.v1,ti.
2303 4963 2719 5027 el’sal.cm,50.
2802 4958 3275 5031 ‘Psal.LXXJXJ5-
3355 4957 3597 5031 εἶοὴθῃ·

300 5032 426 5089 xlv,
444 5017 501 5081 6,
527 5027 583 5072 et
608 5035 697 5089 εν,
728 5019 780 5089 1.
816 5088 833 5089 7
858 5019 881 5055 ιι
916 5019 1055 5076 Psal.
1088 5017 1324 5089 cm,'l3.

306 5086 453 5161 ffsal.
488 5102 556 5141 cn
576 5129 592 5153 ,
613 5086 675 5161 _5.
760 5088 953 5161 [Pisa].
980 5107 1141 5161 xxxv,
1176 5086 1262 5158 l0;
1290 5112 1394 5161 ενι,
1425 5098 1513 5151 20.

301 5156 435 5209 Cor.
460 5172 573 5222 xm,
597 5156 652 5210 4.
733 5169 754 5196 ι’
780 5158 913 5213 Ibid.

304 5234 329 5261 ι
371 5225 541 5280 Eccli.
576 5243 762 5285 xxvm.
794 5228 847 5281 2.
926 5239 955 5278 γ
984 5230 1028 5284 ll
1058 5234 1183 5288 Cor.
1216 5240 1287 5296 vi,
1321 5225 1408 5290 11.

383 5344 401 5361 ⁶
431 5342 585 5426 Alias
611 5342 714 5426 ili;
756 5360 893 5426 .qua
920 5356 1098 5403 autem
1126 5348 1198 5426 20_
1225 5360 1361 5417 erat,
1403 5369 1544 5409 nunc
1572 5354 1657 5408 '56.
1689 5354 1901 5426 Scripta

302 5428 455 5489 anno
482 5411 587 5489 490
614 5422 670 5489 et
696 5411 859 5489 missa
880 5432 1001 5489 cum
1021 5421 1317 5489 superiore.

384 5483 462 5542 aa)
504 5481 594 5565 Sic
623 5481 721 5562 bis.
759 5483 910 5565 Yien.
954 5481 1104 5543 Ante'
1134 5500 1455 5565 erat‘quare
1508 5510 1900 5565 cognoscamur.

301 5550 595 5632 Praecessit
619 5551 729 5632 jam
756 5554 812 5632 in
834 5555 917 5609 die
938 5550 1323 5632 recognition“;

387 5618 462 5689 ψ)
506 5619 711 5675 Pusita.
745 5625 827 5679 An
855 5618 1129 5695 perfecti?
1166 5631 1435 5687 Alluditur
1463 5634 1605 5690 enim
1647 5635 1712 5692 ad
1740 5637 1891 5700 psal-

1410 5026 1603 5099 iil’sal.
1637 5048 1813 5098 vau,
1846 5036 1934 5090 10.
2015 5041 2027 5085 f
2071 5026 2212 5088 Psal.
2249 5052 2390 5099 Lstv,
2419 5035 2478 5087 11
2504 5052 2518 5099 ;
2548 5026 2692 5088 PSal.
2729 5030 2959 5096 an,6.
3040 5030 3061 5099 ξι
3092 5030 3213 5083 lsai.
3249 5028 3425 5099 uti.)
3449 5036 3503 5081 et

1591 5110 1629 5172 ιξι
1656 5095 1808 5172 Phil.
1826 5121 1881 5167 ιι,

2048 5115 2072 5141 ιι
2106 5103 2247 5159 Psal.
2273 5095 2395 5172 Lm,
2417 5104 2470 5158 8.
2506 5095 2514 5099 ’
2549 5104 2712 5158 °Joh.
2740 5120 2794 5169 χ,
2818 5102 2905 5155 18.
2982 5098 3311 5172 aps-31.9w,
3335 5097 3424 5152 35.
3502 5095 3604 5172 thl

996 5172 1027 5241 ᾗ.
1049 5160 1191 5241 lisal.
1221 5160 1387 5241 cxxv,
1414 5168 1466 5221 6.
1548 5170 1565 5205 ί
1604 5167 1725 5225 lsai.
1759 5160 1879 5240 vm,

1994 5215 2003 5230 .
2082 5184 2107 5211 υ
2142 5174 2305 5231 Prov.
2336 5160 2403 5241 x',
2436 5173 2525 5229 19.
2606 5185 2628 5211 ν
2660 5160 2805 5228 Ρεθῐ.
2835 5188 2957 5235 est,
2993 5171 3055 5237 5;
3087 5169 3252 5226 Eccli.
3285 5185 3476 5233 xxvm,
3508 5165 3600 5218 28.

2012 5373 2159 5412 mum
2191 5375 2331 5429 μνη
2358 5378 2369 5412 :
2406 5358 2473 5413 Et
2493 5359 2760 5429 inﬁrmata
2782 5368 2898 5424 est;
2930 5368 2982 5412 tu
2999 5372 3115 5412 vero
3136 5355 3396 5427 ρει-[εὼιί
3422 5370 3557 5408 eam.

2087 5429 2155 5495 (ε)
2196 5428 2295 5482 Ms.
2318 5429 2515 5495 Vatic.,
2549 5428 2847 5484 numerans.

2088 5483 2174 5568 td)
2204 5483 2531 5568 educaui,
2551 5499 2736 5554 Schot.
2752 5508 2807 5553 et
2822 5498 2984 5554 Rosv.
3000 5494 3413 5568 addunti’aleto,
3436 5501 3603 5560 pater.

2090 5564 2163 5631 te)
2202 5567 2299 5621 Ms.
2335 5569 2511 5632 Vien.,
2540 5569 2843 5624 Beatissimo
2872 5580 2921 5624 et
2949 5564 3225 5624 venerabili
3245 5602 3265 5629 ,
3284 5578 3478 5631 semper
3508 5580 3607 5617 na:-

2017 5638 2097 5692 bis
2130 5638 2587 5703 desideratissimo,
2621 5650 2726 5695 etc.
