3966 6184
570 299 671 352 2ίῖ

1674 290 1729 346 S.
1771 286 2045 342 PAULINI
2082 286 2331 342 NOLANI
2370 286 2667 343 EPlSCOPi

3707 295 3798 352 248

568 414 752 483 loquio
780 384 1159 471 demorantes,
1204 407 1415 475 longius
1460 402 1619 459 verba
1659 405 1917 459 ducamus
1948 422 1961 456 :
2007 403 2147 457 unde
2176 406 2225 462 Α
2250 403 2411 456 etiam
2443 403 2508 457 ad
2537 404 2769 457 natalem
2797 403 2889 472 (V.
2924 410 3035 457 not.
3069 404 3159 475 65)
3190 420 3366 473 suum,
3386 406 3528 477 quod
3548 424 3800 467 consacer-

565 506 883 572 tlagrantem
931 500 1316 557 desideriorum
1363 504 1670 551 nostrorum
1717 495 1882 560 sitim,
1914 496 2013 548 etsi
2042 509 2149 547 non

568 594 969 661 restinguimus,
1000 591 1124 660 quia
1154 604 1253 643 nec
1276 586 1491 657 expedit
1528 586 1684 639 nobis
1703 627 1716 649 ,
1739 593 1917 638 tamen
1948 600 2147 653 propo-

568 686 669 739 sita
694 682 1035 736 interioribus
1056 680 1223 734 oculis
1244 685 1567 748 conSpeetus
1595 684 1754 743 atque
1775 674 2029 742 colloquii
2070 675 2148 728 tui

569 776 801 843 imagine
848 774 1172 841 mitigamus.
1202 770 1333 824 Nam
1377 771 1477 823 etsi
1515 769 1850 839 prolongatus
1899 767 2146 821 videatur

564 866 820 919 incolatus
868 872 1041 916 noster
1069 871 1126 925 ι,
1158 876 1187 913 a
1219 861 1349 915 locis
1397 859 1741 913 habitationis
1787 866 1922 920 tum,
1965 866 2146 909 tamen

567 955 784 1023 spiritus
804 968 910 1006 non
940 959 1026 1005 est
1044 958 1323 1019 separatus
1338 964 1366 1001 a
1393 947 1677 1017 complexu
1700 946 1999 1000 dilectionis
2023 953 2141 997 tum.

570 1043 697 1108 Quis
725 1043 885 1105 enim,
932 1042 1124 1109 inquit,
1146 1057 1239 1093 nos
1266 1038 1523 1109 separabit
1545 1055 1577 1090 a
1601 1038 1817 1089 caritate
1843 1035 2068 1089 Christi?
2085 1028 2144 1088 Si

567 1140 591 1171 ³
636 1152 796 1209 neque
841 1150 1012 1196 mors,
1062 1149 1223 1203 neque
1277 1134 1411 1197 vita,
1454 1146 1614 1199 neque
1655 1129 1761 1182 alia
1804 1138 2041 1180 creatura
2091 1124 2140 1191 ι’,

566 1236 769 1297 quanto
805 1226 980 1279 minus
1024 1224 1266 1277 absentia
1303 1221 1631 1290 corporalis,
1658 1234 1779 1286 qua:
1826 1233 1932 1271 non
1964 1224 2145 1285 potest

563 1316 902 1385 przesentiam
928 1313 1223 1383 spiritalem
1253 1312 1500 1366 solvere?
1536 1308 1671 1375 Quia
1712 1316 1914 1376 quanto
1955 1304 2144 1361 fortior

565 1420 728 1461 carne
756 1413 839 1459 est
866 1404 1113 1473 spiritus,
1148 1408 1298 1455 tanto
1341 1402 1520 1469 potior
1564 1408 1648 1456 est
1686 1397 1993 1465 conjunctio
2020 1397 2140 1450 ani-

564 1511 773 1549 morum
825 1509 986 1562 quam
1040 1508 1353 1562 corporum,
1407 1501 1463 1547 et
1500 1491 1811 1545 interiorum
1866 1488 2139 1542 hominum

564 1584 847 1653 praesentia
877 1584 1068 1647 melior
1112 1583 1469 1638 exterioribus
1520 1580 1811 1651 separatis;
1854 1578 1945 1646 qui
2000 1590 2141 1644 smpe

563 1673 679 1728 sine
705 1689 867 1727 causa
892 1673 1187 1741 junguntur
1215 1674 1365 1737 locis,
1396 1673 1440 1727 si
1488 1672 1755 1725 mentibus
1799 1674 2134 1736 separentur.

2254 492 2467 547 dotibus
2500 493 2589 562 (id
2609 501 2685 545 est
2712 492 3089 564 suﬂ‘raganeis)
3121 497 3232 550 suis
3271 504 3475 551 tantum
3503 498 3700 555 deferre
3723 519 3800 555 so«

2253 580 2347 645 let,
2379 582 2604 637 invitare
2634 582 2887 649 dignatus
2932 592 3015 636 est
3047 602 3058 635 :
3092 600 3192 639 nec
3229 585 3462 642 offensus
3490 598 3569 642 est
3594 605 3799 646 excusa-

2253 672 2399 725 tione
2428 681 2647 735 nostra;
2681 673 2777 726 sed
2822 672 3057 727 ofﬁcium
3085 676 3353 730 sermonis
3380 680 3565 745 nostri,
3595 683 3727 748 quod
3752 685 3798 737 in

2251 760 2420 814 vicem
2451 762 2745 828 prtesentia:
2773 761 3690 838 reddideramus,acceptans.animo
3716 786 3802 825 nos

2250 860 2477 921 paterno
2531 861 2587 907 et
2640 854 2891 907 absentes
2942 856 3161 924 recepit.
3195 856 3434 925 Denique
3481 859 3526 913 si
3570 858 3801 915 Dominus

2248 952 2602 996 commeatum
2635 944 2655 1014 (
2680 943 2739 997 V.
2784 951 2898 997 not.
2932 943 3038 1015 64)
3064 945 3364 1011 donaverit,
3395 956 3453 1001 ut
3479 948 3545 1003 ad
3571 965 3686 1004 eum
3713 954 3800 1006 usi-

2247 1039 2360 1084 tato
2389 1033 2703 1085 solemnitcr
2724 1034 2880 1088 nobis
2905 1040 3147 1102 tempore
3176 1050 3528 1102 recurramus,
3553 1055 3703 1108 spero
3726 1058 3801 1097 me

2246 1118 2312 1173 ad
2359 1122 2699 1175 sanctitatem
2730 1130 2877 1175 tuam
2908 1124 2956 1176 ei
3010 1124 3216 1179 litteras
3243 1135 3581 1194 exacturum,
3626 1130 3799 1200 quibus

2244 1210 2407 1263 etiam
2433 1211 2529 1263 tibi
2557 1226 2657 1264 nos
2684 1212 2900 1281 incipiat
2928 1215 3329 1269 commendare.

2313 1298 2366 1352 5.
2400 1298 2812 1356 Mediolanensis
2866 1318 3083 1371 quoque
3129 1305 3413 1375 episcopus
3462 1325 3645 1378 novus,
3680 1313 3797 1370 illius

2241 1396 2419 1443 vester
2444 1390 2735 1458 hucusque,
2769 1408 2909 1446 nunc
2930 1391 3095 1447 frater
3117 1394 3394 1462 Venerius,
3413 1398 3524 1466 jam
3538 1402 3796 1471 scripserat

2241 1481 2398 1535 nobis
2426 1491 2548 1550 post
2576 1482 2972 1536 ordinationem
2996 1500 3147 1537 suam
3181 1503 3193 1538 :
3222 1487 3317 1541 sed
3343 1490 3470 1556 quia
3491 1499 3545 1544 et
3572 1492 3670 1546 hoc
3688 1492 3796 1547 Ca."-

2239 1572 2426 1627 damas
2449 1572 2672 1639 jussisse
2703 1581 2754 1627 te
2801 1574 3016 1637 retulit,
3043 1576 3354 1645 scripsimus
3384 1579 3459 1633 illi
3489 1596 3582 1649 per
3620 1583 3793 1652 ipsum,

2241 1669 2299 1714 ut
2326 1662 2490 1715 sciret
2517 1672 2759 1730 paratam
2784 1679 2907 1718 esse
2936 1666 3413 1734 opportunitatem,
3444 1672 3489 1726 si
3514 1673 3671 1727 vellet
3696 1675 3797 1728 olli-

565 1759 687 1814 Nan
718 1764 871 1823 enim,
906 1763 1094 1829 inquit,
1125 1763 1209 1832 qui
1238 1763 1289 1815 in
1315 1772 1489 1831 aperto
1508 1760 1740 1821 Iudicas,
1772 1775 1928 1828 neque
1947 1775 2058 1825 qua:
2087 1757 2128 1807 in

2244 1751 2383 1805 cium
2435 1751 2627 1805 debitae
2650 1754 2863 1822 pictatis
2908 1769 3219 1823 agnoscere,
3264 1766 3323 1812 ut
3372 1760 3679 1817 beatitudini
3707 1774 3805 1819 tua:

562 1868 720 1904 carne
740 1860 815 1905 est
836 1852 1185 1916 circumcisio;
1209 1855 1296 1905 sed
1310 1853 1397 1922 qui
1426 1854 1479 1905 in
1505 1853 1700 1905 occulto
1731 1852 1884 1919 108
1902 1849 2133 1912 Judwus,

560 1942 647 2011 qui
674 1943 859 2010 spiritu
888 1958 990 1995 non
1013 1945 1183 1996 littera
1214 1944 1564 2003 circumcisus,
1591 1944 1735 2012 cujus
1758 1942 1923 2011 gloria
1948 1958 2050 1993 non
2073 1957 2138 1994 ex

561 2030 870 2095 nominibus,
901 2032 992 2084 sed
1018 2048 1083 2086 ex
1112 2031 1221 2085 Deo
1255 2041 1333 2086 est
1364 2043 1407 2086 ο.
1442 2032 1627 2101 Itaque
1655 2034 1754 2088 hac
1783 2032 1967 2087 eadem
1997 2032 2132 2098 lege,

560 2136 666 2189 qna
698 2123 878 2175 verior
897 2122 1233 2177 circumcisio
1255 2139 1371 2192 qua:
1401 2125 1452 2177 in
1484 2125 1670 2192 corde,
1702 2139 1862 2191 quam
1894 2124 1944 2176 in
1975 2138 2137 2177 carne

561 2207 638 2277 (a)
664 2209 932 2267 concisio:
961 2219 1015 2262 et
1038 2213 1318 2277 praesentia
1365 2211 1567 2266 firmior
1590 2226 1706 2281 qum
1736 2212 1942 2279 spiritu,
1973 2225 2133 2278 quam

557 2311 677 2363 quae
705 2311 934 2365 corpore
954 2297 1193 2366 jungitur
1220 2307 1275 2353 et
1303 2299 1537 2353 cohzeret
1563 2300 1685 2365 sibi,
1716 2314 1928 2367 semper
1957 2308 2133 2351 tecum

556 2400 760 2449 sumus,
806 2393 968 2453 tuque
1014 2388 1311 2441 nobiscum.
1344 2388 1474 2441 Nam
1505 2390 1602 2442 etsi
1647 2389 1783 2442 faeie
1829 2389 1895 2442 ad
1925 2398 2134 2459 tempus

557 2474 908 2529 discernimur
935 2476 1022 2546 (id
1049 2486 1123 2531 est
1163 2492 1494 2547 separamur,
1523 2480 1808 2543 distamus;
1839 2480 1941 2532 vid.
1970 2481 2128 2549 epist.

554 2560 643 2627 29,
671 2578 726 2616 n.
758 2562 843 2630 9).
884 2578 1097 2633 semper
1131 2575 1309 2621 tamen
1355 2570 1516 2623 corde
1546 2571 1778 2623 conserti
1805 2585 2082 2625 manemus
2110 2571 2133 2603 ³

555 2651 608 2704 in
634 2659 708 2716 te,
732 2652 962 2706 vicissim
1006 2662 1059 2708 te
1106 2655 1382 2711 habitante
1412 2658 1463 2710 in
1490 2658 1782 2713 visceribus
1830 2660 2044 2725 nostris,
2076 2670 2133 2716 et

553 2743 625 2795 ad
645 2744 1095 2812 commoriendum,
1127 2756 1174 2800 et
1221 2749 1289 2800 ad
1328 2752 1688 2804 conrirendum
1717 2750 1764 2805 ἀ.
1793 2752 1951 2816 Sane,
2006 2753 2129 2823 quia

552 2835 619 2889 ad
648 2838 885 2892 caritatis
912 2838 1149 2907 ejusdem
1203 2859 1386 2899 curam
1417 2855 1472 2899 et
1510 2847 1930 2903 consolationem
1962 2852 2129 2919 perti-

552 2932 662 2990 net,
682 2934 739 2980 ut
766 2935 980 2982 actuum
1012 2942 1315 2988 nostrorum
1338 2935 1563 2991 invicem
1589 2941 1788 2992 conscii
1814 2939 2125 3008 elliciamur,

549 3032 658 3084 quo
679 3020 1010 3075 tolerabilius
1029 3023 1095 3078 de
1122 3026 1275 3081 nobis
1296 3028 1604 3085 absentibus
1627 3039 1930 3099 testuemus,
1954 3036 1997 3087 si
2020 3051 2125 3089 non

2240 1840 2499 1893 scriberet
2526 1850 2581 1895 et
2618 1843 3024 1898 commendaret
3050 1847 3256 1913 pectori
3283 1854 3376 1902 tuo
3411 1852 3565 1920 109
3588 1854 3802 1922 primor-

2237 1926 2322 1981 dia
2349 1945 2465 1984 sua.
2497 1930 2605 1985 Nos
2629 1946 2755 1986 vero
2781 1932 3074 1998 gaudemus
3095 1943 3149 1989 et
3167 1936 3462 2004 gloriamur
3488 1941 3539 1993 in
3568 1941 3799 2011 Domino,

2238 2021 2363 2088 quia
2390 2030 2445 2076 et
2470 2023 2752 2078 visibiliter
2775 2032 2831 2078 et
2861 2025 3199 2084 invisibiliter
3221 2033 3464 2100 operaris
3494 2034 3567 2105 (b)
3590 2036 3797 2091 salutem

2238 2117 2479 2163 nostram
2503 2126 2628 2166 vere
2656 2122 2811 2182 pater
2829 2115 3002 2171 bonus
3029 2128 3085 2171 et
3111 2119 3360 2175 salutaris
3385 2130 3661 2192 patronus,
3683 2128 3800 2181 invi-

2237 2199 2462 2254 sibiliter
2490 2218 2589 2255 nos
2615 2201 2849 2260 aedificas
2878 2208 2928 2260 in
2959 2210 3291 2266 orationibus
3314 2214 3439 2279 tuis,
3464 2228 3653 2283 rogans
3672 2217 3798 2271 intra

2236 2292 2593 2361 nosmetipsos
2616 2292 2729 2348 ﬁeri
2752 2309 2971 2363 regnum
2996 2298 3120 2363 Dei;
3145 2301 3430 2356 visibiliter
3460 2314 3634 2358 autem
3657 2306 3797 2360 nobis

2235 2384 2475 2449 operaris
2504 2384 2555 2436 in
2587 2384 2804 2441 fabricis
2830 2390 3199 2460 ecclesiarum,
3232 2402 3289 2446 ut
3316 2404 3523 2463 partem
3555 2397 3700 2451 nobis
3723 2397 3796 2449 fa~

2234 2472 2346 2526 cias
2367 2488 2486 2527 cum
2518 2476 2629 2539 illo,
2662 2477 2813 2545 cujus
2853 2478 3042 2536 domus
3066 2497 3096 2535 a
3122 2482 3337 2539 Christo
3367 2490 3565 2542 meruit
3588 2490 3796 2551 visitari,

2234 2565 2358 2631 quia
2400 2564 2468 2619 de
2511 2566 2866 2623 tedilicatione
2912 2580 3039 2628 tunc
3086 2575 3381 2644 Synagogae
3416 2578 3461 2645 τ,
3505 2584 3639 2649 quod
3669 2597 3797 2636 nunc

2233 2652 2474 2710 Ecclesia
2504 2666 2604 2722 est,
2630 2662 2991 2718 testimonium
3023 2667 3285 2735 religiosa:
3312 2670 3487 2738 plebis
3512 2684 3793 2743 acceperat.

2233 2741 2485 2799 Fatemur
2540 2752 2853 2805 veneranda:
2900 2753 3086 2821 pietati
3135 2764 3256 2823 tum,
3307 2759 3606 2827 legentibus
3637 2741 3795 2817 nobis

2232 2835 2375 2889 illam
2406 2837 2645 2904 epistokc
2673 2850 2902 2909 partem,
2934 2858 3037 2910 qua
3068 2844 3412 2914 Alingonensi
3451 2852 3473 2921 (
3489 2851 3549 2905 V.
3578 2861 3687 2907 not.
3709 2852 3791 2923 65)

2232 2924 2486 2981 Ecclesiae
2530 2945 2723 2983 novam
2756 2932 2916 2984 tiliam
2949 2941 3001 2985 te
3027 2943 3218 2989 autore
3256 2940 3591 3005 progenitam
3612 2941 3717 3009 jam
3744 2942 3793 2995 in

2232 3020 2449 3074 nomine
2480 3020 2689 3075 Domini
2717 3038 2887 3090 usque
2933 3024 3001 3078 ad
3032 3026 3382 3083 dedicationis
3409 3032 3554 3086 diem
3577 3034 3796 3087 crevisse

548 3108 716 3165 simus
742 3112 959 3177 incerti;
990 3116 1282 3173 indicamus
1307 3120 1574 3177 alfectioni
1602 3142 1720 3189 tuae,
1745 3142 1901 3195 quam
1931 3129 2126 3186 scimus
2155 3098 2200 3160 ο
2229 3109 2497 3177 δίεηθδθδν
2528 3112 2600 3165 ita
2622 3113 2919 3169 exsultasse
2948 3117 3194 3184 Spiritum
3226 3129 3467 3175 "05mm
3502 3124 3555 3177 ίη
3583 3123 3690 3179 θθο
3715 3140 3795 3179 ⁵³·’

546 3197 615 3251 de
642 3201 787 3254 omni
838 3211 962 3256 actu
1010 3214 1197 3260 nostro
1244 3210 1679 3267 sollicitissimam
1708 3231 1846 3280 esse,
1891 3220 2123 3286 propitio

546 3288 791 3353 Christo,
835 3293 908 3346 ita
934 3302 992 3347 ut
1030 3311 1172 3361 oras,
1204 3300 1383 3354 valere
1412 3318 1536 3361 nos;
1571 3320 1679 3358 non
1715 3308 1927 3374 quidem
1958 3311 2121 3363 robu-

544 3384 651 3439 sta,
683 3379 777 3431 sed
820 3388 997 3436 tamen
1026 3400 1153 3439 sana
1184 3404 1471 3458 corporum
1502 3393 1807 3463 fragilitate.
1854 3397 2123 3467 Pauperes

543 3469 732 3536 spiritu
766 3480 810 3536 ο,
837 3488 942 3528 non
966 3486 1170 3545 nostro,
1196 3480 1291 3534 sed
1320 3481 1434 3547 Dei,
1460 3484 1610 3553 cujus
1632 3486 1872 3542 bonitate
1892 3502 2135 3558 egemus,

542 3558 745 3614 malitia
775 3571 957 3617 nostra
992 3567 1344 3625 abundantes.
1379 3572 1453 3627 De
1481 3589 1589 3642 quo
1622 3586 1803 3631 autem
1829 3578 2121 3638 Cartlamas

542 3660 729 3705 noster
755 3653 1051 3721 admonuit,
1079 3657 1303 3727 jussisse
1345 3672 1398 3718 te
1427 3680 1676 3722 asserens
1718 3679 1775 3725 ut
1800 3672 1961 3726 etiam
1994 3672 2119 3728 hinc

538 3754 659 3807 quae
679 3742 818 3797 circa
844 3760 940 3799 nos
961 3756 1087 3802 sunt
1115 3750 1167 3807 in
1200 3750 1425 3811 Domino
1454 3759 1838 3819 nuntiarenius.

609 3828 661 3882 2.
694 3829 840 3886 Sciat
871 3839 1145 3893 veneratio
1194 3849 1282 3897 tua
1316 3854 1555 3901 sanctum
1586 3848 1803 3907 fratrem
1841 3864 1990 3911 tuum
2032 3875 2121 3928 pa-

536 3933 660 3986 pam
713 3917 870 3975 Urbis
901 3923 1237 3982 Anastasium
1270 3931 1363 3998 (γ.
1416 3944 1525 3988 not.
1562 3936 1664 4007 62)
1696 3917 2115 4003 amantissimum

537 4022 657 4061 esse
684 4008 998 4065 humilitatis
1018 4023 1244 4069 nostrze:
1271 4036 1392 4073 nam
1422 4024 1511 4076 ubi
1540 4027 1767 4091 primum
1798 4043 2115 4099 potestatem

536 4096 774 4151 caritatis
803 4112 913 4152 sua:
939 4102 1092 4156 nobis
1122 4104 1407 4163 offerenda:
1438 4113 1633 4168 habere
1662 4096 1843 4187 coepit,
1877 4140 1983 4179 non
2022 4144 2114 4183 so-

534 4180 645 4235 lum
675 4186 946 4254 suscipere
967 4204 1083 4243 eam
1098 4206 1126 4243 a
1144 4194 1316 4259 nobis,
1330 4198 1423 4251 sed
1449 4200 1691 4267 ingerere
1703 4208 1854 4263 nobis
1878 4213 2114 4280 piissima

535 4271 819 4328 affectione
847 4276 865 4305 ⁸
883 4282 1209 4347 properavit.
1240 4283 1372 4339 Nam
1394 4288 1544 4344 brevi
1573 4305 1695 4362 post
1724 4271 2113 4361 ordinationem

533 4377 683 4416 suam
714 4365 969 4433 epistolas
998 4368 1063 4423 de
1094 4374 1308 4429 nomine
1337 4388 1547 4448 nostro,
1587 4384 1773 4452 plenas
1817 4399 1871 4444 et
1900 4394 2114 4462 religio-

534 4452 639 4520 nis,
670 4462 725 4508 et
753 4456 985 4523 pietatis,
1018 4467 1073 4513 et
1099 4463 1267 4531 pacis,
1289 4466 1356 4521 ad
1385 4444 1667 4540 episcopos
1690 4444 2115 4546 Cainpaniaaumi-
2146 4444 2191 4501 υ

531 4544 628 4610 sit;
660 4548 853 4614 quibus
876 4558 929 4603 et
951 4568 1102 4606 suum
1126 4554 1426 4613 declararet
1455 4560 1720 4630 affectum,
1747 4576 1801 4621 et
1824 4544 1943 4625 aliis
1963 4573 2115 4628 beni-

531 4638 749 4705 gnitatis
794 4657 904 4697 sum
944 4647 1207 4713 praeberet
1235 4654 1559 4723 exemplum.
1591 4657 1794 4715 Deinde
1824 4679 1922 4719 nos
1967 4667 2113 4736 ipsos

531 4728 737 4795 Roma},
760 4748 879 4788 cum
921 4738 1130 4794 solenui
1162 4747 1548 4803 consuetudine
1572 4751 1639 4804 ad
1669 4753 1949 4813 beatorum
1975 4776 2109 4831 apo-

528 4822 791 4877 stolorum
820 4828 1049 4883 natalem
1080 4834 1430 4906 venissemus,
1462 4846 1569 4894 tam
1601 4844 1791 4902 blande
1818 4863 1979 4916 quam
2010 4822 2110 4909 bo-

530 4912 752 4969 noriiice
770 4919 1009 4988 excepit.
1040 4920 1231 4980 Postea
1272 4942 1486 4999 quoque
1514 4912 1851 5006 interposito
1866 4950 2109 5015 tempore

658 5049 795 5130 Psal.
822 5069 972 5130 eius,
1003 5055 1055 5109 5.
1134 5059 1160 5097 ιι
1183 5060 1464 5130 Rom.vm,
1490 5069 1578 5123 55.

528 5132 568 5179 ι,
600 5117 688 5194 47.
762 5120 790 5157 ιι
821 5117 966 5194 Psal.
994 5142 1136 5182 Lxxx
1158 5171 1173 5194 ,
1202 5130 1254 5184 2.

527 5202 602 5249 ιι,
625 5188 714 5241 24.
739 5261 751 5265 _
773 5260 785 5265 _
816 5201 854 5227 ω
876 5192 1015 5248 Psal.
1045 5188 1170 5265 cxx
1202 5201 1289 5255 10.

528 5274 706 5324 cum,
730 5260 788 5337 ll
804 5302 817 5315 .

1661 5082 1681 5109 ο
1708 5073 1863 5129 Rom.
1894 5094 1949 5142 u,
1977 5078 2063 5133 l8.

1396 5205 1628 5264 nIEsd.
1672 5205 1948 5284 iv,'4;v,
1980 5218 2033 5272 5.

599 5391 677 5455 (α)
717 5391 813 5444 Ms.
847 5393 1015 5447 codex
1038 5393 1374 5467 Viennensis,
1397 5405 1731 5466 circumcisio.
1759 5412 1855 5468 Ed.
1888 5416 2020 5471 Bad.
2054 5427 2110 5473 et

528 5460 711 5514 Grav..
736 5463 1006 5514 consertio.

578 5476 711 5524 rav.,
736 5476 1006 5516 consertio.

600 5532 677 5613 (b)
705 5531 793 5585 Sic
814 5549 911 5585 ms.
938 5532 1300 5613 Vien_._codex.
1329 5540 1464 5597 Ante
1487 5555 1601 5602 erat
1622 5552 1868 5608 salutem:
1901 5556 2102 5613 domum

528 5612 825 5655 nostram...
860 5619 949 5656 nos
978 5606 1226 5674 wdi/icas.

1343 5082 1464 5151 :vl‘n,
1490 5081 1578 5151 '95.
1661 5082 1681 5109 ο
1710 5081 1863 5151 Ιξοηι.
1894 5081 2063 5151 n,_l8.
2140 5081 2165 5119 ά
2196 5082 2238 5136 ll
2263 5083 2495 5151 Cor.vu,
2526 5087 2579 5140 5.

1339 5135 1353 5170 ί
1390 5135 1529 5207 Psal.
1567 5156 1686 5206 xcv,
1719 5142 1773 5207 8,
1805 5160 1912 5200 sec.
1936 5135 2172 5206 'Psalter.
2201 5135 2363 5207 illum;

2138 5230 2163 5258 ο
2192 5222 2212 5276 l
2238 5221 2429 5278 Johan.
2464 5240 2537 5293 iv,
2564 5225 2615 5279 4.

2224 3199 2383 3254 lutari
2405 3210 2589 3257 nostro
2620 3212 2668 3269 ε,
2697 3211 3051 3273 ut,tamquam
3082 3208 3134 3261 in
3160 3212 3409 3277 praesenti
3439 3214 3788 3269 dedieantium

2222 3293 2449 3347 cmtibus
2472 3295 2874 3360 interessemus,
2905 3299 2992 3352 illa
3022 3299 3089 3354 de
3110 3302 3326 3369 psalmis
3351 3307 3649 3374 prophetici
3676 3300 3791 3375 gau-

2220 3383 2293 3437 dii
2323 3385 2483 3439 verba
2508 3402 2822 3443 caneremus
2852 3407 2865 3443 :
2894 3388 3168 3446 Exsultate
3194 3392 3302 3447 Deo
3330 3397 3564 3466 adjutori
3591 3409 3788 3463 nostra;

2219 3478 2402 3543 sumite
2432 3480 2703 3546 psalmum,
2736 3490 2785 3534 et
2821 3483 2941 3535 date
2971 3494 3263 3553 tympanum
3286 3486 3331 3541 δ.
3374 3488 3563 3545 Tollite
3586 3494 3785 3560 hostias,

2219 3576 2268 3622 et
2288 3568 2493 3622 introite
2516 3570 2570 3623 in
2607 3573 2743 3624 atria
2766 3571 3009 3639 Domini;
3042 3576 3258 3630 adorata
3290 3562 3575 3635 Dominum
3596 3584 3645 3635 in
3674 3584 3787 3636 aula

2219 3669 2401 3712 sancta
2450 3660 2562 3729 ejus
2609 3661 2648 3713 ί.
2688 3662 2785 3716 Vel
2827 3663 2952 3717 illud
2984 3664 3221 3732 ejusdem
3251 3669 3531 3737 propheta:
3563 3690 3574 3723 :
3607 3670 3782 3741 Surge,

2222 3749 2457 3814 Domine,
2488 3754 2543 3805 in
2573 3756 2794 3823 requiem
2843 3764 3002 3819 tuam,
3033 3765 3087 3808 tu
3128 3766 3177 3809 et
3214 3773 3339 3811 arca
3366 3763 3785 3831 sanctiﬁcationis

2218 3848 2319 3893 tua:
2342 3839 2386 3893 ἱ.
2415 3840 2722 3895 Sacerdotes
2763 3844 2837 3895 tui
2861 3844 3079 3897 induant
3102 3847 3399 3913 salutarem,
3432 3858 3484 3903 et
3532 3852 3694 3904 sancti
3715 3857 3785 3904 tut

2216 3932 2491 3984 exsultent.
2516 3930 2843 3987 Constituant
2873 3934 3008 3987 diem
3037 3936 3107 4005 (c)
3137 3953 3286 3992 suum
3315 3938 3362 3994 ".

2286 4043 2340 4097 4.
2370 4043 2523 4109 Quod
2545 4060 2674 4099 vero
2704 4045 2937 4100 indicare
2959 4047 3206 4116 dignatus
3227 4067 3306 4117 es,
3333 4052 3543 4123 aliquos
3564 4057 3625 4110 de
3649 4064 3786 4128 parte

2214 4133 2374 4197 illius,
2398 4133 2543 4203 cujus
2567 4134 2759 4188 invidia
2780 4152 2918 4190 mors
2947 4138 3171 4193 introivit
3196 4142 3248 4193 in
3274 4141 3442 4197 orbem
3474 4145 3784 4213 terrarum‘,

2216 4221 2451 4274 dentibus
2496 4225 2604 4275 suis
2647 4226 2865 4294 fremere
2892 4236 2942 4279 et
2988 4228 3246 4283 tabescere
3276 4240 3336 4297 ω,
3362 4250 3468 4287 non
3496 4238 3779 4304 miramur;

2215 4312 2340 4380 quia
2369 4320 2423 4365 et
2453 4312 2503 4365 in
2536 4312 2866 4368 Hierusalem
2906 4332 3026 4371 cum
3074 4320 3493 4378 rezediiicaretur
3541 4328 3785 4397 templum

2217 4402 2332 4467 Dei,
2379 4404 2689 4459 invidebant
2717 4407 2917 4479 Assyrii
2951 4418 3009 4475 ll;
3042 4420 3098 4465 et
3138 4411 3394 4469 fabricam
3426 4429 3786 4489 resurgentem

2219 4497 2550 4550 conabantur
2577 4498 2860 4553 hostilibus
2900 4516 3042 4571 saape
3080 4504 3475 4563 incursionibus
3515 4512 3783 4580 impedire.

2218 4583 2327 4637 Sed
2355 4586 2479 4654 quia
2516 4590 2685 4657 potior
2713 4597 2785 4641 est
2817 4591 2902 4659 qui
2942 4591 2998 4643 in
3028 4592 3173 4645 nobis
3220 4605 3315 4659 est,
3338 4609 3492 4667 quam
3517 4603 3601 4669 qui
3618 4601 3671 4653 in
3699 4601 3788 4653 ltoc

2217 4678 2407 4731 mundo
2434 4686 2480 4743 ο,
2514 4680 2823 4733 desiderium
2862 4682 3067 4736 illorum
3091 4685 3277 4753 peribit
3307 4698 3360 4753 P,
3393 4700 3637 4744 nostrum
3664 4708 3788 4746 vero

2215 4766 2658 4823 confirmabitur:
2706 4772 2829 4839 quia
2874 4789 3139 4841 speramus
3176 4776 3229 4828 in
3267 4779 3619 4835 misericordia
3660 4783 3785 4851 ejus,

2213 4860 2298 4930 qui
2318 4876 2593 4929 numquam
2625 4863 2894 4932 confundit
2925 4875 3188 4933 sperantes
3208 4867 3262 4919 in
3299 4885 3354 4922 se
3384 4881 3431 4923 ιε.
3455 4870 3682 4926 Tantum
3711 4873 3788 4942 (d)

2214 4960 2334 5005 oret
2371 4952 2633 5007 sanctitas
2670 4961 2793 5019 tua,
2830 4956 2969 5009 sicut
2997 4956 3153 5023 facit,
3187 4968 3247 5013 ut
3291 4962 3423 5015 etin
3465 4965 3620 5019 nobis
3666 4966 3790 5034 ipsis

2661 5097 2684 5124 ε
2714 5088 2903 5142 Matth.
2936 5106 2985 5154 v,
3013 5089 3065 5142 5.
3147 5089 3166 5128 ί
3194 5091 3322 5147 Luc.
3348 5110 3447 5157 vn,
3482 5094 3529 5148 5.
3612 5107 3638 5143 κ
3662 5097 3784 5150 Luc.

2442 5156 2457 5204 t‘
2498 5155 2639 5234 Psal.
2665 5174 2854 5234 cxxy,
3008 5158 3032 5196 ¹ι
3065 5158 3203 5234 Psal.
3230 5178 3369 5234 cx_vu
3391 5206 3405 5229 ,
3436 5155 3522 5216 Q7.
3611 5164 3625 5202 ¹
3662 5167 3784 5234 Sap.

2718 5238 2745 5277 P
2773 5226 2916 5283 Psal.
2943 5244 3049 5296 cxn,
3080 5229 3167 5284 10.
3242 5243 3269 5282 q
3290 5226 3433 5287 Psal.
3475 5251 3543 5288 xit
3571 5278 3587 5304 ,
3636 5235 3691 5300 6,
3733 5226 3787 5290 et

2288 5423 2360 5499 (c)
2402 5424 2582 5478 Suum.
2634 5424 2878 5499 Legerim
2932 5434 3135 5499 festum.
3188 5433 3316 5488 Nam
3378 5436 3568 5490 allusio
3614 5437 3786 5492 estad

2212 5493 2474 5581 psalmum
2516 5510 2677 5561 cxvu,
2718 5493 3032 5554 ‘Constituite
3078 5504 3212 5557 diem
3267 5506 3564 5564 solemnem,
3603 5506 3787 5562 Crtece

2213 5582 2500 5700 εΟΡᾷἷΞᾺΜΒ.
2544 5632 2737 5704 Regius
2759 5636 2953 5701 codex,
2988 5642 3127 5694 riret.
3160 5640 3257 5697 Ms.
3292 5643 3464 5712 Vien.,
3494 5647 3678 5708 rigilct.
