3966 6184
294 294 323 347 2
335 296 383 348 i9
1652 292 1852 347 EPISTt

1968 318 1979 345 λ
2018 293 2149 347 XXI.

3427 301 3532 356 250

290 403 567 458 aediﬁcetur
596 403 791 456 domus
819 418 845 454 a
894 400 1107 455 Christo
1137 411 1189 456 et
1232 403 1282 455 in
1312 401 1524 457 Christo
1559 422 1570 454 :
1603 406 1727 471 quia
1758 403 1860 456 nisi
1891 410 1928 461 Α
1965 404 2129 456 mino.
2157 405 2261 458 Sed
2284 406 2325 458 si
2350 406 2513 474 piscis
2544 415 2665 462 tuus
2685 424 2819 474 sum,
2851 408 3021 464 debeo
3041 426 3135 468 ore
3157 412 3531 480 (e)pretiosmn

289 493 526 546 Dominus
573 494 905 560 wdiﬁcaverit
952 492 1175 555 domum,
1206 495 1257 545 in
1286 511 1470 546 vanum
1499 494 1856 546 laboraverunt

287 587 361 654 qui
403 585 668 651 aedificant
710 600 824 635 eam
857 596 879 617 ε·
915 602 928 635 :
962 592 1014 637 et
1045 585 1143 636 nisi
1178 600 1337 652 supra
1386 593 1589 653 petram
1612 627 1625 652 ,
1654 587 1741 653 qui
1773 592 1858 638 est

288 671 515 725 Christus
537 672 588 736 δ,
618 670 868 724 fundetur
897 671 1006 724 haec
1026 670 1215 725 domus
1249 684 1292 735 ο,
1319 689 1424 726 non
1452 673 1648 741 poterit
1685 676 1858 727 ventis

286 760 595 828 spiritalium
644 760 1005 826 nequitiarum
1048 768 1101 814 et
1150 763 1480 816 torrentibus
1531 763 1854 817 secularium

288 850 630 902 tentationum
653 850 922 902 resistere.

345 940 395 994 5.
431 939 537 993 Ora
565 941 749 993 veniat
792 940 1049 994 Dominus
1077 941 1232 995 Jesus
1258 943 1308 995 in
1336 958 1430 997 cor
1450 951 1691 997 nostrum
1714 945 1855 998 sicut

285 1049 330 1086 ιη
358 1031 614 1099 templum
655 1046 810 1084 suum
827 1029 875 1093 δ,
905 1033 1141 1085 excutiat
1169 1032 1432 1100 ﬂagellum
1471 1035 1685 1102 pietatis
1723 1050 1851 1097 suae,

284 1138 377 1190 quo
403 1120 638 1174 rerberat
656 1137 860 1173 omnem
882 1122 1046 1189 ﬁlium
1073 1137 1220 1189 quem
1241 1124 1452 1190 recipit;
1483 1130 1537 1176 et
1565 1123 1797 1191 expellat
1821 1139 1852 1176 a

283 1213 516 1267 sensibus
543 1212 740 1265 mentis
760 1221 974 1273 nostrae,
1000 1213 1151 1279 quasi
1166 1228 1195 1264 a
1214 1214 1631 1279 negotiatoribUS
1648 1215 1852 1282 templi,

285 1320 430 1357 omne
480 1304 864 1358 commercium
920 1311 1079 1370 atque
1114 1305 1419 1369 contagium
1476 1305 1769 1371 iniquitatis
1804 1316 1850 1358 ε.

284 1395 515 1465 Expellat
540 1411 571 1448 a
604 1396 760 1449 nobis
802 1396 987 1461 boves,
1026 1404 1076 1449 et
1124 1396 1424 1449 venditores
1472 1398 1625 1466 110
1652 1397 1854 1451 colum—

286 1486 477 1550 barum,
507 1495 565 1541 et
597 1502 811 1539 mensas
862 1488 1359 1552 nummulariorum,
1391 1497 1448 1541 ut
1488 1489 1555 1541 ab
1584 1488 1728 1541 omni
1755 1490 1853 1541 im-

285 1577 530 1630 munditia
560 1586 615 1630 et
644 1576 935 1643 cupiditate
962 1576 1204 1644 purgati,
1231 1585 1430 1629 castam
1460 1577 1852 1644 simplicitatem

286 1667 391 1720 ﬁdei
414 1666 764 1732 caritatisque
792 1674 1069 1719 teneamus
1102 1684 1113 1717 :
1145 1667 1270 1733 quia
1298 1666 1492 1718 Christi
1534 1667 1694 1731 ﬁgura
1735 1681 1850 1718 ser-

1964 492 2214 559 pratlE-rre
2261 494 2539 548 denarium
2575 507 2619 559 ι’,
2651 498 2702 550 in
2744 512 2852 564 quo
2882 514 2988 551 non
3031 498 3253 554 Cicsaris
3290 502 3451 568 ﬁgura
3477 510 3541 559 et

1962 581 2234 648 inscriptio
2260 592 2305 645 ⁸,
2322 583 2413 636 sed
2446 584 2604 651 Regis
2630 587 2814 638 azterni
2841 586 2953 639 viva
2985 596 3038 639 et
3064 588 3333 641 viviﬁcans
3360 592 3534 657 imago

1959 672 2287 742 pncfulgeat,
2322 676 2476 729 ﬁdem
2514 679 2533 706 ⁸
2580 679 2787 731 scilicet
2816 678 3083 738 veritatis;
3115 694 3231 746 quae
3281 679 3537 736 doctrinae

1960 772 2064 817 tua:
2094 767 2160 834 if)
2204 776 2470 819 monetam
2526 776 2581 821 et
2628 768 2807 820 annuli
2855 768 2927 820 tui
2971 767 3268 836 symbolum
3319 784 3537 824 nummo

1964 855 2137 910 cordis
2158 856 2259 907 mei
2291 865 2343 908 et
2373 872 2510 909 cene
2531 859 2724 910 mentis
2750 858 3093 925 impresserit.
3119 856 3365 909 Doctrina
3391 858 3534 912 enim

1961 950 2049 999 tua
2077 954 2343 1013 argentum
2386 947 2505 1015 igne
2530 948 2901 1009 examinatum,
2932 945 3199 1001 nrobatum
3224 954 3392 1012 terrae,
3414 964 3537 1016 pur-

1960 1043 2133 1103 gatum
2163 1033 2237 1103 lg)
2265 1036 2494 1103 septuplo
2529 1038 2571 1088 ί.

2033 1122 2083 1173 7.
2125 1122 2299 1175 Donet
2344 1124 2675 1177 orationibus
2721 1124 2826 1177 tuis
2879 1125 3148 1188 Dominus,
3192 1132 3252 1177 ut
3305 1133 3538 1179 monetae

1959 1216 2064 1262 tuae
2092 1225 2357 1272 nummus,
2389 1220 2445 1263 ut
2476 1212 2618 1265 hami
2645 1213 2718 1265 tui
2750 1213 2928 1280 piscis,
2951 1222 3008 1265 ut
3027 1214 3147 1265 vitis
3172 1220 3272 1265 tuae
3292 1228 3534 1265 sarmen-

1959 1307 2095 1366 tum,
2125 1309 2184 1353 ut
2225 1301 2361 1355 uteri
2416 1303 2677 1356 castitatis
2719 1311 2825 1355 tua:
2881 1304 3016 1357 lilius
3067 1304 3188 1356 sim.
3223 1302 3337 1355 Filii
3393 1305 3536 1356 enim

1956 1392 2203 1459 Delphini
2235 1392 2623 1459 reputabuntur
2643 1394 2694 1445 in
2729 1392 2850 1445 ﬁliis
2873 1378 3135 1447 Aaron“:
3166 1393 3258 1446 sed
3287 1408 3392 1445 non
3414 1408 3536 1446 cum

1956 1485 2085 1547 illis,
2124 1486 2213 1552 qui
2245 1485 2419 1551 ignem
2450 1485 2678 1538 alienum
2723 1486 2949 1539 Domino
2995 1485 3321 1550 obtulerunt,
3369 1493 3424 1538 et
3469 1500 3536 1538 eo

1953 1588 2115 1641 quem
2138 1573 2188 1625 in
2218 1573 2328 1627 suis
2350 1573 2600 1627 cordibus
2628 1574 3016 1637 exstinxerunt,
3045 1577 3194 1642 ιιι
3222 1573 3294 1633 (Ιι)
3318 1572 3399 1626 vel
3427 1589 3535 1626 non

1956 1665 2249 1729 habebant,
2275 1665 2394 1731 igne
2423 1664 2603 1717 divino
2634 1666 2833 1717 incensi
2862 1673 3004 1719 sunt.
3035 1663 3161 1717 Tuis
3186 1662 3304 1717 ﬁliis
3345 1664 3412 1716 sit
3440 1679 3537 1717 cor

285 1767 444 1819 vatur,
472 1756 619 1810 unde
663 1756 890 1810 Caesaris
918 1772 1163 1810 nummus
1187 1757 1470 1824 expellitur
1502 1756 1519 1793 τ
1543 1773 1556 1819 ;
1581 1765 1636 1809 et
1656 1757 1740 1809 ubi
1764 1764 1853 1809 bo-
1886 1753 1927 1810 Β
1955 1752 2149 1806 ardens
2174 1761 2219 1814 ν,
2246 1769 2350 1805 non
2373 1752 2717 1820 cupiditatum
2742 1762 2795 1806 et
2820 1754 3186 1808 illecebrarum
3216 1754 3534 1806 secularium

284 1864 475 1899 mnon
508 1855 649 1908 sunt,
678 1847 930 1915 prtesepia
960 1845 1153 1898 munda
1186 1855 1304 1898 sunt
1336 1856 1389 1908 8;
1418 1855 1472 1898 et
1518 1844 1649 1899 ﬁdes
1675 1847 1853 1899 incor-

285 1947 424 2006 rupta
452 1939 741 2003 retinetur,
790 1938 881 1991 ubi
909 1937 1154 1991 columba
1195 1952 1300 1991 non
1330 1938 1593 1990 venditur.
1638 1938 1714 2005 (α)
1744 1937 1852 1989 Νίθί

283 2028 408 2081 enim
438 2044 544 2083 nos
575 2028 687 2081 Deo
724 2028 1027 2090 tradamus,
1054 2027 1334 2081 vendimus
1353 2027 1585 2081 diabolo.
1624 2026 1770 2081 Unde
1799 2036 1854 2080 et

285 2128 419 2173 vetus
468 2120 634 2173 homo
662 2119 754 2186 qui
796 2133 854 2172 se
898 2118 1121 2171 consilio
1155 2117 1443 2171 malesuadi
1472 2118 1733 2185 serpentis
1757 2116 1853 2169 ad-

285 2206 405 2261 dixit
451 2205 503 2272 δ,
551 2208 887 2260 renumdatus
915 2206 1007 2259 sub
1045 2215 1252 2275 peccato
1304 2204 1317 2242 ί
1353 2206 1565 2260 dicitur.
1616 2207 1853 2273 Denique

284 2298 419 2364 quasi
436 2297 689 2351 venditus
704 2297 848 2364 eguit
861 2295 1202 2362 Redemtore,
1223 2296 1315 2363 qui
1335 2312 1433 2351 nos
1452 2311 1645 2365 magno
1661 2299 1792 2351 emit
1808 2300 1819 2345 i
1836 2338 1851 2362 ,

284 2400 342 2440 ne
385 2387 503 2455 jam
533 2394 628 2439 aut
679 2385 879 2438 diaboli
913 2392 1006 2438 aut
1045 2384 1213 2437 nostri
1239 2399 1479 2438 essemus
1512 2404 1524 2437 :
1572 2395 1625 2439 et
1653 2402 1682 2438 a
1724 2402 1851 2455 pro-

283 2479 423 2544 genie
446 2478 756 2546 viperarum
777 2476 827 2528 in
848 2489 1013 2542 genus
1033 2474 1213 2543 regale
1236 2483 1289 2528 et
1308 2475 1638 2529 sacerdotale
1667 2476 1853 2529 mutati

285 2564 612 2621 elliceremur
630 2566 847 2631 sanguis
875 2564 990 2632 ejus
1014 2563 1058 2627 1‘,
1091 2564 1181 2633 qui
1210 2579 1309 2617 nos
1346 2564 1415 2617 ab
1434 2564 1653 2632 originis
1673 2566 1854 2633 primm

285 2670 535 2723 generosa
566 2653 903 2705 institutione
949 2651 1241 2717 degeneres
1278 2648 1322 2717 ι,
1355 2658 1427 2714 et,
1475 2650 1703 2705 durante
1734 2667 1855 2721 pec-

285 2754 411 2807 cato,
445 2744 582 2797 viles
626 2743 774 2810 prius
820 2742 1022 2795 animas
1054 2740 1126 2811 (b)
1170 2743 1430 2810 pretiosas
1464 2744 1735 2810 sanguinis
1774 2744 1856 2797 sui

286 2835 603 2889 commercio
634 2832 791 2899 fecit,
816 2841 871 2886 et
890 2832 1181 2886 coheredes
1205 2832 1338 2897 sibi,
1364 2849 1427 2888 ac
1459 2833 1594 2888 ﬁlios
1621 2834 1713 2886 Dei
1743 2833 1855 2887 ﬁeri

285 2941 379 2979 non
401 2924 583 2978 invida
615 2923 816 2992 pietate
845 2923 1109 2977 concessit
1138 2932 1197 2975 ω.
1225 2921 1567 2978 Exsultemus
1588 2932 1642 2977 et
1661 2924 1857 2993 glorie-

284 3031 390 3069 mur
417 3017 470 3069 in
503 3031 593 3079 eo,
622 3015 713 3082 qui
737 3016 905 3083 factus
924 3022 999 3066 est
1020 3016 1272 3083 refugium
1294 3032 1573 3083 pauperum
1603 3025 1646 3080 τι,
1680 3024 1737 3069 ut
1764 3016 1857 3069 hu-

1954 1842 2153 1907 iniquis
2183 1841 2421 1907 ignibus;
2454 1841 2547 1895 sed
2576 1842 2667 1895 illo
2698 1842 2847 1908 igne,
2880 1857 3036 1908 quem
3068 1842 3214 1895 venit
3241 1841 3537 1896 accendere

1954 1931 2008 1983 in
2034 1930 2185 1982 nobis
2216 1929 2491 1992 Dominus,
2516 1929 2582 1982 de
2602 1944 2709 1996 quo
2742 1930 2818 1981 ait
2845 1947 2856 1980 ε
2889 1928 3070 1999 Ignem
3119 1931 3230 1981 veni
3258 1930 3455 1981 mittere
3480 1929 3536 1981 in

1952 2029 2164 2083 terram,
2200 2029 2248 2071 et
2277 2020 2399 2090 quid
2434 2020 2545 2074 ιὀιο
2573 2021 2616 2073 si
2637 2021 2752 2089 jam
2793 2022 3030 2073 incensus
3068 2029 3143 2073 est
3174 2020 3232 2073 ιῖ
3261 2019 3375 2072 Non
3405 2032 3536 2084 ergo

1952 2109 2193 2167 avaritia,
2221 2124 2326 2161 non
2346 2108 2778 2177 concupiscentia
2803 2108 3100 2173 oculorum,
3116 2116 3171 2161 et
3196 2106 3385 2161 noxius
3405 2114 3535 2160 tem-

1953 2198 2218 2267 poralium
2248 2213 2428 2250 rerum
2457 2213 2609 2251 amor
2638 2197 2693 2249 in
2719 2196 2873 2251 nobis
2895 2196 3226 2263 ardeatigne
3246 2194 3529 2264 pestifero;

1950 2288 2041 2355 qui
2060 2287 2195 2353 ignis
2221 2287 2425 2340 alienus
2452 2294 2534 2340 est
2561 2285 2673 2340 Deo
2708 2304 2719 2338 :
2752 2284 2845 2339 sed
2865 2284 3014 2339 Deus
3049 2286 3163 2353 ipse
3193 2293 3405 2347 noster,
3436 2283 3528 2351 qui

1953 2388 2031 2431 est
2066 2379 2085 2407 ⁸
2114 2378 2250 2447 ignis
2273 2394 2574 2429 consumens
2613 2387 2660 2440 Υ,
2691 2392 2844 2430 suum
2876 2378 3050 2443 ignem
3077 2384 3328 2443 agnoscat
3357 2376 3408 2427 in
3432 2391 3533 2427 no-

1953 2468 2057 2527 bis,
2088 2476 2147 2519 ut
2194 2467 2471 2520 dicamus:
2521 2465 2770 2519 Dominus
2817 2467 3123 2519 illuminatio
3173 2467 3237 2534 (i)
3270 2472 3445 2517 nostra
3483 2471 3533 2516 et

1954 2561 2096 2612 salus
2125 2568 2323 2625 nostra,
2355 2575 2502 2627 quem
2532 2558 2813 2612 timebimus
2848 2568 2865 2591 κ
2886 2558 2908 2610 ?
2932 2557 3033 2611 Iste
3060 2557 3193 2624 ignis
3218 2555 3379 2610 corda
3411 2554 3531 2607 illu-

1955 2648 2142 2712 minat,
2176 2656 2230 2701 et
2250 2655 2468 2716 peccata
2499 2648 2767 2702 consumit
2799 2664 2811 2698 :
2845 2646 3093 2699 tenebras
3124 2644 3312 2713 quibus
3342 2642 3531 2694 morti-

1957 2740 2176 2792 ﬁcamur
2203 2739 2511 2804 ekstinguit,
2530 2745 2583 2790 et
2606 2738 2775 2790 lucem
2797 2750 2900 2805 qua
2921 2734 3249 2788 viviﬁcamur
3273 2731 3530 2785 accendit.

1958 2829 2014 2885 Si
2046 2831 2149 2884 hoc
2175 2830 2295 2897 igne
2333 2829 2562 2881 lucerna:
2583 2836 2776 2881 nostra:
2805 2828 2910 2880 sint
2939 2825 3152 2894 semper
3179 2822 3428 2877 ardentes
3451 2833 3530 2885 ⁸η,

1958 2920 2292 2977 conﬁdenter
2320 2921 2556 2973 dicemus
2582 2938 2592 2970 :
2621 2918 2689 2971 Et
2719 2920 2762 2972 si
2793 2917 3043 2970 ambulem
3065 2919 3118 2968 in
3148 2915 3313 2967 medio
3337 2915 3534 2965 umbra:

1958 3013 2158 3073 mortis,
2182 3026 2284 3063 non
2308 3009 2490 3061 timebo
2520 3010 2678 3072 mala,
2709 3008 2947 3079 quoniam
2972 3014 3023 3057 tu
3039 3021 3232 3057 mecum
3255 3020 3309 3055 es
3325 3002 3400 3054 N‘.
3422 3001 3535 3056 Hoc

284 3108 505 3161 miliaret
544 3106 734 3160 oculos
779 3105 1133 3173 superborum
1177 3114 1222 3157 ο.
1262 3104 1627 3160 Exhibeamus
1669 3107 1742 3159 illi
1794 3115 1849 3160 et
1874 3097 1920 3160 C
1952 3101 2073 3170 igne
2098 3099 2396 3159 illuminati,
2422 3107 2476 3152 et
2498 3099 2565 3151 ad
2588 3098 2728 3151 sitim
2759 3111 2908 3164 aqua}
2937 3097 3068 3149 viva:
3096 3109 3191 3163 per
3217 3093 3350 3160 ignis
3376 3092 3533 3157 hujus

285 3198 529 3266 templum
558 3196 613 3248 in
643 3194 800 3249 nobis
827 3201 882 3247 et
909 3195 1248 3261 sacrilicium,
1275 3203 1630 3262 expurgantes
1658 3211 1774 3260 nos,
1807 3197 1851 3249 si

283 3290 562 3357 possimus,
592 3289 663 3353 (ο,
682 3285 851 3339 veteri
879 3284 1161 3349 fermento,
1196 3293 1255 3338 ut
1281 3283 1575 3339 efﬁciamur
1598 3286 1769 3355 azymi
1800 3295 1845 3351 Ρ,

282 3386 333 3431 et
356 3380 465 3447 ipse
507 3377 600 3446 qui
620 3391 719 3446 pro
744 3375 897 3430 nobis
918 3375 1221 3429 immolatus
1235 3382 1335 3437 est,
1353 3375 1404 3427 in
1425 3374 1580 3429 nobis
1608 3374 1849 3428 Christus

282 3470 535 3538 epuletur.

343 3560 392 3613 6.
430 3558 838 3613 Meminerimus
859 3571 957 3609 nos
978 3556 1044 3609 ab
1072 3563 1225 3609 utero
1256 3563 1410 3608 terra:
1436 3563 1491 3607 et
1517 3555 1848 3621 cognationis

284 3658 463 3703 nostra:
494 3655 825 3715 segregatos,
856 3645 1100 3714 Delphini
1127 3644 1261 3698 ﬁlios
1289 3659 1405 3697 esse
1435 3642 1620 3709 factos,
1651 3652 1709 3696 ut
1737 3643 1853 3697 elli-

284 3755 517 3793 ceremur
542 3739 617 3792 illi
641 3738 826 3807 pisces,
848 3737 934 3806 qui
964 3734 1321 3805 perambulant
1353 3736 1562 3787 semitas
1607 3736 1768 3787 maris
1799 3745 1845 3787 τι.

283 3826 669 3881 Meminerimus
700 3835 751 3880 te
778 3841 885 3879 non
923 3825 1095 3880 solum
1126 3833 1355 3892 patrem,
1398 3822 1494 3877 sed
1541 3831 1596 3877 et
1632 3823 1847 3876 Petrum

285 3917 424 3972 nobis
444 3932 569 3970 esse
592 3915 823 3969 factum:
850 3914 972 3981 quia
1003 3920 1057 3965 tu
1087 3913 1277 3966 misisti
1311 3913 1524 3964 hamum
1554 3912 1618 3965 ad
1647 3928 1733 3965 me
1767 3912 1845 3981 (ά)

282 4003 339 4056 de
363 4002 644 4073 profundis
674 4010 729 4056 et
758 4002 955 4055 amaris
999 4001 1154 4067 hujus
1179 4000 1345 4053 seculi
1388 3999 1632 4053 ﬂuctibus
1668 4008 1848 4054 extra-

282 4096 521 4163 hendum,
556 4106 616 4150 ut
644 4104 864 4165 captura
886 4094 1070 4147 salutis
1091 4093 1333 4146 el'ﬁcerer
1356 4110 1368 4143 :
1392 4100 1447 4146 et
1467 4092 1550 4145 cui
1580 4093 1845 4159 vivebam,

281 4195 471 4242 natura:
500 4202 774 4249 morerer;
802 4192 862 4239 ut
889 4184 975 4238 cui
1002 4190 1246 4237 mortuus
1275 4196 1439 4246 cram,
1482 4182 1714 4236 viverem
1742 4181 1848 4237 Do-

344 4378 369 4406 ι
398 4369 543 4423 Psal.
577 4382 736 4422 cxxvr
759 4407 775 4431 ,
814 4365 866 4420 i.
941 4365 967 4402 δ
999 4365 1018 4416 l
1047 4365 1168 4417 Cor.
1203 4380 1205 4386 π

344 4455 433 4483 me-
462 4455 539 4483 Ill-
559 4437 646 4483 19-
726 4435 744 4473 ῖ
778 4434 965 4483 Matth.
998 4449 1127 4483 XXII.
1148 4432 1205 4483 21

279 4437 696 4569 ὲῗίοξίῐὲἷίἶιῗῆ.
726 4435 744 4473 ῐ
1285 4432 1687 4567 Ιξοεὶῗοέίηῗιῖ

276 4592 359 4630 vui
386 4619 402 4643 ,
441 4576 497 4630 9.
580 4586 600 4612 τ
634 4574 821 4643 Matth.
857 4588 961 4643 xvn
987 4613 1000 4635 ,
1042 4571 1130 4625 26.

279 4638 450 4701 'Luc.
482 4662 632 4710 xxiv,
672 4642 759 4696 '52.
838 4652 862 4710 ξ
896 4641 1023 4695 Luc.
1054 4653 1146 4703 xu,
1180 4639 1274 4710 _49.
1311 4638 1567 4710 __Y_Hebr.
1601 4656 1691 4700 xu,
1724 4640 1815 4694 29.

278 4713 495 4769 Psalter.
526 4706 686 4768 Rom.
766 4721 819 4750 σε
850 4709 991 4764 Psal.
1024 4726 1139 4775 xu,
1170 4708 1223 4763 2.
1298 4706 1354 4745 ἀει
1387 4707 1525 4761 Psal.
1562 4725 1721 4773 xxxv,
1756 4710 1839 4763 10.

341 4872 356 4889 ‘
383 4870 532 4923 Alias
549 4867 647 4931 Ἃ,
681 4881 800 4934 quae
845 4873 1021 4917 autem
1068 4862 1129 4916 2|
1166 4869 1302 4934 erat,
1348 4861 1602 4934 nuncii2.
1633 4860 1845 4931 Scripta
1875 4865 1926 4925 D

278 4954 408 4992 anno
434 4939 564 5003 400,
589 4931 779 4990 eodem
810 4942 1049 5003 tempore
1075 4948 1180 5000 quo
1200 4931 1314 4984 dua:
1337 4933 1657 4999 superiores.

344 5011 419 5072 (at
454 4999 559 5060 Ms.
590 5006 741 5059 Vien.
766 4999 961 5067 codex,
980 4999 1103 5055 Cum
1122 5004 1258 5055 enim
1279 5016 1563 5069 peccamus,
1586 4999 1847 5054 vendimus

280 5093 363 5129 nos
390 5077 620 5129 diabolo.

288 5216 312 5226 ξ,
342 5145 415 5213 (b)
449 5145 542 5200 Sic
569 5160 669 5198 ms.
693 5141 847 5195 Vien.
877 5148 933 5195 et
956 5138 1084 5195 edit.
1115 5139 1263 5194 Grin.
1292 5148 1347 5193 et
1374 5138 1557 5194 Schot.
1588 5137 1709 5204 Alii,
1732 5153 1849 5207 pre-

281 5224 419 5351 Βοῖἓί
445 5283 548 5335 Ms.
578 5281 920 5340 Viennensis,
948 5289 1130 5351 vetere.

345 5344 535 5432 ('_d)._lta
572 5352 745 5407 codex
786 5351 939 5405 Vien.
990 5347 1254 5403 Particula
1291 5347 1355 5400 de
1390 5347 1544 5401 abest
1589 5361 1621 5401 a
1656 5344 1851 5401 ceteris

698 5489 851 5544 Vien.
880 5486 1070 5543 melius
1092 5502 1253 5557 quam
1268 5485 1359 5540 alii
1386 5485 1621 5551 codices,
1654 5485 1705 5539 in
1728 5482 1850 5551 qui-

349 5577 391 5611 S.
426 5570 667 5611 pretioso.

347 5570 690 5699 ῗὴιὶἶξίῖῗὲέ.
716 5644 839 5686 cum
856 5628 1011 5685 editis
1038 5634 1286 5696 quatuor,
1305 5626 1515 5681 monita.
1548 5623 1846 5698 ms;V’icn.,

285 5709 502 5752 moneta.

1953 3189 2198 3243 ardorem
2221 3190 2431 3243 accensi
2450 3189 2498 3240 in
2522 3186 2843 3240 desiderium
2855 3185 3082 3245 Domini,
3106 3198 3232 3237 vere
3252 3183 3490 3235 dicemus
3515 3197 3527 3231 :

1953 3280 2099 3334 Sicut
2127 3294 2296 3331 cervus
2320 3276 2574 3330 desiderat
2602 3275 2670 3328 ad
2692 3278 2857 3346 fontes
2878 3290 3148 3345 aquarum,
3172 3274 3244 3324 ita
3274 3269 3533 3322 desiderat

1951 3369 2124 3419 anima
2154 3384 2267 3419 mea
2295 3366 2363 3418 ad
2391 3375 2457 3430 te,
2490 3365 2627 3419 Deus
2662 3375 2736 3416 ου.
2768 3363 3021 3427 Quoniam
3051 3362 3188 3432 apud
3228 3369 3275 3413 te
3323 3360 3385 3429 (j)
3417 3361 3532 3430 fons

1951 3460 2068 3512 vita:
2087 3459 2128 3527 ⁷,
2152 3458 2274 3511 etin
2303 3459 2491 3513 lumine
2515 3466 2597 3508 tuo
2626 3454 2903 3508 videbimus
2933 3454 3100 3506 lumen
3131 3449 3186 3488 άά

2460 3563 2791 3619 EPISTOLA
2831 3564 2847 3583 ⁶
2886 3560 3024 3615 XXI.

1954 3677 2022 3731 In
2042 3677 2255 3732 exordio
2282 3686 2330 3727 et
2350 3676 2455 3744 ﬁne
2473 3673 2702 3744 epistola:
2730 3671 2906 3744 laudes
2921 3667 3256 3744 Carda'matss
3272 3666 3530 3744 Explicat...

2026 3748 2177 3801 Circa
2198 3732 2420 3797 medium
2448 3732 2719 3809 mbgniﬁce
2763 3736 3005 3809 describit
3034 3736 3232 3788 initium
3262 3732 3531 3803 Evangelii

2019 3816 2298 3875 Johannis,
2325 3821 2373 3864 et
2401 3808 2564 3880 ipsum
2593 3808 2976 3877 erangelistam.

2021 3907 2219 3961 Sancto
2259 3911 2314 3956 et
2358 3900 2551 3954 merito
2578 3895 2869 3952 venerabili
2914 3909 2977 3948 ac
3002 3892 3348 3946 dilectissimo
3377 3890 3549 3952 fratri

1957 3997 2180 4053 Ausuuo
2209 3994 2492 4047 PAULINUS.

2024 4088 2077 4141 1.
2120 4085 2402 4140 Volucrem
2431 4080 2655 4151 pedibus
2682 4085 2737 4132 et
2766 4077 2937 4131 levem
2966 4089 3125 4129 cursu
3157 4114 3173 4137 ,
3223 4074 3297 4125 ita
3328 4082 3385 4125 ut
3411 4085 3530 4125 cer-

1952 4182 2036 4236 vis
2058 4182 2072 4211 ¹
2092 4187 2145 4234 et
2161 4175 2368 4246 capreis
2387 4171 2577 4228 aemula
2592 4168 2909 4239 pernicitate
2929 4163 3277 4219 contenderet
3304 4160 3458 4214 Asael
3484 4162 3528 4224 ',

941 4363 967 4402 δ
999 4364 1018 4416 l
1047 4363 1168 4417 Cor.
1203 4380 1267 4428 x,
1300 4362 1352 4416 4.
1431 4373 1452 4401 ε
1485 4362 1635 4416 Matt.
1670 4380 1770 4427 vn,
1809 4364 1844 4416 2

1974 4363 1999 4399 ἀ
2032 4360 2226 4428 Μτιῑιιιἒ
2260 4375 2380 4420 xxr,
2413 4355 2500 4428 i2.
2579 4353 2826 4428 {J_ohan.
2862 4350 3060 4428 n,_1_5;
3097 4349 3254 4428 Prov.
3292 4363 3346 4401 Ill
3373 4387 3388 4413 ,

1313 4442 1337 4479 ε
1370 4430 1525 4485 Prov.
1555 4449 1659 4493 xw,
1686 4433 1737 4497 4,
1766 4448 1874 4486 sec.
1896 4431 2055 4485 LXX.

1767 4512 1791 4537 υ
1817 4502 1958 4555 Psal.
2000 4517 2090 4564 ix,
2127 4498 2213 4551 10.

1208 4580 1228 4604 ⁸
1254 4570 1442 4623 Matth.
1474 4560 1609 4633 xxn,
1643 4569 1739 4631 2|;
1774 4571 1938 4624 Marc.
1985 4582 2059 4623 xu
2080 4560 2099 4635 ⁷,
2126 4567 2224 4632 16;
2252 4566 2378 4621 Luc.
2412 4580 2510 4635 xx_,
2541 4560 2631 4614 24.

1893 4650 1916 4676 ι
1941 4638 2083 4695 Psal.
2099 4653 2243 4703 xxvn,
2267 4649 2315 4691 ι.

2134 4428 2158 4465 h
2191 4427 2325 4481 Gen.
2359 4415 2433 4488 in,
2460 4425 2513 4477 6.
2598 4423 2611 4460 ¹
2649 4423 2913 4481 Rom.vn,
2940 4419 3025 4488 M.
3105 4423 3119 4468 t
3153 4417 3316 4488 lCor.
3344 4429 3415 4488 vi,
3438 4415 3526 4488 2Q.

2296 4506 2320 4531 ο
2343 4485 2483 4550 Psal.
2518 4509 2624 4547 xvu
2649 4530 2663 4555 ,
2693 4490 2782 4543 28.
2859 4500 2884 4539 Ρ
2914 4488 2933 4540 l
2960 4487 3085 4542 Cor.
3109 4504 3163 4551 v,
3203 4487 3255 4538 8.
3331 4498 3357 4534 (ι
3386 4485 3525 4538 Psal.

2296 4582 2378 4619 uc.
2412 4580 2510 4619 xx.
2541 4560 2631 4614 24.
2711 4565 2728 4596 ι
2764 4558 2904 4611 Psal.
2936 4573 3010 4619 xi,
3042 4556 3094 4608 7.
3171 4564 3198 4590 υ
3229 4555 3357 4608 Lev.
3386 4570 3444 4617 x,
3476 4556 3528 4604 1.

2393 4642 2449 4671 ﬁ“
2474 4622 2606 4685 Luc.
2633 4626 2832 4693 xn,35.
2908 4625 2966 4663 δι’
2990 4625 3132 4679 Psal.
3156 4640 3263 4677 xxu
3282 4664 3298 4689 ,
3324 4622 3387 4690 4,
3418 4637 3531 4678 sec.

2026 4863 2102 4933 (g)
2126 4862 2214 4933 Sic
2241 4860 2371 4933 legit
2408 4857 2678 4933 Paulinus
2712 4851 2973 4933 epistLQS’)
3007 4849 3071 4933 ad
3096 4848 3453 4933 Severum,‘n.

1958 4918 2260 4986 Msflcodex
2286 4918 2622 4989 Viennensis,
2659 4918 2812 4992 juxta
2853 4920 3158 4989 Vulgatam,
3200 4928 3254 4973 et
3282 4918 3531 4986 psalteria

1957 5010 2111 5056 vetus
2142 5001 2321 5066 Rom.,
2352 4996 2567 5062 Gallic.,
2587 4993 2889 5064 scptuplum.

2028 5111 2113 5180 (Ιι)
2145 5108 2479 5180 Addidinlus,
2509 5106 2585 5158 vel
2606 5098 3007 5180 nom/iubebant,
3039 5114 3105 5180 ex
3122 5113 3245 5151 mss.
3293 5096 3443 5180 Vien.
3471 5099 3529 5180 βξ

1961 5160 2110 5246 Re‘g.’
2126 5160 2181 5233 et
2201 5160 2336 5231 edit.
2367 5160 2736 5246 Schotvquod
2778 5160 3128 5246 conﬁrmatur
3167 5182 3235 5221 ex
3272 5166 3428 5235 epist.
3460 5160 3529 5213 Η

1958 5250 2025 5303 ad
2045 5238 2251 5317 Kprum
2278 5253 2333 5299 et
2353 5238 2664 5305 Amandum,
2698 5256 2751 5293 n.
2775 5238 2827 5291 5.

2026 5351 2088 5421 (i)
2122 5349 2270 5401 Hanc
2290 5360 2477 5400 vocem
2507 5342 2655 5397 addit
2684 5355 2782 5393 ms.
2814 5338 2972 5392 Vien.

2027 5448 2095 5516 (j)
2126 5446 2216 5500 Sic
2247 5441 2585 5516 Augustinus
2604 5440 2654 5492 in
2677 5440 3059 5516 psalmum“,
3080 5450 3131 5487 v.
3159 5432 3224 5485 10
3246 5445 3367 5485 nov.
3390 5427 3521 5484 edit.

1953 5502 2187 5572 Verbum
2210 5523 2285 5567 est
2316 5502 2467 5566 abest
2495 5526 2525 5563 a
2548 5502 2733 5563 Grznco
2764 5502 2921 5558 LXX.

2028 5618 2101 5681 (ﬁ)
2143 5614 2279 5669 Edit.
2312 5612 2471 5666 Rosv.
2507 5609 2653 5664 addit
2698 5607 2749 5661 in
2784 5604 2885 5658 line
2924 5602 3121 5663 Valete,
3150 5606 3311 5668 pater.
