3966 6184
322 283 424 339 251

1453 272 1508 327 ε.
1554 264 1828 322 PAULlNl
1867 260 2117 317 NOLANI
2158 260 2460 317 EPISCOPI

3516 262 3627 317 ἓΞῖ

324 399 471 452 illum
528 392 746 448 fratrem
776 393 797 425 ⁸
826 393 960 447 Joab
1016 391 1071 445 in
1111 406 1265 445 sacra
1316 389 1625 457 Regnorum
1671 383 1902 438 admira-
1942 380 1989 436 A
2018 384 2166 440 Patri
2217 384 2412 439 Filium
2458 382 2749 447 nuntiavit,
2779 381 2832 435 in
2861 366 3062 449 Spiritu
3082 388 3274 435 sancto
3312 380 3425 434 Deo
3448 379 3624 433 Deum

322 503 443 540 mur
471 485 692 541 historia
724 494 770 535 ⁴.
801 482 909 536 Nec
938 497 1046 536 non
1072 482 1248 535 minus
1271 480 1420 534 illum
1448 480 1499 532 in
1528 475 1817 545 allophylis
1836 473 1916 541 gi-

321 586 537 645 gantem
564 585 838 644 stupemus
866 575 1104 642 legentes
1134 572 1181 637 θ’,
1204 572 1295 641 qui
1319 571 1457 625 ultra
1480 568 1699 623 humani
1721 580 1917 633 corpo-

322 670 396 721 ris
428 666 666 729 modum,
715 674 771 719 et
797 666 875 735 (a)
905 679 1209 718 mensuram
1252 663 1617 717 membrorum
1647 666 1913 721 creverat,

324 774 484 829 quem
514 758 659 812 senis
688 765 907 810 armatae
927 757 1106 823 digitis
1130 771 1341 820 manus,
1378 762 1435 808 et
1460 754 1681 807 totidem
1710 751 1920 821 pollici-

328 854 426 905 bus
447 852 711 906 articulati
741 850 908 920 pedes
938 850 1215 904 fortiorem
1262 849 1458 903 ceteris
1484 846 1919 912 vclocioremque

328 942 617 1007 iaciebant,
646 943 747 996 nisi
776 940 921 1009 quod
952 948 1138 994 contra
1162 939 1328 993 David
1357 954 1518 991 manu
1542 938 1636 991 Dei
1661 936 1922 990 dimican-

331 1035 460 1094 tem‘,
490 1039 545 1084 et
571 1030 770 1084 Christi
818 1029 1049 1097 imagine
1074 1044 1288 1098 semper
1316 1028 1591 1091 invictum,
1628 1024 1771 1079 nulla
1800 1038 1919 1077 ma-

330 1132 557 1186 gnorum
591 1118 714 1172 licet
762 1117 993 1170 hostium
1044 1132 1233 1170 manus
1288 1116 1562 1183 virtusque
1616 1112 1919 1182 praevaluit,

330 1210 543 1278 (b)quia
571 1210 621 1261 in
652 1208 843 1263 alienis
865 1207 1155 1275 grandibus
1180 1207 1414 1275 superba
1439 1205 1639 1259 diaboli
1662 1201 1921 1257 exaltatio

333 1299 705 1367 dejicicbatur,
733 1307 787 1353 et
818 1300 869 1351 in
910 1299 1115 1367 pusillis
1165 1298 1364 1351 nostris
1395 1296 1414 1326 ⁸
1444 1295 1745 1351 humilitate
1783 1308 1921 1363 pra:-

331 1400 524 1461 potens
552 1392 805 1445 salutaris
834 1392 928 1445 Dei
951 1390 1121 1445 forma
1147 1390 1419 1444 vincebat.
1452 1424 1457 1428 ι

400 1480 455 1533 2.
496 1481 603 1535 Sed
640 1496 979 1535 recurremus
1006 1480 1073 1533 ad
1103 1480 1342 1549 epistola:
1370 1486 1550 1547 caput,
1590 1480 1744 1548 112
1778 1475 1923 1544 quod

334 1570 356 1600 ⁸
384 1585 414 1622 a
445 1570 670 1637 pedibus
725 1570 1112 1633 inchoavimus,
1167 1578 1226 1624 ut
1279 1584 1554 1625 cursorem
1594 1568 1923 1642 dominicum

333 1662 350 1716 l
359 1661 413 1713 id
440 1670 515 1713 est
541 1676 753 1715 servum
783 1661 1020 1724 Domini;
1045 1662 1147 1714 rid.
1179 1676 1267 1729 ep.
1297 1660 1384 1719 40,
1405 1676 1458 1714 ιι.
1477 1659 1922 1727 3)Cardamatem

2021 493 2279 538 cernens;
2316 477 2443 545 quia
2483 475 2537 529 in
2567 474 2685 543 ipso
2723 472 2956 527 Trinitas
2999 472 3307 526 Divinitatis
3342 472 3622 541 impletur,

2021 583 2077 628 et
2104 588 2210 627 una
2254 570 2533 625 Trinitatis
2579 568 2839 622 Divinitas
2883 566 3141 620 cernitur.
3193 564 3427 634 Spiritus
3474 568 3624 618 enim

2021 664 2138 729 Dei,
2168 664 2307 719 sicut
2328 670 2383 716 et
2411 660 2646 714 Verbum
2671 658 2784 721 Dei,
2810 657 2951 711 Deus
2976 665 3203 724 uterque
3233 656 3285 708 in
3314 671 3419 709 uno
3442 657 3627 723 capite

2020 762 2408 825 permanente;
2439 760 2495 807 et
2524 766 2589 805 ex
2620 766 2729 803 uno
2758 747 2935 802 Patris
2976 746 3125 801 fonte
3172 755 3476 810 manantes,
3526 744 3627 799 sed

2022 847 2190 901 Filius
2222 844 2511 909 nascendo,
2558 841 2790 911 Spiritus
2818 838 3185 909 procedendo,
3214 837 3362 893 salva
3390 836 3627 904 quisque

2020 952 2373 1007 personarum
2393 950 2609 990 suarum
2631 932 2981 1001 proprietate,
2998 929 3235 985 distincti
3256 930 3438 1000 potius
3457 945 3626 998 quam

2022 1026 2177 1084 divisi
2206 1034 2369 1080 erunt
2396 1026 2551 1095 (forte
2574 1024 2673 1094 leg.
2704 1022 2874 1090 sunt).

2094 1117 2149 1173 4.
2185 1116 2462 1171 Johannes
2492 1117 2654 1183 igitur
2688 1117 2880 1169 beatus
2907 1114 3160 1169 dominici
3196 1114 3430 1178 pectoris
3449 1113 3623 1168 cuba-

2026 1222 2112 1267 tor
2127 1209 2154 1249 ιι
2167 1214 2210 1273 ⁹,
2228 1210 2321 1279 qui
2342 1223 2533 1263 sensus
2558 1209 2598 1239 ¹⁰
2621 1206 2885 1261 creaturis
2905 1206 3157 1260 omnibus
3176 1205 3399 1259 altiores
3415 1220 3481 1259 ex
3502 1204 3626 1273 ipso

2024 1301 2305 1359 creatricis
2327 1300 2567 1354 omnium
2613 1313 2791 1351 rerum
2839 1297 3002 1350 corde
3053 1296 3332 1364 sapientia:
3372 1296 3622 1359 biberat,

2026 1393 2323 1448 inebriatus
2358 1390 2512 1460 113
2543 1387 2745 1457 Spiritu
2774 1396 2982 1451 sancto,
3014 1388 3108 1456 qui
3154 1397 3415 1441 scrutatur
3461 1391 3624 1442 etiam

2027 1486 2136 1539 alta
2178 1484 2271 1539 Dei
2308 1483 2353 1549 ι,
2385 1484 2453 1537 ab
2483 1484 2600 1551 ipso
2631 1481 2820 1535 intimo
2847 1489 2904 1534 et
2929 1479 3139 1535 inﬁnito
3178 1482 3418 1535 omnium
3462 1483 3625 1551 prin-

2027 1576 2291 1644 cipiorum
2319 1572 2595 1640 Evangelii
2640 1571 2768 1625 fecit
2797 1570 3113 1633 exordium;
3145 1586 3253 1639 quo
3300 1586 3409 1625 uno
3435 1574 3624 1627 omnia

2029 1667 2249 1730 diaboli,
2275 1681 2396 1734 quae
2426 1666 2478 1719 in
2502 1663 2770 1718 haereticis
2808 1663 3029 1723 latrant,
3059 1677 3155 1716 ora
3183 1662 3523 1717 clauduntur.
3550 1662 3626 1718 Et

332 1750 556 1817 signatis
586 1750 639 1805 in
690 1751 806 1817 lege
833 1751 1011 1805 divina
1042 1752 1385 1818 antiquorum
1429 1750 1694 1803 velocium
1738 1749 1923 1803 laude-
1954 1743 2000 1802 B
2026 1758 2196 1827 prima
2216 1756 2327 1809 Arii
2356 1756 2533 1821 lingua
2562 1752 2907 1823 pmiditur:
2938 1749 3033 1805 sed
3059 1759 3115 1805 et
3141 1750 3359 1805 Sabellii
3380 1752 3453 1817 (c)
3475 1751 3625 1806 blas-

331 1855 450 1893 mus
477 1840 757 1909 exemplis.
792 1840 1051 1893 Subvenit
1080 1841 1261 1909 itaque
1283 1839 1438 1893 nobis
1465 1846 1521 1892 et
1542 1839 1607 1893 de
1629 1838 1920 1905 Evangelio

330 1931 683 1985 adolescentis
712 1932 943 2001 apostoli
992 1933 1147 1986 beata
1170 1931 1431 1985 velocitas
1478 1930 1587 1994 illa,
1618 1946 1723 2000 qua
1770 1932 1792 1961 ⁸
1822 1930 1924 1984 Pe-

332 2030 474 2075 trum
514 2020 705 2075 aﬂ'ectu
737 2022 988 2077 currendi
1018 2037 1238 2090 parem,
1266 2020 1361 2075 sed
1388 2020 1609 2088 majoris
1636 2020 1735 2073 ιιινί
1787 2035 1924 2088 pon-

334 2114 463 2167 dere
488 2113 799 2176 tardiorem,
831 2114 898 2168 ad
927 2114 1231 2182 sepulcrum
1254 2113 1465 2167 Domini
1496 2114 1843 2181 praecucurrit
1872 2122 1919 2177 c;

332 2212 393 2256 ut
421 2206 867 2258 resurrectionem
888 2205 1129 2272 corporis
1154 2204 1303 2271 prior
1330 2203 1635 2271 inspiceret,
1658 2203 1747 2270 qui
1777 2202 1924 2256 solus

334 2293 387 2345 in
435 2302 655 2361 pectore
704 2293 1054 2348 recumbebat
1087 2290 1135 2345 δ.
1169 2293 1321 2347 Unde
1349 2294 1591 2361 geminos
1620 2294 1673 2346 in
1710 2293 1922 2346 alveum

334 2384 512 2437 cordis
537 2385 615 2436 sui
645 2392 879 2439 traxerat
907 2383 1098 2449 fontes,
1122 2401 1258 2452 quos
1283 2386 1335 2438 in
1364 2386 1549 2439 orbem
1573 2385 1712 2438 idem
1735 2392 1923 2453 postea

335 2474 697 2531 Revelationis
728 2477 803 2545 (id
827 2488 902 2531 est
931 2478 1306 2548 Apocalypsis)
1348 2486 1404 2532 et
1436 2477 1704 2545 Evangelii
1748 2494 1923 2548 prmco

334 2564 570 2631 dilludit;
596 2576 651 2620 et
672 2567 813 2621 illam
840 2568 1111 2622 carnalem
1142 2569 1475 2623 alacritatem
1497 2570 1711 2637 pedum,
1735 2577 1921 2638 postea

335 2658 593 2725 speciosis
622 2660 769 2713 verbi
794 2660 1017 2729 pedibus
1038 2667 1152 2714 toto
1173 2676 1271 2729 per
1297 2661 1526 2730 populos
1553 2660 1685 2716 orbe
1711 2660 1922 2716 discur-

335 2762 462 2802 rens
489 2749 1018 2818 spiritalivelocitate
1045 2752 1351 2821 complevit.

406 2838 457 2892 5.
500 2839 644 2894 Idem
676 2841 811 2895 ultra
841 2843 1080 2896 omnium
1103 2850 1346 2912 tempora
1370 2843 1740 2912 apostolorum
1766 2852 1926 2898 aetate

335 2930 599 3001 producta
640 2938 947 3001 postremus
970 2931 1244 3002 Evangelii
1274 2936 1506 3005 scriptor
1533 2932 1694 2989 fuisse
1717 2952 1925 2990 memo-

338 3033 515 3089 ratur;
549 3033 628 3089 ut,
658 3026 796 3079 sicut
823 3026 890 3081 de
920 3027 1037 3096 ipso
1066 3027 1172 3081 Vas
1201 3027 1479 3082 electionis
1508 3028 1602 3093 ait,
1634 3028 1787 3097 quasi
1834 3045 1927 3084 co-

2022 1846 2241 1917 phemia
2272 1854 2551 1909 vacuatur,
2586 1858 2707 1898 cum
2737 1841 2928 1897 eadem
2960 1840 3249 1896 Piscatoris
3297 1842 3465 1897 nostri
3494 1858 3625 1897 sen-

2024 1937 2193 1991 tentia
2223 1944 2279 1990 et
2307 1935 2481 1989 unitas
2506 1934 2585 2002 (d)
2612 1932 2840 1987 Deitatis
2871 1933 2923 1985 in
2953 1930 3111 1985 Patre
3131 1939 3188 1986 et
3214 1930 3371 1997 Filio,
3403 1938 3458 1985 et
3479 1932 3625 1985 divi-

2024 2029 2105 2082 sio
2124 2026 2523 2096 personalitatis
2542 2024 2880 2093 exprimitur.
2906 2022 3110 2077 Eodem
3139 2023 3372 2091 capitulo
3392 2032 3448 2078 et
3474 2022 3645 2077 Pho-.

2025 2118 2194 2184 tinus,
2226 2116 2445 2171 humani
2474 2122 2683 2168 tantum
2713 2115 2765 2167 in
2795 2113 3008 2168 Christo
3030 2112 3241 2168 exordii
3268 2113 3490 2168 demens
3508 2130 3624 2167 ma-

2026 2208 2217 2275 gister,
2268 2206 2575 2274 exploditur
2603 2222 2616 2258 :
2652 2212 2709 2259 et
2738 2204 3007 2269 Marcion,
3037 2204 3128 2273 qui
3181 2203 3348 2258 Deum
3400 2203 3534 2272 legis
3562 2214 3624 2257 et

2027 2296 2593 2365 Evangeliidiscernit,
2622 2294 2978 2361 exstinguitur
3002 2312 3016 2346 :
3042 2300 3099 2349 et
3127 2294 3470 2358 Manichaaus,
3504 2296 3623 2348 veri

2035 2389 2311 2443 Creatoris
2339 2396 2569 2455 negator
2613 2394 2670 2442 et
2714 2386 2834 2440 falsi
2866 2386 3143 2449 conlictor,
3174 2386 3459 2453 obteritur,
3488 2387 3623 2441 sub-

2027 2485 2174 2531 texta
2232 2478 2376 2533 illico
2431 2476 2673 2546 ejusdem
2728 2476 3124 2542 supercmlestis
3173 2475 3446 2543 Evangelii
3484 2492 3626 2531 voce

2028 2571 2283 2626 confusus
2317 2588 2329 2623 :
2363 2568 2770 2638 (supercmleste
2798 2568 2903 2621 hoc
2948 2566 3299 2634 Evangelium
3329 2568 3460 2632 dixi,
3490 2568 3622 2636 quia

2028 2663 2307 2718 exordium
2339 2661 2457 2729 ejus
2484 2660 2553 2713 ab
2581 2674 2645 2714 ea
2671 2659 2879 2727 origine
2903 2673 3022 2727 qua:
3045 2673 3207 2728 super
3232 2674 3423 2713 omnes
3449 2659 3625 2714 003108

2027 2762 2083 2807 et
2105 2761 2229 2807 ante
2257 2752 2438 2807 omnia
2467 2749 2648 2805 secula
2671 2757 2773 2813 est,
2805 2749 3137 2816 inchoatur,)
3165 2748 3289 2817 quia
3319 2748 3387 2802 de
3412 2748 3518 2803 hoc
3539 2750 3621 2815 (c)

2028 2844 2121 2898 Dei
2153 2844 2331 2898 Verbo
2362 2842 2474 2897 Deo
2511 2840 2661 2896 audit
2694 2858 2707 2894 :
2760 2837 2951 2894 Omnia
2978 2858 3070 2912 per
3090 2842 3257 2910 ipsum
3287 2843 3428 2911 facta
3472 2850 3619 2903 sunt,

2028 2946 2077 2991 et
2105 2937 2217 2989 sine
2245 2935 2359 3005 ipso
2383 2935 2577 3004 factum
2606 2940 2684 2987 est
2716 2931 2847 2986 nihil
2894 2935 2938 2983 ι.
2970 2929 3284 2985 Gnostieum
3311 2945 3441 2986 vero
3472 2930 3623 2987 falsa:

2030 3028 2269 3083 scientiae
2320 3025 2539 3080 nomine
2591 3024 2950 3093 gloriantem,
2998 3030 3053 3079 et
3091 3039 3306 3079 omnem
3352 3040 3625 3095 perversae

338 3112 519 3168 lnmna
550 3113 941 3169 ﬁrmamentum
971 3115 1233 3186 adjiceret
1263 3118 1624 3172 lundamentis
1651 3116 1920 3183 Ecclesiae,
1953 3106 1998 3169 C
2030 3118 2225 3172 mentis
2247 3116 2578 3171 intellectum
2602 3115 2654 3168 in
2682 3115 2825 3168 aeria
2852 3115 3093 3185 quaedam
3110 3114 3486 3184 phantasmata
3503 3117 3623 3170 vel-

338 3206 547 3274 priores
576 3208 594 3235 "
618 3204 890 3271 Evangelii
911 3209 1203 3275 scriptores
1224 3224 1463 3262 consona
1485 3212 1773 3263 autoritate
1796 3226 1927 3263 con-

340 3297 589 3356 ﬁrmans;
619 3298 837 3351 ultimus
865 3308 1021 3353 autor
1069 3300 1120 3353 in
1154 3300 1273 3354 libri
1304 3308 1565 3368 tempore,
1599 3301 1692 3355 sed
1723 3302 1927 3369 primus

340 3387 393 3440 in
424 3388 600 3455 capite
624 3390 975 3455 sacramenti;
1000 3391 1200 3459 quippe
1229 3390 1319 3459 qui
1346 3391 1493 3445 solus
1522 3406 1553 3444 e
1573 3400 1807 3459 quatuor
1830 3391 1923 3444 llu-

339 3476 573 3529 minibus
594 3492 659 3530 ex
685 3478 801 3547 ipso
822 3494 1032 3533 summo
1054 3478 1217 3532 divini
1240 3480 1427 3548 capitis
1448 3479 1596 3534 fonte
1614 3481 1925 3549 decurrens,

338 3568 405 3622 de
436 3568 576 3623 nube
600 3570 815 3623 sublimi
847 3578 999 3624 tonat
1030 3590 1041 3623 :
1078 3570 1144 3625 In
1173 3572 1429 3642 principio
1456 3582 1566 3625 erat
1610 3571 1850 3637 Verbum,
1878 3580 1951 3627 et.

348 3656 570 3711 Verbum
598 3668 711 3711 erat
758 3661 899 3727 apud
944 3660 1126 3726 Deum,
1174 3672 1224 3714 et
1253 3660 1394 3715 Deus
1438 3672 1551 3716 erat
1606 3662 1828 3716 Verbum
1878 3672 1923 3717 ο.

338 3746 692 3803 'l‘ranscendit
720 3748 983 3823 'Moyscn,
1014 3752 1105 3821 qui
1132 3768 1301 3820 usque
1345 3753 1411 3807 ad
1441 3763 1602 3823 caput
1640 3756 1821 3809 mundi
1874 3764 1931 3810 et

338 3840 627 3893 visibilium
656 3850 1027 3896 creaturarum
1057 3843 1279 3897 exordia
1306 3844 1545 3898 scientia:
1566 3845 1824 3900 terminos
1845 3846 1930 3900 vel

322 3930 456 3983 acie
485 3932 506 3963 ⁸
535 3932 729 3986 mentis
757 3932 1014 3987 extendit.
1049 3932 1153 3989 Iste
1174 3942 1227 3987 et
1248 3936 1588 4004 evangelistis
1606 3938 1819 3999 ceteris,
1844 3938 1931 3993 vel

343 4022 412 4074 ab
454 4021 691 4075 humano
721 4021 1018 4077 Salvatoris
1046 4033 1167 4078 ortu
1196 4023 1239 4090 τ,
1271 4026 1355 4078 vel
1402 4042 1431 4078 a
1463 4028 1643 4096 typico
1676 4029 1807 4090 legis
1836 4045 1930 4083 sa-

340 4110 567 4174 crilicio,
592 4111 720 4163 vela
737 4112 1053 4180 prophetico
1077 4114 1423 4180 przecursoris
1450 4114 1701 4183 Baptista;
1726 4133 1931 4186 przeco-

346 4199 436 4252 nio
463 4197 811 4265 Evangelium
835 4202 1241 4256 resurrectionis
1256 4204 1463 4257 exorsis
1486 4206 1644 4260 altius
1671 4208 1859 4262 volans
1882 4219 1929 4276 ρ,

344 4290 652 4359 penetravit
706 4297 761 4342 et
813 4291 981 4345 caelos
1013 4309 1025 4343 :
1061 4306 1237 4360 neque
1293 4293 1345 4347 in
1388 4296 1593 4363 angelis
1636 4300 1932 4365 stetit,sed

344 4379 695 4447 archangelos
737 4395 974 4450 quoque,
1026 4390 1083 4437 et
1122 4399 1310 4439 omnes
1356 4385 1587 4456 desuper
1635 4399 1931 4458 creaturas,

2030 3219 2089 3264 ut
2108 3210 2337 3280 spiritali
2371 3208 2733 3279 corporalium
2767 3221 2948 3261 rerum
2978 3208 3360 3275 imaginatione
3396 3215 3622 3263 verten-

2030 3312 2158 3367 tem,
2177 3301 2243 3355 ad
2271 3300 2428 3355 ﬁdem
2450 3300 2626 3355 carnis
2652 3299 2707 3353 in
2735 3297 2949 3353 Christo
2971 3298 3113 3365 cogit
3133 3296 3270 3351 idem
3292 3307 3466 3361 antor,
3494 3314 3626 3354 cum

2031 3393 2098 3447 de
2124 3391 2313 3446 eodem
2339 3391 2536 3456 Verbo,
2560 3389 2703 3459 quod
2729 3398 2847 3443 erat
2875 3388 3016 3458 apud
3053 3387 3218 3441 Deum
3250 3388 3409 3451 Deus,
3441 3389 3571 3443 dicit
3604 3409 3621 3443 :

2035 3481 2100 3534 Et
2140 3480 2361 3534 Verbum
2384 3497 2505 3534 caro
2539 3480 2731 3549 factum
2752 3487 2827 3531 est
2858 3471 2906 3530 δί.
2937 3476 3053 3530 Νοιι
3076 3484 3275 3541 tamen,
3308 3484 3365 3531 ut
3389 3478 3477 3531 alii
3497 3478 3627 3545 qui-

2031 3574 2155 3627 dam
2177 3573 2506 3642 serpentium
2536 3572 2753 3627 sik‘lare
2780 3570 3048 3632 dicuntur,
3082 3568 3155 3622 ita
3185 3583 3312 3623 caro
3341 3568 3528 3633 factus,
3560 3578 3628 3623 ut

2034 3680 2063 3718 a
2088 3680 2181 3718 sua
2212 3672 2403 3717 natura
2426 3662 2681 3730 migraret
2711 3662 2762 3714 in
2793 3668 3067 3723 nostram;
3107 3658 3223 3722 sed,
3256 3668 3313 3712 ut
3337 3660 3402 3729 (Γ)
3425 3675 3627 3714 secun-

2031 3755 2157 3809 dum
2200 3770 2259 3809 se
2306 3767 2592 3807 remanens
2620 3751 2766 3821 quod
2812 3759 2946 3816 erat,
2970 3758 3194 3820 propter
3220 3757 3319 3805 nos
3361 3751 3626 3821 inciperet

2032 3861 2152 3900 esse
2180 3844 2323 3912 quod
2347 3860 2452 3897 non
2475 3850 2609 3897 erat.

2107 3936 2158 3991 5.
2201 3938 2429 3991 Nimium
2463 3937 2619 4005 longe
2647 3935 2938 4006 provehor,
2972 3933 3095 3989 dum
3128 3934 3492 3989 unanimitatis
3514 3942 3631 3989 tuae

2035 4028 2362 4096 indulgentia
2383 4028 2459 4083 sic
2480 4028 2696 4095 abutor,
2726 4034 2784 4080 ut
2810 4040 2908 4079 nec
2928 4025 3264 4093 multiloquio
3293 4024 3513 4094 fatigare
3542 4035 3623 4092 te,

2036 4134 2135 4175 nec
2183 4117 2485 4187 insipientia
2536 4130 2722 4169 errare
2767 4114 2905 4183 apud
2955 4120 3007 4167 te
3046 4128 3251 4167 verear.
3298 4113 3423 4168 Scio
3451 4114 3623 4177 enim,

2037 4212 2159 4280 quia
2180 4228 2292 4264 rum
2313 4211 2384 4263 sis
2410 4211 2639 4279 sapiens,
2663 4207 2877 4261 libenter
2898 4214 3074 4260 tamen
3094 4207 3417 4276 insipientem
3437 4206 3453 4243 ι
3471 4216 3629 4262 tuum

2036 4313 2234 4375 portas,
2260 4318 2358 4373 per
2377 4318 2495 4354 eam
2513 4301 2790 4355 caritatem
2815 4314 2933 4369 quae
2958 4288 3132 4353 amnia
3147 4302 3381 4363 sustinet,
3403 4308 3450 4353 et
3472 4317 3630 4353 num-

2040 4412 2193 4465 quam
2223 4395 2413 4447 excidit
2444 4392 2701 4447 m.Dicam
2724 4398 2903 4445 tamen
2921 4390 3031 4458 jam
3062 4390 3213 4452 mihi,
3246 4398 3305 4445 ut
3331 4390 3629 4445 custodiam

345 4470 588 4533 virtutes,
616 4471 967 4542 principatus,
1015 4474 1433 4541 dominationes,
1484 4478 1709 4531 thronos
1744 4495 1932 4548 super-
1959 4477 2010 4533 D
2035 4486 2143 4537 vias
2172 4485 2320 4538 verbi
2343 4485 2465 4547 mei,
2489 4500 2555 4536 ne
2582 4483 2877 4552 delinquam
2904 4483 2957 4534 in
2979 4482 3156 4551 lingua
3182 4498 3295 4535 mea
3318 4482 3473 4550 ",sed
3490 4498 3633 4550 pau-

346 4575 582 4629 gressus,
612 4564 662 4618 in
696 4564 866 4633 ipsum
896 4581 955 4620 se
973 4565 1284 4621 Creatorem
1309 4568 1475 4621 ardua
1504 4578 1681 4623 mente
1701 4571 1925 4638 direxit;

346 4661 403 4705 et
443 4652 510 4705 ab
540 4653 627 4707 illa
659 4655 908 4710 ineffabili
938 4657 1286 4724 generatione
1315 4658 1548 4723 ordiens,
1581 4668 1927 4727 comternum,

346 4753 404 4799 et
424 4747 957 4815 consubstantialem,
979 4752 1492 4820 coomnipotentem,
1524 4760 1579 4807 et
1617 4754 1933 4823 coopiiicem

423 4888 444 4917 ι
476 4878 517 4933 ll
542 4880 618 4933 Re

350 4968 387 5014 ι,
434 4951 493 5014 1;
534 4950 670 5005 Gen.
713 4969 758 5016 ι,
790 4953 839 5007 1.
922 4950 1151 5007 fMatth.
1189 4958 1307 5017 I,‘l-.

351 5022 365 5070 l
406 5018 598 5091 .lolnan.
624 5037 669 5087 ι,
701 5022 751 5074 5.
830 5022 855 5059 ¹ι
883 5020 1077 5078 Joban.
1109 5040 1147 5091 ι,
1182 5024 1266 5077 14.

1350 5023 1366 5062 1
1399 5022 1443 5077 ll
1481 5023 1609 5079 Cor.
1645 5042 1726 5090 χι,
1778 5025 1865 5079 19.

350 5100 377 5139 ιι
408 5089 548 5144 Psal.
580 5108 676 5154 cn,
704 5091 759 5145 5.

420 5200 498 5336 (αξ
529 5200 604 5253 lta
636 5217 736 5256 ms.
768 5202 925 5258 Vien.
958 5212 1012 5257 et
1030 5202 1279 5259 Sacchin.
1310 5203 1434 5271 Alii,
1464 5221 1727 5258 mensura.

422 5272 475 5336 (b
531 5270 667 5325 Ante
690 5281 807 5326 erat
835 5290 954 5336 qua.
981 5272 1057 5326 Ex
1098 5291 1195 5327 ms.
1224 5274 1515 5330 Viennensi
1545 5275 1727 5329 codice

422 5280 498 5341 (υ)
531 5280 667 5325 Ante
690 5281 807 5326 erat
835 5290 954 5343 qua.
984 5280 1057 5326 Ex
1098 5291 1195 5327 ms.
1227 5280 1307 5328 Vit

349 5343 554 5412 suimus
575 5344 717 5412 quia,
741 5343 1008 5396 sententia
1039 5345 1307 5412 exigente.

621 4895 671 4949 g.
705 4899 762 4949 ιι,
795 4882 878 4937 l8.
954 4882 1017 4935 δί
1043 4883 1172 4952 Reg.
1201 4900 1327 4948 xvu,
1359 4882 1407 4935 4.
1441 4882 1483 4937 ll
1512 4883 1641 4951 Reg.
1678 4884 1895 4949 “1,20.

2035 4882 2319 4952 lohan.xﬁx,
2344 4881 2399 4938 4.
2474 4878 2499 4917 ἀ
2532 4880 2723 4952 Johan.
2748 4895 2862 4945 xm,
2887 4878 2978 4946 25,
3001 4887 3056 4952 et
3075 4877 3303 4952 xxl,‘%_0.

1386 4963 1410 5001 8
1438 4953 1565 5009 Luc.
1595 4971 1632 5019 ι,
1674 4954 1741 5019 5;
1775 4956 1941 5010 Marc.
1973 4972 1989 5010 ι
2017 4997 2030 5020 ,
2061 4954 2113 5009 2.

1946 5036 1983 5062 ω
2016 5018 2031 5080 Ι
2061 5025 2184 5078 Cor.
2224 5039 2349 5087 χιιι,
2373 5022 2426 5075 7.
2502 5030 2527 5057 ιι
2561 5020 2700 5074 Psal.
2732 5035 2963 5081 xxxvm,
2990 5018 3042 5071 2.

531 5270 667 5325 Ante
690 5281 807 5326 erat
835 5290 954 5343 qua.
981 5272 1057 5326 Ex
1098 5291 1195 5327 ms.
1224 5274 1515 5330 Viennensi
1545 5275 1730 5329 codice
1774 5288 1936 5342 repo-

2034 4574 2110 4627 cis
2137 4574 2457 4629 descendam
2490 4574 2540 4627 in
2562 4570 2959 4633 Cardamatem,
2989 4571 3041 4624 id
3062 4579 3162 4636 est,
3189 4571 3433 4626 Asaelem
3459 4574 3495 4603 ¹¹
3526 4589 3633 4628 ηο-

2035 4671 2228 4729 strum,
2276 4661 2426 4730 cujus
2454 4662 2606 4731 pedes
2637 4669 2897 4731 tamquam
2925 4661 3058 4712 σενιτὶ
3086 4662 3374 4731 perferistis
3397 4670 3443 4725 τ’,
3464 4677 3635 4715 reno-

2035 4754 2211 4807 vando
2228 4755 2366 4808 sicut
2385 4752 2575 4821 aquila:
2589 4751 2924 4820 juventutem
2939 4750 3055 4817 ejus
3078 4762 3101 4798 P
3122 4766 3219 4819 per
3245 4751 3633 4807 abundantiam

3383 4878 3636 4938 °Johan.

3197 4948 3208 4985 ί
3247 4949 3265 5001 l
3292 4948 3419 5002 Cor.
3446 4964 3503 5014 ιι,
3539 4950 3631 5005 10.

3123 5030 3147 5052 ι·
3178 5018 3222 5072 ll
3254 5018 3387 5087 Reg.
3426 5035 3490 5083 ιι,
3536 5020 3635 5075 18.

2194 4952 2215 4990 ³³
2243 4951 2433 5005 Johan.
2467 4967 2561 5005 xm
2585 4992 2598 5012 ,
2641 4949 2738 5011 25;
2771 4957 2827 5003 et
2853 4965 2981 5014 χχι,
3024 4949 3112 5002 Q0.

2120 5211 2189 5269 (ε)
2228 5204 2307 5255 lta
2340 5216 2674 5268 reposuimus
2708 5216 2773 5255 ex
2806 5215 2931 5254 mss.
2959 5199 3091 5264 Reg.
3118 5206 3178 5269 et
3204 5197 3356 5251 Vien.
3391 5207 3444 5251 et
3471 5200 3638 5258 editis

2040 5268 2301 5340 quatuor:
2331 5280 2384 5323 et
2413 5271 2489 5323 sic
2515 5269 2765 5325 Paulinus
2786 5271 2944 5340 epist.
2972 5269 3040 5340 22’;
3065 5268 3128 5321 ad
3154 5268 3439 5340 Severum,
3465 5287 3537 5340 Διι.
3571 5274 3634 5332 ‘2,

2039 5338 2192 5405 dixit,
2231 5343 2325 5395 Dei
2365 5340 2583 5395 Verbum
2632 5338 2835 5394 Deum;
2864 5339 2963 5393 Ed.
3019 5339 3207 5403 Rosv.,
3238 5340 3303 5392 de
3331 5338 3423 5393 hoc
3464 5338 3638 5396 Verbo

422 5415 494 5482 (c)
536 5411 612 5465 lta
637 5427 767 5467 mss.
807 5412 962 5467 Vien.
994 5421 1049 5466 et
1074 5411 1204 5483 Reg.
1244 5415 1301 5469 ln
1328 5414 1557 5480 ceteris,
1602 5413 1937 5485 blasphemia:
2040 5412 2137 5465 Dei
2156 5412 2333 5485 audit.

354 5491 655 5536 vacuantur.

385 5623 393 5630 ι
427 5554 504 5623 (d)
543 5554 632 5612 Sic
660 5569 787 5609 mss.
812 5552 946 5621 Reg.
971 5561 1026 5609 et
1054 5553 1207 5609 Vien.
1248 5553 1352 5609 Alii
1391 5555 1638 5621 codices,
1678 5552 1938 5608 Divinita-

359 5631 440 5674 818.

2113 5482 2181 5552 (f)
2223 5478 2533 5552 Addidimus
2561 5484 2841 5540 secundum
2870 5496 2926 5534 se
2950 5495 3016 5535 ex
3049 5493 3176 5533 mss.
3224 5477 3358 5546 Reg.
3389 5485 3442 5533 et
3470 5475 3646 5534 Vien.

2042 5562 2097 5607 et
2120 5549 2279 5608 editis
2301 5549 2452 5605 Grin.
2477 5558 2533 5604 et
2559 5555 2750 5611 Schot.
