3966 6184
197 270 287 334 εδδ
1534 263 1678 320 EI’IS
1693 262 1752 318 ἰ(

1853 291 1863 318 ι
1903 261 2061 320 XXII.
3335 276 3450 342 255

195 388 462 448 dilectionis
477 394 690 454 vestrae,
717 398 827 454 qua
859 384 1007 438 illum
1034 390 1282 452 respectu
1304 380 1626 436 humilitatis
1649 397 1748 434 no—
1777 382 1827 438 A
1855 387 1910 432 et
1929 379 2253 434 exorcistam
2276 381 2554 439 dmmoniis
2577 387 2868 442 terribilem
2898 391 3217 450 videremus.
3241 394 3320 452 De
3342 411 3442 456 ce-

196 491 299 537 stne
321 485 608 547 susceptum
629 474 985 530 constituistis
1010 474 1063 527 in
1094 472 1245 526 atriis
1271 471 1462 526 domus
1493 471 1741 534 Domini,
1849 479 1988 533 tero,
2022 469 2207 536 frater,
2240 481 2294 526 et
2324 474 2521 542 ipsum,
2547 485 2604 531 ct
2625 492 2816 533 omnes
2832 491 3062 547 nostros,
3093 495 3148 540 ct
3170 504 3266 543 nos
3294 489 3441 560 ipsos

196 582 244 626 ut
260 569 327 639 (α)
354 568 547 638 plenius
573 565 780 621 homini
825 565 959 619 liber
1001 572 1164 630 esset,
1194 578 1317 617 cum
1358 560 1556 615 Christi
1586 561 1748 614 liber-
1846 562 2290 617 commendamus
2313 566 2486 628 vobis,
2508 575 2566 621 ut
2586 583 2684 637 per
2710 586 2807 625 vos
2838 571 3064 628 Domino
3089 580 3439 637 commende-

196 670 392 716 tusesse
433 657 698 726 coepisset.
752 654 864 710 Hac
911 654 1058 708 illum
1088 654 1291 723 pietate
1333 650 1534 706 fecistis
1582 649 1745 705 rello—
1847 667 1968 704 mur
2006 651 2262 721 impensis
2285 657 2643 719 orationibus.
2681 668 2740 713 ut
2778 669 2833 714 et
2866 672 3171 748 nostrorum
3202 669 3440 727 omnium

196 764 374 806 rescere
397 763 498 802 non
519 746 695 800 solum
722 745 936 814 spiritu,
960 743 1054 797 sed
1097 751 1152 797 et
1183 757 1413 811 corpore
1435 781 1451 806 ,
1493 749 1553 795 ut
1579 741 1743 796 etiam
1847 739 2068 795 libertas
2093 742 2321 799 Domino
2351 755 2556 801 aeterno
2587 750 2810 816 serviat,
2832 745 2887 806 et
2916 764 3099 808 nostra
3128 760 3359 815 servitus
3386 760 3441 815 in

195 846 287 914 ipse
307 841 368 896 de
385 838 671 893 visceribus
693 837 890 892 vestris
915 837 1152 906 repletus
1179 834 1374 889 affectu
1399 849 1509 902 quo
1531 850 1630 889 nos
1659 833 1744 890 di-
1845 828 2064 887 Christo
2086 833 2349 891 libertatis
2375 846 2588 894 aeternae
2605 841 2856 896 meritum
2887 857 3267 914 consequatur.

194 933 346 1004 ligitis,
371 929 630 986 desideria
650 937 832 982 vestra
861 927 1017 982 nobis
1044 925 1265 991 aiferat,
1299 935 1356 981 et
1380 926 1612 980 vicissim
2355 970 2687 1029 EPISTULA
2718 976 2734 996 .
2763 974 2899 1032 xx"

195 1040 283 1088 ειη
305 1029 526 1133 soletur;
556 1035 614 1128 fil
643 1025 808 1078 ιεὶηιίδ
831 1023 972 1078 inter
999 1019 1746 1133 "W‘T$FO?ET_WEEY‘:IE
1851 1056 2006 1126 ιιῗιῖ
2048 1055 2304 1133 Describit
2331 1062 2592 1132 eleganter
2638 1066 3002 1122 dissolutorum
3033 1071 3293 1127 hominum
3333 1086 3440 1133 tum

196 1134 332 1194 Pmpe
355 1116 663 1174 δθιθωηίωτ
686 1129 1000 1170 commeans
1041 1122 1253 1184 Ρνορίεν
1293 1111 1446 1166 “rb”
1486 1109 1744 1165 [umorum
1853 1109 2359 1209 -seculnriumvt'um
2388 1109 3440 1217 natonaeltoritin'i'movres,"et.(inuigilant;

200 1212 326 1285 ιιι
355 1219 630 1264 rostrorum
655 1207 909 1260 custodiat
939 1205 1048 1259 vias
1068 1204 1228 1257 duras
1245 1213 1290 1256 ι.
1316 1203 1600 1257 Credimus
1625 1202 1745 1269 qui-
1918 1202 2227 1252 Conveniam
2247 1203 2515 1256 monac/"'8
2546 1205 2857 1274 familiares.

195 1304 291 1360 dem
303 1301 435 1356 illum
454 1299 524 1355 de
545 1299 674 1369 ipsis
694 1314 828 1368 quas
848 1298 988 1367 gerit
1010 1297 1206 1351 litteris
1226 1295 1528 1350 sanctitatis
1551 1305 1745 1348 vestra:
1919 1307 2136 1365 δενεκο
2167 1311 2317 1366 fratri
2346 1315 2603 1372 unanimo
2633 1317 2914 1375 pwuxus.

195 1409 350 1462 prunas
370 1402 628 1460 tamquam
650 1388 899 1443 columba:
927 1386 954 1426 δ
981 1402 1278 1454 assumere,
1315 1393 1370 1440 et
1389 1397 1650 1454 praetcrea
1677 1383 1746 1437 de

196 1483 479 1540 orationibus
510 1481 707 1535 vestris
732 1480 984 1534 virtutem
1011 1477 1233 1547 pedum,
1264 1492 1370 1546 qua
1399 1476 1466 1528 ad
1495 1491 1594 1530 nos
1623 1491 1746 1543 per-

196 1576 396 1638 vehatur,
423 1573 709 1642 accipere;
737 1571 830 1625 sed
876 1578 1052 1624 tamen
1100 1568 1151 1622 ei
1194 1567 1262 1622 de
1290 1567 1391 1620 bac
1422 1567 1532 1634 ipsa
1572 1565 1744 1633 gratia

196 1668 605 1736 congratulamur,
636 1680 740 1735 qua
773 1665 981 1735 positus
1008 1673 1090 1717 est
1117 1664 1171 1716 in
1197 1670 1358 1716 tantae
1398 1661 1472 1731 (ὁ)
1499 1660 1742 1715 ministe-

196 1777 258 1815 no
280 1760 519 1823 caritatis,
553 1767 611 1813 ut
636 1760 688 1812 in
705 1759 955 1812 libertate
981 1755 1213 1818 serviat,
1247 1755 1300 1808 in
1327 1760 1604 1808 senectute
1631 1753 1744 1806 dis-
1776 1741 1820 1799 Β

197 1861 360 1921 cun-at,
402 1861 452 1907 ct
496 1852 746 1920 requiem
800 1849 1098 1904 vacationis
1127 1845 1362 1901 emerita:
1389 1845 1541 1898 malit
1568 1844 1620 1897 in
1650 1858 1746 1913 pe-

197 1945 536 2015 regrinationis
556 1944 742 1998 labore
776 1957 937 2011 quam
967 1941 1020 1995 in
1046 1939 1343 1995 domestica
1390 1939 1518 1994 sede
1545 1952 1745 1992 consu-

199 2053 344 2092 mere:
371 2037 488 2106 quia
526 2036 804 2106 pigrorum
832 2035 946 2088 vias
971 2032 1139 2102 spinis
1179 2039 1376 2086 stratas
1401 2031 1614 2086 calcare
1651 2029 1748 2084 de-

196 2131 325 2184 clinat
350 2139 391 2194 ε,
436 2144 504 2184 ne
549 2134 898 2183 convertatur
945 2126 1000 2181 in
1053 2141 1368 2192 mrumnam,
1419 2125 1546 2180 dum
1587 2125 1638 2179 ei
1678 2124 1748 2179 de

201 2218 364 2273 inertia:
395 2217 732 2274 infructuose
771 2220 887 2273 otio
924 2218 1135 2273 misera:
1171 2215 1545 2273 sollicitudinis
1590 2215 1747 2285 spina

198 2312 454 2380 conﬁgitur.
503 2311 760 2366 Exsultat
818 2310 1000 2380 itaque
1051 2310 1279 2380 impiger
1317 2309 1384 2364 ad
1425 2307 1747 2363 currendam

201 2402 325 2464 viam,
349 2417 411 2457 ne
437 2402 509 2456 illi
539 2416 713 2470 segne
739 2403 910 2456 otium
938 2403 1259 2466 conterenti,
1309 2400 1625 2470 pedissequa
1665 2401 1748 2470 pi-

1922 1416 1968 1469 Ι.
2013 1416 2280 1488 Epistolas
2308 1436 2440 1490 quas
2480 1440 2578 1494 per
2606 1437 2848 1483 nostrum
2894 1431 3041 1487 illum
3087 1433 3439 1505 inspiritalcm

1845 1512 2168 1566 monachum
2201 1515 2441 1581 miseras,
2476 1533 2602 1574 vere
2644 1522 2899 1590 spiritalis
2930 1525 3237 1583 tabellarius
3275 1529 3441 1585 inter-

1846 1599 1990 1668 cepit
2018 1609 2072 1655 ct
2101 1605 2350 1671 pertulit,
2402 1606 2454 1660 id
2495 1615 2608 1673 est,
2643 1609 2780 1666 filius
2821 1623 3008 1670 noster
3047 1615 3348 1673 Sorianus:
3386 1621 3441 1676 in

1846 1703 1956 1756 quo
1982 1690 2248 1761 duplicem
2272 1697 2498 1763 gratiam
2528 1699 2812 1756 Dominum
2845 1706 3136 1762 contulisse
3167 1712 3443 1780 perspexi-

1847 1794 1999 1842 mus;
2027 1798 2094 1837 ne
2123 1785 2208 1838 vel
2233 1785 2322 1840 ille
2363 1787 2430 1840 ad
2475 1803 2575 1842 nos
2604 1796 2871 1848 sermonis
2899 1795 2973 1849 tui
2997 1812 3196 1852 vacuus
3223 1799 3442 1856 adveni-

1846 1879 1950 1935 ret,
1983 1873 2073 1941 qui
2105 1890 2205 1929 nos
2235 1875 2303 1930 de
2335 1879 2438 1932 tuis
2459 1879 2754 1936 visceribus
2784 1883 2989 1938 imbuto
3018 1886 3211 1941 alfectu
3232 1889 3442 1945 deside-

1845 1975 2089 2032 raverat;
2123 1983 2189 2022 nc
2219 1969 2301 2023 vel
2339 1971 2533 2024 iterum
2566 1974 2580 2003 ¹
2615 1980 2734 2028 tuas
2761 1975 2916 2030 nobis
2944 1976 3151 2032 litteras
3180 1977 3441 2036 Marraci-

1847 2072 1948 2111 nus
1971 2058 2188 2113 allerret
2220 2078 2232 2113 :
2265 2062 2354 2130 qui
2384 2061 2738 2128 divinitus,ut
2769 2067 2953 2132 credo,
2997 2068 3253 2138 inspirata
3287 2074 3307 2103 ³
3338 2073 3440 2128 sibi

1847 2157 1941 2202 aut
1967 2151 2290 2205 verecundia
2322 2168 2420 2208 nos
2441 2153 2674 2218 videndi,
2707 2164 2800 2209 aut
2829 2157 3041 2225 pigritia
3071 2159 3208 2214 ultra
3243 2158 3440 2217 Urbem

1848 2241 2056 2296 itineris
2100 2244 2432 2312 porrigendi,
2484 2246 2668 2301 Romae
2720 2248 2926 2304 litteras
2979 2260 3095 2306 tuas
3134 2255 3441 2324 supradicto

1849 2328 2000 2384 fratri
2055 2332 2231 2398 dedit;
2286 2336 2523 2404 gaudens
2566 2339 2737 2407 optati
2785 2342 3069 2397 occasione
3114 2347 3441 2416 compendii,

1848 2436 1953 2490 qua
1993 2422 2093 2476 sibi
2125 2419 2408 2479 adversum
2438 2434 2526 2480 tua
2569 2439 2834 2500 pta-cepta
2865 2435 3168 2488 consultum
3199 2437 3440 2505 putabat,

199 2504 374 2556 grai-um
415 2493 596 2562 inopia
649 2498 919 2560 tamquam
970 2494 1145 2547 bonus
1193 2507 1381 2546 cursor
1420 2501 1669 2546 occurrat
1696 2492 1744 2546 ά.

1853 2528 1919 2566 ne
1949 2524 2234 2582 cogeretur
2261 2518 2581 2572 monachum
2611 2528 2705 2573 aut
2747 2521 2800 2574 in
2841 2537 2920 2588 sc,
2957 2532 3015 2578 ut
3051 2523 3318 2593 jusseras,
3345 2526 3442 2581 fin-

199 2579 389 2637 Veniens
410 2591 593 2637 amem
625 2583 692 2636 all
733 2597 850 2647 "05,
893 2591 1096 2651 (ιιιθηιο
1149 2580 1420 2686 νςνΐυηάἱξ
1474 2590 1530 2636 ει
1563 2582 1749 2652 implet
1849 2616 1996 2670 gere,
2023 2579 2125 2656 aut
2155 2605 2206 2657 in
2237 2621 2343 2666 me.
2376 2615 2435 2660 ut
2462 2623 2684 2664 necesse
2722 2619 2857 2677 erat,
2903 2579 3147 2668 cernere.
3173 2615 3284 2669 Sibi
3313 2631 3442 2686 ergo

198 2676 388 2728 animam
439 2683 685 2736 "0.5mm!
738 2674 932 2742 8³υάίο
985 2674 1140 2729 bonis
1168 2673 1235 2728 de
1262 2674 1526 2776 εοεΡίιείξθ
1565 2683 1748 2776 “PS”?
1849 2692 1940 2747 ille
1965 2693 2160 2748 habeat
2197 2697 2538 2752 armilausam
2569 2714 2723 2754 suam
2769 2673 2865 2772 (Vr.
2909 2711 3022 2756 not.
3055 2702 3138 2756 66.
3153 2713 3208 2759 et
3233 2673 3442 2776 67),?3t

200 2767 384 2820 nuntiis!
413 2768 714 2836 impinguat
741 2782 864 2821 0553
887 2776 1068 2821 nostra
1101 2776 1147 2833 ⁸,
1180 2775 1238 2821 ει
1267 2766 1326 2820 ίίι
1353 2783 1451 2821 ινοω
1473 2767 1748 2865 ιωιίιὶωβη
1850 2799 1976 2838 suas
2003 2786 2218 2852 caligas,
2266 2797 2322 2842 ει
2366 2804 2491 2844 suas
2537 2791 2733 2847 buccas
2751 2766 3024 2862 {quarum
3167 2796 3299 2854 alias
3311 2766 3441 2854 'mu.

197 2856 496 2912 tabernaculis
529 2857 550 2896 ί
577 2858 803 2922 nostris,
836 2873 956 2912 cum
986 2857 1201 2912 refectis
1221 2866 1478 2928 exoptata
1498 2857 1751 2913 consola-

1853 2880 1988 2941 tare,
2015 2875 2148 2930 alias
2168 2875 2440 2933 deducere
2473 2881 2668 2934 timuit.

198 2949 312 3002 tione
329 2951 613 3016 mentibus,
643 2949 874 3004 dicimus
898 2967 911 3001 :
936 2948 1188 3004 Dominus
1217 2966 1412 3005 memor
1438 2952 1535 3022 fuit
1562 2952 1745 3017 nostri,
1922 2963 1975 3018 2,
2017 2965 2127 3020 Nos
2155 2966 2351 3022 adeam
2371 2977 2426 3023 ει
2454 2971 2691 3025 revisam
2719 2976 3022 3030 conservuli
3051 2985 3107 3030 οι
3132 2979 3439 3047 compallidi

199 3048 233 3092 rt
255 3041 487 3095 benedixit
514 3043 558 3073 ι’
586 3051 615 3083 κ
641 3057 756 3094 nos.
1776 3102 1820 3131 η
1857 3055 1878 3086 ³
1907 3061 2097 3121 nostri,
2131 3072 2238 3110 non
2261 3059 2502 3114 vestibus
2525 3061 2680 3129 pictis
2709 3064 2944 3131 superbi,
2976 3067 3067 3120 sed
3099 3068 3439 3124 horrentibus

247 3129 290 3184 (i.
325 3131 654 3184 Exsultemus
682 3140 732 3184 et
779 3131 1011 3184 (celentur
1037 3134 1090 3184 in
1130 3146 1190 3184 eo
1224 3139 1272 3194 ο,
1301 3132 1392 3199 qui
1436 3132 1528 3186 dat
1564 3141 1746 3188 votum

1907 3102 2097 3121 -----.-,
2131 3102 2238 3110 ην..
2525 3102 2680 3129 pm...
2709 3102 2944 3131 συνωυι,
2977 3102 3067 3120 σω,
3099 3102 3437 3124 “unum.”

1853 3147 2038 3202 ciliciis
2065 3148 2327 3215 humiles;
2352 3166 2454 3205 nec
2483 3151 2765 3224 chlamyde
2794 3157 3038 3211 curtaliui
3070 3158 3162 3227 (V.
3186 3167 3302 3214 noi.
3325 3159 3437 3226 68l,

197 3223 378 3288 optanti,
408 3231 461 3276 et
484 3223 806 3276 desiderium
859 3223 1051 3275 animo:
1098 3232 1294 3276 nostra:
1347 3223 1523 3277 tribuit
1577 3225 1742 3291 nobis,

1853 3239 1940 3294 sed
1969 3242 2169 3309 sagulis
2198 3243 2435 3312 palliati;
2480 3261 2581 3300 nec
2628 3246 2831 3316 balteo,
2863 3250 2957 3304 sed
2985 3259 3128 3307 reste
3149 3254 3437 3320 succincti;

194 3316 386 3379 Ψοηίαηι
414 3316 669 3382 Ρνωυεηίι
711 3331 807 3368 ποθ
861 3315 914 3366 θη
969 3314 1323 3368 beneﬁcum"
1368 3316 1659 3370 ἀνιεείίίηίδ
1702 3317 1741 3371 ¹-
1849 3346 1950 3386 nec
1979 3332 2218 3402 improba
2249 3336 2446 3390 attonsi
2477 3337 2670 3406 capitis
2700 3314 2875 3394 fronte
2913 3341 3124 3402 criniti.
3170 3344 3264 3399 sed
3293 3353 3440 3402 casta

194 3402 292 3470 Qum
312 3408 440 3461 enim
467 3407 629 3462 "ObiS
656 3423 801 3462 nunc
825 3405 1130 3461 bellediCliO
1150 3407 1380 3474 ἀυιείονν
1405 3417 1497 3462 θυι
1517 3409 1746 3464 ί¹ι¹¹εεί¹ο
1847 3422 2179 3479 informitalc
2208 3427 2459 3496 capillum
2491 3431 2556 3484 ad
2605 3441 2782 3487 cutem
2811 3436 2961 3498 ‘czc‘si,
3007 3444 3062 3489 ct
3108 3439 3442 3507 inaequaliter

192 3501 384 3566 suavior,
411 3517 574 3570 quam
611 3499 817 3556 fructus
845 3508 899 3555 et
925 3500 1226 3555 consolatio
1264 3503 1536 3567 caritatis,
1567 3517 1685 3571 qua:
1714 3519 1743 3556 a

1853 3513 2145 3580 semitonsi,
2179 3526 2236 3570 et
2263 3517 2521 3574 destituta
2544 3521 2721 3576 fronte
2748 3525 2988 3592 pracrasi.
3020 3524 3086 3578 Et
3115 3499 3306 3581 ornatu
3337 3545 3441 3598 pu-

193 3585 348 3646 litteris
385 3594 581 3648 vestris
623 3592 858 3646 maxima
908 3593 1064 3647 nobis
1114 3591 1316 3647 datur?
1346 3595 1398 3647 in
1428 3593 1624 3661 quibus
1665 3595 1746 3664 pi-
1845 3603 2040 3659 dicitize
2070 3606 2300 3662 inornati
2331 3619 2386 3663 ei
2411 3610 2670 3667 decenter
2691 3585 2875 3668 inculti
2905 3616 3031 3682 sint,
3065 3627 3119 3671 et
3147 3585 3440 3673 honorabi-

193 3690 324 3744 tuon
353 3683 593 3751 qtmlam
625 3693 681 3738 et
711 3683 821 3737 oris
853 3682 1016 3737 vestri
1052 3689 1107 3737 et
1127 3683 1303 3738 cordis
1329 3684 1741 3753 amplectimur;
1846 3695 1969 3752 liter
2014 3699 2388 3769 despicabiles,
2438 3719 2558 3758 cum
2602 3705 2894 3774 ingenitam
2940 3723 3155 3778 quoque
3200 3712 3438 3778 speciem

193 3774 287 3840 quia
328 3776 530 3847 ειοίῐυίίι
568 3786 755 3832 νθδιτθ
786 3785 972 3846 Partus
1010 3777 1200 3831 θιῖίιηαε
1242 3786 1433 3832 νθειπιξ
1475 3786 1600 3832 sum
1632 3796 1645 3831 ε
1678 3795 1745 3833 ex
1844 3791 2090 3860 corporis
2119 3808 2218 3861 pro
2246 3793 2504 3848 interiore
2533 3796 2678 3849 cultu
2704 3809 3081 3867 aspernantes,
3124 3801 3286 3855 etiam
3316 3810 3436 3856 stu-

194 3863 463 3921 ablndanu’a
492 3869 639 3921 enim
666 3866 838 3921 cordis
859 3885 917 3922 os
946 3868 1174 3938 loquitur
1203 3867 1217 3918 ί
1235 3909 1248 3922 ο
1293 3867 1416 3922 Ideo
1447 3868 1741 3923 Cardama-
1843 3880 1934 3937 dio
1963 3883 2354 3953 deformantur,
2386 3895 2443 3941 ut
2467 3885 2596 3942 fiant
2626 3890 2696 3960 (e)
2730 3863 2992 3960 pudenter
3027 3863 3293 3950 inhonesti
3313 3897 3434 3950 vul-

193 3963 275 4008 leln
299 3965 346 4011 et
369 3958 748 4015 advenientem
780 3961 832 4014 in
861 3969 1044 4015 vestro
1071 3975 1325 4015 sermone
1354 3960 1654 4028 diligimus,
1687 3969 1743 4017 ει
1845 3971 2005 4038 tibus,
2036 3974 2162 4028 dum
2185 3975 2536 4046 perﬁciantur
2564 3958 2874 4038 salutariter
2904 3985 3114 4040 honesti
3147 3990 3431 4046 mentibus.

190 4055 337 4102 ποειῖο
382 4051 828 4106 commendamus
866 4051 1152 4106 abeuntem
1193 4068 1208 4104 ε
1239 4051 1431 4119 dignus
1469 4059 1552 4106 εει
1598 4053 1741 4106 (“lim
1846 4063 2162 4131 Hujusmodi
2205 4066 2484 4122 hominum
2517 4078 2572 4124 et
2601 4072 2798 4135 vuitus,
2851 4081 2906 4127 et
2953 4075 3185 4140 habitus,
3217 4085 3271 4131 ct
3300 4078 3437 4134 odor

191 4135 308 4203 alios
332 4151 557 4194 senectus
601 4143 1038 4195 in'misericw'dia
1067 4142 1209 4194 uberi
1240 4140 1262 4178 ιι
1297 4142 1617 4210 requiescat.
1649 4144 1740 4212 qui
1844 4171 2098 4210 nauseam
2130 4155 2234 4211 illis
2275 4159 2465 4224 facit",
2498 4161 2692 4228 quibus
2726 4163 2863 4217 odor
2892 4166 3080 4220 mortis
3109 4175 3190 4220 est
3221 4168 3270 4221 in
3301 4169 3436 4223 odo-

190 4242 263 4294 ιντο
288 4231 348 4298 (c)
377 4234 623 4287 caritatis
647 4243 705 4288 et
732 4233 1011 4288 desideriis
1035 4243 1088 4288 et
1117 4232 1308 4288 ofﬁciis
1332 4234 1562 4290 laborat.
1593 4233 1740 4289 Prae-

1853 4262 1957 4300 rem
1981 4247 2106 4301 vitm
2139 4244 2181 4313 ';
2206 4247 2399 4315 quibus
2438 4249 2594 4304 dulce
2629 4251 2772 4320 quod
2818 4268 3059 4308 amarum
3091 4265 3149 4320 π’,
3177 4264 3232 4310 ct
3280 4265 3438 4328 turpe

190 4324 300 4374 terra
326 4325 462 4393 quod
481 4327 660 4394 magis
691 4327 744 4380 in
774 4341 838 4380 eo
858 4341 1019 4396 quam
1053 4327 1221 4397 ipsam
1257 4328 1310 4382 in
1336 4330 1482 4383 canis
1511 4329 1626 4397 ejus
1648 4344 1740 4384 ve—
1843 4337 1986 4408 quod
2016 4349 2243 4406 castum,
2268 4348 2324 4394 et
2346 4340 2538 4396 hostile
2560 4343 2702 4412 quod
2733 4353 2976 4400 sanctum
3007 4355 3087 4401 est
3107 4348 3147 4400 '.
3183 4324 3439 4420 Propter-

189 4409 418 4470 Iocitatem
448 4419 634 4472 mirati
661 4434 866 4483 sumus,
898 4420 970 4473 ita
1000 4420 1068 4474 dc
1108 4422 1328 4476 nomine
1358 4423 1640 4477 exorcistzn
1668 4422 1738 4478 ad
1763 4413 1817 4526 ’Β
1843 4445 1907 4485 ea
1957 4429 2160 4499 justum
2190 4439 2274 4486 est
2304 4440 2363 4486 ut
2392 4433 2679 4489 reddamus
2712 4437 2814 4490 illis
2844 4439 3036 4503 vicem,
3071 4449 3128 4494 ut
3174 4443 3244 4495 sit
3284 4444 3439 4499 nobis

189 4498 434 4526 f..--l:.A._
461 4525 490 4526 η
528 4525 551 4526 η
607 4508 658 4526 γι·
719 4511 752 4526 ι.
846 4518 858 4526 .
1179 4513 1211 4526 .ο
1235 4513 1268 4526 ι.
1658 4517 1669 4526 .
1698 4517 1708 4526 .
1900 4523 1909 4526 -
2613 4525 2619 4526 ,

189 4498 499 4572 frugalitatem
522 4508 778 4578 profecit,
809 4518 1048 4581 utprope
1062 4513 1408 4580 quotidianus
1435 4530 1555 4569 esse
1585 4517 1738 4572 nobis
1768 4498 1817 4526 υ
1845 4498 1982 4578 odor
2009 4539 2195 4579 eorum
2229 4533 2499 4594 tamquam
2558 4525 2693 4580 odor
2741 4529 2958 4594 mortis,
3013 4545 3082 4583 ne
3129 4530 3438 4590 desinamus

188 4596 366 4650 conviva
397 4615 504 4654 non
539 4598 767 4668 fugerit;
799 4610 873 4666 et,
905 4617 1027 4656 cum
1050 4604 1191 4657 raris
1221 4612 1276 4659 et
1306 4606 1525 4661 minutis
1553 4609 1736 4662 calici-
1844 4631 1963 4670 esse
1992 4615 2133 4672 odor
2158 4615 2378 4671 Christi.
2413 4615 2550 4684 Quid
2572 4618 2714 4672 enim
2741 4619 2894 4673 nobis
2910 4619 3033 4688 jure
3057 4635 3435 4688 succenseant.

189 4680 262 4736 bus
279 4700 666 4757 aspergeretur.
693 4692 885 4759 quibus
914 4692 1058 4747 labra
1082 4710 1290 4750 summa
1313 4697 1403 4750 vix
1425 4699 1654 4766 lingeret
1671 4700 1733 4766 ’³,
1843 4707 1889 4761 si
1921 4707 2153 4760 vicissim
2178 4707 2333 4761 nobis
2357 4705 2539 4761 fmtcat
2562 4707 2697 4761 odor
2718 4709 2837 4762 vita:
2859 4724 3065 4776 eorum,
3089 4712 3281 4778 quibus
3301 4714 3441 4768 odor

187 4775 283 4830 nihil
308 4780 371 4834 de
391 4785 553 4838 vacui
583 4785 790 4838 ventris
817 4794 910 4838 aut
945 4787 1072 4841 sicci
1115 4789 1346 4855 gutturis
1385 4789 1576 4859 injuria
1605 4807 1738 4861 que-
1846 4804 2042 4852 nostra:
2064 4799 2085 4829 ⁶
2118 4797 2170 4850 in
2205 4806 2432 4851 mortem
2447 4800 2582 4877 'est?
2611 4798 2703 4851 Ille
2727 4798 2987 4867 jejunium
3018 4817 3196 4855 meum
3229 4803 3436 4870 horret,

189 4866 378 4925 rebatur.
408 4872 646 4930 Prorsus
697 4892 795 4944 per
847 4877 1025 4931 ontnia
1079 4878 1373 4934 Cardamas
1417 4883 1574 4938 nobis
1630 4893 1737 4939 tam
1843 4905 1945 4959 ego
1990 4891 2130 4945 illius
2177 4891 2451 4960 crapulam
2485 4871 2625 4946 ferre
2666 4908 2770 4945 non
2805 4909 3042 4962 possum.
3075 4895 3169 4951 llle
3213 4896 3437 4953 halitum

188 4952 317 5015 bellus
347 4965 625 5034 apparuit,
672 4973 730 5018 ut
759 4965 1013 5021 clericum
1043 4969 1378 5038 probabilem
1407 4971 1737 5044 hominibus,
1843 4981 2094 5037 monachi
2139 4981 2409 5050 loquentis
2454 4983 2640 5048 evitat,
2673 4998 2772 5052 ego
2806 4984 2990 5039 flatum
3020 4986 3310 5044 Thrasouis
3348 5006 3429 5046 ru-

237 5102 258 5130 ⁸
280 5094 407 5183 ﬁsa].
440 5116 570 5183 Ἰχι,
735 5098 763 5138 ιι
794 5099 1069 5183 Ρεδίευιιν.
1226 5115 1262 5183 ἐ
1287 5103 1447 5160 Prov.
1474 5124 1570 5183 _xy,
1608 5110 1714 5183 l_9._
1777 5111 1801 5150 ἀ
1830 5114 1974 5169 Psal.
2027 5115 2256 5180 “xui;
2300 5115 2439 5168 l’sal.
2476 5130 2623 5182 xvm,
2653 5116 2716 5182 6;
2745 5116 2904 5172 Prov.
2938 5135 3008 5183 vr,
3044 5119 3128 5174 Η.
3209 5133 3232 5161 ο
3272 5123 3429 5178 Prov.

189 5173 251 5262 ξῖ,
283 5164 392 5262 59.“
440 5169 641 5262 ‘IPsal.
682 5186 860 5262 ξείνη.ι
1070 5172 1264 5262 εξεξῇ
1288 5164 1570 5262 exululat:
1634 5164 1851 5262 hﬂljsal.‘
1869 5164 2175 5248 ξξῦιιξ-ξῖῗ
2205 5164 2256 5222 ’δ’
2279 5164 2623 5252 [Esaias-,3,
2646 5164 3008 5256 jutvia'
3048 5164 3430 5262 -l'”MattI-i.'

188 5224 250 5288 54.
310 5236 331 5274 ι
353 5236 494 5294 Psal.
532 5255 648 5306 χω,
678 5241 767 5295 ll.
819 5224 861 5280 Ἲ¹
891 5241 933 5295 ll
954 5243 1081 5297 Cor.
1107 5224 1556 5309 ἧξῖὖίωῖιἿιε-δῖ
1588 5267 1641 5318 v,

236 5369 404 5462 Eli}?
453 5377 524 5444 7;
581 5393 705 5449 qua:
741 5387 920 5436 autem
971 5389 1091 5437 erat
1126 5381 1218 5452 22,
1257 5401 1402 5443 nunc
1439 5387 1492 5443 9.
1523 5386 1734 5460 Scripta
1914 5391 1994 5462 (ιι)
2033 5389 2110 5446 ita
2136 5406 2238 5445 ms.
2269 5390 2425 5448 Vicn.
2475 5389 2672 5456 Ceteri,
2725 5392 2832 5448 alia
2877 5403 3093 5461 mutare,
3126 5395 3232 5449 alii:
3273 5395 3432 5449 dedu-

238 5455 248 5490 l

188 5448 425 5601 “53?:
454 5517 881 5601 Xien”nle.""".
1842 5475 1993 5598 cera.)
2036 5530 2134 5586 Ms.
2186 5531 2370 5600 Vien.,
2424 5533 2722 5601 prudenter.
2773 5532 3110 5590 Retinuimus
3159 5534 3430 5601 vulgatam

232 5583 294 5675 (lbi
326 5583 421 5675 gis.
455 5587 596 5656 Reg.
632 5583 988 5675 ministerium.
1037 5671 1047 5675 Δ
1081 5662 1142 5675 m
1269 5663 1310 5675 κ
1331 5666 1364 5675 η
1395 5667 1407 5675 _
1559 5668 1570 5675 _
1843 5583 2130 5675 lectionem
2151 5583 2925 5675 _qt'i:e_con{irmaturvexepist.
2959 5603 3026 5675 95
3053 5604 3120 5658 ad
3145 5596 3428 5675 Severum,

235 5649 295 5725 (ε)
326 5651 412 5712 Sic
435 5649 570 5714 mss'.
596 5660 813 5718 codices
842 5660 975 5734 Reg.
999 5671 1055 5720 et
1081 5662 1235 5722 Vien.
1269 5663 1430 5735 Editi,
1459 5668 1693 5724 caritate.
1843 5649 3067 5745 ii.Et:Eiiiliiiierieiﬁililéiﬁeiﬁié'iiiiﬁi-Jid
