3966 6184
540 286 650 343 255

1652 280 1708 334 S.
1748 275 2018 333 PAULINI
2057 272 2124 327 Ν(

2242 273 2306 327 Νι
2346 274 2647 331 ΕΡΙΞΟΟΡῙ
3682 281 3774 336 256

540 396 734 453 ctantis
757 393 969 463 effugio.
1000 392 1059 449 Si
1086 392 1189 447 illis
1215 391 1461 460 displicet
1486 387 1714 455 gutturis
1750 386 1919 441 nostri
1952 383 2109 454 116
2136 390 2182 441 Α
2216 385 2301 437 tibi
2335 401 2435 438 non
2463 387 2559 439 erit
2588 401 2606 438 :
2636 384 2778 439 obvia
2822 401 3031 457 qumque
3049 387 3326 453 comburet,
3356 397 3523 453 metet,
3570 406 3659 444 nec
3681 396 3771 445 du-

541 486 771 550 siecitas,
802 492 857 537 et
874 483 1028 537 nobis
1056 482 1407 549 gulte‘eorum
1435 477 1685 532 cruditas.
1717 474 1775 528 Si
1799 475 1919 528 illos
1940 471 2112 527 offen-

540 577 618 629 dit
646 573 962 642 frugalitatis
1002 574 1239 638 ariditas,
1270 579 1326 626 et
1367 586 1465 624 nos
1493 569 1757 623 ventrium
1783 565 2003 621 offendit
2029 565 2114 618 in-

540 665 763 732 gluvies.
799 664 1023 718 Videant
1062 676 1190 729 ergo
1216 676 1313 714 nos
1342 675 1447 713 non
1498 674 1657 713 mane
1695 658 1848 719 ebrii,
1894 655 1989 710 sed
2018 669 2114 709 ve—

542 770 698 823 spere
721 755 888 823 jejuni
914 773 927 806 :
962 769 1061 808 nec
1086 754 1339 807 hesterno
1365 749 1532 804 inflati
1560 751 1706 813 vino,
1738 748 1832 803 sed
1856 748 2115 802 hodierno

544 843 790 897 abstemii
820 842 915 912 (V.
939 857 1104 897 carm.
1137 841 1190 906 6,
1221 857 1273 895 v.
1301 839 1393 908 68)
1426 858 1438 891 :
1472 855 1570 893 nec
1598 839 1666 893 de
1694 839 1911 907 crapula
1939 836 2115 890 libidi-

546 932 629 987 nis
655 932 930 985 dementer
956 931 1259 995 instabiles,
1291 929 1387 984 sed
1418 930 1610 997 vigiliis
1637 927 1935 982 honestatis
1975 928 2115 981 inte-

544 1037 639 1091 gre
667 1023 852 1087 saucii,
886 1030 939 1077 et
961 1023 1139 1076 sobrie
1183 1022 1493 1086 temulenti,
1522 1036 1659 1090 quos
1688 1020 2012 1091 parsimonia
2041 1018 2119 1073 fa-

549 1112 677 1175 ciat,
706 1129 811 1166 non
842 1126 1057 1179 vorago,
1091 1112 1341 1167 titubare.

617 1210 670 1263 3.
712 1208 892 1263 Talem
922 1226 1019 1265 nos
1065 1211 1305 1279 epistolae
1352 1219 1454 1264 tute
1499 1212 1815 1280 portitorem
1847 1210 2120 1280 excepisse

549 1298 790 1352 laztamur
814 1318 826 1352 :
859 1316 1016 1369 quem
1046 1313 1175 1365 rogo
1200 1301 1279 1355 sic
1306 1301 1381 1369 (α)
1411 1302 1663 1370 excipias,
1688 1302 1839 1370 quasi
1859 1316 1889 1354 a
1910 1309 1963 1355 te
1991 1300 2120 1353 mis-

550 1403 641 1442 sus
663 1389 789 1441 mihi
819 1389 1042 1442 venerit.
1075 1389 1313 1456 Namque
1341 1390 1480 1443 inter
1506 1404 1600 1443 eos
1626 1389 1717 1458 qui
1738 1389 1855 1443 vice
1876 1386 2123 1441 fraterni-

550 1477 677 1531 tatis
707 1486 811 1530 tme
850 1478 915 1529 ad
961 1493 1047 1531 me
1075 1486 1367 1543 venerunt,
1395 1478 1554 1531 debet
1592 1486 1648 1531 et
1693 1477 1793 1531 iste
1832 1476 2120 1540 numerari,

550 1566 635 1621 cui
661 1566 916 1621 Dominus
938 1576 995 1619 ut
1036 1568 1107 1620 ita
1146 1583 1177 1620 a
1222 1575 1275 1620 te
1304 1576 1702 1630 numeraretur,
1752 1567 1957 1620 litteras
2002 1572 2124 1620 tuas

550 1658 711 1710 etiam
741 1658 1018 1724 ignorante
1047 1666 1099 1710 te
1138 1657 1370 1711 tradidit.
1404 1656 1538 1711 Puto
1568 1666 1746 1711 autem
1790 1656 1933 1725 quod
1968 1663 2023 1709 et
2064 1663 2123 1711 tu

2217 478 2399 531 bitabit
2425 480 2620 547 inferre
2652 478 2795 530 tectis
2823 494 3024 543 manus,
3055 488 3104 532 et
3127 481 3365 549 antiquos
3388 497 3578 533 asseres
3592 482 3775 538 laribus

2216 583 2467 620 amovere.
2494 566 2646 618 Hunc
2673 568 2832 636 igitur
2858 583 2973 619 cum
2997 568 3077 619 his
3103 569 3328 621 moribus
3357 577 3504 639 atque
3522 571 3777 625 virtutibus

2226 657 2379 726 117
2415 657 2660 709 donatum
2685 656 2794 720 tibi,
2825 672 2929 709 non
2955 673 3170 721 servum,
3211 658 3301 710 sed
3338 673 3430 724 pro
3458 675 3596 711 serra
3624 661 3780 728 ﬁlium

2219 748 2471 815 cupimus,
2517 747 2633 817 quia
2677 763 2779 800 non
2807 747 3060 800 erubescis
3104 748 3431 799 minimarum
3468 763 3578 800 esse
3621 757 3777 813 pater.

2219 835 2335 906 Ego
2362 836 2451 889 tibi
2474 854 2567 904 pro
2589 837 2682 889 hoc
2708 838 2895 890 servire
2912 836 3198 899 voluissem,
3222 838 3312 889 sed
3338 838 3384 890 si
3410 837 3639 891 voluntas
3669 842 3784 909 facti

2222 929 2387 995 portio
2406 938 2499 991 est,
2525 936 2578 979 tu
2605 928 2756 981 modo
2786 926 2941 995 facito
2962 934 3016 978 ut
3034 927 3168 979 inter
3186 927 3409 996 prandia
3437 943 3699 997 comasque
3711 931 3781 999 {e-

2222 1022 2344 1075 lices
2385 1022 2483 1073 mei
2536 1020 2859 1081 memineris;
2914 1019 3033 1087 quia
3078 1021 3264 1072 rectius
3308 1028 3387 1072 est
3430 1029 3647 1072 restrum
3684 1036 3817 1073 esse.

2222 1111 2566 1179 mancipium,
2594 1124 2747 1178 quam
2775 1109 3039 1161 dominum
3068 1118 3369 1161 ceterorum.
3403 1107 3511 1161 Ora
3537 1125 3630 1177 pro
3657 1125 3749 1162 me.

2715 1237 3044 1292 EPISTOLA
3070 1240 3111 1259 “
3132 1237 3316 1293 XXIII.

2225 1332 2400 1387 Severi
2424 1332 2614 1386 caritas
2640 1331 2910 1393 laudatur;
2939 1332 3062 1383 item
3088 1332 3297 1384 missum
3328 1331 3423 1384 sibi
3447 1332 3510 1385 ab
3535 1350 3594 1387 eo
3625 1333 3783 1390 Victo-

2294 1419 2419 1465 rem,
2449 1409 2497 1453 et
2522 1400 2800 1454 exhibitum
2819 1418 2851 1452 α
2878 1400 3081 1452 Victore
3110 1402 3445 1454 ministerium
3470 1405 3526 1455 in
3553 1403 3675 1456 cibis
3696 1408 3789 1458 ritu

2293 1471 2659 1540 monachorum
2686 1469 3063 1540 prwparandis,
3095 1472 3354 1540 eleganter
3373 1480 3642 1540 sancteque
3660 1489 3791 1526 com-

2294 1540 2520 1593 mendat.
2571 1538 2654 1591 Ea;
2689 1537 2923 1609 adhibita
2966 1538 3062 1591 sibi
3100 1537 3378 1609 nb'eodem
3418 1537 3620 1594 Victore
3646 1543 3790 1595 etiam

2297 1610 2516 1663 tonsoris
2539 1608 2943 1679 Aopera,rmulla
2982 1607 3227 1679 prcedere
3259 1607 3329 1660 de
3347 1625 3490 1661 coma
3525 1610 3745 1679 disputat
3774 1629 3789 1665 :

2296 1686 2499 1748 totaque
2528 1675 2795 1748 Samsonis
2835 1686 2883 1729 et
2909 1677 3136 1748 mulieris
3161 1679 3463 1748 peccatricis
3512 1679 3582 1730 ad
3607 1675 3791 1748 Christi

550 1747 741 1800 divina:
771 1746 925 1814 hujus
952 1748 1135 1815 gratia:
1188 1746 1503 1800 beneficium
1556 1746 1679 1799 huic
1726 1745 1979 1814 deputes,
2028 1760 2124 1813 per
2157 1735 2199 1793 Β
2295 1735 2449 1815 pedes
2470 1747 2682 1799 historia
2703 1746 2975 1814 allegorice
2993 1735 3244 1813 exposita,
3267 1747 3552 1801 clausulam
3570 1749 3633 1802 de
3652 1746 3794 1802 Chri-

549 1850 709 1903 quem
739 1844 795 1889 et
825 1837 917 1889 tibi
939 1837 1227 1905 prmstitum
1257 1843 1356 1899 est,
1382 1850 1449 1889 ne
1477 1835 1680 1889 litteras
1707 1834 1861 1888 nobis
1881 1842 1998 1887 tuas
2019 1848 2125 1887 non

552 1925 628 1977 tui
657 1926 899 1992 corporis
930 1926 1166 1993 perlator
1186 1926 1417 1979 afferret.
1460 1925 1565 1979 Sed
1594 1933 1771 1978 tamen
1804 1924 1966 1993 ipsius
1995 1937 2126 1992 pace

556 2014 825 2068 laudatqu
858 2016 932 2085 (ἡ)
955 2014 1237 2069 Sorianum
1272 2016 1413 2080 volo,
1446 2030 1513 2068 ne
1533 2030 1618 2069 me
1648 2015 1723 2068 illi
1754 2030 1937 2069 rursus
1967 2028 2124 2067 accu-

551 2116 657 2155 ses.
690 2101 1011 2158 Prmdicasse
1052 2106 1194 2159 enim
1222 2120 1307 2159 me
1337 2105 1482 2158 illum
1512 2105 1681 2170 magis
1718 2118 1877 2171 quam
1921 2103 2127 2170 vitupe-

554 2207 699 2245 rasse
738 2194 985 2246 existimo
1028 2210 1212 2248 eorum
1260 2194 1791 2256 commemoratione,
1843 2193 1894 2245 in
1935 2192 2125 2259 quibus

551 2297 771 2335 necesse
798 2291 879 2337 est
903 2284 1177 2350 glorietur,
1208 2286 1296 2352 qui
1340 2300 1456 2337 esse
1502 2292 1595 2337 aut
1641 2282 1807 2336 videri
1836 2281 2127 2335 monachus

552 2371 836 2425 erubescit.
868 2371 1106 2440 Denique
1136 2373 1423 2426 meministi
1451 2374 1501 2425 in
1529 2372 1746 2439 Virgilio
1777 2374 1795 2401 ⁷
1819 2370 2036 2423 Furiam
2063 2370 2127 2426 iis

552 2459 756 2513 laudari
781 2477 897 2529 quae
924 2462 1098 2515 solent
1140 2462 1322 2530 objici.
1354 2461 1486 2515 Vide
1527 2470 1705 2515 autem
1752 2476 1818 2514 ne
1864 2460 1991 2513 mihi
2033 2474 2123 2513 ca~

552 2549 825 2605 lumnieris
853 2554 996 2621 quod
1022 2554 1216 2622 aliquid
1244 2554 1309 2608 de
1340 2562 1517 2623 poeta,
1551 2571 1656 2607 non
1688 2555 1853 2609 nostri
1875 2553 1985 2622 jam
2014 2561 2126 2607 stu-

553 2640 647 2707 dii,
675 2651 944 2710 tamquam
968 2647 1225 2715 propositi
1256 2646 1501 2710 violator,
1527 2646 1865 2700 assumserim
1901 2663 1913 2696 :
1940 2659 2123 2698 exem-

553 2731 625 2798 pli
657 2732 731 2784 tui
760 2735 1045 2788 autoritate
1088 2735 1190 2789 hoc
1237 2750 1322 2788 me
1370 2735 1554 2789 fecisse
1601 2743 1912 2800 contestor;
1965 2741 2123 2788 teneo

553 2819 696 2872 enim
726 2821 1004 2890 epistolam
1035 2831 1201 2891 tuam,
1232 2825 1315 2878 cui
1336 2823 1571 2877 clausula
1592 2831 1692 2888 est,

771 2940 927 2991 Vivite
945 2942 1130 3004 felices,
1156 2945 1333 3005 quibus
1355 2948 1431 2993 est
1454 2942 1637 2990 fortuna
1663 2945 1859 3002 peracta

1308 3015 1487 3062 Vincta.
1516 3014 1719 3072 Aineltlu
1747 3026 1813 3059 ιιι.

2298 1818 2364 1868 sti
2391 1817 2606 1868 caritate
2625 1830 2834 1882 prorsus
2859 1831 3067 1867 auream
3090 1817 3317 1884 apponit.

2281 1926 2494 1982 διενειιο
2525 1926 2596 1996 (c)
2626 1926 2775 1979 fratri
2805 1924 3089 1980 PAULINUS.

2302 2042 2352 2096 l.
2392 2040 2529 2107 Quid
2557 2050 2862 2109 extorques,
2894 2048 2952 2094 ut
2994 2048 3048 2094 te
3085 2040 3203 2109 plus
3242 2044 3517 2098 amemus?
3564 2058 3797 2100 crescere

2227 2147 2433 2187 summa
2456 2146 2560 2184 non
2582 2132 2790 2200 recipit.
2814 2131 2871 2184 Si
2892 2138 3070 2200 potest
3094 2146 3241 2187 mare
3268 2131 3596 2201 superﬂuere
3622 2134 3796 2189 obices

2226 2238 2352 2277 suos
2380 2232 2424 2285 ⁸,
2473 2230 2529 2275 et
2566 2236 2909 2289 quaecumque
2936 2222 3230 2276 naturalem
3269 2223 3657 2291 plenitudinem
3684 2240 3793 2278 ser.

2226 2321 2372 2376 vant,
2404 2312 2783 2367 incrementum
2813 2313 2890 2382 (ά)
2922 2314 3214 2381 temporale
3259 2314 3476 2377 sentire,
3522 2324 3703 2383 potest
3744 2325 3797 2369 et

2226 2404 2419 2460 caritas
2439 2402 2491 2455 in
2519 2408 2573 2453 te
2600 2409 2782 2454 nostra
2804 2402 3063 2455 cumulari
3086 2419 3099 2454 :
3123 2409 3281 2471 qualn
3309 2418 3408 2457 suo
3427 2402 3533 2458 ﬁne
3562 2405 3794 2473 comple-

2227 2509 2363 2557 mus,
2396 2508 2517 2546 cum
2548 2499 2599 2545 te
2626 2492 2767 2547 sicut
2796 2491 3149 2560 nosmetipsos
3176 2490 3472 2559 diligamus.
3522 2492 3706 2561 Itaque
3741 2502 3797 2546 ut

2227 2582 2462 2637 cubitum
2492 2580 2560 2634 ad
2585 2589 2844 2634 staturam
2876 2587 3111 2635 nostram
3140 2579 3373 2648 adjicere
3402 2580 3448 2647 ιι,
3479 2583 3563 2636 sic
3605 2585 3797 2637 amoris

2229 2675 2304 2728 tui
2329 2674 2597 2728 cumulum
2623 2673 2819 2739 facere,
2849 2690 2953 2728 non
2982 2688 3291 2743 possumus;
3319 2673 3597 2733 desideriis
3625 2686 3796 2732 tamen

2228 2763 2444 2816 modum
2471 2762 2670 2816 nullum
2696 2763 2959 2831 ponimus.
2988 2762 3089 2829 Qui
3117 2764 3256 2817 enim
3286 2767 3563 2821 eststimas
3589 2768 3797 2822 satisfa-

2228 2868 2353 2907 cere
2379 2860 2434 2906 te
2459 2851 2612 2906 nobis
2637 2852 2949 2908 assiduitate
2973 2855 3074 2909 ista
3102 2853 3522 2910 honorificentia:
3545 2872 3611 2912 ac
3635 2858 3800 2928 pieta-

2229 2941 2298 2995 tis
2323 2948 2443 3005 tum,
2476 2955 2579 3010 qua
2608 2941 2944 3010 praesentiam
2967 2949 3110 2996 tuam
3133 2943 3288 2997 nobis
3308 2950 3416 2996 tam
3436 2944 3800 3012 frequentibus

2229 3033 2470 3103 epistolis
2496 3046 2844 3102 compensare
2872 3033 3104 3095 conaris,
3133 3033 3391 3087 sollicitas
3418 3035 3600 3102 potius
3626 3036 3795 3103 gulam

626 3120 737 3175 Sed
762 3131 816 3175 et
844 3122 1008 3188 illam,
1047 3124 1098 3176 in
1121 3138 1223 3192 qua
1253 3140 1352 3193 pro
1381 3124 1671 3178 domestica
1699 3122 1825 3176 sede
1847 3121 2013 3175 larem
2042 3116 2124 3172 fa-
2153 3128 2198 3192 ο
2228 3125 2484 3189 caritatis,
2515 3131 2769 3193 tantoque
2796 3124 2972 3178 minus
2993 3124 3173 3193 exples
3193 3125 3261 3194 (ε)
3285 3126 3453 3193 gratia
3480 3127 3795 3195 litterarum,

554 3210 834 3273 miliarem,
867 3210 1095 3265 Plautini
1116 3229 1320 3268 memor
1344 3213 1582 3281 Prologi,
1606 3212 1912 3267 nominasti.

559 3331 829 3387 ‘Severus
884 3332 1104 3386 Paulino
1159 3334 1321 3387 mittit
1366 3348 1595 3401 coquum
1644 3332 1711 3385 ad
1754 3330 2127 3402 prmparandos

948 3402 1333 3457 monachorum
1362 3403 1512 3456 cibos
1540 3410 1742 3469 aptum.

552 3552 555 3553 ,
620 3497 903 3568 Postquam
946 3516 1121 3554 omnes
1146 3517 1333 3570 coquos
1363 3510 1472 3555 tuos
1516 3501 1745 3571 coquinae
1793 3508 1892 3552 tua?
1938 3514 2127 3551 renun-

552 3591 706 3643 tiasse
734 3591 962 3659 cognovi,
988 3592 1139 3645 credo
1164 3593 1285 3662 quia
1322 3592 1720 3661 dedignarentur
1753 3591 1969 3659 oﬂicium
2010 3590 2125 3642 vili~

552 3680 644 3733 bus
666 3679 891 3748 praebere
911 3681 1265 3750 pulmentariis
1288 3698 1307 3735 :
1329 3682 1596 3751 puerulum
1626 3681 1713 3734 tibi
1740 3698 1803 3734 ea:
1827 3688 2004 3734 nostra
2032 3680 2130 3732 mi-

551 3770 707 3821 simus
737 3770 956 3838 o/ﬁcina,
996 3769 1195 3823 doctum
1229 3773 1354 3824 satis
1382 3770 1654 3839 pallentem
1682 3787 1893 3842 coquere
1920 3769 2124 3840 fabam,

551 3866 599 3907 et
619 3854 865 3926 ignobiles
893 3856 1031 3912 betas
1054 3869 1198 3912 aceto
1227 3868 1275 3912 et
1294 3860 1413 3928 jure
1432 3860 1660 3923 condire,
1679 3860 1923 3928 vilemque
1937 3858 2129 3928 pultem

552 3946 876 3999 esurientium
905 3950 1134 4017 faucibus
1174 3950 1369 4018 inferre
1394 3950 1787 4011 monachorum;
1818 3949 2004 4017 piperis
2048 3962 2133 3998 ne-

553 4036 733 4098 scium,
766 4036 948 4089 laseris
968 4038 1225 4105 ignarum,
1244 4038 1552 4106 familiarem
1579 4040 1785 4109 cymini,
1814 4047 1863 4090 et
1897 4038 2129 4107 apprime

552 4123 795 4176 callidum
847 4124 1015 4177 herbis
1048 4142 1201 4179 suave
1244 4124 1583 4180 redolentibus
1624 4129 1905 4178 clamosum
1950 4141 2132 4195 urgere

555 4214 873 4264 mortarium.
903 4212 1071 4266 Unum
1100 4214 1247 4267 habet
1264 4217 1456 4278 vitium,
1474 4214 1608 4285 quod
1623 4215 1882 4267 hortorum
1903 4216 2131 4267 omnium

555 4317 657 4353 non
685 4309 760 4353 est
783 4302 941 4354 civilis
968 4304 1233 4367 inimicus;
1264 4306 1337 4357 ita
1354 4308 1397 4359 si
1420 4307 1671 4359 admissus
1693 4306 1864 4377 fuerit,
1892 4305 2131 4371 proxima

555 4406 762 4458 quisque
789 4399 940 4443 metet
965 4393 1159 4475 gladio,
1187 4411 1278 4446 nec
1318 4395 1694 4448 exsaturabitur
1733 4410 1972 4465 umquam
1992 4396 2131 4447 cazde

2226 3224 2427 3285 quanto
2456 3214 2712 3283 majorem
2736 3214 3019 3269 sedulitate
3037 3215 3149 3283 ipsa
3170 3224 3225 3269 et
3246 3216 3577 3271 humanitate
3603 3233 3799 3271 semio-

2226 3304 2309 3357 nis
2349 3304 2427 3357 tui
2460 3318 2678 3357 causam
2717 3304 2974 3370 suggeris,
3002 3310 3056 3357 te
3084 3304 3276 3372 ipsum,
3312 3312 3421 3360 tam
3452 3306 3623 3361 unica:
3651 3306 3800 3362 nobis

2226 3395 2588 3449 unanimltatis
2608 3395 2660 3449 in
2673 3394 2884 3449 Christo
2918 3395 3097 3460 frater,
3116 3395 3471 3450 desiderandi.
3495 3396 3636 3461 Quid
3657 3398 3793 3452 enim

2228 3485 2343 3539 fieri
2370 3484 2670 3553 diligentius
2698 3485 2749 3537 in
2780 3483 2891 3538 Deo
2910 3493 2965 3538 et
2985 3485 3230 3553 proximo
3255 3492 3451 3554 potest,
3473 3499 3636 3553 quam
3658 3487 3798 3556 quod

2228 3574 2282 3627 in
2319 3573 2473 3627 nobis
2511 3568 2731 3627 exhibes
2758 3571 3008 3625 Christo?
3037 3570 3090 3624 in
3119 3586 3225 3639 quo
3256 3574 3323 3643 (ι’)
3350 3572 3445 3627 Dei
3473 3583 3795 3644 prteceptum

2228 3672 2513 3730 utrumque
2555 3662 2888 3731 completur:
2920 3663 3045 3731 quia
3092 3661 3232 3716 idem
3280 3663 3431 3718 nobis
3457 3672 3511 3718 et
3538 3664 3680 3720 Deus
3718 3674 3798 3720 est

2229 3754 2509 3821 majestate
2534 3761 2738 3806 natura:
2766 3768 2893 3816 sum,
2925 3763 2981 3807 et
3017 3753 3342 3808 assumtione
3377 3763 3575 3809 nostrze
3614 3757 3794 3825 proxi-

2228 3859 2345 3898 mus
2366 3842 2535 3896 factus
2556 3850 2656 3895 est.
2680 3840 2792 3895 Iloc
2816 3841 2972 3909 igitur
2998 3841 3051 3895 in
3075 3850 3128 3897 te
3149 3840 3463 3911 proliciente
3488 3848 3649 3916 118
3668 3860 3794 3900 con-

2228 3941 2525 3989 summatur
2552 3932 2748 3987 caritas
2775 3939 2886 3995 tua,
2910 3947 3029 4000 qua:
3045 3934 3116 3987 sit
3135 3934 3187 3987 in
3210 3934 3325 4002 ipso
3343 3936 3418 4004 (g)
3441 3934 3650 3992 infinito
3675 3951 3795 4006 per-

2228 4024 2406 4088 fectio,
2437 4024 2562 4091 quia
2590 4023 2771 4077 linitur
2798 4022 2849 4076 in
2880 4022 3093 4080 Christo
3126 4024 3271 4095 cujus
3298 4026 3668 4095 magnitudinis
3697 4042 3796 4079 non

2227 4124 2303 4168 est
2330 4115 2449 4183 ﬁnis
2475 4124 2496 4151 ο
2527 4131 2539 4166 :
2567 4113 2661 4167 sed
2690 4114 2844 4167 nobis
2873 4114 2925 4167 in
2954 4129 3020 4168 eo
3040 4112 3159 4169 linis
3179 4114 3268 4180 sit,
3294 4122 3353 4168 ut
3373 4130 3468 4184 per
3491 4116 3665 4185 ipsum
3685 4117 3798 4170 sine

2230 4209 2335 4261 line
2380 4206 2654 4260 vivamus:
2686 4205 2878 4275 quibus
2921 4205 3161 4259 Christus
3205 4213 3260 4260 et
3302 4207 3555 4274 generale
3595 4208 3797 4262 initium

2230 4304 2332 4360 est,
2363 4295 2485 4362 quia
2533 4310 2623 4363 per
2666 4296 2834 4363 ipsum
2879 4292 3131 4360 omniad;
3159 4302 3214 4349 et
3240 4296 3474 4364 speciale
3513 4296 3795 4365 fastigium,

2230 4386 2353 4454 quia
2382 4389 2543 4450 caput
2571 4381 2828 4451 corporis,
2861 4381 3011 4449 cujus
3053 4382 3292 4436 membra
3336 4399 3518 4439 sumus
3547 4396 3590 4437 θ.
3626 4385 3798 4438 Dulcis

557 4477 856 4533 mutuarum.
888 4480 951 4535 In
979 4470 1265 4552 prwbendis
1287 4496 1457 4540 autem
1486 4486 1581 4540 sibi
1603 4487 1755 4556 lignis
1782 4486 2129 4538 catumniosus
2158 4475 2207 4534 D
2231 4485 2278 4532 ei
2307 4484 2472 4529 rem“
2507 4481 2581 4526 εει
2606 4470 2875 4536 Dominus:
2905 4471 3072 4526 άυῘοίε
3097 4473 3150 4527 in
3178 4480 3229 4527 ιθ
3255 4474 3384 4528 mihi
3415 4492 3428 4527 ε
3461 4484 3515 4529 et
3544 4475 3622 4547 (ll)
3649 4493 3799 4547 quam

561 4620 656 4731 ‘8':
687 4610 846 4667 Prov.
878 4631 981 4675 vui,
1016 4615 1122 4681 29;
1154 4615 1262 4672 Jer.
1299 4634 1348 4683 v,
1378 4617 1467 4670 22.
1540 4617 1568 4657 δ
1598 4617 1786 4671 Matth.
1818 4633 1889 4678 γι,
1920 4614 2008 4669 27.

639 4839 656 4858 ⁹
685 4838 891 4908 Scripta
921 4856 1061 4894 anno
1075 4840 1177 4895 400
1202 4850 1447 4897 exeunte.

636 4930 674 4949 “
701 4925 844 5006 Ali-as
872 4932 906 5006 β
934 4941 987 4985 et
1008 4932 1208 5005 i;quae
1228 4944 1405 4991 autem
1432 4934 1499 4989 25
1528 4947 1664 5006 erat,
1680 4952 1821 4993 nunc
1836 4937 1888 4991 2.
1919 4935 2130 5006 Scripta

566 5013 709 5052 anno
740 4998 834 5051 401
871 5001 1104 5056 ineunte.

634 5088 723 5165 (αἱ.
751 5087 840 5165 Sic
867 5090 1245 5165 ms.Vien.,‘_lta
1268 5101 1322 5165 et
1341 5094 1471 5165 alibi
1494 5096 1688 5165 passim
1704 5094 1954 5152 Paulinus
1974 5096 2131 5165 epist.

560 5156 629 5210 29
660 5156 725 5210 ad
754 5156 1032 5227 Severum,
1064 5178 1120 5215 n.
1140 5156 1182 5213 '6
1210 5176 1266 5217 et
1302 5163 1383 5218 l2.

636 5258 709 5317 ib)
735 5258 846 5334 ita
873 5258 1186 5325 legendum;
1233 5276 1352 5334 nec‘
1386 5263 1678 5321 audiendus
1706 5266 2001 5321 Sacchinus
2044 5269 2136 5334 qui

562 5341 660 5397 pro
727 5327 1005 5381 Sorianum
1085 5331 1447 5397 reponendum
1505 5346 1690 5390 censet
1752 5327 2128 5389 Marrucinum.

560 5396 692 5461 Quis
721 5397 996 5468 enimnon
1023 5396 1198 5451 videat
1228 5416 1385 5454 voces
1409 5403 1572 5468 ipsius
1598 5415 1651 5457 et
1673 5406 1751 5459 illi
1781 5405 2130 5461 Marracinutn

560 5473 822 5535 spectare,
853 5466 1040 5535 dequo
1067 5469 1309 5535 superius
1331 5468 1387 5522 fit
1414 5466 1637 5539 mentio,
1670 5492 1723 5528 n.
1752 5474 1808 5536 l?

632 5564 707 5637 (c)
734 5563 813 5621 Ms
867 5564 1015 5621 Vien.
1048 5565 1297 5622 Paulinus
1325 5585 1496 5624 servus
1528 5570 1720 5629 Christi
1748 5574 1895 5643 Iesu,
1939 5579 2126 5637 Severo

2088 4624 2111 4652 c
2144 4608 2285 4665 Psal.
2316 4619 2491 4667 cxuv,
2523 4601 2578 4655 5.
2651 4597 2678 4637 ά
2711 4600 2864 4655 Rom.
2892 4616 2967 4667 ιι,
2995 4600 3086 4657 56.
3165 4612 3188 4640 ε
3212 4601 3351 4673 Eph.
3375 4619 3414 4671 ι,
3440 4603 3537 4671 22;
3582 4605 3702 4661 Col.
3734 4623 3772 4673 ι,

2231 4826 2704 4898 c_arissimo_fratii
2741 4827 3018 4898 secundum
3051 4844 3365 4881 communem
3401 4829 3556 4898 ﬁdem
3602 4830 3658 4883 in
3693 4827 3803 4885 Deo

2235 4895 2397 4949 Patre
2424 4904 2471 4947 et
2500 4892 2702 4947 Christo
2730 4893 2852 4946 Jesu
2878 4896 3093 4949 salutari
3118 4908 3290 4952 nostra
3308 4936 3323 4956 .
3352 4892 3588 4952 salutem.

2308 4965 2387 5035 (d)
2549 4962 2699 5035 Reg.,
2732 4971 2973 5035 tempore.

2313 5031 2384 5099 le)
2416 5032 2513 5086 Ms.
2546 5031 2959 5101 coderRegius,
2989 5035 3228 5101 gratiam.

2313 5102 2398 5172 (η
2424 5101 2499 5155 Ita
2528 5116 2656 5153 mss.
2688 5100 2816 5172 Vat:
2842 5112 2897 5155 et
2922 5100 3073 5155 Vien.
3106 5103 3174 5156 At
3199 5104 3284 5157 ed.
3316 5104 3525 5169 Schot.,
3562 5104 3803 5158 Domino.

2239 5169 2347 5226 Ed.
2372 5170 2639 5243 Rosv.,_i_u
2664 5185 2759 5243 quo
2782 5169 3002 5224 Domino
3030 5186 3337 5243 prmceptum
3365 5191 3509 5243 suum
3543 5184 3809 5243 utrumque

2241 5239 2540 5307 completur.
2568 5237 2830 5305 Ms.'Reg.
2861 5248 2915 5292 et
2940 5237 3049 5294 tres
3072 5237 3206 5294 editi
3221 5243 3403 5308 codd.,
3438 5242 3656 5297 Domino
3683 5237 3810 5309 ρὲαε-

2237 5318 2439 5380 ceptum
2464 5316 2603 5359 tuum
2624 5316 2907 5380 utrumque
2919 5310 3219 5380 completur,
3251 5313 3523 5365 mendose.

2311 5377 2387 5447 (g)
2415 5374 2491 5448 Ita
2520 5390 2621 5428 ms.
2655 5374 2820 5431 Vien.’
2848 5377 2950 5431 Alii
2978 5374 3105 5432 mss.
3138 5374 3259 5434 cum
3289 5380 3414 5435 edit.
3448 5380 3605 5434 Rosv.
3624 5417 3640 5443 ,
3696 5378 3810 5448 infi-

2237 5448 2349 5525 nita
2367 5447 2612 5525 perfecto.

2306 5513 2384 5584 (h)
2416 5513 2504 5567 Sic
2530 5528 2660 5589 mss.
2688 5513 2844 5567 Vien.
2897 5522 2953 5568 et
2997 5513 3131 5579 Reg.
3162 5532 3280 5580 cum
3310 5518 3552 5589 Vulgata.
3608 5517 3678 5571 At
3708 5530 3808 5573 tus.

2228 5582 2347 5639 Vat.
2368 5582 2503 5640 lcum
2537 5582 2711 5652 editis,
2744 5593 2956 5650 quanta.
