3966 6184
197 310 289 364 257

1539 306 1870 364 EPISTOLA
1910 307 2095 362 XXIII.

3353 314 3464 373 258

194 438 379 493 magna
398 419 678 473 multitudo
698 419 983 472 dulcedinis
1006 420 1083 488 (a)
1107 427 1129 454 ⁸·
1153 417 1267 488 ejus
1287 425 1342 471 tn
1365 417 1524 482 mihi;
1550 417 1625 486 (b)
1647 417 1778 471 Nam
1807 426 1851 479 Α
1880 417 1982 471 mis
2020 416 2339 485 religiosior,
2379 425 2435 471 et
2472 416 2725 475 fratribus
2770 418 3093 488 diligentior.
3140 420 3293 479 Nunc
3330 440 3463 482 vero

194 519 417 579 quantus
446 516 687 578 quantus
711 522 790 571 es,
812 522 916 574 qua
942 516 1261 575 niente,qua
1286 506 1460 571 lingua
1482 521 1559 566 es,
1588 513 1734 559 totus
1757 507 1771 535 ¹

195 599 516 655 desiderium
547 613 608 652 es
633 615 645 649 :
680 605 736 651 et
762 597 891 650 mihi
920 596 1255 650 dulcedinem
1284 596 1479 650 Christi
1527 596 1671 663 sapis
1720 602 1778 647 ut

194 693 377 746 hortus
416 690 570 754 mihi,
614 698 673 741 ut
717 689 847 742 odor
893 689 1008 757 agri
1047 688 1181 757 pleni
1205 687 1257 753 δ,
1284 703 1443 756 quem
1474 687 1525 741 in
1554 687 1776 740 odorem

194 790 584 847 unguentorum
628 778 767 831 illius
794 777 1057 848 currendo
1087 777 1279 845 legisti.
1313 776 1443 829 Nam
1485 784 1538 829 et
1565 789 1691 843 ager
1720 782 1776 827 tu

194 870 262 923 illi
291 884 370 930 es,
401 867 497 935 qui
526 867 759 920 vicissim
788 879 915 933 ager
940 865 1094 919 nobis
1121 867 1262 921 est’.
1295 864 1351 917 In
1383 865 1496 933 ipso
1525 864 1666 917 enim
1688 877 1776 917 se-

194 960 373 1021 rimus,
404 966 461 1010 et
493 956 565 1023 (c)
597 956 665 1009 ab
692 957 809 1024 ipso
831 955 1097 1008 metimus.
1130 954 1271 1021 Ager
1298 968 1425 1006 vero
1443 962 1518 1015 tu,
1553 968 1658 1005 non
1690 952 1777 1005 ille

193 1048 352 1116 spinis
374 1047 651 1112 horridus,
674 1053 768 1098 aut
788 1044 966 1098 arenis
986 1044 1188 1110 aridus,
1232 1052 1323 1095 aut
1345 1043 1605 1112 petrosis’
1622 1057 1777 1111 asper

193 1145 241 1190 et
269 1136 461 1198 nudus,
498 1136 551 1188 in
597 1150 704 1202 quo
752 1148 936 1187 semen
986 1132 1168 1185 datum
1212 1140 1306 1184 aut
1344 1130 1653 1195 suffocatur,
1686 1138 1778 1183 aut

193 1226 514 1289 destituitur,
539 1233 632 1277 aut
652 1223 825 1276 uritur
849 1232 871 1260 ε
900 1238 914 1274 :
937 1220 1034 1276 sed
1056 1221 1163 1284 ille,
1186 1237 1331 1290 quem
1360 1220 1616 1273 benedixit
1639 1219 1777 1272 Deus

194 1332 222 1367 a
248 1331 361 1367 rore
392 1314 528 1375 caeli,
560 1322 609 1365 et
630 1311 859 1365 ubertate
882 1320 1031 1363 terra:
1052 1308 1100 1361 ά.
1130 1308 1283 1363 Unde
1303 1317 1358 1362 et
1379 1310 1555 1375 lingua
1581 1315 1670 1361 tua
1696 1308 1773 1376 (d)

195 1405 348 1457 verbo
396 1401 496 1455 Dei
541 1410 709 1463 rorat,
751 1409 807 1455 et
852 1416 948 1455 cor
993 1408 1141 1453 tuum
1191 1399 1366 1453 fertile
1413 1398 1543 1465 Deo,
1594 1414 1776 1454 semen

195 1500 472 1560 exceptum
502 1490 731 1559 spiritali
762 1490 910 1557 fruge
940 1488 1285 1557 multiplicat;
1318 1498 1375 1542 ut
1404 1489 1470 1543 de
1516 1488 1778 1543 fructibus

195 1583 291 1634 tuis
319 1581 533 1649 impleat
568 1596 778 1632 manum
811 1595 958 1631 suam
995 1594 1209 1643 messor,
1241 1586 1287 1630 et
1312 1579 1486 1643 sinum
1516 1594 1661 1631 suum
1690 1579 1777 1647 qui

193 1672 478 1739 manipulos
509 1669 705 1739 colligit
727 1680 781 1731 υς
815 1669 918 1722 hoc
945 1676 1048 1733 est,
1080 1668 1193 1737 ipse
1234 1668 1393 1733 Deus,
1423 1668 1513 1735 qui
1542 1668 1693 1721 verbi
1720 1668 1774 1721 in

195 1762 340 1815 nobis
368 1762 451 1815 sui
479 1769 535 1814 et
564 1760 859 1813 seminator
887 1768 942 1813 et
973 1774 1179 1812 messor
1205 1767 1304 1817 est.
1336 1758 1474 1826 Ipse,
1505 1766 1559 1811 et
1587 1774 1776 1811 manus

194 1851 275 1918 qui
321 1851 547 1903 dextera
596 1849 710 1912 Dei,
761 1864 920 1918 quam
966 1848 1121 1902 bonis
1170 1848 1422 1916 operibus
1470 1849 1769 1917 implemus.

196 1942 329 1995 idem
360 1950 415 1995 et
440 1941 528 1994 ille
560 1939 831 1993 Abraham
860 1941 1007 1993 sinus
1036 1947 1138 2003 est,
1170 1938 1223 1991 in
1252 1953 1358 2006 quo
1388 1953 1612 2007 operum
1635 1953 1775 1991 mer-

194 2032 315 2086 cede
346 2032 737 2100 requiescimus
764 2029 780 2066 ί
792 2071 805 2083 .

254 2145 302 2196 ‘2.
347 2145 439 2199 Sic
466 2144 553 2197 hic
584 2143 725 2196 Deus
749 2143 769 2172 ’⁸
798 2143 851 2195 in
882 2150 969 2195 tua
1007 2143 1231 2196 caritate
1270 2142 1422 2196 nobis
1461 2141 1770 2207 abundans;

196 2252 290 2288 non
316 2235 497 2288 solum
528 2234 719 2287 litteris
749 2235 853 2286 tuis
881 2248 1000 2295 nos,
1030 2234 1123 2285 sed
1152 2241 1207 2286 et
1236 2232 1526 2286 tabellariis
1551 2233 1772 2285 benedi—

194 2327 275 2389 cit,
303 2326 510 2388 visitat,
545 2326 735 2392 pascit,
768 2324 1062 2387 illuminat;
1093 2331 1321 2391 utroque
1366 2323 1521 2377 nobis
1551 2336 1773 2376 munere

194 2418 433 2484 aperiens
460 2416 768 2469 thesaurum
797 2415 997 2468 bonum
1021 2414 1198 2468 cordis
1222 2414 1296 2465 tui
1322 2431 1333 2465 :
1358 2428 1423 2465 ex
1454 2411 1772 2465 abundantia

196 2507 278 2576 (γ.
328 2516 449 2561 not.
499 2506 588 2570 69)
637 2508 772 2559 enim
820 2506 988 2559 cordis
1033 2522 1090 2559 os
1131 2505 1357 2575 loquitur
1391 2514 1415 2551 κ
1445 2522 1457 2556 :
1490 2512 1575 2565 et,
1623 2520 1773 2557 omne

194 2603 322 2656 enim
346 2602 380 2638 ιι
410 2604 451 2669 ⁸,
484 2601 677 2669 inquit,
709 2600 905 2653 animal
947 2599 1014 2651 ad
1061 2599 1227 2651 simile
1263 2596 1361 2650 sibi
1408 2604 1771 2666 congregatur.

195 2692 471 2763 Pmplerea
501 2690 760 2744 benedixit
802 2699 849 2742 te
896 2689 1055 2753 Deus,
1097 2688 1216 2757 quia
1245 2688 1543 2740 innocentes
1570 2695 1619 2738 et
1646 2685 1771 2737 recti

193 2784 520 2836 adhwserunt
554 2779 644 2833 tibi
669 2778 713 2843 ί,
750 2787 798 2831 et
829 2794 942 2831 cum
980 2780 1151 2847 impiis
1184 2793 1287 2830 non
1318 2776 1388 2845 (e)
1417 2775 1590 2838 sedes;
1619 2773 1775 2826 odisti

194 2876 530 2943 iniquitatem,
565 2872 744 2941 diligis
784 2870 1011 2922 animam
1052 2878 1193 2920 tuam
1217 2869 1263 2931 l,
1299 2881 1457 2935 quam
1503 2864 1775 2934 projecisti

112 2982 127 2993 ’
195 2966 241 3020 in
273 2966 512 3029 Christo,
544 2973 604 3018 ut
642 2964 769 3017 huic
798 2964 917 3015 vita:
945 2961 1151 3029 perdita
1191 2967 1499 3014 servaretur
1535 2967 1770 3020 internae,

196 3058 387 3112 damno
413 3057 495 3111 sui
522 3056 865 3124 semetipsum
896 3050 1248 3118 lucrifaciens,
1279 3050 1324 3104 si
1365 3066 1463 3119 per
1490 3049 1771 3103 caritatem

1878 506 1979 559 ista
2006 512 2203 558 nostra:
2226 505 2544 559 visitationis
2562 507 2700 570 vice,
2724 508 2884 560 etiam
2911 509 3250 578 temetipsum
3272 526 3461 580 super-

1879 606 2059 661 gressa
2089 594 2419 649 humanitate
2440 597 2723 663 superasti.
2749 596 2843 649 Sat
2872 597 3012 649 enim
3042 598 3195 651 nobis
3219 608 3335 653 erat
3358 614 3459 655 an-

1877 682 1997 737 nuis
2026 684 2415 739 commeatibus
2443 686 2670 740 emereri
2699 685 2905 739 litteras
2936 694 3071 750 tuas,
3101 695 3156 740 et
3187 702 3219 740 a
3246 696 3301 741 te
3328 690 3461 744 mis-

1877 791 1967 830 sos
1988 775 2189 841 videre,
2218 776 2269 829 in
2290 777 2484 844 quibus
2503 792 2609 829 non
2630 777 2803 830 solum
2824 778 2995 831 vicem
3017 779 3313 846 prmsentize
3334 786 3459 845 lilii),

1877 868 1972 922 sed
1994 875 2049 921 et
2078 865 2199 921 fidei
2227 875 2531 920 teneremus
2563 864 2814 933 eﬂigiem.
2848 866 2963 920 Tibi
2994 874 3170 925 tamen
3200 868 3328 922 satis
3352 883 3460 921 non

1879 956 1976 1009 fuit
1996 957 2289 1010 institutam
2314 956 2709 1009 observantiam
2728 956 2951 1009 solemni
2977 955 3344 1025 perfunctione
3367 972 3461 1011 ce-

1879 1044 2104 1098 lebrare.
2133 1044 2369 1111 Longum
2394 1045 2486 1097 tibi
2516 1045 2681 1097 multa
2708 1045 2922 1098 dilectio
2948 1044 3071 1098 fecit
3092 1060 3242 1098 mora
3270 1046 3463 1100 hiemis

1879 1150 1909 1188 a
1938 1135 2091 1188 nobis
2122 1134 2198 1203 (Ii)
2228 1135 2406 1188 silere.
2452 1132 2721 1188 Concaluit
2752 1152 2840 1187 cor
2869 1144 3009 1188 tuum
3030 1136 3169 1187 intra
3202 1146 3247 1188 te
3270 1176 3286 1200 ,
3326 1145 3375 1189 et
3403 1138 3458 1190 in

1880 1226 2211 1279 meditatione
2250 1225 2465 1293 pietatis
2511 1234 2727 1280 sanctus
2777 1227 2873 1279 tibi
2913 1228 3068 1280 bona:
3110 1227 3457 1295 impatientice

1879 1318 2013 1387 ignis
2035 1316 2231 1369 exarsit
2270 1314 2311 1367 ι.
2342 1315 2452 1369 Nec
2479 1315 2689 1370 suﬂecit
2715 1317 3013 1369 litterarum
3045 1315 3112 1369 ad
3141 1332 3239 1369 nos
3265 1316 3457 1370 editio-

1879 1424 1947 1462 ne
1972 1407 2171 1477 (Latin.
2197 1410 2329 1475 forte
2351 1407 2671 1473 editionem;
2694 1408 2796 1461 vid.
2821 1423 2911 1477 ep.
2935 1406 2987 1471 5,
3003 1425 3055 1462 ιι.
3082 1406 3138 1477 4)
3163 1415 3455 1473 maturare,

1880 1498 1981 1551 nisi
2010 1499 2235 1564 gratiam
2261 1498 2522 1550 sermonis
2552 1499 2646 1562 tui,
2674 1500 2837 1552 etiam
2863 1498 2929 1552 de
2955 1499 3155 1552 sanctis
3173 1499 3457 1552 comitibus

1879 1586 1987 1640 tuis
2015 1587 2154 1640 lecto
2181 1587 2471 1655 perlatore,
2502 1588 2825 1642 cumulares.

1950 1696 2002 1749 5.
2043 1696 2341 1750 Benedictus
2367 1737 2382 1761 ,
2440 1716 2586 1769 quem
2630 1699 2685 1753 in
2715 1701 2819 1754 hoc
2847 1716 3041 1755 munus
3069 1701 3266 1771 elegisti
3294 1711 3341 1753 et
3367 1718 3455 1754 as-

1812 1802 1851 1859 Β
1879 1789 2105 1841 sumsisti
2153 1798 2192 1825 ω
2240 1804 2348 1856 quo
2394 1790 2562 1842 Deum
2610 1790 2821 1845 feneras
2852 1791 2947 1861 (V.
2978 1800 3093 1844 not.
3145 1792 3271 1862 70):
3329 1793 3455 1859 quia

1874 1880 1975 1934 etsi
2006 1888 2317 1949 peccatores
2364 1897 2462 1935 nos
2500 1897 2625 1935 vera
2653 1884 2998 1936 conscientia:
3029 1891 3226 1936 nostra:
3254 1883 3455 1951 profes-

1874 1971 2048 2037 sione,
2079 1979 2256 2024 tamen
2287 1966 2397 2024 tum
2419 1972 2777 2041 simplicitatis
2802 1973 3059 2041 Opinione
3084 1972 3211 2027 falsa
3236 1982 3450 2041 putans,

1875 2070 1933 2114 ut
1960 2062 2059 2122 ais,
2090 2071 2326 2123 sanctos,
2356 2078 2461 2115 non
2488 2062 2600 2130 jam
2623 2063 2874 2126 hominis,
2902 2062 2995 2116 sed
3016 2062 3209 2116 Christi
3230 2063 3455 2117 caritate

1874 2166 1973 2204 nos
2001 2150 2174 2217 diligis
2199 2168 2211 2201 :
2245 2158 2300 2203 et
2328 2150 2527 2204 idcirco
2557 2153 2837 2204 mercedem
2857 2153 3120 2220 praphette
3149 2153 3371 2221 accipies
3401 2160 3453 2218 υ,

1872 2244 1996 2311 quia
2028 2252 2248 2312 propter
2278 2258 2471 2296 nomen
2502 2242 2696 2296 Christi
2720 2245 3103 2311 prophetarum
3131 2243 3336 2296 honore
3365 2257 3456 2296 ac-

1873 2336 2006 2404 cipis
2036 2336 2197 2389 etiam
2226 2350 2333 2388 non
2363 2334 2673 2403 prophetas.
2716 2334 2880 2387 Nobis
2909 2348 3038 2387 vero
3067 2334 3255 2387 similis
3282 2333 3454 2400 gratia

1874 2442 1981 2480 non
2005 2426 2231 2479 debetur
2259 2425 2416 2493 hujus
2458 2421 2659 2486 officii,
2711 2440 2818 2492 quo
2850 2422 3065 2477 fratrem
3102 2423 3374 2477 Victorem
3399 2423 3455 2477 in

1873 2515 2091 2569 nomine
2109 2514 2224 2577 Dei,
2248 2522 2445 2582 tuaque
2466 2530 2693 2583 persona
2716 2513 2783 2567 ad
2805 2529 2903 2567 nos
2922 2514 3245 2576 venientem,
3270 2513 3455 2567 intima

1874 2606 2154 2660 affectione
2176 2614 2230 2659 et
2255 2621 2444 2674 magna
2462 2606 2818 2674 gratulatione
2843 2606 3195 2674 suscepimus.
3228 2604 3281 2658 Id
3311 2605 3455 2659 enim
3494 2665 3501 2671 ,

1878 2705 2085 2750 tantum
2117 2698 2328 2767 fecimus
2352 2696 2559 2749 inutiles
2579 2696 2727 2758 servi,
2761 2698 2894 2766 quod
2921 2698 3092 2767 facere
3112 2695 3375 2748 debuimus
3396 2704 3454 2759 ος

1870 2787 2128 2855 quoniam
2180 2786 2461 2855 perspicua
2506 2787 2703 2839 veritas
2750 2786 2979 2851 cogebat
3034 2800 3134 2839 nos
3163 2799 3317 2838 ovem
3347 2799 3449 2852 pu-

1875 2892 1990 2930 ram
2036 2876 2089 2929 in
2120 2890 2187 2929 eo
2213 2877 2485 2944 suscipere
2518 2883 2678 2942 atque
2709 2875 2951 2928 venerari
2980 2891 2993 2938 ;
3044 2889 3202 2943 quem
3232 2889 3339 2927 non
3366 2888 3456 2927 so-

1876 2965 1985 3018 lum
2011 2980 2167 3019 ovem
2198 2965 2367 3033 pelle,
2417 2979 2605 3018 verum
2644 2965 2861 3031 spiritus
2890 2965 2954 3033 (i)
3007 2962 3452 3024 mansuetudinis,

1877 3062 1933 3108 et
1960 3069 2211 3123 expressa
2243 3054 2294 3106 in
2327 3052 2489 3107 verbo
2518 3052 2635 3121 ejus
2670 3062 2831 3120 atque
2860 3052 3072 3106 silentio
3100 3050 3300 3105 Christi
3339 3065 3456 3104 mo-

195 3144 383 3199 Christi
408 3146 633 3200 vilescat
654 3144 776 3197 sibi.
805 3142 920 3208 Quo
945 3140 1136 3195 affectu
1161 3140 1279 3194 vilis
1300 3139 1413 3201 tibi,
1444 3147 1497 3191 at
1524 3147 1769 3207 pretiosa:
1797 3146 1842 3207 (ζ
1875 3145 2047 3198 destia
2082 3143 2373 3197 revelabat.
2433 3143 2573 3197 Vere
2610 3142 3020 3211 recognovimus
3061 3142 3115 3195 in
3146 3156 3213 3196 eo
3237 3149 3456 3195 sancto-

198 3233 296 3287 Deo
316 3236 514 3288 animae
541 3242 646 3286 tua:
674 3233 991 3286 suavitatem
1027 3230 1078 3283 in
1106 3230 1239 3283 lavis
1262 3229 1372 3282 oris
1402 3230 1475 3281 tui
1503 3228 1770 3281 Christum

197 3328 515 3394 spirantibus
533 3324 824 3379 odorantes
872 3322 939 3392 (f)
963 3320 1325 3375 benedicimus
1348 3319 1653 3385 Dominum,
1678 3319 1773 3373 Dei

199 3417 417 3471 Verbum
448 3416 620 3469 Deum
647 3433 660 3467 :
692 3414 784 3482 qui
806 3414 946 3469 sicut
973 3414 1027 3466 in
1054 3412 1169 3481 ipso
1195 3411 1286 3465 illo
1311 3410 1587 3475 ‘homine,
1610 3424 1773 3477 quem

196 3508 366 3574 gessit,
403 3507 565 3577 119
593 3504 667 3557 ita
696 3504 750 3557 in
779 3502 976 3557 nostris
998 3501 1263 3555 mentibus
1290 3499 1487 3568 gradus
1514 3498 1775 3565 quosdam

198 3611 462 3666 corporea:
500 3596 675 3649 aetatis
706 3594 1043 3661 exsequitur;
1076 3591 1329 3654 nascitur,
1363 3588 1580 3653 crescit,
1612 3587 1776 3641 robo-

198 3697 351 3752 ratur,
379 3687 635 3741 senescit.
671 3684 778 3737 Sed
805 3683 1057 3749 orandus,
1092 3696 1158 3735 ne
1187 3680 1239 3734 in
1268 3680 1424 3734 nobis
1454 3678 1545 3731 diu
1574 3685 1666 3731 aut
1688 3676 1777 3745 ju-

200 3776 325 3840 giter
352 3774 629 3844 parvulus,
655 3780 711 3827 et
733 3769 974 3825 inﬁrmus
991 3772 1033 3833 ",
1057 3778 1111 3824 et
1137 3785 1342 3839 pauper
1370 3771 1458 3823 sit.
1484 3768 1540 3820 In
1573 3776 1625 3821 te
1654 3766 1777 3834 qui-

200 3863 329 3929 dem,
362 3873 422 3917 ut
462 3863 779 3931 gloriamur,
810 3862 935 3929 quia
964 3861 1161 3915 bonum
1204 3867 1354 3913 tuum
1390 3858 1558 3927 gloria
1593 3866 1779 3910 nostra

200 3962 292 4017 δι,
320 3954 600 4023 profectus
626 3952 743 4019 ejus
771 3953 1129 4021 experientes,
1156 3950 1493 4018 agnoscimus
1538 3948 1780 4002 bonitate

196 4042 468 4109 grandem,
517 4043 717 4095 malitia
762 4041 1061 4110 parvulum,
1109 4040 1370 4108 sapientia
1417 4052 1625 4103 senem,
1677 4036 1780 4089 lide

198 4134 404 4195 fortem,
434 4140 496 4187 et
522 4133 575 4185 in
604 4132 795 4201 spiritu
824 4131 925 4199 piae
953 4130 1267 4185 humilitatis
1301 4144 1611 4199 pauperem,
1641 4129 1781 4182 cari-

200 4228 299 4276 tate
338 4223 563 4276 divitem
591 4226 637 4273 ι.
682 4220 814 4274 Nam
845 4220 1110 4289 prioribus
1138 4233 1265 4287 erga
1294 4218 1645 4272 humilitatem
1677 4233 1778 4271 no-

198 4320 354 4364 stram
383 4312 583 4367 ciliciis
607 4311 743 4365 alios
766 4310 842 4380 (g)
866 4317 1253 4372 anteverteras,
1283 4308 1531 4361 omnibus
1560 4306 1777 4371 nostris,

1875 3251 1997 3292 rum
2043 3233 2327 3288 formulam
2371 3234 2651 3288 beatorum
2698 3232 2913 3286 Martini
2961 3241 3015 3286 et
3058 3232 3242 3298 Clari,
3297 3246 3457 3300 quem

1877 3324 2125 3393 proximo
2170 3322 2451 3377 intervallo
2500 3322 2723 3375 illustris
2777 3321 3014 3389 magistri
3065 3334 3348 3388 sequacem
3398 3327 3455 3372 te

1838 3480 1841 3481 ν
1879 3423 2069 3469 autore
2094 3414 2461 3483 cognovimus.
2494 3411 2695 3465 Horum
2719 3427 2779 3466 se
2799 3412 2954 3467 unius
2975 3412 3028 3465 in
3052 3410 3462 3480 regenerationo

1879 3521 1999 3561 esse
2027 3504 2360 3574 progeniem,
2391 3504 2611 3557 alterius
2647 3504 2701 3556 in
2729 3504 2814 3557 via
2844 3504 3098 3558 comitem
3124 3501 3289 3556 fuisse
3314 3500 3457 3570 ﬁlius

1879 3597 2022 3664 pacis
2052 3606 2077 3643 Ρ
2132 3595 2318 3649 Victor
2360 3593 2606 3647 asseruit.
2649 3592 2821 3647 llomo
2844 3607 3009 3658 vere,
3066 3600 3125 3645 ut
3170 3591 3453 3660 scripsisti,

1882 3685 1978 3739 Dei
2008 3684 2215 3737 humilis
2242 3682 2396 3737 corde
2424 3693 2471 3747 ιι,
2504 3697 2611 3735 ιιοιι
2642 3680 2855 3734 humilis
2884 3681 3054 3748 gratia
3080 3696 3092 3732 :
3122 3694 3218 3733 vas
3250 3680 3461 3734 miseri-

1883 3775 2079 3829 cordia:
2109 3782 2164 3827 et
2194 3772 2402 3826 mansio
2432 3771 2686 3823 Altissimi
2712 3784 2874 3836 quem
2906 3769 3117 3837 recipit,
3147 3777 3202 3821 et
3222 3768 3462 3823 oblectat

1881 3863 2094 3933 placido
2128 3863 2283 3931 120
2304 3861 2494 3913 anima:
2511 3859 2790 3913 trementis
2815 3858 3070 3927 hospitio.
3101 3855 3152 3910 ls
3185 3858 3340 3911 nobis
3367 3857 3463 3911 he-

1884 3953 2240 4016 nedictiones,
2267 3959 2459 4020 praeter
2481 3950 2597 4003 illas
2630 3964 2762 4019 quas
2791 3964 2822 4003 a
2850 3949 3003 4003 vobis
3031 3949 3272 4017 geminas
3302 3949 3354 4002 in
3378 3949 3464 4001 Iit-

1887 4042 2017 4095 teris
2046 4049 2099 4095 et
2128 4040 2304 4109 palliis
2344 4037 2604 4093 afferebat
2627 4079 2642 4104 ,
2692 4038 2876 4107 plures
2921 4036 3124 4091 addidit
3166 4036 3235 4091 de
3273 4038 3465 4106 opibus

1883 4132 2080 4187 mentis
2109 4146 2251 4199 suae,
2299 4146 2409 4184 non
2437 4130 2609 4185 solum
2637 4129 2992 4183 contubernio
3018 4128 3244 4198 spiritali
3285 4128 3467 4196 gratis-

1887 4224 2056 4277 simus
2080 4222 2256 4288 nobis,
2285 4221 2379 4277 sed
2406 4229 2461 4274 et
2487 4234 2751 4289 corporeo
2780 4218 3038 4274 famulatu
3068 4219 3302 4274 sedulus.
3358 4219 3468 4272 Au-

1888 4311 1993 4365 deo
2022 4311 2165 4364 enim
2194 4325 2309 4364 rem
2334 4308 2515 4363 oneris
2544 4308 2714 4361 nOs'tri
2743 4308 2925 4371 fateri,
2976 4307 3102 4361 dum
3129 4306 3223 4360 tibi
3250 4306 3381 4359 nihil
3403 4306 3469 4360 do

200 4410 250 4455 ut
269 4418 413 4473 saepe
443 4404 628 4458 testati
654 4417 859 4466 sumus,
884 4409 939 4455 et
965 4400 1153 4455 amicis
1176 4399 1488 4465 studiosior,
1518 4405 1572 4452 et
1600 4398 1787 4467 proxi-
1822 4395 1872 4454 D
1897 4399 2012 4467 ejus
2048 4399 2205 4453 bonis
2245 4406 2451 4452 taceam
2473 4438 2488 4461 ,
2536 4411 2655 4465 quae
2683 4398 2935 4464 gaudium
2974 4404 3123 4450 tuum
3157 4410 3278 4450 esse
3320 4405 3471 4451 certo

258 4539 441 4593 'Psal.
479 4555 619 4600 xxiv,
647 4538 699 4601 8,
732 4545 787 4591 et
814 4553 940 4600 xxx,
969 4535 1057 4588 20.
1134 4534 1308 4588 bGen.
1342 4549 1506 4597 xxvn,
1539 4531 1627 4584 27.

198 4623 291 4671 xvi,
312 4609 404 4661 22.
453 4618 480 4654 ις
504 4608 689 4660 Matth.
722 4623 812 4669 xu,
839 4605 926 4657 54.
969 4604 1170 4659 hEccli.
1200 4620 1309 4665 xm,
1333 4602 1420 4655 20.

199 4679 403 4741 uniti.
467 4675 483 4714 ¹
514 4676 654 4731 Psal.
676 4692 904 4736 xxxviii,
924 4673 976 4726 4.
1035 4685 1071 4711 ω
1098 4672 1235 4727 Psal.
1263 4688 1405 4735 Lxlv,
1437 4671 1491 4725 5.

258 4814 332 4883 (a)
363 4814 448 4867 ita
492 4820 601 4868 tres
636 4826 768 4867 mss.
817 4809 1049 4864 codices.
1098 4807 1280 4875 Editi,
1327 4808 1486 4879 ejus?
1530 4805 1673 4863 Nam
1720 4816 1774 4861 tu

200 4885 328 4937 mihi.

260 4954 329 5023 (b)
358 4946 1371 5023 ltamanuscriptus_codex_Vaticanus
1395 4965 1407 4999 :
1426 4946 1580 5023 quod
1607 4962 1775 5001 venu-

202 5016 323 5076 stius
368 5022 587 5075 videtur
615 5016 777 5085 quam
806 5017 1021 5085 vulgata
1069 5017 1263 5080 lectio;
1312 5016 1773 5084 conﬁrmaturque

203 5092 447 5211 ἐνέδειξε.
484 5089 551 5142 l6
591 5086 659 5142 ad
685 5086 896 5142 Jovium
918 5125 933 5149 ,
965 5102 1019 5139 ιι.
1045 5086 1079 5139 5
1101 5124 1117 5151 ,
1139 5086 1293 5154 juxta
1322 5086 1610 5141 lectionem
1640 5087 1770 5141 edit.

296 5176 328 5211 ο

296 5170 370 5212 οι.

263 5230 331 5295 (ci
360 5229 514 5281 Idem
539 5226 710 5281 codex
733 5240 835 5279 ms.
866 5225 1155 5295 Vatic.,_in
1179 5227 1312 5292 ipso.

264 5291 339 5364 (ά)
368 5297 469 5351 Sic
499 5305 608 5350 tres
636 5311 768 5348 mss.
799 5294 1032 5349 codices.
1062 5291 1233 5356 Editi,
1262 5291 1448 5364 perba;
1479 5307 1596 5361 quae
1617 5291 1777 5364 lectio

204 5362 353 5434 etiam
382 5366 609 5434 retineri
640 5372 852 5434 poterat
874 5378 1111 5434 ;__eaque
1147 5362 1497 5434 confirmatur
1520 5377 1586 5415 ex
1616 5362 1773 5429 epist.

208 5430 273 5501 197
291 5434 355 5485 ad
385 5430 667 5501 Delphinf,
696 5450 752 5485 ιι.
786 5432 810 5483 1
844 5451 855 5484 :
886 5430 1095 5485 Modica
1124 5434 1259 5493 licet,
1290 5431 1588 5484 dulcissima
1609 5438 1779 5483 tamen

207 5500 301 5553 oris
330 5506 402 5555 tui
434 5500 708 5555 stillicidia
742 5517 1027 5556 roraveras.

210 5570 451 5693 s“St-)rha
485 5586 611 5626 mss.
638 5571 762 5626 Vat.
795 5579 850 5625 et
870 5570 1022 5625 Vien.
1074 5570 1183 5626 Sed
1213 5585 1311 5624 ms.
1346 5569 1478 5635 Reg.
1528 5577 1583 5623 et
1626 5566 1776 5633 editi,

291 5656 336 5693 ιε
362 5658 380 5693 ι

291 5642 380 5697 isti

1711 4546 1731 4572 ο
1748 4535 1936 4589 Mattn.
1964 4552 2077 4602 xm,
2098 4534 2147 4587 ll.
2226 4532 2250 4569 ἀ
2266 4534 2585 4602 (ἱειιηχιιγιι,
2601 4530 2689 4602 Ξ8Ζ

1509 4613 1521 4638 ι
1545 4601 1682 4655 l’sal.
1718 4621 1859 4669 xxrv,
1886 4606 1945 4657 2|
1962 4648 1976 4672 ,
1999 4601 2205 4666 etxxv,
2226 4603 2274 4655 5.

1571 4681 1594 4706 ιι
1623 4673 1808 4728 Matth.
1838 4692 1890 4741 x,
1923 4675 2010 4728 41.

2770 4529 2950 4583 εΡδειΙ.
2983 4525 3256 4593 cxxvm,7.
3315 4526 3471 4583 fLuc.

2358 4602 2370 4651 i
2410 4601 2551 4654 Psal.
2585 4617 2635 4663 ιι,
2665 4598 2697 4651 6
2720 4616 2734 4663 ;
2759 4597 2952 4652 Johan.
2986 4612 3076 4660 xu,
3107 4596 3197 4649 25.
3256 4595 3277 4632 ¹ί
3308 4595 3468 4652 lCor.

2091 4665 2515 4739 °Luc.Xvu,10.
2593 4679 2619 4718 P
2644 4668 2773 4722 Luc.
2809 4684 2863 4734 x,
2894 4669 2947 4719 6.
3025 4678 3054 4715 τι
3083 4665 3270 4719 Matth.
3290 4665 3472 4733 xt,29.

1884 4810 1900 4880 ‘_
1955 4806 2135 4880 (θεὶς
2164 4804 2522 4880 manuscripti
2555 4802 2787 4880 codices.
2818 4799 2956 4880 Editi
2979 4798 3474 4880 Schot._et_.l_losv.,

1882 4869 2224 5000 Zenedicirgus
2256 4869 2456 4929 donuni
2479 4873 2615 4940 Dei,
2662 4870 2868 4925 verbum
2896 4870 3129 4924 Domini.
3172 4869 3313 4923 Editi
3342 4877 3471 4929 tres,

1918 4964 2090 5002 omum
2171 4962 2241 4998 ei.

1959 5038 2036 5107 (g)
2070 5034 2462 5103 Manuscriptus
2483 5032 2655 5087 codex
2674 5031 2855 5097 Vien.,
2885 5037 3007 5083 ante
3034 5030 3254 5082 viceras.

1966 5129 2042 5198 (It)
2073 5126 2151 5181 Ita
2174 5142 2301 5182 mss.
2330 5126 2459 5195 Reg.
2494 5133 2549 5178 et
2569 5110 2723 5177 Vien.
2755 5123 2823 5177 At
2844 5122 2995 5187 editi,
3023 5121 3186 5174 sileri.

1958 5220 2020 5287 (i)
2050 5218 2139 5272 Sic
2166 5225 2279 5271 tres
2308 5214 2681 5287 mss.codir_:es
2704 5213 2860 5281 Reg.,
2887 5212 3006 5265 Vat.
3039 5208 3279 5287 et_Vien.
3312 5205 3473 5287 Editi,

1881 5278 2099 5359 spiritus
2128 5278 2972 5359 mansuetud_ine.__Verum_mss.
3023 5279 3268 5359 codicum
3311 5278 3473 5359 lectio

1881 5346 2232 5412 c'onlirmatur
2261 5371 2329 5409 ex
2356 5355 2516 5423 epist.
2552 5353 2618 5405 l9
2648 5354 2716 5405 ad
2743 5352 3083 5423 Delphinum,
3118 5346 3253 5423 n.3,
3285 5346 3470 5423 spiritu

1880 5425 2288 5479 mansuetudinis
2332 5413 2407 5476 in'
2426 5426 2507 5477 via
2536 5424 2679 5491 pacis
2708 5413 2973 5484 radicati;
3022 5427 3078 5473 et
3108 5418 3266 5487 epist.
3297 5413 3364 5466 27
3404 5413 3471 5465 ad

1881 5497 2171 5558 Severum,
2204 5512 2257 5548 ιι.
2288 5493 2321 5546 5
2342 5532 2357 5555 ,
2386 5494 2475 5547 ubi
2504 5493 2694 5546 eadem
2721 5491 2831 5546 fere
2860 5491 3022 5544 verba
3050 5492 3305 5553 usurpat,
3334 5497 3467 5550 pau-

1882 5581 1971 5633 per
1998 5565 2051 5616 in
2075 5565 2257 5617 snirittt
2293 5562 2721 5616 mansuetudinis.
