3966 6184
564 314 667 371 259

1694 307 1749 360 S.
1790 306 2063 362 PAULINI
2102 303 2351 360 NOLANI
2390 305 2694 362 EPISCOPI

3721 305 3813 363 260

562 427 715 481 scio:
763 424 1017 493 quoniam
1060 431 1237 492 portio
1266 430 1356 475 tua
1393 427 1477 475 est
1504 419 1704 474 bonum
1734 417 2014 471 familiaris
2047 417 2143 471 tui.
2179 421 2227 479 Α
2253 419 2366 489 ejus
2404 417 2445 472 τ.
2498 417 2630 471 Nam
2657 423 2713 470 et
2740 414 2986 470 sensibus
3016 414 3059 447 ¹³
3088 414 3405 482 vegetandis
3432 416 3679 485 proderat
3714 418 3818 475 haec

632 516 687 571 4.
714 516 945 570 Servivit
973 529 1102 582 ergo
1128 514 1277 580 mihi,
1308 513 1528 567 servivit
1555 512 1771 580 inquam
1796 528 1809 574 ;
1834 518 1889 564 et
1916 524 1996 563 vze
2026 509 2158 563 mihi

564 610 782 672 misero,
814 605 957 681 quod
981 621 1169 674 passus
1192 620 1311 659 sum
1336 620 1351 669 ;
1396 603 1615 657 servivit
1637 609 1694 656 et
1720 600 1988 671 peccaturi
2005 641 2021 667 ,
2064 600 2158 668 qui

563 716 671 753 non
700 681 970 754 serviebat
996 703 1223 765 peccato
1248 712 1263 759 ;
1317 703 1372 748 et
1400 707 1501 760 ego
1548 693 1795 759 indignus
1826 707 1856 745 a
1882 707 2040 746 servo
2063 690 2155 759 ju-

562 788 722 843 stitize
766 787 1128 840 ministrabar.
1184 784 1291 838 Sed
1332 784 1458 837 hinc
1490 783 1620 836 mihi
1660 782 1899 835 levamen
1940 780 2157 848 aliquod

567 881 701 935 tanti
732 877 989 948 ponderis
1015 891 1207 945 spero,
1252 875 1397 943 quod
1427 874 1599 928 sancti
1630 872 1807 926 fratris
1840 871 2157 925 famulatum

565 987 671 1025 non
694 968 945 1037 superbia
989 966 1255 1020 vindicavi
1286 969 1337 1029 ⁸,
1386 964 1483 1019 sed
1517 964 1593 1034 (al
1625 962 1989 1017 contestandm
2018 962 2157 1015 cari-

566 1061 692 1114 tatis
737 1073 909 1122 mecc,
958 1066 1013 1110 et
1060 1055 1163 1110 fide
1208 1055 1483 1124 capienda:
1524 1052 1917 1107 benedictionis
1942 1051 2152 1106 admisi.

569 1150 877 1205 Benedictio
908 1148 1051 1202 enim
1079 1147 1208 1201 mihi
1238 1155 1356 1200 erat
1385 1153 1571 1199 sancta
1616 1144 1668 1196 in
1699 1144 1915 1198 nomine
1944 1141 2039 1195 Dei
2071 1141 2155 1195 fa-

565 1241 788 1294 mulatio
811 1277 826 1299 ,
876 1247 930 1292 et
959 1238 1013 1290 in
1043 1236 1304 1290 libertatis
1330 1234 1522 1305 spiritu
1561 1232 1757 1287 famula
1787 1232 2024 1285 dilectio.
2074 1230 2155 1284 0b

566 1332 670 1384 hoc
694 1328 1053 1383 voluntarium
1076 1326 1192 1394 ejus
1218 1327 1417 1380 bonum
1445 1334 1490 1388 ³,
1522 1332 1577 1378 et
1607 1339 1704 1393 pro
1735 1322 1900 1391 ipsius
1927 1322 2156 1375 utilitate

562 1420 796 1489 suscepi,
829 1433 1160 1489 prmsumens
1190 1433 1255 1471 eo
1278 1416 1635 1487 potentiorem
1666 1413 1921 1468 exorandi
1944 1428 2041 1482 pro
2067 1427 2154 1465 me

564 1512 819 1572 futurum,
845 1525 953 1578 quo
982 1513 1002 1542 ⁹
1033 1510 1151 1578 plus
1180 1510 1357 1562 meriti
1387 1507 1454 1560 de
1487 1506 1560 1576 (li)
1593 1503 1869 1571 religionis
1899 1502 2153 1571 operibus

563 1599 879 1667 acquisisset
910 1599 970 1650 ‘°.
1032 1597 1167 1666 Aget
1212 1594 1456 1664 profecto
1502 1593 1838 1647 orationibus
1880 1592 2031 1655 suis,
2082 1603 2153 1642 ne

562 1690 697 1743 meis
724 1688 979 1743 oneribus
1006 1687 1335 1750 accreverit,
1363 1683 1505 1752 quod
1535 1683 1699 1737 etiam
1718 1698 1785 1735 ex
1806 1696 1893 1735 me
1921 1679 2151 1733 accessit

2257 508 2477 578 pietatis
2502 507 2671 574 magis
2697 506 2948 574 palzestra
2974 545 2989 569 ,
3026 519 3187 573 quam
3216 505 3458 574 corporis
3477 546 3492 571 ,
3539 521 3642 575 qua
3670 507 3819 563 frater

2258 597 2433 652 bonus
2460 605 2610 649 artus
2640 595 2770 648 mihi
2813 594 3029 661 fragiles
3051 634 3065 659 ,
3110 608 3275 647 manu
3305 594 3534 662 fingente
3558 638 3573 663 ,
3621 612 3820 666 compo-

2259 701 2392 739 nens
2412 726 2427 750 ,
2479 686 2675 740 mentis
2702 698 2920 752 quoque
2944 684 3184 752 vigorem
3209 684 3467 739 recreatis
3494 685 3698 739 ossibus
3723 688 3817 741 eri-

2256 777 2435 844 gebat,
2469 785 2796 845 cooperante
2817 774 3169 844 proculdubio
3193 776 3441 829 manibus
3462 774 3565 831 fide
3588 795 3601 829 :
3632 786 3689 831 ut
3704 777 3818 833 dum

2257 866 2522 919 infirmam
2547 881 2764 919 carnem
2794 881 2983 931 manus
3004 864 3270 932 diligentis
3298 865 3516 920 duceret
3537 907 3552 932 ,
3611 883 3816 937 compa-

2263 957 2483 1010 tientem
2515 957 2745 1009 animam
2785 956 2954 1022 gratia
2985 953 3254 1009 credentis
3284 955 3489 1009 elueret
3511 994 3526 1019 ,
3578 955 3818 1026 fieretque

2255 1048 2387 1099 mihi
2436 1048 2581 1100 intus
2628 1047 2806 1099 oleum
2848 1046 3084 1111 lmtitim,
3132 1046 3277 1113 quod
3321 1044 3451 1100 foris
3494 1055 3611 1101 erat
3655 1049 3817 1103 oleum

2256 1137 2502 1191 sanitatis
2533 1146 2577 1189 ε.

2326 1226 2377 1278 6.
2420 1225 2616 1294 Accipe
2644 1224 2806 1279 modo
2836 1223 2995 1277 aliam
3025 1223 3264 1292 ejusdem
3294 1224 3343 1277 in
3370 1224 3568 1279 nostris
3593 1225 3821 1281 sensibus

2254 1320 2586 1373 servitutem.
2620 1318 2755 1384 Quia
2797 1333 2902 1371 non
2947 1317 3121 1371 solum
3152 1316 3462 1372 refectionis
3491 1325 3704 1384 nostraz,
3731 1317 3817 1372 sed

2256 1420 2309 1466 et
2334 1410 2674 1479 parsimonia:
2726 1424 2909 1461 curam
2956 1422 3169 1474 gerens,
3222 1407 3433 1461 facilem
3498 1422 3595 1461 nos
3640 1407 3819 1461 victum

2253 1502 2374 1555 cibo
2403 1499 2630 1568 simplici
2659 1513 2871 1567 capere,
2898 1498 3068 1551 coctis
3098 1498 3151 1550 in
3176 1506 3325 1565 gutta
3352 1498 3457 1551 olei
3484 1506 3539 1550 et
3567 1512 3712 1565 aqum
3733 1513 3818 1552 co-

2254 1593 2340 1662 pia
2390 1592 2642 1662 pultibus,
2688 1591 2871 1644 docuit
2921 1607 2933 1641 :
2985 1589 3080 1643 sed
3128 1605 3222 1645 eas
3269 1599 3422 1643 tanto
3469 1590 3650 1658 gratia:
3697 1591 3821 1655 sale,

2256 1692 2403 1737 tanta
2456 1681 2743 1736 dulcedine
2793 1682 3035 1736 caritatis
3081 1681 3388 1745 condiebat,
3434 1689 3493 1734 ut
3534 1698 3731 1750 coquos
3775 1690 3822 1735 et

564 1780 824 1836 fructibus
851 1779 979 1831 suis.
1023 1777 1192 1830 Dilexi
1223 1776 1397 1832 enim,
1432 1773 1633 1835 fateor,
1668 1775 1719 1825 in
1756 1774 1870 1838 ejus
1895 1768 2154 1837 obsequio
2186 1772 2233 1832 B
2259 1773 2567 1826 condituras
2598 1786 2704 1823 non
2752 1769 3184 1825 desideraremus
3210 1769 3235 1805 ιι
3271 1788 3285 1823 :
3330 1771 3455 1839 quia
3504 1786 3654 1838 aqua:
3690 1787 3822 1840 pum:

563 1866 993 1921 benedictionem
1019 1902 1033 1926 ,
1089 1864 1282 1916 timens
1325 1878 1393 1915 ne
1430 1861 1709 1929 repudiata
1748 1860 2093 1925 elongaretur
2121 1872 2153 1910 a

567 1971 693 2019 me;
733 1956 858 2023 quia
889 1955 1149 2023 scriptum
1180 1954 1427 2007 tenebam
1455 1970 1466 2004 :
1502 1951 1687 2006 Noluit
1722 1951 2146 2014 benedictionem,

561 2055 612 2097 et
640 2042 966 2114 elongabitur
995 2042 1057 2095 ab
1080 2060 1139 2097 eo
1170 2041 1220 2095 δ.
1254 2042 1385 2096 Dedi
1409 2043 1589 2110 itaque
1644 2056 1730 2094 me
1761 2050 1934 2095 totum
1973 2040 2149 2093 mani-

561 2134 662 2187 bus
690 2133 807 2201 ejus
831 2141 993 2202 atque
1022 2132 1316 2187 visceribus
1341 2148 1355 2186 :
1389 2133 1514 2200 quia
1548 2146 1645 2199 per
1673 2132 1877 2185 viscera
1912 2131 2152 2185 caritatis

560 2238 752 2277 manus
780 2222 1035 2286 famulas,
1066 2233 1121 2276 et
1142 2222 1396 2275 membris
1425 2222 1559 2275 meis
1587 2230 1811 2284 unctor,
1842 2229 1897 2273 et
1926 2220 2151 2288 pedibus

562 2314 633 2381 (ε)
666 2313 808 2365 lotor
827 2310 1151 2376 adhibebat;
1184 2311 1481 2364 liberalium
1504 2311 1693 2379 plenus
1721 2308 2029 2375 affectuum,
2057 2309 2151 2364 sed

559 2404 831 2459 servilium
861 2413 1157 2473 praereptor
1183 2404 1278 2474 (V.
1313 2412 1425 2458 not.
1461 2404 1548 2473 7i)
1582 2418 1826 2473 operum,
1861 2404 1949 2457 vix
1980 2413 2037 2457 ut
2064 2420 2150 2460 me

560 2508 753 2561 aquam
796 2493 1105 2547 ministrare
1148 2493 1397 2547 manibus
1440 2494 1550 2547 suis
1596 2493 1818 2548 sineret.
1887 2493 1966 2547 Ex
2013 2495 2148 2550 libro

560 2582 704 2635 enim
735 2590 826 2635 tuo
858 2579 953 2649 (V.
986 2588 1101 2634 not.
1131 2580 1222 2649 72)
1254 2581 1407 2635 istius
1446 2581 1677 2649 gratiam
1706 2583 1980 2637 servitutis
2023 2583 2150 2637 ada-

563 2668 739 2733 mavi,
769 2676 827 2721 ut
852 2668 1128 2722 minimam
1157 2670 1346 2723 saltem
1382 2671 1645 2747 guttulam
1673 2672 1739 2725 de
1765 2674 1933 2727 sacris
1964 2673 2148 2727 Marti-

562 2759 618 2813 ni
648 2758 856 2813 actibus
881 2758 1193 2812 delibarem.
1250 2758 1369 2827 Ipse
1398 2775 1527 2813 vero
1564 2761 1807 2828 quotidie
1836 2778 1942 2815 non
1974 2764 2148 2818 solum

559 2848 726 2916 pedes
752 2863 903 2901 meos
932 2848 1112 2903 lavare
1137 2889 1152 2915 ,
1184 2848 1278 2903 sed
1304 2858 1358 2903 et
1386 2850 1751 2905 calceamenta
1778 2892 1793 2917 ,
1834 2853 1877 2905 si
1910 2861 2166 2922 paterer;

560 2944 772 3003 tergere
799 2937 1088 3005 cupiebat,
1136 2954 1330 2993 avarus
1368 2940 1753 2995 dominationis
1780 2941 2003 2996 interna:
2028 2984 2044 3009 ,
2093 2951 2149 2998 et

559 3026 758 3082 idcirco
779 3042 1055 3097 corporea:
1074 3030 1348 3085 servitutis
1374 3031 1599 3100 impiger

2257 1862 2436 1916 oleum
2464 1860 2762 1922 suavitatis,
2787 1859 2931 1926 quod
2963 1860 3107 1911 nulla
3129 1875 3432 1913 muscarum
3461 1859 3823 1930 importunitas

2254 1952 2652 2015 exterminavit,
2700 1948 3016 2016 simplicitas
3065 1949 3279 2003 caritati
3320 1948 3506 2015 juncta
3560 1948 3823 2003 miscebat.

2254 2043 2452 2097 Verum
2483 2042 2737 2111 spiritalis
2765 2056 2971 2109 coquus
3014 2040 3325 2094 interiorem
3353 2038 3629 2092 hominem
3660 2039 3823 2092 cibare

2252 2131 2483 2194 doctior,
2515 2147 2623 2199 quo
2652 2131 2954 2184 destrueret
2978 2144 3156 2183 escam
3180 2130 3340 2197 gulae,
3370 2144 3476 2182 non
3502 2128 3712 2196 siligine
3733 2143 3823 2180 no-

2252 2221 2335 2275 bis
2364 2221 2560 2288 pultes,
2589 2220 2683 2274 sed
2726 2220 2895 2274 farina
2937 2219 3171 2275 confecit
3209 2228 3304 2273 aut
3349 2220 3518 2273 milio.
3568 2220 3643 2274 Ae
3669 2235 3733 2274 ne
3775 2219 3822 2272 in

2251 2312 2355 2365 hoc
2400 2312 2517 2379 ipso
2569 2311 2851 2366 delicatius
2902 2314 3179 2367 nobiscum
3222 2327 3382 2380 agere
3410 2313 3707 2379 videretur,
3742 2312 3824 2381 qui

2252 2417 2351 2454 nos
2381 2402 2446 2454 ad
2492 2405 2700 2455 orexim
2735 2402 2832 2472 (V.
2881 2412 2997 2456 not.
3033 2403 3121 2471 75)
3172 2404 3570 2458 monachorum
3616 2406 3826 2474 parabat

2251 2490 2514 2559 imbuere,
2540 2492 2715 2545 fabam
2744 2493 2950 2547 intrivit
2978 2494 3211 2562 panicio,
3246 2509 3355 2561 quo
3381 2495 3546 2548 citius
3575 2495 3646 2566 (e)
3678 2509 3824 2548 sena-

2251 2582 2446 2635 torium
2493 2597 2819 2652 poneremus
2858 2582 3153 2637 fastidium.
3201 2580 3309 2637 Sed
3356 2584 3410 2637 in
3454 2584 3823 2639 benedictione

2249 2671 2547 2726 dulcedinis
2585 2672 2778 2726 animm
2833 2672 3053 2727 delicias
3098 2673 3455 2738 habebamus,
3502 2676 3826 2744 gratulantes

2249 2762 2395 2830 quod
2416 2762 2584 2815 frater
2614 2762 2776 2817 etiam
2808 2762 2862 2815 in
2892 2756 3202 2816 carnalibus
3217 2763 3537 2818 ministeriis
3565 2765 3823 2834 spiritalis,

2250 2852 2581 2920 propheticis
2606 2868 2705 2906 nos
2743 2851 2876 2906 cibis
2918 2860 3187 2921 pasceret.
3237 2852 3371 2906 Nam
3418 2854 3473 2906 in
3510 2856 3826 2909 contritione

2249 2942 2516 3011 permixta
2545 2958 2713 3011 panes
2739 2942 2859 2996 illos
2888 2942 3248 2997 tribulationis
3277 2944 3518 3000 imitatus
3550 2954 3651 3011 est,
3700 2960 3826 3013 quos

2249 3031 2500 3087 Ezechiel
2534 3032 2548 3068 ί
2589 3033 2853 3101 propheta
2896 3032 2963 3086 de
2990 3034 3143 3087 vario
3171 3032 3337 3103 frugis
3364 3043 3421 3089 et
3462 3034 3625 3089 farris
3670 3034 3825 3090 confi-

632 3116 683 3170 5.
716 3116 822 3172 Sed
846 3120 915 3173 de
942 3120 1174 3188 pedibus
1204 3122 1242 3153 ¹ι
1276 3121 1517 3175 lavandis
1545 3129 1753 3177 tantum
1783 3123 1948 3178 semel
1980 3123 2153 3179 fateor
2180 3126 2225 3187 C
2255 3138 2379 3178 cere
2404 3123 2505 3178 sibi
2534 3139 2733 3193 genere
2756 3123 2936 3191 jussus
2957 3132 3077 3190 est,
3128 3133 3185 3179 et
3211 3127 3278 3179 ad
3306 3127 3714 3195 expressionem
3740 3125 3825 3179 lu-

561 3209 862 3276 apostolico
888 3224 973 3262 me
996 3211 1244 3278 exemplo
1273 3213 1518 3276 cessisse,
1561 3228 1698 3281 quos
1720 3214 1953 3281 legeram
1985 3216 2149 3283 pedes

560 3315 688 3354 suos
723 3299 980 3353 lavandos
1006 3301 1259 3355 servienti
1292 3303 1520 3357 Domino
1550 3306 1844 3372 prmbuisse
1877 3317 1922 3359 ο.
1964 3306 2149 3375 Neque

559 3391 702 3444 enim
731 3398 939 3459 partem
979 3393 1031 3446 in
1060 3394 1360 3448 hereditate
1398 3395 1500 3448 nisi
1528 3395 1841 3451 famulantis
1882 3400 2147 3468 obsequio

560 3483 934 3551 recepissent;
977 3484 1230 3551 quoniam
1259 3484 1433 3539 bonus
1455 3485 1714 3540 Dominus
1743 3496 1798 3541 et
1830 3489 2146 3543 salutarium

560 3572 816 3638 magister
838 3610 854 3634 ,
903 3574 1172 3628 serviendi
1214 3575 1516 3629 ministerio
1548 3575 1862 3631 dominandi
1897 3582 2147 3633 meritum

558 3659 871 3716 conferebat
894 3680 909 3728 ;
963 3672 1020 3718 et
1047 3664 1362 3718 humilitatis
1389 3666 1635 3719 humana:
1666 3666 1938 3734 pnnbehat
1965 3682 2147 3721 exem-

561 3751 729 3821 plum,
757 3754 950 3823 quibus
971 3755 1165 3809 divina:
1190 3755 1533 3810 sublimitatis
1550 3757 1771 3825 parabat
1791 3759 2141 3811 consortium.

563 3841 712 3898 Unde
741 3854 1024 3913 perspecto
1051 3846 1288 3899 muneris
1316 3847 1452 3900 tanti
1485 3847 1761 3916 mysterio,
1793 3856 1847 3901 et
1876 3847 2145 3902 intellecta

560 3937 686 3991 boni
716 3938 1080 4004 magnitudine
1102 3976 1118 3999 ,
1168 3938 1259 4005 qui
1290 3939 1462 4006 primo
1493 3939 1847 3993 ministrantis
1883 3947 2145 4009 apparatu

559 4027 723 4096 pedes
753 4026 947 4079 offerre
978 4027 1419 4095 trepidaverant;
1448 4027 1558 4094 jam
1590 4044 1697 4081 non
1718 4029 1884 4096 pedes
1913 4038 2144 4095 tantum,

558 4117 655 4171 sed
691 4121 840 4187 121
875 4125 1016 4170 totos
1038 4132 1096 4170 se
1126 4132 1296 4184 usque
1324 4117 1392 4170 ad
1416 4127 1578 4184 caput
1602 4119 1771 4186 perlui
1800 4129 2142 4187 rogaverunt.

558 4205 626 4259 Et
654 4220 753 4273 ego
785 4206 1065 4258 Dominum
1092 4204 1277 4259 Jesum
1306 4206 1359 4259 in
1388 4205 1555 4261 fratre
1592 4207 1808 4263 Victore
1837 4220 2140 4277 veneratus,

559 4297 682 4365 quia
705 4297 880 4348 omnis
909 4295 1085 4349 anima
1110 4296 1281 4350 fidelis
1311 4314 1377 4351 ex
1410 4298 1520 4352 Deo
1551 4308 1649 4364 est,
1686 4308 1741 4354 et
1762 4301 1969 4355 humilis
1991 4304 2144 4356 corde

557 4384 585 4423 ά
616 4401 710 4439 cor
740 4384 938 4440 Christi
964 4394 1045 4440 est
1071 4427 1087 4452 ,
1134 4384 1309 4441 fateor
1332 4429 1347 4453 ,
1396 4388 1462 4441 ad
1492 4390 1785 4444 remedium
1816 4391 2143 4447 infirmitatis

558 4474 771 4543 Optavi,
799 4482 857 4527 ut
886 4476 1008 4530 oleo
1038 4490 1124 4530 me
1147 4476 1229 4531 vel
1261 4490 1401 4544 aqua
1429 4477 1621 4531 melior
1655 4494 1948 4534 conservus
1974 4481 2142 4555 attin-

557 4574 727 4633 geret.
769 4567 877 4621 Ncc
909 4568 1090 4621 irritus
1122 4568 1164 4598 "
1195 4566 1268 4621 fui
1300 4576 1600 4637 praesumtio
1628 4569 1783 4637 opis;
1836 4585 1959 4623 nam
1989 4571 2143 4639 quasi

559 4654 877 4708 medicatum
928 4656 1175 4712 manibus
1228 4657 1331 4725 piis
1381 4657 1560 4710 oleum
1613 4657 1681 4711 de
1728 4658 1841 4726 ipsa
1894 4661 2143 4726 ungentis

564 4746 973 4801 mansuetudine
1002 4746 1133 4800 mihi
1161 4746 1335 4801 lenius
1352 4746 1403 4799 in
1428 4747 1687 4801 medullas
1709 4749 2013 4817 pet-lapsum
2035 4759 2136 4815 est,

558 4844 613 4888 et
635 4836 1011 4890 exsultarerunt
1035 4855 1152 4891 ossa
1174 4838 1446 4891 humiliata
1465 4848 1507 4890 θ.
1539 4837 1808 4893 Benediin
1828 4841 2004 4894 anima
2026 4858 2141 4895 mea

559 4922 863 4993 Dominum,
887 4936 935 4979 et
959 4928 1135 4979 omnia
1164 4927 1241 4998 (ά)
1266 4929 1513 4981 interiora
1542 4945 1656 4981 mea
1691 4945 1875 4983 nomen
1903 4939 2141 4985 sanctum

638 5073 662 5098 ἰ
690 5067 911 5121 Philem.
956 5067 1040 5139 14.
1100 5067 1143 5139 ,δ
1168 5066 1316 5139 Psal.
1346 5085 1499 5139 cvm},
1534 5070 1618 5124 18.

559 5147 585 5184 ε
627 5135 764 5190 Psal.
800 5150 939 5203 xm,
969 5138 1022 5190 8.
1100 5135 1127 5174 ¹ι
1165 5138 1342 5194 Eccle.
1374 5158 1428 5206 x,
1456 5131 1505 5195 Ι.
1590 5144 1605 5179 ί
1650 5141 1844 5198 Ezech.
1871 5161 1942 5211 IV,
1967 5146 2020 5199 5.

634 5291 707 5366 ⁸ᾳ)
858 5287 1042 5366 _Vic_n.,
1068 5292 1405 5366 concitanda
1439 5293 1537 5351 Ms.
1571 5296 1731 5366 ch.,
1761 5301 2133 5357 contristandw

628 5358 700 5430 (1))
732 5358 826 5432 _Ms.
858 5358 1053 5432 Vatic,
1082 5363 1355 5432 religiosis.

629 5427 697 5497 (ε)
732 5427 803 5481 lta
834 5443 934 5481 ms.
962 5429 1114 5483 Vien.
1142 5427 1332 5486 codex.
1368 5433 1491 5497 Alii,
1524 5435 1678 5491 (utor.

630 5466 675 5481 κν
732 5466 803 5481 ...ι
834 5466 934 5481 ...ω
1142 5466 1332 5486 cum...
1368 5466 1450 5486 nu
1524 5466 1597 5487 nu
1666 5478 1678 5491 .

628 5466 705 5565 2d,)
732 5499 806 5551 Ita
837 5499 1011 5575 versio
1043 5498 1189 5575 LXX,
1212 5466 1581 5571 interprct'inn,
1602 5466 1864 5575 upsalteria
1898 5520 2048 5565 vetus
2081 5523 2136 5565 et

557 5566 875 5635 Romanum,
899 5578 954 5623 et
973 5569 1295 5637 Augustinus
1317 5566 1368 5627 in
1399 5566 1787 5633 commentario
1813 5597 1973 5648 super
1994 5583 2135 5640 psal-

555 5650 690 5689 ιιιυδ.

1702 5082 1725 5109 α
1753 5073 1946 5129 Johan.
1979 5093 2109 5143 xm,
2143 5077 2196 5133 9.

2249 3215 2415 3269 daicm
2455 3215 2788 3270 confusionis
2820 3259 2835 3283 ,
2881 3218 2973 3284 qui
3003 3218 3158 3273 obliti
3198 3218 3388 3284 Deum,
3435 3220 3825 3272 immutarenmt

2249 3306 2472 3375 gloriam
2497 3323 2644 3359 suam
2671 3308 2726 3359 in
2745 3308 3133 3362 similitudinem
3157 3309 3303 3363 vituli
3327 3310 3699 3364 manducantis
3736 3312 3825 3380 fa:-

2248 3412 2371 3449 num
2396 3400 2444 3464 l,
2487 3397 2539 3450 in
2587 3406 2828 3453 stercore
2868 3399 3031 3453 boum
3080 3414 3316 3469 coquere
3336 3441 3351 3466 ,
3396 3410 3692 3472 coctosque
3733 3404 3825 3457 sub

2248 3485 2439 3542 foetido
2468 3488 2649 3541 cinere
2672 3529 2686 3553 ,
2716 3504 2839 3543 cum
2884 3489 3135 3560 lacrymis
3176 3490 3246 3561 (Γ)
3276 3493 3565 3561 captivatis
3589 3495 3641 3548 in
3681 3509 3825 3548 men-

2246 3594 2373 3634 sura
2420 3595 2652 3634 sumere.
2696 3580 2959 3635 Videlicet
3003 3589 3061 3635 ut
3103 3591 3552 3651 superventuram
3600 3584 3824 3654 perfidiae

2247 3684 2360 3724 suae
2386 3685 2597 3739 pennam
2618 3672 2973 3740 corporaliter
2998 3673 3050 3726 in
3089 3677 3245 3745 122
3274 3675 3537 3743 propheta
3565 3677 3819 3744 signatam

2248 3759 2614 3829 providerent,
2638 3768 2695 3815 et
2722 3762 2809 3815 vel
2840 3762 2911 3816 ita
2961 3772 3364 3819 reverterentur
3402 3766 3469 3819 ad
3499 3765 3783 3821 Dominum
3805 3804 3819 3829 ,

2247 3852 2294 3906 si
2323 3867 2419 3906 eos
2441 3851 2508 3905 ad
2537 3853 2905 3921 pmnitendum
2939 3869 3046 3908 non
3075 3854 3249 3909 solum
3279 3855 3457 3910 verbis
3485 3853 3820 3919 denuntiata,

2247 3945 2341 3999 sed
2369 3946 2534 4000 etiam
2565 3945 2881 4015 corporibus
2905 3944 3298 4016 Prophetarum
3337 3963 3615 4017 expressa,
3644 3948 3822 4003 offensi

2247 4034 2341 4088 Dei
2370 4034 2447 4088 ira
2481 4044 2782 4090 revocaret.

2320 4126 2371 4178 7.
2417 4125 2595 4180 Voluit
2623 4141 2754 4195 ergo
2798 4126 2967 4182 frater
2988 4128 3196 4195 Victor,
3238 4137 3299 4184 ut
3336 4145 3444 4184 non
3481 4131 3661 4185 solum
3686 4129 3821 4198 jeju~

2248 4215 2358 4277 nio,
2389 4216 2486 4270 sed
2507 4224 2565 4271 et
2592 4218 2713 4273 cibo
2737 4219 3023 4274 humiliare
3052 4221 3287 4274 animam
3336 4222 3671 4277 disceremus
3714 4240 3725 4274 :
3774 4229 3824 4275 et

2244 4307 2619 4363 recordatione
2690 4318 3033 4378 peccatorum
3087 4323 3370 4378 veterum,
3443 4314 3825 4381 intellectuque

2245 4398 2592 4465 praesentium
2640 4401 2820 4455 tristes
2865 4402 3192 4457 manducare
3234 4419 3428 4473 panem
3474 4405 3685 4461 doloris
3733 4404 3757 4442 ¹ι
3807 4421 3820 4457 :

2170 4491 2223 4550 ι)
2247 4487 2498 4553 quamvis
2525 4503 2591 4542 ex
2630 4498 2788 4558 parte
2831 4490 2985 4545 nobis
3021 4496 3343 4562 pepercerit,
3389 4494 3568 4550 fab'am
3618 4506 3822 4551 tantum

2245 4577 2396 4631 milio
2426 4579 2744 4648 panicioque
2776 4580 3111 4639 confundens
3146 4601 3159 4636 :
3199 4586 3343 4653 quod
3381 4595 3561 4641 tamen
3604 4586 3826 4642 forsitan

2244 4666 2533 4723 oblivionis
2567 4672 2738 4738 magis
2792 4686 2954 4741 quam
3022 4674 3408 4730 moderaminis
3472 4675 3656 4731 fuerit.
3694 4677 3823 4730 Nam

2246 4758 2410 4813 homo
2432 4769 2650 4815 sanctus
2679 4761 2820 4816 fideli
2847 4764 3098 4819 cautione
3125 4766 3405 4820 metuisset
3428 4767 3633 4836 aliquid
3675 4768 3827 4821 nobis

2247 4849 2314 4903 de
2331 4850 2606 4921 Scriptura
2629 4862 2810 4908 sancta
2835 4856 3151 4912 subtrahere
3176 4876 3187 4910 :
3212 4866 3266 4912 et
3292 4869 3350 4912 ut
3368 4869 3535 4913 totam
3551 4860 3708 4928 juxta
3733 4860 3826 4915 Dei

2242 4941 2467 4995 verbum
2496 4943 2884 4999 confectionem
2912 4949 3211 5017 prophetici
3237 4950 3389 5019 panis
3420 4952 3689 5021 impleret,
3715 4953 3827 5007 len-

2293 5080 2320 5119 ά
2360 5082 2547 5157 Matth.
2582 5101 2635 5157 xi
2658 5083 2795 5157 ,_29.
2871 5094 2896 5122 ε
2932 5083 3083 5157 ΡςιειΙζ
3108 5102 3137 5139 ι.
3166 5124 3180 5150 ,
3215 5085 3299 5140 10.
3380 5086 3401 5125 ί
3446 5087 3586 5144 Psal.
3619 5106 3690 5145 cu
3714 5132 3729 5157 ,
3776 5090 3822 5142 l.

2102 5151 2116 5199 i
2155 5148 2296 5205 Psal.
2324 5168 2409 5216 cv,
2442 5153 2531 5207 20.
2609 5154 2636 5191 ιι
2662 5148 2819 5207 Psal.
2849 5170 3023 5219 cxxvr,
3056 5153 3108 5210 2.

2314 5306 2386 5388 (ρ)
2427 5305 2530 5388 bis:
2576 5308 2758 5388 Vie_n.,
2787 5319 3125 5388 Jenalorum
3171 5330 3483 5388 poneremus
3530 5318 3822 5388 fastigium.

2241 5377 2401 5430 male.
2434 5377 2566 5448 Vide
2596 5380 2753 5448 epist.
2787 5380 2854 5433 50
2883 5382 2941 5434 S.
2976 5377 3240 5438 Ambrosii
3269 5386 3333 5438 ad
3364 5377 3617 5440 Sabinum
3643 5377 3711 5440 de
3741 5403 3825 5441 se-

2242 5447 2449 5499 natoria
2496 5446 2703 5524 Paulini
2748 5448 3023 5524 dignitate,
3046 5451 3276 5524 μίμου.
3308 5470 3394 5524 ep.
3432 5457 3497 5510 l3
3538 5456 3605 5507 ad
3639 5454 3823 5508 Pauli-

2243 5530 2389 5577 num,
2434 5524 2495 5587 et
2530 5518 2692 5587 ep._5
2726 5518 2794 5571 ad
2835 5520 3076 5574 Gcruntii
3107 5521 3257 5587 filias,
3290 5518 3496 5581 necnon
3526 5525 3823 5578 Ausonium

2241 5587 2397 5652 epist.
2430 5584 2499 5636 25
2527 5585 2592 5638 ad
2623 5585 2920 5641 Paulinum.
3246 5584 3251 5587 ⁷
3294 5597 3299 5602 “

2317 5655 2381 5722 (f)
2412 5654 2489 5708 Ita
2516 5672 2642 5711 mss.
2676 5657 2808 5725 Reg.
2840 5668 2895 5712 et
2922 5658 3073 5714 Vien.
3106 5659 3270 5723 Editi,
3301 5664 3634 5732 captivitatis.
