3966 6184
249 314 341 373 ‘26!
1617 322 1946 379 EPISTOLA
1985 324 2169 381 XXIII.

3427 324 3539 387 262

250 443 353 486 tem
380 444 606 499 quoque
649 441 704 487 et
741 431 1003 487 hordeum
1034 444 1089 489 et
1117 435 1306 490 viciam
1339 435 1643 490 miscuisset
1674 437 1724 489 in
1754 435 1836 506 (α)
1871 442 1914 498 Α
1944 437 2100 491 nobis
2149 437 2371 500 accidit,
2415 452 2541 492 cum
2586 438 2869 507 squalente
2913 454 3161 496 curarum
3211 441 3535 499 secularinm

247 524 531 577 crumilutn
561 532 586 558 ι
617 522 715 594 (γ.
740 531 853 577 not.
885 522 997 593 '74),
1030 532 1082 577 ut
1105 527 1454 579 mstuantibus
1476 535 1628 580 extra
1659 527 1733 595 (b)
1756 526 1837 581 sui

248 612 393 666 labra
423 610 750 679 fervoribus,
779 612 1117 667 dissimilium
1140 615 1243 669 sibi
1273 614 1541 670 fructuum
1564 617 1719 684 quasi
1750 631 1839 672 re—

247 713 520 773 pugnante
572 713 817 771 coctura,
870 703 1121 761 fatiscens
1168 707 1320 762 rimis
1369 708 1476 762 olla
1524 710 1837 780 crepitaret.

248 795 611 849 Nihilominus
640 804 819 850 tamen
868 797 936 851 de
976 799 1322 867 paucioribus
1362 800 1602 869 frugibus
1650 809 1844 856 testam

247 903 502 955 capawm
528 889 764 957 replens,
813 889 989 943 intulit
1030 890 1186 945 nobis
1224 891 1394 945 multo
1436 891 1624 945 nidore
1664 892 1843 945 catina

250 981 318 1047 (ε)
348 978 701 1043 infumantia;
726 988 1006 1048 totumque
1036 996 1145 1035 non
1166 981 1338 1035 solum
1361 982 1617 1035 mensula:
1646 990 1845 1035 nostrae

248 1062 534 1133 ambitum,
560 1071 654 1124 sed
680 1079 736 1123 et
760 1070 971 1124 cellula:
999 1072 1255 1125 “nostra:
1284 1073 1516 1141 spatium
1544 1071 1684 1125 olida
1711 1072 1843 1126 cali-

249 1163 368 1228 gine
398 1162 688 1231 vaporavit
717 1179 729 1213 :
764 1170 943 1230 atque,
976 1171 1033 1215 ut
1061 1162 1447 1231 multiplicarct
1490 1163 1646 1216 nobis
1675 1163 1843 1216 benc-

252 1253 571 1321 dictionem,
601 1253 823 1308 alterius
850 1269 1066 1324 quoque
1106 1255 1384 1325 prophetae
1424 1256 1705 1324 prandium
1733 1271 1845 1311 cm-

254 1347 387 1399 nuke
415 1354 619 1400 nostra:
641 1346 888 1410 contulit,
910 1355 967 1399 ut
989 1345 1164 1400 Eliszei
1181 1346 1338 1401 nobis
1353 1347 1515 1399 ollam
1545 1346 1805 1401 inferretb
1828 1365 1841 1401 :

254 1438 303 1491 in
330 1453 494 1507 quam
522 1437 671 1491 misit
700 1435 961 1500 farinam;
988 1451 1088 1491 nec
1116 1437 1341 1491 herbam
1367 1437 1581 1500 veneni,
1604 1438 1699 1491 sed
1716 1453 1846 1492 con-

255 1530 551 1582 dimentum
582 1527 767 1582 salutis
795 1527 1016 1591 incoxit,
1050 1528 1103 1581 in
1134 1528 1354 1581 nomine
1396 1526 1607 1581 Domini
1651 1542 1846 1595 gerens

256 1633 412 1673 omne
439 1617 589 1687 quod
619 1618 811 1686 agebat
836 1636 848 1670 :
880 1632 989 1686 quo
1011 1618 1109 1671 tuti
1135 1626 1297 1687 atque
1317 1619 1495 1672 securi
1526 1633 1633 1672 non
1663 1619 1846 1673 excla—

257 1709 519 1763 mavimus
548 1706 620 1761 ad
645 1723 799 1773 eum;
844 1707 1014 1762 Homo
1045 1706 1159 1772 Dei,
1186 1725 1326 1762 mors
1366 1710 1420 1762 in
1465 1709 1571 1763 olla
1599 1720 1620 1747 ο
1658 1727 1671 1761 :
1715 1711 1841 1778 quia

1947 529 2117 599 spinis
2161 529 2360 591 anima,
2404 528 2489 582 cui
2538 528 2749 583 cultura
2799 530 2894 584 Dei
2923 531 3143 585 verbum
3182 540 3264 586 est
3292 541 3342 600 ο,
3368 534 3534 588 vitam

1946 618 2086 672 hanc
2113 618 2213 672 xcvi
2242 619 2458 673 brevem
2481 627 2535 673 et
2560 620 2690 673 boni
2730 622 2971 675 sterilem
3012 623 3367 712 sutspirantes,
3398 626 3537 679 inter

1948 717 2100 763 actus
2128 724 2489 778 supervacuos
2515 719 2738 779 peccata
2765 712 2924 764 noxia
2954 713 3106 780 qua‘si
3132 712 3273 766 inter
3302 723 3536 781 agrestes

1946 798 2142 852 herbas
2165 799 2403 865 germina
2429 809 2692 852 venenata
2728 800 3054 868 colligimus,
3085 811 3139 855 et
3164 802 3242 857 sic
3282 804 3335 856 in
3375 804 3537 859 ollam

1948 890 2192 958 corporis
2220 889 2304 943 vel
2326 889 2506 943 cordis
2535 890 2704 943 nostri
2729 899 2960 944 mortem
2985 892 3265 946 mittimus.
3291 892 3397 945 Sed
3420 906 3539 960 gra-

1950 988 1972 1033 t
1992 998 2050 1034 as
2080 981 2210 1043 Deo,
2236 981 2323 1051 qui
2353 998 2446 1034 nos
2476 982 2709 1034 liberavit
2739 983 2801 1035 de
2822 998 3036 1052 corpore
3057 985 3241 1037 mortis
3267 984 3421 1057 hujus
3451 1001 3538 1055 per

1949 1059 2210 1126 Christum
2238 1073 2418 1125 Jesum
2446 1071 2726 1126 Dominunt
2756 1083 2987 1127 nostrum
3012 1086 3035 1122 ρ
3061 1093 3073 1126 :
3105 1090 3213 1144 quo
3246 1074 3539 1130 inﬁrmitati

1949 1174 2147 1219 postne
2177 1166 2257 1219 sui
2284 1165 2501 1234 spiritus
2530 1165 2783 1219 virtutem
2822 1165 3181 1234 permiscente
3204 1204 3219 1228 ,
3253 1174 3307 1220 ct
3337 1165 3537 1219 amari-

1950 1254 2081 1309 tudo
2106 1254 2323 1308 malitia:
2353 1262 2573 1321 nostras,
2628 1262 2683 1308 et
2721 1255 2979 1309 sterilitas
3008 1254 3333 1317 inutilitatis,
3366 1255 3536 1309 infuso

1946 1347 2258 1417 praecordiis
2289 1347 2455 1401 verbo
2485 1346 2600 1411 Dei,
2633 1347 2781 1401 velut
2809 1356 3159 1403 convcrtente
3206 1349 3455 1403 salutaris
3484 1358 3535 1407 et

1946 1438 2110 1491 vividi
2139 1438 2318 1494 “salis
2338 1438 2641 1506 aspergine,
2672 1437 2739 1492 ad
2765 1438 3103 1493 dulcedinem
3132 1438 3535 1494 fecunditatem-

1946 1542 2052 1596 que
2082 1536 2286 1581 mutata
2317 1536 2417 1581 est.

2020 1618 2071 1671 8.
2116 1618 2476 1673 Recurramus
2508 1621 2550 1651 ¹⁹
2599 1618 2666 1672 ad
2688 1617 2908 1673 fratrem
2949 1619 3263 1687 Victorenr,
3309 1621 3400 1690 qui
3442 1636 3535 1677 vas

1947 1710 2109 1764 etiam
2140 1710 2381 1763 farinula:
2410 1718 2607 1764 nostra:
2631 1724 2696 1764 ex
2720 1726 2817 1764 usu
2843 1712 3210 1780 usurpationis
3232 1728 3361 1777 sum,
3376 1727 3535 1780 quant

254 1802 360 1870 jam
384 1801 437 1854 in
468 1800 575 1854 olla
608 1798 790 1854 nostra
816 1799 921 1853 vita
944 1807 1049 1867 est,
1081 1808 1366 1870 postquam
1408 1800 1665 1855 Dominus
1692 1801 1847 1856 Jesus
1882 1803 1921 1859 Β
1953 1802 2003 1854 in
2037 1801 2255 1854 nomine
2294 1800 2389 1853 Dei
2430 1799 2683 1868 faciebat,
2723 1802 3001 1869 copiosum
3048 1801 3116 1855 de
3165 1802 3536 1856 benedictione

256 1892 348 1946 Dei
386 1891 615 1946 Verbum
636 1908 758 1946 cara
774 1894 942 1963 [actus
979 1900 1074 1953 est,
1118 1902 1167 1945 et
1197 1890 1443 1946 habitavit
1482 1892 1536 1945 in
1572 1892 1719 1946 nobis
1751 1892 1776 1929 ιι
1829 1911 1841 1945 :

258 1990 309 2035 et
351 1996 478 2035 vasa
529 1979 710 2034 ﬁctilia
760 1981 931 2035 nostri
991 1982 1274 2050 corporis,
1322 1982 1639 2036 voluntaria:
1687 1983 1844 2037 nobis

261 2074 302 2103 ¹³
338 2072 629 2141 pravitatis
658 2072 868 2128 lubrico
895 2072 963 2127 de
984 2074 1095 2128 suis
1115 2074 1361 2129 manibus
1401 2075 1608 2145 elapsa,
1639 2085 1695 2130 et
1722 2076 1844 2131 diu-

260 2163 424 2216 turnis
452 2164 690 2217 contrita
718 2163 974 2232 peccatis,
1004 2164 1139 2218 utin
1164 2164 1442 2219 meliorem
1472 2182 1627 2220 usum
1658 2165 1847 2234 figulus

261 2255 369 2322 ipse
393 2261 686 2307 renovaret
710 2262 756 2319 ε,
784 2253 1035 2308 assumsit
1060 2253 1113 2306 in
1135 2255 1446 2323 semetipso,
1473 2258 1641 2326 [actus
1661 2268 1710 2310 et
1731 2258 1846 2326 ipse

258 2344 320 2399 de
349 2342 519 2397 nostri
548 2345 795 2412 corporis
822 2343 952 2397 limo
984 2355 1244 2414 tamquam
1275 2345 1354 2416 (ά)
1386 2362 1497 2409 vas,
1525 2354 1586 2399 ut
1613 2348 1705 2413 ait,
1726 2364 1845 2417 per-

258 2438 415 2489 ditum
452 2434 497 2497 ',
528 2434 581 2488 id
611 2443 723 2498 est,
753 2436 806 2487 in
833 2434 1223 2488 similitudinem
1246 2438 1421 2489 carnis
1444 2439 1663 2505 peccati,
1702 2447 1758 2490 ut
1781 2438 1845 2492 de

258 2536 459 2596 peccato
500 2526 775 2579 damnaret
814 2535 1080 2596 peccatum
1121 2534 1167 2578 8.
1200 2524 1265 2579 Et
1307 2526 1429 2580 ideo
1457 2527 1589 2581 dicit
1634 2546 1646 2579 :
1687 2527 1844 2582 Moab

258 2618 355 2670 olla
376 2617 483 2685 spei
505 2632 634 2669 mete
655 2613 703 2680 ιι,
728 2615 854 2684 quia
874 2630 980 2669 non
1003 2614 1178 2669 solum
1193 2630 1256 2669 ex
1274 2614 1432 2681 Juda,
1446 2617 1543 2671 sed
1573 2632 1639 2672 ex
1663 2616 1842 2685 Moab,

258 2709 357 2763 hoc
379 2716 482 2773 est,
513 2723 625 2762 non
650 2707 825 2762 solum
855 2707 923 2761 de
960 2715 1287 2771 sanctorum,
1311 2707 1405 2761 sed
1434 2708 1596 2762 etiam
1623 2708 1691 2763 de
1718 2724 1847 2777 pce-

258 2809 495 2854 catorum
524 2798 737 2866 origine
766 2812 963 2866 corpus
990 2797 1242 2851 assumsit
1269 2814 1282 2849 :
1313 2797 1405 2866 qui
1431 2796 1653 2852 decocta
1690 2799 1845 2867 quasi

258 2904 347 2957 per
384 2887 542 2942 ollam
592 2887 771 2941 carnis
808 2895 1008 2941 nostrae
1055 2886 1344 2953 cruditate,
1387 2887 1741 2942 sanctilicavit
1788 2890 1842 2942 in

256 2991 511 3036 internum
540 2980 699 3034 nobis
726 2979 904 3033 cibum
933 2994 1151 3034 carnem
1180 2994 1354 3033 suam.
1385 2977 1519 3034 Caro
1543 2981 1680 3033 enim
1706 2980 1841 3049 ejus,

255 3082 307 3126 ut
334 3075 451 3142 ipse
482 3071 578 3134 ait,
609 3070 879 3124 verecibus
913 3070 982 3140 (e)
1007 3070 1124 3124 vita:
1144 3078 1221 3123 est
1258 3068 1298 3122 ί.
1328 3068 1449 3139 Ipsa
1480 3078 1565 3124 est
1592 3078 1648 3124 et
1685 3071 1841 3141 123

1950 1890 2078 1945 fecit
2111 1908 2123 1943 :
2158 1899 2213 1943 ut
2241 1890 2442 1958 aliquid
2490 1890 2653 1944 etiam
2704 1891 2771 1944 de
2808 1891 2948 1945 beati
2988 1890 3117 1945 Elite
3146 1892 3334 1961 hydria
3385 1892 3535 1946 nobis

1950 1978 2123 2044 daret,
2150 1992 2254 2047 qua
2282 1978 2543 2048 pr0pheta
2573 1978 2807 2034 coalestis
2839 1980 2891 2032 in
2920 1982 3085 2033 verbo
3109 1995 3266 2033 sacro
3295 1980 3361 2033 ad
3388 1978 3531 2033 sulti-

1948 2069 2201 2123 cientiam
2232 2068 2629 2122 indelicientem
2661 2070 2864 2137 repleta
2888 2108 2903 2133 ,
2946 2069 3286 2124 benedictum
3318 2086 3439 2125 cum
3472 2069 3533 2124 ti-

1952 2159 2039 2213 liis
2077 2159 2317 2228 Sarepta:
2346 2160 2561 2213 viduam
2604 2175 2700 2228 per
2743 2161 2956 2213 triennii
2992 2162 3184 2214 famem
3223 2163 3371 2231 pavit
3398 2175 3447 2217 ιι.
3479 2162 3533 2218 In

1947 2266 2053 2320 qua
2079 2251 2236 2304 vidua
2262 2250 2373 2319 jam
2416 2258 2527 2303 tum
2554 2266 2653 2320 per
2681 2252 2999 2320 prophetam
3027 2252 3302 2318 Christus,
3342 2262 3399 2307 ut
3425 2255 3533 2324 opi-

1948 2359 2067 2407 nor,
2100 2341 2393 2397 Ecclcsiam
2433 2358 2585 2396 suam
2630 2358 2738 2396 non
2770 2342 3054 2409 frumenti,
3083 2342 3177 2398 sed
3218 2344 3366 2398 verbi
3398 2359 3534 2413 pane

1947 2435 2228 2503 pascebat;
2256 2432 2323 2488 de
2343 2449 2447 2502 qua
2471 2433 2600 2488 dicit
2633 2451 2645 2485 :
2684 2432 2906 2485 Viduam
2925 2433 3037 2502 ejus
3062 2434 3362 2488 benedicens
3384 2433 3534 2488 bene-

1948 2523 2118 2576 dicam
2144 2534 2195 2589 ι’;
2220 2524 2365 2576 illam
2394 2524 2601 2579 scilicet
2622 2504 2835 2576 viduam
2884 2538 3044 2591 quam
3074 2524 3363 2594 Apostolus
3385 2532 3407 2558 '
3438 2525 3533 2589 ait,

1945 2623 2161 2667 mortuo
2192 2613 2326 2679 viro,
2369 2615 2565 2683 quibus
2594 2614 2741 2668 volet
2790 2614 2991 2683 nuptiis
3038 2614 3260 2669 liberam
3301 2619 3357 2681 t;
3407 2617 3533 2684 quia

1944 2702 2223 2759 desinente
2246 2704 2383 2772 lege,
2428 2705 2516 2759 cui
2542 2704 2589 2735 ³ο
2632 2703 2752 2758 finis
2777 2714 2861 2758 est
2900 2703 3166 2770 Christus,
3201 2706 3276 2776 (ο)
3308 2720 3337 2759 a
3361 2709 3533 2774 gratia

1945 2794 2014 2847 ad
2061 2794 2363 2848 libertatem
2405 2795 2691 2848 transitum
2743 2794 2947 2848 faciens
2994 2793 3231 2849 Ecclesia
3259 2837 3275 2863 ,
3317 2794 3533 2851 Christo

1944 2886 2096 2956 quasi
2125 2886 2285 2940 vidua
2314 2887 2449 2953 legis
2487 2886 2744 2955 innupsit.
2793 2884 2960 2953 llujus
3002 2902 3145 2940 nunc
3184 2886 3325 2940 vasis
3353 2887 3532 2941 oleum

1942 2986 2128 3046 gratia:
2155 2984 2209 3031 et
2239 2978 2628 3033 benedictionis
2650 2976 2819 3030 farina
2846 2993 2953 3030 non
2985 2978 3182 3031 defecit
3212 2979 3265 3031 in
3292 2980 3532 3033 omnium

1942 3067 2074 3122 foris
2103 3068 2344 3137 gentium
2384 3067 2527 3122 fame
2555 3077 2603 3129 υ,
2637 3082 2866 3136 quarum
2896 3069 3148 3123 miseram
3190 3085 3221 3122 a
3259 3069 3381 3124 cibo
3410 3071 3531 3125 vitae

257 3166 337 3219 illa
367 3163 666 3219 secundum
690 3161 981 3217 Jeremiam
1015 3163 1029 3213 l
1071 3162 1176 3217 olla
1202 3177 1363 3216 urens
1390 3171 1630 3232 peccata,
1655 3171 1713 3217 et
1749 3164 1842 3217 illo
1869 3167 1914 3228 C
1953 3160 2112 3231 124
2137 3168 2191 3214 et
2213 3159 2315 3214 tidc
2337 3158 2618 3213 Trinitatis
2647 3158 2878 3212 inediam
2908 3172 3145 3227 congrue
3174 3161 3531 3230 prartignravit

256 3258 371 3324 igne
396 3270 747 3320 consumens,
774 3255 844 3309 de
871 3268 980 3323 quo
1007 3254 1083 3309 ait
1121 3272 1134 3308 :
1182 3253 1367 3325 Ignem
1406 3255 1517 3308 veni
1546 3256 1748 3309 mittere
1785 3256 1840 3309 in

257 3359 443 3402 terram
473 3346 500 3384 ι
528 3363 544 3412 ;
572 3361 733 3415 quem
759 3354 814 3399 et
840 3345 893 3399 in
924 3345 1078 3399 nobis
1117 3353 1366 3415 optemus
1395 3345 1637 3413 accendi,
1684 3352 1742 3399 ut
1787 3346 1841 3400 in

256 3439 355 3492 olla
390 3437 659 3492 Dominici
706 3435 969 3506 corporis,
1008 3435 1061 3489 id
1101 3444 1185 3489 est
1228 3433 1489 3501 Ecclesia,
1535 3450 1844 3503 concoqua-

253 3544 367 3583 mur
394 3548 409 3582 :
438 3528 784 3599 perustisqne
804 3527 948 3581 vitiis
966 3526 1229 3593 defazcati,
1252 3525 1550 3581 efﬁciamur
1574 3536 1842 3597 argentum

255 3621 366 3688 igne
392 3620 774 3681 examinatum,
815 3617 1088 3687 probatum
1126 3628 1308 3683 terrw,
1347 3625 1621 3688 purgatum
1657 3620 1724 3689 (Ῑ)
1755 3635 1839 3673 se-

254 3711 427 3778 ptuplo
460 3708 518 3771 1;
546 3716 605 3762 ut
624 3708 736 3777 jam
778 3723 884 3762 non
914 3708 1116 3763 urenda
1146 3717 1436 3771 sarmenta,
1468 3707 1562 3772 sed
1592 3707 1838 3776 palmites

256 3798 509 3854 fructuosi
534 3799 589 3852 in
611 3797 803 3853 eodem
844 3797 1072 3851 Domino
1100 3796 1161 3862 ",
1190 3796 1242 3850 id
1269 3805 1372 3863 est,
1406 3811 1535 3850 vera
1566 3798 1673 3850 vite
1716 3812 1837 3851 ma-

252 3904 497 3955 neamus,
523 3888 721 3958 fiatque
743 3887 897 3942 nobis
920 3886 1060 3941 idem
1088 3887 1349 3942 Dominus
1370 3888 1433 3941 ad
1460 3903 1639 3942 escam
1666 3887 1837 3943 dulcis

253 3978 336 4032 ille
360 3980 555 4034 botrus
584 3986 630 4041 τι,
662 3977 754 4046 qui
784 3977 940 4032 nobis
960 3976 1013 4031 in
1041 3978 1216 4032 crucis
1239 3984 1398 4031 vecte
1426 3993 1735 4047 suspensus,
1767 3979 1836 4033 de

250 4077 388 4122 terra
430 4066 869 4137 repromissionis
891 4075 946 4120 et
971 4066 1205 4122 fructum
1247 4067 1500 4130 ostendit,
1543 4076 1598 4121 et
1622 4076 1837 4135 gustum

249 4157 412 4219 dedit,
457 4166 519 4211 ut
548 4172 658 4212 non
703 4156 815 4225 jam
859 4164 1129 4212 sectemur
1153 4156 1278 4211 vilia
1315 4157 1457 4211 ruris
1494 4157 1683 4212 inculti
1725 4172 1842 4226 gra-

1944 3251 2035 3305 illa
2063 3250 2336 3319 quondam
2384 3250 2602 3304 triennii
2632 3248 2819 3304 fames.
2864 3251 2990 3316 Sed,
3026 3261 3081 3306 ut
3108 3268 3271 3321 super
3301 3253 3402 3308 hoc
3446 3253 3531 3307 in-

1944 3343 2191 3399 stitutum
2212 3342 2547 3408 concludam,
2567 3343 2641 3397 ita
2667 3343 2877 3397 Domini
2897 3346 3126 3412 gratiam
3156 3346 3324 3399 farina
3348 3354 3531 3402 nostra

1945 3434 2000 3488 in
2044 3433 2224 3489 fratris
2253 3433 2482 3489 Victoris
2511 3449 2675 3488 manu
2702 3435 2887 3500 sensit,
2933 3444 2991 3489 ut
3018 3450 3137 3504 qua:
3157 3437 3246 3490 vix
3278 3446 3404 3491 ante
3452 3442 3531 3506 (Ii)

1944 3525 2245 3579 sulticiebat
2268 3524 2516 3594 panibus,
2536 3540 2677 3580 nunc
2704 3525 2939 3581 abundet
2967 3535 3020 3580 et
3049 3528 3305 3596 pultibus,
3336 3527 3530 3582 fratcr-

1945 3615 2278 3684 nitatemque
2306 3614 2627 3669 monacham
2657 3617 2699 3646 ²¹
2719 3617 3008 3685 vespertini
3039 3626 3161 3685 post
3197 3617 3409 3687 jejunia
3425 3620 3529 3674 cibi

1945 3708 2178 3771 avidam,
2207 3706 2407 3774 duplici
2434 3706 2763 3767 ministerio,
2797 3713 2888 3759 aut
2918 3708 2979 3776 (i)
3012 3706 3348 3765 fermentatis
3378 3711 3529 3765 orbi-

1943 3797 2064 3862 bus,
2092 3804 2183 3850 aut
2204 3796 2382 3851 soluto
2410 3794 2553 3849 farre
2572 3796 2636 3866 (j)
2667 3794 2955 3850 distendat.

2014 3886 2067 3941 9.
2110 3886 2306 3941 Verum
2348 3885 2490 3958 idem
2534 3885 2720 3940 Victor
2744 3900 2899 3941 meus
2942 3888 3187 3955 quamvis
3218 3888 3531 3945 fortioribus

1942 3978 2079 4033 cibis
2118 3976 2372 4031 inducere
2400 3976 2738 4031 stomachum
2767 3984 3009 4031 nostrum
3055 3978 3314 4043 studeret,
3351 3988 3530 4035 tamen

1937 4071 2012 4143 (Ιι)
2041 4078 2096 4124 et
2121 4070 2225 4124 hoc
2252 4067 2548 4122 infirmitati
2570 4076 2765 4124 nostra:
2789 4068 2954 4124 frater
2974 4071 3308 4125 necessarius
3336 4073 3380 4102 ²²
3406 4087 3531 4127 con-

1937 4160 2167 4224 sulebat,
2205 4159 2351 4228 quod
2390 4158 2724 4213 defectiones
2752 4158 2874 4213 fidei
2905 4170 3102 4214 nostra:
3145 4160 3199 4214 in
3231 4161 3335 4215 illis
3364 4162 3527 4231 pulti-

249 4248 387 4303 mina
422 4249 490 4311 ¹⁶,
523 4248 665 4302 inter
695 4249 735 4278 ¹⁷
760 4262 878 4316 quas
897 4249 1061 4302 etiam
1088 4245 1374 4317 pestiferos
1400 4248 1842 4302 viticularumsil—
1940 4252 2039 4306 bus
2069 4252 2132 4323 (ι)
2177 4250 2525 4305 absumendis
2565 4250 2897 4319 adimplebat
2928 4268 2941 4303 :
2974 4260 3031 4305 et
3059 4266 3225 4321 opera
3269 4268 3526 4307 manuum

251 4338 506 4392 Vestrium
533 4352 781 4392 racemos
808 4352 1032 4407 carpere
1079 4339 1462 4407 periclitemur.
1497 4339 1650 4406 Quod
1688 4349 1836 4395 certe
1869 4336 1917 4394 υ
1944 4357 2160 4397 suarum
2189 4340 2600 4395 consummabat
2628 4354 2737 4393 uno
2766 4355 2864 4410 pro
2914 4341 3067 4395 nobis
3102 4341 3349 4410 adjutore
3377 4342 3532 4397 istius

330 4499 361 4567 ξ
394 4489 596 4544 Ezech.
627 4506 699 4567 πῖ,
739 4488 800 4567 9.·
859 4488 895 4567 ξ
933 4488 1000 4567 I_V
1030 4490 1160 4559 Reg.
1194 4489 1409 4567 1v_,‘41..
1464 4502 1491 4567 ξ
1524 4490 1662 4567 ΔΙΙ)ἰς1.
1692 4534 1706 4556 ,
1739 4492 1840 4567 4οε

1970 4492 2360 4567 Johan.t,_u.
2440 4495 2613 4567 'AJVer.
2640 4513 2821 4567 _X\_'lll,
2853 4498 2903 4553 6.
2990 4498 3008 4535 ί
3053 4499 3189 4555 Psal.
3234 4519 3377 4565 xxx,
3421 4503 3511 4567 15,

264 4571 289 4631 ξ
326 4559 489 4631 Rom.
520 4576 629 4631 VIII,
659 4559 709 4611 5.
789 4557 819 4631 ιζ
859 4556 1019 4631 Psal.
1053 4556 1170 4623 uit,
1229 4560 1331 4631 i0._
1354 4627 1367 4631 _
1399 4558 1411 4595 ί
1456 4559 1648 4631 Johan.
1702 4578 1785 4627 νι,
1819 4561 1840 4612 Ξ

1950 4571 1977 4615 :t
2010 4563 2096 4617 is.
2177 4566 2189 4613 i
2237 4562 2345 4618 ,ιαμ
2385 4565 2560 4627 1,15.
2640 4564 2663 4602 ιι
2707 4556 2834 4619 Luc.
2879 4585 2975 4631 xu,
3019 4568 3106 4622 49.
3190 4570 3205 4607 ι
3252 4556 3389 4626 rsai.
3424 4556 3509 4629 ιιξ

262 4630 310 4682 7.
389 4640 428 4665 α’
459 4628 655 4704 ,ι-οηιιειη.
682 4643 765 4704 xI,
790 4626 826 4678 '2
922 4636 946 4662 ι·
978 4628 1274 4704 N_um._snb
1305 4627 1394 4681 24.
1472 4630 1651 4704 °_f:uc.
1682 4648 1789 4704 vin,
1817 4632 1840 4704 ξ

1979 4643 2003 4680 ρ
2028 4633 2183 4704 Rom.
2215 4651 2303 4700 vn,
2327 4635 2396 4687 24
2423 4626 2478 4689 et
2501 4634 2589 4688 25.
2666 4646 2692 4685 ει
2721 4635 2785 4689 llf
2826 4626 3113 4704 Regaxvn,
3149 4639 3233 4693 16.
3312 4651 3333 4678 ι’
3366 4626 3508 4696 Psal.

258 4714 439 4761 cum,
476 4696 563 4750 15.
640 4704 661 4731 ³
698 4695 852 4751 Rom.
882 4712 975 4761 vn,
1004 4697 1055 4749 5.
1136 4699 1153 4733 ί
1179 4697 1199 4750 ι
1229 4698 1353 4753 Cor.
1386 4714 1477 4765 vn,
1508 4700 1594 4754 59.
1671 4709 1696 4735 υ
1725 4700 1787 4753 ιιι
1819 4701 1840 4754 Ι

1984 4719 2088 4756 xvn
2156 4702 2236 4756 16.

327 4878 407 4943 (α)
438 4874 533 4943 Sic
558 4888 685 4926 is.
713 4871 936 4943 fielg._et
956 4870 1108 4943 Vien.
1131 4871 1291 4925 Forte
1321 4872 1597 4943 legendum
1627 4891 1833 4942 grumu-

258 4939 396 4999 lum.
418 4942 557 4996 Vide
588 4950 697 4993 not.
731 4939 816 4992 74.
849 4939 943 4994 Ms.
994 4940 1147 5009 Reg.,
1190 4942 1454 4994 crubilum.
1503 4941 1601 4996 Ed.
1628 4939 1830 5009 'Rosv.,

260 5014 542 5068 cumulum.
576 5011 760 5063 Sehot.
793 5010 845 5062 in
876 5024 1065 5076 marg.,
1088 5026 1364 5075 cumeram,
1390 5019 1446 5063 ut
1466 5020 1520 5065 et
1546 5012 1831 5068 Cauchius.

327 5084 401 5147 (b)
433 5082 516 5134 ita
547 5095 675 5132 mss.
705 5078 918 5147 codices
947 5077 1079 5145 Reg.
1117 5087 1170 5131 et
1202 5078 1353 5133 Vien.
1386 5089 1441 5133 et
1467 5081 1590 5134 editi
1622 5081 1751 5136 Bad.
1780 5094 1837 5137 et

261 5145 444 5205 Schot.
507 5149 576 5201 At
620 5147 707 5202 ed.
754 5145 905 5220 Grin.
952 5156 1007 5199 et
1034 5148 1315 5220 _Sacchin..
1361 5166 1473 5203 sua.
1522 5149 1833 5220 Rosvcydus

261 5220 645 5273 exnendaverat
672 5218 807 5269 vasis
833 5232 897 5268 ex
926 5217 1249 5282 conjectura.

328 5292 398 5354 (ε)
429 5289 529 5342 Sic
557 5301 656 5338 ms.
703 5284 900 5354 Regius
928 5285 1138 5354 etAediti
1181 5286 1394 5340 codices
1432 5294 1678 5354 quatuor.
1712 5288 1839 5344 Mss.

264 5351 529 5426 Vaticaet
554 5354 708 5426 Vien.
731 5351 955 5426 et’edit.‘
971 5351 1234 5426 Sehot._et
1258 5354 1430 5420 Latin,
1449 5351 1728 5426 fumantia.

328 5428 405 5495 (rt)
438 5423 833 5495 Mannst'riptus
858 5421 1027 5495 code;
1056 5421 1471 5495 Vaticanusgas
1490 5426 1757 5493 perditum,
1785 5427 1839 5479 in

262 5490 674 5553 similitudinem,
705 5492 822 5545 sine
858 5490 1311 5562 interjectionibns
1348 5494 1465 5554 illis,
1490 5490 1630 5562 quas
1660 5503 1834 5549 tamen

266 5579 364 5616 nam
387 5564 512 5617 sine
541 5568 821 5614 venustate
848 5561 1011 5613 ceteri
1040 5559 1251 5613 codices
1271 5562 1487 5615 habent.

351 5642 397 5693 τ)
433 5632 512 5684 lta
549 5645 645 5683 ms.
681 5628 835 5681 Vien.
855 5643 976 5682 cum
997 5627 1126 5681 edit.
1152 5627 1300 5683 Grin.
1323 5645 1492 5698 caque
1520 5632 1677 5686 lectio
1704 5648 1832 5687 con-

1942 4874 2196 4937 firmatur,
2228 4892 2278 4929 n.
2311 4875 2364 4940 8,
2387 4876 2473 4929 ubi
2504 4895 2536 4930 a
2563 4878 2695 4943 cibo,
2726 4881 2826 4932 vita
2853 4890 2945 4934 est.

2037 4946 2079 5022 [ξ
2111 4944 2186 5022 l_t_a
2232 4943 2563 5022 Paulinusin
2594 4949 2854 5022 epist._20
2893 4950 2959 5001 ad
2999 4951 3335 5022 Delphinum,
3368 4973 3420 5012 n.
3451 4960 3503 5014 ϐ.

2033 5014 2086 5082 ῃ)
2118 5014 2213 5067 Ms.
2244 5014 2416 5096 Vien.,
2443 5017 2511 5069 ad
2533 5014 2720 5097 gratia:
2746 5020 3047 5073 libertatem.

2034 5082 2085 5149 li)
2118 5081 2212 5137 Ms.
2247 5084 2396 5139 Vien.
2424 5086 2568 5140 addit
2593 5089 2786 5149 paucis.

2198 5122 2212 5135 .
2257 5106 2396 5139 VIBI].
2424 5106 2568 5140 aut"!
2595 5106 2786 5142 υιηιαδ.
3366 5121 3372 5126 “

2012 5105 2085 5151 tu}
2118 5105 2212 5137 ms.
2257 5105 2396 5139 Vien.
2424 5105 2568 5140 autut
2593 5105 2786 5156 partas.
3366 5121 3372 5126 “

2012 5153 2072 5220 (i)
2101 5153 2176 5206 Ita
2218 5168 2347 5228 mss.
2389 5157 2617 5228 codices.
2645 5158 2952 5228 Sacchinus
2999 5169 3153 5228 putat
3204 5161 3502 5228 legendum,

1940 5222 2443 5293 frumentationibus,
2472 5226 2594 5293 quia
2640 5226 2773 5280 infra
2802 5222 3082 5282 subditur:
3117 5222 3506 5284 Frunientatio;

1944 5308 2060 5367 nern
2086 5293 2394 5367 mihi__rnisit.
2427 5293 2491 5367 Et
2517 5295 2737 5367 videtur
2755 5297 2949 5366 (inquit
2976 5298 3284 5365 Sacchinus)
3305 5302 3380 5352 sic
3408 5315 3505 5367 ap-

1942 5362 2314 5434 pell;_tss_e_i_lla§
2354 5363 2538 5434 pultes
2564 5379 2631 5417 ex
2672 5362 2929 5421 mistio'ne
2961 5368 3241 5421 multarum
3268 5362 3503 5434 frugum.

2014 5430 2080 5502 (j)_
2112 5430 2426 5502 fidd.__Bad.,
2452 5431 2600 5485 Grin.
2634 5441 2686 5488 et
2716 5434 2926 5502 Schot.,
2953 5436 3211 5489 distentat.

2013 5498 2087 5566 (It)
2120 5498 2215 5552 Ms.
2245 5498 2419 5563 Vien.,
2452 5510 2499 5553 et
2526 5503 2580 5555 in
2603 5503 2715 5557 hoc.

2012 5568 2073 5631 (ι)
2107 5566 2179 5620 Ita
2209 5584 2307 5621 ms.
2340 5569 2491 5625 Vien.
2521 5580 2573 5625 et
2610 5574 2773 5628 editio
2799 5573 2984 5630 Schot.
3013 5575 3133 5629 Alii.
3159 5569 3499 5626 assumemus.

1940 5636 2069 5691 Vide
2097 5646 2206 5690 not.
2244 5637 2309 5689 16

1988 5646 2069 5690 ide
2097 5646 2206 5690 not.
2244 5662 2245 5665 η
