3966 6184
473 239 576 293 265

1583 240 1639 293 S.
1681 237 1950 293 PAULINI
1990 237 2235 291 NOLANI
2276 236 2579 293 EPlSCOPl

3605 235 3694 298 2M

470 350 673 415 ferculi,
701 364 859 418 quem
888 364 956 404 ex
984 348 1268 403 rusticanis
1305 352 1580 414 receptum
1626 346 1775 401 domi
1807 348 2040 400 renutri-
2070 357 2118 410 Α
2146 347 2332 400 fraude
2353 347 2593 414 deceptis
2622 346 2836 413 generis
2862 345 3081 399 humani
3111 352 3271 414 caput
3300 344 3453 408 rasit,
3483 346 3531 399 in
3556 357 3703 419 caput

470 455 604 503 mus,
635 449 793 495 aetate
821 440 1061 507 corporis
1088 453 1300 501 senem,
1350 437 1545 490 mentis
1575 436 1832 489 infantem
1866 453 1879 488 :
1913 436 2039 502 quia

469 532 575 603 iam
596 539 871 586 senectute
899 528 1151 584 deﬁciens
1181 534 1400 581 renatus
1425 534 1508 579 est
1528 526 1730 593 gratim,
1774 532 1834 579 et
1862 525 1915 577 in
1946 538 2043 577 no-

469 624 685 677 vitatem
708 624 827 676 vita:
847 621 913 675 de
931 628 1193 674 vetustate
1214 618 1390 673 carnis
1411 615 1663 689 elllorult.
1704 615 1837 669 Eum
1862 614 2043 669 fratris

468 713 698 767 Victoris
737 712 987 779 coquina,
1019 718 1075 763 et
1104 715 1318 762 assueto
1346 706 1424 775 (a)
1463 706 1604 769 cibo,
1646 716 1707 758 ut
1735 720 1803 759 ex
1833 703 2044 758 rusticis

466 804 757 866 hominem,
780 809 833 855 et
858 809 1002 869 apto,
1036 808 1093 852 ut
1118 798 1429 853 edentulum
1451 798 1731 863 saginavit.
1766 795 1874 849 Iste
1905 812 2040 865 pau-

465 910 555 962 per
583 893 840 958 clamavit,
872 901 920 944 et
948 890 1198 943 Dominus
1224 888 1483 941 exaudivit
1511 904 1644 940 eum.
1689 887 1899 955 Eripuit
1927 902 2041 938 eum

466 982 529 1035 de
557 982 775 1034 tenebris
805 990 854 1033 et
883 979 1061 1033 umbra
1094 980 1270 1032 mortis
1297 987 1354 1042 al;
1388 985 1442 1031 et
1468 992 1609 1031 nunc
1638 991 1887 1045 aspersus
1921 975 2044 1044 hys-

465 1090 598 1142 sopo
627 1082 683 1127 et
710 1072 1046 1135 emundatus,
1082 1072 1132 1125 in
1160 1084 1292 1123 voce
1328 1069 1709 1122 exsultationis
1737 1075 1792 1120 et
1832 1067 2044 1121 confes-

465 1163 628 1217 sionis
656 1162 919 1230 epulatur,
951 1170 1005 1214 et
1032 1162 1226 1214 clamat
1251 1177 1263 1210 :
1298 1158 1486 1211 Erravi
1506 1159 1636 1211 sicut
1665 1159 1772 1210 ovis
1803 1173 1918 1227 qua:
1953 1173 2043 1225 pe-

466 1254 624 1305 rierat
677 1267 689 1279 ’
741 1250 1046 1302 Benedicam
1084 1249 1363 1301 Dominum
1402 1249 1455 1300 in
1485 1248 1624 1300 omni
1654 1255 1878 1316 tempore
1903 1288 1917 1312 ,
1957 1247 2044 1315 qui

466 1342 593 1393 nti/ii
615 1340 787 1393 tribuit
814 1340 1144 1402 intellectum,
1187 1349 1234 1391 et
1256 1339 1443 1405 eripuit
1469 1352 1551 1389 me
1587 1336 1649 1388 de
1681 1336 1786 1389 luto
1809 1338 1970 1404 fwcis,
1995 1346 2045 1388 et

466 1433 674 1484 immisit
718 1434 771 1485 in
801 1448 856 1484 os
884 1448 1049 1484 meum
1077 1431 1332 1482 canticum
1372 1445 1573 1482 novum.
1607 1427 1680 1495 (b)
1710 1426 1898 1480 Junior
1946 1428 2041 1497 fui,

465 1533 515 1575 et
560 1525 704 1576 senui
751 1539 769 1577 :
818 1523 911 1576 sed
958 1538 1066 1576 non
1094 1522 1387 1593 defecerunt
1414 1522 1468 1573 in
1499 1522 1727 1573 vanitate
1770 1521 1877 1572 dies
1918 1520 2039 1572 mei.

468 1613 602 1676 Quia
630 1613 747 1683 fecit
771 1613 894 1664 milii
932 1628 1139 1681 magna,
1184 1612 1267 1681 qui
1300 1619 1479 1677 potens
1509 1618 1604 1661 est.
1640 1608 1884 1661 Torrente
1909 1610 2042 1660 volu-

465 1703 619 1769 ptatis
649 1718 755 1755 sua:
783 1703 974 1770 potavit
1004 1718 1102 1767 me,
1125 1710 1174 1752 et
1202 1700 1432 1766 reﬂoruit
1458 1716 1580 1751 caro
1610 1715 1742 1752 mea.
1780 1696 2039 1751 Frunten-
2072 1717 2117 1776 Β

465 1793 709 1845 tationem
735 1791 828 1861 (V.
857 1800 972 1845 not.
1006 1792 1091 1859 76)
1116 1791 1241 1843 mihi
1266 1792 1404 1842 misit
1431 1790 1485 1843 in
1509 1788 1849 1851 abundantia,
1880 1800 1928 1842 et
1948 1806 2038 1842 sa-

464 1883 653 1935 turavit
676 1883 903 1933 animam
944 1882 1249 1945 inanem,et
1279 1893 1420 1931 nunc
1448 1887 1678 1931 senectus
1718 1895 1830 1931 mea
1869 1880 1924 1931 in
1951 1877 2043 1931 nti-

466 1971 753 2023 sericordia
785 1972 856 2038 (ε)
897 1969 1092 2039 pingui,
1124 1967 1298 2021 donec
1335 1968 1389 2019 in
1409 1983 1535 2037 pace
1575 1966 1828 2020 dormiam
1867 1977 1915 2020 et
1958 1984 2042 2021 re-

463 2052 717 2129 quiescam
742 2060 818 2129 (ά)
846 2059 897 2111 in
925 2058 1295 2127 longitudinem
1317 2057 1515 2109 dierum
1536 2054 1583 2107 δ.

535 2149 621 2202 10.
662 2149 832 2201 Venio
856 2164 997 2201 nunc
1017 2147 1062 2177 ²³
1093 2147 1161 2199 ad
1192 2145 1447 2212 majorem
1484 2145 1662 2199 fratris
1690 2160 1813 2213 erga
1852 2147 2040 2202 meVi—

462 2237 628 2292 ctoris
658 2252 899 2303 operam,
927 2250 1033 2304 qua
1063 2249 1146 2286 me
1175 2234 1285 2287 suis
1322 2234 1569 2286 manibus
1598 2233 1821 2287 tondere
1860 2235 2041 2299 digna-

463 2335 549 2378 tus
577 2332 695 2378 est:
727 2324 871 2394 quod
912 2325 1081 2391 ipsum
1121 2331 1300 2375 tamen
1341 2322 1657 2377 beneﬁcium
1706 2322 1799 2375 tibi
1844 2322 2040 2376 debere

464 2414 759 2476 mevoluit,
790 2414 1043 2466 mandato
1072 2421 1162 2465 tuo
1203 2413 1385 2466 dicens
1427 2427 1486 2465 se
1515 2413 1643 2466 mihi
1687 2423 1856 2465 artem
1886 2430 2038 2467 suam

461 2501 707 2572 prodere.
738 2500 1027 2570 Propterea
1052 2501 1231 2568 rogavi
1255 2515 1375 2554 eum
1408 2510 1465 2554 ut
1489 2501 1629 2571 quod
1660 2503 1828 2570 perita
1876 2517 2036 2556 manu

460 2592 603 2657 fecit,
632 2593 684 2646 id
708 2594 960 2662 impensis
981 2591 1316 2646 orationibus
1336 2592 1500 2645 ambo
1523 2592 1760 2656 faciatis;
1786 2594 2039 2648 videlicet

460 2692 520 2736 ut
539 2691 763 2736 exorato
792 2682 1038 2750 precibus
1067 2682 1257 2735 vestris
1295 2681 1551 2745 Domino,
1584 2692 1794 2751 peccata
1824 2692 2033 2746 nostra,

460 2772 656 2840 quibus
703 2788 857 2838 super
894 2771 1104 2840 capillos
1144 2772 1326 2841 capitis
1360 2782 1381 2809 ο
1420 2771 1784 2839 multiplicatis
1803 2771 2037 2823 animam

462 2861 727 2915 habemus
776 2863 1176 2929 impexam,non
1203 2860 1270 2929 (e)
1304 2862 1569 2914 aceisione
1591 2860 1753 2914 medii
1778 2861 2038 2914 tondean-

457 2958 583 3017 tur,
633 2951 725 3005 sed
773 2951 839 3004 ad
878 2951 1055 3004 vivum
1102 2950 1253 3019 quasi
1299 2950 1558 3004 novacula
1606 2949 1829 3004 radente
1882 2954 2036 3022 125

2150 447 2417 500 nostrum,
2452 443 2555 491 hoc
2582 446 2682 501 est,
2710 436 2867 490 ﬁdem
2895 451 2999 504 qua
3028 436 3183 490 nobis
3203 444 3362 504 caput
3381 434 3607 492 Christus
3631 440 3702 494 ef-

2146 523 2339 588 ficitur,
2372 524 2655 590 ascendat;
2687 540 2896 593 nosque
2940 525 3114 592 gratia
3157 525 3405 593 spiritali,
3452 534 3700 596 tamquam

2144 612 2235 666 illo
2265 612 2519 670 Nazarreo
2547 614 2695 667 crine
2723 613 2974 682 dispoliet
3001 631 3013 665 :
3046 614 3137 681 qui
3166 626 3370 682 quanto
3391 617 3704 672 servantibus

2146 703 2290 757 bono
2339 710 2575 769 maneat,
2607 710 2661 756 et
2700 701 2867 756 exitio
2912 701 3234 769 decerpatur
3280 701 3518 767 incautis,
3550 704 3630 757 ille
3656 705 3705 760 in

2143 793 2390 847 Judieum
2417 794 2554 847 libro
2584 794 2652 847 ab
2677 793 2907 847 oraculis
2940 791 3014 862 (g)
3038 807 3195 846 sacer
3222 791 3381 845 heros
3410 803 3702 860 argumento

2144 890 2245 942 est,
2290 882 2519 936 invictus
2546 881 2694 935 crine
2740 889 2972 943 servato,
3004 881 3248 949 captivus
3294 881 3370 951 (h)
3418 882 3634 946 absciso,
3655 891 3705 937 et

2145 972 2338 1024 iterum
2387 971 2539 1025 fortis
2566 977 2756 1024 renato
2793 979 2838 1023 Β.
2878 968 3197 1038 Utinamque
3244 979 3350 1023 tam
3396 972 3619 1039 prudens
3645 973 3704 1025 ad

2144 1060 2435 1114 cavendam
2468 1060 2774 1124 mulierem,
2804 1073 2965 1127 quam
3015 1058 3167 1113 fortis
3194 1060 3259 1113 ad
3288 1061 3704 1129 strangulandum

2144 1148 2357 1224 leonem
2385 1147 2407 1184 ιι
2439 1166 2451 1200 :
2484 1149 2578 1202 sed
2603 1149 2804 1203 carnali
2824 1149 2997 1203 victus
3019 1149 3289 1214 illecebra,
3309 1151 3398 1218 qni
3421 1151 3582 1218 gratia
3606 1151 3705 1218 spi-

2144 1240 2285 1293 ritali
2334 1239 2551 1304 vicerat,
2591 1254 2713 1292 cum
2742 1239 3109 1307 przcvaluisset
3136 1238 3281 1304 forti,
3315 1239 3381 1291 ab
3412 1240 3706 1294 inﬁrmitate

2143 1335 2427 1396 superatus
2466 1335 2565 1380 est.
2599 1325 2752 1392 Quod
2791 1328 3064 1395 patiantur
3093 1342 3309 1381 necesse
3331 1336 3432 1391 est,
3462 1328 3549 1397 qui
3568 1344 3706 1381 suam

2145 1419 2416 1481 feminam,
2451 1418 2502 1470 id
2531 1426 2614 1471 est
2635 1433 2873 1483 carnem,
2903 1418 3018 1470 viro
3048 1434 3163 1480 suo,
3198 1417 3303 1471 hoc
3322 1426 3405 1472 est
3430 1418 3629 1486 spiritui
3656 1418 3704 1470 in

2145 1510 2240 1562 Dei
2290 1509 2432 1575 leges
2480 1523 2585 1561 non
2635 1506 2941 1575 subjugant,
2973 1515 3027 1561 et
3080 1517 3350 1576 tamquam
3405 1509 3706 1563 malesuada:

2143 1600 2357 1667 conjugi
2377 1596 2568 1653 molles
2583 1598 2761 1651 mariti
2785 1598 3070 1651 fluentibus
3085 1598 3273 1652 animis
3294 1599 3661 1667 acquieseunt'
3690 1616 3703 1661 ;

2143 1692 2434 1759 degeneres
2457 1691 2522 1744 ab
2547 1690 2638 1744 illo
2669 1689 2919 1758 Magistro
2946 1688 3166 1760 (Paulo;
3190 1691 3294 1744 vid.
3326 1706 3414 1760 ep.
3443 1690 3526 1751 ὅθ,
3558 1705 3608 1743 ιι.
3634 1687 3705 1758 5),

2143 1783 2231 1850 qui
2261 1796 2388 1834 mox
2417 1790 2473 1833 ut
2499 1781 2714 1847 agnovit
2735 1781 3002 1833 Christum
3021 1820 3036 1844 ,
3071 1780 3210 1835 inter
3236 1781 3349 1849 ipsa
3400 1780 3594 1833 militia:
3621 1795 3706 1833 ru-

2140 1874 2396 1938 dimenta,
2425 1874 2602 1941 magni
2632 1873 2938 1928 certaminis
2966 1872 3139 1927 victor
3167 1889 3270 1927 non
3294 1874 3542 1943 acquievit
3572 1871 3707 1923 carni

2139 1975 2190 2018 et
2216 1966 2455 2034 sanguini
2488 1966 2535 2016 ί.
2584 1951 2593 1959 ’

2211 2054 2296 2107 12.
2329 2055 2616 2109 Videamus
2637 2056 2817 2123 itaque
2844 2055 3023 2108 omnia
3046 2055 3094 2085 "
3123 2067 3241 2121 quae
3270 2053 3500 2108 Samson
3531 2058 3706 2121 pertu-

2139 2143 2261 2198 lerit
2289 2147 2355 2199 ab
2385 2144 2543 2197 inﬁda
2567 2162 2736 2199 uxore
2759 2154 3041 2214 corruptus
3074 2144 3087 2194 i
3115 2184 3129 2207 ,
3161 2145 3285 2212 quia
3315 2144 3505 2198 eadem
3527 2156 3708 2212 pecca-

2139 2242 2287 2289 tores
2315 2235 2623 2303 spiritaliter
2652 2234 2904 2298 feremus,
2928 2250 3044 2304 qua:
3075 2235 3162 2289 ille
3197 2235 3493 2287 carnaliter
3513 2232 3576 2286 ad
3621 2245 3710 2285 no—

2139 2335 2306 2381 stram
2334 2326 2689 2380 eruditionem
2718 2340 2971 2393 expressa
2994 2325 3263 2377 sustinuit.
3294 2323 3369 2376 lta
3396 2324 3537 2377 enim
3569 2320 3713 2375 nobis

2140 2417 2339 2470 violata
2362 2416 2561 2469 Christi
2583 2416 2775 2482 gratia,
2810 2425 2867 2469 ut
2896 2416 2968 2468 illi
3001 2415 3165 2470 incisa
3191 2430 3375 2480 coma,
3408 2416 3575 2468 hostis
3602 2411 3711 2465 illu-

2140 2506 2259 2564 det;
2293 2504 2500 2558 auferet
2528 2505 2731 2568 oculos,
2761 2505 2938 2558 mittet
2967 2506 3019 2558 in
3050 2520 3342 2571 carcerem,
3366 2515 3429 2557 et
3455 2501 3713 2557 vertendis

2140 2596 2301 2651 molis
2327 2595 2473 2648 velut
2502 2594 2682 2650 asinos
2705 2594 3001 2664 deputabit.
3031 2593 3181 2648 Unde
3211 2610 3309 2648 nos
3340 2595 3618 2655 Dominus,
3650 2605 3713 2644 ne

2140 2688 2338 2743 collum
2387 2696 2627 2739 nostrum
2652 2702 2760 2740 non
2794 2685 3060 2739 subditum
3088 2684 3218 2754 jugo
3262 2684 3466 2740 Christi
3506 2685 3712 2751 dignum

2138 2777 2394 2832 faciamus
2422 2777 2650 2829 asinaria
2679 2776 2820 2829 mola
2851 2775 2874 2811 κ
2895 2816 2909 2840 ,
2942 2775 3195 2828 admonet
3223 2789 3318 2845 per
3348 2774 3665 2843 pmphetam
3696 2787 3710 2823 :

2141 2868 2319 2922 Nolite
2339 2869 2451 2932 ﬁeri
2469 2869 2597 2920 sicut
2618 2883 2772 2935 equus
2794 2876 2843 2918 et
2871 2868 3057 2929 mulus,
3081 2866 3259 2936 quibus
3288 2882 3391 2919 non
3424 2876 3501 2920 est
3521 2864 3714 2919 intelle-

2142 2969 2251 3012 ctus
2274 2957 2312 3011 ι.
2348 2958 2519 3011 Homo
2548 2958 2710 3021 enim,
2735 2964 2793 3009 ut
2822 2956 2947 3009 alibi
2969 2956 3095 3009 dicit
3123 2956 3261 3010 idem
3293 2957 3582 3025 propheta,
3610 2969 3711 3007 non

458 3042 816 3111 perimantur.
844 3040 939 3094 Est
978 3048 1154 3093 autem
1181 3040 1337 3093 nobis
1365 3040 1625 3093 novacula
1674 3055 1818 3094 nunc
1844 3041 2033 3094 saluti-
2061 3059 2105 3122 C
2136 3051 2438 3118 intelligens
2466 3051 2725 3103 honorem
2750 3064 2925 3109 suum,
2955 3048 3059 3102 hoc
3087 3056 3170 3101 est
3193 3055 3403 3100 natura;
3431 3061 3541 3101 sum

456 3131 602 3193 ferte,
634 3146 776 3183 nunc
816 3128 1083 3197 pestiferae
1122 3129 1399 3182 sectionis.
1444 3129 1686 3182 Remedii
1731 3137 1785 3183 et
1813 3130 2027 3186 decoris

453 3219 714 3272 novacula
746 3219 899 3270 nobis
925 3217 1167 3270 Christus
1208 3217 1350 3270 Deus
1377 3225 1498 3283 est,
1545 3219 1633 3285 qui
1664 3233 1760 3272 cor
1783 3228 2025 3273 nostrum

452 3306 785 3362 circumcidit
811 3304 860 3373 ά,
892 3306 1019 3358 vitia
1064 3306 1221 3369 radit,
1264 3305 1453 3359 animae
1480 3315 1640 3374 caput
1667 3306 1760 3375 (V.
1793 3322 1881 3376 ep.
1930 3307 2022 3374 41,

450 3414 509 3452 ιι.
532 3398 584 3460 5,
616 3405 670 3450 et
697 3411 861 3450 carm.
895 3394 985 3459 2|,
1014 3411 1067 3448 v.
1100 3393 1225 3464 5'57)
1259 3395 1477 3463 levigat,
1510 3405 1563 3449 et
1604 3395 1795 3451 faciem
1828 3399 2025 3453 mentis

450 3495 663 3543 accurat
697 3504 709 3538 :
742 3501 967 3554 nosque,
996 3494 1055 3539 ut
1083 3486 1224 3539 illam
1249 3488 1301 3539 in
1326 3488 1441 3555 lege
1465 3488 1729 3556 captivam
1756 3530 1772 3556 ,
1805 3498 2019 3558 purgat,

447 3584 505 3631 et
532 3576 721 3629 liberat
749 3574 969 3629 horrido
995 3576 1206 3630 misera:
1234 3576 1508 3630 servitutis
1537 3578 1731 3647 capillo
1761 3596 1773 3630 :
1808 3588 1863 3631 ut
1893 3595 2019 3634 con-

446 3666 698 3735 iungendi
728 3664 976 3731 Domino,
1008 3666 1154 3720 velut
1182 3666 1270 3719 illa
1314 3667 1365 3721 in
1400 3666 1653 3722 Israelita:
1678 3669 1777 3723 viri
1806 3671 2021 3739 nuptias

446 3757 730 3810 transitura
762 3766 808 3821 ο,
834 3757 1146 3811 criminibus
1165 3757 1343 3812 carnis
1364 3766 1576 3823 nostraa,
1608 3760 1760 3829 quasi
1781 3761 2023 3817 barbaris

443 3845 679 3899 crinibus
706 3860 986 3899 exuamur.
1013 3844 1215 3900 Deinde
1254 3849 1498 3901 sensibus
1528 3849 1603 3919 (f)
1630 3851 1927 3918 innovatis,
1957 3860 2017 3907 ut

443 3938 614 3992 comis
659 3937 881 3990 rudibus
933 3937 1291 3991 enitescamus
1335 3936 1379 4001 τ,
1426 3939 1699 4006 vitamque
1751 3951 2011 4009 nostram,

442 4027 594 4097 quasi
622 4026 928 4079 Nazaraaum
957 4025 1159 4078 crinem
1198 4034 1504 4092 pascentes,
1536 4026 1648 4082 Deo
1681 4029 1734 4082 in
1766 4033 2015 4089 castitate

439 4129 495 4173 et
519 4117 839 4187 parsimonia
869 4130 1268 4170 consecremus.

509 4207 595 4258 11.
627 4205 931 4259 Cavendum
971 4220 1132 4269 vero,
1166 4220 1234 4259 ne
1286 4204 1377 4260 illa
1428 4205 1643 4262 inimica
1686 4224 1752 4264 ex
1801 4212 2014 4269 diverso

2133 3143 2464 3211 dignitatem,
2488 3154 2606 3207 qua:
2631 3139 2826 3192 ceteris
2854 3139 2904 3191 in
2938 3146 3079 3191 terra
3110 3136 3475 3192 animantibus
3512 3135 3714 3189 ratione

2131 3234 2457 3294 dominatur,
2490 3230 2610 3284 ideo
2637 3229 2914 3282 rationalis
2945 3227 3113 3281 factus
3132 3265 3147 3291 ,
3182 3235 3238 3280 ut
3286 3236 3539 3281 antorem
3564 3239 3714 3279 suum

2133 3325 2193 3394 (i)
2227 3323 2521 3389 intelligere
2557 3328 2741 3375 nosset
2769 3330 2823 3374 et
2851 3319 3029 3373 colere
3054 3328 3091 3354 ιη
3109 3359 3124 3383 ,
3156 3318 3383 3372 abutens
3416 3324 3568 3371 tanto
3596 3332 3715 3370 mu-

2131 3432 2262 3471 nere
2290 3415 2560 3469 Creatoris
2589 3413 2655 3466 ad
2684 3414 2952 3466 licentiam
2982 3412 3181 3465 erroris
3235 3410 3332 3475 sui,
3370 3416 3713 3479 comparatur

2132 3506 2408 3575 jumentis,
2433 3514 2486 3558 et
2514 3503 2701 3557 similis
2721 3501 2968 3556 efficitur.
3000 3500 3153 3566 Quod
3182 3501 3233 3554 in
3266 3516 3393 3569 rege
3421 3498 3714 3571 Babylonio

2134 3596 2377 3649 videmus
2400 3604 2426 3630 ’³
2458 3594 2734 3648 evidenter
2761 3593 3055 3661 impletum,
3088 3593 3177 3659 qui
3201 3592 3514 3646 stoliditatis
3544 3589 3713 3658 impia:

2127 3692 2183 3739 et
2208 3683 2451 3738 vecordis
2471 3682 2732 3750 superbia:
2759 3696 2969 3750 pinnam
2997 3682 3042 3712 "
3058 3696 3216 3735 sensu
3237 3681 3475 3735 hominis
3499 3688 3713 3744 exutus,

2127 3774 2181 3827 in
2208 3773 2445 3826 bclluino
2495 3773 2609 3825 haec
2662 3772 2826 3825 corde
2855 3771 3124 3825 sustinuit.
3176 3769 3389 3824 Etenim
3445 3771 3612 3825 homo
3659 3768 3712 3821 in

2125 3878 2311 3919 errore
2340 3862 2567 3932 positus,
2597 3867 2650 3916 et
2679 3876 2710 3914 a
2746 3862 2953 3929 jnstitia
2982 3861 3242 3931 relapsus,
3272 3859 3442 3928 juste,
3477 3867 3537 3913 ut
3562 3858 3713 3912 Sam-

2119 3971 2238 4018 son,
2260 3952 2534 4021 sapientiae
2560 3952 2762 4021 pariter
2789 3960 2845 4006 et
2869 3951 3056 4019 gratia:
3084 3951 3280 4004 virtute
3308 3949 3583 4014 desertus,
3611 3962 3711 4001 ca:-

2118 4046 2279 4099 citate
2307 4042 2526 4112 punitur
2554 4050 2608 4095 et
2634 4041 2779 4094 mola
2809 4050 2834 4077 ο
2867 4058 2879 4094 :
2913 4041 3037 4108 quia
3065 4039 3257 4108 dignus
3285 4048 3370 4094 est
3410 4054 3583 4109 opere
3627 4037 3713 4105 ju-

2062 4142 2065 4143 ⁷
2120 4134 2400 4195 mentario,
2422 4132 2511 4201 qui
2530 4128 2881 4197 semetipsum
2902 4130 3103 4184 lumine
3129 4131 3354 4185 rationis
3409 4128 3709 4189 orbaverit,

2118 4230 2174 4277 et
2202 4221 2255 4274 in
2280 4219 2682 4276 similitudinem
2710 4220 3011 4274 belluarum
3058 4218 3302 4288 corporis
3335 4234 3532 4274 servus
3558 4218 3708 4287 abje-

438 4297 718 4362 novacula,
762 4311 881 4366 quae
928 4295 981 4351 in
1011 4297 1358 4366 prot0plastis
1413 4297 1507 4369 (V.
1558 4309 1671 4355 not.
1723 4302 1813 4375 78)
1853 4308 2016 4362 noxia
2043 4305 2274 4368 Deerit.

514 4465 538 4492 ο
568 4452 711 4537 Psal.
737 4469 900 4537 xxxi"
918 4452 1041 4537 ,n7,_
1056 4460 1111 4507 et
1139 4468 1242 4519 ενι,
1266 4454 1352 4537 id.
1419 4456 1455 4537 -δ
1486 4452 1627 4509 Psal.
1651 4472 1723 4537 ξ,
1745 4461 1814 4537 ρ;
1845 4461 1986 4537 Psal.

2141 4485 2224 4533 ιιι,
2255 4466 2384 4530 176,
2402 4475 2471 4537 γει
2496 4482 2683 4537 xxxm.
2709 4465 2772 4531 2;
2805 4465 2961 4537 Ρειιιζ
2989 4484 3175 4535 xxxrx,
3197 4469 3259 4534 3;
3299 4468 3446 4525 Psal.
3480 4488 3669 4526 Lxxvn
3691 4513 3708 4537 ,

435 4525 534 4597 .53;
567 4522 695 4597 Luc.
724 4540 761 4589 1,
794 4522 891 4587 49;
925 4522 1065 4597 Psal.
1107 4540 1268 4597 ἕξιν,
1302 4525 1356 4592 9,
1382 4522 1713 4597 et__xxvn,_7;
1744 4522 1885 4585 Psal.
1916 4522 2223 4597 ιικνιι,25ξ
2254 4522 2623 4591 δοείΡειιΙιθικ
2648 4522 2803 4589 Rom.

1102 4592 1122 4629 ί
1149 4593 1303 4646 Νυιη.
1331 4579 1400 4671 vi,
1435 4592 1519 4671 §._
1562 4579 1787 4671 s_3udic.
1822 4617 1908 4671 χιιι
1930 4641 1945 4667 ,
1978 4579 2116 4658 luti",
2136 4579 2364 4660 ῖϊυᾶἷέξ

436 4595 520 4647 11.
597 4603 621 4631 ε
651 4592 802 4647 Deut.
836 4610 902 4656 ιι,
936 4591 1021 4644 12.

2886 4548 2908 4576 ο
2942 4536 3081 4591 Psal.
3109 4555 3225 4601 ιλιι,
3260 4538 3345 4592 15.
3426 4542 3452 4575 α
3488 4540 3611 4595 Col.
3638 4559 3709 4606 tt,

2665 4605 2678 4641 ί
2710 4605 2825 4659 Gal.
2859 4605 3028 4677 1,,l6.
3107 4606 3329 4677 i_Judic.
3359 4624 3477 4677 xrv,
3512 4610 3564 4673 1,
3602 4605 3709 4673 16.,

435 4664 457 4703 ι
492 4663 677 4717 Matth.
706 4680 780 4728 xt,
809 4662 909 4726 29;
941 4662 1130 4715 Matth.
1168 4678 1315 4729 XVIII,
1345 4665 1398 4718 6.
1436 4662 1450 4700 ι
1484 4663 1625 4722 Psal.
1654 4682 1801 4733 xxxx,
1836 4670 1887 4723 9.
1932 4662 2004 4710 ’ω

2144 4674 2179 4728 ι.
2209 4692 2388 4739 vant,
2414 4662 2499 4729 15.
2575 4684 2600 4710 υ
2635 4675 2762 4728 Dan.
2796 4691 2866 4740 1v,
2897 4662 2985 4729 '30.
3062 4685 3086 4712 ο
3114 4674 3284 4731 Judic.
3307 4662 3545 4741 xvr,él.

501 4868 576 4939 (a)
609 4868 709 4939 Ms.
736 4867 879 4931 Vat.,
907 4866 1119 4939 cibo,et
1149 4873 1292 4936 apto,
1323 4872 1377 4918 ut
1402 4882 1464 4920 ea:
1486 4867 1692 4921 rusticis
1720 4868 1997 4938 hominem,

432 4949 480 4993 et
508 4938 795 4991 edentulum
824 4938 1097 5005 saginavit.

500 5007 574 5077 (b)
605 5007 702 5060 Ms.
732 5003 951 5077 Reg._et
977 5005 1104 5059 edit.
1127 5003 1319 5077 Crav.,
1350 5005 1612 5077 Juvenior.

503 5074 572 5147 (υ)
604 5076 693 5131 Sic
716 5091 818 5147 ms.
850 5074 1026 5147 Vien.,
1055 5076 1139 5127 cui
1175 5075 1391 5147 lectioni
1418 5074 1598 5147 favent
1626 5091 1752 5147 mss.
1784 5077 1915 5145 Reg.
1948 5084 2004 5131 et

431 5145 552 5199 Vat.
593 5147 669 5200 lta
714 5146 766 5198 in
806 5145 1010 5211 psalmo
1054 5159 1158 5202 XCI.
1207 5145 1275 5196 ad
1318 5159 1480 5211 quem
1522 5145 1793 5211 alluditur,
1835 5156 1919 5200 est
1954 5151 2003 5200 ἐν

430 5216 547 5283 ἐλέῳ
601 5220 753 5270 πίονι.
786 5212 919 5268 Vide
956 5220 1068 5267 not.
1100 5213 1186 5267 76.
1209 5212 1351 5268 Editi
1370 5214 1548 5279 codd.,
1576 5217 1630 5269 in
1653 5216 2005 5271 misericordia

433 5285 777 5357 pinguedinis:

526 5352 580 5423 it)
612 5353 734 5408 Mss.
762 5352 958 5423 Regius
984 5360 1039 5405 et
1064 5352 1209 5417 Vat.,
1236 5355 1290 5406 in
1320 5353 1658 5423 longitudine.

525 5421 573 5493 e)
594 5423 689 5477 Ms.
713 5423 879 5493 codex
905 5421 1235 5493 Viennensis,
1261 5421 1564 5493 abscisione.
1589 5422 1736 5475 Bona
1771 5429 2002 5493 ptraque

430 5488 609 5549 lectio.
643 5493 740 5546 Ms.
780 5491 978 5546 codicis
1016 5490 1161 5543 Vicn.
1206 5492 1364 5545 lectio
1400 5493 1617 5546 inferius
1656 5488 2003 5545 conﬁrmatur

431 5580 493 5684 ιιό
542 5563 596 5643 1
622 5604 637 5626 ,
686 5563 900 5617 invictus
952 5559 1250 5633 (Samson)
1304 5562 1444 5614 crine
1493 5569 1721 5629 servato,
1774 5562 2003 5617 captivus

431 5648 459 5683 α
498 5648 645 5684 scis-0.

430 5648 645 5685 008Cl80.

2184 4875 2253 4946 (f)
2278 4873 2375 4929 Ms.
2406 4873 2585 4939 Vien.,
2616 4874 2892 4927 renovatis.

2182 4965 2259 5035 (g)
2309 4964 2535 5020 Samson
2585 4964 2822 5028 scilicet,
2872 4963 2966 5033 qui
3018 4978 3072 5016 ιι.
3120 4963 3192 5018 20
3229 4961 3428 5019 dicitur
3483 4966 3713 5021 bellator

2110 5051 2278 5088 sacer.

2184 5125 2261 5193 (h)
2286 5124 2369 5193 lta
2390 5138 2519 5178 mss.
2547 5123 2681 5191 Reg.
2711 5122 2932 5177 etVien.
2960 5137 3081 5177 cum
3112 5122 3241 5193 edit.
3265 5122 3419 5193 Bad.,
3446 5122 3623 5193 Crav.
3651 5131 3710 5177 et

2111 5191 2298 5262 Bign.,
2320 5192 2537 5246 absciso.
2570 5193 2659 5246 Sic
2704 5193 3045 5262 vetustiores
3059 5192 3281 5262 codices
3332 5191 3416 5262 ad_
3454 5191 3714 5262 Pruden-

2112 5259 2245 5317 tium
2276 5261 2570 5331 Peristeph.
2595 5263 2793 5331 hymno
2822 5260 2874 5324 4,
2892 5278 2955 5331 νν.
2991 5260 3338 5331 123,_hahent
3365 5259 3583 5331 abscisa
3605 5278 3705 5330 pa-

2112 5334 2263 5402 pilla,
2293 5340 2351 5384 ut
2371 5330 2564 5384 ibidem
2586 5329 2644 5383 in
2668 5331 2809 5384 notis
2838 5330 3092 5385 admonet
3120 5329 3181 5383 Ν.
3207 5329 3478 5384 Heinsius.

2187 5418 2371 5491 (i)_l_ta_
2395 5427 2666 5491 mss.‘tres
2692 5435 2814 5473 cum
2842 5418 3127 5491 Sacchino‘.
3158 5418 3488 5491 Ms._Vatic.,
3519 5436 3711 5491 nosce-

2108 5487 2205 5614 Bet.
2236 5487 2374 5544 Editi
2396 5488 2720 5557 intelligeret,
2750 5496 2942 5555 nosset,
2966 5496 3015 5542 et
3035 5488 3241 5544 coleret.
3267 5487 3515 5555 Utraque
3536 5490 3710 5546 lectio

2146 5572 2268 5614 ona.
