3966 6184
251 320 341 375 265

1577 323 1903 381 EPISTOLA
1943 304 2129 382 XXIII.

3401 348 3508 405 εδδ

310 434 387 487 l5.
414 430 711 487 Considera
740 429 1044 501 bujusmodi
1072 432 1374 487 mortalium
1403 435 1585 498 vitam,
1611 445 1667 489 et
1702 444 1817 491 tota
1850 443 1894 501 Α
1925 448 2010 492 tos
2038 439 2094 491 in
2125 440 2229 502 via,
2258 441 2591 509 praeterierat
2616 442 2781 500 frater
2825 447 2878 501 in
2920 448 3078 505 levita
3098 491 3113 515 ,
3147 452 3309 511 frater
3330 457 3383 512 in
3412 475 3503 516 sa-

250 525 328 579 tibi
353 526 562 593 species
584 524 817 593 jumenti
846 525 1097 579 molentis
1129 525 1204 595 (a)
1231 523 1676 583 occurret.Utille
1690 542 1825 598 pan-

249 616 319 668 nis
342 614 531 668 oculos
553 615 820 684 corporis,
852 616 931 669 sic
960 615 1060 668 iste
1081 616 1328 669 sordibus
1353 617 1474 670 vita:
1501 633 1609 672 sua:
1640 619 1824 672 oculos

220 706 427 760 ementis
454 707 685 759 obsutus
732 706 828 772 (V.
881 715 996 761 not.
1049 706 1157 775 79),
1201 722 1299 776 per
1344 722 1559 764 errores
1606 725 1822 764 suorum

247 812 508 861 sensuum,
540 798 697 865 quasi
733 798 877 851 circa
934 798 1186 864 ambages
1228 798 1512 864 molarum,
1557 800 1825 853 laboriosa

246 887 392 941 miser
419 887 661 940 statione
690 886 764 956 (b)
794 896 1059 951 versatur,
1090 889 1211 943 usui
1246 903 1343 942 suo
1370 904 1585 951 vacuus,
1617 898 1671 943 et
1699 904 1829 957 ope-

247 992 383 1032 rosus
413 977 599 1031 alieno
633 994 645 1027 :
679 985 787 1030 stat
830 976 883 1030 in
918 978 1003 1030 via
1030 985 1377 1046 peccatorum
1406 987 1461 1043 α,
1492 980 1829 1048 compeditus

244 1068 463 1122 vinculis
496 1067 861 1137 cupiditatum
892 1082 1109 1121 suarum
1141 1086 1153 1119 :
1184 1077 1240 1121 et
1268 1068 1381 1137 ipse
1402 1068 1501 1123 sibi
1534 1084 1719 1123 carcer
1746 1078 1829 1123 est

244 1160 483 1213 obsessus
507 1158 745 1212 tenebris
771 1158 970 1213 erroris
997 1160 1098 1223 sui,
1123 1167 1178 1213 et
1208 1160 1553 1214 conscienti-.1:
1581 1160 1831 1227 squalore

254 1264 562 1304 concretus:
590 1250 642 1303 in
668 1251 958 1317 semetipso
998 1250 1208 1319 pistrini
1241 1251 1567 1318 ergastulum
1589 1254 1824 1320 patitur;

245 1355 419 1393 saxum
452 1340 639 1395 cordis
690 1342 773 1394 sui
827 1341 1124 1410 pertinacia
1181 1342 1479 1410 iniquitatis
1522 1343 1829 1398 induratum

244 1430 378 1497 quasi
432 1430 635 1485 molam
681 1438 896 1494 versat,
928 1430 1153 1484 farinam
1182 1432 1425 1486 hostibus
1469 1433 1581 1487 suis
1609 1432 1676 1487 de
1705 1449 1825 1487 cor-

250 1529 387 1590 rupta
418 1523 615 1575 animm
654 1536 765 1575 sua:
792 1522 945 1591 fruge
971 1520 1281 1577 conficiens.
1308 1521 1442 1587 Quia
1462 1563 1477 1587 ,
1528 1523 1669 1577 sicut
1696 1525 1827 1578 scri-

248 1620 379 1681 ptum
400 1620 777 1682 est,peccator
805 1612 867 1666 de
888 1613 1064 1666 anima
1086 1630 1179 1667 sua
1209 1614 1369 1666 currit
1395 1613 1419 1651 ι)
1446 1612 1541 1683 (V.
1556 1622 1671 1667 not.
1696 1613 1785 1683 80)
1810 1627 1822 1660 :

249 1704 309 1755 ita
329 1702 420 1770 qui
444 1710 726 1772 peccatum
758 1711 1034 1772 operatur,
1064 1703 1132 1757 de
1156 1703 1300 1757 mola
1340 1703 1460 1757 vita:
1487 1719 1597 1758 suae
1625 1704 1821 1759 hostile

1928 531 2167 597 cerdote,
2191 546 2326 599 quos
2355 534 2441 587 lex
2468 550 2570 590 nec
2596 537 2869 593 sacrificiis
2892 541 3220 611 redemerat,
3254 563 3352 604 nec
3378 566 3507 619 pro-

1928 618 2104 686 phetis
2128 617 2175 672 ιι.
2196 619 2300 674 Sed
2330 638 2435 676 non
2466 624 2755 692 praeterivit
2783 626 2872 681 ille
2899 627 3210 695 Samarites,
3233 636 3323 703 qui
3344 617 3509 709 prep-

1929 714 2012 760 ter
2034 723 2133 762 nos
2160 708 2317 777 hujus
2356 711 2515 765 etiam
2566 715 2797 772 nominis
2825 720 3056 788 suscepit
3093 722 3365 790 injuriam;
3398 708 3505 785 non

1931 797 2241 865 praeterivit,
2269 799 2395 866 quia
2438 816 2545 853 non
2575 811 2692 855 erat
2734 809 3117 874 mercenarius,
3144 812 3237 865 sed
3266 828 3425 870 verus
3452 826 3504 871 et

1928 885 2102 938 bonus
2130 895 2315 954 pastor
2335 928 2349 950 ,
2382 890 2472 956 qui
2510 890 2741 944 animam
2772 908 2922 960 suam
2954 912 3050 964 pro
3079 900 3269 954 ovibus
3298 905 3507 971 positu-
3535 942 3539 947 -

1929 989 2020 1028 rus
2048 975 2340 1030 advenerat
2366 978 2407 1031 ί.
2441 979 2537 1033 llic
2578 981 2850 1037 hominem
2898 989 3135 1043 saucium
3182 970 3510 1060 praetermis-

1929 1080 2046 1118 sum
2076 1082 2105 1118 a
2136 1068 2365 1135 prmviis,
2395 1085 2495 1123 nec
2540 1081 2781 1126 curatum
2802 1116 2818 1140 ,
2844 1077 3126 1134 miseratus
3172 1087 3419 1153 accessit,
3451 1097 3507 1143 ct

1923 1154 2168 1221 jumento
2192 1174 2321 1224 suo,
2353 1161 2456 1215 hoc
2502 1171 2586 1217 est
2614 1163 2772 1218 Verbi
2812 1166 3179 1227 incarnatione
3223 1178 3457 1247 suscepit
3488 1198 3503 1233 :

1930 1254 1985 1299 et
2009 1248 2130 1302 oleo
2171 1250 2373 1317 gratim,
2398 1259 2452 1306 et
2477 1252 2601 1308 vino
2627 1257 2887 1323 passionis
2914 1273 3042 1322 suae,
3074 1268 3506 1323 commendatum

1929 1336 2222 1392 stabulario
2254 1340 2267 1388 ι
2300 1380 2314 1405 ,
2348 1342 2414 1410 (f)
2446 1342 2685 1410 perfecto
2720 1345 2795 1398 illi
2842 1349 3096 1415 magistro
3142 1356 3380 1419 gentium
3411 1358 3430 1426 (
3449 1359 3507 1412 id

1930 1434 2023 1490 est,
2056 1427 2111 1481 S.
2144 1426 2327 1483 Paulo.
2372 1431 2433 1483 V.
2468 1449 2520 1485 η.
2553 1431 2656 1498 24;
2699 1449 2783 1504 ep.
2818 1436 2905 1499 50,
2942 1456 2992 1492 η.
3026 1439 3096 1506 5;
3129 1458 3294 1497 carm.
3326 1446 3413 1511 22,
3445 1465 3500 1503 v.

1930 1518 2034 1571 178
2063 1527 2117 1573 et
2136 1519 2224 1586 52,
2266 1538 2315 1575 v.
2343 1520 2491 1592 355),
2540 1524 2594 1576 in
2642 1525 2851 1579 duobus
2900 1528 3259 1588 'I‘estamentis
3298 1535 3505 1593 denarii

1928 1611 2177 1665 mercede
2196 1616 2419 1678 sanavit,
2438 1614 2744 1669 redditurus
2763 1617 2837 1670 illi
2854 1626 2906 1671 et
2918 1620 3088 1674 beate
3102 1623 3420 1691 virginitatis
3435 1629 3507 1684 de

1930 1698 2220 1754 innumeris
2242 1701 2397 1769 hujus
2429 1702 2553 1757 boni
2575 1701 2833 1759 fructibus
2863 1707 3054 1763 uberes
3082 1714 3308 1780 gratias,
3340 1724 3397 1769 et
3424 1718 3507 1771 in-

248 1794 465 1847 triticum
499 1792 671 1857 molit,
696 1801 754 1846 ut
774 1794 1021 1847 zabulum
1048 1802 1254 1863 pascat,
1276 1794 1360 1849 cui
1384 1795 1535 1863 panis
1557 1792 1615 1848 ﬁt
1642 1796 1817 1849 anima
1851 1799 1897 1858 Β
1921 1791 2278 1845 numerabiles
2306 1807 2555 1860 COFOHaS,
2579 1795 2703 1863 quia
2722 1797 2798 1864 (9)
2820 1797 2924 1852 hoc
2946 1802 3225 1856 Consilium
3236 1818 3506 1878 praecepto

246 1898 349 1951 qua:
379 1884 483 1937 sibi
511 1882 681 1938 fames
709 1891 812 1937 est.
841 1882 994 1949 Quod
1032 1884 1078 1937 si
1110 1898 1218 1937 non
1244 1899 1456 1954 semper
1474 1884 1697 1949 vadens,
1726 1884 1821 1939 sed

247 1974 523 2042 aliquando
570 1984 854 2029 revertens
886 1985 930 2040 ε,
962 1974 1183 2043 spiritus
1207 1973 1328 2041 fiat,
1359 1975 1503 2029 velut
1531 1990 1686 2031 coma
1735 1992 1819 2031 re-

244 2066 364 2128 duci,
409 2066 478 2118 ita
499 2066 673 2133 gratia
702 2064 989 2120 reﬂorente
1017 2066 1388 2133 integrabitur.

308 2155 397 2207 14-
426 2154 536 2209 Sed
563 2164 622 2209 ut
647 2163 816 2209 totam
841 2155 907 2209 de
927 2156 1131 2225 capillis
1153 2163 1396 2211 texamus
1422 2156 1758 2226 epistolam,i
1769 2180 1822 2217 ιι·

247 2257 322 2301 vat
342 2248 624 2315 indulgere
649 2250 910 2312 sermoni,
944 2256 999 2303 et
1020 2249 1167 2302 illum
1196 2248 1409 2303 Domini
1436 2249 1629 2304 fortem
1653 2266 1819 2319 usque

246 2340 302 2391 ad
324 2340 482 2394 linem
512 2355 670 2394 suum
698 2340 971 2408 prosequi.
1014 2339 1148 2394 Nam
1177 2348 1230 2394 et
1254 2341 1307 2394 in
1337 2343 1579 2396 cmcitate
1628 2343 1814 2412 ipsius,

246 2430 363 2483 etin
392 2439 573 2485 morte
601 2428 768 2483 divini
818 2437 1155 2484 sacramenta
1209 2431 1451 2500 mysterii
1507 2432 1817 2502 przelineata

247 2520 569 2574 mirabimur.
602 2520 737 2586 Quia
780 2521 921 2588 quod
951 2521 1208 2591 scriptum
1239 2528 1322 2577 est
1347 2518 1375 2558 ἀ
1402 2563 1415 2587 ,
1448 2523 1628 2592 plures
1669 2523 1816 2577 illum

249 2610 413 2664 hostes
456 2613 717 2665 stravisse
763 2611 1116 2679 morientem,
1148 2627 1309 2681 quam
1361 2623 1476 2669 toto
1522 2614 1671 2683 prius
1696 2615 1818 2668 vitae

244 2716 340 2755 sine
366 2709 614 2771 tempore
642 2703 961 2771 perculisse,
994 2704 1229 2759 arbitror
1273 2704 1514 2775 principe
1561 2706 1680 2760 loco
1708 2707 1815 2761 vim

247 2790 525 2848 Dominiae
572 2794 839 2863 passionis
884 2796 956 2866 (c)
1002 2796 1478 2865 interpretandam,
1507 2813 1612 2867 qua
1640 2798 1813 2853 zabuli

244 2883 418 2937 domus
447 2885 665 2949 cecidit,
688 2893 743 2939 et
778 2901 1001 2954 regnum
1030 2890 1218 2941 mortis
1243 2888 1475 2943 solutum
1504 2898 1604 2943 est.
1637 2889 1814 2958 Quod,

245 2975 443 3029 vivente
472 2990 711 3044 semper,
742 2983 801 3029 ut
844 2976 991 3040 vivit,
1023 2978 1259 3043 Christo,
1289 2986 1345 3034 et
1390 2988 1515 3034 ante
1544 2980 1815 3034 carnalem

241 3065 519 3134 adventum
594 3082 749 3121 suum
802 3068 853 3121 in
907 3068 1187 3137 majestate
1260 3079 1464 3125 natura:
1518 3086 1627 3126 sua:
1673 3072 1815 3141 apud

1921 1881 2195 1949 adjiciens,
2227 1882 2294 1935 de
2328 1898 2426 1937 suo
2446 1888 2869 1952 supererogavit.

1992 1968 2078 2021 15.
2120 1968 2237 2022 Non
2266 1983 2395 2037 ergo
2442 1979 2559 2025 erat
2600 1973 2702 2027 iSte
2742 1972 2937 2040 frater,
2970 1980 3060 2044 qui
3102 1989 3157 2034 et
3195 1985 3505 2043 conditione

1919 2056 2177 2113 Dominus
2205 2075 2236 2113 a
2264 2062 2453 2128 servis,
2487 2070 2543 2115 et
2570 2071 2761 2118 natura
2807 2066 2949 2121 Deus
2976 2084 3007 2121 a
3043 2075 3359 2133 mortalibus
3393 2080 3503 2134 dis-

1920 2148 2178 2217 crepabat
2209 2167 2222 2201 :
2258 2151 2352 2205 sed
2381 2160 2559 2206 tamen
2588 2161 2645 2207 et
2673 2154 2837 2209 homo
2864 2166 2981 2210 erat
3002 2159 3111 2225 ille,
3143 2163 3210 2217 de
3238 2179 3345 2232 quo
3365 2170 3501 2223 scri-

1920 2246 2071 2305 ptum
2094 2247 2204 2293 est:
2230 2239 2297 2294 Et
2316 2242 2468 2296 homo
2496 2252 2592 2308 est,
2613 2254 2662 2297 et
2677 2246 2790 2316 quis
2807 2260 3201 2317 cognosceteum
3216 2254 3237 2290 ¹ί
3258 2261 3275 2325 (
3293 2255 3351 2309 γ.
3377 2269 3494 2314 not.

1920 2326 2051 2398 81)?
2079 2329 2263 2398 Neque
2284 2332 2403 2387 ideo
2431 2332 2599 2389 frater
2617 2344 2820 2401 noster,
2846 2352 3167 2410 quamquam
3194 2356 3250 2400 et
3287 2348 3389 2404 hoc
3417 2351 3503 2407 dii-

1920 2417 2043 2471 vina
2073 2420 2248 2488 pietas
2274 2437 2374 2490 pro
2421 2422 2721 2480 humilitate
2749 2428 2926 2483 cordis
2954 2431 3035 2484 sui
3060 2429 3268 2489 famulis
3303 2454 3504 2497 nomen

1920 2509 2221 2578 indulserit,
2271 2513 2455 2568 dicens
2492 2532 2504 2567 :
2538 2514 2781 2570 Narrabo
2836 2535 3020 2574 nomen
3068 2532 3209 2577 tuum
3253 2527 3500 2597 fratribus

1918 2604 2044 2657 meis
2079 2602 2122 2669 ι,
2151 2610 2329 2659 tamen
2360 2614 2541 2660 nostra
2593 2609 2897 2675 arrogantia
2926 2624 3033 2664 non
3082 2614 3357 2671 audendus
3396 2619 3503 2675 dici

1919 2689 2101 2760 frater,
2120 2709 2218 2749 nec
2241 2696 2364 2764 quia
2393 2697 2553 2751 homo
2575 2698 2620 2729 ’⁸
2649 2696 2761 2751 ﬁeri
2790 2698 3038 2767 dignatus
3061 2704 3181 2769 est;
3206 2707 3333 2773 quia
3359 2716 3415 2763 et
3444 2711 3499 2764 in

1919 2784 2038 2854 ipso
2066 2786 2297 2842 hominis
2338 2794 2461 2841 ortu
2495 2788 2623 2841 nihil
2665 2788 2828 2843 habet
2856 2806 3142 2849 commune
3184 2797 3497 2866 nobiscum;

1919 2878 2011 2945 qui
2040 2878 2173 2932 citra
2222 2887 2421 2934 nostrae
2447 2880 2812 2947 generationis
2859 2895 3011 2936 usum
3051 2900 3180 2940 caro
3225 2885 3396 2944 factus
3433 2891 3503 2947 de

1918 2964 2120 3035 Spiritu
2147 2976 2356 3034 sancto,
2404 2968 2724 3021 intemerata
2765 2983 2930 3023 sacrae
2960 2973 3145 3027 matris
3173 2974 3498 3046 virginitate,

1918 3065 1973 3112 et
2000 3065 2292 3127 conceptus
2320 3066 2376 3112 et
2421 3066 2578 3113 natus
2607 3066 2709 3114 est.
2742 3058 2809 3113 Et
2832 3059 2956 3116 ideo
2976 3063 3092 3117 sine
3122 3057 3229 3121 ullo
3255 3072 3502 3139 corporis

244 3158 312 3225 (ιι)
339 3158 509 3212 Deum
538 3156 753 3212 Patrem
784 3158 895 3213 Deo
924 3159 1122 3227 Verbo,
1148 3168 1328 3215 tamen
1353 3162 1623 3231 dispositis
1650 3163 1703 3217 in
1724 3178 1815 3218 or-

1929 3150 2091 3205 nostri
2138 3150 2407 3219 contagio,
2443 3153 2598 3222 128
2638 3160 2879 3206 nosu'um
2907 3168 3100 3224 corpus
3121 3156 3361 3224 effectus,
3394 3177 3502 3216 non

243 3247 404 3302 dinem
432 3264 595 3302 suum
637 3251 835 3304 seculis
872 3254 1022 3322 127
1058 3252 1127 3307 ab
1155 3252 1322 3307 Adam
1360 3268 1529 3323 usque
1571 3254 1639 3309 ad
1670 3255 1821 3328 Moy-

241 3355 343 3393 sem
370 3350 392 3376 ε
412 3380 426 3403 ,
462 3342 656 3394 mortis
677 3349 938 3409 potestas,
970 3342 1182 3396 licentia
1209 3344 1531 3410 bacchante,
1564 3360 1822 3414 regnave-

244 3439 342 3494 rat;
370 3441 425 3485 et
454 3431 529 3485 de
557 3431 674 3498 lege
717 3432 1015 3500 intellecto,
1049 3448 1148 3488 nec
1174 3435 1397 3501 evitato,
1428 3444 1651 3504 peccato
1701 3452 1823 3492 cre-

242 3531 378 3575 verat
410 3541 421 3574 :
452 3523 563 3577 hoc
594 3537 815 3589 regnum
845 3523 962 3577 Rex
992 3539 1203 3593 regum,
1236 3534 1289 3580 et
1317 3526 1659 3596 dispensator
1684 3536 1824 3583 tem-

242 3623 419 3679 porum
453 3613 553 3666 Dei
582 3612 746 3667 Filius
774 3615 1023 3683 passione
1050 3631 1144 3669 sua
1174 3616 1349 3671 divisit
1377 3633 1440 3672 ac
1464 3618 1656 3684 diruit,
1688 3619 1829 3678 Deus

244 3703 395 3768 {actus
438 3703 537 3757 sub
567 3705 695 3773 lege,
727 3712 785 3757 ut
819 3704 1131 3772 subjugatos
1175 3707 1306 3775 legis
1338 3709 1608 3775 solveret,
1656 3712 1823 3781 factus

244 3806 325 3857 per
350 3795 625 3846 mulierem
651 3792 670 3831 τ
700 3834 713 3858 ,
745 3794 836 3847 sed
865 3795 1142 3849 mulierem
1172 3811 1323 3860 sexu,
1347 3799 1607 3865 virginem
1648 3809 1822 3870 partu,

242 3891 295 3934 ut
318 3882 683 3938 sanctificaret
710 3892 997 3953 utrumque
1036 3900 1224 3939 sexum
1254 3886 1479 3942 Creator
1516 3890 1819 3959 utriusque,

241 3974 575 4043 suscipiendo
623 3975 819 4037 virum,
869 3975 1137 4029 nascendo
1183 3991 1282 4045 per
1309 3978 1582 4032 feminam.
1639 3979 1827 4049 Itaque

240 4076 459 4118 mortem
496 4066 667 4134 ipsam
696 4066 975 4121 moriendo
1003 4066 1297 4132 destruxit,
1331 4070 1533 4124 solvens
1558 4110 1573 4135 ,
1607 4080 1665 4124 ut
1694 4072 1826 4126 scri-

243 4162 381 4219 ptum
410 4164 518 4219 est,
548 4155 853 4209 inimicitias
884 4157 939 4209 in
964 4174 1119 4211 carne
1139 4174 1250 4222 sua,
1274 4167 1324 4211 et
1346 4162 1542 4230 faciens
1558 4170 1824 4232 utrumque

240 4259 385 4298 unum
420 4257 444 4289 ε
468 4286 484 4309 ,
518 4246 571 4298 id
620 4255 725 4313 est,
759 4247 1028 4301 hominem
1060 4257 1116 4303 et
1159 4248 1346 4315 Deum,
1373 4266 1532 4320 quem
1564 4253 1616 4305 in
1646 4253 1824 4322 seipso

242 4338 529 4389 connexuit
551 4336 695 4389 Deus
715 4346 767 4390 et
784 4338 945 4391 homo
965 4337 1208 4394 Christus
1225 4339 1397 4395 Jesus.
1419 4341 1473 4393 ln
1495 4356 1603 4409 quo
1628 4342 1825 4396 utrius-

240 4440 337 4494 que
355 4428 721 4481 "substantia
744 4435 948 4481 natura:
968 4428 1288 4483 discordiam
1313 4432 1491 4499 posuit
1513 4432 1589 4501 (id
1608 4441 1703 4496 est,
1728 4431 1823 4485 de-

1926 3242 2066 3295 dedit
2109 3240 2221 3295 Deo
2266 3241 2610 3309 placationem
2638 3258 2785 3295 suam
2810 3258 2874 3308 ω,
2906 3244 3029 3312 quia
3057 3246 3168 3317 ipse
3204 3252 3502 3319 propitiatio

1925 3343 2037 3388 erat
2060 3350 2078 3387 :
2106 3350 2196 3387 nec
2222 3335 2440 3403 pretium
2468 3334 2830 3403 redemptionis
2859 3337 3049 3390 anima:
3075 3354 3185 3394 suae
3214 3349 3260 3405 ι’,
3285 3342 3380 3397 sed
3404 3359 3505 3400 no-

1927 3434 2069 3492 strae,
2125 3427 2248 3495 quia
2302 3441 2409 3481 non
2456 3426 2649 3493 egebat
2701 3426 2872 3481 salute
2913 3427 3178 3484 Salvator.
3210 3430 3318 3487 Nos
3360 3435 3506 3490 enim

1926 3518 2127 3573 venditi
2156 3517 2255 3571 sub
2275 3526 2498 3587 peccato
2530 3517 2818 3585 egebamns
2850 3520 3027 3587 pretio
3057 3522 3404 3580 redemtionis
3427 3535 3452 3562 ο
3486 3545 3503 3580 :

1928 3615 1982 3662 et
2005 3608 2128 3663 ideo
2174 3616 2395 3677 propter
2422 3622 2521 3662 nos
2550 3607 2731 3672 homo,
2763 3617 2986 3677 propter
3018 3625 3116 3664 nos
3144 3610 3314 3666 forma
3338 3616 3504 3683 servi,

1929 3708 2150 3769 propter
2192 3713 2292 3752 nos
2321 3698 2458 3752 ﬁlius
2488 3697 2694 3750 ancilla:
2733 3706 2778 3748 P.
2814 3696 2916 3762 Qui
2944 3698 3258 3754 benedictus
3299 3710 3353 3755 et
3380 3715 3508 3758 san-

1927 3790 2192 3845 ctilieator
2230 3796 2559 3850 sanctorum,
2583 3801 2676 3855 pro
2705 3783 2849 3839 nobis
2892 3794 3068 3841 tamen
3091 3797 3145 3842 et
3172 3800 3435 3859 peccatum
3456 3804 3508 3847 et

1928 3879 2257 3933 maledictum
2300 3877 2465 3945 factus
2493 3884 2569 3927 est
2597 3884 2646 3938 τι,
2678 3873 2821 3941 quod
2851 3889 2957 3927 non
2986 3883 3133 3940 erat;
3167 3884 3225 3929 ut
3262 3893 3379 3944 nos,
3414 3869 3509 3949 qui

1931 3976 1986 4022 et
2014 3982 2078 4022 ex
2103 3969 2145 4000 ”
2177 3963 2621 4035 praevaricatione
2648 3960 3034 4032 peceatum,'et
3074 3980 3139 4018 ex
3163 3966 3509 4025 damnatione

1926 4059 2266 4116 maledictum
2290 4072 2520 4121 eramus,
2540 4056 2606 4110 ab
2628 4064 2858 4125 utroque
2878 4056 3200 4123 absolveret,
3220 4068 3509 4132 utrumque

1925 4154 1979 4208 in
2005 4166 2099 4207 sua
2121 4165 2280 4205 carne
2306 4144 2526 4216 alligens
2551 4147 2695 4202 cruci
2726 4156 2771 4199 τ.
2802 4145 2928 4201 Ideo
2947 4147 3147 4202 dictum
3168 4158 3299 4218 puto
3332 4169 3343 4202 :
3369 4150 3513 4207 Fra-

1926 4257 2001 4299 ter
2024 4260 2128 4298 non
2150 4243 2372 4305 redimit,
2402 4241 2610 4293 redimet
2636 4239 2787 4293 homo
2813 4248 2833 4275 ⁶
2863 4256 2874 4291 :
2901 4239 3026 4307 quia
3054 4256 3188 4311 quos
3217 4240 3381 4297 frater
3401 4260 3509 4301 non

1923 4338 2243 4397 redemerat,
2265 4334 2370 4387 hoc
2390 4339 2493 4397 est,
2510 4332 2792 4401 propheta,
2815 4346 2912 4385 seu
2933 4331 3221 4399 Iegislator,
3236 4335 3326 4403 qui
3349 4336 3512 4393 homo

1924 4436 2133 4482 tantum
2186 4430 2330 4487 erat;
2384 4423 2461 4493 (l2)
2512 4422 2600 4476 hic
2648 4421 2812 4475 homo
2859 4420 3106 4487 redemit,
3148 4423 3240 4491 qui
3268 4432 3323 4477 et
3368 4424 3510 4482 D‘eus

240 4520 473 4587 posuit),
522 4527 579 4572 et
634 4520 704 4587 (e)
754 4516 1057 4573 unilicantis
1101 4522 1285 4587 gratiae
1328 4529 1587 4576 aeternum
1640 4523 1812 4578 fmdus
1840 4521 2051 4581 Derat.
2085 4516 2223 4569 Deus
2246 4514 2402 4578 enim,
2436 4511 2623 4581 inquit,
2672 4519 2782 4581 erat
2812 4511 2864 4562 in
2911 4508 3115 4563 Christo
3165 4515 3509 4568 reconcilians

239 4613 471 4678 agnovit.
507 4609 779 4680 Spoliatos
809 4626 906 4666 nos
934 4612 1107 4666 zabuli
1156 4612 1457 4679 latrocinio,
1491 4623 1546 4669 et
1572 4615 1822 4670 vulnera-

305 4752 327 4779 α
360 4744 509 4798 Psal.
540 4743 665 4806 1,1.

242 4816 405 4876 ΝΑ.

242 4884 323 4935 25.
397 4883 603 4937 ωΡεεΙ.
635 4899 777 4937 van
805 4924 819 4948 ,
843 4884 897 4937 8.
972 4894 998 4920 ιι
1021 4884 1040 4937 l
1061 4883 1253 4939 Johan.
1287 4902 1342 4946 ιι,
1367 4884 1421 4939 2.

246 4962 263 4987 ⁷
290 4952 405 5007 Col.
436 4972 509 5020 ιι,
541 4953 623 5007 14.
702 4963 723 4989 ³
759 4953 899 5008 Psal.
930 4970 1112 5018 xum,
1139 4954 1191 5007 8.
1276 4958 1289 4990 ι
1327 4955 1451 5009 Cor.
1483 4973 1535 5019 v,
1570 4956 1654 5009 l9.

306 5109 379 5176 (a)
404 5106 502 5161 Sic
533 5122 639 5176 ms.
666 5105 820 5176 Vien.
850 5105 1036 5159 codex.
1069 5105 1267 5172 Ceteri,
1297 5116 1551 5159 occurrat.

306 5174 377 5247 ib}
407 5177 514 5231 Ms.
546 5175 717 5229 codex
724 5174 944 5247 _Regi_us
971 5191 1089 5229 cum
1111 5176 1267 5229 editis
1297 5177 1482 5240 tribus,
1513 5184 1824 5245 rersaturus,

245 5243 339 5298 risu
359 5262 456 5299 suo
482 5262 691 5298 vacuus.
722 5243 821 5296 Ed.
852 5243 1025 5309 Grin.,
1054 5254 1305 5310 versatur,
1331 5248 1437 5298 visu
1465 5263 1556 5299 suo
1582 5263 1787 5299 vacuus.

307 5316 377 5382 ιε)
404 5316 489 5368 ita
524 5331 650 5368 mss.
685 5313 818 5381 Reg.
847 5321 901 5366 et
932 5314 1083 5368 Vien.
1114 5330 1235 5369 cum
1267 5316 1424 5371 editis
1450 5326 1699 5384 quatuor.

238 5382 924 5461 1ῐῖοδιῖ,,Λέῖιιιξνρινενξςιηάιιιη.
997 5454 1029 5461 __
1105 5452 1137 5461 Α
1178 5454 1189 5461 _
1361 5454 1390 5461 _
1430 5440 1447 5461 _.

293 5457 384 5526 ,ιώ
427 5456 527 5508 Sic
557 5452 653 5507 nis.
684 5453 835 5505 Vicn.
868 5461 922 5507 et
946 5454 1075 5508 edit.
1100 5452 1248 5507 Grin.
1277 5462 1332 5509 et
1358 5454 1539 5509 Schol.
1565 5454 1687 5525 Alii,
1716 5454 1821 5509 Do-

243 5528 446 5576 mtuum.

308 5610 374 5663 ιε)
418 5596 506 5668 Ita
529 5609 624 5645 ms.
657 5591 1066 5668 Regiu_s__c_odex,
1094 5595 1713 5668 ceterisrrefragantibns,
1766 5595 1820 5649 in

246 5662 427 5735 quibus
459 5664 784 5730 ritu/iciunis.
820 5662 948 5716 Vide
987 5667 1355 5733 pmiccdcntia.

530 5766 801 5821 Parant.
833 5760 997 5821 LXl.

746 4742 769 4780 δ
800 4743 957 4797 Prov.
992 4761 1083 4806 vn,
1112 4745 1207 4807 25,
1249 4745 1399 4810 juxta
1431 4744 1589 4800 LXX.
1668 4760 1690 4787 α
1724 4749 1821 4802 Psa

1929 4761 2094 4809 xxvn,
2127 4741 2236 4810 59.,
2291 4737 2314 4775 ἀ
2340 4736 2511 4810 Judic.
2531 4752 2638 4810 xvi,
2669 4735 2758 4810 βο.
2838 4745 2862 4774 ε
2891 4734 3133 4810 Βοιιικν,
3165 4736 3251 4810 l4:

494 4824 519 4861 ε
553 4814 688 4882 Eph.
716 4830 751 4877 ι,
788 4814 871 4866 14.
948 4813 970 4849 ιι
1000 4805 1203 4877 Luc.x,
1235 4805 1430 4879 3|,5ﬁ.
1477 4816 1490 4852 ί
1526 4814 1716 4872 JOhan.
1745 4835 1798 4883 x,

1929 4829 1968 4870 3t
2000 4805 2091 4867 12.
2164 4809 2346 4883 lmLuc.
2376 4806 2533 4883 x,_'54.
2611 4805 2862 4883 Jerem.
2897 4822 3019 4883 xvii,
3045 4806 3096 4861 9.

1502 4896 1527 4922 ο
1566 4886 1723 4941 Rom.
1751 4878 1840 4952 vn,
1875 4886 1961 4941 14.
2038 4895 2065 4935 ι’
2096 4881 2288 4949 Philip.
2322 4895 2378 4942 ll,
2411 4878 2462 4929 7.

1927 4612 2024 4668 sibi
2063 4608 2310 4665 mundum
2335 4608 2377 4658 ι.
2408 4604 2575 4673 Hujus
2600 4603 2742 4657 enim
2770 4601 2915 4657 modi
2934 4602 3097 4657 homo
3125 4602 3170 4634 ³⁸
3193 4604 3340 4660 solus
3368 4621 3511 4674 pra:-

3334 4738 3355 4776 ί
3388 4742 3509 4797 Gal.

3181 4806 3364 4864 lPsal.
3395 4827 3509 4877 χχι,

2540 4886 2570 4927 ιι
2610 4875 2653 4929 ll
2690 4877 2815 4930 Cor.
2849 4893 2905 4943 v,
2954 4876 3054 4941 21;
3102 4875 3220 4932 Gal.
3274 4895 3355 4947 Ill,
3390 4875 3508 4949 .15.

2003 5111 2073 5179 (ί)
2111 5105 2309 5179 anes
2333 5103 2578 5179 codices,
2617 5103 2866 5179 profec_to.
2897 5100 3309 5179 Emendavimus
3335 5106 3509 5179 perfe-

1930 5170 2039 5243 cto,
2058 5170 2381 5245 quiasemel
2409 5182 2463 5227 et
2490 5174 2679 5226 iterum
2702 5170 2889 5245 eadem
2916 5172 3076 5245 verba
3106 5170 3345 5242 usurpat
3361 5170 3508 5245 Pau-

1929 5241 2155 5303 linus'ad
2178 5243 2435 5299 Severum
2464 5257 2616 5295 suum
2639 5242 2897 5305 scribens,
2922 5241 3011 5293 ubi
3027 5241 3340 5295 constanter
3350 5242 3505 5309 juxta

1928 5334 2115 5371 omnes
2144 5315 2357 5389 codices
2382 5313 2581 5389 legitur
2610 5314 2897 5389 perfectus
2923 5311 3045 5379 ﬁdei
3099 5326 3167 5389 ae
3214 5311 3505 5389 disciplina:

1925 5390 2171 5458 magister
2199 5386 2250 5437 in
2300 5379 2512 5458 eadem
2538 5379 2727 5449 epist.,'
2751 5397 2804 5434 n.
2835 5379 2925 5447 24,
2958 5388 3011 5434 et
3038 5380 3194 5449 epist.
3232 5380 3319 5445 30,
3360 5397 3411 5431 n.
3445 5380 3501 5443 5,

1923 5454 2555 5539 perlectgsmqaimaitz
2704 5521 2714 5531 .
2787 5520 2802 5539 .
3067 5516 3203 5539 _.-.-

1998 5516 2075 5597 (ᾖ)
2117 5525 2239 5582 Mss.
2268 5516 2385 5577 Vat.
2421 5532 2474 5575 et
2500 5521 2674 5586 Vien.,
2698 5521 2751 5572 in
2782 5520 2910 5583 hoc;
2934 5533 3040 5573 non
3066 5516 3205 5570 male
3233 5517 3277 5571 si
3308 5516 3497 5570 intelli-

1923 5596 2231 5670 ggts,itthac
2262 5610 2336 5646 re.
2428 5663 2438 5670 _
2537 5659 2575 5670 _
2656 5659 2666 5670 _
2782 5658 2867 5670 η.
2940 5657 2950 5668 ι

1995 5656 2073 5737 (ιι)
2106 5665 2180 5719 lta
2210 5680 2310 5720 ms.
2343 5663 2511 5719 codex
2536 5659 2750 5729 Regius.
2778 5657 2982 5725 Ceteri,
3014 5656 3122 5707 llos.

3174 5743 3214 5802 9
