3966 6184
503 342 602 395 am

1615 331 1669 383 S.
1715 329 1983 383 PAUIJNI
2023 328 2266 382 NOLANI
2307 327 2607 383 EPISCOPI

3631 322 3729 377 εδδ

503 450 682 505 valere
713 447 885 518 potuit
905 447 1159 500 adversus
1188 445 1504 497 sententiam
1521 441 1725 503 mortis,
1750 448 1805 493 et
1833 439 2073 493 aculeum
2105 448 2145 500 Α
2177 455 2282 507 qua
2327 441 2504 509 posuit
2534 441 2579 492 ι.
2612 438 2707 494 llic
2735 440 2895 494 leonis
2924 441 3152 504 catulus.
3184 441 3309 511 quia
3352 440 3513 499 Filius
3550 444 3658 512 Dei,
3687 461 3738 506 ει

502 541 730 611 peccati,
753 548 810 593 ut
833 537 1240 605 chirographum
1261 534 1451 589 mortis
1471 531 1713 586 aboleret
1742 541 1787 594 ι,
1820 539 1874 584 et
1900 530 2073 583 humi-

505 632 659 684 liarct
682 628 1123 683 ealumniatorem
1153 624 1179 662 ι)
1206 642 1218 677 :
1250 640 1356 678 non
1382 632 1561 676 tamen
1589 622 1639 674 ei
1667 619 1947 688 majestate
1975 634 2073 672 na-

504 732 639 777 tura:
667 736 795 785 sum,
820 719 913 774 sed
952 718 1133 772 habitu
1177 725 1371 771 nostra:
1393 714 1771 782 congrediens;
1804 722 1859 767 et
1886 712 2075 766 nihilei

505 820 832 878 extorqueas
854 808 1085 862 violento
1113 806 1410 868 dominatu,
1433 802 1523 857 sed
1538 817 1796 871 superans
1818 816 1936 854 eum
1961 801 2076 867 lege

502 902 751 970 justitire;
802 908 860 952 ut
890 897 1173 969 (quoniam
1202 895 1395 949 femina
1423 894 1646 962 decepta
1672 903 1693 931 ο
1728 931 1744 955 ,
1785 900 1840 945 et
1866 891 2077 958 dejecto

506 1008 602 1061 per
632 992 881 1046 feminam
899 990 1030 1053 viro,
1055 1002 1266 1042 omnem
1286 986 1491 1056 prolem
1515 986 1672 1053 primi
1701 984 1929 1037 hominis
1950 991 2081 1036 tam-

507 1100 664 1152 quam
695 1080 1047 1150 peccatricem
1093 1078 1297 1145 legibus
1324 1076 1533 1143 mortis,
1562 1075 1826 1129 malitiosa
1862 1073 2078 1141 quidem

508 1174 736 1228 nocendi
767 1171 1076 1241 cupiditate,
1108 1169 1204 1224 sed
1250 1177 1427 1223 tamen
1454 1176 1513 1222 ut
1535 1168 1839 1236 aequissimo
1863 1167 1983 1235 jure
2012 1166 2081 1221 vi-

509 1262 692 1316 ctoria:
738 1260 1040 1315 vindicabat
1082 1259 1123 1290 "
1156 1261 1171 1327 )
1201 1259 1400 1314 tamdiu
1434 1266 1672 1327 potestas
1713 1257 1828 1325 ejus
1858 1257 2077 1319 valeret,

508 1354 682 1408 donec
712 1352 1035 1406 interficeret
1054 1350 1277 1419 justum,
1308 1352 1358 1404 in
1379 1366 1487 1419 quo
1517 1350 1644 1403 nihil
1664 1348 1879 1416 dignum
1909 1354 2081 1401 morte

509 1452 690 1513 posset
736 1442 1057 1497 ostendere:
1092 1457 1199 1494 non
1242 1440 1415 1494 solum
1458 1440 1581 1507 quia
1633 1440 1747 1492 sine
1778 1437 1853 1508 (a)
1886 1436 2080 1490 delicto

509 1532 717 1585 occisus
754 1538 856 1596 est,
896 1529 990 1583 sed
1017 1530 1179 1583 etiam
1207 1528 1331 1596 quia
1376 1528 1490 1581 sine
1519 1527 1735 1581 libidine
1783 1534 1937 1580 natus
1958 1568 1971 1592 ,
1995 1525 2079 1579 cui

509 1620 884 1686 subjugaverat
910 1618 1018 1683 ille,
1050 1632 1185 1687 quos
1217 1624 1481 1685 coeperat;
1512 1624 1571 1669 ut
1608 1614 1861 1685 quidquid
1889 1614 2081 1669 exinde

510 1717 821 1763 nasceretur
848 1717 1119 1776 tamquam
1150 1723 1259 1761 sua:
1288 1708 1494 1761 arboris
1524 1707 1742 1771 fructus,
1772 1721 1935 1775 prava
1958 1705 2079 1774 qui-

2179 534 2316 586 idem
2346 524 2446 599 leo,
2470 533 2593 601 quia
2622 533 2842 600 aequalis
2868 531 3031 585 Patri.
3065 534 3263 600 Quare,
3283 542 3341 587 ut
3368 535 3493 588 mihi
3520 535 3736 600 videtur,

2179 623 2301 676 huic
2328 623 2503 691 aptius
2522 631 2610 676 est
2638 623 2780 676 leoni
2808 640 2820 673 :
2854 622 2934 676 De
2960 624 3139 677 edente
3164 626 3319 677 eairit
3344 641 3476 690 esca,
3500 635 3547 678 et
3571 627 3632 679 de
3650 642 3738 695 po-

2179 723 2315 767 tente
2342 715 2489 766 dulce
2524 714 2567 765 ι.
2598 714 2641 765 Α
2670 729 2777 783 quo
2805 714 2965 779 enim,
3010 715 3111 769 nisi
3151 731 3182 768 a
3225 714 3501 770 Salvatore
3543 726 3737 779 nostro,

2179 802 2332 870 cujus
2359 817 2535 856 sermo
2570 803 2675 855 vita
2704 810 2803 864 est,
2836 811 2891 855 et
2928 802 3020 869 qui
3048 803 3187 856 hanc
3216 802 3367 856 nobis
3396 815 3570 857 escam
3594 803 3739 857 simul

2179 901 2234 947 et
2279 893 2563 945 ruminavit
2589 891 2789 944 docens
2840 897 2895 943 et
2934 890 3161 958 promsit
3208 890 3549 958 impertiens;
3594 899 3670 955 et,
3698 891 3739 944 si

2179 982 2353 1051 placet
2399 982 2571 1044 aliter,
2603 990 2662 1036 ut
2701 983 2767 1037 de
2795 983 2984 1037 edente
3012 998 3138 1037 esca
3187 984 3265 1039 sic
3292 990 3481 1047 exeat,
3513 984 3634 1052 quia
3661 984 3740 1039 hic

2181 1074 2258 1126 leo
2287 1073 2348 1125 de
2384 1073 2515 1125 tribu
2543 1073 2682 1127 Juda
2712 1083 2748 1108 ηι
2776 1088 2874 1142 pro
2904 1072 3058 1126 nobis
3086 1073 3257 1127 victor
3284 1088 3352 1127 ex
3382 1088 3478 1127 ore
3505 1088 3603 1127 nos
3648 1073 3739 1126 ad-

2180 1163 2317 1217 versi
2345 1162 2511 1216 leonis
2552 1162 2783 1231 eripiens
2812 1161 2932 1215 ideo
2959 1169 3210 1225 venatur,
3243 1170 3301 1215 ut
3340 1171 3547 1226 servet;
3588 1162 3740 1230 capit,

2182 1260 2241 1306 ut
2263 1252 2529 1315 absolvat;
2562 1251 2772 1318 frangit,
2804 1259 2863 1304 ut
2907 1249 3125 1314 solidet;
3159 1249 3382 1313 mandit,
3412 1257 3472 1302 ut
3499 1249 3740 1316 integret;

2182 1345 2284 1398 hoc
2322 1345 2374 1397 in
2420 1344 2573 1396 nobis
2599 1344 2764 1396 edens
2807 1356 2913 1409 quo
2954 1341 3365 1408 corrumpimur.
3396 1338 3744 1405 Quamobrem

2182 1443 2427 1502 Optemus
2458 1432 2611 1501 hujus
2656 1432 2824 1485 leonis
2868 1429 3046 1499 praeda
3085 1429 3231 1493 fieri,
3264 1445 3332 1483 ne
3373 1430 3541 1483 simus
3577 1429 3745 1498 praeda

2182 1524 2353 1578 leonis
2374 1522 2591 1576 inimici.
2618 1520 2921 1574 Efficiamur
2940 1535 3061 1574 esca
3082 1518 3199 1583 Dei,
3219 1535 3286 1574 ne
3308 1521 3477 1575 simus
3500 1534 3618 1575 esca
3640 1534 3747 1574 ser-

2181 1616 2373 1684 pentis.
2406 1612 2542 1668 Edat
2576 1628 2676 1667 nos
2701 1612 2942 1666 Christus
2966 1651 2980 1673 .
3011 1626 3080 1665 ne
3108 1611 3330 1665 zabulus
3355 1618 3528 1665 voret.
3554 1609 3748 1664 Edente

2182 1705 2326 1760 enim
2354 1702 2587 1767 Christo,
2617 1710 2674 1755 ut
2703 1701 2832 1764 dixi,
2866 1702 2920 1753 in
2951 1700 3105 1753 nobis
3133 1700 3458 1763 absumitur,
3489 1714 3595 1767 quo
3620 1714 3747 1753 con-

510 1799 629 1853 dem
653 1800 879 1854 habendi
907 1798 1215 1868 cupiditate,
1238 1798 1331 1852 sed
1358 1806 1535 1851 tamen
1566 1813 1673 1852 non
1704 1798 1885 1865 iniquo
1912 1797 2085 1866 possi-
2115 1800 2157 1856 B
2185 1795 2459 1851 sumimur.
2490 1792 2733 1847 Christus
2757 1791 2953 1845 etenim
2984 1790 3092 1843 vita
3121 1798 3203 1843 est
3230 1798 3253 1825 η
3290 1806 3303 1841 :
3334 1796 3389 1842 et
3414 1788 3635 1842 mortale
3653 1788 3749 1842 hoc

511 1890 669 1943 dendi
685 1890 805 1957 jure
831 1890 1105 1943 retineret.
1136 1888 1435 1943 Justissime
1465 1888 1643 1958 itaque
1671 1888 1881 1956 cogitur
1899 1886 2081 1940 dimit-

512 1988 625 2034 tere
646 1979 925 2034 credentes
945 1980 998 2032 in
1027 1994 1169 2041 eum,
1201 1993 1358 2047 quem
1387 1977 1727 2046 injustissime
1755 1977 1978 2041 occidit;
2004 1985 2080 2040 ut,

512 2078 567 2125 et
593 2070 735 2138 quod
764 2069 1132 2139 temporaliter
1151 2069 1469 2132 moriuntur,
1502 2069 1737 2123 debitum
1766 2070 2079 2133 exsolvant;

515 2159 731 2226 etquod
758 2174 970 2227 semper
998 2159 1199 2222 vivunt,
1248 2159 1301 2211 in
1349 2159 1437 2213 illo
1481 2159 1681 2225 vivant,
1728 2158 1821 2226 qui
1861 2173 1961 2227 pro
2007 2158 2085 2212 eis

518 2248 657 2316 quod
680 2264 785 2302 non
820 2246 1051 2301 debebat
1076 2247 1305 2301 exsolvit
1330 2245 1377 2299 ά.

586 2339 672 2392 16.
712 2338 1069 2403 Quamobrem
1098 2345 1229 2406 puto
1265 2346 1319 2391 et
1348 2338 1462 2407 ipse
1494 2338 1646 2392 nobis
1672 2338 1757 2392 leo
1787 2338 1877 2392 ille
1924 2347 2007 2393 est
2038 2347 2082 2401 ε,

517 2429 572 2481 in
600 2430 749 2495 cujus
795 2428 987 2481 mortui
1035 2442 1129 2480 ore
1170 2427 1344 2480 cibum
1393 2428 1563 2481 mellis
1603 2428 1918 2481 invenimus.
1949 2427 2084 2493 Quid

516 2519 656 2572 enim
683 2518 887 2572 dulcius
912 2518 1004 2571 Dei
1050 2517 1248 2571 verbo?
1269 2525 1324 2570 et
1352 2517 1477 2585 quid
1503 2517 1693 2571 fortius
1721 2518 1810 2571 Del
1843 2517 2086 2571 dextera?

517 2605 623 2659 Aut
652 2606 703 2659 in
733 2605 883 2672 cujus
912 2607 1107 2660 mortui
1133 2621 1226 2660 ore
1254 2604 1402 2659 favus
1439 2614 1493 2659 et
1539 2621 1693 2675 apes,
1723 2607 1825 2661 uisi
1856 2608 1907 2661 in
1937 2608 2087 2675 cujus

517 2694 682 2747 verbo
727 2694 913 2748 salutis
956 2702 1153 2749 nostra:
1196 2694 1412 2758 bonum,
1468 2702 1524 2748 et
1569 2696 1909 2763 congregatio
1958 2709 2089 2763 gen-

518 2782 684 2834 tium?
714 2779 948 2846 Quarum
996 2782 1173 2851 potius
1215 2781 1433 2849 figuram
1482 2783 1724 2852 plerique
1771 2784 1825 2837 in
1851 2784 1953 2839 hoc
1982 2784 2089 2839 leo-

517 2887 585 2925 ne
617 2881 940 2942 posuerunt,
988 2874 1113 2941 quia
1153 2875 1379 2943 papulus
1423 2876 1661 2943 gentium
1705 2876 1796 2943 qui
1843 2876 2088 2944 credidit,

523 2964 679 3032 129
714 2977 907 3031 corpus
944 2960 1168 3017 feritatis
1203 2971 1502 3028 eratante,
1557 2978 1699 3018 nunc
1725 2963 1921 3018 Christi
1958 2972 2041 3019 est
2072 2983 2085 3018 :

519 3054 570 3107 in
600 3069 706 3122 quo
748 3052 988 3121 Apostoli
1026 3053 1171 3107 velut
1208 3068 1335 3121 apes
1384 3069 1412 3106 a
1454 3069 1576 3108 rore
1625 3055 1766 3119 cmli,
1798 3064 1852 3109 et
1878 3055 2087 3109 divina-

2184 1902 2291 1941 non
2335 1886 2631 1955 poterimus
2675 1883 2944 1952 deponere
2964 1920 2980 1945 ,
3005 1881 3106 1935 nisi
3150 1880 3537 1935 absorbeamur
3558 1888 3604 1945 ο,
3633 1880 3750 1948 quia

2184 1986 2412 2032 mortem
2480 1986 2717 2029 nostram
2776 1973 2995 2027 devorat
3047 1971 3309 2026 Christus.
3363 1968 3533 2024 Cibus
3580 1978 3749 2023 antem

2183 2068 2377 2123 Christi
2406 2080 2523 2121 esse
2554 2080 2658 2119 non
2686 2076 2994 2133 possumus,
3016 2062 3114 2115 nisi
3143 2060 3399 2115 faciamus
3426 2060 3750 2113 voluntatem

2184 2158 2299 2227 ejus
2328 2167 2353 2206 P
2380 2175 2392 2209 :
2425 2163 2483 2209 ut
2510 2154 2739 2208 vicissim
2770 2160 2823 2206 et
2852 2153 2964 2221 ipse
2993 2151 3146 2205 nobis
3187 2150 3336 2205 cibus
3366 2147 3465 2227 fiat,
3486 2159 3537 2213 ς,
3574 2148 3624 2202 in
3652 2163 3753 2216 quo

2184 2262 2397 2317 semper
2423 2246 2668 2309 vivimus,
2692 2244 2735 2298 si
2760 2243 2824 2297 ad
2851 2243 2968 2311 ejus
2994 2250 3257 2311 prmcepta
3282 2226 3547 2295 vivamus.
3571 2238 3658 2294 Sic
3674 2255 3753 2293 er-

2184 2354 2252 2408 go
2280 2338 2347 2392 de
2373 2344 2591 2406 potente
2619 2336 2728 2389 exit
2767 2334 2952 2400 dulce,
3002 2350 3122 2389 cum
3150 2333 3509 2389 amaritudine
3551 2333 3753 2387 malitia:

2185 2436 2382 2481 nostra:
2419 2442 2517 2495 per
2546 2426 2719 2494 ipsum
2745 2426 2797 2479 in
2841 2424 3178 2479 dulcedinem
3208 2423 3463 2478 bonitatis
3520 2437 3752 2478 commu-

2187 2525 2298 2571 tata
2318 2556 2333 2580 ,
2361 2515 2532 2569 dulcis
2551 2529 2581 2568 a
2610 2516 2774 2569 verbo
2802 2514 2919 2581 ejus
2938 2528 3056 2567 esca
3088 2511 3435 2581 procedimus
3456 2551 3471 2576 ,
3526 2511 3617 2581 qui
3661 2525 3756 2564 nos

2186 2606 2414 2670 edendo,
2449 2605 2741 2660 consumsit
2778 2611 3020 2672 peccato,
3062 2601 3334 2671 reparavit
3359 2600 3426 2655 ad
3447 2600 3633 2655 vitam.
3661 2598 3756 2654 So.

2188 2698 2268 2751 lus
2295 2698 2380 2751 hic
2418 2703 2610 2765 potens
2634 2738 2648 2762 ,
2681 2693 2907 2749 dulciter
2933 2700 3156 2763 potens,
3186 2692 3277 2760 qui
3306 2691 3543 2746 liberavit
3570 2708 3755 2762 paupe-

2189 2807 2294 2845 rem
2338 2788 2403 2842 ab
2443 2803 2605 2842 avaro
2632 2796 2833 2857 potente
2862 2796 2909 2851 τ,
2938 2787 3029 2855 qui
3075 2784 3338 2839 feritatem
3378 2784 3486 2837 mei
3527 2784 3757 2853 corporis

2187 2896 2285 2951 per
2312 2879 2622 2950 mysterium
2650 2876 2865 2947 pietatis
2898 2877 3190 2955 130mm
3233 2876 3287 2929 in
3315 2882 3551 2930 mortem
3593 2875 3637 2906 “
3679 2872 3757 2928 sui

2188 2970 2430 3040 corporis
2456 2969 2740 3039 perimens,
2769 2967 2841 3022 ibi
2864 2966 3041 3022 cibum
3069 2966 3190 3021 vita:
3217 2965 3346 3030 edit,
3378 2964 3467 3018 ubi
3498 2964 3579 3035 (ά)
3608 2963 3759 3017 mise-

2188 3074 2261 3114 ra:
2289 3058 2454 3113 fames
2496 3058 2684 3111 mortis
2731 3056 2935 3110 arebat.
2966 3053 3068 3120 Qui
3110 3050 3238 3109 mihi
3268 3053 3617 3110 oﬂensionem
3645 3066 3759 3121 gra-

519 3160 634 3196 rum
677 3142 894 3197 ﬂoribus
934 3144 1222 3208 gratiarum
1268 3144 1426 3197 mella
1471 3144 1744 3211 sapientia:
1782 3144 1855 3213 (ὁ)
1898 3145 2086 3199 condi-
2114 3158 2157 3219 ο
2191 3152 2283 3214 tia,
2315 3155 2593 3218 peccatum
2616 3145 2844 3213 justitia,
2878 3144 3237 3199 infirmitatem
3278 3144 3497 3209 virtute,
3542 3149 3757 3198 mortem

521 3235 745 3295 derunt,
778 3249 840 3287 ac
866 3234 908 3286 si
949 3234 993 3264 "
1036 3249 1159 3287 esea
1199 3234 1267 3287 ab
1313 3250 1407 3287 ore
1448 3233 1657 3289 edentis
1702 3236 1931 3289 exierit:
1963 3236 2085 3304 quia

518 3324 664 3393 prius
692 3324 865 3375 cll'enn
894 3322 1004 3376 Deo
1053 3324 1297 3375 nationes
1331 3331 1605 3391 receptum
1645 3324 1738 3377 Dei
1773 3324 1990 3378 verbum
2023 3322 2086 3376 li-

519 3413 623 3466 deli
668 3410 830 3465 corde
875 3419 1181 3478 sumentes,
1231 3410 1458 3464 fructum
1500 3412 1687 3467 salutis
1714 3412 1979 3468 ediderint
2019 3415 2085 3468 ³⁸.

520 3503 618 3568 Qui
646 3517 773 3555 vero
800 3502 1066 3555 Christum
1096 3502 1261 3569 magis
1289 3502 1343 3555 in
1367 3502 1555 3556 eodem
1582 3504 1681 3557 sibi
1712 3505 1866 3558 leone
1894 3520 2089 3574 propo-

520 3600 669 3657 nunt,
702 3591 1014 3645 Samsonem
1041 3589 1342 3646 Judtcorum
1374 3593 1615 3660 figuram,
1654 3594 1900 3648 videlicet
1925 3603 1984 3648 ut
2024 3596 2088 3649 il-

519 3685 626 3737 lum
650 3684 859 3737 leonem
892 3684 1043 3750 quasi
1070 3681 1343 3737 Christum
1371 3684 1443 3755 (c)
1473 3684 1683 3740 Judacus
1710 3686 1968 3741 occiderit
1995 3705 2006 3739 :
2034 3687 2088 3741 id

518 3792 732 3844 quoque
776 3776 1105 3843 assignantes
1151 3776 1387 3846 mystica:
1415 3778 1809 3845 pncparationi,
1840 3777 1984 3846 quod
2023 3794 2088 3833 eo

506 3868 849 3936 potissimum
879 3874 1122 3934 tempore
1160 3880 1269 3934 quo
1296 3866 1599 3934 conjugium
1641 3868 1889 3936 petebat,
1936 3876 2089 3936 opta-

520 3970 627 4011 tam
656 3956 888 4027 potentis
909 3955 1097 4008 bellum
1118 3955 1285 4021 egerit
1305 3955 1537 4019 eaedem;
1568 3958 1692 4024 quia
1716 3956 1960 4010 videlicet
1984 3972 2089 4009 non

520 4056 700 4118 posset
729 4044 926 4098 ﬁrmari
952 4043 1276 4110 conjugium,
1301 4042 1443 4109 quod
1468 4044 1519 4095 in
1543 4043 1752 4098 Christo
1777 4053 1833 4098 et
1853 4044 2088 4099 Ecclesia

520 4147 729 4208 pactum
753 4143 830 4190 est
863 4133 907 4200 τ,
936 4133 1037 4185 nisi
1067 4132 1247 4185 occiso
1276 4133 1430 4185 leone
1459 4132 1521 4185 de
1551 4132 1681 4184 tribu
1706 4133 1847 4186 Iuda
1876 4145 1920 4187 ε.
1946 4134 2089 4189 Idem

520 4231 661 4285 enim
682 4228 935 4280 Dominus
955 4225 1051 4285 leo,
1073 4223 1181 4286 ille,
1196 4224 1286 4290 qui
1309 4224 1443 4285 vicit,
1464 4232 1520 4276 et
1539 4224 1735 4278 catulus
1754 4235 1835 4280 est
1855 4227 2015 4281 leonis
2039 4226 2089 4294 ιι,

519 4334 612 4373 sua
644 4323 832 4385 sponte
876 4313 1112 4381 sopitus,
1154 4322 1209 4365 et
1251 4325 1281 4363 a
1320 4314 1608 4380 semetipso
1653 4316 1997 4370 resuscitatus
2024 4316 2091 4371 de

519 4423 626 4476 quo
652 4404 905 4472 scriptum
934 4410 1016 4456 est
1048 4420 1058 4453 :
1095 4400 1220 4464 Quis
1247 4401 1510 4455 suscitabit
1538 4420 1652 4456 eum
1683 4404 1694 4439 ί
1726 4406 1749 4457 ?
1781 4406 2091 4461 Voluntarie

2189 3240 2315 3302 vita,
2344 3237 2709 3293 confusionem
2734 3237 2922 3304 gloria,
2952 3248 3118 3303 regno
3142 3234 3367 3289 mutavit
3394 3235 3633 3289 exilium.
3663 3233 3759 3300 Qui

2189 3327 2571 3380 audiebamus:
2605 3324 2765 3378 Terra
2809 3342 2883 3389 es,
2949 3334 3001 3379 et
3045 3328 3099 3380 in
3144 3333 3335 3379 terram
3383 3326 3481 3380 ibi;
3535 3334 3587 3392 ’ς
3627 3340 3759 3381 nunc

2184 3414 2295 3483 jam
2319 3414 2389 3484 (ε)
2413 3413 2656 3467 audimus
2686 3432 2698 3465 :
2722 3412 3050 3469 Conversatio
3085 3423 3254 3468 vestra
3284 3415 3329 3445 ⁸⁵
3350 3416 3404 3468 in
3450 3416 3592 3469 caelis
3618 3424 3690 3469 est
3714 3416 3757 3469 ί.

2260 3504 2348 3556 17.
2377 3502 2560 3572 Itaque
2588 3503 2730 3556 illam
2758 3504 2989 3573 speciem
3041 3518 3159 3572 quae
3189 3504 3241 3557 in
3273 3503 3364 3557 illo
3392 3502 3655 3559 Samsone
3679 3502 3760 3557 vel

2188 3594 2440 3650 recrinito
2467 3593 2552 3647 vel
2577 3595 2839 3648 moriente
2867 3594 3147 3658 retexitur,
3177 3601 3232 3647 et
3260 3594 3311 3647 in
3335 3608 3553 3649 omnem
3573 3592 3761 3648 Christi

2189 3685 2441 3742 famulqu
2486 3684 2773 3741 convenire
2818 3683 3067 3737 arbitror.
3100 3681 3270 3737 Homo
3301 3682 3464 3745 enim,
3499 3682 3593 3752 qui
3632 3696 3751 3749 prc-

2188 3791 2363 3834 vcntus
2393 3781 2545 3851 fuerit
2583 3780 2637 3831 in
2677 3778 2846 3847 aliqua
2876 3784 3084 3845 peccato
3114 3783 3161 3839 ιι,
3192 3782 3249 3829 et
3275 3773 3565 3828 salubriter
3591 3771 3758 3843 paeni-

2191 3872 2349 3925 tendo
2378 3871 2444 3923 ad
2473 3868 2915 3923 instaurationem
2942 3866 3149 3934 gratim,
3175 3865 3328 3933 quasi
3352 3864 3565 3933 capillis
3609 3878 3760 3919 rena-

2187 3959 2457 4014 scentibus
2480 3958 2783 4021 revertitur,
2827 3971 3021 4025 ponens
3047 3964 3102 4007 ut
3132 3970 3308 4007 arcum
3335 3970 3528 4008 areum
3556 3953 3759 4007 brachia
3816 3956 3819 3961 ‘

2187 4066 2280 4103 sua
2310 4060 2357 4114 ν,
2391 4048 2442 4102 id
2469 4057 2550 4102 est
2578 4047 2737 4102 ﬁdem
2765 4046 2877 4116 spei
2903 4060 3060 4110 verte,
3093 4054 3148 4100 et
3172 4060 3323 4114 spem
3347 4043 3465 4098 fidei
3489 4060 3599 4099 non
3630 4042 3761 4098 ficu:

2190 4142 2256 4206 ⁸⁸,
2286 4154 2542 4195 exercens
2587 4138 2727 4192 idem
2756 4137 2823 4191 ad
2868 4137 3107 4205 prtelium
3136 4150 3326 4189 manus
3352 4149 3475 4188 suas
3514 4134 3760 4204 operibus

2188 4233 2403 4303 pictatis
2433 4242 2478 4297 ι,
2506 4230 2655 4299 cujus
2680 4229 2973 4283 exercitatio
3001 4228 3070 4280 ad
3097 4227 3270 4281 omnia
3293 4226 3439 4279 utilis
3455 4234 3535 4278 est
3555 4234 3583 4273 γ
3608 4242 3620 4277 :
3653 4232 3761 4277 tum

2189 4333 2247 4377 ut
2274 4321 2584 4392 quibusdam
2616 4320 2769 4373 home
2796 4318 3134 4373 conscientia:
3158 4323 3214 4371 et
3242 4316 3361 4369 fidei
3393 4315 3562 4369 firma:
3590 4314 3759 4368 lacer-

2194 4415 2261 4468 tis
2290 4413 2473 4467 valens
2500 4411 2716 4466 audebit
2742 4408 3012 4470 invadere,
3036 4416 3092 4461 et
3113 4406 3311 4475 poterit
3334 4406 3401 4476 (f)
3424 4413 3637 4459 vertere
3658 4402 3759 4456 ini-

521 4499 662 4551 enim
710 4493 1011 4549 sacrificans
1050 4509 1149 4562 pro
1178 4493 1332 4546 nobis
1361 4490 1503 4546 Patri
1532 4493 1758 4547 hostiam
1785 4497 1865 4550 sui
1896 4512 2090 4566 corpo-
2120 4506 2171 4566 ι)
2196 4506 2455 4559 micorum
2484 4504 2779 4559 columnas,
2812 4500 2904 4554 Ha:
2942 4507 3120 4554 autem
3149 4500 3191 4529 ³⁷
3222 4510 3347 4552 sunt
3373 4498 3637 4552 columna
3664 4494 3756 4548 ho-

520 4590 615 4654 ris,
637 4588 775 4642 idem
798 4601 1035 4642 summus
1056 4593 1110 4638 et
1138 4585 1187 4638 in
1217 4592 1475 4637 mternum
1504 4584 1755 4639 sacerdos
1780 4598 1825 4652 ι,
1856 4588 2086 4642 animam

519 4680 839 4739 snam,sicut
882 4679 993 4747 ipse
1023 4684 1275 4739 testatur,
1308 4676 1492 4730 eadem
1523 4678 1770 4731 resumsit
1798 4687 2083 4747 potestate,

594 4826 617 4850 ⁸
647 4814 761 4868 Col.
785 4812 947 4878 ΙΙ,14.
1026 4809 1050 4847 ι)
1080 4809 1219 4863 Psal.
1247 4825 1388 4878 Lxxl,
1422 4809 1473 4863 4.

526 4904 575 4945 v,
604 4885 653 4937 5.
733 4883 759 4919 h
800 4883 933 4935 Gen.
966 4895 1115 4943 κως,
1149 4880 1201 4941 9,

1553 4821 1575 4849 ο
1606 4810 1740 4867 Gen.
1774 4830 1851 4877 ir,
1882 4814 1967 4867 15.
2042 4814 2065 4853 δ
2092 4816 2232 4872 Psal.
2266 4834 2445 4882 LXVII',
2466 4818 2518 4870 5.

1284 4879 1298 4914 ί
1328 4877 1467 4932 l’sal.
1499 4897 1615 4945 Llll,
1649 4882 1701 4935 8.
1780 4884 1793 4932 l
1826 4883 1959 4938 lleb.
1987 4901 2074 4948 vn,
2108 4888 2191 4939 l7.
2269 4888 2287 4925 ιι
2317 4877 2506 4941 Johan.
2541 4903 2594 4946 χ,
2628 4886 2713 4939 18.

2192 4596 2327 4649 διιιίε
2372 4595 2596 4660 domus,
2643 4592 2833 4662 quibus
2878 4591 3108 4645 nititur:
3141 4590 3195 4644 in
3243 4604 3350 4657 qua
3402 4588 3550 4643 velut
3596 4584 3762 4642 nostri

2195 4687 2367 4740 vietor
2412 4685 2655 4754 epulatur
2682 4681 2908 4736 illudens
2933 4680 3123 4748 captis,
3171 4679 3217 4733 si
3262 4678 3515 4732 membris
3540 4675 3757 4740 nostris,

3109 4810 3126 4849 ί
3159 4810 3361 4878 Eph.v,
3392 4808 3481 4863 5‘2.
3554 4808 3761 4878 SApoc.

3237 4879 3289 4932 4.
3365 4889 3401 4914 ω
3432 4878 3451 4931 l
3482 4878 3597 4932 Pet.
3630 4876 3683 4942 ἦ,
3706 4876 3758 4930 8.

2596 4827 2618 4854 θ
2648 4815 2816 4869 Judic.
2843 4830 2949 4873 xtv,
2974 4813 3027 4866 8.

2795 4884 2811 4922 ι
2840 4884 3011 4938 Judic.
3053 4897 3159 4945 xw,

524 4967 549 4990 υ
575 4954 767 5008 Johan.
798 4967 903 5013 xtv,
935 4949 1019 5019 Ψ.
1040 4956 1120 5019 ___°
1152 4946 1171 4999 ι
1199 4946 1322 5019 Cor.
1357 4964 1441 5013 xv,
1473 4949 1543 5019 54
1641 4962 1665 4998 ρ
1693 4951 1879 5007 ἆοὶιειιι,
1910 4970 1983 5019 1v,
2006 4945 2084 5007 54.

2190 4969 2197 5005 ι
2226 4954 2414 5011 Joltan.
2449 4973 2529 5019 vt,
2574 4945 2659 5009 48.
2741 4965 2760 4991 τ
2794 4954 2934 5008 Psal.
2974 4968 3139 5012 um,
3174 4949 3258 5001 1‘2.
3337 4945 3524 5019 {Gelu
3560 4963 3644 5011 ιιι,
3676 4946 3763 5014 19,

524 5040 631 5078 sec.
663 5020 821 5075 LXX.

597 5152 672 5221 (a)
702 5149 774 5221 In_
790 5148 1034 5221 omnibus
1076 5145 1371 5221 codicibus
1400 5149 1589 5221 legitur
1630 5154 1741 5205 sine
1770 5152 1896 5217 Deo,
1947 5155 2091 5210 nullo

524 5218 702 5279 sensu.
736 5218 1145 5273 Emendavimus
1198 5218 1309 5269 sine
1338 5218 1549 5282 delicto,
1590 5234 1734 5275 certa
1775 5233 1833 5275 ut
1887 5224 2093 5278 videtur

525 5292 829 5359 conjectura
876 5302 943 5341 ex
975 5285 1399 5359 pnncedcntihus
1439 5299 1493 5341 et
1540 5292 2013 5359 subsequentibus,
2038 5303 2093 5347 et

525 5356 645 5415 orto
681 5372 863 5411 errore
909 5372 974 5409 ex
1018 5356 1332 5421 compendio
1372 5358 1663 5412 litterarum
1717 5356 1851 5413 Helo.
1885 5362 2086 5416 Eodem

524 5430 685 5484 modo
715 5426 1003 5500 Sacchinus
1031 5426 1198 5500 paulo
1218 5423 1435 5500 inferius
1464 5427 1740 5500 legendum
1789 5434 2089 5500 suspicatur

523 5501 727 5570 delicto,
748 5497 841 5570 ubi
860 5494 1201 5570 manuscripti
1219 5503 1283 5570 et
1312 5495 1479 5570 editio
1505 5493 1666 5570 Rosv.
1698 5493 1897 5559 habent
1922 5503 2096 5570 effera:

527 5569 652 5621 Deo.
682 5566 825 5619 Editi
854 5565 886 5616 4
916 5564 1143 5635 codices,
1176 5564 1346 5630 effem:
1372 5583 1402 5616 α
1440 5564 1564 5619 Deo.
1595 5567 1777 5635 Itaque
1825 5564 2092 5625 indubita-

524 5648 634 5689 tum
664 5637 775 5689 vult
803 5636 922 5702 legi,
946 5634 1115 5700 e/I'ertc
1143 5649 1172 5683 a
1193 5635 1392 5699 delicto,
1424 5635 1472 5688 irl
1495 5644 1572 5691 est
1589 5634 1793 5706 propter
1815 5640 2052 5694 delictum
2078 5657 2094 5694 :

531 5708 672 5774 quod
702 5722 804 5760 ιιοιι
836 5706 1027 5773 placet.

904 5022 919 5053 ι
956 5016 1148 5085 Philip.
1176 5032 1250 5078 ιιι,
1280 5016 1366 5069 20.
1443 5027 1468 5053 υ
1498 5018 1615 5072 Cal.
1648 5036 1719 5083 vn,
1750 5022 1798 5073 l.

1876 5028 1898 5059 ν
1932 5022 2068 5078 Psal.
2102 5042 2223 5092 xvu,
2266 5026 2354 5079 55.

2434 5037 2453 5062 ι
2482 5016 2622 5079 Psal.
2657 5040 2833 5089 cxuu,
2867 5023 2917 5075 1.
2991 5033 3017 5068 3'
3048 5019 3223 5073 lTim.
3253 5035 3323 5084 tv,
3353 5016 3405 5069 8.

2290 5157 2339 5225 b)
2371 5156 2465 5211 Ms.
2503 5158 2675 5217 Vien.,
2705 5156 2991 5210 ediderunt.

2290 5159 2339 5225 b)
2371 5159 2465 5211 Ms.
2503 5159 2675 5217 Vien.,
2705 5159 2991 5210 ediderunt.

2267 5159 2337 5295 te)
2369 5228 2458 5282 Sic
2484 5243 2607 5279 mss.
2644 5226 2812 5291 Vien.,
2844 5226 2975 5294 Reg.
3000 5234 3055 5279 et
3075 5224 3199 5279 edd.
3228 5226 3377 5281 Grin.
3408 5232 3463 5279 et
3487 5222 3673 5278 Scbot.
3695 5223 3767 5282 Δι

2193 5311 2293 5349 ms.
2322 5296 2453 5364 Reg.
2483 5312 2604 5350 cum
2633 5295 2790 5350 editis
2818 5307 3064 5364 quatuor,
3096 5297 3365 5349 occideret.

2262 5366 2338 5432 (ά)
2367 5365 2461 5419 Ms.
2494 5366 2668 5428 Vien.,
2693 5367 2894 5419 misera;-
2920 5367 3073 5432 famis
3102 5376 3263 5418 morte
3290 5364 3485 5418 arebat.

2269 5436 2339 5504 (ε)
2373 5435 2467 5504 Ms.
2495 5433 2647 5488 “en.
2672 5444 2725 5488 et
2753 5436 2879 5489 edit.
2908 5433 3082 5499 Grin.,
3110 5434 3413 5488 audivimus.

2268 5503 2334 5574 (ί)
2366 5503 2579 5574 γγενιενε
2606 5520 2703 5573 pro
2749 5514 2996 5569 evertere,
3036 5504 3260 5570 simplex
3299 5520 3395 5573 pro
3425 5503 3763 5574 composito:

2196 5571 2336 5641 quod
2363 5573 2585 5627 Paulino
2609 5571 2871 5628 familiare
2896 5581 2997 5641 est,
3025 5582 3082 5628 et
3109 5571 3358 5628 usitatum
3387 5571 3549 5629 semel
3580 5581 3636 5627 ct
3662 5573 3765 5627 itc-

2200 5659 2313 5697 rum
2344 5644 2396 5697 in
2424 5658 2587 5698 carm.
2620 5641 2708 5695 52.
