4006 6180
419 313 519 368 271

1542 299 1595 355 S.
1636 298 1906 353 PAULINI
1948 296 2195 353 NOLANI
2235 294 2541 352 EPISCOPI

3577 296 3679 349 9.72

418 422 559 477 enim
587 418 697 473 suis
724 415 898 470 anima
933 422 988 469 et
1018 412 1322 484 implicatur
1350 420 1403 465 et
1429 412 1707 480 premitur.
1736 408 1891 476 Quod
1921 408 1998 478 (a)
2029 416 2072 472 Α
2102 418 2445 473 aeternorum,
2465 417 2520 463 et
2544 408 2673 463 dicit
2701 426 2712 460 :
2744 406 2921 462 Nolite
2935 422 3163 478 quarere
3182 423 3297 477 qua:
3315 409 3366 461 in
3388 408 3480 461 hoc
3496 411 3682 463 mundo

419 511 555 564 bene
583 507 777 576 probat
806 504 1094 571 Propheta,
1118 502 1209 570 qui
1237 501 1363 557 dicit
1390 518 1402 552 :
1436 499 1882 568 Superpasuerunt
1904 498 2005 550 ini-

426 601 635 672 quitates
670 598 745 668 (b)
776 613 902 650 mea:
925 593 1018 665 (V.
1043 603 1156 648 not.
1191 591 1281 662 84)
1311 599 1464 661 caput
1492 606 1681 653 meum,
1710 590 1840 642 sicut
1878 603 2005 642 onus

425 707 577 762 grave
598 699 824 761 gravata:
839 697 956 739 sunt
971 702 1121 755 super
1136 700 1213 737 me
1236 696 1280 733 η.

500 780 588 832 2|.
632 777 795 833 Vides
824 792 984 845 quam
1028 790 1215 843 graves
1262 774 1457 827 haheat
1503 780 1755 841 peccator
1798 784 2001 825 comas.

427 872 520 937 At,
550 871 636 925 cui
677 885 832 924 coma
875 868 1115 922 Christus
1146 875 1260 929 est,
1306 866 1438 920 levis
1485 873 1540 919 et
1586 865 1804 918 volucer
1830 862 2010 925 exsul-

426 970 507 1016 tat
539 970 584 1025 α,
618 960 802 1015 dicens
834 977 846 1011 :
877 957 1036 1021 Deus,
1066 957 1153 1027 qui
1177 956 1450 1025 praecinxit
1479 971 1560 1007 me
1601 955 1804 1017 virtute,
1840 961 1889 1005 et
1916 969 2012 1021 po-

430 1052 532 1103 suit
563 1047 945 1102 immaculatum
975 1048 1107 1099 viam
1134 1060 1299 1097 meam
1324 1060 1339 1096 :
1362 1044 1446 1113 qui
1470 1043 1682 1113 perfecit
1701 1041 1855 1109 pedes
1877 1055 2014 1093 meos

431 1148 694 1209 tamquam
725 1137 794 1207 (c)
826 1138 991 1200 cervi,
1036 1145 1085 1189 et
1112 1152 1263 1205 super
1291 1134 1491 1187 excelsa
1534 1134 1711 1185 statuit
1741 1148 1821 1184 me
1846 1130 1893 1183 δ.
1919 1128 2015 1183 Ju-

433 1242 559 1295 gum
589 1228 763 1292 enim,
797 1235 855 1280 ut
883 1225 1013 1291 dixi,
1045 1232 1100 1279 et
1128 1240 1281 1278 coma
1303 1224 1497 1278 Christi
1545 1223 1675 1276 levis
1704 1230 1786 1275 est
1816 1232 1863 1287 ο,
1893 1219 2015 1289 quia

431 1320 729 1374 servientes
759 1317 975 1371 Christo
1001 1330 1286 1384 operantur
1311 1314 1474 1380 bona,
1502 1314 1695 1381 quibus
1724 1310 1942 1381 pennati
1967 1310 2018 1362 in

433 1412 539 1465 alta
583 1409 945 1479 provehimur.
982 1406 1132 1461 Unde
1161 1406 1322 1459 etiam
1353 1405 1405 1458 in
1452 1418 1610 1459 carne
1641 1403 1827 1473 positis
1867 1400 2020 1453 Chri-

432 1503 621 1557 stianis
650 1500 936 1570 Apostolus
962 1499 1129 1553 dicit:
1166 1498 1267 1551 Vos
1300 1508 1467 1551 autem
1499 1499 1613 1567 jam
1653 1514 1756 1550 non
1797 1497 1920 1549 estis
1967 1497 2022 1548 in

434 1611 609 1658 carne,
642 1594 730 1647 sed
774 1593 829 1644 in
859 1591 1044 1660 spiritu
1074 1586 1121 1642 δ.
1155 1588 1407 1657 Subjecta
1456 1589 1595 1643 enim
1642 1587 1867 1642 subdita)
1912 1585 2023 1640 Deo

438 1684 632 1735 anima:
660 1695 786 1735 caro
816 1681 1007 1733 transit
1030 1679 1081 1731 in
1107 1679 1371 1747 spiritum,
1405 1694 1513 1732 non
1542 1676 1853 1732 substantia:
1876 1691 2023 1729 com-

441 1770 761 1833 mutatione,
787 1767 881 1822 sed
920 1768 1059 1821 vitm.
1092 1767 1275 1835 Itaque
1303 1775 1359 1821 et
1385 1774 1615 1820 mortem
1644 1765 1773 1818 mihi
1802 1764 2023 1819 Samso-

441 1862 525 1915 nis
549 1869 603 1915 et
625 1861 920 1915 cmcitatem
949 1859 1095 1923 volo,
1128 1866 1185 1912 ut
1211 1860 1384 1912 vivam
1412 1867 1466 1913 et
1492 1857 1701 1911 videam
1727 1855 1859 1911 Deo.
1893 1856 2028 1909 Nam

442 1951 670 2006 forsitan
707 1951 785 2021 (ά)
817 1950 906 2003 ille
934 1949 1165 2017 receptis
1193 1956 1414 2017 propter
1442 1948 1679 2001 futurum
1716 1945 2029 2016 mysterium

441 2043 495 2095 in
526 2055 679 2096 coma
707 2039 939 2101 viribus,
989 2038 1141 2107 133
1172 2037 1412 2105 recipere
1449 2035 1635 2098 simul,
1668 2041 1725 2087 ut
1753 2034 2028 2100 amiserat,

442 2133 630 2187 oculos
669 2131 787 2184 ideo
819 2145 923 2182 non
955 2127 1295 2193 desideravit,
1331 2127 1455 2195 quia
1485 2127 1656 2179 virtus
1685 2125 1772 2178 illa
1797 2124 2032 2179 cmlestis

443 2224 628 2290 gratia:
656 2221 880 2275 internis
926 2234 1057 2273 sana
1085 2218 1373 2271 luminibus
1401 2230 1663 2285 corporeo
1704 2230 1811 2268 non
1841 2214 2034 2280 egebat

445 2314 656 2368 obtutu.

514 2401 602 2454 22.
644 2398 759 2454 Hoc
788 2399 947 2467 igitur
969 2395 1217 2466 exemplo
1239 2404 1293 2450 et
1320 2412 1419 2450 nos
1446 2394 1714 2450 contentis
1742 2392 1807 2447 ad
1848 2391 2033 2447 Domi-

446 2506 573 2545 num
594 2487 1118 2552 sensibus,carnales
1139 2486 1320 2541 oculos
1342 2484 1661 2540 sccularium
1682 2498 1859 2537 rerum
1882 2497 2036 2536 aver-

446 2583 600 2636 sione
624 2594 905 2642 caecetnus,
939 2577 1132 2645 quibus
1171 2574 1354 2631 orbari
1378 2574 1639 2645 pr0pheta
1669 2570 2030 2636 desiderabat,

449 2688 572 2728 cum
597 2672 819 2726 diceret:
838 2670 1018 2723 Averte
1040 2668 1212 2722 oculos
1233 2683 1369 2721 meos
1396 2684 1459 2719 ne
1483 2665 1683 2719 videant
1698 2663 2030 2718 vanitatem".

451 2763 520 2818 Et
548 2762 806 2817 Dominus
845 2761 958 2830 ipse
987 2759 1157 2814 oculis
1188 2758 1491 2813 Judazorum
1521 2757 1814 2812 caecitatem
1844 2752 2036 2824 praefe-

451 2868 595 2918 rens,
625 2852 753 2907 dicit
783 2868 796 2903 :
829 2850 892 2905 Si
920 2851 1039 2904 caeci
1066 2851 1261 2912 essetis,
1292 2859 1556 2918 peccatum
1585 2865 1689 2903 non
1717 2847 1969 2902 haberetis
1988 2844 2029 2900 ί.

452 2942 879 2997 Reminiscamur
903 2955 1008 3009 qua
1034 2940 1271 3009 pernicie
1297 2940 1401 2993 illis
1422 2939 1473 2992 in
1495 2937 1745 3009 paradiso
1766 2938 1908 2993 oculi
1927 2937 2036 2992 sint

452 3036 644 3107 aperti,
662 3049 798 3105 quos
812 3033 1017 3087 tamdiu
1033 3033 1335 3087 habuerunt
1368 3032 1697 3087 illuminatos
1710 3032 1841 3096 Deo,
1853 3046 2035 3100 quam-

2106 508 2252 563 sunt;
2283 500 2513 569 prwterit
2551 502 2687 551 enim
2723 498 2875 568 hujus
2905 498 3081 551 mundi
3125 498 3295 568 ﬁgura
3327 509 3373 549 t.
3406 496 3471 550 Et
3498 498 3684 551 iterum

2110 590 2248 643 idem
2283 607 2295 642 :
2328 588 2457 651 Qua!
2499 605 2701 642 sursum
2739 597 2857 642 sunt
2884 587 3230 659 quwrite,-ubi
3259 586 3491 641 Christus
3520 599 3594 641 est
3621 588 3685 640 ad

2110 680 2373 732 dexteram
2399 678 2573 731 Patris
2594 677 2637 730 ιι.
2674 678 2864 731 Omnia
2893 680 3049 746 enim,
3075 687 3129 732 ut
3167 677 3513 733 Ecclesiastes
3545 676 3561 715 ι
3595 679 3685 743 ait,

2111 768 2203 823 sub
2238 770 2345 822 sole
2388 770 2608 822 vanitas.
2635 767 2867 822 Proinde
2904 783 3066 837 super
3092 768 3263 822 solem
3291 770 3506 822 veritas.
3538 768 3612 821 Ita
3638 778 3693 823 et

2113 863 2205 929 qui
2236 863 2288 915 in
2322 863 2547 915 veritate
2574 862 2889 925 consistunt,
2922 861 3022 915 etsi
3054 862 3191 914 intra
3221 860 3476 915 mundum
3516 862 3692 915 vivant

2117 952 2449 1007 habitatione
2501 966 2762 1019 corporea
2787 989 2803 1015 ,
2854 959 3034 1004 tamen
3074 966 3235 1019 supra
3282 950 3538 1004 mundum
3576 960 3695 1005 sunt

2116 1043 2526 1096 conversatione
2555 1042 2778 1096 cmlesti.
2827 1040 2891 1093 Et
2919 1050 3187 1095 astrorum
3215 1042 3441 1106 choros,
3473 1042 3558 1096 vel
3585 1058 3695 1097 cm-

2119 1131 2292 1185 lorum
2322 1133 2475 1200 polos
2508 1134 2575 1202 (f)
2607 1131 2883 1185 evolantes
2920 1132 3110 1200 spiritu
3147 1132 3413 1185 scandunt
3438 1138 3495 1186 et
3521 1148 3698 1202 super-

2122 1224 2339 1287 vadunt,
2365 1224 2726 1290 celsioresque
2749 1224 3029 1276 elementis
3058 1231 3241 1289 agunt,
3272 1238 3381 1276 non
3401 1223 3600 1277 subditi
3626 1238 3707 1277 re-

2120 1314 2221 1368 bus
2242 1321 2296 1367 et
2335 1314 2515 1367 usibus
2542 1314 2951 1376 elementorum,
2983 1313 3078 1368 sed
3120 1311 3281 1367 afﬁxa
3326 1314 3370 1345 ⁸ο
3400 1316 3454 1368 in
3491 1314 3699 1369 Christe

2123 1406 2233 1459 vita
2262 1405 2569 1474 superiores
2598 1405 2796 1458 mundo
2825 1402 2975 1470 ﬁunt,
3008 1414 3289 1460 manentes
3319 1406 3371 1460 in
3413 1422 3479 1461 eo
3508 1408 3600 1475 qui
3625 1414 3705 1461 est

2124 1511 2286 1565 super
2313 1496 2493 1548 omnia
2523 1495 2665 1549 Deus
2688 1494 2999 1549 benedictus
3031 1496 3082 1548 in
3112 1495 3292 1550 secula
3308 1505 3368 1550 ω.

2196 1585 2286 1639 25.
2345 1584 2505 1640 Vides
2555 1585 3009 1653 quemadmodum
3056 1600 3157 1639 nos
3203 1599 3234 1638 a
3280 1586 3597 1641 mortalibus
3642 1586 3706 1641 ad

2127 1677 2295 1733 Deum
2326 1674 2614 1731 transferat
2660 1675 2896 1729 imitator
2921 1674 3122 1730 Christi
3144 1684 3194 1742 υ,
3237 1675 3480 1731 doctrina
3510 1677 3709 1746 pariter

2060 1781 2103 1840 Β
2128 1767 2486 1837 exemploque
2523 1766 2771 1830 virtutis,
2802 1767 3050 1822 auferens
3093 1767 3454 1821 velamentum
3490 1783 3521 1820 a
3552 1767 3710 1823 corde

2132 1866 2316 1913 nostro
2336 1899 2352 1926 ,
2377 1865 2435 1911 ut
2460 1857 2685 1911 revelata
2711 1857 2844 1927 [acie
2871 1858 3270 1927 contemplemur
3295 1858 3518 1929 gloriam
3543 1858 3639 1911 Dei
3662 1868 3707 1923 0;

2130 1966 2251 2019 qua:
2279 1948 2581 2004 inﬁdelibus
2606 1948 2871 2002 velamine
2907 1949 3038 2016 legis
3062 1949 3435 2015 absconditur,
3469 1947 3712 2004 ﬁdelibus

2131 2039 2407 2109 Evangelii
2434 2037 2766 2093 revelatione
2793 2038 3079 2106 detegitur.
3116 2037 3235 2093 iam
3264 2052 3392 2107 ergo
3424 2039 3582 2094 nobis
3626 2038 3713 2093 illa

2131 2132 2333 2187 carnali
2353 2146 2507 2187 coma
2519 2145 2654 2201 opus
2675 2145 2783 2187 non
2803 2139 2903 2187 est.
2931 2130 3116 2185 Vetera
3133 2130 3295 2193 enim,
3323 2130 3516 2198 inquit,
3545 2139 3713 2184 trans-

2133 2226 2338 2291 ierunt,
2381 2233 2431 2278 et
2456 2238 2570 2279 ecce
2598 2242 2733 2280 nunc
2768 2223 2923 2296 13A.
2958 2224 3131 2277 omnia
3154 2240 3284 2277 nova
3310 2223 3352 2255 ⁸¹
3386 2232 3432 2288 P,
3460 2223 3714 2291 quoniam

2132 2323 2369 2367 exortum
2407 2325 2483 2368 est
2511 2317 2565 2368 in
2593 2315 2813 2369 tenebris
2842 2315 3014 2368 lumen
3042 2314 3193 2366 rectis
3223 2313 3395 2378 corde,
3427 2313 3715 2366 misericors

2132 2414 2183 2457 et
2210 2406 2499 2469 miserator,
2534 2415 2582 2459 et
2600 2406 2771 2475 justus
2794 2403 3067 2458 Dominus.
3095 2402 3346 2456 Dominus
3368 2409 3541 2454 autem
3569 2402 3718 2472 spiri-

2136 2503 2215 2547 tus
2244 2505 2337 2547 est.
2374 2494 2472 2548 Ubi
2514 2512 2630 2549 vero
2659 2495 2871 2565 spiritus
2918 2493 3150 2557 Domini,
3200 2493 3271 2545 ibi
3318 2489 3528 2545 libertas
3554 2502 3617 2543 tt:
3667 2499 3720 2545 et

2136 2584 2256 2639 ideo
2302 2592 2431 2639 tunc
2462 2578 2852 2639 honori'l‘uerit
2880 2584 3182 2652 capillatio,
3214 2598 3335 2637 cum
3375 2581 3552 2635 adhuc
3594 2580 3720 2635 illud

2135 2674 2375 2744 spiritale
2404 2675 2647 2730 velamen
2693 2675 2825 2744 legis
2853 2674 3015 2728 etiam
3046 2672 3312 2741 corporali
3356 2671 3545 2725 habitu
3588 2687 3721 2741 pra:-

2136 2766 2262 2821 ferri
2308 2768 2628 2837 Oportebat;
2672 2782 2817 2822 nunc
2860 2766 2971 2835 jam
3002 2766 3154 2821 oneri
3182 2773 3286 2832 est,
3330 2773 3617 2834 postquam
3643 2764 3722 2819 sol

2136 2864 2351 2911 interna:
2379 2856 2642 2911 libertatis
2676 2856 2849 2911 illuxit
2879 2858 2924 2889 ⁵⁸
2952 2896 2966 2921 ,
2993 2863 3049 2911 et
3071 2863 3231 2926 caput
3250 2855 3406 2909 nobis
3440 2854 3619 2908 factus
3644 2861 3722 2909 est

2135 2946 2382 3002 Christus
2405 2988 2420 3011 ,
2452 2948 2544 3016 qui
2584 2956 2684 3001 nos
2720 2956 2775 3002 ut
2811 2951 2953 3015 iugo,
2988 2947 3061 3000 ita
3091 2954 3148 3001 et
3173 2959 3340 3000 onere
3367 2944 3608 3014 capitum
3632 2943 3722 2997 de-

2135 3054 2443 3109 prcssorum
2510 3039 2715 3093 levaret
2747 3049 2767 3075 τ
2796 3078 2810 3093 .
2866 3037 3155 3107 Propterea
3199 3035 3308 3105 jam
3359 3036 3620 3091 audemus
3671 3035 3723 3089 in

444 3129 536 3182 diu
564 3127 774 3182 clausos
811 3126 1047 3179 habuere
1074 3132 1301 3194 peccato
1326 3135 1373 3179 ις.
1405 3123 1537 3177 Nam
1565 3132 1677 3177 tum
1702 3123 1921 3177 demum
1951 3123 2023 3192 (ε)
2055 3135 2099 3197 c
2128 3144 2264 3184 voce
2292 3128 2665 3184 exsultationis
2692 3136 2748 3183 et
2774 3127 3132 3182 confessionis
3155 3136 3204 3194 ³,
3222 3135 3282 3181 ut
3311 3126 3485 3191 liberi,
3509 3124 3718 3195 procla-

448 3217 705 3271 nuditatis
750 3230 861 3269 suae
906 3215 1199 3267 hauserunt
1237 3213 1497 3283 pudorem
1517 3253 1531 3279 ,
1562 3229 1683 3268 cum
1713 3213 1869 3268 bona:
1896 3228 2030 3267 con-

446 3307 685 3363 scientia:
707 3305 1029 3383 castitatem,
1058 3302 1211 3371 cujus
1251 3303 1452 3357 lumine
1477 3303 1864 3367 vestiebantur,
1897 3317 2032 3371 prte-

448 3398 791 3453 varicationis
820 3397 1043 3452 crimine
1066 3396 1430 3466 perdiderunt.
1456 3394 1523 3448 Et
1549 3395 1668 3449 ideo
1686 3396 1798 3448 veri
1818 3394 2033 3448 luminis

448 3489 699 3543 damnum
726 3497 827 3553 est,
857 3486 925 3541 ad
956 3502 1108 3541 usum
1137 3486 1482 3541 tenebrarum
1512 3486 1589 3539 uti
1631 3486 1945 3550 luminibus;
1976 3494 2031 3540 et

448 3579 633 3636 oculos
674 3579 727 3632 in
758 3586 970 3633 terrena
994 3576 1201 3632 deﬁxos
1226 3591 1427 3631 cmcare
1454 3576 1780 3631 coelestibus.
1827 3576 1998 3630 lllumi
2016 3607 2029 3617 -

449 3677 610 3723 natur
634 3677 814 3723 autem
844 3668 1022 3721 anima
1052 3668 1145 3721 tali
1175 3667 1435 3731 ancitate,
1468 3682 1573 3736 qua
1602 3666 1829 3736 despicit
1874 3682 2032 3720 mun-

450 3762 599 3827 dum,
629 3769 688 3815 ut
712 3761 1008 3830 conspiciat
1032 3761 1217 3816 Deum.
1244 3758 1377 3824 Quia
1404 3777 1571 3826 omne,
1600 3760 1788 3829 inquit,
1816 3761 1952 3831 quod
1976 3763 2033 3814 in

450 3852 640 3905 mundo
660 3860 755 3917 est,
780 3852 1195 3922 concupiscentia
1217 3850 1480 3906 oculorum
1501 3860 1578 3904 est
1600 3848 1647 3903 ιι.
1671 3850 1750 3905 01)
1773 3850 1875 3905 hoc
1898 3848 2037 3920 Apo-

449 3944 618 3998 stolus
646 3944 839 3998 obduci
868 3944 1036 3997 aciem
1066 3952 1304 3998 nostram
1334 3943 1459 3997 huic
1491 3942 1690 3996 mundo
1712 3983 1727 4006 ,
1761 3949 1816 3995 et
1843 3941 2033 3996 enubi-

451 4034 550 4088 lari
582 4033 676 4104 (V.
708 4049 874 4088 carm.
905 4034 993 4096 21,
1026 4049 1165 4088 vers.
1199 4032 1324 4101 667)
1365 4032 1581 4086 Christo
1609 4033 1829 4097 docens,
1860 4034 1911 4087 ei
1937 4034 2035 4088 sci-

450 4122 579 4177 licet
605 4124 691 4192 qui
719 4122 975 4176 illuminat
1004 4137 1206 4176 omnem
1234 4122 1489 4174 hominem
1516 4122 1795 4174 venientem
1821 4121 1876 4174 in
1898 4122 2034 4175 hunc

453 4213 702 4265 nitendum
730 4212 771 4275 ί,
805 4212 855 4266 id
877 4211 1169 4278 est,omnis
1196 4210 1426 4265 hominis
1448 4219 1683 4265 mentem
1710 4210 2035 4277 venientem,

2136 3234 2312 3274 mare:
2342 3219 2739 3286 Disrumpamus
2763 3219 2807 3250 ⁵³
2835 3218 3037 3272 vincula
3065 3234 3240 3272 eorum
3264 3258 3279 3282 ,
3310 3226 3359 3270 et
3384 3217 3721 3286 projiciamus

2135 3327 2167 3363 a
2196 3310 2341 3369 mbis
2364 3311 2548 3380 jugum
2569 3312 2796 3379 ipsorum
2821 3309 2864 3362 ί.
2882 3307 3037 3362 Nunc
3058 3307 3200 3362 enim
3222 3317 3415 3376 tempus
3435 3315 3723 3376 acceptum,

2136 3415 2271 3453 nunc
2295 3401 2479 3453 salutis
2507 3400 2614 3453 dies
2636 3408 2684 3465 ιι,
2716 3414 2835 3453 cum
2861 3397 2972 3465 jam
3004 3412 3110 3451 non
3138 3396 3193 3450 in
3220 3396 3406 3449 umbra
3427 3395 3609 3459 nubis,
3633 3394 3723 3448 sed

2136 3490 2190 3544 in
2224 3490 2421 3545 lumine
2467 3490 2709 3559 corporis
2744 3489 2824 3545 sui
2856 3488 3067 3543 Veritas
3111 3487 3281 3541 adest.
3314 3484 3379 3538 Et
3402 3486 3484 3556 (υ)
3516 3497 3722 3555 oppor-

2137 3587 2266 3633 tune
2286 3578 2354 3632 ad
2380 3580 2563 3647 gratia}
2596 3586 2803 3648 tempus
2822 3587 2879 3632 et
2905 3576 3139 3647 speciem
3170 3575 3429 3631 libertatis
3459 3583 3648 3629 tonsor
3674 3576 3724 3627 in

2135 3678 2387 3739 promptu
2417 3678 2517 3732 est,
2549 3669 2641 3738 qui
2672 3683 2770 3723 nos
2798 3677 2855 3722 et
2881 3667 3177 3738 prolixiore
3203 3666 3395 3736 capitis
3419 3665 3726 3720 velamento

2137 3762 2302 3826 levet,
2352 3768 2408 3813 ut
2450 3760 2635 3827 gratia:
2682 3759 2935 3829 spiritalis
2981 3756 3300 3813 beneﬁcium
3330 3756 3491 3811 etiam
3530 3770 3727 3825 corpo-

2136 3851 2266 3905 ralis
2304 3849 2474 3903 forma
2505 3857 2748 3915 testetur,
2779 3858 2835 3903 et
2864 3850 2918 3903 in
2944 3847 3205 3903 libertatis
3233 3847 3457 3901 interna:
3484 3844 3726 3899 laetitiam

2139 3941 2403 3996 serenitas
2432 3941 2683 3995 revelata:
2704 3940 2893 3995 frontis
2922 3949 3177 3995 ostentet.

2212 4029 2302 4084 24.
2339 4030 2576 4084 Feminis
2604 4039 2810 4085 tantum
2839 4045 3048 4086 comam
3076 4028 3368 4099 apostolica
3400 4028 3477 4099 (h)
3507 4026 3729 4097 reliquit

2145 4121 2467 4185 auctoritas;
2499 4121 2623 4189 quia
2667 4122 2770 4175 etsi
2807 4121 2935 4191 ipsis
2971 4136 3077 4175 una
3110 4120 3390 4175 nobiscum
3418 4117 3549 4173 ﬁdes
3575 4119 3728 4173 vela-

2149 4216 2391 4263 mentum
2420 4210 2599 4264 cordis
2630 4212 2691 4282 (i)
2724 4218 2973 4264 amoveat
2994 4250 3008 4275 ,
3039 4218 3217 4263 tamen
3247 4209 3595 4276 tegimentum
3634 4222 3728 4262 ca-

452 4304 709 4359 sollicitat
755 4318 855 4356 nos
899 4303 967 4356 ab
993 4310 1212 4372 aspectu
1254 4302 1594 4371 pnesentium
1636 4302 1689 4356 in
1733 4310 2039 4371 suspectum
2069 4297 2121 4357 D
2146 4303 2268 4373 pitis
2291 4342 2305 4366 ,
2335 4310 2390 4356 et
2428 4300 2619 4357 frontis
2644 4302 3043 4369 umbraculum,
3073 4299 3410 4356 verecundia:
3437 4299 3603 4354 decus
3632 4313 3729 4369 po-

531 4449 554 4475 ιι
586 4438 725 4492 Psal.
762 4453 964 4497 xxxvii,
998 4437 1051 4491 5.
1126 4437 1153 4476 δ
1182 4438 1324 4493 Psal.
1359 4455 1486 4502 xvn,
1518 4438 1605 4492 5‘5.
1683 4450 1704 4476 ο
1738 4438 1923 4491 Matth.
1957 4454 2008 4491 χι

2138 4445 2160 4488 ι.
2240 4436 2264 4475 ἀ
2298 4438 2454 4493 Rom.
2486 4454 2605 4506 vm,
2635 4439 2687 4492 9.

453 4508 541 4561 41.

453 4595 490 4641 l,
520 4578 605 4631 14.

620 4518 643 4555 8
662 4508 797 4562 Gen.
817 4524 890 4571 Ill,
924 4508 975 4561 7.

1054 4508 1077 4544 ὴ
1104 4508 1333 4563 lJohan.
1366 4526 1420 4569 ιι,
1452 4509 1537 4562 16.
1624 4507 1633 4545 ί
1663 4507 1855 4561 Johan.
1880 4524 1915 4569 1,
1948 4508 2000 4561 9.

2082 4507 2095 4558 J'
2135 4506 2361 4562 lJohan.
2386 4525 2452 4575 ιι,
2474 4507 2562 4563 25.
2594 4505 2597 4506 ⁷
2641 4510 2664 4546 ιι
2696 4508 2716 4563 l
2742 4508 2866 4563 Cor.
2894 4525 2986 4573 vn,
3017 4508 3079 4561 51
3100 4526 3113 4574 ;
3137 4506 3253 4561 Col.
3279 4524 3331 4571 v,
3362 4505 3411 4559 1.

684 4589 720 4613 ιιι
744 4576 937 4632 Johan.
980 4594 1070 4645 xv,
1102 4578 1163 4641 ἇς
1207 4578 1364 4633 Rom.
1400 4595 1436 4642 ι,
1468 4577 1557 4632 25.
1634 4587 1659 4614 ¹¹
1688 4577 1707 4630 Ι
1735 4578 1860 4630 (301⁵.
1892 4593 1965 4641 XI.
2000 4577 2049 4629 1ο

2767 4448 2789 4476 °
2822 4436 2963 4493 Psal.
2993 4454 3183 4501 cxvm,
3209 4438 3298 4491 57.
3380 4437 3398 4474 ί
3423 4434 3616 4491 Joh‘an.
3652 4452 3728 4504 ιι,

2767 4508 2866 4559 lor.
2894 4525 2986 4559 vn.
3017 4508 3079 4559 5i
3100 4526 3113 4559 :
3137 4506 3253 4559 Col.
3279 4524 3331 4559 v.
3362 4505 3411 4559 1.
3497 4506 3508 4543 ¹
3544 4504 3725 4559 Eccle.

3590 4521 3725 4561 CCIC.

2128 4577 2219 4631 °ll
2255 4576 2383 4632 Cor.
2440 4595 2516 4639 ιιι,
2574 4579 2660 4633 18.
2739 4578 2828 4632 ι)ιί
2857 4578 2981 4631 Cor.
3030 4594 3082 4644 v,
3136 4578 3221 4630 17.
3298 4576 3488 4631 sPsal.
3525 4576 3727 4643 (31,4;

450 4648 644 4704 Joban.
677 4664 749 4712 IV,
772 4648 872 4713 24;
905 4648 945 4701 ll
974 4648 1097 4702 Cor.
1123 4665 1174 4713 v,
1202 4650 1286 4701 17.
1347 4660 1367 4687 τ
1401 4649 1587 4702 Matth.
1621 4647 1797 4711 x1,29.
1878 4656 1897 4681 ⁸
1926 4645 2065 4701 Psal.
2096 4664 2204 4713 xu,
2237 4647 2289 4701 5.
2369 4651 2387 4685 ί
2417 4647 2558 4707 Psal.
2588 4666 2642 4715 ιι,
2667 4650 2720 4703 5.
2796 4657 2821 4683 υ
2852 4648 2893 4701 ll
2921 4647 3048 4703 Cor.
3080 4664 3153 4711 vt,
3182 4646 3233 4699 2.

490 4800 604 4922 ι(α)
636 4800 731 4855 Ms.
767 4800 963 4866 Regius
989 4799 1157 4853 codex
1208 4814 1326 4851 cum
1357 4796 1513 4851 editis
1549 4797 1711 4851 Crav.
1743 4808 1798 4851 et
1825 4796 2037 4865 Schot.,

510 4886 622 4922 ene.

453 4886 622 4937 plene.

527 4938 601 5008 (ὁ)
626 4937 849 4993 Codices
894 4951 1111 5008 omnes,
1151 4953 1312 5008 meas.
1335 4935 1756 5008 Emendavnnus
1783 4952 1908 4989 mem
1935 4953 1953 5008 ;
1986 4935 2038 4988 in

453 5005 681 5077 epistola
725 5008 867 5062 enim
916 5005 987 5058 12
1030 5006 1095 5059 ad
1145 5006 1441 5077 Amandum
1468 5048 1483 5072 ,
1529 5024 1582 5060 ιι.
1616 5006 1701 5071 10,
1751 5008 1801 5060 in
1849 5006 2037 5077 eodem

453 5075 747 5145 scripturae
794 5078 912 5131 loco
959 5090 1146 5130 omnes
1194 5083 1305 5128 tum
1335 5076 1461 5145 editi
1504 5085 1615 5130 tum
1664 5092 1790 5129 mss.
1825 5075 2038 5131 codices

454 5144 763 5202 constanter
808 5147 1007 5200 habent
1051 5147 1189 5199 sicut
1232 5153 1287 5199 et
1334 5144 1646 5200 Psalterium
1678 5146 1975 5200 Romanum
2018 5160 2032 5195 :

454 5215 902 5285 Superposuerunt
929 5217 1223 5286 iniquitates
1250 5231 1377 5286 mea:
1422 5224 1799 5286 caput_meum.
1830 5214 1887 5269 S.
1920 5214 2032 5267 Au-

454 5284 696 5354 gustinus
723 5301 843 5340 cum
871 5284 1039 5339 veteri
1070 5284 1330 5355 Psalterio
1360 5284 1492 5351 legit
1528 5303 1539 5337 :
1576 5284 1877 5355 Iniquitates
1913 5299 2035 5337 mea:

455 5346 767 5409 sustulerunt
815 5364 968 5425 caput
996 5371 1180 5408 meum.
1213 5346 1269 5408 Β.
1305 5346 1647 5419 Ambrosius,
1676 5346 2037 5425 'Superposue-

454 5436 594 5486 runt,
618 5434 674 5480 et
699 5426 958 5496 explicat:
987 5425 1291 5496 Iniquitath
1317 5440 1441 5496 mea:
1460 5426 1927 5496 supertransierunt
1951 5440 2038 5496 ca-

456 5506 559 5566 put
585 5488 786 5550 meum.-
812 5488 906 5566 Et;
926 5488 1183 5564 przete'rea
1232 5492 1485 5566 Paulinus
1522 5488 1708 5549 noster
1754 5495 1909 5562 epist.
1942 5493 2035 5557 40,

459 5564 513 5618 n.
535 5564 595 5630 4,
627 5566 840 5629 scribit,
874 5564 1318 5634 Superposuerunt
1347 5564 1638 5634 iniquitates
1668 5573 1858 5618 nostra:
1882 5571 2036 5633 caput

459 5646 705 5689 nostrum.
738 5635 871 5689 Vide
895 5644 1006 5687 not.
1033 5635 1120 5687 85.

531 5708 599 5774 (ε)
631 5706 705 5760 lta
736 5705 859 5762 alibi
888 5703 1169 5774 Paulinus,
1195 5712 1249 5760 et
1271 5718 1346 5759 src
1369 5719 1495 5760 mss.
1522 5704 1653 5774 Reg.
1682 5712 1736 5761 et
1758 5704 1909 5760 Vien.
1936 5702 2036 5759 Ce-

2144 4799 2243 4854 teri
2276 4800 2506 4864 codices,
2532 4816 2813 4855 cervorum.

2214 4869 2293 4993 (ἐξ)
2324 4870 2687 4940 Expunximus
2714 4870 2859 4933 nihil,
2890 4884 3009 4938 qum
3032 4884 3135 4923 vox
3164 4868 3349 4923 aberat
3381 4883 3411 4922 a
3443 4884 3545 4923 ms.
3576 4870 3732 4925 codi-

2276 4940 2514 4993 iennensi
2539 4951 2593 4993 et
2619 4941 2746 4993 edit.
2774 4939 2984 4993 Schot..
3014 4955 3229 4993 sensum
3257 4940 3397 4993 enim
3428 4939 3673 4993 tollebat.

2142 4954 2203 4993 ce
2227 4939 2514 4995 Viennensi
2539 4951 2593 4995 et
2619 4941 2746 4994 edit.
2774 4939 2984 5003 Schot.,
3014 4955 3229 4994 sensum
3257 4940 3397 4993 enim
3428 4939 3673 4996 tollebat.

2212 5010 2287 5131 fle.)
2328 5010 2402 5091 Ita
2432 5026 2559 5065 mss.
2593 5010 2762 5065 Vatic.
2795 5019 2852 5065 et
2878 5010 3033 5065 Vien.
3057 5008 3195 5063 Ante
3222 5017 3339 5063 erat
3366 5009 3651 5078 pubertatis
3680 5018 3733 5063 et

2249 5090 2409 5131 “alis.

2140 5082 2409 5133 nuditatis.

2216 5150 2284 5219 (f)
2325 5149 2421 5203 Ms.
2468 5149 2625 5217 Reg.,
2668 5149 2899 5219 evolante
2938 5149 3163 5218 spiritu:
3194 5163 3313 5216 quzc
3341 5147 3500 5202 lectio
3529 5148 3731 5203 conﬁr-

2141 5218 2317 5272 matur
2346 5219 2565 5273 inferius
2593 5236 2648 5271 ιι.
2675 5218 2762 5283 21,
2787 5236 2851 5272 ne
2876 5219 3103 5273 excitato
3132 5219 3408 5289 spiritu....
3439 5228 3489 5271 et
3508 5220 3730 5273 scientia

2143 5289 2360 5356 inﬂante
2388 5289 2668 5341 dissiliant.

2220 5361 2298 5428 (g)
2328 5358 2424 5412 Ms.
2459 5358 2591 5425 Reg.
2621 5374 2742 5413 cum
2770 5358 2929 5413 editis
2946 5357 3108 5423 Bad.,
3134 5356 3295 5413 Grav.
3341 5365 3403 5428 et
3423 5357 3634 5424 Schot.,
3675 5368 3729 5412 et

2139 5427 2422 5498 opportune
2451 5428 2521 5479 ad
2551 5429 2792 5498 gratiam,
2818 5438 3032 5497 tempus,
3058 5437 3107 5480 et
3134 5429 3326 5497 species
3347 5427 3596 5482 libertatis
3617 5439 3730 5483 ton-

2139 5500 2246 5551 sori
2262 5499 2314 5550 in
2342 5508 2579 5569 promptu
2607 5508 2702 5551 est.
2728 5498 2823 5552 Ed.
2854 5498 3029 5561 Grin.,
3051 5498 3119 5549 ad
3148 5499 3435 5567 gratiarum
3458 5508 3646 5569 tempus
3673 5508 3725 5552 et

2136 5569 2365 5637 speciem,
2381 5566 2628 5637 libertatis
2650 5570 2847 5623 tonsori
2868 5570 2922 5621 in
2950 5566 3189 5637 promptu
3210 5577 3306 5621 est.

2211 5637 2289 5706 (h)
2321 5635 2428 5707 AEd.
2464 5636 2649 5701 Rosv.,
2680 5638 2941 5707 relinquit.

2212 5704 2278 5778 (ξ)
2313 5704 2401 5763 Sic
2429 5708 2777 5778 manuscripti
2807 5704 3040 5762 codices.
3064 5705 3188 5772 Ed,
3217 5717 3437 5763 amovet.
