4006 6180
263 356 363 410 27:.

1589 353 1919 410 EPISTOLA
1958 353 2142 409 XXIII.

3434 362 3537 416 2'74

260 464 421 518 stnlat
454 481 467 515 :
500 470 558 518 et
600 462 725 519 ideo
749 462 1017 534 perfectus
1045 463 1171 520 ﬁdei
1197 478 1261 519 ac
1287 463 1581 533 disciplina:
1602 464 1856 533 Magister
1881 477 1927 532 Α
1958 470 2095 525 ultra
2124 471 2323 526 vasculi
2366 470 2449 526 sui
2491 472 2622 528 lines
2650 471 2829 542 agenti
2860 475 3009 531 dolus
3037 477 3207 532 hostis
3230 486 3285 532 et
3313 478 3535 548 laqueus

259 558 413 613 docet
445 556 763 612 indecorum
792 558 911 612 viro
933 559 1155 623 crinem,
1187 558 1312 627 quia
1343 556 1588 611 abscondi
1619 574 1721 610 non
1750 574 1847 625 po-

260 658 349 702 test
378 658 539 719 caput
566 651 663 703 uiri
683 649 938 715 Christus,
966 651 1108 720 quod
1138 659 1220 705 est
1246 658 1300 703 et
1329 650 1417 703 illa
1440 666 1598 719 supra
1626 660 1850 704 montem

259 740 519 807 adiﬁcata
548 741 747 804 civitas,
775 741 826 792 in
857 739 1112 804 Ecclesia,
1141 756 1253 812 qua:
1274 757 1457 809 corpus
1485 748 1560 793 est
1590 738 1843 794 Christi“.

258 828 443 896 Itaque
472 829 589 883 viro
621 829 698 900 (α)
727 829 1021 895 dedecens,
1047 829 1255 884 femimc
1283 829 1448 884 decus
1475 838 1557 884 est
1584 847 1596 882 :
1621 844 1740 899 qua:
1760 845 1851 885 ne-

260 918 384 972 mini
415 928 580 988 caput
607 927 721 985 est,
764 920 859 975 sed
887 920 1187 976 honestatis
1210 920 1356 975 cultu
1384 929 1543 975 ornat
1568 921 1761 985 virum,
1793 929 1849 976 et

257 1010 503 1078 corporis
542 1010 758 1075 seriem,
804 1025 922 1079 quae
965 1027 996 1065 a
1037 1013 1215 1081 capite
1254 1010 1449 1066 Christi
1484 1011 1614 1075 Deo,
1645 1019 1702 1066 et
1745 1011 1848 1066 viri

256 1097 495 1166 Christo,
526 1108 581 1155 et
608 1100 849 1157 mulieris
879 1101 995 1156 viro
1028 1102 1245 1167 texitur,
1274 1101 1427 1171 quasi
1458 1101 1511 1155 in
1541 1100 1849 1155 fundamen-

260 1201 365 1246 tum
396 1192 576 1247 locata
622 1200 906 1248 sustentat.
940 1191 1045 1248 Sed
1077 1208 1199 1248 eam
1231 1207 1445 1262 quoque
1486 1208 1583 1262 per
1619 1207 1845 1247 consor-

261 1282 385 1336 tium
409 1283 676 1352 corporis,
692 1284 1164 1351 membrorumque
1180 1290 1469 1349 texturam,
1482 1282 1847 1352 participem”

259 1381 308 1427 et
327 1374 528 1430 summi
547 1373 737 1443 capitis
767 1372 895 1428 facit
922 1371 1166 1428 Christus
1197 1390 1209 1425 :
1235 1373 1285 1426 in
1312 1387 1421 1441 quo
1449 1389 1542 1425 nec
1564 1374 1843 1440 masculus,

259 1480 346 1518 nec
382 1466 585 1536 femina
613 1464 640 1504 ιι
666 1482 870 1521 sumus.
914 1465 1157 1533 Habeant
1204 1481 1336 1521 sane
1381 1465 1621 1534 capillos,
1653 1464 1846 1533 quibus

258 1554 402 1623 juxta
433 1555 579 1609 illam
608 1556 970 1624 evangelicum
999 1556 1355 1625 peccatricem
1387 1556 1610 1624 vestigia
1648 1554 1846 1610 Christi

260 1646 328 1711 (ὁ)
359 1654 640 1714 tergeant,
683 1655 739 1702 et
782 1648 1059 1717 sapientia:
1103 1647 1327 1716 pedibus
1373 1647 1753 1716 implicentur:
1787 1657 1846 1702 ut

258 1736 394 1790 aliud
422 1736 528 1790 nisi
558 1737 876 1806 sapientiam
905 1751 1109 1804 amare,
1141 1736 1240 1790 nisi
1277 1736 1530 1791 virtutem
1568 1737 1839 1808 amplecti,

259 1825 352 1879 nisi
380 1825 700 1896 pudicitiam
738 1826 967 1881 osculari
997 1826 1276 1891 nesciant;
1301 1834 1357 1881 et
1386 1835 1445 1880 ut
1468 1835 1712 1882 extremo
1740 1828 1847 1883 sal-

261 1926 359 1972 tem
406 1932 537 1971 rore
564 1917 716 1972 verbi
760 1918 997 1973 caelestis
1038 1932 1270 1987 aspersm
1302 1918 1519 1972 dicant:
1555 1917 1661 1973 Ros
1708 1921 1846 1973 enim

261 2013 277 2077 (
299 2008 357 2062 ν.
383 2018 501 2063 not.
529 2008 601 2063 85
622 2014 661 2077 ),
691 2011 776 2080 qui
816 2009 908 2063 abs
940 2019 987 2063 te
1012 2018 1106 2074 est,
1150 2010 1350 2063 sanitas
1374 2019 1451 2062 est
1479 2008 1624 2064 nobis
1652 2020 1698 2063 ε.
1730 2010 1851 2065 Sint

261 2100 571 2155 mulieribus
612 2101 812 2155 nostris
846 2115 1035 2164 comae,
1064 2100 1383 2169 spiritalium
1413 2108 1534 2154 acta
1568 2101 1846 2163 virtutum,

262 2190 889 2258 jejunia,misericordi:c,
918 2191 1211 2247 orationes.
1237 2190 1393 2244 Tales
1421 2190 1565 2245 enim
1595 2200 1650 2245 et
1677 2192 1849 2245 virum

262 2285 442 2340 decent
468 2286 669 2341 crines.
694 2284 858 2340 Ornet
900 2301 994 2341 eas
1033 2283 1230 2340 Christi
1270 2285 1461 2352 gratia,
1494 2300 1600 2338 non
1628 2284 1848 2353 capilli;

261 2377 515 2430 castitatis
581 2390 831 2445 gemma,
889 2391 997 2431 non
1057 2374 1252 2444 lapidis
1280 2375 1345 2439 ⁸³;
1399 2382 1455 2428 et
1501 2389 1727 2443 operum
1791 2374 1847 2427 in

263 2468 351 2533 his,
384 2485 496 2523 non
528 2468 758 2523 odorum
794 2470 946 2540 135
977 2467 1179 2535 fragret
1205 2474 1558 2535 unguentum.
1590 2465 1849 2521 Memine-

263 2560 360 2613 rint
388 2575 516 2615 esse
542 2576 603 2615 se
633 2560 771 2613 filias
800 2560 941 2614 illius
969 2559 1095 2628 ﬁlim
1122 2559 1277 2627 regis,
1309 2558 1460 2625 cujus
1491 2556 1656 2628 gloria
1686 2558 1854 2611 omnis

263 2651 319 2703 ab
338 2652 477 2705 intus
496 2648 525 2687 ἀ
548 2658 652 2706 est.
676 2650 981 2718 lutelligant
1003 2665 1100 2704 cur
1121 2649 1239 2702 illas
1261 2648 1554 2717 Apostolus
1573 2647 1851 2716 prolixiori

264 2744 446 2812 capitis
464 2744 779 2797 velamento
808 2743 914 2810 tegi
938 2742 1157 2811 jusserit
1188 2758 1200 2793 :
1226 2740 1451 2812 Propter
1471 2739 1681 2810 angelos
1703 2748 1748 2802 ε,
1774 2738 1854 2792 in-

265 2834 389 2900 quit,
422 2834 550 2888 illos
578 2833 825 2888 videlicet
855 2833 921 2885 ad
952 2832 1320 2887 seductionem
1360 2836 1598 2900 paratos,
1627 2828 1696 2883 de
1736 2828 1856 2898 qui-

266 2923 356 2977 bus
382 2924 560 2978 sancti
577 2922 916 2992 iudicabunt.
950 2921 1015 2975 Ili
1041 2921 1184 2976 enim
1206 2920 1541 2990 petulantius,
1564 2917 1855 2973 inﬁrmiora

266 3029 386 3068 vasa
416 3020 753 3084 pertentant,
786 3012 926 3067 sicut
954 3026 1062 3066 non
1093 3010 1285 3074 Adam,
1316 3009 1408 3063 sed
1450 3007 1617 3062 Evam
1639 3008 1858 3062 coluber

266 3121 547 3175 aggressus
574 3103 717 3160 esti.
748 3104 894 3159 Unde
920 3104 1081 3159 etiam
1103 3104 1300 3157 docere
1330 3102 1382 3157 in
1405 3101 1644 3157 Ecclesia
1672 3101 1856 3170 probi-

268 3199 455 3253 bcntur
482 3209 534 3266 ε,
563 3214 632 3253 ne
660 3198 898 3253 exaltato
917 3196 962 3229 ⁸⁸
991 3196 1182 3266 spiritu
1208 3194 1424 3251 decreta
1455 3192 1734 3262 sapientiae
1756 3207 1854 3247 au-
1883 3204 1929 3265 ο

270 3290 423 3346 deant
450 3290 673 3355 intueri,
703 3295 759 3343 et
788 3289 858 3356 (ο)
902 3287 1125 3343 scientia
1156 3284 1376 3340 inﬂante
1403 3283 1686 3338 dissiliant.
1719 3282 1856 3339 Pro-

270 3378 405 3435 fecto
428 3382 575 3436 enim
610 3381 755 3434 valet
782 3381 825 3413 ³⁵⁷
842 3379 907 3433 ad
938 3378 1309 3434 confusionem
1338 3375 1717 3447 malorum(V.
1743 3384 1853 3430 not.

267 3471 392 3541 86),
435 3474 481 3529 si
523 3472 750 3527 videant
798 3471 1077 3525 mulierem
1128 3483 1318 3524 sensus
1370 3482 1498 3521 suos
1544 3466 1859 3534 ignorantiae

266 3566 443 3634 specie
472 3580 573 3636 per
615 3562 886 3619 silentium
927 3568 1110 3628 tegere
1134 3599 1148 3622 ,
1180 3558 1515 3627 disciplinam
1556 3556 1859 3613 intellectus

267 3656 342 3709 sui
370 3654 686 3711 verecundo
715 3652 903 3707 habitu
941 3648 1205 3714 confiteri,
1248 3656 1307 3702 ut
1354 3662 1461 3701 non
1504 3644 1699 3699 audeat
1744 3659 1860 3699 ser-

268 3762 394 3816 pens
462 3746 779 3803 tentandam
826 3758 1012 3799 rursus
1067 3740 1284 3811 aggredi
1330 3737 1710 3809 deSperatione
1762 3753 1857 3792 ca-

269 3837 492 3905 piendm.

332 3929 422 3984 25.
467 3929 586 3983 Non
616 3928 811 3984 frustra
839 3936 1016 3983 autem
1045 3927 1149 3981 hoc
1171 3940 1238 3981 eo
1257 3923 1593 3994 potissimum
1616 3928 1861 3991 tempore

266 4019 377 4076 fieri
416 4021 620 4075 debere
650 4020 939 4088 Apostolus
963 4020 1124 4074 docet
1146 4016 1194 4083 δ,
1225 4032 1343 4071 cum
1373 4023 1465 4069 aut
1492 4021 1613 4069 oret
1640 4013 1857 4079 mulier,

266 4121 354 4166 aut
381 4114 697 4182 prophetet.
715 4111 864 4166 'I‘nnc
887 4111 1029 4166 enim
1049 4109 1199 4163 venit
1228 4108 1281 4161 in
1310 4106 1529 4176 spiritus
1550 4104 1860 4172 conceptio-

265 4219 385 4259 nem
420 4222 434 4257 :
471 4214 524 4259 et
551 4202 673 4257 ideo
701 4212 829 4257 tunc
854 4203 1023 4270 magis
1046 4200 1246 4255 excitat
1274 4196 1555 4251 tentatoris
1578 4194 1855 4257 invidiam,

265 4309 382 4348 cum
426 4296 483 4348 in
514 4294 685 4347 virum
715 4291 1008 4362 perfectum
1040 4290 1249 4359 spirans
1285 4288 1398 4341 exit
1428 4285 1683 4339 terminos
1710 4278 1860 4335 infir-

263 4384 470 4438 mitatis
499 4399 630 4437 sum.
663 4382 814 4448 Quod
845 4389 1024 4435 autem
1056 4379 1195 4434 etde
1223 4378 1468 4433 oratione
1493 4375 1679 4429 eadem
1712 4371 1858 4441 Apo-

262 4477 431 4531 stolus
465 4490 586 4545 quae
613 4483 668 4529 et
698 4474 765 4528 de
804 4471 1088 4543 prophetia
1120 4470 1301 4532 sentit,
1333 4484 1440 4522 non
1471 4467 1663 4520 mirum
1689 4505 1704 4524 .
1735 4478 1856 4518 cum

264 4576 314 4620 ct
346 4568 460 4621 alio
491 4567 613 4621 loco
642 4565 788 4620 dicat
816 4566 957 4620 orari
988 4563 1177 4633 Spiritu
1212 4578 1223 4613 :
1253 4576 1374 4613 nam
1405 4566 1460 4612 et
1486 4574 1600 4610 cum
1625 4572 1854 4621 oramus,

262 4659 461 4727 inquit,
495 4656 924 4727 quemadmodum
966 4656 1068 4725 peti
1112 4652 1293 4705 debeat
1328 4665 1424 4703 nos
1464 4649 1736 4710 nescimus,
1771 4646 1861 4698 sed

263 4751 370 4817 ipse
396 4766 499 4803 nos
530 4748 760 4818 Spiritus
791 4748 956 4801 docet.
998 4745 1165 4813 Igitur
1194 4741 1318 4812 quia
1350 4748 1405 4794 et
1436 4739 1488 4792 in
1518 4737 1762 4792 oratione
1804 4736 1863 4789 fit

263 4840 554 4910 conceptio
576 4839 850 4908 spiritalis,
885 4852 950 4890 ne
990 4835 1127 4903 quis,
1154 4836 1211 4887 ut
1233 4832 1491 4900 scriptum
1521 4835 1621 4890 est,
1651 4824 1862 4879 mulieri

333 4983 359 5009 ⁸
392 4972 591 5027 Matth.
618 4988 672 5035 v,
708 4969 803 5035 M;
836 4968 856 5022 I
886 4967 1013 5023 Cor.
1044 4983 1114 5031 ιιι,
1147 4966 1200 5031 '5;
1220 4965 1355 5035 Eph.
1382 4981 1417 5028 ι,
1442 4962 1529 5016 22.
1607 4960 1633 4999 δ
1658 4962 1787 5025 Luc,
1812 4976 1853 5013 Vl

439 5042 458 5077 ι
509 5042 623 5077 Ωιι..
680 5056 735 5077 m
790 5039 810 5077 Ι
919 5048 943 5077 ιι
974 5037 1135 5077 Iﬂnr,
1168 5052 1255 5077 nu
1299 5035 1399 5077 2H.-
1443 5033 1459 5077 I
1492 5031 1628 5077 Tim-
1665 5048 1699 5077 ιι
1726 5070 1740 5077 -
1784 5029 1852 5077 1Ξ

1958 4955 2020 5009 ἱ8.
2109 4962 2129 4988 ε
2165 4955 2285 5002 lsai.
2322 4958 2366 4997 χῖ

1958 5036 1975 5061 λ
2015 5023 2032 5077 l
2062 5020 2189 5074 Cor.
2226 5032 2297 5077 χι,
2333 5010 2366 5063 5

790 5029 841 5091 1.
919 5048 943 5086 8
973 5029 1139 5093 ICor.
1168 5029 1400 5099 must:
1442 5033 1459 5086 I
1492 5031 1628 5085 Tim.
1665 5048 1740 5095 ιι,
1784 5029 1869 5082 l2.
1949 5029 1975 5062 ιι
2015 5029 2032 5077 l
2062 5029 2189 5074 Cor.
2226 5032 2297 5079 ιιι,
2333 5029 2386 5063 ῡ.

757 5108 957 5166 1Cant.
989 5124 1042 5169 v,
1078 5106 1161 5167 Il,
1192 5121 1300 5160 sec.
1339 5102 1495 5156 LXX.
1575 5112 1611 5138 ιη
1642 5101 1778 5155 Gen.
1811 5116 1865 5162 ιι,
1902 5096 1987 5151 I2.
2053 5102 2092 5170 _"
2125 5078 2503 5170 tXptiC.'lll‘;vIS.

1713 5148 1925 5224 ῖὶῑὲιὶὶιῖ
1947 5181 2018 5230 ιν,
2048 5161 2097 5224 ι,
2121 5148 2273 5228 juxta
2300 5148 2459 5207 LXX.

1552 5252 1571 5278 κ
1604 5241 1646 5296 ll
1671 5239 1796 5295 Cor.
1828 5256 1902 5304 ιιι,
1930 5237 1984 5289 6.

266 5045 351 5098 10.
439 5042 458 5081 ί
509 5042 646 5097 Cen.
680 5056 756 5105 ιιι,
790 5039 841 5091 1.

268 5113 287 5150 ι
324 5114 458 5169 Luc.
493 5128 595 5172 xu,
621 5112 675 5163 7.

266 5194 293 5233 ει
322 5184 525 5238 Ezech.
555 5198 629 5243 Ix,
662 5179 717 5234 4.
796 5190 817 5217 τ
844 5178 982 5232 Psal.
1025 5193 1097 5240 IV,
1131 5176 1183 5228 7.

266 5262 291 5292 ι
320 5254 463 5309 Gen.
498 5270 553 5308 ιιι
578 5293 593 5316 ,
621 5251 709 5304 20.
786 5259 814 5299 t’
841 5247 996 5303 Cant.
1025 5264 1063 5314 ι,
1096 5246 1145 5312 1,
1176 5260 1285 5299 sec.
1311 5243 1471 5297 LXX.

1261 5184 1280 5208 ⁸
1310 5173 1445 5235 Eph.
1476 5189 1510 5237 ι,
1543 5171 1630 5224 22.

339 5394 419 5461 (α)
461 5391 540 5444 Ita
568 5405 699 5444 mss.
730 5388 887 5455 Reg.,
915 5385 1069 5440 Vien.
1098 5390 1154 5438 et
1181 5381 1310 5437 edit.
1343 5378 1526 5434 Schot.
1553 5374 1695 5429 Editi
1734 5388 1860 5443 qua-

269 5472 417 5529 tuor,
443 5462 685 5514 dedecus.
1139 5523 1152 5529 _
1575 5514 1586 5526 .
1649 5514 1659 5524 _

339 5514 417 5594 lbi
463 5531 603 5584 Edit.
647 5530 835 5593 Rosv.,
864 5532 1081 5596 tergunt.
1126 5523 1194 5576 At
1223 5514 1761 5596 tergeantverissitna
1792 5514 1863 5596 ιρ-

272 5582 407 5667 «ab,
437 5582 581 5670 quin
603 5582 835 5670 inferius:
851 5582 1201 5652 confirmatur
1242 5582 1389 5645 n35?)
1418 5595 1473 5642 et
1500 5600 1666 5641 carm.
1693 5582 1764 5636 52
1792 5583 1859 5638 de

272 5671 434 5725 Oltiln
460 5668 623 5734 Celsi,
654 5686 707 5723 γ.
740 5668 864 5721 54Ξ.
1014 5735 1047 5739 Α
1211 5731 1248 5739 __
1412 5736 1418 5739 _
1457 5728 1514 5739 ...
1676 5732 1686 5739 .
1778 5723 1809 5739 ..

348 5723 425 5795 lc)
465 5740 555 5796 Sic
584 5723 711 5796 mss.
761 5739 973 5796 codices
1014 5735 1169 5803 Reg,
1211 5731 1326 5784 Vat.
1373 5736 1426 5784 et
1457 5728 1607 5782 Vien.
1642 5732 1694 5780 et
1727 5723 1855 5779 edit.

1952 572 2217 625 occurrat,
2247 563 2362 617 vult
2381 564 2671 632 Apostolus
2705 564 2719 602 ί
2755 566 2809 619 in
2833 567 3016 621 habitu
3041 567 3158 635 ejus
3182 570 3390 625 ostendi
3416 586 3534 627 esse

1953 654 2027 708 illi
2064 669 2223 724 supra
2271 664 2433 725 caput
2477 664 2823 725 potestatem,
2853 673 2958 727 qua
3001 667 3217 726 regatur
3253 660 3453 728 pariter
3479 668 3535 716 et

1950 745 2309 800 defendatur:
2350 762 2413 801 ea
2457 747 2572 816 ipsa
2619 748 2917 803 humilitate
2957 749 3134 804 cordis
3174 751 3424 806 virtutem
3457 753 3536 807 illi

1950 836 2277 900 conferente,
2304 852 2407 907 qua
2431 838 2668 892 scientia:
2688 840 3031 909 supercilium
3053 842 3249 911 premit
3270 842 3538 908 guberna-

1950 929 2073 984 culo
2112 928 2446 998 disciplina):
2479 938 2535 983 et
2558 930 2763 984 mavult
2808 932 3017 996 timere,
3047 948 3207 1002 quam
3246 933 3412 987 altum
3443 949 3532 987 sa-

1950 1037 2115 1092 pere;
2148 1022 2311 1077 tutius
2342 1023 2500 1077 tacita
2548 1036 2645 1092 per
2673 1022 2919 1078 timorem
2967 1022 3088 1080 fidei
3112 1066 3125 1090 ,
3154 1039 3315 1093 quam
3366 1026 3536 1095 perita

1950 1130 2071 1169 cum
2102 1114 2301 1181 lingua,
2349 1113 2612 1168 incassum
2642 1129 2893 1183 pressura
2923 1114 3155 1171 frontem
3186 1116 3401 1187 capillo,
3434 1117 3535 1175 nisi

1950 1205 2111 1259 etiam
2141 1204 2346 1274 pudore
2376 1205 2633 1260 velaverit
2664 1206 2679 1255 i
2697 1246 2710 1259 .

2020 1296 2108 1350 26.
2137 1297 2276 1366 Ergo
2306 1297 2358 1351 in
2381 1312 2667 1352 commune
2689 1298 2865 1353 omnis
2888 1298 3065 1352 anima
3091 1298 3403 1353 Studeamus
3426 1298 3529 1353 illis

1947 1387 2200 1441 adornari
2227 1386 2455 1455 capillis,
2478 1400 2614 1455 quos
2639 1387 2776 1441 Deus
2798 1379 3158 1442 numerabiles
3178 1386 3372 1452 habet,
3397 1386 3538 1441 sicut

1948 1482 2062 1549 ipse
2090 1480 2221 1536 dicit
2245 1498 2256 1532 :
2288 1479 2394 1534 Sed
2416 1489 2465 1534 et
2484 1480 2659 1551 capilli
2690 1482 2874 1551 capitis
2903 1482 3055 1534 vestri
3076 1496 3251 1534 omnes
3280 1475 3535 1533 numerati

1948 1583 2067 1627 sunt
2097 1572 2143 1627 κ.
2175 1573 2339 1642 Cujus
2365 1588 2496 1628 vero
2524 1574 2613 1628 ille
2654 1574 2845 1644 capitis
2883 1573 3107 1642 capillos
3146 1572 3316 1639 magis
3345 1585 3535 1624 nume-

1947 1691 2069 1730 rare
2097 1675 2345 1743 dignetur
2366 1689 2526 1743 quam
2554 1672 2668 1743 ejus
2688 1672 2838 1741 cujus
2860 1673 2972 1742 ipse
3001 1671 3219 1726 verticis
3239 1678 3397 1739 caput
3418 1668 3538 1721 est?

1948 1768 2016 1823 de
2044 1783 2151 1837 quo
2180 1766 2375 1821 dicitur
2402 1784 2415 1818 :
2447 1763 2612 1834 Caput
2640 1763 2751 1833 ejus
2780 1772 2833 1815 nt
2864 1779 3045 1815 aurum
3067 1762 3254 1831 cep/ias
3287 1758 3380 1831 (V.
3416 1766 3532 1812 not.

1878 1844 1925 1905 Β
1952 1861 2043 1929 8'7)
2079 1879 2090 1913 :
2124 1874 2231 1928 quo
2255 1858 2472 1913 nomine
2511 1856 2841 1926 probabilius
2868 1854 3084 1923 aliquod
3119 1861 3174 1907 et
3214 1854 3398 1922 purius
3439 1866 3536 1903 au-

1948 1969 2068 2008 rum
2098 1950 2389 2021 signiﬁcari
2416 1958 2567 2019 puto,
2595 1949 2733 2003 sicut
2763 1947 2889 2002 illud
2917 1946 2983 2000 de
3005 1955 3147 1999 terra
3178 1942 3424 1997 Evilathl
3465 1943 3531 1995 ⁸⁸⁸.

1952 2046 2067 2100 Hoc
2095 2044 2238 2099 enim
2267 2058 2457 2096 aurum
2486 2042 2654 2094 forma
2684 2046 2991 2093 sanctorum
3039 2044 3123 2091 est
3148 2046 3207 2100 ω,
3233 2035 3321 2104 qui
3362 2035 3415 2087 in
3444 2049 3536 2088 ca-

1951 2137 2064 2207 pite
2092 2134 2337 2205 corporis
2388 2140 2447 2187 ut
2478 2132 2676 2186 Iumina
2708 2130 2933 2196 micant,
2958 2136 3012 2182 ct
3044 2135 3168 2181 sunt
3196 2143 3377 2179 aurum
3406 2126 3537 2194 igni<

1956 2236 2099 2280 tumn
2132 2225 2261 2279 Deo.
2287 2224 2419 2290 Quia
2446 2222 2698 2277 videlicet
2719 2235 2813 2275 eos
2834 2235 2932 2289 per
2952 2218 3198 2272 examina
3228 2216 3537 2285 passionum

1955 2317 2008 2371 in
2048 2315 2204 2384 hujus
2249 2313 2431 2367 mundi
2471 2311 2688 2367 fornace
2718 2309 3000 2376 conﬂatos,
3037 2308 3192 2378 136
3242 2307 3452 2369 invenit,
3482 2311 3540 2357 ut

1954 2407 2210 2477 scriptum
2240 2412 2321 2460 est
2344 2414 2392 2473 ο,
2439 2405 2622 2475 dignos
2651 2418 2744 2456 se:
2768 2408 2823 2456 et
2852 2401 2904 2454 in
2933 2400 3017 2454 bis
3047 2412 3255 2452 sacram
3298 2395 3540 2462 imaginis

1956 2515 2065 2555 suae
2087 2497 2349 2568 percussit
2364 2507 2650 2561 monetam,
2667 2492 2977 2562 imprimens
3005 2488 3256 2544 cordibus
3277 2493 3331 2541 et
3350 2484 3540 2553 linguis

1955 2606 2143 2645 eorum
2174 2587 2413 2642 veritatis
2448 2601 2558 2639 sum
2584 2585 2807 2639 verbum
2841 2602 2853 2635 :
2887 2581 3212 2648 eosdemque
3259 2579 3403 2648 ipsos
3430 2584 3539 2631 sta—

1957 2694 2113 2739 tuens
2141 2680 2543 2745 nummularios,
2577 2689 2634 2732 ut
2662 2677 2957 2733 secundum
2986 2690 3137 2730 suam
3167 2672 3391 2726 formam
3414 2686 3540 2740 pro-

1957 2778 2163 2833 babiles
2192 2777 2419 2832 Domino
2446 2773 2705 2829 cuderent
2734 2786 3012 2835 nummos;
3041 2775 3095 2822 et
3124 2766 3321 2820 abolita
3351 2764 3418 2819 de
3447 2780 3541 2817 no-

1957 2873 2041 2928 bis
2070 2872 2233 2940 ligura
2265 2868 2508 2932 Caesaris,
2550 2867 2724 2921 vivum
2756 2864 2916 2932 Regis
2960 2861 3145 2916 :ctcrni
3175 2860 3437 2913 numisma
3466 2857 3537 2911 si-

1959 2972 2254 3036 gnarenti‘,
2288 2970 2348 3016 ut
2392 2960 2583 3030 spiritu
2628 2955 2977 3011 redemtionis
3030 2950 3291 3020 inscripti,
3336 2948 3542 3003 cervice

1957 3062 2067 3131 jam
2094 3057 2224 3127 jugo
2273 3053 2461 3115 libera,
2493 3059 2548 3105 et
2593 3047 2780 3103 salutis
2824 3046 2978 3099 titulo
3007 3041 3322 3113 prmmunita
3370 3039 3543 3091 fronte

1960 3128 2278 3208 canerentus
2305 3156 2331 3196 (ι
2364 3162 2377 3198 :
2411 3143 2686 3215 Signatum
2732 3148 2808 3193 est
2853 3151 3006 3205 super
3046 3149 3140 3187 nos
3169 3132 3340 3185 lumen
3380 3128 3543 3182 vultus

1965 3247 2059 3311 tui,
2093 3243 2312 3298 Domine
2338 3251 2382 3294 τ.

2031 3337 2121 3391 27.
2162 3334 2379 3391 Summa
2404 3330 2563 3400 igitur
2583 3342 2684 3398 ope
2710 3325 2975 3382 enitamur
2997 3321 3068 3375 ita
3090 3334 3188 3375 nos
3208 3328 3544 3387 comparare,

1961 3443 2021 3490 ut
2064 3431 2230 3489 divini
2259 3429 2482 3499 capitis,
2514 3424 2657 3495 quod
2698 3423 2852 3477 nobis
2881 3435 2978 3491 per
3004 3418 3229 3486 gratiam
3269 3413 3365 3468 Dei
3390 3411 3545 3465 Chri-

1959 3535 2076 3583 stus
2103 3534 2205 3591 est,
2248 3524 2425 3579 crines
2462 3529 2518 3575 et
2545 3531 2733 3573 aurum
2762 3530 2881 3569 esse
2910 3524 3213 3567 mereamur
3244 3521 3289 3559 υ.
3321 3504 3399 3559 Ex
3430 3504 3546 3574 ipso

1960 3617 2102 3672 enim
2129 3614 2307 3683 capite
2336 3609 2562 3681 pullulat
2610 3606 2698 3661 illa
2736 3604 3014 3665 caesaries,
3047 3599 3115 3653 de
3140 3612 3245 3667 qua
3287 3595 3546 3683 scriptum

1961 3714 2044 3763 est
2073 3708 2090 3743 ί
2129 3724 2141 3759 :
2173 3682 2496 3773 Capillatura
2528 3696 2664 3765 ejus,
2692 3703 2747 3746 ut
2779 3707 2955 3763 greges
2984 3701 3277 3757 caprarum.
3316 3682 3380 3735 Et
3408 3682 3547 3735 bene

1962 3799 2172 3853 illorum
2220 3790 2555 3863 potissimum
2598 3782 2906 3839 animalium
2947 3776 3163 3831 nomine
3200 3773 3541 3839 designantm

1962 3904 2150 3960 greges
2176 3881 2397 3944 Christi,
2434 3890 2664 3947 quorum
2691 3872 2925 3927 maxime
2954 3882 3083 3922 usus
3110 3866 3161 3918 in
3198 3864 3338 3918 lacte
3367 3869 3475 3960 cst-
3468 3870 3544 3960 ‘1‘:

1961 3950 2086 4053 quia
2113 3975 2288 4033 omnis
2315 3973 2405 4042 qui
2434 3971 2509 4039 (ά)
2534 3966 2702 4023 credit
2728 3962 2897 4017 Deum
2923 3957 3213 4053 Cll—ristum,
3240 3961 3404 4053 totum

1964 4042 2146 4129 nitatis
2175 4062 2562 4138 plenitudinem
2592 4058 2644 4111 in
2674 4071 2763 4122 eo,
2793 4066 2954 4122 quem
2983 4048 3144 4102 Pater
3170 4045 3317 4099 unxit
3346 4042 3550 4113 Spiritu

1962 4174 2141 4223 sancto
2168 4173 2215 4228 ν,
2249 4158 2351 4214 fide
2377 4155 2590 4228 pietatis
2614 4148 2974 4219 amplectitur.
3005 4141 3071 4197 Et
3098 4140 3219 4196 ideo
3248 4139 3358 4208 ipsa
3389 4144 3549 4190 mater

1962 4258 2191 4315 amnium
2240 4252 2512 4306 viventium
2543 4255 2588 4309 ι,
2620 4240 2814 4296 Christi
2845 4251 3063 4306 corpus,
3096 4231 3358 4295 Ecclesia,
3388 4241 3550 4282 succo

1962 4351 2178 4425 pietatis
2204 4345 2463 4402 exuberat
2497 4359 2509 4394 :
2543 4346 2597 4394 ct
2629 4336 2762 4391 bona
2789 4332 2945 4425 ubera
2974 4328 3086 4425 ejus
3107 4341 3279 4425 super
3304 4324 3481 4425 vinum
3498 4330 3547 4374 .V.

1963 4415 2018 4501 In
2059 4458 2168 4513 quo
2216 4440 2411 4509 opinor
2452 4428 2768 4500 signiﬁcari,
2800 4423 2944 4493 quod
2980 4417 3302 4514 dulcior-sit
3332 4415 3552 4514 libertas

1965 4505 2149 4609 gratim
2178 4535 2232 4589 in
2255 4505 2412 4585 laete
2455 4518 2852 4581 miSericordim,
2882 4529 3052 4609 quam
3084 4513 3136 4566 in
3170 4510 3308 4609 vino.
3326 4505 3553 4609 justitiam:

1892 4601 1937 4658 D
1966 4594 2099 4699 legis
2122 4623 2425 4683 austeritas.
2461 4615 2657 4669 Littera
2694 4610 2831 4663 enim
2851 4649 2866 4675 ,
2909 4603 3119 4671 inquit,
3150 4598 3335 4699 occidit
3357 4637 3372 4661 ,
3402 4594 3553 4699 vich

1969 4685 2210 4781 ecitsunn
2236 4727 2475 4776 merum;
2506 4707 2717 4778 spiritus
2740 4709 2909 4755 autem
2936 4696 3156 4764 viviﬁcat
3182 4701 3229 4755 π,
3248 4688 3394 4743 vides
3422 4685 3553 4781 uber-

1970 4775 2350 4872 vmunus,
2381 4809 2438 4858 et
2465 4775 2630 4853 laetis
2675 4790 2942 4848 effectum.
2976 4784 3081 4840 Sed
3128 4783 3254 4844 hoc,
3284 4785 3343 4833 ut
3390 4784 3450 4830 tu
3480 4775 3551 4846 (e)

2109 4962 2129 4988 ε
2163 4946 2285 5002 Isai.
2322 4957 2464 5005 tum,
2489 4936 2577 5005 I9.
2635 4929 2678 5005 _d
2708 4928 2848 4984 Psal.
2880 4941 3023 5005 xmnv,
3056 4921 3171 5005 η..
3207 4913 3441 5005 :IICor.
3474 4930 3551 5005 xli,

2501 4984 2580 5058 ivi
2624 5001 2750 5057 Cor.
2794 5015 2867 5061 ιιι,
2922 4984 3019 5048 10.
3088 4997 3101 5043 1
3152 4989 3344 5043 lTim.
3380 5002 3416 5040 ιι
3441 4984 3552 5061 ,Αῼο

2581 5085 2605 5111 υ
2789 5053 2867 5133 in,
2900 5063 2950 5117 5.
2993 5074 3061 5141 ΑΒ
3090 5061 3434 5141 Μαιῑξιηχχιι,

2536 5154 2562 5181 υ
2590 5122 2746 5198 ridi.
2780 5122 2960 5201 mn,
2991 5133 3081 5187 27.
3154 5141 3181 5168 ν
3213 5131 3331 5184 Act.
3367 5142 3429 5189 χ,
3462 5122 3549 5177 58.

1966 5364 2119 5420 Grin.
2146 5362 2198 5415 iu
2230 5368 2401 5424 marg.
2441 5349 2549 5406 Sed
2588 5346 2754 5411 editi,
2794 5340 3007 5397 scicntia
3048 5334 3286 5401 inﬂatce:
3328 5338 3555 5395 utraque

1964 5436 2127 5493 lectio
2157 5436 2439 5504 Γεοθβίθιη
2579 5489 2594 5504 .
2782 5483 2903 5504 413.)!

2037 5483 2122 5576 (di
2154 5483 2240 5576 ita
2255 5483 2355 5576 "1%-
2378 5493 2534 5575 Vile“-
2566 5483 3036 5576 Alili,"_‘?f’ff"'.'....=

2154 5541 2717 5637 iis-Illegiiis-‘cptleit.
2749 5570 2869 5637 cum
2908 5548 3066 5637 editis
3088 5541 3554 5637 ‘lladnhflirarlst

1966 5609 2255 5703 Sthftlt.:'.tll
2286 5609 2803 5703 ‘t'ljtﬂt'lsfllllelllgl;
2819 5638 2989 5678 semen
3019 5618 3183 5671 detur.
3214 5611 3449 5681 Utraque
3480 5609 3549 5664 Ic-

1967 5696 2074 5773 Ειιὸ
2103 5696 2417 5782 plausibilis.
2446 5702 2577 5757 Vide
2600 5706 2713 5753 not.
2740 5696 2824 5749 s7.
