4006 6180
442 337 546 394 275

1561 334 1616 388 S.
1660 330 1933 386 PAULLNI
1970 329 2216 385 NOLANI
2259 324 2564 382 El’iSCOPl

3598 314 3693 368 275

440 448 609 513 magis
627 446 899 515 intelligis,
917 446 1458 517 emendetur(V.not.
1485 443 1914 513 88),quoprima
1940 457 2037 496 na-
2067 448 2110 501 Α
2142 444 2291 507 mini,
2349 441 2461 495 sive
2516 450 2743 498 navem,
2792 435 2896 488 hoc
2938 439 3041 495 est,
3092 427 3380 483 Ecclesiam
3408 442 3501 497 per
3550 424 3696 517 hujus

441 537 711 594 seentium
740 538 966 591 mulctra
986 539 1029 573 δ’
1044 538 1314 592 coalescit.
1334 537 1650 602 Bonaigitur
1665 534 1823 586 ubera
1840 543 1889 601 ³,
1906 548 2028 601 quae

440 638 617 696 pastor
643 628 925 698 bonus,qui
938 646 1030 699 pro
1050 630 1224 682 ovibus
1245 630 1477 681 animam
1496 641 1644 679 suam
1664 624 1893 693 posuitb,
1923 624 2030 680 illis

442 718 705 772 immulsit
722 718 1027 782 infantibus,
1046 717 1115 771 de
1137 732 1363 786 quorum
1386 732 1481 771 ore
1505 715 1726 785 perfecit
1744 713 1953 768 Iaudem
1969 714 2036 766 si-

384 803 389 810 ’
441 806 512 870 bi,
547 815 605 861 ut
627 808 926 861 destrueret
948 808 1216 862 inimicum
1238 808 1384 869 boni,
1404 815 1458 860 et
1479 806 1812 860 defensorem
1834 804 1959 857 mali
1984 813 2031 856 ο.

521 899 608 952 28.
654 900 732 951 Ex
755 901 940 952 harum
962 914 1245 967 caprarum
1272 899 1521 966 gregibus
1550 906 1667 952 erat
1696 897 1785 951 ille
1810 898 1891 950 vir
1912 911 2035 965 gre-

444 987 525 1053 gis
559 989 650 1056 qui
687 988 938 1056 parvulos
964 987 1163 1042 Christi
1190 988 1424 1042 nondum
1449 996 1603 1056 aptos
1630 986 1870 1040 solidiori
1892 986 2033 1050 cibo,

449 1078 654 1131 teneris
685 1077 917 1129 iactabat
946 1077 1232 1139 alimentis,
1263 1078 1456 1144 quibus
1482 1075 1693 1130 dicebat
1724 1093 1736 1126 :
1771 1073 1925 1127 Lacte
1950 1091 2037 1127 vos

451 1169 642 1236 potavi,
687 1184 788 1220 non
817 1184 965 1221 esca:
994 1169 1221 1221 nondum
1249 1170 1387 1221 enim
1414 1168 1680 1231 poteratis,
1704 1167 1794 1220 sed
1826 1182 1915 1219 nec
1942 1166 2039 1218 ad-

454 1259 552 1311 huc
581 1260 791 1325 potestis
816 1256 866 1310 ἀ.
896 1256 1029 1311 Cum
1070 1267 1249 1313 autem
1278 1259 1435 1327 hujus
1462 1258 1613 1317 lactis
1642 1258 1893 1313 alimonia
1919 1271 2037 1310 cre-

453 1349 713 1415 verimus,
745 1349 966 1402 ﬁrmatis
996 1352 1223 1418 primum
1256 1350 1376 1404 ﬁdei
1407 1350 1759 1419 conceptione
1781 1348 2036 1415 vestigiis,

458 1438 825 1492 adolescemus
851 1440 893 1468 ⁵ο
920 1440 972 1493 in
1014 1442 1177 1493 robur
1193 1440 1430 1508 juventa:
1463 1459 1476 1493 :
1508 1450 1563 1494 et
1594 1439 1670 1509 (a)
1710 1440 1915 1493 ﬁrmata
1945 1455 2041 1509 per

459 1528 616 1580 ﬁdem
649 1531 871 1583 caritate
913 1538 1073 1598 atque
1101 1532 1355 1599 patientia
1400 1531 1694 1586 levabimus
1731 1546 1918 1584 manus
1943 1547 2039 1585 no-

458 1626 599 1671 stras
631 1618 680 1671 in
712 1620 978 1673 actionem
1022 1620 1419 1684 robustiorem;
1469 1623 1827 1691 operibusque
1874 1622 2043 1676 virtu-

457 1718 573 1762 tum
602 1712 749 1763 velut
777 1712 896 1765 cibo
938 1711 1158 1766 fortiore
1186 1713 1443 1777 vivemus,
1477 1721 1536 1766 ut
1565 1711 1859 1766 efﬁciamur
1886 1721 1941 1765 et
1968 1713 2041 1766 illi

2136 532 2323 586 mundi
2352 529 2549 584 diluvia
2579 525 2967 593 navigaturam,
2993 519 3219 575 edolatis
3245 517 3406 571 verbo
3432 517 3521 570 Dei
3545 514 3698 585 genti-

2136 624 2238 678 bus
2270 626 2576 682 texuerunt,
2601 629 2655 671 et
2696 616 2750 669 in
2789 626 3103 682 compagem
3145 607 3380 664 caritatis
3419 605 3517 661 ﬁde
3550 602 3701 661 strin-

2138 722 2297 782 gente
2324 710 2666 779 conjunctam
2702 705 2891 759 ﬂuctus
2926 702 3113 758 mundi
3143 699 3295 755 istius
3327 696 3700 766 tmputribiliter

2138 818 2323 860 secare
2350 802 2669 855 docuerunt.
3134 798 3137 803 λ

2208 895 2296 949 50.
2329 891 2435 947 Sed
2487 898 2544 946 et
2596 903 2737 943 nunc
2780 885 2999 941 erudita:
3050 883 3116 938 ad
3160 880 3509 952 apostolicam
3558 876 3696 930 ﬁdem

2140 988 2329 1041 animae
2350 984 2553 1038 abietes
2580 989 2705 1036 sunt
2743 979 2925 1047 nigrae,
2956 985 3013 1031 et
3040 976 3227 1040 bonae;
3259 974 3421 1041 nigra:
3459 985 3581 1024 vero
3602 971 3699 1037 jam

2140 1094 2245 1133 non
2277 1077 2343 1131 de
2383 1083 2630 1145 peccato,
2656 1080 2713 1126 ut
2742 1080 2898 1140 puto,
2924 1068 3200 1137 magisque
3229 1066 3401 1120 adhuc
3424 1063 3507 1118 vel
3534 1062 3597 1117 de
3626 1063 3700 1117 in-

2140 1169 2469 1224 habitatione
2497 1178 2789 1233 corporea,
2824 1162 2907 1216 vel
2953 1161 3020 1215 de
3061 1156 3460 1214 exercitationis
3496 1155 3705 1209 intema:

2141 1261 2293 1332 quasi
2337 1258 2531 1313 bellico
2577 1254 2830 1325 pulvere,
2862 1251 2947 1305 vel
2983 1248 3357 1320 pulverulenta
3398 1244 3587 1300 sudore
3632 1244 3704 1296 ni-

2142 1360 2384 1421 grantes;
2416 1350 2568 1403 bonae
2591 1356 2789 1410 tamen,
2812 1350 3034 1413 propter
3053 1339 3343 1411 spiritalem
3372 1338 3530 1392 etiam
3551 1337 3600 1390 in
3624 1352 3706 1389 no-

2142 1444 2316 1499 ctibus
2344 1454 2629 1510 corporum
2659 1435 3142 1491 conversationem.
3176 1432 3267 1486 Sic
3294 1439 3347 1486 et
3370 1444 3532 1485 naves
3554 1472 3569 1496 ,
3596 1443 3705 1496 qua:

2143 1532 2389 1586 ﬂuctibus
2438 1526 2621 1581 mundi
2677 1530 3029 1593 supernatant
3069 1539 3081 1573 :
3122 1529 3177 1576 et
3227 1520 3330 1575 ﬁde
3383 1520 3513 1581 veri,
3558 1528 3705 1587 atque

2145 1637 2307 1693 opere
2331 1621 2457 1690 justi
2480 1636 2509 1673 a
2533 1618 2755 1680 dextris,
2780 1624 2840 1670 ut
2865 1614 3122 1683 scriptum
3151 1622 3257 1674 est,
3278 1619 3333 1665 et
3356 1610 3597 1673 sinistris,
3621 1622 3705 1661 ve-

2146 1714 2224 1767 lut
2253 1710 2415 1765 remis
2457 1718 2735 1763 armantur
2772 1724 2784 1759 :
2832 1705 2923 1775 qui
2960 1703 3126 1757 verbo
3155 1701 3250 1756 Dei
3278 1702 3434 1770 quasi
3461 1700 3707 1769 guberna—

458 1800 652 1863 crines,
684 1800 749 1852 de
788 1802 979 1868 (nibus
1008 1804 1263 1879 scriptum
1287 1810 1368 1856 est
1392 1814 1414 1838 ⁸
1446 1821 1457 1855 :
1491 1801 1671 1856 Crines
1707 1804 1819 1872 ejus
1851 1802 2040 1856 abietes
2078 1809 2116 1866 Β
2143 1805 2264 1860 culo
2291 1804 2611 1870 diriguntur,
2633 1808 2687 1854 et
2715 1798 2782 1853 ad
2810 1811 2992 1852 auram
3014 1795 3244 1865 Spiritus
3271 1794 3444 1848 sancti
3472 1806 3707 1847 sensuum

457 1889 661 1958 nigrw(
701 1889 759 1943 ν.
784 1900 899 1944 ιιοι.
930 1891 997 1944 88
1029 1892 1104 1945 bis
1130 1894 1169 1961 ),
1200 1895 1333 1945 sicut
1376 1908 1577 1945 corax:
1609 1892 1657 1945 id
1706 1900 1808 1954 est,
1843 1909 2041 1946 corvus.

461 1976 566 2031 Sed
596 1980 767 2033 bonus
808 1981 907 2035 iste
935 1997 1148 2048 corvus,
1183 1998 1280 2037 nec
1310 1983 1397 2036 ille
1428 1983 1493 2036 ad
1523 1997 1701 2036 arcam
1741 1982 2045 2036 revertendi

461 2070 763 2135 immemor,
810 2072 903 2126 sed
949 2073 1034 2126 ille
1068 2073 1319 2141 pascendi
1365 2074 1639 2142 prophetm
1685 2088 1929 2125 memor:
1960 2073 2044 2126 cui

459 2161 598 2215 bene
624 2174 1003 2230 comparantur
1033 2164 1239 2217 illarum
1274 2164 1509 2217 abietum
1538 2164 1715 2217 aemuli
1746 2164 1943 2225 crines,
1979 2162 2046 2217 de

460 2253 653 2321 quibus
688 2254 839 2321 137
870 2252 1022 2318 dicit,
1045 2253 1236 2305 abietes
1268 2256 1413 2305 bona:
1436 2262 1482 2305 et
1506 2256 1667 2319 nigra:
1692 2294 1707 2317 ,
1736 2253 2046 2304 adducentes

460 2357 613 2393 nares
642 2340 850 2395 Tharsis
881 2341 897 2379 τ
926 2358 940 2405 ;
974 2343 1115 2396 unde
1144 2358 1282 2397 nunc
1312 2344 1352 2374 ⁶¹
1387 2359 1555 2397 corax
1586 2344 1685 2396 iste
1714 2359 1820 2395 non
1851 2342 2044 2405 noctis,

462 2430 554 2484 sed
587 2431 801 2485 luminis
820 2447 1013 2486 corvus
1042 2441 1152 2497 est;
1184 2432 1337 2501 cujus
1364 2432 1438 2503 (b)
1466 2433 1663 2487 coloris
1684 2432 1910 2502 speciosi
1940 2432 2045 2485 cri-

463 2538 559 2575 nes
600 2530 725 2576 sunt
751 2541 762 2574 :
795 2522 917 2577 ideo
946 2526 1131 2583 sancti.
1162 2541 1321 2594 genus
1350 2524 1521 2593 regale
1558 2534 1607 2577 et
1648 2522 1967 2576 sacerdotale
1996 2532 2046 2589 ε,

464 2611 660 2680 quibus
686 2612 926 2665 divinum
947 2621 1108 2681 caput
1130 2621 1189 2665 ut
1216 2622 1364 2667 ostro
1392 2612 1573 2681 gloriae
1601 2627 1711 2666 sum
1739 2620 1999 2681 purpurat
2032 2629 2043 2663 :

466 2703 590 2769 quia
613 2710 666 2755 et
688 2702 953 2769 juvenalis
981 2705 1148 2769 gratia
1182 2704 1234 2756 in
1260 2703 1416 2771 hujus
1445 2704 1713 2773 prmcipue
1740 2704 1935 2757 coloris
1957 2718 2049 2757 ca-

464 2793 594 2863 pillo
622 2793 900 2847 ﬁorentem
928 2794 1089 2846 vestit
1116 2801 1349 2848 tetatem.

538 2883 627 2937 29.
671 2883 789 2938 Non
818 2884 1257 2938 dissimulandum
1289 2894 1499 2951 tamen,
1529 2885 1670 2954 quod
1698 2886 1811 2939 avis
1838 2886 1936 2939 ista
1966 2884 2049 2939 in-

469 2974 680 3029 terdum
720 2976 897 3033 forma.
942 2977 1151 3045 peccati
1205 2977 1256 3029 in
1297 2976 1603 3045 Scripturis,
1635 2976 1899 3031 interdum
1925 2991 2047 3044 gra-

468 3066 557 3119 tiae
597 3067 804 3135 species
844 3066 1132 3121 invenitur.
1175 3067 1395 3122 Videtur
1423 3069 1563 3122 enim
1608 3083 1725 3123 esse
1752 3068 2049 3136 mortifera,

2148 1910 2365 1950 suorum
2393 1894 2541 1946 sinus
2561 1889 2799 1960 pandunt
2823 1928 2837 1951 ,
2881 1896 2937 1941 et
2976 1886 3153 1941 cordis
3180 1885 3263 1939 sui
3297 1884 3473 1938 velum
3503 1880 3709 1935 vinculis

2147 1986 2404 2047 caritatis,
2437 1992 2491 2037 ut
2531 1983 2742 2036 funibus
2766 1980 2831 2034 ad
2861 1986 3148 2033 antennam
3173 1976 3219 2008 ⁸⁸
3239 1976 3412 2031 crucis
3437 1975 3707 2041 stringunt.

2148 2078 2214 2131 Et
2242 2079 2404 2131 arbor
2433 2076 2537 2130 illis
2562 2082 2643 2129 est
2670 2074 2815 2143 virga
2843 2072 2906 2124 de
2930 2071 3106 2124 radice
3138 2068 3287 2122 Jcsse
3322 2067 3364 2131 ι,
3408 2082 3527 2137 qua:
3556 2072 3714 2119 totam

2155 2170 2312 2238 138
2340 2166 2583 2235 corporis
2627 2165 2795 2219 nostri
2845 2162 3237 2231 quadriremem
3282 2160 3531 2226 regit;et
3566 2158 3647 2211 cui
3672 2156 3711 2209 si

2143 2260 2297 2328 juxta
2330 2259 2474 2312 illam
2502 2258 2769 2326 poeticam
2798 2254 3052 2315 fabulam,
3078 2253 3129 2306 in
3158 2251 3475 2321 prophetica
3504 2249 3715 2302 veritate

2150 2360 2451 2413 nectamur,
2479 2346 2795 2402 voluntariis
2823 2343 3061 2398 adstricti
3082 2341 3328 2403 nexibus,
3358 2348 3413 2394 et
3442 2337 3717 2394 obstructis

2150 2456 2257 2495 non
2284 2454 2429 2501 cera,
2463 2437 2555 2491 sed
2586 2435 2715 2501 ﬁde;
2745 2448 2919 2503 neque
2946 2432 3209 2501 corporis,
3240 2429 3334 2485 sed
3363 2429 3544 2484 cordis
3580 2426 3715 2481 auri-

2150 2531 2273 2596 bus,
2300 2536 2486 2583 contra
2510 2526 2667 2594 hujus
2693 2524 2873 2578 mundi
2904 2524 3078 2576 varias
3108 2521 3175 2575 ad
3203 2521 3542 2589 capiendum,
3572 2532 3717 2587 pares

2153 2620 2218 2675 ad
2262 2618 2582 2681 nocendum,
2615 2616 2895 2670 illecebras
2926 2615 2970 2644 “
3002 2613 3101 2668 tuti
3142 2621 3198 2666 et
3241 2611 3459 2665 innocui
3484 2609 3725 2677 scopulos

2150 2710 2504 2779 voluptatum,
2528 2706 2678 2776 quasi
2708 2719 2837 2759 saxa
2863 2704 3123 2769 sirenum,
3158 2702 3230 2768 (ε)
3261 2699 3716 2770 ρηειεηεὶιίιηυτ.

2152 2800 2561 2869 Adstringamur
2605 2806 2785 2851 autem
2835 2795 2958 2850 huic
3004 2793 3183 2848 arbori
3211 2792 3337 2847 fune
3380 2790 3718 2852 validissimo,

2152 2894 2317 2949 vincti
2366 2894 2421 2947 in
2463 2906 2578 2961 spe,
2619 2888 2741 2954 ﬁde,
2774 2888 3023 2949 caritate,
3050 2884 3332 2940 credentes
3374 2882 3644 2945 cordibus,
3672 2887 3724 2932 et

2155 2986 2337 3039 oribus
2377 2981 2694 3036 conﬁtentes
2741 2975 3066 3032 individuam
3109 2974 3452 3037 Trinitatem,
3488 2986 3604 3040 qua:
3645 2978 3722 3024 est

2154 3082 2392 3145 spartum
2423 3070 2616 3139 triplex
2643 3110 2658 3133 ,
2689 3067 2833 3138 quod
2864 3081 2969 3121 non
2999 3064 3280 3133 rumpitur.
3316 3062 3430 3117 Hoc
3470 3068 3651 3132 sparto
3673 3067 3722 3113 et

466 3172 587 3208 cum
618 3156 684 3208 ad
707 3156 1023 3223 supplicium
1049 3157 1360 3225 producitur
1388 3158 1670 3225 impiorum
1697 3176 1709 3209 :
1735 3158 1857 3225 quia
1888 3159 2048 3223 mala,
2079 3168 2127 3229 ο
2156 3182 2319 3237 opera
2361 3170 2543 3218 nostra
2599 3170 2864 3223 taxantur,
2896 3172 3004 3226 quo
3033 3164 3087 3211 et
3113 3154 3343 3210 rudente
3384 3152 3511 3208 ﬁdei
3540 3158 3731 3207 nostra:

464 3246 603 3299 sicut
630 3246 885 3313 scriptum
915 3255 1017 3311 est,
1048 3264 1137 3316 per
1165 3248 1329 3299 malos
1367 3248 1578 3316 angelos
1608 3249 1763 3300 mittit
1805 3248 1944 3301 Deus
1976 3245 1999 3283 δ
2034 3266 2046 3300 :

465 3335 549 3388 vel
581 3351 700 3389 cum
732 3336 783 3388 in
806 3336 1007 3389 ultione
1052 3336 1320 3390 maledicti
1351 3336 1547 3389 dicitur
1580 3355 1591 3388 :
1628 3336 1842 3390 Oculum
1872 3339 1957 3408 qui
1986 3339 2051 3390 ir-

466 3425 637 3477 riserit
660 3423 703 3452 5'
720 3434 919 3493 patrem
940 3434 988 3477 ct
1010 3434 1242 3488 matrem,
1266 3426 1511 3493 e/fodiant
1542 3443 1652 3479 cum
1683 3428 1817 3479 corvi
1848 3428 1910 3479 de
1931 3444 2052 3479 con-

467 3512 682 3566 callibus
722 3512 762 3565 ί.
797 3512 1099 3568 Laudabilis
1128 3523 1308 3568 autem
1339 3515 1525 3569 eadem
1548 3516 1659 3569 avis
1680 3516 1761 3570 vel
1792 3531 1911 3569 cum
1936 3532 2055 3585 pro-

467 3603 687 3671 phetam
720 3619 876 3658 mane
900 3606 1146 3673 panibus,
1180 3615 1231 3659 ct
1255 3607 1320 3659 ad
1350 3621 1625 3676 vesperam
1648 3608 1897 3660 carnibus
1924 3607 2048 3671 alit;

468 3693 552 3745 vel
575 3709 695 3747 cum
728 3694 856 3763 pulli
878 3711 1159 3750 corvorum
1193 3696 1442 3751 invocant
1473 3711 1664 3751 nomen
1694 3696 1922 3751 Domini.
1946 3696 2052 3750 Sed

470 3790 525 3835 ct
553 3783 704 3836 color
732 3784 847 3852 ejus
876 3785 1161 3854 aliquando
1205 3788 1257 3841 in
1286 3789 1517 3852 sanctis,
1551 3787 1839 3855 aliquando
1867 3788 1918 3841 in
1950 3788 2051 3840 im-

470 3873 571 3941 piis
592 3873 788 3928 dicitur
816 3876 880 3928 ”.
916 3875 1124 3945 Sponsa
1148 3893 1378 3947 namque
1406 3877 1602 3932 Christi
1628 3878 1754 3931 dicit
1782 3894 1839 3933 se
1852 3877 2053 3932 fuscam

468 3977 607 4024 esse,
642 3971 695 4016 et
715 3962 965 4017 decoram
992 3982 1005 4028 ;
1037 3973 1091 4018 et
1119 3965 1373 4019 Dominus
1405 3966 1635 4019 tenebras
1664 3969 1834 4037 posuit
1862 3967 2053 4020 tatibu—

469 4052 573 4106 tum
596 4069 761 4105 suum.
792 4052 858 4105 Et
886 4068 1069 4106 rursus
1092 4068 1122 4107 e
1144 4056 1419 4108 contrario
1442 4054 1486 4085 “
1514 4055 1580 4108 ab
1618 4055 1877 4123 Apostolo
1905 4071 2054 4110 com-

470 4161 771 4207 monemur,
791 4161 854 4196 ne
876 4162 967 4197 nos
999 4145 1218 4198 tenebrae
1243 4145 1673 4213 comprehendant
1695 4148 1735 4197 l.
1780 4143 2057 4200 Verumta—

471 4250 593 4289 men
634 4236 736 4288 illa:
783 4234 971 4287 abietes
1007 4236 1190 4305 nigrm,
1240 4244 1288 4287 et
1336 4234 1509 4300 bonte,
1553 4236 1862 4290 adducentes
1904 4254 2055 4291 naves

474 4323 685 4377 Tltarsis
712 4322 756 4388 ¹ι,
800 4324 1091 4377 secundum
1122 4323 1238 4391 ejus
1286 4324 1508 4379 formam
1548 4334 1709 4389 sunt,
1739 4343 1857 4396 quae
1909 4328 2052 4381 fusca

471 4413 676 4481 pariter
698 4422 750 4466 et
780 4413 975 4467 decora
1018 4423 1120 4468 est.
1153 4415 1322 4484 Ipsius
1368 4416 1511 4469 enim
1553 4425 1608 4469 et
1648 4419 1885 4471 membra
1933 4424 2055 4471 sunt

2156 3258 2317 3311 arbor
2344 3253 2581 3321 erigatur
2606 3248 2844 3304 caritatis
2872 3256 3125 3311 antenna,
3158 3254 3212 3301 et
3238 3246 3360 3299 vita:
3387 3252 3586 3298 nostra:
3614 3241 3725 3296 vela

2152 3349 2461 3407 sinuentur;
2489 3349 2548 3395 ut
2574 3340 2741 3395 simus
2768 3347 2824 3393 et
2852 3338 3055 3393 abietes
3096 3336 3215 3398 illas,
3246 3350 3365 3404 qute
3394 3334 3445 3387 in
3480 3332 3725 3386 fabricam

2154 3436 2338 3505 templi
2351 3431 2556 3499 magnis
2574 3429 2779 3484 ratibus
2801 3428 3020 3481 intextae
3040 3425 3371 3481 ducebantur
3392 3439 3420 3476 a
3443 3421 3722 3481 Tharsis'“;

2156 3527 2238 3582 vel
2266 3525 2346 3596 (ά)
2376 3523 2534 3578 iidem
2563 3535 2745 3585 naves,
2776 3519 2866 3589 qui
2897 3518 3041 3572 illam
3067 3516 3395 3576 :emulemur,
3425 3529 3549 3581 quae
3575 3511 3727 3567 Solo-

2154 3617 2302 3673 moni
2330 3616 2371 3647 ⁸⁷
2402 3612 2670 3683 quondam
2696 3610 2925 3665 electum
2954 3622 3162 3672 aurum,
3194 3613 3247 3660 et
3277 3619 3407 3675 opes
3440 3602 3629 3674 Tyrias
3655 3599 3731 3654 af-

2155 3706 2361 3762 ferebat
2377 3706 2421 3737 ⁶⁸
2434 3712 2458 3740 η
2469 3743 2482 3756 .
2498 3702 2672 3758 Tanto
2685 3708 2863 3755 autem
2876 3698 3165 3753 studiosius
3185 3705 3238 3752 et
3253 3695 3610 3765 quaestuosius
3629 3707 3718 3746 uo-

2154 3805 2263 3850 stra
2287 3792 2579 3861 negotiatio
2602 3791 2761 3845 debet
2790 3789 2995 3857 agitari,
3022 3796 3223 3856 quanto
3245 3802 3339 3841 rex
3366 3794 3554 3839 noster
3581 3791 3731 3837 :eter-

2155 3904 2256 3942 nus
2296 3885 2451 3939 Jesus
2488 3883 2580 3938 illo
2610 3882 2890 3952 temporali
2931 3878 3224 3934 Solomone
3264 3879 3607 3948 praestantior
3632 3884 3729 3929 est.

2157 3976 2310 4041 Ecce,
2343 3974 2516 4037 enim,
2549 3972 2743 4041 inquit,
2780 3971 2948 4041 major
2987 3970 3264 4023 Solomone
3305 3970 3385 4022 Iu'c
3420 3977 3477 4020 οε
3511 3968 3599 4036 qui
3626 3981 3732 4020 non

2157 4073 2381 4120 conteret
2424 4078 2523 4116 nos
2550 4063 2733 4131 spiritu
2760 4059 3038 4114 vehementi
3069 4058 3208 4112 inter
3235 4073 3387 4111 nares
3437 4055 3654 4109 Tharsis
3686 4065 3729 4116 P,

2157 4156 2201 4209 si
2244 4154 2340 4220 illi,
2370 4154 2513 4207 bono
2537 4163 2657 4207 actu
2682 4152 2803 4206 vita:
2831 4157 3046 4213 nostra),
3078 4149 3302 4212 lucrum,
3334 4147 3475 4218 quod
3508 4155 3592 4202 cst
3614 4161 3732 4215 prc-

2159 4244 2501 4298 tiosissimum
2556 4242 2666 4297 Deo
2722 4240 3149 4300 mercimonium,
3200 4238 3565 4292 convehamus
3617 4254 3628 4288 :
3679 4243 3733 4288 ut

2157 4351 2311 4390 suum
2342 4334 2455 4403 ipse
2477 4333 2706 4402 pretium
2734 4330 2963 4401 accipiat
2982 4345 3013 4383 a
3046 4329 3233 4394 nobis;
3275 4329 3398 4396 quia
3429 4328 3545 4396 ipse
3574 4335 3655 4381 est
3681 4333 3736 4379 et

2158 4425 2468 4492 margarita,
2484 4438 2642 4492 quam
2664 4429 2776 4476 tota
2802 4419 3054 4491 spiritalis
3076 4419 3227 4473 istius
3265 4426 3587 4472 mercatum:
3608 4431 3734 4470 con-

472 4503 688 4565 Sancti,
722 4505 809 4571 qui
841 4504 977 4558 sicut
1004 4514 1059 4559 et
1086 4507 1276 4575 palma:
1303 4505 1575 4568 ﬂorentes,
1621 4515 1674 4559 et
1702 4508 1845 4561 cedri
1877 4507 2046 4561 multi-

2162 4514 2390 4568 versatio
2422 4512 2522 4566 sibi
2552 4512 2738 4565 nititur
2766 4523 3100 4579 comparare.
3124 4508 3220 4562 Cui
3250 4506 3557 4562 coemenda:
3587 4506 3631 4560 si
3660 4506 3736 4559 fa-

470 4592 786 4661 plicabilcs;
818 4595 887 4648 ita
931 4603 985 4649 et
1032 4597 1236 4650 abietes
1278 4598 1462 4663 nigrm,
1493 4605 1547 4649 et
1576 4596 1728 4650 bon-.e
1754 4605 1896 4661 sunt,
1928 4598 2053 4665 quia

470 4682 523 4734 in
562 4679 798 4737 Ecclesia
820 4726 836 4751 ,
868 4686 970 4739 hoc
998 4694 1110 4749 est,
1143 4685 1234 4740 Dei
1268 4694 1449 4739 monte
1472 4727 1487 4751 ,
1517 4688 1806 4741 verticibus
1834 4688 2055 4741 merito-

470 4788 587 4825 rum
641 4775 898 4836 eminent,
934 4784 989 4828 ut
1033 4777 1236 4831 abietes
1280 4777 1329 4829 in
1362 4776 1470 4829 suis
1505 4778 1792 4830 montibus.
1826 4776 1893 4830 Et
1921 4778 2057 4832 sicut

472 4863 574 4914 illa:
607 4873 743 4931 aptae
777 4865 999 4918 navibus
1030 4866 1378 4919 contexenalis
1403 4906 1416 4928 ,
1447 4866 1517 4918 ita
1550 4866 1621 4919 illi
1655 4867 1922 4936 principes
1951 4883 2052 4936 po-

472 4954 582 5012 puli
616 4956 683 5010 de
712 4964 894 5009 monte
926 4956 1074 5024 legis,
1106 4964 1161 5009 ut
1198 4971 1226 5009 a
1268 4956 1475 5011 Libano
1508 4958 1708 5022 excisi,
1738 4973 1915 5012 arcam
1944 4958 2053 5014 Do-

549 5133 572 5160 δ
604 5123 795 5178 Johan.
824 5142 853 5178 λ
874 5125 999 5189 ,10.
1048 5125 1073 5163 δ
1094 5125 1286 5180 Jolian.
1318 5145 1369 5192 Χ,
1399 5128 1481 5181 Η.

478 5209 549 5254 tv,
580 5192 669 5247 21.
768 5205 791 5241 8
826 5195 841 5247 l
871 5196 985 5248 Pet.
1020 5212 1074 5260 ιι,
1101 5197 1151 5248 9.

482 5262 568 5314 15.
653 5263 813 5317 1lsai.
848 5282 918 5325 x1,
951 5264 994 5315 l.

484 5332 610 5387 Luc.
645 5350 722 5401 XI,
751 5334 809 5387 Si
827 5375 840 5387 .

1257 5199 1281 5233 ⁸³
1311 5198 1447 5250 l’sal.
1479 5215 1673 5261 1.xxvu,
1706 5200 1791 5252 49.

1133 5266 1194 5319 ιιι
1222 5266 1350 5335 Reg.
1386 5284 1434 5326 ν,
1464 5268 1515 5321 8.

916 5346 943 5383 ιν
968 5332 1109 5388 Psal.
1144 5332 1320 5398 vau,
1349 5337 1401 5389 8.
1480 5349 1505 5387 ιι
1537 5338 1674 5393 Psal.
1704 5356 1788 5394 cm
1805 5332 1937 5405 :25.

579 5512 634 5575 a)
671 5510 759 5565 Sic
808 5528 936 5567 mss.
971 5514 1141 5569 Vatic.
1193 5522 1247 5568 et
1288 5514 1442 5568 \‘ien.
1502 5511 1677 5566 Ceteri
1720 5513 1961 5576 codices,
2009 5522 2058 5566 et

484 5582 787 5707 ἶοέἑέηὲαιη
828 5600 917 5653 per
944 5584 1098 5656 ﬁdem
1127 5586 1492 5655 caritatemque
1520 5584 1788 5653 patientia.
1824 5583 2058 5654 Utraque

508 5666 535 5703 c
712 5667 835 5707 oua.

508 5666 647 5705 CCUO
673 5666 811 5707 bona
822 5690 835 5707 ι

1564 5140 1584 5168 ε
1617 5128 1756 5183 Psal.
1790 5148 1901 5197 vni,
1925 5132 1975 5185 '5.
2052 5127 2076 5167 δ
2110 5129 2274 5185 lCor.
2298 5149 2380 5197 ιιι,
2411 5130 2463 5183 2.

1564 5217 1673 5252 tvu.
1706 5200 1791 5252 49.
1877 5212 1889 5237 ι
1920 5201 2054 5252 Psal.
2086 5218 2261 5252 cnvt.
2293 5204 2345 5252 9.
2424 5202 2437 5251 ἱ

1593 5218 1673 5261 vu,
1706 5204 1791 5252 49.
1877 5212 1889 5237 ι
1920 5204 2046 5253 Ρεειιη

1593 5270 1704 5323 ι³111
1739 5270 1866 5338 Reg.
1894 5288 1964 5335 Ix,
1992 5270 2046 5325 ἓξ

2159 5218 2261 5267 Lvt,
2293 5204 2345 5255 9.
2424 5204 2437 5251 t'
2476 5204 2666 5254 Johan.
2701 5218 2793 5265 xu,
2817 5204 2908 5262 '55;
2938 5204 3002 5254 Ill
3029 5204 3160 5269 Reg.
3190 5219 3237 5265 v,
3271 5204 3322 5254 8.
3400 5204 3421 5236 ι
3458 5204 3596 5253 l’sal.
3631 5214 3737 5259 Mil,

2152 5280 2167 5323 ι
2198 5288 2249 5338 x,
2275 5271 2362 5324 22.
2440 5280 2464 5307 ο
2494 5270 2536 5324 ll
2566 5270 2687 5324 Par.
2715 5288 2832 5338 vtu,
2869 5270 2961 5334 18,
2986 5280 3039 5326 et
3068 5288 3140 5337 ix,
3175 5272 3269 5336 li);
3294 5269 3479 5324 Matth.
3508 5286 3599 5335 xu,
3637 5267 3737 5329 42;

2157 4604 2327 4658 cultas
2357 4610 2539 4656 nostra
2567 4598 2855 4661 suﬁ‘ecerit,
2892 4614 2996 4652 non
3028 4597 3414 4665 deprimentem
3445 4596 3737 4659 sarcinam,

2158 4693 2251 4747 sed
2278 4693 2543 4747 levantem
2575 4706 2673 4745 nos
2700 4705 2795 4759 per
2841 4690 2945 4743 hoc
2983 4702 3131 4741 mare
3160 4699 3409 4752 magnum
3440 4693 3494 4739 et
3530 4683 3737 4754 spatio-

2158 4798 2274 4835 sum
2318 4782 2571 4835 veliemus
2596 4790 2623 4828 τι
2650 4797 2661 4830 :
2695 4788 2749 4832 et
2789 4777 3140 4831 dormientem
3166 4776 3217 4828 in
3251 4774 3402 4828 nobis
3426 4789 3526 4842 pro
3554 4778 3737 4826 nostra

2158 4870 2380 4936 segnitia
2413 4868 2714 4929 Dominum,
2739 4867 2784 4919 si
2804 4866 2889 4919 vel
2912 4864 3264 4919 dormientem
3294 4872 3507 4917 vectare
3529 4875 3735 4916 merea-

2159 4973 2299 5025 mur,
2336 4958 2573 5011 excitare
2602 4954 2916 5009 audebimus
2934 4992 2949 5017 ,
2981 4961 3040 5008 ut
3062 4954 3342 5022 increpans
3368 4958 3560 5005 ventos
3580 4948 3739 5018 spiri-

2544 5142 2566 5169 ε
2589 5130 2746 5185 Cant.
2769 5149 2820 5194 ν,
2849 5130 2932 5185 Η.
3013 5130 3032 5168 ί
3056 5130 3119 5184 Ill
3153 5131 3282 5199 Reg.
3314 5148 3367 5197 ν,
3392 5129 3460 5191 8;
3488 5129 3527 5182 ll
3561 5128 3739 5199 Paral,

2424 5202 2437 5251 ι
2476 5200 2666 5254 Johan.
2701 5218 2793 5265 xu,
2817 5199 2908 5262 '55;
2938 5201 3002 5254 Ill
3029 5201 3160 5269 Reg.
3190 5219 3237 5265 v,
3271 5201 3322 5254 8.
3400 5200 3421 5236 ι
3458 5199 3596 5253 Psal.
3631 5214 3738 5269 aut,

2233 5511 2311 5577 (b)
2349 5510 2474 5565 Mss.
2500 5510 2632 5578 Reg.
2659 5519 2712 5564 et
2739 5512 2915 5577 Vien.,
2941 5515 3097 5568 color.

2231 5583 2303 5644 (ι’)
2346 5580 2421 5653 lilia
2451 5582 2799 5653 Inanuscrirpti
2828 5584 3062 5641 codices.
3097 5582 3260 5650 Editi,
3290 5580 3735 5653 prwterreltemur.

2232 5653 2310 5721 (ά)
2353 5652 2447 5708 Ms.
2479 5650 2658 5718 Vien.,
2690 5652 2808 5707 illic.
