3966 6184
239 282 334 336 9.77

1578 267 1908 324 EPISTOLA
1946 267 2124 323 XXI“.

3405 254 3509 312 273

242 404 386 450 tuum
437 390 804 452 inimicorum,
845 399 913 440 ve
977 386 1141 440 etiam
1193 389 1500 436 nostrorum
1549 393 1824 442 sensuum,
1859 385 1900 438 Α
1934 377 2186 432 Pharisaei
2233 377 2529 447 dapsilitas.
2557 377 2766 433 Etenim
2811 379 3384 448 dispositiaseculis"
3415 381 3506 449 (γ.

243 484 416 538 salvos
446 495 550 535 nos
577 477 742 532 faciat
780 491 812 528 a
849 471 1044 542 pusillo
1082 469 1289 533 animo,
1320 476 1376 522 et
1405 473 1725 536 tempestate
1759 475 1784 502 ι
1814 483 1829 527 ;

245 571 696 638 tendentibusque
723 567 879 622 nobis
905 563 972 618 ad
1002 562 1440 631 tranquillitatem
1461 575 1632 622 suam,
1663 558 1832 612 maria

247 669 563 720 consternat
585 667 644 714 ut
665 658 815 727 quasi
846 670 1010 710 naves
1027 669 1245 708 suarum
1261 652 1537 707 onerarias
1557 667 1718 719 opum
1740 650 1832 704 de-

250 753 410 809 ducat
454 752 508 804 in
556 757 770 819 portum
813 745 1000 801 salutis
1027 742 1078 810 h,
1119 742 1536 810 victricibusque
1579 740 1834 796 ﬂuctuum

252 841 519 914 puppibus
544 839 742 894 virides
770 837 922 890 hctus
951 835 1193 904 imponat
1221 847 1469 887 coronas.

319 933 408 987 51.
450 931 632 986 Simus
661 935 717 983 et
734 926 957 981 dextera
985 922 1227 992 ejusdem
1254 932 1302 986 ε,
1331 921 1423 990 qui
1447 927 1590 975 totus
1617 918 1836 974 dextera

255 1037 354 1094 est,
384 1042 493 1079 non
522 1024 782 1078 habentes
811 1020 864 1074 in
886 1017 1091 1072 actibus
1122 1015 1321 1069 nostris
1346 1014 1614 1068 sinistram
1647 1029 1659 1064 :
1693 1019 1753 1064 ut
1773 1009 1839 1063 ad

255 1118 533 1173 dexteram
556 1110 758 1166 Judicis
768 1116 930 1172 stare,
956 1105 1040 1160 vel
1065 1104 1243 1174 potius
1263 1102 1486 1157 dextera
1516 1101 1680 1170 ipsius
1693 1097 1840 1152 Judi-

257 1209 331 1264 cis
356 1219 477 1260 esse
495 1215 838 1264 mereamur;
869 1207 924 1250 et
944 1211 1107 1265 opera
1131 1201 1315 1247 nostra
1339 1193 1392 1246 in
1420 1191 1506 1245 die
1534 1187 1841 1244 retributio-

260 1298 337 1353 nis
377 1295 520 1350 sicut
547 1291 772 1360 capillos
814 1287 899 1343 sui
946 1285 1139 1354 capitis
1169 1283 1424 1336 Dominus
1471 1286 1844 1335 remunerator

259 1385 572 1442 adnumeret
593 1379 645 1445 δ,
676 1389 736 1433 ιιι
765 1379 877 1448 ipse
901 1376 1010 1445 jam
1042 1371 1292 1445 praefatus
1331 1380 1412 1427 est
1450 1371 1500 1423 in
1528 1367 1838 1434 Evangelio,

261 1481 330 1546 (ai
359 1468 758 1545 pronuntianda
775 1467 1010 1536 judicio;
1038 1479 1156 1518 cum
1181 1462 1551 1516 benedictione
1571 1458 1771 1520 divina,
1787 1464 1842 1510 et

267 1565 334 1634 (b)
357 1557 769 1617 attributione"
789 1553 1004 1624 regilica
1036 1555 1107 1624 (c)
1136 1549 1498 1606 remunerabit
1525 1545 1842 1617 spiritalium

261 1652 444 1708 merita
470 1649 753 1710 virtutum,
777 1645 880 1698 hoc
908 1649 991 1696 est
1018 1640 1404 1710 pulcherrimas
1423 1637 1506 1691 sui
1533 1634 1721 1704 capitis
1751 1649 1841 1688 co-

1937 476 2050 522 not.
2083 466 2152 520 89
2178 468 2193 535 )
2225 469 2544 522 sacramenti
2573 468 2708 523 ordo
2736 471 3005 537 poscebat,
3048 470 3199 539 juxta
3228 473 3370 526 illam
3399 473 3513 528 Noe

1938 559 2105 627 patris
2153 558 2522 628 propheticam
2568 559 3019 623 benedictionem,
3069 561 3120 614 in
3170 562 3512 616 tabernacula

1938 646 2062 702 Sem
2088 649 2316 704 transire
2344 649 2730 704 habitationem
2755 649 3002 719 Japheth,
3036 652 3138 705 hoc
3165 660 3249 706 est
3279 653 3328 706 in
3354 653 3513 708 domo

1939 739 2070 805 legis
2115 748 2170 792 et
2222 739 2626 808 prophetarum,
2677 738 2973 794 Ecclesium
3019 741 3198 810 potius
3238 740 3513 808 justiﬁcari

1941 830 2201 898 (Ambros.
2217 829 2446 895 lib.vi,in
2466 827 2591 882 Luc.
2607 829 2720 895 vn),
2739 829 3000 883 minorem
3014 838 3316 898 temporum
3331 833 3517 894 aevo“,

1939 922 2033 976 sed
2054 922 2236 989 gratia:
2265 921 2382 990 lege
2409 920 2664 989 majorem
2691 939 2704 985 ;
2737 920 2876 975 unde
2904 921 3069 990 ipsius
3095 921 3148 974 in
3177 920 3420 976 Jobanne
3443 923 3518 992 (ι’)

1941 1011 2072 1078 legis
2101 1025 2329 1079 persona
2372 1008 2654 1079 proﬁtetur
2685 1028 2697 1062 :
2732 1007 2831 1072 Qui
2855 1019 2971 1075 post
2994 1026 3074 1064 me
3096 1012 3248 1075 venit,
3290 1021 3410 1066 ante
3439 1028 3520 1065 me

1943 1101 2110 1168 {actus
2133 1108 2228 1159 est,
2260 1099 2380 1169 quia
2409 1097 2548 1166 prior
2576 1113 2656 1150 me
2680 1105 2792 1150 erat
2819 1095 2868 1150 δ.

2014 1190 2100 1243 55.
2146 1189 2216 1243 Ut
2249 1198 2426 1243 autem
2470 1189 2630 1242 etiam
2671 1189 2724 1242 in
2765 1196 2894 1259 typo
2934 1196 3252 1256 congrueret
3282 1189 3520 1244 Ecclesia

1943 1279 2103 1348 capiti
2133 1293 2251 1342 suo,
2282 1278 2419 1332 bene
2449 1275 2676 1331 formam
2695 1277 3012 1346 peccatricis
3034 1279 3052 1345 (
3071 1277 3132 1330 V.
3168 1285 3283 1330 not.
3305 1277 3394 1347 90)
3424 1294 3521 1332 ac-

1944 1377 2180 1440 ceperat,
2210 1369 2333 1437 quia
2361 1367 2602 1422 Christus
2626 1381 2839 1434 quoque
2867 1363 3091 1420 formam
3113 1367 3412 1434 peccatoris
3435 1381 3522 1419 ac-

1944 1460 2105 1527 cepit.
2143 1457 2248 1512 Sed
2275 1456 2491 1511 Judteus
2521 1472 2695 1527 neque
2731 1464 2894 1526 caput
2919 1471 3092 1524 neque
3121 1456 3522 1510 fundamentum

1945 1548 2222 1602 habiturus
2255 1548 2308 1601 in
2337 1546 2550 1602 Christo
2575 1589 2592 1614 ,
2622 1562 2721 1602 nec
2747 1555 2910 1616 caput
2933 1545 3159 1609 Christi,
3201 1562 3301 1601 nec
3340 1547 3520 1616 pedes,

1946 1645 2212 1700 unxerat;
2256 1637 2398 1706 quod
2446 1645 2731 1705 utrumque
2773 1637 3024 1706 pretiosis
3059 1636 3340 1702 unguentis
3373 1635 3527 1705 140

260 1758 368 1798 mas
410 1738 668 1809 qualibus
694 1743 750 1789 et
791 1733 880 1787 illa
911 1733 964 1785 in
1006 1729 1258 1785 Ecclesia:
1283 1736 1411 1798 typo
1440 1726 1651 1789 mulier,
1688 1725 1843 1794 139
1879 1751 1919 1807 Β
1946 1728 2457 1795 muliercvangelica
2481 1727 2792 1795 irrigaverat
2814 1729 2876 1779 7'.
2905 1725 3193 1794 Propterea
3209 1726 3523 1796 Synagogm,

261 1831 452 1886 Christi
490 1827 718 1895 vestigia
748 1831 1020 1892 unguento
1060 1829 1114 1875 et
1144 1819 1397 1889 lacrymis
1426 1818 1605 1885 rigans
1649 1816 1840 1871 tersit:

262 1937 372 1992 quae
401 1935 511 1974 non
544 1926 652 1971 tam
671 1915 848 1984 pretio
869 1925 1172 1974 munerum,
1196 1923 1357 1976 quam
1383 1905 1625 1973 obsequii
1651 1904 1850 1974 placuit

265 2006 611 2066 aﬂ'ectu.Non
640 2006 782 2060 enim
812 2010 1137 2071 unguentum
1158 1999 1207 2052 in
1227 1999 1315 2052 illa
1331 1997 1608 2061 Dominus,
1636 1995 1734 2050 sed
1759 2009 1848 2048 ca-

267 2103 476 2158 ritatem
523 2099 738 2165 dilexit,
774 2111 878 2166 qua
908 2094 1173 2165 pudenter
1213 2091 1513 2161 impudens,
1555 2098 1610 2144 et
1635 2091 1722 2160 pie
1747 2091 1847 2144 im-

268 2192 426 2264 proba
448 2190 571 2244 sine
600 2185 875 2257 opprobrii
897 2193 951 2238 et
971 2183 1198 2253 repulsa:
1225 2191 1396 2244 metu,
1418 2190 1729 2235 extraneam
1752 2179 1849 2235 sibi

269 2281 480 2335 domum
506 2276 784 2340 Pharisaei,
817 2291 922 2330 non
946 2274 1192 2339 invitata,
1219 2273 1307 2326 illa
1328 2273 1380 2327 vi
1409 2272 1656 2342 petulans
1685 2286 1850 2340 pene-

273 2372 444 2436 travit,
496 2383 605 2438 qua
653 2365 857 2435 rapitur
887 2378 1110 2431 regnum
1150 2362 1406 2417 cmlorum
1441 2370 1464 2398 ο
1501 2378 1513 2413 :
1546 2369 1601 2415 et
1644 2369 1851 2414 tantum

273 2463 415 2518 verbi
443 2457 682 2516 caelestis
709 2455 950 2510 esuriens
969 2496 985 2522 ,
1015 2468 1121 2507 non
1151 2451 1219 2506 ad
1251 2451 1328 2518 (tl)
1358 2450 1523 2518 dapes
1553 2449 1721 2514 illius,
1761 2449 1854 2502 sed

275 2553 336 2608 ad
361 2550 526 2621 pedes
553 2546 754 2603 Christi
783 2543 1036 2607 cucurrit,
1062 2557 1225 2612 seque
1254 2542 1307 2596 in
1338 2541 1441 2595 illis
1485 2540 1673 2605 abluit,
1703 2547 1757 2593 et
1781 2540 1857 2594 ci~

276 2640 414 2696 bavit
443 2658 458 2691 :
489 2646 655 2705 atque
682 2635 828 2705 ipsos
855 2632 954 2687 sibi
984 2631 1148 2701 pedes
1169 2631 1482 2690 sacrarium,
1516 2637 1572 2683 ut
1613 2629 1683 2682 ita
1708 2629 1858 2684 dixe-

279 2729 393 2793 rim,
425 2735 482 2782 et
508 2726 681 2779 altare
713 2721 1010 2778 constituit.
1036 2718 1093 2773 In
1123 2720 1316 2788 quibus
1344 2717 1527 2772 libavit
1556 2717 1702 2780 ﬂetu,
1735 2718 1857 2772 lita-

281 2816 351 2870 vit
376 2823 674 2885 unguento,
717 2808 1038 2866 sacriﬁcavit
1079 2807 1293 2863 aﬂ‘ectu.
1343 2808 1672 2877 Sacriﬁcium
1717 2808 1860 2862 enim

281 2904 383 2960 Deo
412 2906 625 2974 spiritus
646 2899 1020 2956 contribulatus
1058 2897 1073 2936 ε
1108 2913 1266 2966 quem
1290 2897 1380 2952 illa
1413 2895 1698 2950 immolans
1727 2896 1858 2961 Deo,

283 3012 384 3051 non
419 2994 598 3050 solum
629 2990 1000 3046 remissionem
1047 2987 1366 3043 delictorum
1389 3026 1403 3051 ,
1436 2984 1530 3040 sed
1560 2997 1615 3039 et
1635 2985 1860 3054 gloriam

283 3086 598 3160 praedicandi
628 3099 751 3140 cum
775 3081 1063 3149 Evangelio
1093 3079 1325 3135 nominis
1355 3077 1548 3132 meruit
1571 3087 1618 3130 ε.

349 3177 433 3232 52.
475 3175 544 3230 Et
573 3174 698 3245 quia
726 3171 980 3227 vocandtc
1009 3186 1077 3224 ex
1105 3169 1352 3238 gentibus
1395 3167 1646 3222 Ecclesia:
1674 3166 1863 3235 imagi-

285 3280 400 3320 nem
424 3263 765 3335 praalerebat,
797 3261 975 3316 omnia
1004 3261 1058 3314 in
1086 3259 1374 3328 semetipsa
1395 3257 1637 3328 mysterii
1665 3259 1864 3312 saluta-

285 3358 354 3412 ris
381 3357 610 3424 insignia
639 3354 822 3422 gessit.
858 3351 1026 3407 Uncta
1049 3360 1130 3406 est
1150 3351 1443 3406 chrismate
1472 3350 1554 3404 sui
1582 3350 1820 3403 muneris
1847 3367 1861 3415 ;

285 3447 610 3518 poenitentia:
639 3445 901 3515 lacrymas
921 3441 1106 3496 habuit
1137 3442 1187 3495 in
1212 3441 1504 3504 lavacrum,
1535 3439 1741 3494 viscera
1770 3454 1863 3493 ca-

287 3536 456 3590 ritatis
493 3536 554 3590 in
581 3533 900 3591 sacriﬁcium
939 3549 954 3584 :
986 3540 1041 3587 et
1066 3531 1236 3601 ipsum
1265 3531 1445 3585 vivum
1475 3527 1866 3583 viviﬁcantem-

287 3639 385 3694 que
426 3639 625 3695 panem
674 3621 919 3676 manibus
946 3629 1000 3675 et
1030 3635 1125 3676 ore
1154 3620 1455 3690 prmsuntsit
1484 3619 1503 3688 (
1531 3618 1587 3672 id
1625 3628 1702 3672 est
1743 3627 1868 3674 ante

289 3717 491 3781 sumsit,
522 3723 573 3768 et
611 3716 688 3769 sic
726 3715 868 3784 infra
897 3713 1192 3782 prmlibavit
1214 3712 1263 3781 );
1307 3711 1625 3778 sanguinem
1654 3725 1868 3780 quoque

291 3807 483 3868 calicis,
516 3817 805 3872 antequam
850 3801 999 3857 ﬁeret
1033 3803 1171 3857 calix
1209 3802 1506 3869 sanguinis,
1537 3801 1735 3856 osculis
1775 3815 1867 3854 su-

290 3897 530 3965 gentibus
550 3893 865 3964 priclibavit.
892 3893 1052 3948 Beata
1079 3908 1196 3962 qua:
1217 3891 1485 3946 Christum
1515 3892 1568 3946 in
1592 3907 1754 3946 carne
1774 3906 1870 3960 gu-

291 3986 464 4049 starit,
497 3993 555 4039 et
591 3983 644 4037 in
683 3984 800 4053 ipso
842 3998 1074 4052 corpore
1117 3981 1315 4036 Christi
1365 3997 1562 4051 corpus
1613 3982 1820 4051 accepit
1854 3999 1866 4033 :

292 4075 480 4129 merito
514 4073 732 4144 prtelata
780 4072 1069 4137 Pharismo,
1099 4073 1340 4144 pascenti
1384 4073 1512 4126 licet
1557 4071 1867 4135 Christum;

293 4181 406 4234 qua:
428 4165 614 4221 Judtco
639 4165 891 4235 epulante
909 4164 1113 4233 jejuna,
1136 4180 1243 4218 non
1266 4163 1396 4230 cibi,
1424 4171 1482 4216 ut
1509 4162 1642 4226 dixi,
1665 4161 1759 4216 sed
1787 4177 1874 4214 sa-

292 4253 416 4309 lutis
442 4253 596 4308 avida
643 4254 714 4324 (e)
749 4253 1037 4308 serviebat.
1071 4251 1258 4315 Beata,
1289 4266 1408 4320 qua:
1444 4251 1645 4305 meruit
1673 4250 1726 4302 in
1773 4247 1874 4303 Ec-

294 4342 466 4396 clesiae
495 4351 678 4413 typum
708 4343 810 4396 hac
837 4356 1050 4410 quoque
1092 4341 1273 4410 specie
1327 4339 1540 4408 ligurari
1589 4344 1605 4405 (
1635 4337 1868 4392 Ambros.

294 4429 475 4492 lib.vt,
503 4431 557 4484 in
587 4429 713 4484 Luc.
749 4447 815 4485 vn
842 4433 882 4496 ),
913 4437 971 4484 ut
999 4430 1050 4484 in
1083 4430 1242 4485 domo
1263 4437 1318 4484 et
1345 4428 1594 4483 convivio
1621 4426 1874 4481 Pharisazi

1947 1836 2121 1888 neque
2150 1820 2326 1873 oleum
2366 1819 2549 1885 gratia:
2569 1858 2582 1880 ,
2616 1833 2790 1885 neque
2819 1831 2955 1885 aqua
2985 1817 3291 1871 refectionis
3317 1831 3346 1868 a
3374 1814 3528 1869 Chri-

1948 1918 2031 1964 sto
2061 1917 2174 1972 est;
2232 1908 2384 1976 cujus
2432 1917 2615 1978 typum
2671 1907 2745 1960 illi
2791 1905 3060 1959 Pharismo
3112 1906 3340 1972 gerenti,
3387 1906 3526 1960 circa

1949 2001 2121 2068 ipsum
2167 2007 2220 2054 et
2258 1997 2364 2053 olei
2391 2005 2446 2051 et
2475 2011 2626 2064 aqua:
2667 1995 2917 2048 salutaris
2965 1995 3186 2057 fontem,
3229 2001 3284 2047 et
3312 2008 3447 2060 aqua
3475 2001 3529 2045 ct

1949 2090 2125 2143 oleum
2155 2087 2394 2142 caritatis
2422 2085 2654 2140 exaruit.
2685 2084 2761 2138 Dc
2790 2084 2893 2138 hoc
2922 2083 3066 2138 fonte
3086 2081 3406 2151 praedixerat
3434 2096 3529 2150 per

1952 2180 2268 2249 prophetam
2302 2195 2313 2227 :
2343 2176 2525 2230 Oleum
2571 2174 2857 2244 peccatoris
2905 2190 3007 2226 non
3054 2173 3332 2241 impinguet
3380 2178 3531 2236 caput

1952 2287 2118 2324 meum
2145 2271 2157 2306 ¹
2184 2285 2198 2333 ;
2230 2267 2370 2323 sicut
2397 2265 2462 2319 ad
2492 2263 2779 2319 Ecclesiam
2805 2277 2956 2316 suam
2981 2261 3162 2315 dicere
3185 2259 3357 2329 potuit
3386 2277 3398 2311 :
3424 2257 3532 2311 lm-

1953 2359 2212 2431 pinguasti
2241 2359 2295 2412 in
2324 2357 2436 2411 oleo
2460 2362 2610 2424 caput
2643 2357 2840 2406 meum)
2881 2369 2893 2404 :
2926 2365 3044 2418 qum
3072 2365 3180 2403 non
3203 2347 3376 2402 solum
3404 2363 3534 2401 con-

1952 2450 2205 2511 fectione,
2239 2446 2331 2501 sed
2352 2445 2513 2500 etiam
2535 2458 2660 2498 vase
2687 2443 2979 2512 pretiosum
3002 2440 3269 2495 detulerat
3297 2452 3536 2505 unguen-

1954 2549 2088 2603 tum,
2119 2537 2263 2607 quod
2300 2536 2590 2590 multorum
2619 2533 2918 2601 graminum
2941 2531 2986 2563 ⁷³
3016 2531 3130 2585 sive
3159 2528 3346 2582 ﬂorum
3370 2527 3533 2580 mixta

1957 2631 2009 2684 in
2041 2644 2202 2683 unum
2237 2626 2406 2694 gratia
2439 2633 2496 2680 et
2523 2625 2719 2678 virtute
2758 2622 3045 2690 fragrabat.
3079 2620 3211 2687 Quae
3235 2617 3409 2687 potuit
3436 2616 3536 2670 nisi

1957 2720 2196 2776 Ecclesia
2217 2718 2323 2773 tale
2345 2716 2646 2772 conﬁcere?
2676 2729 2793 2782 qua:
2813 2714 2880 2767 de
2909 2711 3072 2766 variis
3107 2707 3400 2764 cmlcstium
3425 2719 3537 2773 gra-

1960 2811 2156 2864 tiarum
2188 2805 2406 2862 ﬂoribus
2433 2813 2488 2858 et
2511 2803 2686 2858 succis
2715 2801 2901 2863 odora,
2931 2797 3274 2854 multimodas
3301 2795 3536 2849 suavita-

1960 2908 2041 2954 tes
2061 2914 2128 2954 ex
2156 2895 2381 2952 diversis
2405 2893 2652 2960 gentibus
2677 2893 2788 2945 Deo
2817 2891 3003 2959 spirat,
3027 2888 3404 2954 orationesque
3425 2899 3538 2939 san-

1960 2999 2188 3052 ctorum,
2228 2985 2374 3040 velut
2401 2989 2639 3038 aromata
2671 2980 2872 3050 pateris
2913 2979 3128 3032 incensa
3159 2973 3538 3042 ﬂagrantibus,

1887 3104 1930 3163 ρ
1963 3080 2152 3150 spiritu
2185 3073 2425 3130 veritatis
2449 3070 2666 3126 exhalat
2690 3069 2944 3131 (Ambros.
2966 3065 3053 3118 lib.
3078 3081 3152 3130 VI,
3177 3065 3232 3116 in
3255 3061 3382 3113 Luc.
3399 3060 3492 3128 vn)
3523 3078 3535 3111 :

1965 3149 2025 3223 ut
2051 3168 2101 3222 ei
2128 3165 2312 3220 talium
2343 3159 2530 3215 ﬂorum
2575 3157 2850 3220 odoribus,
2882 3171 2978 3209 seu
3009 3154 3276 3221 liquorum
3306 3149 3538 3209 roribus,

1965 3255 2203 3311 aﬂluenti
2231 3252 2470 3322 Sponsus
2497 3249 2610 3318 ipse
2637 3253 2879 3315 gratetur
2908 3245 2994 3300 illa
3019 3258 3122 3312 qua
3145 3250 3200 3296 et
3225 3241 3279 3295 in
3307 3239 3542 3294 Canticis

1966 3345 2306 3401 Canticorum
2348 3355 2481 3395 voce
2509 3337 2778 3393 blanditur
2810 3354 2820 3386 :
2865 3333 3112 3389 Columba
3131 3373 3146 3397 ,
3178 3331 3378 3399 inquit,
3407 3346 3542 3394 mea,

1967 3424 2203 3507 perfecta
2231 3451 2364 3498 mea,
2389 3433 2629 3504 quoniam
2649 3438 2801 3500 caput
2815 3445 2985 3482 meum
3010 3427 3256 3496 repletum
3277 3431 3349 3478 est
3366 3421 3540 3476 rorek:

1967 3535 2130 3596 caput
2157 3525 2352 3580 Christi
2377 3523 2548 3588 Deus,
2578 3529 2634 3575 et.
2661 3520 2838 3575 crines
2869 3517 2986 3586 ejus
3019 3517 3064 3547 ⁷⁸
3093 3514 3284 3570 electio
3317 3513 3546 3566 Sancto-

1968 3631 2110 3684 rum,
2138 3614 2334 3682 quibus
2385 3610 2542 3664 Pater
2578 3607 2775 3677 gaudet
2813 3607 2867 3660 in
2896 3604 3130 3666 Christo,
3161 3614 3210 3656 et
3243 3602 3412 3654 crines
3449 3601 3547 3652 mei

1969 3704 2126 3774 guttis
2156 3703 2336 3755 noctis.
2372 3699 2500 3763 Ros,
2535 3706 2594 3751 ut
2633 3696 2852 3759 scimus,
2881 3708 2988 3746 non
3014 3700 3098 3746 cst
3124 3691 3308 3745 imbris
3333 3688 3546 3753 humor,

1970 3790 2066 3846 sed
2092 3788 2351 3856 refrigerii
2378 3828 2393 3853 ,
2421 3800 2530 3854 quo
2559 3783 2868 3838 reﬁciuntur
2903 3780 3050 3834 arida
3082 3781 3148 3833 ab
3184 3787 3317 3833 aestu
3355 3776 3549 3831 diurno

1969 3879 2228 3946 gramina.
2258 3876 2425 3944 Hujus
2451 3874 2588 3929 roris
2627 3870 2819 3926 lucidis
2859 3869 3019 3937 guttis
3058 3883 3166 3922 non
3216 3863 3319 3920 nisi
3358 3878 3550 3918 serena

1971 3981 2128 4028 nocte
2167 3971 2433 4040 spargitur
2456 3968 2571 4040 (pro
2601 3961 2922 4034 aspergitur)
2955 3969 3115 4014 terra.
3151 3957 3301 4012 Unde
3333 3953 3552 4019 intelligi

1971 4063 2146 4130 datur,
2179 4077 2273 4117 eas
2301 4059 2475 4114 noctis
2499 4064 2695 4123 guttas,
2727 4051 2920 4121 quibus
2946 4057 3108 4118 caput
3136 4056 3191 4103 et
3227 4047 3402 4101 crines
3429 4057 3554 4097 suos

1973 4152 2237 4224 sapientia
2262 4147 2528 4205 maduisse
2558 4145 2770 4198 laetatur
2787 4179 2802 4205 ,
2829 4139 3052 4194 formam
3081 4151 3199 4192 esse
3226 4141 3554 4192 sanctorum.

1974 4220 2134 4313 quam
2157 4250 2215 4296 et
2239 4223 2292 4295 in
2314 4237 2483 4294 stellis
2498 4231 2784 4304 Apostolus
2812 4242 3098 4284 coruscare
3117 4225 3356 4291 designat
3383 4220 3422 4286 ι,
3441 4235 3556 4288 quae

1979 4349 2131 4404 mque
2160 4331 2362 4386 serenis
2395 4327 2641 4382 noctibus
2675 4323 2906 4382 micant,
2939 4319 3148 4390 quibus_
3161 4331 3313 4371 rores
3339 4313 3557 4369 cadunt.

1985 4427 2114 4493 Qua:
2141 4433 2318 4479 autem
2342 4437 2446 4476 nox
2478 4419 2752 4473 intellectu
2775 4412 3001 4485 Spiritali
3026 4408 3280 4481 putanda,
3311 4406 3410 4460 nisi
3438 4419 3560 4473 pas-

295 4475 384 4485 .-η
587 4475 713 4484 .._-.
845 4475 882 4496 ,,
915 4475 971 4484 ν-
1085 4475 1240 4485 ---ην
1266 4475 1318 4484 ν-
1349 4475 1591 4483 πων--
1623 4475 1644 4480 -
1667 4475 1874 4481 --__----_
1991 4475 2111 4493 ηπ
2141 4475 2316 4479 παρ
2805 4475 2820 4485 ,
3031 4475 3046 4481 ,

295 4535 402 4574 non
432 4521 545 4588 ipse
575 4519 892 4582 Pharisaeus,
924 4518 1020 4573 sed
1043 4518 1315 4589 peccatrix
1345 4517 1411 4572 ad
1439 4516 1651 4570 veniam
1677 4512 1875 4584 justiﬁ-
1911 4475 1956 4535 Β
1983 4516 2063 4569 sio
2098 4512 2329 4573 Domini,
2361 4525 2481 4578 qua:
2512 4517 2566 4561 et
2605 4507 2720 4560 dies
2748 4501 3064 4558 illuminavit
3091 4501 3172 4552 7"?
3210 4497 3276 4553 de
3299 4510 3404 4564 qua
3433 4501 3561 4563 puto

294 4621 525 4667 caretur.
560 4611 685 4666 Plus
711 4611 869 4682 hujus
914 4611 1290 4680 importunitas
1318 4609 1686 4678 consequitur,
1716 4621 1875 4677 quam

1981 4602 2237 4670 scriptum
2263 4617 2275 4651 :
2311 4597 2377 4650 Et
2425 4613 2528 4650 nox
2551 4593 2857 4648 illuminatio
2879 4605 2992 4643 mea
3019 4589 3074 4640 in
3119 4585 3314 4638 deliciis
3344 4583 3469 4635 meis
3497 4591 3555 4632 η’.

366 4757 393 4785 ι
423 4747 612 4801 Matth.
643 4763 763 4811 vm,
789 4745 885 4811 24;
909 4746 1071 4800 Marc.
1096 4763 1168 4808 tv,
1193 4744 1293 4810 38;
1320 4745 1448 4799 Luc.
1478 4761 1586 4804 vm,
1618 4743 1720 4805 23;
1765 4739 1902 4794 Psal.
1934 4756 2044 4806 Liv,
2067 4738 2123 4811 ll.
2251 4734 2392 4788 Psal.
2426 4733 2649 4811 (NL-:10.
2671 4741 2750 4811 -.ο
2779 4729 2964 4783 Matth.
2995 4743 3114 4811 xxiv,
3312 4719 3338 4760 δ
3373 4721 3558 4811 Matth.

295 4834 362 4883 ι,
393 4818 494 4880 30;
542 4817 670 4871 Luc.
703 4834 804 4881 xu,
837 4817 886 4869 7.

297 4973 555 5024 cxxxvnt,
589 4957 673 5012 11.

371 5074 454 5137 (a)
491 5073 588 5127 Ms.
623 5073 796 5127 codex
821 5071 1159 5130 Viennensis.
1190 5067 1608 5141 prtcnuntianda.

371 5145 449 5212 (ὁ)
487 5143 584 5197 Ms.
616 5143 814 5212 Yatic.,
845 5143 1190 5195 retributione.

375 5203 448 5278 ie)
486 5212 580 5266 Ms.
605 5203 809 5279 Vatic.,
839 5212 1265 5266 remunerabitur.
1315 5209 1405 5262 Sic
1430 5206 1587 5279 _alibi
1622 5203 1889 5279 Paulinus

298 5275 407 5338 hoc
434 5275 601 5337 verbo
632 5275 803 5336 utitur
825 5283 1017 5336 aetive.
1054 5281 1185 5334 Vide
1231 5279 1389 5349 epist.
1423 5277 1490 5330 26
1521 5277 1588 5330 ad
1620 5275 1889 5328 Sebastia-

300 5370 457 5415 num,
483 5368 631 5406 num.
663 5352 719 5405 2.

375 5413 454 5491 ια)
495 5425 635 5476 Ante
665 5430 781 5476 erat
803 5438 943 5490 opes.
973 5420 1104 5491 Cum
1136 5417 1400 5491 Sacchino
1428 5416 1777 5491 emcndamus
1801 5413 1894 5464 da-

302 5509 416 5560 pes.
439 5483 589 5545 ἐει-ιιι
621 5483 845 5559 quidem
879 5488 1186 5560 conjectura
1218 5489 1404 5560 petita,
1439 5497 1548 5542 tum
1585 5501 1649 5538 cx
1691 5483 1878 5560 subsc-

302 5552 610 5630 quentihns,
640 5552 756 5614 tum
785 5552 1004 5615 inferius
1033 5576 1089 5612 n.
1123 5552 1711 5630 ἃςιιὺῑ-Ριι-ιιιιιιιιε-ςιι1
1744 5552 1880 5630 Pha—

303 5621 518 5686 ﬁsamm
549 5648 561 5684 :
596 5621 741 5686 Malo
760 5633 895 5686 inter
923 5630 1130 5698 capillos
1160 5621 1297 5682 illius
1328 5626 1516 5680 Christi
1541 5622 1749 5692 pedibus
1774 5621 1882 5675 illi-

969 4827 991 4852 ν
1021 4816 1205 4870 Matth.
1237 4831 1315 4877 ιι.
1345 4815 1427 4867 12.
1511 4814 1528 4851 ί
1560 4813 1699 4866 Psal.
1731 4830 1791 4877 ι,
1845 4811 1924 4863 l9.

297 4869 811 4949 ῖῖιόιιεήξιζδοζἽ
839 4885 978 4940 Psal.
1001 4902 1124 4950 CXL,
1152 4869 1206 4939 5.
1285 4869 1315 4935 ι’
1338 4884 1476 4939 Psal.
1511 4901 1641 4947 χχιι,
1672 4883 1724 4936 5.
1782 4869 1827 4918 ἰι

1965 4887 2016 4932 It.
2051 4894 2107 4939 ιι,
2135 4875 2218 4938 10,
2251 4883 2304 4928 ct
2334 4892 2386 4941 v,
2414 4873 2465 4937 ‘2,
2483 4887 2590 4926 sec.
2621 4869 2773 4924 LXX.

2007 4788 2044 4854 ί
2077 4788 2265 4860 Matth.
2315 4821 2469 4864 xxvi,
2520 4788 2618 4860 l5;
2671 4801 2833 4854 Marc.
2885 4816 2990 4855 xw,
3035 4795 3099 4859 9;
3139 4792 3331 4864 Johpan.
3375 4809 3466 4864 x11.

2859 4867 2872 4904 ι
2899 4867 3088 4935 Philip.
3114 4881 3169 4926 ιι,
3203 4862 3280 4914 l5.
3359 4871 3396 4897 ω
3423 4860 3560 4914 Psal.

1995 5062 2127 5130 gari,
2161 5075 2312 5130 quam
2343 5060 2475 5130 inter
2506 5056 2662 5124 dapes
2690 5061 2984 5130 tuaitecum
3009 5050 3160 5119 juxta
3184 5046 3437 5100 Christum
3461 5045 3568 5096 sine

1993 5122 2196 5185 Christo
2225 5122 2654 5187 discumberejet
2684 5139 2736 5174 ιι.
2769 5122 2853 5174 59.

2175 5181 2272 5252 Ms.
2308 5196 2480 5248 Vatic.
2514 5181 2568 5247 et
2595 5193 2680 5264 ed.
2709 5189 2881 5253 (irim,
2914 5187 3192 5264 esu-riebat.
3229 5183 3464 5250 Utraque
3493 5181 3570 5234 le.—

1992 5269 2100 5324 ctio
2121 5259 2284 5322 bona.
2314 5264 2596 5319 Verissima
2621 5263 2706 5316 illa
2732 5276 2889 5327 quam
2912 5259 3223 5319 retinemus,
3245 5267 3433 5327 nempe
3452 5265 3570 5327 qua:

1994 5319 2338 5393 conﬁrmatur
2367 5352 2418 5387 ιι.
2449 5333 2516 5385 40
2551 5351 2561 5385 :
2596 5333 2666 5385 Tu
2691 5319 2827 5384 enim
2855 5327 3146 5398 epulaberis
3175 5333 3229 5376 ut
3261 5319 3568 5392 superbires,

1990 5409 2082 5462 illa
2107 5406 2378 5478 jejunabat
2407 5414 2460 5456 ut
2482 5403 2709 5478 sertviret.

2060 5457 2127 5540 lli
2140 5457 2302 5530 luxui
2326 5489 2425 5528 ms.
2455 5457 2692 5527 codicem
2710 5470 2870 5540 Vico.
2889 5464 3253 5540 expunximus
3271 5461 3358 5540 illa
3386 5457 3569 5540 verba,

1985 5527 2122 5605 unde
2140 5527 2374 5614 lea—ipsa,
2400 5558 2517 5610 qua:
2539 5542 2590 5600 in
2619 5542 2734 5599 aliis
2756 5527 3027 5594 codicibus
3055 5530 3283 5588 librariis
3314 5527 3570 5583 inculcata

1988 5615 2153 5673 fuisse
2178 5615 2443 5672 Videntur.
