3966 6184
432 220 535 275 279

1560 213 1617 268 S.
1657 211 1932 269 PAULINI
1970 208 2216 267 NOLANI
2255 206 2559 264 EPISCOPI

3586 201 3690 255 230

432 325 539 381 Sed
568 329 613 379 sl
642 329 699 378 et
735 322 840 377 hoc
866 321 1103 378 seculum
1132 329 1344 376 noctem
1371 328 1526 389 putes
1545 361 1561 386 ,
1589 319 1730 389 quod
1774 332 2004 374 conver-
2032 322 2077 379 Α
2108 317 2209 370 hac
2238 316 2438 384 pietate
2478 312 2782 383 pretiosior,
2811 310 2953 379 quod
2981 324 3039 365 se
3064 310 3155 363 vili
3185 310 3294 363 vult
3318 310 3602 375 aestimari,
3636 323 3694 367 nt

432 413 858 482 sionegentium,
879 426 1105 481 quarum
1134 418 1259 465 ante
1288 407 1445 463 ﬁdem
1474 409 1707 462 tenebris
1730 408 2003 471 horrebat,

435 510 494 555 ut
533 502 762 556 nubibus
787 508 1087 555 serenatum
1113 508 1227 564 est;
1260 508 1314 553 et
1350 514 1494 553 nunc
1524 495 1774 554 Ecclesia:
1804 498 2007 551 lumine

435 590 584 659 quasi
625 589 783 658 pleno
812 588 950 642 lunae
975 588 1222 658 perfectte
1261 588 1499 657 speculo,
1530 595 1584 642 et
1605 588 1809 642 sanctis
1838 586 2008 640 homi-

434 680 611 747 nibus,
633 688 690 733 ut
714 682 787 748 (a)
811 681 957 748 puris
982 680 1034 733 in
1065 681 1352 735 serenitate
1377 678 1659 747 sideribus,
1688 693 1850 748 opera
1880 676 2010 731 ﬁde-

433 771 599 836 lium,
654 773 847 840 quibus
889 774 1121 827 animam
1176 788 1327 827 suam
1382 773 1606 842 quisque
1652 771 1930 826 viviﬁcans
1978 786 2008 825 a

432 868 715 935 prretcritm
742 867 994 921 siccitatis
1014 866 1101 920 siti
1148 864 1337 933 reﬁcit,
1359 865 1509 933 quasi
1534 878 1686 919 rores
1722 864 1775 917 in
1804 862 1923 927 hac,
1954 870 2012 915 ut

433 955 684 1020 diximus,
717 957 881 1010 seculi
906 965 1064 1010 nocte
1087 954 1377 1009 destillant.

504 1043 591 1097 34.
639 1046 704 1098 Et
725 1046 844 1099 ideo
866 1054 1028 1115 caput
1048 1062 1202 1100 suum
1222 1044 1464 1100 Christus
1492 1043 1583 1099 tali
1605 1044 1866 1113 repletum
1887 1055 2012 1097 rore

434 1131 670 1201 lzntatur,
700 1140 755 1188 et
783 1134 1107 1189 illuminator
1135 1135 1368 1189 noctium
1395 1142 1698 1189 nostrarum
1730 1132 1803 1203 (b)
1834 1140 2011 1185 tamen

437 1223 603 1290 guttis
643 1225 817 1279 noctis
857 1232 1054 1280 nostra:
1081 1226 1257 1281 crines
1299 1241 1426 1280 suos
1465 1225 1660 1294 gaudet
1687 1240 1805 1279 esse
1832 1224 2013 1294 perfu-

438 1325 528 1365 sos
557 1319 616 1378 ι;
646 1313 770 1381 quia
799 1314 965 1384 ipsius
992 1314 1323 1383 refrigerium
1343 1324 1398 1369 et
1424 1314 1645 1370 refectio
1670 1323 1752 1368 est
1774 1315 1860 1368 illa
1886 1314 2016 1369 fide-

439 1399 569 1453 lium
595 1403 836 1470 Operatio
879 1402 973 1474 (id
999 1412 1075 1457 est
1103 1403 1467 1459 misericordia
1504 1421 1592 1458 seu
1630 1402 2011 1473 eleemosyna)

442 1490 463 1561 (
500 1489 565 1545 V.
597 1500 709 1546 not.
742 1492 805 1547 9i
831 1492 872 1561 ),
897 1494 1088 1562 quibus
1114 1495 1200 1549 vel
1228 1496 1419 1549 fratres
1442 1493 1716 1562 iuvantur,
1747 1492 1830 1546 vel
1861 1492 2011 1563 141

440 1579 633 1650 inopes
658 1582 1028 1638 confoventur.
1078 1584 1203 1639 Ideo
1258 1585 1486 1653 denique
1528 1591 1583 1638 et
1634 1599 1823 1638 vocem
1868 1582 2015 1638 Jndze

2110 404 2177 456 ab
2198 402 2445 457 omnibus
2467 408 2692 455 ematur.
2728 398 2980 463 Quoniam
3020 400 3186 465 enim,
3217 400 3407 467 inquit,
3433 402 3548 470 ipse
3574 405 3694 471 fecit

2110 509 2381 562 pauperem
2429 501 2478 543 et
2526 491 2749 553 divitem,
2782 499 2831 543 et
2872 490 3135 559 arqualiter
3176 490 3256 541 illi
3302 506 3430 542 cura
3478 500 3557 543 est
3601 510 3694 561 pro

2111 583 2344 637 omnibus
2379 582 2420 636 τ.
2474 581 2625 635 Unde
2696 582 2769 633 ait
2823 598 2834 631 :
2894 579 3069 632 Gratis
3137 581 3411 648 accepistis
3465 581 3535 650 (Γ)
3575 594 3696 648 gra-

2109 676 2276 739 tiam,
2327 676 2489 743 gratis
2519 674 2638 725 date
2664 682 2711 725 κ.
2744 671 2912 739 Hujus
2965 671 3149 737 gratia:
3202 673 3451 737 gratuitis
3506 673 3697 740 opibus

2110 768 2258 824 dives
2285 767 2475 822 Petrus
2502 766 2729 821 debilem
2754 779 3069 835 pauperem,
3097 772 3153 818 et
3177 764 3554 819 tantummodo
3575 779 3699 832 ege-

2112 872 2193 911 nae
2230 858 2383 927 stipis
2431 855 2701 925 cupidum,
2734 853 3016 925 pecuniam
3046 868 3154 907 non
3202 853 3432 919 habens,
3464 854 3698 908 sanitate

2112 946 2317 1001 ditavit.

2186 1034 2271 1089 55.
2317 1035 2500 1104 Itaque
2549 1049 2800 1103 egeamus
2838 1034 3061 1088 avaritia
3106 1035 3240 1097 auri,
3278 1042 3338 1089 ut
3361 1033 3702 1090 abundemus

2113 1127 2312 1194 gratia;
2341 1135 2396 1180 et
2431 1141 2528 1196 per
2562 1126 2792 1195 inopiam
2821 1125 3175 1179 voluntariam
3208 1124 3528 1178 vilescentes
3577 1123 3701 1177 huic

2115 1219 2317 1285 seculo,
2347 1219 2639 1288 pretiosum
2670 1218 2895 1271 Domino
2934 1219 2979 1249 ⁷⁸
3007 1217 3301 1271 emciamur
3340 1225 3698 1283 unguentum.

2115 1309 2446 1379 Spirabimus
2474 1309 2614 1363 enim
2643 1309 2840 1362 bonum
2869 1307 3063 1361 Christi
3094 1306 3315 1361 odorem
3336 1305 3473 1373 Deo,
3505 1308 3547 1359 si
3572 1323 3703 1359 mor-

2118 1410 2215 1453 tem
2244 1400 2436 1454 Christi
2465 1402 2518 1453 in
2544 1416 2757 1469 corpore
2797 1407 2973 1453 austro
3012 1399 3449 1467 circumferentes,
3477 1406 3527 1448 et
3547 1397 3701 1449 vitam

2117 1490 2169 1543 in
2209 1490 2399 1558 Spiritu
2437 1491 2913 1558 mantfestantes,et
2946 1487 3208 1556 passionis
3228 1485 3524 1539 Dominiczn
3551 1492 3604 1538 et
3625 1499 3701 1538 re-

2118 1579 2462 1634 surrectionis
2474 1579 2642 1633 odore
2653 1576 2944 1645 fragremus
2956 1575 3003 1629 δ.
3020 1576 3287 1629 Mittemus
3301 1578 3345 1608 τ’
3355 1574 3700 1645 ιᾰριιυῑειιι

442 1680 759 1740 aspernatus
786 1682 888 1739 est,
918 1675 1011 1743 qui
1047 1676 1247 1744 recepti
1277 1675 1440 1730 corde
1483 1689 1581 1728 sno
1618 1673 1791 1727 zabuli
1828 1674 2015 1742 spiritu
2053 1683 2094 1741 Β
2121 1670 2510 1738 unguentumin
2529 1683 2727 1738 corpus
2754 1666 3032 1732 Christi,si
3059 1665 3414 1719 substantiam
3429 1664 3701 1730 vitamque

440 1759 679 1817 mulieris
708 1772 1033 1831 unguentum
1050 1763 1246 1818 Christi
1263 1764 1487 1833 pedibus
1516 1763 1787 1818 invidebat
1799 1764 1845 1817 δ.
1878 1764 2017 1834 Ope-

441 1847 589 1903 ribus
617 1849 757 1903 enim
781 1850 995 1919 pietatis
1021 1859 1076 1905 et
1099 1852 1479 1907 misericordia:
1508 1860 1563 1906 et
1599 1854 1829 1919 ungitur,
1860 1862 1914 1907 et
1944 1853 2015 1924 (ε)

440 1939 746 2005 feneratur,
779 1951 834 1996 et
861 1944 1097 2012 pascitur
1125 1943 1369 1999 Christus
1401 1943 1494 2013 (V.
1527 1953 1641 1999 not.
1676 1943 1787 2013 92).
1820 1944 2018 1998 Verum

442 2030 693 2098 traditor,
738 2041 1023 2101 antequam
1074 2034 1329 2103 proderet
1369 2034 1685 2096 Dominum,
1741 2030 2019 2102 perﬁdiam

441 2135 594 2175 suam
621 2122 855 2190 prodidit
876 2132 902 2162 α
931 2140 943 2174 :
970 2138 1128 2193 quem
1159 2140 1265 2178 non
1294 2139 1610 2193 pauperum,
1640 2122 1734 2176 sed
1759 2121 2020 2175 furtorum

443 2223 661 2263 suorum
692 2224 819 2263 cura
845 2221 1230 2278 commoverat,
1260 2221 1316 2266 et
1354 2213 1491 2266 livor
1519 2212 1713 2265 mentis
1736 2208 1931 2273 inﬁdae,
1964 2217 2022 2262 ut

443 2305 774 2365 unguentum
803 2298 952 2361 illud,
982 2300 1273 2367 quamlibet
1301 2301 1613 2369 pretiosum,
1642 2302 1894 2357 dominici
1938 2311 2021 2356 ta-

445 2399 570 2440 men
618 2386 890 2454 sanguinis
935 2389 1339 2457 comparatione
1372 2390 1706 2458 vilissimum,
1738 2390 2024 2460 pretiosius

446 2492 675 2548 corpore
712 2480 933 2534 salutari
970 2479 1215 2549 judicans
1239 2523 1253 2548 ,
1285 2482 1649 2549 indignaretur
1677 2482 1730 2536 in
1772 2480 2022 2536 feminam

446 2569 536 2638 pie
556 2570 854 2639 prodigam,
881 2586 1041 2640 quam
1069 2572 1181 2641 ipse
1208 2571 1464 2627 Dominus
1494 2572 1693 2627 bonum
1726 2572 1781 2626 in
1804 2586 1862 2626 se
1891 2586 2026 2640 opus

448 2666 678 2713 testatur
726 2669 1041 2728 operatam;
1092 2662 1294 2719 docens
1351 2667 1621 2732 egentium
1673 2680 1857 2720 curam
1910 2682 2029 2722 esse

451 2747 890 2815 posthabendam,
923 2749 1017 2804 sed
1042 2751 1140 2805 sibi
1165 2759 1367 2807 tantum
1401 2773 1413 2807 :
1443 2763 1501 2808 ut
1531 2756 1580 2808 in
1612 2770 1677 2809 eo
1698 2753 2024 2821 ostenderet,

452 2835 535 2904 (ά)
559 2837 700 2904 quod
724 2837 885 2892 corde
913 2854 1163 2907 perverso
1185 2840 1306 2896 ﬁdei
1328 2845 1747 2900 misericordiam
1768 2848 2031 2916 prmtulis-

450 2933 533 2978 set
563 2924 657 2990 (V.
681 2934 795 2981 not.
821 2927 931 2997 95),
964 2944 1085 2982 cum
1116 2930 1286 2986 fomes
1307 2949 1532 3002 operum
1555 2936 1683 2990 fides
1705 2937 1791 3000 sit,
1822 2944 1877 2991 et
1898 2953 2032 3007 pne-

2119 1772 2353 1819 nostram
2387 1761 2462 1833 (g)
2491 1762 2545 1814 in
2591 1760 2747 1815 ﬁdem
2774 1759 3016 1813 veritatis
3043 1756 3158 1825 ejus
3185 1765 3240 1810 et
3285 1754 3547 1825 praecepti
3575 1753 3702 1807 obe-

2118 1854 2369 1909 dientiam
2399 1849 2754 1908 conferamus.
2781 1851 2929 1906 Tunc
2958 1851 3009 1903 in
3039 1848 3155 1917 ejus
3182 1862 3415 1918 corpore
3444 1847 3701 1917 replentia

2118 1944 2334 1999 domum
2357 1951 2523 1997 totam
2538 1948 2805 2011 unguenta
2829 1939 3256 2008 fragrabimns,si
3284 1939 3512 1993 caritate
3540 1938 3704 2006 perfe-

2120 2042 2206 2090 cta
2251 2033 2519 2103 possimus
2548 2046 2799 2101 umquam
2838 2030 3017 2084 dicere
3046 2047 3059 2082 :
3093 2029 3225 2082 Mihi
3257 2036 3441 2081 autem
3488 2026 3703 2080 mundus

2121 2124 2396 2192 cruciﬁxus
2416 2127 2491 2175 est
2525 2119 2543 2160 ί
2567 2139 2581 2187 ;
2613 2136 2720 2175 non
2744 2112 2943 2174 amanti
2971 2119 3181 2174 divitias
3204 2117 3299 2187 (V.
3318 2125 3435 2171 not.
3455 2116 3567 2182 95),
3601 2131 3703 2169 non

2122 2213 2356 2268 honores
2382 2213 2426 2245 ⁸⁸
2454 2212 2615 2267 seculi
2645 2229 2657 2263 :
2692 2226 2798 2265 non
2827 2210 3026 2265 amanti
3054 2223 3170 2278 quae
3200 2209 3419 2278 propria
3449 2215 3589 2273 sunt,
3616 2206 3703 2260 sed

2123 2318 2241 2372 qua:
2268 2309 2392 2357 sunt
2417 2300 2617 2356 Christi
2649 2302 2661 2351 l
2707 2320 2719 2355 ε
2770 2316 2877 2355 non
2926 2300 3126 2354 amanti
3169 2314 3287 2368 qure
3312 2299 3583 2361 videntur,
3614 2295 3705 2351 sed

2124 2408 2242 2461 qu:e
2271 2408 2377 2447 non
2407 2394 2672 2448 videntur.
2706 2391 2797 2447 liae
2820 2392 2975 2446 nobis
3004 2400 3159 2445 erunt
3182 2391 3234 2444 in
3255 2391 3517 2444 virtutem
3545 2397 3600 2443 et
3618 2388 3705 2441 nii~

2128 2482 2402 2537 nisterium
2415 2491 2655 2537 sanctum
2685 2495 2868 2545 comm,
2900 2481 3093 2550 quibus
3122 2490 3176 2535 et
3204 2480 3367 2551 pedes
3399 2479 3593 2535 Christi
3628 2479 3702 2546 (Ιι)

2126 2572 2515 2640 detergeamus,
2542 2580 2596 2626 et
2615 2572 2767 2625 funes
2787 2580 3127 2640 peccatorum
3150 2585 3402 2640 rumpere
3427 2570 3705 2638 possimus,

2129 2671 2183 2715 et
2211 2663 2262 2716 in
2301 2663 2491 2733 spiritu
2521 2662 2779 2717 libertatis
2808 2661 3133 2729 gratulantes
3161 2660 3341 2715 dicere
3389 2678 3402 2711 :
3438 2657 3706 2729 Disrupisti

2131 2753 2172 2784 ⁸⁸
2197 2754 2396 2806 vincula
2416 2768 2547 2817 mea,
2581 2751 2669 2806 tibi
2700 2751 3003 2820 sacriﬁcabo
3034 2752 3251 2805 hostiam
3278 2751 3455 2804 laudis
3487 2749 3533 2802 ¹ι.

2202 2841 2289 2897 56.
2313 2842 2418 2897 Sed
2446 2842 2569 2896 dum
2590 2842 2833 2897 currendi
2863 2842 3111 2910 spatium,
3135 2841 3258 2895 dum
3285 2840 3552 2909 serviendi
3579 2848 3705 2892 tem-

2132 2949 2233 3003 pus
2272 2942 2371 2997 est,
2400 2948 2681 3003 pascamus
2725 2932 3028 3001 bujusmodi
3057 2947 3264 2987 comam
3304 2948 3317 2983 :
3358 2940 3420 2985 et
3449 2931 3706 2985 imitemur

451 3016 622 3085 ceptis
650 3017 761 3071 suis
790 3028 1004 3087 prtestet
1046 3021 1159 3089 ipse
1181 3033 1495 3092 prteceptor.
1527 3025 1635 3080 Nisi
1664 3026 1807 3095 quod
1837 3028 1889 3081 in
1930 3028 2030 3082 hoc
2061 3040 2104 3102 ο
2137 3040 2242 3079 non
2293 3024 2465 3079 solum
2492 3023 2831 3079 dilectionem
2862 3023 3001 3077 illius
3029 3022 3347 3090 evangelicae
3375 3020 3705 3090 peccatricis,

453 3122 669 3177 quoque
700 3108 836 3163 ﬁlius
865 3112 1179 3179 perditionis
1206 3117 1467 3193 ostendit,
1497 3133 1655 3187 quam
1687 3121 1845 3174 vilem
1873 3120 2028 3176 Chri-

454 3203 595 3248 stum
625 3196 883 3260 haberet,
918 3200 988 3268 (e)
1014 3201 1103 3268 qui
1128 3192 1473 3270 unguentum,
1506 3209 1650 3275 quod
1677 3225 1837 3279 supra
1878 3211 2031 3265 Chri-

455 3290 595 3337 stum
626 3283 1013 3352 effundebatur,
1048 3291 1222 3357 perire
1249 3292 1402 3348 dixit.
1448 3295 1513 3349 Et
1561 3298 1681 3351 ideo
1721 3315 1826 3353 non
1846 3308 1948 3373 .est
1977 3301 2028 3354 in

456 3375 631 3442 pretio
659 3377 927 3443 sanguinis
954 3378 1181 3444 Christi,
1214 3383 1337 3451 quia
1367 3384 1565 3440 habere
1604 3403 1711 3441 non
1743 3396 1919 3457 potest
1947 3405 2033 3444 re-

456 3461 751 3518 demtorem
772 3506 787 3532 ,
818 3481 977 3535 quem
1004 3468 1193 3523 maluit
1221 3470 1420 3528 habere
1449 3477 1694 3530 venalem
1719 3495 1733 3542 ;
1775 3485 1827 3533 et
1852 3478 1971 3547 jure
2001 3496 2031 3534 a

456 3560 781 3613 commercio
831 3560 951 3615 vitae
994 3564 1184 3618 mortis
1229 3573 1537 3619 contractor
1573 3567 1892 3633 excluditur,
1935 3585 2033 3625 suo

456 3646 624 3714 ipsius
644 3648 976 3706 damnandus
986 3653 1204 3721 judicio,
1220 3671 1327 3725 quo
1348 3656 1565 3724 triginta
1587 3658 1630 3688 ⁷³
1649 3659 1827 3713 aureis
1851 3660 2035 3714 vendi-

456 3736 537 3790 dit
561 3752 874 3809 eum,qnem
896 3743 1106 3810 mulier,
1134 3745 1321 3815 utipse
1342 3756 1635 3810 taxaverat,
1662 3748 1815 3801 unxit
1836 3755 2038 3805 trecen-

458 3827 548 3881 tis.
581 3827 685 3883 Sed
709 3830 761 3883 in
777 3834 877 3887 hoc
898 3849 1199 3903 perversus,
1222 3836 1366 3905 quod
1393 3837 1566 3906 ipsum
1587 3840 1630 3869 ⁷⁷
1652 3840 1741 3894 vili
1759 3841 2032 3897 :estimans

458 3916 764 3981 Dominum,
797 3932 1120 3989 unguentum
1151 3926 1459 3995 illud,quod
1487 3927 1541 3981 in
1571 3929 1857 3984 salutarem
1884 3932 2038 3987 nobis

457 4004 576 4072 ejus
625 4008 954 4075 sepulturam
1003 4013 1452 4079 prazmittebatur,
1485 4030 1611 4070 caro
1671 4019 1953 4073 aestimavit
1984 4018 2031 4073 ἀ.

458 4092 623 4162 Vere,
652 4103 712 4149 ut
740 4096 978 4161 zabulus,
1008 4097 1222 4165 ignarus
1251 4101 1435 4168 gratiae
1465 4102 1575 4167 Dei,
1608 4103 1660 4156 in
1689 4119 1791 4173 qua
1824 4106 1899 4161 illi
1929 4123 2037 4163 non

459 4192 603 4238 esset
630 4184 838 4252 portio;
872 4200 976 4239 non
1008 4187 1253 4254 caritate,
1283 4188 1376 4243 sed
1406 4190 1628 4255 invidia,
1662 4209 1855 4264 magno
1891 4198 2035 4251 aesti-

459 4274 628 4327 mavit
650 4274 877 4341 pretium
904 4276 1090 4329 mortis
1118 4276 1250 4344 ejus,
1275 4294 1380 4346 qua
1409 4295 1505 4333 nos
1527 4283 1691 4348 gratis
1720 4295 1917 4351 servat,
1947 4288 2037 4356 qui

459 4375 655 4429 magno
678 4363 824 4428 emit,
859 4381 965 4419 non
994 4367 1177 4421 vendit
1209 4379 1231 4405 ε’
1255 4370 1349 4441 (V.
1379 4377 1491 4426 not.
1518 4372 1628 4433 94).
1652 4374 1758 4429 Nos
1782 4378 1919 4431 enim
1951 4379 2038 4433 ille

2135 3125 2192 3170 ut
2211 3131 2393 3171 amore
2414 3130 2605 3185 magno
2626 3130 2814 3184 magna
2836 3114 3013 3169 debita
3033 3114 3315 3175 diluamus,
3333 3113 3433 3167 sed
3447 3119 3502 3167 et
3521 3112 3707 3179 impor-

2131 3208 2411 3261 tunitatem
2435 3206 2690 3275 ejusdem,
2717 3212 2774 3260 ut
2803 3205 2863 3276 (i)
2905 3205 3267 3274 prteripiamus
3296 3204 3388 3256 irae
3422 3198 3707 3256 imminenti

2133 3298 2376 3353 salutem.
2406 3298 2735 3368 Opportune,
2767 3298 3066 3366 importune
3096 3310 3285 3365 panem
3331 3296 3457 3348 vita:
3485 3305 3709 3363 qurercn.

2136 3400 2216 3445 tes
2247 3430 2261 3453 ,
2305 3390 2701 3461 patrisfamilias
2739 3390 2956 3458 januam
2986 3396 3041 3441 et
3070 3396 3228 3441 nocte
3257 3386 3533 3455 pulsemus
3578 3381 3614 3434 ι.
3647 3379 3706 3432 In

2135 3480 2359 3533 noctibus
2372 3480 2534 3543 enim,
2554 3480 2738 3547 inquit,
2752 3479 2977 3532 extollite
2991 3493 3170 3530 manus
3184 3485 3375 3530 vestras
3398 3477 3455 3528 in
3473 3478 3704 3528 sanctam.

2134 3567 2319 3623 Omnis
2348 3570 2402 3623 in
2449 3567 2662 3622 Christo
2708 3567 2964 3636 sapientis
3010 3566 3191 3620 limina
3243 3565 3336 3637 (V.
3363 3575 3482 3618 not.
3525 3563 3630 3627 96),
3658 3565 3709 3612 ut

2131 3659 2335 3729 jussum
2362 3668 2461 3724 est,
2490 3668 2814 3726 exterentes,
2840 3658 3035 3726 ubique
3064 3666 3339 3726 captemus
3366 3658 3544 3710 cibum
3573 3652 3705 3712 vitaz,

2136 3751 2202 3821 (j)
2236 3751 2555 3819 ubicumque
2583 3764 2910 3817 aucupemur
2935 3747 3153 3801 verbum
3202 3746 3329 3809 Dei;
3383 3744 3454 3799 de
3483 3741 3707 3798 omnium

2139 3842 2368 3896 ﬁdelium
2391 3854 2485 3895 ore
2510 3838 2853 3908 pendeamus,
2886 3838 3007 3906 quia
3035 3838 3087 3890 in
3110 3850 3321 3889 omnem
3363 3835 3572 3889 fidelem
3598 3828 3710 3896 Spi-

2136 3932 2271 3985 ritus
2300 3930 2395 3984 Dei
2422 3929 2588 3999 spirat
2614 3946 2626 3980 :
2661 3937 2716 3982 et
2762 3942 2982 3982 necesse
3011 3935 3094 3981 est
3121 3942 3151 3979 a
3190 3926 3412 3978 minimo
3444 3923 3537 3977 Dei
3564 3930 3711 3971 servo

2137 4022 2222 4076 vel
2252 4030 2453 4092 guttam
2483 4020 2714 4075 cmlestis
2743 4019 3016 4087 sapientiae
3040 4017 3330 4079 destillare,
3356 4031 3478 4084 quae
3505 4010 3711 4066 aridita-

2139 4121 2246 4167 tem
2273 4112 2376 4166 mei
2405 4112 2582 4167 cordis
2610 4111 2805 4164 irroret
2832 4111 2911 4173 ⁸²;
2944 4117 2997 4163 et
3018 4108 3147 4161 mihi
3173 4120 3331 4174 supra
3352 4105 3514 4175 huius
3554 4096 3710 4155 seculi

2139 4202 2453 4273 sapientium
2482 4201 2697 4255 flumina
2718 4200 2781 4254 ad
2804 4209 2987 4270 potum
3012 4198 3251 4253 utilitatis
3272 4196 3531 4250 exuberet
3558 4209 3569 4244 :
3595 4188 3710 4256 quia

2140 4294 2277 4347 malo
2300 4294 2514 4364 quinque
2540 4292 2689 4347 verba
2735 4291 2871 4361 loqui
2896 4293 2949 4342 in
2988 4290 3096 4360 lege
3136 4287 3230 4359 (V.
3266 4294 3376 4339 not.
3428 4284 3538 4351 9'7),
3570 4291 3712 4352 quam

2146 4385 2305 4436 multa
2357 4382 2519 4435 millia
2570 4383 2623 4434 in
2660 4380 2837 4450 lingua
2868 4389 2923 4445 1’;
2955 4380 3093 4433 sicut
3121 4394 3275 4430 unum
3306 4376 3439 4428 diem
3481 4374 3535 4425 in
3575 4366 3710 4421 atriis

460 4451 576 4505 vult
602 4453 865 4521 pretiosos
898 4454 1071 4512 facere
1108 4459 1190 4513 sui
1220 4462 1453 4516 muneris
1475 4463 1698 4519 vilitate.
1730 4464 1847 4536 Ipse
1883 4468 2037 4527 nobis
2067 4469 2115 4527 D
2142 4474 2346 4529 Domini
2376 4477 2553 4537 vivere,
2571 4491 2721 4543 quam
2738 4473 2899 4526 millia
2916 4474 2966 4525 in
2985 4470 3322 4525 tabernaculis
3339 4465 3647 4538 peccantium
3664 4468 3708 4520 ο,

536 4572 561 4600 ι
592 4564 745 4643 Cant:
777 4581 829 4630 v,
852 4566 903 4621 2.
984 4569 1008 4606 ἱ)
1039 4568 1225 4643 J_ohan.
1245 4588 1365 4643 snt,
1391 4571 1450 4637 2;
1477 4571 1684 4637 Matth.,
1718 4592 1859 4639 xxvx.
1893 4580 1984 4643 1ος
2016 4582 2180 4638 Marc.
2212 4602 2315 4643 x1v,
2342 4583 2392 4636 6.

461 4649 573 4707 διν,
606 4632 677 4707 _5;
718 4633 843 4707 Luc.
887 4655 1012 4699 χχιι,
1060 4638 1108 4692 5.
1190 4651 1211 4678 ο
1242 4640 1259 4693 l
1290 4632 1413 4695 Cor.
1439 4632 1529 4707 'vt,
1573 4644 1658 4698 20.

464 4703 656 4781 Matth.
689 4720 796 4769 xvr,
827 4706 887 4767 7;
929 4707 1091 4781 hiare.
1124 4726 1233 4781 διν,
1266 4712 1317 4765 5.
1401 4714 1415 4748 ί
1451 4703 1568 4767 Gal.
1598 4730 1669 4781 v1,
1703 4717 1787 4771 M.

540 4886 617 4962 (a)
657 4885 1110 4962 Sic‘manuscripti
1139 4890 1348 4948 codices
1377 4892 1530 4962 Reg,
1564 4895 1683 4951 Vat.
1712 4907 1766 4953 ct
1798 4900 1948 4955 Vien.
1973 4901 2041 4954 At

467 4956 616 5025 editi,
650 4957 938 5025 purissimis
960 4956 1250 5013 serenitate.

450 5040 462 5077 ι
543 5023 616 5094 (b)
651 5023 821 5080 'Abest
867 5037 1036 5080 tamen
1074 5030 1141 5084 ab
1178 5030 1415 5086 editione
1456 5033 1640 5090 Schot.
1674 5045 1724 5091 et
1753 5054 1780 5091 a
1812 5054 1912 5091 ms.
1944 5054 2039 5092 eo.-

471 5094 590 5172 dice
619 5094 898 5172 Vaticano,
927 5096 979 5149 in
1003 5113 1110 5165 quo
1142 5108 1286 5153 totus
1308 5101 1455 5159 locus
1476 5105 1552 5157 sic
1581 5106 1771 5172 legitur
1796 5126 1807 5158 :
1832 5106 1902 5159 Et
1930 5108 2043 5159 illu-

469 5166 696 5219 minator
723 5167 945 5240 noctium
975 5178 1265 5223 nostrarum
1286 5174 1439 5240 guttis
1469 5166 1846 5229 noctisvnostra:
1873 5177 2039 5229 crines

468 5250 727 5307 suosegse
754 5237 987 5307 perfusos
1007 5240 1211 5307 gaudet.

474 5302 727 5428 “32:5:
911 5302 1041 5373 Reg.
1075 5315 1130 5362 et
1156 5308 1309 5362 Vien.
1343 5309 1446 5365 Alii
1485 5312 1725 5381 codices,
1752 5322 2038 5369 serenatur.

539 5443 617 5516 (ά)
646 5442 735 5516 Sic
763 5443 1039 5516 ms.»Vien.
1069 5462 1187 5501 eum
1215 5449 1345 5503 edit.
1373 5450 1557 5506 Schot.
1583 5452 1777 5516 Ceteri,
1806 5463 1877 5506 ut.

543 5511 1011 5597 {pilixpnnximus
1038 5518 1352 5588 particulam
1380 5530 1434 5573 ut
1471 5536 1588 5593 quze
1612 5538 1641 5578 a
1671 5511 2043 5597 manuscriptis

472 5580 745 5640 codicibus
774 5583 976 5640 aberat.

1742 4648 1761 4720 ξ
1805 4648 1989 4706 Matth.
2030 4670 2084 4720 χ,
2118 4654 2169 4707 8.
2247 4666 2270 4699 5
2303 4656 2419 4708 Act.
2467 4670 2551 4719 ιιι,
2593 4654 2644 4706 6.

1869 4725 1882 4769 l
1926 4720 2151 4793 Philipp.
2187 4741 2240 4786 ιι,
2280 4723 2367 4775 “2|.

466 4781 505 4808 ³³
534 4771 678 4828 Psal.
710 4790 924 4841 cxxxm,
955 4778 1004 4829 2.
1083 4779 1149 4831 nI
1193 4771 1315 4834 Cor.
1350 4798 1457 4849 xxv,
1490 4783 1573 4837 19.
1654 4771 1678 4821 ὃ
1709 4787 1849 4843 Psal.
1879 4771 2197 4861 livli

2474 4595 2495 4622 ε
2519 4583 2711 4637 Johan.
2743 4599 2832 4645 xu,
2864 4582 2915 4635 6.
2994 4580 3017 4616 ἀ
3045 4580 3231 4633 Matth.
3260 4576 3521 4640 xxvr,15;
3552 4572 3708 4645 Marc.

2722 4649 2746 4688 ιλ
2780 4638 2831 4705 ll,
2851 4651 2974 4704 Cor.
3021 4668 3094 4712 ιι,
3139 4647 3231 4710 15ς
3275 4648 3315 4701 ll
3352 4638 3475 4701 Cor.
3520 4659 3587 4703 Iv,
3618 4638 3705 4712 ΠΒ

2448 4705 2643 4777 κῄίίεειι.
2685 4738 2803 4787 cxv,
2847 4721 2914 4774 16
2952 4730 3007 4776 et
3035 4705 3121 4772 Π.
3204 4705 3230 4757 ι’
3264 4718 3392 4771 Luc.
3428 4733 3499 4782 χι,
3528 4712 3630 4766 5οι
3655 4705 3702 4757 8-

2221 4903 2288 4971 (Ῑ)
2323 4900 2631 4956 Addidimus
2660 4890 2881 4971 gratiam
2907 4914 2973 4954 ex
3002 4913 3131 4953 mss.
3158 4896 3291 4965 Reg.
3318 4903 3372 4949 et
3393 4894 3561 4948 Vatic.
3587 4886 3709 4941 Vide

2145 4988 2295 5026 seua.

2322 5038 2411 5094 Sic
2436 5055 2561 5094 mss.
2595 5040 2825 5095 codices.
2859 5038 3022 5104 Editi,
3062 5040 3115 5091 in
3144 5026 3705 5107 ﬁde...etrobec_li_cntia.

2244 5094 2294 5177 7.3
2328 5110 2403 5163 Ita
2428 5126 2527 5163 ms.
2553 5094 2683 5177 Reg.
2709 5126 2829 5165 cum
2852 5094 3281 5176 editis'quatuor.
3311 5105 3411 5158 Alii
3428 5102 3599 5162 codd.,
3621 5094 3705 5147 de-

2148 5178 2421 5251 tergamus.
2457 5178 2583 5232 Vide
2602 5184 3126 5251 nttm.24.f§rgeait_t_.
3182 5247 3192 5251 _
3255 5246 3266 5251 _
3400 5244 3413 5251 _
3488 5240 3516 5251 γ.

2258 5198 2421 5232 οιηιιε.
2463 5198 2583 5232 νιαρ
2612 5198 3126 5248 num.‘24.lergeam-

2221 5198 2282 5317 lli)
2326 5247 2413 5303 Sic
2443 5264 2568 5300 mss.
2601 5248 2732 5316 Reg.
2783 5257 2837 5303 ct
2872 5248 3026 5301 Vien.
3075 5246 3359 5317 Verissima
3400 5240 3553 5298 lectio
3576 5244 3706 5317 laute

2148 5305 2393 5371 ex‘iufra
2428 5305 2771 5385 sequentibus
2812 5317 3156 5373 conﬁrmatur
3195 5333 3246 5369 ιι.
3280 5314 3349 5367 56
3378 5323 3431 5368 et
3471 5328 3524 5367 n.
3564 5305 3594 5357 4
3620 5316 3704 5356 su-

2148 5402 2264 5456 pra.

2222 5456 2287 5526 (j)
2322 5456 2417 5513 Hic
2454 5463 2507 5510 et
2532 5456 2750 5511 inferius
2783 5472 2850 5511 ex
2878 5472 3006 5511 mss.
3040 5456 3171 5521 Reg.
3206 5461 3260 5508 et
3286 5456 3437 5506 Vien.
3479 5456 3705 5515 reposui-

2149 5541 2267 5597 mus
2294 5532 2590 5597 ubicumque
2613 5542 2630 5577 :
2660 5542 2777 5595 quze
2806 5527 2964 5583 lectio
2992 5523 3337 5582 conﬁrmatur
3362 5536 3428 5577 ex
3456 5514 3705 5585 se‘l'lcuu'

2149 5595 2267 5651 ltus.
2301 5595 2460 5657 Editi.
2493 5595 2689 5669 ubique.

2272 5457 2287 5525 )
2322 5455 2417 5513 Hic
2454 5463 2507 5510 et
2532 5454 2750 5511 inferius
2783 5472 2850 5511 ex
2878 5472 3006 5511 mss.
3040 5454 3171 5525 Reg.
3206 5461 3260 5508 et
3286 5451 3437 5506 Vien.
3479 5436 3705 5525 reposui:-
