4006 6180
248 279 324 333 981
1572 262 1806 320 EPISTO

1937 262 2116 320 XXIII.

3367 281 3475 339 28?.

246 388 470 462 quoniam
499 386 713 455 spiritus
738 381 825 436 ubi
847 382 949 436 vult
968 382 1150 452 spirat,
1177 388 1226 435 et
1248 378 1402 433 audio
1422 394 1590 433 vocem
1612 378 1721 448 ejus
1743 387 1791 431 et
1822 383 1867 439 Α
1897 384 1983 431 tur
2010 376 2219 442 ardore,
2252 386 2307 433 et
2334 377 2543 435 conﬁxa
2590 382 2769 451 ignitis
2797 384 3074 444 dominica:
3117 394 3353 449 caritatis
3382 411 3469 450 sa-

246 481 389 536 nescio
409 477 543 530 unde
562 476 728 528 veniat
746 482 790 526 ⁸.
810 472 974 540 Igitur
993 472 1312 538 ubicumque
1332 484 1517 523 auram
1537 467 1651 537 ejus
1671 483 1798 537 cap.

245 570 777 634 tabozundecumque
798 565 881 619 vel
923 571 1134 617 tenuem
1158 562 1381 616 halitmn
1423 561 1612 627 legam.
1648 558 1795 624 Quo--

246 677 447 731 cumque
498 659 581 713 vel
627 659 682 711 in
726 656 942 710 domum
1003 653 1201 720 indigni
1248 651 1341 721 (V.
1385 659 1498 704 not.
1530 648 1661 719 98),
1713 648 1798 702 vel

245 759 289 812 in
314 755 518 808 domum
555 747 809 802 Pharisaei
836 745 1047 799 audiam
1087 744 1290 812 justum
1319 742 1547 805 venisse,
1577 746 1802 794 conten-

246 852 345 906 dam
370 845 658 918 prieripere
682 841 909 910 hospitis
948 837 1192 907 gratiam,
1214 836 1499 905 prmripere
1528 834 1572 887 si
1601 833 1801 902 possim

246 954 443 1009 regnum
458 935 736 991 caelorum.
762 929 1091 998 Ubicumque
1112 927 1238 980 mihi
1260 922 1802 980 resonaveritChristi

247 1044 437 1093 nomen,
456 1038 753 1087 accurram;
774 1021 839 1074 ad
855 1019 1233 1087 cujuscumque
1256 1016 1565 1071 interiorem
1584 1013 1803 1067 domum

244 1121 399 1175 lcsum
417 1117 620 1169 intrare
652 1125 976 1180 cognovero,
999 1117 1053 1163 et
1079 1109 1190 1177 ipse
1210 1106 1528 1178 pr0perabo.
1559 1103 1691 1158 Cum
1719 1120 1806 1159 re-

246 1221 408 1279 perero
430 1202 769 1272 sapientiam,
796 1215 916 1253 cum
944 1212 1195 1267 rcperero
1215 1196 1473 1265 justitiam
1503 1195 1554 1247 in
1585 1191 1807 1261 alicujus

248 1294 583 1369 penetralibus
601 1290 1019 1353 recumbentem,
1039 1303 1248 1343 curram
1272 1287 1337 1341 ad
1362 1286 1524 1356 pedes
1544 1284 1739 1339 Christi
1755 1283 1803 1345 δ,

248 1398 297 1443 ut
313 1387 385 1441 vel
401 1393 649 1441 extremo
670 1381 944 1451 sapientiae
958 1381 1182 1447 vestigio
1202 1380 1407 1447 signer;
1429 1392 1526 1431 nec
1542 1375 1806 1430 fastidiam

248 1479 405 1550 pedes,
420 1478 589 1530 immo
619 1473 838 1542 optabo,
869 1480 929 1525 ut
948 1472 1033 1526 vel
1062 1471 1283 1541 pedibus
1310 1470 1419 1524 suis
1448 1476 1628 1537 tangat
1649 1475 1809 1537 caput

248 1585 397 1624 meum
426 1567 695 1622 Christus.
732 1563 824 1617 Illa
869 1563 1126 1618 ﬁmbriam
1168 1562 1369 1630 tetigit,
1400 1567 1453 1615 et
1481 1567 1665 1614 curata
1695 1567 1805 1624 est;

249 1660 359 1713 alios
403 1666 455 1713 et
485 1656 716 1711 transitu
751 1654 796 1687 ⁸³
837 1652 1118 1724 apostolici
1163 1651 1403 1722 corporis
1453 1646 1809 1703 inumbrando

249 1751 427 1804 sanavit
460 1761 507 1802 ο.

311 1841 448 1913 143
480 1841 571 1895 57.
604 1835 985 1908 Expandamus
1027 1834 1101 1889 illi
1145 1833 1367 1903 capillos
1414 1830 1509 1900 (V.
1540 1837 1656 1884 not.
1694 1826 1804 1897 99),

250 1932 295 1988 id
319 1940 415 1997 est,
438 1945 633 1985 omnes
671 1936 977 1983 nostrorum
1036 1925 1320 1991 insignium
1364 1921 1648 1990 dignitates
1686 1930 1810 1971 ante

254 2024 399 2093 ipsum
437 2032 780 2085 stet-namus;
803 2027 857 2074 et
878 2017 1190 2087 dejiciamur
1221 2031 1250 2068 a
1282 2010 1708 2080 nobismetipsis,
1753 2016 1811 2063 ut

250 2116 524 2169 exaltemur
549 2114 618 2167 ab
647 2112 758 2177 illo,
789 2112 872 2181 qui
914 2110 969 2163 in
1000 2108 1119 2161 altis
1158 2107 1376 2171 habitat,
1404 2112 1451 2157 et
1481 2102 1695 2155 humilia
1728 2117 1811 2153 re-

250 2206 372 2273 spicit
398 2203 442 2257 ἀ.
471 2202 550 2274 (a)
583 2201 856 2272 Lacrymis
893 2198 1083 2252 delicta
1124 2202 1305 2250 nostra
1335 2194 1613 2255 fateamur,
1646 2198 1705 2243 ut
1744 2189 1811 2243 de

248 2296 377 2350 nobis
404 2308 625 2364 quoque
648 2291 794 2345 dicat
819 2288 1028 2343 Justitia
1052 2287 1138 2340 illa
1159 2285 1424 2340 cmlestis:
1451 2280 1716 2350 Lacrymis
1739 2278 1810 2331 ri-

249 2388 361 2456 gavit
386 2386 539 2454 pedes
561 2399 721 2448 meos,
738 2391 783 2434 et
805 2379 1003 2449 capillis
1034 2380 1137 2431 suis
1163 2378 1304 2431 tersit
1328 2386 1372 2428 ε.
1390 2373 1646 2428 Fortasse
1666 2369 1808 2424 enim

247 2476 347 2529 ideo
374 2474 464 2546 (V.
498 2482 618 2528 not.
673 2472 795 2540 100)
825 2486 929 2524 non
963 2468 1036 2539 (ὁ)
1087 2468 1275 2521 laverit
1317 2465 1480 2535 pedes
1523 2478 1651 2517 suos
1687 2476 1810 2515 cum

248 2564 605 2634 discipulorum
638 2563 862 2622 lavaret,
897 2567 955 2613 ut
1000 2574 1094 2613 eos
1121 2556 1318 2610 nostris
1345 2554 1594 2623 lacrymis
1614 2566 1712 2605 nos
1738 2553 1787 2620 (c

248 2653 480 2708 lavemus.
515 2652 634 2707 Non
657 2649 942 2705 mediocris
970 2649 1142 2701 anima
1171 2648 1257 2700 illa
1286 2646 1463 2699 meriti
1492 2651 1595 2707 est,
1618 2642 1685 2696 de
1705 2656 1805 2708 qua

246 2748 603 2815 potestdicere
624 2742 897 2812 Sapientia
923 2759 933 2794 :
969 2740 1051 2793 Ea:
1081 2756 1177 2810 quo
1201 2740 1431 2802 intravit,
1463 2752 1566 2789 non
1594 2734 1811 2788 cessavit

246 2839 443 2891 osculari
469 2837 626 2907 pedes
653 2852 790 2888 meos
819 2833 862 2888 ί.
892 2833 968 2902 (d)
1000 2830 1136 2897 Quid
1164 2838 1245 2884 est
1288 2830 1391 2883 hoc
1417 2828 1677 2887 osculum,
1709 2824 1811 2878 nisi

246 2930 413 2997 pignus
438 2936 705 2982 :cternum
727 2926 867 2978 illius
895 2924 1151 2987 caritatis,
1183 2935 1301 2989 qua:
1327 2920 1490 2988 operit
1520 2916 1809 2971 multitudi-

246 3035 342 3071 nem
367 3028 663 3087 pecatorum
705 3027 751 3069 ις.
782 3015 905 3070 Ηιηε
951 3013 1131 3069 oscula
1160 3011 1369 3081 Sponso
1409 3024 1507 3065 suo
1530 3008 1639 3076 jam
1682 3016 1809 3061 tunc

1898 468 2060 536 gittis,
2094 468 2285 536 quibus
2326 473 2498 527 omnis
2543 474 2646 527 alia
2678 476 3012 532 inimicarum
3058 480 3470 538 dclectationum

1898 560 2114 615 dilectio
2142 560 2184 590 ⁸⁷
2214 560 2547 629 interﬁcitur,
2597 565 2742 620 dicat
2786 567 2840 620 in
2887 570 3049 624 corde
3094 586 3413 641 compuncto
3457 592 3471 626 :

1902 649 2158 715 Quoniam
2196 653 2463 706 vulnerata
2506 654 2569 725 (ί)
2615 656 2849 709 caritatis
2897 658 3004 727 (V.
3050 670 3162 714 not.
3208 662 3339 732 101)
3382 681 3476 734 ego

1899 764 2013 801 sum
2051 747 2091 800 ί.
2121 747 2315 802 Beatus
2345 764 2473 802 vero
2503 750 2592 817 qui
2623 758 2800 819 potest
2839 760 2895 805 et
2940 753 3122 808 osculo
3153 756 3227 824 (g)
3262 763 3478 824 tangere

1901 838 2068 910 pedes
2093 839 2290 895 Christi
2318 841 2361 895 i.
2384 841 2513 907 Quis
2542 844 2670 897 mihi
2700 845 2897 899 misero
2925 861 2988 901 os
3011 846 3277 911 adureret,
3303 857 3354 901 et
3378 849 3477 901 lin-

1903 942 2057 997 guam
2082 944 2252 985 meam
2273 932 2479 986 caelesti
2508 932 2599 987 illo
2629 934 2862 989 carbone
2883 944 3154 1003 purgaret,
3180 946 3238 990 ut
3264 938 3347 991 vel
3368 939 3480 992 cal-

1904 1036 2126 1075 caneum
2156 1021 2351 1077 Christi
2379 1040 2615 1079 mererer
2641 1010 2849 1081 summo
2879 1036 3033 1082 tenus
3062 1044 3157 1083 ore
3199 1031 3477 1099 continge-

1903 1126 1982 1174 re,
2012 1121 2065 1165 et
2095 1112 2304 1167 subdito
2333 1115 2505 1183 capite
2537 1116 2615 1185 (lt)
2645 1117 2757 1170 sola
2786 1118 2860 1186 (id
2887 1127 2960 1171 est
2986 1121 3227 1188 vestigia.
3268 1121 3331 1174 V.
3363 1130 3482 1178 not.

1907 1202 2029 1267 102)
2062 1212 2243 1256 sancta
2277 1211 2519 1271 tergere,
2566 1214 2622 1258 ut
2653 1214 2813 1275 caput
2854 1223 3030 1262 meum
3068 1212 3245 1278 potius
3285 1211 3479 1267 Christi

1906 1294 2129 1363 pedibus
2158 1302 2485 1361 tergeretur;
2508 1296 2719 1363 et,dum
2742 1297 2905 1365 pedes
2926 1299 3102 1354 iambo
3118 1301 3342 1365 divinos,
3368 1303 3480 1371 pia-

1907 1402 2020 1441 rem
2066 1388 2226 1441 castis
2257 1388 2394 1441 labia
2427 1388 2696 1442 immunda
2738 1390 2971 1457 vestigiis
3021 1392 3097 1447 (id
3116 1403 3191 1445 est
3212 1394 3480 1464 pedibus).

1978 1476 2067 1530 39.
2117 1476 2479 1530 Exhortemur
2524 1492 2652 1546 ergo
2700 1494 2797 1533 nos
2846 1479 3105 1543 invicem,
3137 1484 3487 1551 certatimque

1909 1567 2184 1621 dicamus:
2227 1566 2407 1620 Venite
2450 1568 2746 1633 adoremus,
2780 1561 2830 1621 et
2868 1569 3124 1639 ploremus
3161 1580 3279 1624 ante
3307 1570 3487 1625 Domi-

1911 1674 2053 1720 num,
2080 1658 2165 1726 qui
2195 1658 2314 1727 fecit
2342 1674 2435 1710 nos
2458 1655 2506 1709 ιε.
2537 1656 2612 1709 Illi
2644 1654 2851 1721 ﬂentes,
2882 1666 3063 1713 nostra
3090 1660 3281 1728 gaudia
3312 1660 3372 1729 (i)
3400 1676 3488 1715 se-

1841 1737 1884 1795 B
1914 1746 2230 1799 minabimus
2262 1763 2273 1796 :
2308 1746 2446 1799 illius
2474 1746 2693 1814 vestigia
2742 1756 3103 1816 perungentes
3144 1751 3220 1813 ⁸⁸,
3268 1753 3488 1806 vulnera

1914 1844 2096 1889 nostra
2124 1835 2449 1888 sanabimus.
2492 1834 2755 1903 Quidquid
2802 1837 2943 1890 enim
2984 1835 3195 1892 Christo
3233 1840 3488 1908 impendi-

1913 1942 2061 1990 mus,
2112 1925 2266 1979 nobis
2316 1924 2472 1995 144
2511 1926 2689 1993 potius
2734 1926 3075 1980 conferimus.
3121 1928 3359 1996 Denique
3401 1930 3489 1984 illa

1911 2015 2279 2086 perfundendo
2318 2014 2589 2069 Christum
2617 2030 2674 2069 se
2702 2014 2901 2079 abluit;
2950 2016 3113 2084 pedes
3152 2018 3290 2072 illius
3313 2017 3491 2071 deter-

1912 2106 2106 2173 gendo,
2135 2121 2230 2160 sua
2263 2112 2481 2174 peccata
2512 2104 2787 2159 inundavit
2818 2123 2830 2157 :
2864 2105 3012 2158 illum
3043 2107 3285 2175 diligens,
3320 2124 3378 2163 se
3405 2108 3489 2161 di-

1910 2198 2059 2251 lexit.
2092 2196 2156 2249 Et
2188 2195 2307 2251 ideo
2342 2196 2537 2250 meruit
2564 2195 2778 2249 audire:
2813 2194 2977 2261 Filia,
3007 2196 3138 2265 ﬁdes
3183 2206 3269 2250 tua
3305 2208 3350 2251 te
3380 2198 3490 2250 sal-

1911 2304 2023 2341 vam
2056 2288 2173 2358 fecit
2208 2284 2225 2323 1
2264 2303 2276 2337 :
2308 2284 2451 2354 quod
2481 2285 2599 2347 ille,
2646 2285 2737 2353 qui
2780 2292 2898 2337 erat
2925 2285 2992 2338 de
3022 2286 3140 2339 ﬁliis
3169 2287 3350 2354 regni,
3383 2302 3491 2343 non

1912 2378 2109 2433 meruit
2137 2376 2351 2442 audire,
2382 2377 2656 2443 magisque
2680 2374 2963 2442 ju'stilicata
2993 2385 3075 2431 est
3103 2377 3214 2431 haec
3243 2379 3486 2443 servitio,

1910 2482 2071 2530 quam
2101 2466 2187 2520 ille
2214 2466 2478 2520 convivio.
2512 2464 2811 2519 Phariszeus
2839 2466 2980 2520 enim
3024 2482 3129 2520 non
3160 2468 3489 2535 crediderat,

1915 2552 2014 2611 ista
2041 2556 2308 2611 credebat.
2340 2557 2575 2625 Denique
2607 2556 2695 2610 ille
2723 2556 2936 2610 diccbat
2965 2575 2977 2609 :
3011 2556 3112 2610 Ilic
3134 2560 3177 2612 si
3206 2569 3334 2612 esset
3363 2577 3488 2629 pro-

1910 2644 2080 2711 pheta,
2103 2646 2252 2697 sciret
2276 2646 2320 2676 ⁸⁸
2350 2645 2522 2713 utique
2563 2659 2676 2713 quae
2711 2653 2841 2697 esset
2882 2646 3063 2698 mulier
3091 2664 3203 2715 quia
3230 2664 3343 2700 eum
3373 2658 3490 2702 tan-

1912 2735 1985 2804 git
2008 2743 2068 2799 tu;
2099 2743 2155 2787 et
2179 2734 2298 2788 ideo
2342 2749 2447 2787 non
2485 2732 2807 2801 justificatus
2846 2742 2928 2787 est
2956 2735 3220 2801 convivio,
3253 2736 3319 2790 ad
3348 2737 3491 2805 quod

1911 2827 2063 2895 quasi
2106 2833 2311 2879 tantum
2349 2826 2622 2880 hominem
2652 2826 2969 2879 invitaverat
2997 2825 3283 2890 Christum,
3316 2829 3489 2897 impu-

1915 2927 2038 2972 tans
2076 2917 2213 2971 forte
2242 2916 2430 2987 illi,(j)
2477 2919 2567 2985 qui
2612 2926 2832 2985 pr0pter
2860 2932 2959 2971 nos
3003 2925 3056 2969 et
3097 2933 3299 2987 pauper
3338 2928 3485 2985 erat,

1912 3007 2055 3077 quod
2081 3008 2215 3060 tanti
2241 3007 2454 3062 fecisset
2481 3008 2533 3060 in
2565 3007 2731 3077 dapes
2754 3023 2876 3061 suas
2924 3022 3210 3076 pauperem
3239 3008 3386 3064 dives
3408 3026 3491 3065 as-

245 3109 443 3176 parabat
472 3107 735 3169 Ecclesia,
766 3104 978 3173 quando
1008 3103 1293 3159 cantabat:
1330 3101 1601 3153 Osculetur
1630 3114 1709 3151 me
1739 3098 1807 3168 (e)
1835 3100 1882 3165 ς
1913 3113 2126 3153 sumere
2147 3099 2191 3131 9°
2219 3107 2266 3150 υ.
2292 3098 2385 3151 Illa
2427 3113 2555 3152 vero
2584 3113 2690 3151 non
2721 3105 2868 3151 tanto
2892 3098 3093 3151 ambitu
3124 3100 3411 3163 servitutis,
3437 3109 3492 3155 et

244 3203 297 3253 ab
320 3202 497 3254 osculis
520 3201 628 3254 oris
658 3201 738 3253 sui
761 3198 807 3253 δ.
834 3199 985 3265 Quod
1012 3196 1341 3267 privilegium
1362 3193 1477 3248 sola
1505 3191 1608 3246 sibi
1628 3191 1808 3244 catho-

243 3289 327 3344 lica
355 3292 573 3346 dilectio
597 3292 719 3360 jure
749 3292 997 3345 vendicat
1025 3290 1092 3353 ",
1123 3304 1241 3357 qua:
1282 3285 1437 3339 unica
1478 3292 1640 3350 atque
1685 3296 1809 3349 per-

244 3379 361 3433 fecta
391 3381 479 3433 uni
510 3381 631 3435 viro
674 3380 741 3433 ab
771 3381 935 3449 ipsius
964 3394 1059 3433 ore
1088 3378 1247 3441 Verbi
1286 3375 1421 3445 petit
1450 3373 1632 3428 oscula
1663 3371 1806 3425 veri-

242 3468 366 3531 tatis,
397 3484 464 3523 ne
490 3469 697 3523 fraudis
725 3470 987 3523 hazreticac
1033 3482 1259 3532 veneno,
1293 3473 1350 3520 ut
1378 3463 1597 3519 incestis
1625 3463 1669 3494 ⁸⁵
1698 3461 1808 3516 oris

243 3557 379 3610 alieni
409 3559 612 3613 osculis
636 3559 927 3628 polluatur.

297 3647 378 3700 58.
407 3647 645 3703 Pedibus
684 3664 813 3718 ergo
841 3649 1040 3703 Christi
1068 3648 1248 3703 oscula
1277 3654 1423 3701 casta
1467 3645 1717 3712 ﬁgamus,
1750 3649 1809 3696 ut

241 3750 525 3793 mereamur
556 3755 587 3792 a
610 3740 837 3808 pedibus
866 3742 917 3793 in
947 3747 1106 3809 caput
1132 3753 1374 3806 surgere;
1405 3745 1461 3791 et
1489 3736 1541 3790 in
1568 3733 1810 3804 superio-

238 3840 289 3877 ra
312 3828 553 3895 corporis
586 3829 823 3882 membra
852 3836 1173 3891 crescentes,
1200 3826 1305 3893 jam
1332 3827 1397 3880 de
1422 3826 1668 3894 proximo
1689 3823 1808 3877 vul-

240 3920 315 3966 tus
339 3916 637 3969 audeamus
676 3924 732 3969 et
759 3918 867 3971 oris
896 3916 1060 3985 ipsius
1086 3916 1264 3969 oscula
1311 3915 1356 3946 ³⁸
1396 3914 1686 3984 postulare.
1716 3912 1803 3977 Et,

234 4016 341 4056 cum
384 4004 479 4060 Dei
514 4007 741 4059 verbum
771 4022 905 4075 puro
951 4004 1113 4059 corde
1139 4004 1394 4069 libantes,
1438 4005 1807 4074 gustaverimus

234 4106 371 4157 quam
407 4098 587 4149 suavis
616 4103 692 4149 est
730 4095 1003 4160 Dominus,
1034 4103 1160 4149 tunc
1189 4096 1361 4148 anima
1391 4104 1574 4150 nostra
1603 4098 1727 4151 totis
1756 4097 1808 4150 in

1909 3187 2197 3259 impendii,
2254 3196 2309 3242 et
2366 3188 2757 3258 lacryrnarum,
2802 3197 3069 3258 sperasset
3125 3191 3491 3245 remissionem

1910 3288 2285 3349 peccatorum,
2335 3279 2436 3332 nisi
2468 3278 2632 3332 Deum
2682 3280 2995 3335 credidisset
3026 3281 3077 3333 in
3120 3280 3337 3337 Christo
3384 3300 3395 3334 :
3439 3295 3493 3337 et

1911 3373 2031 3426 ideo
2074 3373 2125 3425 in
2172 3381 2414 3427 extremo
2462 3373 2587 3428 licet
2625 3372 2919 3428 Salvatoris
2951 3374 3169 3442 vestigio
3198 3384 3357 3445 caput
3384 3392 3493 3430 sua:

1912 3463 2097 3517 salutis
2127 3464 2346 3517 invenit.

1984 3550 2071 3605 40.
2105 3551 2220 3617 Quo
2251 3560 2324 3616 te,
2356 3552 2517 3605 miser
2544 3550 2743 3617 Judzce,
2771 3552 3035 3620 jactabis?
3059 3554 3114 3606 In
3142 3554 3303 3609 domo
3328 3564 3415 3608 tua
3442 3563 3493 3610 te

1914 3643 2187 3711 peccatrix
2215 3654 2397 3697 nostra
2441 3643 2726 3711 praevenit,
2771 3643 3003 3710 ingressa
3034 3645 3084 3697 in
3116 3645 3327 3699 labores
3352 3655 3489 3700 tuos.

1916 3735 1996 3790 Tu
2024 3735 2166 3789 enim
2220 3735 2522 3804 epulabaris
2553 3742 2608 3787 ut
2633 3734 2972 3802 superbires,
3003 3734 3091 3786 illa
3115 3734 3389 3803 jejunabat
3422 3748 3483 3790 ut

1914 3826 2141 3880 serviret
2168 3835 2213 3879 ο.
2242 3824 2307 3878 Ει
2344 3839 2503 3893 quam
2553 3823 2619 3878 de
2665 3824 2840 3879 urceis
2864 3808 2969 3877 tuis
2996 3826 3365 3881 effundendum
3396 3844 3495 3881 ne-

1914 3928 2136 3983 gaveras
2164 3929 2376 3982 aquam,
2408 3914 2495 3968 illa
2540 3914 2606 3968 de
2644 3914 2753 3968 suis
2802 3916 2971 3969 oculis
3016 3916 3370 3971 ministrabat.
3416 3918 3495 3973 Tu

1914 4007 2079 4077 pedes
2107 4006 2301 4061 Christi
2348 4023 2446 4062 nec
2493 4008 2677 4069 linteo,
2722 4007 2807 4060 illa
2847 4008 2993 4061 crine
3022 4007 3242 4063 detersit
3273 4020 3317 4063 r.
3351 4009 3497 4076 Quos

1918 4106 1976 4152 tu
2003 4098 2216 4166 indigne
2246 4114 2343 4153 nec
2366 4099 2609 4152 manibus
2629 4101 2939 4167 contingere
2965 4101 3197 4165 voluisti,
3231 4102 3317 4155 illa
3340 4117 3496 4155 oscu-

231 4195 402 4241 amore
440 4187 730 4256 sapientia:
758 4186 1051 4241 visceribus
1079 4201 1322 4251 accensa,
1353 4186 1495 4241 dulci
1532 4188 1814 4256 refrigcrc-
1845 4180 1891 4238 Ι)
1918 4190 1984 4245 lis
2013 4189 2248 4243 mulcere
2278 4206 2382 4243 non
2410 4189 2634 4245 destitit.
2690 4192 2759 4244 At
2787 4200 2933 4245 certe
2977 4199 3030 4245 tu
3058 4193 3235 4262 potius
3262 4194 3363 4247 hoc
3394 4195 3496 4247 mi-

290 4377 314 4406 "
341 4367 542 4424 Johan.
580 4385 656 4431 ιιι,
681 4367 733 4421 8.
811 4368 837 4407 δ
865 4368 1053 4422 Matth.
1085 4385 1157 4433 Ix,
1185 4367 1270 4421 10.

228 4453 289 4503 tv,
316 4438 369 4493 8.
446 4446 474 4475 ⁸³
500 4440 662 4493 Cant.
699 4456 734 4505 ι,
770 4439 818 4503 1,
850 4455 958 4492 sec.
986 4438 1141 4491 LXX.

230 4515 260 4541 "
287 4506 410 4562 Luc.
438 4526 513 4563 vn
541 4549 557 4569 .
592 4508 680 4562 59.
758 4518 783 4543 ιι
815 4507 859 4561 lI
905 4508 1028 4562 Cor.
1060 4525 1167 4568 VIII,
1200 4508 1252 4562 9.

1351 4378 1371 4405 ε
1398 4365 1515 4421 Act.
1535 4384 1583 4429 v,
1611 4365 1696 4419 15.

230 4753 239 4763 .
287 4685 359 4751 (a)
390 4685 799 4755 Manuseriptus
826 4684 996 4739 codex
1024 4683 1308 4738 Vaticanus
1337 4681 1483 4735 addit
1519 4682 1572 4735 in
1611 4682 1735 4735 caelo
1764 4688 1813 4734 et

224 4770 269 4806 ιιι
296 4764 456 4809 terra.

287 4845 356 4915 (ὁ)
382 4846 486 4899 Ms.
520 4845 711 4910 Vien.,
737 4846 950 4897 lauerat.

286 4938 352 5007 (ε)
383 4938 488 4993 Ms.
524 4936 703 4991 codex
734 4936 1020 4990 Vaticanus
1049 4945 1103 5007 et
1140 4936 1227 4989 ed.
1259 4935 1477 5007 Schot.,_
1500 4934 1806 5007 locaremus,

225 5004 355 5061 recte
384 5010 430 5061 si
462 5008 746 5061 cohmrcat
774 5007 1033 5073 superiori
1064 5006 1279 5059 lectioni
1311 5005 1511 5059 codicis
1540 5004 1808 5058 Viennen-

225 5075 302 5127 sis.
334 5077 575 5144 Vulgata
607 5076 769 5129 lectio
799 5083 880 5127 est
909 5091 975 5128 ex
1002 5075 1304 5130 Ambrosio.

287 5169 357 5235 (di
390 5168 528 5223 Mss.
568 5165 702 5232 Reg.
734 5172 789 5219 et
818 5164 969 5218 Vien.
1003 5182 1121 5219 cum
1152 5165 1239 5219 ed.
1270 5164 1422 5229 Bad.,
1456 5162 1623 5228 Quod.

285 5258 350 5321 (ε)
383 5259 461 5309 Ab
509 5257 738 5318 osculis,
792 5254 1085 5308 secundum
1128 5256 1431 5308 versionem
1459 5252 1597 5307 LXX
1635 5253 1802 5308 inter-

223 5336 442 5444 pretum.
477 5326 541 5379 In
576 5324 955 5392 explanatione
979 5324 1258 5377 homiliml
1291 5324 1544 5390 Origenes
1571 5324 1806 5377 ostendit

237 5397 496 5444 caerulum
545 5409 669 5444 esse
713 5394 764 5444 in
813 5409 1036 5444 numero
1079 5394 1269 5444 nlurali
1298 5394 1359 5444 ab
1390 5394 1603 5444 osculis:
1635 5400 1689 5444 et
1728 5394 1805 5444 sic

237 5397 496 5461 egentium
545 5409 669 5447 esse
713 5394 764 5445 in
813 5409 1036 5447 numero
1079 5394 1269 5462 plurali
1298 5394 1359 5445 ab
1390 5394 1603 5455 osculis;
1635 5400 1689 5447 et
1728 5394 1805 5447 sic

222 5467 367 5584 [etiam
411 5464 746 5584 Ambrgisius
788 5463 841 5515 in
889 5464 1023 5532 psal.
1059 5478 1221 5517 cxvnt
1266 5478 1427 5517 serm.
1458 5463 1508 5528 1,
1541 5471 1595 5516 et
1621 5462 1713 5516 lib.
1739 5462 1807 5517 de

244 5550 375 5584 ἔθεε-
407 5551 539 5584 απ).
621 5571 633 5584 .

244 5550 375 5598 saac,
407 5551 539 5603 cap.
578 5550 633 5584 ο.

284 5626 356 5691 (n
389 5627 538 5681 Ante
591 5632 710 5678 erat
753 5623 988 5679 caritate.
1034 5624 1281 5695 Legimus
1326 5639 1448 5681 cum
1491 5639 1590 5681 ms.
1623 5623 1804 5681 codice

1636 5792 1655 5829 ά

1770 4363 1794 4401 ά
1828 4364 1965 4419 Psal.
1986 4383 2113 4435 exn,
2158 4365 2207 4419 5.

1223 4440 1235 4475 ί
1272 4436 1426 4490 Cant.
1465 4454 1538 4502 ιι,
1580 4435 1647 4499 5,
1679 4444 1732 4489 ct
1760 4453 1827 4499 IV,
1860 4436 1910 4489 9.

1330 4515 1353 4542 ο
1381 4505 1575 4561 Johan.
1606 4522 1675 4566 ιν.
1703 4506 1790 4559 58.
1868 4518 1893 4555 P
1926 4506 2053 4561 Luc.
2077 4524 2168 4576 vn,
2199 4507 2286 4561 44.

2829 4368 2844 4405 τ
2880 4368 3003 4424 Luc.
3023 4387 3113 4433 vn,
3149 4371 3197 4423 '3'.
3276 4380 3300 4418 Β
3331 4372 3349 4424 I
3382 4371 3495 4428 Pet.

2434 4437 2456 4474 ιι
2506 4437 2643 4492 I’sal.
2700 4456 2837 4505 χειν,
2872 4439 2923 4491 6.
3030 4439 3046 4476 1
3083 4440 3209 4494 an.
3247 4458 3311 4495 vn
3337 4483 3351 4507 ,
3407 4443 3491 4497 50.

2289 4376 2311 4403 θ
2342 4367 2532 4422 Johan.
2561 4385 2671 4433 xm,
2693 4368 2743 4422 5.

1991 4437 2005 4486 i
2041 4438 2160 4491 lsai.
2192 4453 2272 4500 vi,
2307 4438 2355 4491 7.

1917 4681 2086 4749 Regio
2112 4684 2376 4735 vulnerata
2404 4684 2655 4745 caritatis,
2693 4682 2845 4752 juxta
2890 4684 3190 4739 versionem
3228 4683 3365 4738 LXX
3416 4688 3499 4741 in-

1919 4759 2231 4819 terpretum.
2264 4752 2579 4819 Grazcismus
2619 4754 2706 4807 ille
2748 4754 2968 4807 Paulino
3000 4764 3185 4810 nostro
3225 4756 3502 4811 familiaris

1915 4814 2015 4884 est,
2049 4822 2124 4874 sic
2143 4822 2305 4893 epist.
2340 4814 2393 4893 ll
2432 4823 2513 4893 ad,
2528 4823 2805 4893 severum,
2839 4841 2893 4878 ιι.
2927 4824 2981 4888 8,
3008 4825 3139 4877 dixit
3181 4828 3313 4877 roris
3346 4844 3499 4893 spar-

1912 4906 1986 4967 sa'
2008 4898 2111 4967 ;_ct
2140 4892 2190 4942 in
2212 4892 2455 4967 ΔΝιιιιιΙί-ςξ
2574 4892 2761 4967 Felic_.,
2784 4911 2957 4967 carm.
2988 4895 3073 4959 18,
3107 4912 3157 4948 v.
3186 4895 3306 4959 1:25,
3333 4898 3497 4967 pieta-

1912 4962 1976 5012 tis
2007 4962 2361 5029 circumfusus.
2397 4961 2527 5015 Vide
2556 4970 2668 5015 not.
2706 4963 2825 5016 lOl.

1985 5040 2058 5114 (g)
2099 5039 2203 5114 llis.
2250 5041 2866 5114 cutnmcditisquatuor,
2908 5059 3115 5113 ungere.
3154 5043 3278 5098 Oleo
3310 5062 3499 5114 ungere

1911 5109 2051 5176 apud
2081 5109 2328 5181 Ambros.
2364 5110 2454 5163 lib.
2488 5128 2537 5163 vi
2584 5109 2649 5165 in'
2678 5111 2895 5173 Lucam,
2929 5109 3048 5181 cap.
3095 5114 3147 5166 7.
3196 5116 3300 5167 Sed
3334 5109 3496 5169 leve-tio

1910 5192 2068 5244 quam
2099 5179 2392 5250 retinemus
2432 5182 2747 5235 concinnior
2792 5190 2903 5243 est,
2935 5179 3104 5250 eaque
3147 5182 3496 5237 conﬁrmatur

1910 5262 1973 5301 ex
2003 5248 2426 5315 praecedentibus
2452 5258 2506 5303 et
2533 5252 2979 5320 subsequentibus
3009 5248 3203 5305 verbis.

1910 5327 2060 5448 10ait)
2091 5327 2189 5382 Ms.
2217 5328 2375 5382 Vien.
2424 5330 2627 5395 codex,
2668 5331 2861 5384 soleant
2902 5340 3155 5384 sanctam.
3204 5332 3334 5386 Vide
3376 5340 3491 5385 not.

1984 5477 2044 5545 (i)
2068 5474 2205 5530 Edit.
2235 5477 2394 5530 Rosv.
2428 5477 2829 5545 semiuabamus,
2860 5479 3137 5540 mendose,
3170 5480 3490 5547 rctraganti—

1910 5544 2010 5599 bus
2038 5547 2232 5600 ceteris
2263 5547 2551 5601 codicibus.
2584 5548 2715 5602 Vide
2742 5565 2893 5616 seqq.

1984 5623 2051 5691 lj)
2083 5623 2179 5677 Ms.
2212 5624 2527 5681 Viennensis
2557 5626 2746 5687 codex,
2780 5625 2991 5685 favente
3014 5641 3112 5681 ms.
3143 5624 3325 5693 Regio,
3351 5627 3491 5697 ψιὶα.
