3966 6184
382 349 484 405 283

1504 320 1562 375 S.
1603 307 1874 370 PAUle
1910 301 2159 360 NOLANI
2196 294 2496 354 EPISGOPI

3541 263 3647 321 ’284

384 381 484 405 Ἡῖυ

383 457 660 518 nisterium
703 453 756 507 in
797 449 960 506 domo
1004 453 1094 499 tua
1122 446 1338 509 recepto
1368 432 1566 504 hospiti
1593 426 1887 486 debuisses,
1918 419 1964 473 si
1993 422 2042 478 A
2069 415 2207 470 Malo
2251 413 2388 466 inter
2410 407 2633 478 capillos
2673 402 2813 458 illius
2855 394 3051 453 Christi
3078 389 3305 463 pedibus
3349 383 3537 452 illigari
3579 381 3647 445 τ’,

1731 515 1755 518 ι
1814 513 1826 518 ”
1924 508 1945 518 ⁸
2281 505 2293 518 ⁹
2339 511 2350 518 ’
2455 500 2606 518 λκ-ι-
2655 504 2770 518 ι---υ-
2801 499 2977 518 ιιιη---η
3027 485 3173 518 ἷιινίέ)
3219 478 3491 518 Clu-iclum
3533 473 3647 518 sine

385 508 744 613 vel‘e-xemplo
768 547 980 611 patrum
1006 533 1086 588 fas
1111 508 1376 600 hospitale
1401 535 1691 579 servasses.
1723 513 1830 570 Sed
1853 508 1968 565 suf-

388 641 498 696 ﬁcit
527 606 676 692 vobis
705 606 786 687 adi
811 627 1113 698 superbiam
1137 622 1343 692 jactare
1371 626 1580 687 patrem
1619 606 1889 664 Abraham
1911 611 1969 667 ις

2070 522 2231 577 quam
2280 505 2419 558 inter
2444 473 2610 568 dapes
2655 504 2774 549 tuas
2801 499 2979 546 tecum
3025 485 3178 555 juxta
3219 478 3494 534 Christum
3533 473 3653 527 sine

2073 562 2286 654 Christo
2312 595 2355 628 ⁸⁷
2384 562 2736 646 discumbere.
2766 583 2824 637 Si
2848 578 3007 635 modo
3035 578 3364 642 unguentum
3392 565 3458 620 ad
3488 562 3657 633 pedes

392 654 498 696 “Cll
527 654 676 692 νοιιις
705 654 774 687 au
811 654 1113 698 superum“:
1137 654 1343 692 Jdbwsu
1373 654 1580 687 γ-..ωη
1619 654 1887 664 .....-_______
1955 654 1969 667 ,

392 739 448 786 et
480 729 600 783 ideo
643 734 696 778 te
724 723 814 776 illa
850 716 1129 790 praevenit,
1159 726 1278 781 quze
1317 706 1511 762 allectu
1545 701 1686 756 ﬁdeli
1710 713 1771 753 se
1796 695 1976 766 potius
2075 686 2274 743 Christi
2315 699 2424 738 non
2451 681 2700 740 habeam,
2730 675 2781 728 in
2811 671 3043 725 adventu
3084 664 3202 732 ejus
3231 659 3298 714 ad
3336 671 3484 711 meas
3514 654 3659 706 Iaces

2117 779 2128 790 '
2408 774 2422 790 '
2449 769 2612 790 -'--L-
2634 765 2654 790 ι-
2710 763 2767 790 IPI
2796 776 2876 790 mm
2897 757 3024 790 mm:
3058 755 3100 790 αἰ
3124 755 3451 790 unmmnlllm
3475 757 3658 790 meum

393 821 561 892 patris
585 816 658 870 tui
704 813 867 866 tiliam
906 802 1308 875 comprobavit;
1340 814 1370 852 a
1406 810 1514 864 quo
1560 801 1612 846 te
1657 790 1978 856 degenerem

396 874 557 966 etiam
589 907 688 959 ista
716 874 1077 956 inhumanitas
1115 892 1308 960 arguit,
1333 895 1439 958 qua
1467 883 1782 949 dedignatus
1810 891 1868 930 es
1903 874 1980 927 la-

397 1016 525 1056 vare
555 997 718 1068 pedes
747 990 957 1046 Domini
1000 1002 1122 1042 cum
1151 991 1207 1038 et
1249 979 1517 1035 Abraham
1569 970 1896 1039 angelorum,
1928 970 1983 1018 et

403 1095 518 1169 ipse
544 1087 798 1143 Dominus
845 1081 1035 1136 laverit
1078 1074 1433 1132 servulorum.
1486 1066 1816 1132 Quamquam
1859 1066 1986 1110 tunc

403 1153 619 1254 quoque
648 1177 768 1231 lldei
801 1182 953 1246 pater
979 1171 1141 1226 etiam
1169 1165 1371 1221 Christi
1398 1159 1563 1232 pedes
1591 1153 1801 1216 laverit,
1828 1162 1987 1218 quem

407 1241 571 1329 unum
598 1271 680 1324 de-
696 1241 866 1322 tribus
893 1260 1222 1335 propheticis
1242 1256 1430 1311 videns
1450 1250 1618 1307 oculis
1641 1241 1912 1302 adoravit;
1935 1243 1991 1293 et

410 1363 532 1420 ideo
554 1353 649 1414 vos
676 1359 788 1428 ipse
816 1330 1157 1418 sic‘increpat
1178 1362 1273 1401 ore
1301 1340 1548 1415 praesenti
1581 1357 1593 1391 :
1625 1337 1682 1390 Si
1705 1333 1800 1404 ﬁlii
1822 1330 1984 1382 Abra-

415 1454 530 1505 ‘tam
559 1421 757 1515 essetis,
781 1462 937 1516 opera
962 1441 1219 1494 Abraham
1267 1433 1502 1507 faceretis
1533 1429 1594 1491 δ,
1625 1436 1680 1482 et
1723 1423 1870 1478 addit
1895 1421 1939 1452 οι
1974 1434 1986 1469 :

417 1543 515 1599 Ille
535 1543 658 1597 vidit
686 1541 818 1593 diem
845 1551 1032 1600 meum,
1053 1544 1101 1587 et
1124 1531 1325 1602 gauisus
1353 1537 1427 1580 est
1458 1524 1557 1595 (a).
1581 1520 1728 1574 Beati
1749 1520 1928 1572 autem
1947 1524 1994 1570 et

415 1634 500 1706 qui
528 1649 631 1687 non
660 1631 924 1691 viderunt,
955 1623 1049 1678 sed
1089 1636 1210 1676 cum
1247 1615 1551 1672 videntibus
1592 1610 1915 1664 crediderunt
1948 1618 1993 1659 ι’.

415 1727 496 1782 Ex
523 1742 629 1797 quo
672 1720 1009 1777 manifestum
1050 1724 1154 1781 est,
1203 1710 1358 1766 nobis
1400 1704 1714 1774 aoquisitam
1741 1704 1788 1734 ³³
1818 1697 1996 1764 (idem,

419 1819 515 1874 tibi
541 1816 763 1889 perlidia
795 1813 868 1883 (b)
909 1810 1112 1881 perisse
1141 1813 1410 1860 naturam.

496 1880 649 1979 1&5
661 1905 748 1957 41.
764 1880 876 1957 Sibi
888 1880 1016 1967 ergo
1028 1898 1258 1951 habeant
1270 1888 1648 1958 arrogantiam,
1661 1883 1760 1938 sibi
1772 1880 2000 1946 divitias,

421 1978 530 2057 sibi
554 1998 885 2053 nobilitatem
912 2000 967 2046 et
998 1989 1257 2059 justitiam
1287 1999 1458 2049 suam,
1491 1981 1583 2049 qui
1615 1978 1884 2032 Abraham
1912 1989 2009 2043 pa-

424 2101 562 2147 trem
591 2102 818 2159 corpore
872 2084 1039 2151 magis
1083 2096 1242 2151 quam
1287 2077 1477 2146 spiritu
1506 2073 1820 2142 gloriantur,
1851 2068 2010 2123 incir-

426 2181 649 2239 cumcisi
676 2178 859 2244 corde,
889 2183 946 2230 et
972 2173 1084 2228 sola
1110 2185 1270 2226 carne
1295 2167 1460 2222 Iudici
1483 2163 1532 2219 ἀ.
1562 2163 1725 2218 Nobis
1753 2171 1809 2216 et
1837 2159 1903 2213 ad
1928 2173 2016 2212 sa-

429 2274 596 2327 lutem
625 2278 681 2325 et
708 2267 772 2322 ad
802 2265 1023 2334 gloriam
1053 2261 1184 2316 satis
1212 2267 1295 2312 est
1321 2257 1583 2318 Christus,
1616 2261 1672 2306 et
1698 2251 1809 2320 ipse
1837 2248 2014 2303 cruci-

433 2362 608 2425 ﬁxus;
638 2359 726 2427 qui
757 2372 855 2410 nos
881 2355 947 2410 de
973 2351 1236 2421 lapidibus
1271 2349 1321 2402 in
1353 2346 1620 2400 Abraham
1650 2342 1784 2395 lilios
1813 2339 2018 2394 excita-

435 2455 533 2517 vit,
573 2451 676 2506 illis
713 2457 898 2503 contra
935 2445 1000 2500 de
1029 2443 1298 2498 Abraham
1330 2439 1450 2493 tiliis
1480 2439 1533 2491 in
1571 2443 1767 2490 nostra:
1801 2431 2023 2499 originis

437 2543 642 2615 lapides
680 2537 1176 2608 obrigescentibus‘
1207 2573 1224 2588 .
1257 2532 1420 2587 Nobis
1449 2530 1680 2600 Ephrem
1715 2525 1930 2581 sinister
1958 2522 2024 2577 ad

440 2614 738 2694 dexteram,
771 2628 1086 2683 benedictus
1114 2623 1342 2695 prolicit,
1373 2621 1494 2675 illos
1533 2619 1586 2672 in
1631 2617 1903 2678 Manasse,
1935 2614 2029 2680 qui

441 2722 859 2796 prtesnmptione
887 2717 1115 2772 senioris
1139 2729 1241 2769 avo
1269 2712 1457 2766 dexter
1485 2709 1749 2770 astiterat,
1774 2703 2028 2758 translata

444 2816 504 2870 in
532 2815 579 2850 ’³
615 2820 776 2883 caput
801 2811 1013 2864 sinistra
1045 2806 1090 2871 τ,
1131 2805 1304 2860 crucis
1329 2803 1398 2873 (ε)
1433 2798 1688 2871 mysterio
1715 2794 2028 2849 denotavit:

446 2906 570 2978 quia
613 2920 742 2960 crux
786 2899 985 2955 Jndzeis
1030 2895 1345 2952 seandalum
1391 2902 1440 2959 8,
1486 2887 1804 2944 Christianis
1855 2884 2033 2939 futura

449 2997 637 3066 gloria,
677 2993 824 3048 illum
867 2996 1009 3045 esset
1037 2987 1309 3042 sinistrum
1351 2982 1554 3036 factura
1590 2979 1656 3034 de
1692 2978 1940 3041 dextero,
1980 2983 2038 3029 et

450 3103 538 3141 me
566 3086 845 3139 dexterum
875 3080 941 3134 de
969 3079 1186 3132 sinistro
1213 3093 1226 3128 :
1254 3075 1377 3143 quia
1403 3070 1600 3125 Judaais
1635 3069 1686 3122 in
1729 3074 1914 3121 nostra
1943 3063 2036 3117 de-

452 3184 597 3231 serta
625 3171 953 3230 labentibus,
985 3176 1040 3222 et
1075 3166 1230 3221 nobis
1264 3166 1316 3217 in
1349 3164 1559 3216 illorum
1588 3167 1703 3213 sata
1733 3155 2030 3212 invadenti-

455 3269 576 3334 bus,
605 3275 727 3319 sunt
751 3263 990 3316 czecitate
1016 3260 1159 3328 quod
1182 3257 1400 3321 fuimus,
1419 3263 1472 3307 et
1499 3266 1682 3306 sumus
1707 3249 1874 3318 gratia
1896 3245 2039 3316 quod

458 3359 672 3412 fuerunt
699 3353 744 3407 ι’.
776 3353 881 3407 Sed
913 3367 1018 3404 non
1047 3351 1118 3404 ita
1147 3355 1329 3400 nostra
1361 3345 1533 3397 salute
1561 3343 1640 3412 (cl)
1671 3339 2038 3408 gaudebimus,

461 3454 520 3503 ut
547 3453 726 3499 vestro
767 3444 1008 3496 lzctemur
1036 3437 1270 3492 interitu.
1318 3436 1466 3488 Docti
1496 3433 1636 3487 enim
1679 3444 1861 3485 sumus
1891 3444 1920 3482 a
1951 3444 2045 3482 ve-

463 3539 560 3594 stri
600 3535 840 3605 corporis
885 3532 1080 3593 fratre,
1131 3529 1224 3585 sed
1273 3527 1490 3597 spiritus
1549 3523 1716 3579 nostri
1788 3521 2042 3590 Magistro

467 3633 574 3704 (V.
606 3648 691 3702 ep.
725 3631 810 3694 50,
843 3645 988 3683 num.
1021 3625 1102 3698 5),
1137 3641 1241 3678 non
1285 3621 1541 3676 insultare
1569 3618 1733 3673 ramis
1763 3615 1944 3669 fractis
1977 3615 1990 3650 ί
2030 3631 2042 3666 :

466 3727 590 3796 quia
622 3725 718 3794 ipsi
741 3739 848 3777 non
871 3737 938 3775 ex
969 3719 1239 3789 operibus,
1272 3713 1366 3769 sed
1396 3728 1462 3766 ex
1487 3709 1798 3766 muneribus
1824 3706 2050 3760 misera-

469 3819 674 3872 tionum
720 3814 835 3880 Dei,
884 3813 936 3866 in
977 3813 1222 3868 arborem
1264 3816 1452 3863 vestrae
1495 3803 1676 3871 stirpis
1715 3799 2047 3854 inolevimus.

472 3909 672 3965 Potens
700 3915 877 3961 antem
916 3913 999 3959 est
1027 3902 1325 3958 communis
1352 3898 1627 3959 Dominus,
1659 3894 1753 3950 sed
1792 3891 2054 3946 Christia-

473 4020 668 4060 norum
698 4011 867 4073 pater,
901 4001 1004 4053 hoc
1030 4007 1130 4060 est,
1163 3995 1394 4048 ﬁdelium
1420 3993 1579 4052 Deus,
1612 3990 1739 4043 item
1768 3987 1813 4020 9‘
1842 4000 1940 4040 vos
1963 3998 2055 4050 ge-

474 4097 651 4152 nuinis
678 4092 892 4148 corticis
921 4097 1112 4144 vestrm
1141 4087 1344 4140 sinibus
1371 4085 1630 4147 inserere,
1662 4089 1716 4134 et
1737 4085 1917 4132 vestro
1944 4090 2062 4130 ces-

475 4187 573 4258 piti
603 4183 931 4250 replantare;
960 4178 1049 4246 qui
1081 4192 1178 4231 nos
1202 4183 1392 4230 vestrae
1419 4170 1754 4243 pinguedinis
1782 4183 1944 4223 succo
1963 4180 2060 4236 per

479 4273 783 4344 adoptionis
830 4268 1148 4324 benelicium
1201 4264 1549 4328 medullavit,
1598 4268 1657 4314 ut
1703 4269 1960 4326 utrosque
2008 4255 2062 4308 in

480 4380 645 4419 unum
674 4363 900 4416 Domino
931 4361 975 4392 9‘
1005 4355 1384 4412 fruetilicantes
1410 4353 1560 4406 radix
1583 4366 1686 4405 una
1707 4349 1989 4405 sustineat.

553 4453 640 4508 42.
667 4453 886 4507 Interim
914 4450 1054 4505 malo
1077 4447 1390 4520 peccatricis
1419 4454 1472 4500 et
1495 4443 1745 4514 pauperis
1767 4447 1962 4494 nostra:
1984 4436 2065 4490 di-

483 4547 640 4602 vitias
667 4546 719 4600 in
744 4542 995 4615 lacrymis
1032 4550 1085 4596 et
1115 4540 1326 4606 all'ectu,
1358 4553 1517 4607 quam
1560 4546 1678 4590 tuas
1706 4534 1758 4587 in
1790 4531 2063 4600 impietate

485 4645 541 4691 et
569 4636 745 4691 littera
772 4653 784 4685 :
817 4635 955 4688 illius
977 4632 1237 4702 jejunium
1262 4671 1276 4695 ,
1309 4644 1468 4699 quam
1497 4636 1645 4681 tuum
1675 4623 1980 4678 convivium
2014 4621 2060 4675 i.

559 4785 584 4811 α
615 4772 753 4827 Cen.
783 4787 926 4832 xvm,
949 4771 1000 4832 5,
1033 4778 1088 4822 et
1117 4785 1223 4827 xix.
1251 4767 1304 4829 ει,
1334 4775 1386 4820 et
1407 4780 1550 4826 xxiv,
1581 4761 1666 4814 51.

489 4931 582 4977 vn,
615 4914 701 4968 38.
735 4900 744 4908 ’
778 4909 799 4948 ¹ί
827 4910 1010 4964 Matth.
1046 4926 1169 4972 xxv,
1203 4909 1254 4960 ’5.
1338 4905 1353 4943 ὶ
1391 4905 1546 4977 Itoni.
1579 4917 1650 4963 vr,
1678 4900 1728 4951 4.

1745 4757 1772 4796 1)
1803 4757 1972 4796 lnlmn
2020 4774 2054 4796 ι’

559 4785 584 4811 ⁸
615 4772 753 4827 Gen.
783 4787 926 4832 xvm,
949 4771 1000 4832 5,
1033 4778 1088 4822 et
1117 4785 1223 4827 xix.
1251 4767 1304 4829 εὶ,
1334 4775 1386 4820 et
1407 4780 1550 4826 xxiv,
1581 4761 1666 4814 51.
1745 4757 1772 4796 1)
1801 4756 1996 4811 Johan.
2020 4771 2131 4816 vni,
2159 4752 2246 4806 59.
2328 4759 2348 4786 ο
2373 4752 2564 4799 Johan.
2590 4755 2682 4804 xx,
2702 4752 2791 4788 zu.
2860 4752 2887 4768 ι·
2910 4752 2971 4781 δυ

489 4846 506 4900 1
533 4845 659 4899 Cor.
691 4859 746 4908 ιι,
769 4841 823 4895 ‘2.
883 4853 904 4877 θ
935 4841 1119 4893 Matth.
1151 4855 1222 4897 ιιι,
1256 4836 1307 4888 9.
1373 4835 1389 4872 τ
1421 4834 1614 4887 Cenes.
1645 4845 1822 4892 xum,
1860 4827 1942 4880 Li.
2012 4837 2035 4872 κ
2069 4827 2084 4878 l
2112 4825 2236 4878 Cor.
2272 4838 2306 4882 ι,
2339 4816 2428 4872 ‘25.
2499 4811 2522 4848 ιι
2555 4809 2746 4864 .lohan.
2781 4819 2850 4866 Iv.
2882 4797 2971 4852 ’⁵8-

489 4931 558 4949 υιι
615 4914 681 4949 τάξ
778 4909 799 4948 1(
830 4910 990 4949 δαί-11111
1046 4926 1150 4949 νγν
1203 4909 1252 4949 λῃ
1338 4905 1353 4943 Ῑ
1391 4905 1546 4949 ηοω,
1579 4917 1650 4949 γι,
1678 4900 1728 4949 (ί,
1806 4910 1842 4933 ¹¹¹
1874 4898 2052 4949 (Iulos.
2091 4911 2166 4949 ιη,
2207 4892 2260 4945 5,
2339 4899 2361 4924 n
2410 4885 2537 4937 Isne.
2583 4893 2675 4939 XII,
2924 4879 2947 4903 Ο

1806 4910 1842 4933 ⁸η
1874 4898 2052 4950 Colos.
2091 4911 2166 4958 nl,
2207 4892 2260 4945 5.

2079 779 2257 834 oleum
2279 790 2387 828 non
2408 769 2617 826 habebo
2634 765 2680 819 k.
2707 763 2774 816 Et
2796 776 2876 816 va:
2897 757 3028 812 mihi
3058 755 3104 809 si
3124 755 3452 819 unguentum
3475 757 3658 822 meum

2084 867 2186 940 (V.
2216 873 2331 920 not.
2381 860 2518 928 105)
2568 857 2671 911 vile
2711 853 2819 907 sit:
2851 847 3090 919 pretioso
3119 841 3262 896 enim
3291 851 3426 905 opus
3453 839 3557 896 est,
3600 838 3663 883 ut

2084 953 2404 1026 consepeliri
2431 963 2639 1004 merear
2666 941 2952 1012 sepultura:
2973 935 3089 1004 ejus
3113 951 3126 985 :
3169 929 3322 998 cujus
3357 925 3458 980 nisi
3486 930 3663 975 morte

2086 1046 2442 1109 commoriar,
2468 1035 2862 1097 resurrectione
2892 1043 3000 1083 non
3033 1025 3209 1078 vivam
3254 1017 3298 1072 ι.
3341 1016 3483 1083 Ergo
3513 1012 3666 1066 illum

2089 1154 2347 1202 amemus,
2378 1148 2537 1203 quem
2558 1140 2740 1184 amare
2759 1121 2999 1178 debitum
3019 1122 3124 1171 est.
3165 1112 3316 1166 Illum
3336 1105 3667 1163 osculemur,
3729 1119 3748 1123 β

2091 1247 2249 1305 quem
2303 1191 2537 1284 osculari
2589 1217 2808 1274 castitas
2860 1218 2962 1266 est.
3033 1206 3114 1260 llli
3160 1199 3476 1270 copulemnr
3503 1236 3517 1260 ,
3580 1191 3671 1246 cui

2094 1282 2336 1394 nupsisse
2361 1314 2642 1384 virginitas
2671 1315 2774 1364 est.
2814 1304 2894 1360 Illi
2917 1297 3296 1368 subjiciamur,
3325 1287 3424 1343 sub
3451 1300 3560 1353 quo
3583 1282 3674 1350 ja-

2096 1377 2240 1482 ceil'e,
2267 1427 2428 1484 supra
2453 1404 2709 1464 mundum
2729 1409 2875 1456 stare
2895 1403 2995 1451 est.
3017 1391 3246 1458 Propter
3272 1384 3422 1438 illum
3447 1377 3676 1446 dejicia-

2099 1525 2250 1573 mur,
2301 1504 2387 1559 cui
2415 1499 2612 1556 cadere
2639 1487 2964 1550 resurrectio
2983 1490 3086 1540 est.
3125 1477 3206 1534 illi
3235 1470 3680 1533 commoriamur,

2100 1602 2153 1655 in
2179 1613 2286 1669 quo
2307 1595 2418 1649 vita
2444 1597 2543 1645 est.

2301 1685 2371 1740 Et
2416 1695 2576 1752 quam
2616 1677 2776 1743 digne
2826 1670 2999 1724 vicem
3039 1663 3168 1718 huic
3206 1655 3437 1713 Domino
3477 1650 3684 1707 referre

2026 1784 2070 1843 Β
2100 1780 2398 1855 poterimus
2415 1739 2450 1839 ,³
2481 1773 2534 1826 in
2575 1782 2684 1838 quo
2722 1771 2778 1818 et
2807 1757 3005 1815 mortui
3033 1753 3262 1808 vivimus
3297 1757 3334 1783 ω
3357 1747 3380 1798 ?
3407 1743 3562 1816 146
3589 1739 3685 1810 qui

2835 1850 2867 1855 -_
2989 1854 2994 1855 ,
3205 1838 3290 1855 ,,_
3314 1837 3382 1855 ,Δ
3414 1833 3483 1855 ,ηε
3517 1830 3651 1855 Am:

2366 1830 2521 1918 nobis
2545 1830 2651 1913 hoc
2675 1867 2791 1909 esse
2817 1850 3068 1918 dignatur
3085 1883 3101 1907 ,
3129 1837 3386 1910 quidquid
3413 1833 3485 1887 illi
3517 1830 3689 1884 fueri-

2112 1977 2234 2019 mus
2261 1955 2460 2014 servuli
2488 1951 2567 2007 sui
2601 1959 2650 2001 η.
2691 1945 2764 1999 lta
2794 1943 2840 1975 ’⁸
2863 1938 3005 1994 enim
3033 1949 3092 1989 se
3121 1928 3386 1986 immiscet
3412 1922 3598 1984 nobis,
3623 1934 3693 1972 ac

2114 2069 2212 2110 nos
2238 2048 2338 2105 sibi
2365 2042 2636 2104 conserit,
2679 2043 2739 2091 ut
2766 2029 2908 2102 quod
2938 2029 3051 2096 ipse
3072 2019 3316 2090 accepit,
3345 2013 3501 2070 nobis
3527 2009 3695 2082 proti-

2117 2158 2243 2200 cere
2263 2139 2460 2199 faciat;
2504 2131 2594 2201 qui
2624 2125 2767 2197 quod
2787 2101 2964 2184 nobis,
2991 2116 3043 2172 id
3071 2121 3174 2177 est,
3200 2108 3434 2165 minimis
3461 2104 3580 2174 ejus
3603 2101 3696 2155 tri-

2115 2235 2297 2290 buitur
2319 2238 2343 2265 ο
2370 2269 2386 2293 ,
2417 2193 2827 2287 sibi-acceptum
2857 2211 3012 2266 ferat.
3053 2205 3146 2260 Sic
3172 2210 3228 2258 et
3248 2197 3440 2255 honori
3468 2210 3566 2249 suo
3589 2193 3698 2246 im-

2120 2324 2329 2395 plicans
2356 2326 2482 2371 suos
2501 2354 2516 2378 ,
2555 2321 2726 2380 prope
2754 2302 2932 2360 omnia
2968 2297 3125 2353 nobis
3161 2293 3323 2348 etiam
3350 2286 3565 2344 nomina
3597 2280 3702 2354 (V.

2123 2375 2238 2470 not.
2270 2407 2393 2475 104)
2435 2375 2533 2460 sua
2559 2375 2998 2456 communicavit.
3055 2385 3127 2442 Ut
3153 2384 3324 2438 virtus
3353 2379 3448 2432 Dei
3482 2375 3708 2435 dicitur,

2127 2509 2200 2563 ita
2229 2512 2284 2559 et
2307 2499 2463 2556 nobis
2483 2496 2652 2550 virtus
2673 2502 2793 2544 esse
2818 2485 3086 2552 dignatur.
3130 2475 3269 2530 Deus
3305 2473 3442 2525 enim
3469 2476 3708 2521 nostrum

2131 2597 2388 2668 refugium
2415 2601 2464 2645 et
2492 2589 2650 2642 virtus
2680 2593 2730 2637 P.
2771 2574 3051 2633 Hereditas
3079 2579 3137 2624 ut
3158 2568 3230 2622 illi
3260 2579 3378 2628 nos,
3410 2569 3466 2614 et
3493 2559 3584 2612 ille
3606 2572 3710 2609 no-

2130 2648 2405 2745 bi's.JNam
2433 2681 2572 2735 sicut
2595 2673 2760 2728 babes
2782 2670 2835 2723 in
2865 2665 3047 2736 Moyse
3072 2679 3084 2712 :
3120 2657 3284 2712 Facta
3314 2662 3391 2708 est
3412 2651 3506 2704 Dei
3537 2648 3713 2719 portio

2134 2737 2351 2851 populus
2376 2774 2487 2844 ejus
2511 2764 2674 2823 Jacob
2697 2774 2750 2828 ‘1;
2783 2761 2857 2814 ita
2885 2764 2941 2812 et
2969 2755 3021 2808 in
3051 2749 3271 2822 psalmis
3297 2743 3496 2799 habes:
3524 2737 3713 2792 Portio

2135 2831 2248 2925 inea
2277 2831 2530 2920 Doniinus
2554 2869 2597 2911 τ.
2639 2855 2706 2908 Et
2729 2855 2870 2908 sicut
2907 2849 3021 2918 ipse
3054 2844 3122 2898 de
3151 2855 3210 2896 se
3239 2838 3314 2892 ait
3335 2838 3379 2870 ”
3405 2851 3420 2890 ι
3452 2831 3564 2904 Ego
3595 2845 3721 2883 sum

2258 2959 2409 3028 hujus
2431 2951 2608 3008 mundi
2631 2958 2653 2986 ⁸
2681 2966 2696 3013 ;
2720 2947 2792 3000 ita
2822 2952 2876 2998 et
2898 2940 2964 2996 ad
2994 2951 3120 2993 suos
3141 2933 3275 2988 dixit
3298 2947 3313 2983 :
3347 2927 3451 2982 Vos
3479 2925 3601 2979 estis
3623 2921 3716 2975 tua:

2141 3053 2294 3124 hujus
2320 3020 2500 3103 mundi
2538 3045 2582 3096 ί.
2623 3039 2735 3109 Ego
2765 3051 2894 3097 sum,
2928 3029 3117 3098 inquit,
3148 3023 3300 3094 panis
3330 3020 3506 3074 vivus:
3541 3021 3596 3068 et
3621 3027 3724 3064 nos

2057 3144 2102 3204 C
2135 3158 2309 3200 omnes
2337 3153 2467 3192 unus
2497 3132 2648 3205 panis
2694 3142 2889 3183 sumus.
2932 3120 3044 3192 Ego
3091 3131 3224 3180 sum,
3286 3111 3382 3170 ait,
3412 3108 3528 3162 vitis
3559 3117 3717 3164 vera;

2143 3243 2198 3290 et
2223 3232 2318 3286 tibi
2347 3197 2512 3283 dicit;
2545 3219 2785 3276 Plantavi
2815 3226 2860 3268 te
2880 3214 3028 3267 vitent
3055 3210 3393 3280 fructuosam,
3423 3197 3494 3270 (e)
3517 3209 3728 3250 omnem

2141 3340 2334 3381 veram.
2373 3319 2527 3374 Mons
2567 3313 2664 3367 Dei
2698 3308 2942 3364 Christus
2967 3341 2981 3366 ,
3029 3302 3084 3352 in
3119 3314 3216 3370 quo
3245 3289 3614 3361 beneplacitum
3642 3290 3723 3336 est

2145 3417 2255 3472 Deo
2286 3413 2518 3467 habitare
2537 3407 2591 3460 in
2621 3421 2700 3463 eo.
2734 3409 2788 3455 et
2816 3395 2986 3452 sancti
3008 3392 3123 3461 ejus
3146 3395 3339 3443 montes
3374 3380 3467 3435 Dei
3485 3421 3500 3444 ,
3525 3385 3732 3432 montes

2147 3467 2348 3568 uberes,
2391 3503 2454 3557 de
2473 3499 2653 3573 quibus
2677 3509 2770 3549 nos
2799 3489 3057 3545 illuminat
3093 3482 3161 3553 (f)
3193 3474 3445 3533 mirabilis
3473 3489 3504 3524 a
3533 3467 3733 3522 monti-

2152 3602 2242 3655 bus
2279 3557 2505 3654 azternis'.
2564 3589 2720 3643 Petra
2759 3589 2842 3638 est
2878 3578 3159 3633 Christus:
3217 3566 3463 3624 Bibebant
3501 3559 3640 3614 enim
3670 3557 3738 3608 de

2151 3689 2370 3764 spiritali
2401 3689 2634 3756 sequente
2666 3692 2753 3732 eos
2778 3675 2842 3706 ¹⁰⁰
2863 3680 3028 3744 petra,
3069 3672 3216 3737 petra
3248 3667 3419 3713 autem
3451 3661 3563 3708 erat
3582 3647 3744 3702 Chri-

2155 3740 2262 3842 s'tus
2285 3794 2333 3837 η.
2379 3740 2551 3832 Etiam
2589 3740 2991 3839 discipulo—suo
3027 3756 3188 3826 hujus
3217 3746 3461 3807 vocabuli
3505 3740 3742 3812 gratiam

2156 3895 2264 3936 non
2296 3872 2510 3942 negavit
2529 3909 2543 3933 ,
2575 3867 2660 3922 cui
2682 3862 2842 3918 dicit:
2878 3857 3044 3925 Super
3075 3851 3208 3903 hanc
3236 3853 3435 3914 petram
3465 3831 3748 3904 wdiﬁcabo

2162 3971 2448 4030 Ecclesium
2479 3978 2665 4024 meum,
2697 3967 2745 4012 et
2766 3964 2928 4028 porta:
2954 3946 3112 4019 inferi
3141 3957 3241 3997 non
3266 3930 3612 4011 pra-valebunt
3640 3926 3750 3979 ad-

2161 4080 2335 4123 uersus
2356 4075 2470 4115 eam
2491 4067 2540 4110 Υ.

2237 4111 2325 4208 ᾖ.
2358 4111 2480 4206 ’ἐξά
2502 4144 2629 4218 quid
2657 4141 2912 4196 miramur
2936 4144 3059 4187 eum
3085 4123 3294 4181 famulis
3320 4119 3432 4175 suis
3457 4111 3760 4170 indulsisse

2168 4265 2264 4306 sua
2297 4242 2510 4299 nomina
2535 4279 2549 4303 ,
2589 4233 2786 4303 quibus
2823 4235 2878 4282 et
2914 4231 3119 4295 patrem
3157 4229 3311 4271 suum
3351 4206 3641 4281 participat
3690 4209 3760 4253 et

2168 4353 2410 4409 regnum.
2454 4329 2608 4385 Dedit
2636 4325 2778 4382 enim
2807 4293 3106 4391 potestatem
3139 4300 3498 4378 recipientibus
3526 4314 3581 4352 se
3607 4293 3769 4364 ﬁlios

3021 4407 3031 4409 _
3236 4408 3240 4409 ν
3450 4392 3566 4409 ,μή
3614 4385 3763 4409 AL“

2173 4385 2266 4487 0:5
2293 4429 2403 4497 ﬁeri
2430 4436 2451 4461 ι
2478 4442 2493 4489 ;
2525 4432 2608 4485 et,
2640 4423 2898 4487 quantum
2934 4409 2991 4462 in
3020 4407 3137 4473 ipso
3167 4408 3250 4454 est
3273 4437 3290 4462 ,
3319 4392 3571 4449 omnibus
3611 4385 3768 4440 dixit

2093 4515 2142 4572 Ῐ)
2168 4521 2470 4580 hominibus
2494 4535 2507 4569 :
2533 4513 2620 4567 Dii
2643 4509 2782 4571 estis,
2804 4514 2851 4558 et
2875 4503 2970 4573 ﬁlii
2993 4493 3200 4551 Επεείδὶ
3221 4504 3394 4545 omnes
3415 4496 3464 4540 γ.
3492 4482 3600 4538 Nos
3621 4494 3776 4535 vero

2171 4625 2478 4671 nostrarum
2505 4602 2728 4661 crimine
2754 4596 3113 4652 voluntatum,
3145 4585 3286 4639 sicut
3312 4577 3558 4634 homines
3585 4569 3774 4626 mori-

2328 4759 2348 4786 ε
2373 4745 2564 4799 .loban.
2590 4755 2682 4804 xx,
2702 4735 2791 4788 29.
2860 4727 2887 4768 ἀ
2910 4727 3104 4781 Johan.
3127 4736 3240 4783 vui,
3262 4716 3359 4777 '59:
3395 4715 3514 4768 Act.
3533 4724 3628 4773 vn,
3653 4707 3713 4761 51
3753 4725 3776 4772 ;

2339 4816 2406 4845 ενι
2499 4811 2522 4845 h
2563 4809 2723 4845 Inlmn
2781 4819 2848 4845 ιν,
2882 4797 2971 4845 58.
3055 4793 3067 4831 ί
3108 4792 3262 4845 Rom.
3296 4803 3369 4845 xt,
3404 4783 3489 4836 18.
3569 4784 3582 4830 l
3625 4778 3773 4831 an.

3156 4807 3262 4845 om.
3296 4803 3369 4848 xi,
3404 4795 3489 4836 ιδ.
3569 4795 3582 4830 ι
3612 4795 3773 4848 iure.

2339 4847 2850 4939 gulam.
2885 4847 3199 4939 VSVMattha
3223 4847 3480 4939 xxv,-‘.0.
3535 4847 3776 4939 ,νεῖαι

491 4931 582 4977 vn,
615 4916 701 4968 38.
779 4916 799 4948 κ
827 4916 1010 4964 Matth.
1046 4926 1169 4972 xxv,
1204 4916 1254 4960 5.
1341 4916 1353 4943 ι
1393 4916 1546 4957 ttorn.
1579 4917 1650 4963 vr,
1678 4916 1728 4951 4.
1874 4916 2052 4950 imos.
2092 4916 2166 4958 ιιι,
2208 4916 2260 4945 .›.
2339 4916 2361 4924 --
2410 4916 2537 4937 ..ηιμ
2587 4916 2675 4939 ειη,
2989 4916 3028 4919 _-
3341 4916 3349 4920 ,

491 5001 618 5048 ην,
649 4982 701 5036 2.
779 4992 802 5030 τι
829 4982 978 5034 Deut.
1013 4996 1176 5038 xxxn,
1227 4978 1279 5031 9.
1337 4973 1556 5048 _"_Psa|.
1604 4985 1782 5048 cxj‘ni,
1935 5009 1964 5048 ,_
2000 4975 2055 5020 et
2107 4978 2258 5048 cxun,
2291 4960 2343 5013 6.
2421 4963 2440 4989 ε
2467 4953 2660 5007 Johau.
2688 4960 2801 5009 Vlll,
2834 4939 2920 4994 1‘2.
2999 4939 3018 4972 ι
3053 4931 3243 4988 Matth.
3289 4944 3340 4991 v,
3375 4925 3459 4978 14.
3535 4929 3563 4956 ιι
3589 4919 3609 4973 l
3631 4916 3780 4971 Cor.

493 5072 546 5119 x,
573 5054 626 5107 ι.
702 5064 726 5091 ν
751 5051 936 5105 Matth.
969 5066 1074 5110 xvi,
1109 5048 1191 5100 l8.

527 5256 538 5267 .
566 5185 643 5254 (α)
675 5185 780 5267 δίςὲ
798 5184 928 5267 “leg.
962 5180 1157 5267 Deerit.
1190 5177 1268 5230 ita
1297 5176 1550 5267 Paulinus
1579 5189 1666 5240 cp.
1694 5171 1760 5224 49
1791 5169 1857 5223 ad
1896 5167 2076 5221 Maca-

494 5247 637 5310 rium
666 5272 716 5308 n.
751 5254 803 5317 5,
835 5247 994 5305 beauit
1022 5265 1266 5318 pauperes
1290 5247 1492 5318 Spiritu.

573 5325 647 5396 (b)
689 5310 950 5396 iSic'mss.
1001 5310 1168 5396 Vatic.
1221 5310 1454 5396 etn'lieg.
1489 5312 1651 5396 "Ezllll
1695 5310 1896 5364 azldunt
1950 5322 2074 5359 non.

499 5376 910 5450 Emendavimns
938 5388 1178 5456 perﬁdia,
1215 5376 1606 5456 refragantibus
1635 5381 1883 5434 omnibus
1926 5376 2077 5431 codi—

501 5446 684 5529 cibus—,7
705 5465 752 5515 in
777 5446 969 5530 quibus
997 5446 1248 5530 per/illita,
1283 5446 1431 5506 nullo
1459 5469 1554 5506 seu
1602 5453 1780 5521 potius
1806 5446 2079 5502 contrario

504 5477 670 5529 cibus,
705 5481 752 5515 tn
777 5477 969 5530 qumus
997 5477 1248 5578 ger/mite,

504 5550 681 5590 sensu.
720 5532 849 5584 Vide
879 5546 964 5598 ep.
999 5527 1086 5598 Ὀ.
1114 5541 1165 5578 n.
1201 5525 1253 5598 l.

675 5602 766 5726 ,ἕω
806 5585 933 5656 ηιδεῖ
964 5597 1136 5652 Vatic.
1168 5604 1223 5652 et
1250 5593 1402 5650 Vien.
1441 5590 1582 5649 Editi
1625 5589 1882 5647 mendose
1905 5625 1921 5654 ,
1969 5585 2072 5638 mi-

613 5690 684 5726 t'H
726 5712 740 5726 .

507 5690 537 5726 ﬂ
549 5689 658 5729 ιιιιί
671 5689 740 5728 l0.

1272 5057 1295 5082 π
1325 5045 1518 5099 Johan.
1552 5058 1600 5107 ι,
1628 5040 1712 5094 19..
1773 5031 1818 5087 ι’
1849 5037 1988 5092 Psal.
2015 5051 2196 5099 Lxxxr,
2220 5031 2274 5084 6.

2254 5161 2331 5229 (dl
2501 5153 2680 5229 Vien:2
2712 5143 3011 5229 gaudemus.

2253 5194 2331 5294 ἓξ),
2365 5194 3072 5294 ηιέξίιῇέξξῖζὲιξνςηίο.
3117 5213 3171 5258 et
3205 5203 3265 5294 Si
3299 5194 3788 5294 Ambrosius'l‘x’i

2277 5262 2301 5282 υ
2366 5262 2454 5280 υ...
2763 5262 2774 5268 .
2818 5262 2865 5267 --
2918 5262 2923 5264 _

2182 5262 2409 5355 in‘ljuc.
2452 5311 2500 5348 c.
2545 5293 2596 5343 9.
2640 5262 2791 5352 Qua-1
2825 5282 2992 5347 magis
3019 5273 3328 5355 respondet
3353 5267 3593 5352 .editioni
3628 5262 3791 5317 LXX

2187 5373 2536 5434 interpretum
2561 5401 2574 5425 ,
2625 5342 2866 5411 IYlantuvi
2897 5342 2945 5403 te
2985 5342 3185 5402 vineam
3229 5342 3538 5462 frugiferam
3568 5351 3792 5388 omnem

2419 5440 2590 5462 4--..
2624 5428 2849 5462 assensu
2920 5419 3020 5462 tlhi
3059 5416 3321 5462 Vulgata:
3379 5407 3598 5462 )lantari
3631 5415 3680 5456 te
3704 5406 3792 5456 ei-

2347 5406 2536 5418 ,..υ......
2625 5406 2646 5411 _

2183 5406 2384 5500 verum,
2417 5406 2590 5487 πᾶσαί»
2623 5428 2870 5484 ἀληθινήν.
2920 5419 3020 5474 Ubi
3059 5406 3282 5481 Vulgata
3309 5406 3333 5464 :-
3356 5406 3598 5500 [ﬂagitari
3629 5415 3680 5500 Le
3704 5406 3794 5456 ei-

2188 5475 2357 5495 νοιη...
2423 5475 2587 5487 μη..-

2187 5523 2338 5563 ueam
2371 5477 2641 5564 ’electam,
2705 5509 2875 5564 omne
2901 5504 3081 5564 semen
3127 5475 3319 5564 uerum.
3376 5478 3516 5532 Editi
3557 5475 3797 5530 codices

2190 5576 2380 5638 nostri,
2404 5553 2555 5627 uitent
2584 5553 2775 5638 rerum.
2817 5560 2955 5638 Vi‘dc
2986 5569 3098 5613 not.
3118 5553 3249 5638 ‘ltl5.

2265 5622 2843 5716 ill-'Lvegvitl’aulinus,
2871 5629 3190 5702 θαυμαστὸς.
3217 5637 3316 5694 pro
3345 5622 3684 5683 θαυμαστῶς.
