3966 6184
230 352 333 407 285

1577 350 1913 408 EPISTOLA
1952 354 2137 411 XXIV.

3412 374 3517 429 286

232 484 381 537 mur,
408 472 464 521 et
502 464 643 521 sicut
674 477 809 517 unus
834 460 903 517 de
932 462 1263 532 principibus
1295 462 1536 518 cadimus
1568 473 1616 519 ⁸.
1663 464 1810 520 Unus
1840 473 1890 532 Α
1915 471 2139 524 remittit
2164 486 2373 541 usuras,
2397 482 2452 528 et
2474 474 2816 545 obligationis
2839 478 3109 537 immensae
3129 491 3512 555 compendium

230 558 371 613 enim
420 554 725 624 principum
772 551 1087 621 angelorum
1138 552 1277 617 fuit,
1328 563 1618 623 antequam
1670 556 1812 624 deji~

230 646 421 705 ciendo
450 646 650 700 cadens
679 645 832 698 ﬁeret
867 644 1122 711 zabulus,
1153 646 1241 699 cui
1270 643 1498 699 dicitur:
1549 646 1816 711 Quomodo

232 740 407 795 recidit
434 737 665 808 Lucifer,
690 737 775 808 qui
804 752 958 789 mane
977 734 1240 790 oriebatur
1274 735 1298 774 δ
1322 737 1345 790 3
1397 736 1504 791 Sed
1540 754 1648 793 non
1679 739 1819 793 sicut

232 830 317 885 ille
338 870 354 896 ,
389 828 442 882 in
464 837 730 881 aeternum
761 826 1036 880 interitum
1058 826 1297 881 damnati
1322 843 1508 883 sumus
1534 848 1545 881 :
1573 831 1698 898 quia
1729 832 1817 886 ille

232 929 384 975 autor
408 918 625 988 peccati
664 915 784 982 fuit,
834 916 1105 986 simulque
1126 933 1227 987 pro
1267 933 1327 973 se
1366 927 1423 974 et
1463 936 1561 990 pro
1600 921 1820 978 homine

231 1009 518 1081 punietur,
563 1008 655 1078 qui
704 1006 897 1062 eodem
937 1009 1098 1077 periit
1130 1009 1374 1074 scelere,
1426 1025 1534 1080 quo
1565 1012 1817 1081 perdidit.

232 1102 401 1156 Ilomo
430 1108 617 1155 autem
650 1114 761 1154 non
791 1098 847 1152 in
874 1096 1035 1153 finem
1063 1100 1259 1154 meruit
1284 1102 1631 1156 exterminari
1658 1118 1819 1171 para-

230 1194 364 1259 diso,
392 1201 449 1247 et
481 1200 625 1245 terra
655 1205 774 1245 esse
792 1232 808 1257 ,
832 1190 959 1258 quia
986 1189 1164 1244 divina
1185 1189 1401 1246 Iustitia
1432 1192 1601 1247 levius
1627 1194 1700 1229 ¹υ¹
1728 1194 1818 1263 ju-

231 1283 453 1346 dicavit,
488 1281 665 1335 aliena
696 1289 878 1335 mente
904 1294 1195 1350 peccasse,
1224 1296 1387 1350 quam
1417 1285 1655 1354 propria.
1696 1284 1819 1339 Cri-

232 1375 493 1431 minosius
520 1382 606 1429 est
624 1374 877 1444 decipere
906 1388 1069 1443 quam
1096 1374 1293 1445 decipi,
1325 1384 1382 1430 et
1410 1386 1692 1446 peccatum
1717 1393 1817 1432 ex-

233 1467 486 1533 cogitare,
528 1480 693 1533 quam
734 1464 933 1521 facere.
982 1463 1051 1518 Et
1078 1465 1205 1520 ideo
1244 1468 1615 1536 temporaliter
1660 1476 1715 1523 et
1754 1468 1819 1523 ad

230 1557 659 1613 emendationem
700 1557 919 1627 punitus
963 1566 1048 1611 est
1091 1556 1293 1613 fraudis
1332 1573 1586 1614 assensor
1611 1561 1675 1591 ¹⁰²
1700 1602 1714 1625 ,
1765 1561 1819 1615 iu

229 1658 482 1704 mternum
512 1657 695 1703 autem
724 1649 1044 1718 supplicium
1084 1649 1384 1705 destinatus
1414 1654 1604 1707 mortis
1631 1652 1821 1707 inven-

232 1750 348 1807 tor,
393 1740 484 1805 cui
515 1755 810 1809 numquam
852 1738 1065 1795 deficiet
1092 1741 1159 1773 ¹⁰³
1195 1756 1353 1811 poena
1395 1744 1642 1812 peccati,
1694 1744 1814 1813 quia

1923 571 2180 630 prastat,
2224 564 2393 619 solam
2438 582 2469 621 a
2514 569 2669 623 nobis
2717 570 3061 627 dilectionem
3099 576 3181 629 sui
3224 588 3513 648 repetens;

1921 667 2082 721 quam
2104 654 2246 709 inter
2263 667 2529 727 pnecepta
2557 675 2650 713 sua
2670 662 2950 731 principali
2974 664 3092 718 loco
3109 679 3517 735 ponens,osten-

1921 746 2287 815 ditquomodo
2317 746 2392 804 illi
2420 752 2708 807 insolubile
2734 754 2971 808 debitum
3004 756 3166 811 etiam
3198 758 3382 828 inopes
3403 762 3515 815 sol-

1921 853 2189 894 veremus.
2222 840 2389 897 Nemo
2410 858 2468 897 se
2490 843 2649 911 igitur
2671 855 2893 900 excuset
2916 846 3229 903 difficultate
3250 850 3512 917 solvendi,

1921 931 2044 1001 quia
2068 945 2227 985 nemo
2256 946 2316 986 se
2337 941 2514 1003 potest
2532 934 2713 989 dicere
2740 935 2974 989 animum
3005 952 3111 991 non
3137 938 3355 994 habere.
3396 940 3514 994 Non

1922 1028 2216 1096 sacrificia,
2247 1045 2354 1084 non
2387 1030 2458 1101 (ε)
2490 1046 2711 1085 munera
2752 1040 3056 1097 sumtuosa,
3091 1049 3198 1087 non
3227 1035 3347 1089 duri
3371 1036 3517 1091 labo-

1922 1137 2011 1175 res
2040 1122 2328 1189 exiguntur
2353 1137 2383 1175 a
2414 1122 2567 1177 nobis
2594 1141 2605 1174 :
2640 1124 2690 1177 in
2715 1123 2871 1178 nobis
2899 1131 3011 1189 est,
3044 1123 3187 1179 unde
3218 1126 3509 1182 solvamus.

1924 1213 2031 1282 Res
2052 1216 2194 1268 enim
2216 1216 2501 1285 potestatis
2531 1224 2729 1270 nostra:
2749 1224 2852 1283 est,
2875 1224 3060 1270 noster
3085 1216 3308 1273 affectus
3332 1237 3345 1271 :
3371 1220 3514 1275 hunc

1922 1301 2151 1358 Domino
2200 1304 2609 1374 impendamus,
2657 1315 2713 1360 et
2756 1307 3032 1361 solvimus.
3075 1307 3314 1379 Denique
3346 1310 3512 1367 David

1923 1396 2184 1451 liberatus
2224 1397 2294 1452 de
2338 1413 2501 1453 manu
2530 1400 2770 1453 omnium
2801 1400 3138 1455 inimicorum
3164 1418 3383 1457 suorum
3413 1421 3513 1473 pro

1922 1487 2108 1541 salutis
2146 1502 2256 1541 sua:
2298 1488 2454 1557 plena
2499 1490 2822 1553 securitate,
2869 1507 2976 1544 non
3019 1494 3168 1559 regni
3207 1494 3398 1562 Opibus
3422 1496 3512 1561 ¹⁰⁴¹,

1920 1578 2017 1634 sed
2061 1580 2225 1633 animi
2272 1581 2527 1649 solvens,
2574 1581 2687 1634 ait:
2721 1579 2953 1652 Diligam
3002 1592 3067 1647 te,
3092 1581 3512 1650 Domine,virtus

1920 1688 2034 1725 mea
2066 1672 2107 1723 i.

1992 1762 2081 1817 47.
2116 1763 2275 1817 Addo
2296 1764 2457 1819 etiam
2482 1764 2713 1833 amplius
2739 1780 2882 1830 eum,
2912 1766 3004 1833 qui
3032 1766 3268 1821 creditor
3286 1776 3389 1835 est,
3416 1768 3510 1824 de-

232 1845 512 1899 numquam
543 1828 765 1884 desinit.
806 1830 990 1899 Itaque
1020 1847 1128 1885 non
1162 1832 1413 1901 angelus,
1448 1848 1553 1887 non
1587 1834 1811 1901 legatus,

1927 1856 2154 1911 bitorem
2186 1856 2319 1919 fore,
2353 1858 2396 1911 si
2423 1857 2496 1909 illi
2522 1859 2754 1925 pretium
2783 1858 3038 1912 bonitatis
3062 1874 3193 1927 sum,
3222 1875 3382 1929 quam
3412 1878 3511 1916 no-

230 1930 281 1976 ut
300 1922 559 1991 scriptum
592 1930 695 1987 est,
727 1921 822 1976 scd
847 1923 959 1991 ipse
981 1923 1239 1979 Dominus
1275 1924 1425 1995 147
1455 1928 1589 1979 venit
1610 1928 1817 1994 erigere

227 2012 425 2078 allisos,
470 2012 688 2066 solvere
715 2012 1050 2080 compeditos
1082 2024 1103 2052 ο
1132 2055 1147 2081 ,
1178 2023 1227 2068 et
1256 2016 1455 2069 salvum
1484 2018 1653 2086 facere
1681 2017 1819 2088 quod

226 2105 441 2171 perierat
462 2100 512 2155 ά.
566 2101 676 2156 Sed
708 2110 765 2156 ut
794 2103 942 2156 illum
976 2103 1325 2175 deceptorem
1353 2115 1597 2161 nostrum
1629 2116 1815 2163 mutua

227 2192 370 2260 quasi
400 2191 726 2261 deceptione
746 2194 1119 2259 confunderet,
1149 2211 1246 2265 per
1266 2198 1577 2264 mysterium
1602 2198 1817 2267 pietatis

225 2297 323 2335 suae
349 2282 606 2350 dignatus
640 2291 722 2336 est
757 2283 1061 2350 unigenitus
1090 2285 1185 2339 Dei
1225 2285 1391 2341 Filius
1419 2287 1587 2356 ipsam
1619 2298 1815 2343 nostra:

224 2370 517 2439 fragilitatis
545 2375 824 2442 suscipere
855 2382 1101 2428 naturam
1121 2415 1139 2439 ,
1168 2384 1227 2429 ut
1255 2376 1325 2430 de
1352 2377 1496 2445 ipsa,
1526 2392 1687 2445 quam
1715 2378 1812 2433 de-

223 2470 469 2531 ceperat,
500 2463 729 2517 zabulus
758 2464 1103 2530 vinceretur;
1151 2474 1206 2519 et
1232 2467 1323 2534 qui
1353 2482 1569 2535 semper
1596 2468 1695 2521 sub
1716 2467 1813 2523 Dei

222 2552 415 2609 virtute
456 2562 513 2607 et
536 2553 747 2622 legibus
779 2553 875 2608 fuit
900 2596 915 2622 ,
963 2564 1022 2608 ut
1050 2563 1131 2611 est
1156 2556 1223 2587 ⁸⁸⁸
1248 2596 1263 2622 ,
1310 2556 1517 2611 homini
1558 2557 1813 2626 subjuga—

222 2652 383 2698 retur.

281 2736 372 2789 45.
416 2735 555 2799 Quid
575 2751 707 2805 ergo
736 2737 811 2792 illi
845 2738 1181 2792 retribuemus
1209 2756 1301 2810 pro
1324 2740 1563 2795 omnibus
1590 2759 1704 2814 quia
1725 2759 1810 2796 re-

219 2828 392 2882 tribuit
418 2829 566 2883 nobis
599 2838 622 2867 ο
648 2830 671 2883 ?
710 2829 982 2885 Retribuit
1003 2832 1169 2896 enim,
1208 2832 1303 2887 sed
1332 2839 1392 2886 ut
1420 2833 1593 2888 bonus
1625 2834 1808 2889 Domi—

218 2934 311 2973 nus
333 2920 483 2973 hona
511 2935 611 2990 pro
640 2920 796 2974 malis
820 2962 837 2987 ,
880 2923 966 2976 cui
1005 2937 1104 2976 nos
1140 2922 1279 2975 mala
1320 2938 1419 2993 pro
1449 2923 1605 2978 bonis
1640 2925 1811 2993 inges-

217 3027 476 3067 seramus.
518 3012 905 3081 Benedicebat,
935 3021 990 3068 et
1018 3014 1491 3070 maledicebamus.
1535 3015 1627 3070 Ille
1652 3032 1808 3070 sana-

217 3103 335 3169 bat,
388 3114 445 3159 et
487 3121 588 3160 nos
634 3105 1180 3175 blasphemahamus:
1224 3107 1553 3176 justilicabat
1590 3110 1803 3179 impios,

216 3205 260 3249 et
284 3214 397 3250 cum
429 3199 625 3267 iniquis
669 3197 1015 3267 deputabatur
1044 3196 1089 3252 ί.
1130 3198 1267 3265 Quid
1296 3214 1425 3269 ergo
1455 3200 1529 3254 illi
1561 3216 1658 3269 pro
1687 3217 1805 3255 ma-
1836 3216 1881 3279 ο

216 3284 275 3341 lis
298 3288 436 3341 meis
465 3302 588 3355 qua:
616 3288 838 3357 pertulit
862 3330 878 3356 ,
926 3289 1063 3357 quid.
1089 3304 1188 3358 pro
1216 3288 1375 3344 bonis
1403 3290 1514 3345 suis
1541 3306 1661 3360 quae
1686 3307 1811 3346 con-

216 3379 349 3443 tulit,
373 3378 651 3433 referam?
673 3378 799 3448 quid
821 3395 919 3449 pro
941 3388 1187 3450 suscepta
1210 3395 1373 3435 carne
1398 3380 1493 3449 (V.
1513 3391 1629 3436 not.
1646 3381 1810 3453 l06)?

214 3471 332 3537 quid
366 3487 471 3539 pro
502 3470 717 3539 alapis?
764 3470 891 3538 quid
931 3486 1031 3540 pro
1068 3472 1381 3541 opprobriis
1408 3472 1521 3526 m?
1556 3473 1681 3542 quid
1709 3490 1808 3543 pro

214 3558 432 3621 ﬂagellis
454 3562 479 3614 ?
527 3576 628 3630 pro
662 3576 822 3615 cruce
846 3600 862 3624 ,
895 3562 1045 3617 obitu
1072 3607 1086 3630 ,
1122 3564 1398 3632 sepultura
1420 3606 1437 3631 ,
1470 3564 1759 3634 rependam
1784 3568 1807 3620 ?

214 3648 358 3715 Esto,
389 3651 685 3705 reddamus
707 3667 924 3707 crucem
954 3669 1053 3723 pro
1082 3670 1260 3717 cruce,
1283 3654 1441 3710 funus
1461 3672 1560 3725 pro
1583 3655 1802 3722 funere;

216 3743 470 3812 numquid
512 3744 813 3813 poterimus
859 3744 1085 3799 rediere
1136 3746 1283 3814 quod
1320 3762 1384 3799 ea:
1422 3747 1570 3817 ipso,
1624 3758 1673 3801 et
1716 3765 1807 3817 per

214 3836 399 3904 ipsum,
439 3836 493 3889 et
525 3836 578 3888 in
608 3836 721 3906 ipso
752 3835 1009 3891 habemus
1030 3840 1207 3891 omnia
1232 3847 1255 3884 8
1283 3855 1297 3903 ;
1329 3845 1385 3891 et
1416 3838 1545 3907 ipsi,
1589 3840 1681 3909 qui
1711 3839 1805 3892 ha-

213 3925 395 3980 bemus
418 3966 434 3988 ,
487 3930 564 3995 (a)
604 3927 673 3981 ab
707 3941 774 3981 eo
809 3929 1037 3981 sumus?
1084 3926 1205 3993 Ipse
1242 3929 1385 3982 enim
1411 3932 1533 4000 {erit
1564 3946 1659 3983 nos
1682 3970 1696 3993 ,
1753 3938 1802 3981 et

210 4032 305 4069 non
341 4018 444 4087 ipsi
476 4033 571 4070 nos
606 4016 628 4051 δ
655 4058 671 4081 ,
701 4024 759 4070 et
785 4017 962 4070 anima
986 4027 1169 4073 nostra
1207 4033 1422 4088 semper
1462 4020 1516 4073 in
1555 4019 1801 4073 manibus

208 4107 334 4174 ejus.
368 4108 683 4163 Reddamus
712 4122 841 4177 ergo
870 4124 1111 4165 amorem
1144 4126 1243 4179 pro
1266 4109 1447 4165 debito
1471 4152 1486 4175 ,
1519 4113 1798 4165 caritatem

206 4215 301 4269 pro
324 4216 553 4256 munere
578 4242 594 4266 ,
632 4202 862 4269 gratiam
892 4216 990 4271 pro
1019 4202 1270 4272 pecunia.
1312 4202 1404 4257 Va:
1445 4202 1589 4256 enim
1621 4202 1794 4268 nobis,

205 4293 299 4345 nisi
330 4292 707 4347 dilexerimus.

270 4384 361 4437 46.
407 4384 639 4451 Quando
669 4392 850 4439 autem
875 4400 1091 4455 sperem
1137 4401 1223 4441 me
1271 4386 1525 4442 miserum
1571 4395 1627 4441 et
1664 4399 1795 4454 ege-

200 4490 321 4529 num
344 4476 480 4529 huic
508 4475 739 4529 Domino
768 4491 928 4545 posse
952 4478 1199 4543 reddere,
1233 4478 1319 4531 cui
1349 4493 1449 4532 nec
1477 4478 1708 4547 apostoli
1736 4493 1794 4532 se

1920 1946 2001 1999 bis
2051 1944 2342 1998 indebitam
2385 1954 2623 2015 pnestat,
2655 1947 2884 2013 gratuita
2914 1946 3197 2014 diligentes
3230 1951 3411 2005 animo
3443 1952 3507 1983 '“7

1920 2037 2180 2108 pensione
2209 2037 2499 2105 sobamus.
2532 2037 2778 2103 Diligitur
2806 2036 2961 2108 148
2985 2047 3163 2092 autem
3186 2047 3242 2093 et
3260 2040 3309 2093 in
3333 2041 3509 2096 nobisa

1921 2129 2185 2198 metipsis,
2198 2130 2321 2197 quia
2344 2130 2456 2198 ipse
2470 2128 2625 2191 dixit,
2643 2129 2746 2183 hoc
2765 2129 2973 2198 signum
2992 2128 3104 2183 fore
3122 2128 3505 2199 discipulorum

1919 2236 2142 2276 suorum
2190 2220 2235 2274 si
2264 2220 2548 2287 diligerent
2577 2219 2805 2274 iuVicem
2833 2218 3122 2273 dilectione
3150 2234 3252 2287 qua
3284 2221 3397 2290 ipse
3421 2222 3505 2276 di-

1918 2312 2048 2367 lexit
2078 2327 2176 2365 nos
2207 2308 2264 2377 ι,
2297 2311 2349 2364 id
2396 2319 2498 2376 est,
2527 2318 2586 2363 ut
2625 2326 2720 2365 cor
2772 2326 2936 2363 unum
2989 2317 3044 2365 et
3073 2326 3230 2363 unam
3272 2312 3505 2366 animam

1917 2404 2212 2458 habeamus
2242 2403 2295 2457 iu
2338 2402 2553 2457 Christo
2590 2402 2604 2439 ι
2644 2420 2655 2453 :
2689 2410 2745 2455 et
2773 2402 2823 2455 id
2860 2403 3085 2471 quisque
3130 2404 3378 2472 proximo
3405 2421 3505 2461 suo

1915 2494 2097 2556 faciat,
2129 2494 2273 2564 quod
2301 2494 2401 2548 sibi
2425 2493 2537 2547 fieri
2577 2494 2722 2562 cupit
2743 2503 2801 2545 ω.
2827 2492 2945 2559 Quo
2974 2494 3141 2561 magis
3167 2504 3252 2547 tua
3279 2496 3519 2551 caritate-

1916 2586 2209 2655 gloriamur
2230 2586 2282 2638 in
2311 2585 2561 2651 Domino,
2591 2598 2710 2652 qua:
2734 2584 2848 2638 sola
2878 2599 2977 2637 nos
3017 2583 3141 2639 facit
3170 2585 3505 2653 aliquatenus

1913 2678 2000 2731 vel
2031 2692 2192 2730 unum
2223 2675 2290 2729 dc
2319 2676 2527 2746 magnis
2578 2684 2635 2729 et
2676 2675 2971 2729 innumeris
3018 2675 3213 2729 debitis
3242 2675 3353 2731 Deo
3396 2678 3506 2732 sol-

1914 2783 2064 2823 vere.
2093 2767 2151 2821 ln
2174 2767 2423 2822 omnibus
2446 2768 2587 2821 enim
2624 2767 2742 2821 aliis
2767 2767 2922 2821 bonis
2940 2767 3029 2820 vix
3060 2782 3159 2821 nos
3185 2777 3390 2822 tantum
3418 2770 3505 2825 vel

1913 2863 1966 2916 in
1997 2861 2183 2933 paucis
2224 2861 2483 2925 initiatos,
2516 2860 2568 2913 in
2597 2868 2685 2914 tua
2712 2867 2919 2913 tantum
2966 2859 3252 2915 dilectione
3280 2859 3504 2929 proﬁte-

1912 2970 2033 3008 mur
2053 2967 2172 3007 esse
2198 2951 2484 3021 perfectos.

2409 3062 2736 3119 EPISTULA
2773 3066 2790 3085 ⁶
2819 3064 3002 3119 XXIV.

1914 3154 2131 3210 Severus
2165 3154 2440 3209 Paulinum
2470 3154 2807 3226 laudaverat,
2838 3157 2973 3226 quod
3004 3156 3280 3226 facultates
3310 3174 3430 3212 suas
3450 3159 3501 3213 in

1982 3243 2229 3297 pauperes
2252 3226 2570 3297 contulisset,
2595 3242 2692 3296 quo
2713 3223 2917 3280 Christo
2942 3223 3223 3296 impensius
3238 3228 3501 3283 militaret.

1986 3295 2282 3366 Respondet
2310 3295 2567 3367 Paulinus
2596 3295 2701 3349 rem
2726 3312 2837 3350 esse
2858 3314 2959 3350 non
2986 3295 3160 3367 magni
3181 3302 3443 3362 momenti,
3461 3304 3506 3353 si

1982 3370 2095 3438 quis
2120 3368 2328 3420 diritias
2355 3366 2587 3437 abjiciat,
2614 3368 2714 3419 nisi
2736 3367 3036 3437 sibinwtipsi
3067 3366 3351 3429 renuntiet;
3373 3386 3505 3423 cuius

1984 3455 2079 3507 que
2100 3438 2245 3510 docet
2275 3439 2328 3510 in
2351 3454 2453 3510 quo
2486 3439 2587 3490 sita
2611 3439 2677 3489 sit
2707 3439 3015 3510 evangelica:
3044 3440 3362 3510 paupertatis
3389 3459 3507 3510 pcta

1983 3506 2154 3580 (grtia.
2182 3506 2385 3580 Deinde
2408 3517 2601 3580 quanta
2632 3506 2880 3580 pericula,
2912 3508 3118 3580 insidia:
3139 3518 3367 3579 quantae,
3386 3506 3504 3580 quot

1980 3576 2185 3632 Christo
2215 3576 2559 3631 militantibus
2580 3577 2750 3630 hostes
2779 3578 3098 3639 immineant,
3133 3576 3421 3644 enumerat,
3446 3591 3503 3633 ut

1979 3649 2240 3709 ostendat,
2269 3657 2485 3702 externa
2515 3647 2802 3716 reliquisse,
2820 3664 3007 3719 pugna:
3022 3649 3226 3701 initium
3247 3664 3373 3712 esse,
3400 3667 3503 3705 non

1979 3728 2270 3773 victoriam.

1980 3833 2031 3886 l.
2063 3832 2248 3886 llabeo
2281 3830 2374 3884 tibi
2399 3828 2575 3883 adhuc
2603 3828 2803 3897 aliquid
2818 3829 3035 3895 dicere;
3070 3830 3147 3899 (ά)
3178 3846 3503 3901 quamquam

1904 3934 1960 3979 tu
1987 3926 2041 3979 in
2070 3924 2273 3993 opertis
2302 3923 2602 3977 litterarum
2631 3923 3013 3992 promptuariis
3040 3923 3292 3992 accipias,
3327 3933 3380 3978 et
3407 3940 3499 3979 su-

1904 4034 2000 4087 per
2028 4026 2190 4081 tecta,
2220 4023 2481 4085 quantum
2524 4015 2575 4069 in
2604 4022 2657 4069 te
2686 4022 2799 4079 est,
2826 4024 2882 4068 ut
2922 4015 3036 4085 ipse
3062 4014 3352 4085 profiteris,
3382 4025 3503 4070 stu-

1903 4108 2035 4163 deas
2065 4106 2379 4177 przndicare.
2427 4104 2533 4159 Sed
2562 4105 2607 4159 si
2638 4104 2795 4170 hanc,
2828 4119 2989 4173 quam
3040 4105 3108 4160 de
3156 4115 3208 4161 te
3251 4107 3393 4176 apud
3443 4115 3501 4161 te

1902 4213 2050 4253 nunc
2077 4196 2375 4267 deposituri
2399 4211 2584 4252 sumus
2604 4196 3015 4264 querimoniam,
3048 4196 3188 4251 inter
3214 4204 3395 4251 cetera
3426 4196 3507 4250 Ιοι

1901 4289 2189 4358 quacitatis
2212 4296 2408 4342 nostra:
2439 4288 2619 4356 inepta
2648 4285 3029 4356 depromseris,
3054 4295 3200 4340 tuam
3229 4285 3388 4341 simul
3415 4294 3505 4342 tes

1903 4380 2208 4434 [ueritatem
2256 4378 2553 4446 divulgahis
2596 4396 2607 4430 :
2651 4378 2720 4433 de
2769 4394 2873 4447 qua
2922 4387 3313 4447 conquerentes
3359 4378 3507 4433 hanc

1901 4472 2188 4542 epistolam
2226 4471 2451 4525 facimus
2494 4474 2508 4501 ³
2530 4511 2545 4536 ,
2570 4470 2865 4539 superioris
2912 4468 3015 4524 line
3043 4472 3358 4526 commoniti
3383 4512 3398 4537 ,
3426 4470 3496 4526 do

198 4566 499 4621 reddidisse
527 4566 872 4635 proﬁtentur.
916 4568 1053 4622 Audi
1090 4568 1323 4637 denique
1367 4584 1530 4622 unum
1568 4567 1636 4622 de
1664 4569 1733 4637 ips
1747 4568 1792 4624 is
1823 4605 1872 4664 Β
1900 4567 2143 4622 caritatis
2174 4564 2421 4619 videlicet
2448 4571 2503 4617 et
2533 4562 2880 4633 perlectionis
2911 4549 3107 4628 verbo,
3134 4572 3191 4616 ut
3227 4564 3379 4617 istius
3420 4563 3499 4617 fa-

195 4656 555 4711 conﬁtentem
584 4672 643 4710 se
676 4673 785 4712 non
818 4658 1139 4723 reddidisse,
1165 4660 1257 4727 qui
1288 4658 1413 4713 dicit
1443 4677 1455 4711 :
1492 4657 1619 4722 Quis
1645 4660 1788 4728 prior

196 4747 327 4799 dedit
382 4750 456 4810 ei,
504 4758 556 4801 et
604 4749 680 4816 (ὁ)
726 4750 1032 4803 retribuetur
1060 4750 1136 4803 illi
1173 4749 1187 4786 ί
1225 4749 1493 4820 (Ambros.
1531 4751 1621 4804 lib.
1656 4766 1706 4803 vt
1737 4751 1788 4803 in

194 4833 319 4890 Luc.
353 4853 410 4893 c.
446 4837 539 4905 7)?
567 4836 674 4891 Sed
706 4839 806 4906 ipsi
838 4841 1067 4908 gratias,
1122 4841 1215 4912 qui
1244 4841 1397 4895 nobis
1426 4842 1560 4895 tauti
1590 4840 1792 4895 fenoris

254 5004 277 5031 ι
303 4994 457 5049 Psal.
489 5010 675 5062 um,
709 4995 761 5051 '7.
842 4994 868 5031 ι)
892 4995 1010 5050 lsai.
1045 5013 1152 5062 xw,
1186 4997 1237 5053 i.

200 5062 364 5134 flsai.
416 5081 505 5118 Llll
532 5105 547 5126 ,
584 5066 667 5117 l2.
750 5076 772 5113 ις
799 5066 954 5120 Rom.
996 5084 1049 5121 ιιι
1076 5109 1090 5134 ,
1144 5068 1231 5123 56.
1311 5067 1335 5105 δ
1365 5068 1503 5122 Psal.
1550 5084 1697 5127 xeix,
1744 5068 1796 5120 5.

196 5131 216 5167 ¹¹
242 5133 444 5189 Johan.
482 5152 593 5200 xm,
624 5135 714 5189 55.
776 5136 790 5172 ι
826 5138 944 5191 Act.
976 5154 1046 5204 tv,
1078 5131 1166 5193 32.
1242 5149 1281 5175 ιη
1311 5138 1500 5192 Matth.
1531 5155 1622 5198 vn,
1658 5138 1741 5189 1‘2.

1319 5009 1341 5037 ο
1376 4997 1517 5052 Psal.
1560 5013 1718 5062 ιιιιλν,
1760 4997 1815 5061 8,
1854 4996 2007 5065 juxta
2044 4994 2185 5049 Psal.
2212 4994 2369 5048 Rom.
2446 4992 2471 5030 ά
2506 4993 2631 5049 an.
2677 5010 2800 5057 xix,
2842 4993 2927 5046 10.

1319 5068 1503 5120 stal.
1550 5084 1697 5120 XCIX.
1744 5068 1796 5120 5.
1882 5066 1896 5103 ί
1939 5066 2095 5120 Rom.
2133 5082 2213 5120 ιιι.
2243 5063 2331 5119 55.
2413 5063 2425 5113 i
2468 5064 2609 5119 Psal.
2665 5080 2793 5120 xm.
2825 5064 2889 5120 9..

1882 5078 1896 5103 ι
1939 5078 2095 5121 lion].
2133 5082 2213 5129 ιιι,
2244 5082 2331 5119 oo.

1897 4674 2144 4714 ceremus
2184 4657 2487 4716 exordium.
2520 4655 2645 4710 llaec
2668 4656 2812 4709 enim
2843 4655 2996 4709 nobis
3026 4653 3093 4708 de
3142 4655 3306 4708 nimio
3337 4657 3355 4685 ²
3388 4663 3501 4709 tua:

1900 4750 2266 4805 unanimitatis
2290 4748 2485 4803 adectu
2511 4747 2885 4817 expostulandi
2925 4762 3083 4801 causa
3113 4754 3223 4810 est,
3264 4746 3410 4817 quod
3444 4756 3500 4800 te

1900 4842 2068 4894 multa
2113 4838 2330 4893 dilectio
2361 4853 2530 4907 usque
2556 4838 2621 4892 ad
2651 4837 2918 4892 mendacii
2969 4846 3253 4907 peccatum
3304 4837 3497 4891 trahit.

2621 4954 2800 5054 fxtx,
2842 4993 2927 5046 lO.
3011 4991 3200 5045 'Psal.
3241 4991 3491 5054 cxv,12.

2413 5063 2425 5113 i
2468 5064 2609 5119 Psal.
2665 5080 2793 5129 xm,
2825 5064 3079 5141 2,.juxta
3124 5061 3285 5116 Psalt.
3332 5062 3491 5118 Rom.

166 5290 173 5341 .7
255 5265 273 5284 ⁶
311 5263 471 5317 Alias
497 5262 570 5329 2;
620 5277 741 5331 quae
770 5273 948 5319 autem
978 5276 1093 5320 erat
1126 5267 1194 5319 Ἦ
1218 5308 1233 5332 ,
1266 5284 1407 5322 nunc
1429 5265 1518 5319 21.
1559 5266 1769 5335 Scripta
1813 5275 1865 5318 et
1888 5265 2049 5319 missa
2073 5280 2195 5319 cum
2217 5267 2527 5334 superiore,
2560 5279 2702 5317 anno
2734 5263 2854 5317 401.

253 5405 307 5471 (a
348 5404 461 5472 )Ex
490 5420 592 5458 ms.
624 5403 799 5458 Vatic.
830 5413 887 5458 et
912 5404 998 5458 ed.
1030 5402 1180 5457 Grin.
1206 5403 1505 5458 addidimus
1541 5404 1603 5456 ab
1632 5420 1711 5457 eo.

252 5474 327 5541 (ὁ,
363 5475 447 5527 Ita
477 5490 577 5527 ms.
607 5472 764 5527 Vicn.
788 5475 980 5539 codex,
1011 5474 1227 5527 Gnccus
1260 5484 1456 5539 textus,
1484 5474 1709 5540 Vulgata
1734 5482 1790 5528 et

191 5539 557 5597 Tertullianus
588 5543 852 5597 adversus
883 5544 1272 5612 Hermogenem
1295 5588 1311 5611 ,
1343 5561 1395 5595 ιι.
1446 5544 1538 5601 17.
1562 5539 1617 5597 et
1665 5543 1783 5595 Am-

191 5612 397 5669 brosius
427 5615 519 5667 lib.
542 5631 615 5679 Vl,
647 5629 765 5681 cap.
802 5614 831 5665 7
868 5615 919 5667 in
948 5614 1078 5668 Luc.
1111 5614 1213 5667 Alii
1242 5613 1426 5677 codd.,
1458 5613 1778 5665 retribuitur.

249 5684 321 5747 te)
354 5685 461 5739 Ms.
486 5684 658 5738 Vatic.
692 5692 746 5737 et
778 5683 867 5738 ed.
892 5682 1045 5739 Grin.
1079 5686 1132 5738 in
1162 5698 1328 5752 marg.
1354 5722 1368 5744 ,
1398 5684 1608 5743 itinera,
1639 5681 1782 5735 haud

189 5755 409 5818 omnino
431 5754 548 5811 sine
572 5770 754 5819 causa,
786 5754 957 5825 inquit
978 5753 1289 5819 Sacchinus,
1319 5753 1611 5822 antiquitus
1638 5752 1781 5809 cnim

1899 5410 2058 5457 erant
2103 5403 2291 5456 itinera
2328 5403 2631 5457 necessaria
2670 5411 2727 5455 ut
2772 5402 3013 5456 adiretur
3051 5402 3381 5460 Hierusalem
3420 5409 3486 5464 ad

1898 5472 2232 5526 olferendum
2275 5472 2561 5527 sacrificia.
2605 5472 2757 5539 Quod
2790 5489 2896 5525 non
2926 5475 3118 5542 placet.
3162 5476 3299 5539 Quid
3342 5479 3483 5531 enim

1896 5543 1998 5595 sibi
2032 5543 2166 5609 vult,
2192 5544 2385 5597 itinera
2416 5544 2717 5597 sumtuosa?
2741 5543 2879 5596 Vera
2905 5545 3064 5610 igitur
3086 5544 3243 5598 lectio
3272 5561 3484 5601 numera

1890 5622 2154 5683 sumtuosa
2172 5628 2334 5683 ,quze
2357 5629 2425 5669 ex
2455 5615 2723 5683 pnedictis
2749 5613 3117 5668 conﬁrmatur.

1960 5682 2040 5749 (d)
2074 5682 2171 5737 Ms.
2199 5681 2355 5737 Vien.
2377 5724 2391 5747 ,
2424 5681 2731 5753 quamquam
2762 5694 2811 5738 tu
2847 5684 2933 5755 qui
2962 5684 3011 5735 in
3040 5681 3250 5753 opertis,
3281 5683 3483 5743 littera-

1891 5768 2001 5805 rum
2032 5755 2354 5822 promtuaria
2382 5755 2595 5823 accipis.
