3966 6184
376 363 478 418 287

1507 355 1564 412 S.
1607 353 1876 410 PAUle
1916 349 2166 408 NOLANI
2203 349 2504 408 EPISCOPI

3551 343 3658 400 238

377 475 505 530 Sive
533 471 674 528 enim
701 485 764 525 ea
790 477 1031 540 reputem
1047 483 1167 537 qua:
1195 467 1263 523 de
1289 476 1360 532 te,
1385 467 1498 522 sive
1526 468 1614 520 illa
1637 481 1755 536 qua!
1778 467 1845 520 de
1875 481 1965 520 no-
1993 470 2039 524 Α
2074 461 2208 516 Vide
2240 478 2379 516 nuiic
2407 469 2667 530 quantum
2698 459 2751 512 in
2771 473 2834 512 ea
2871 457 2966 512 tibi
2995 456 3278 513 donaverit
3312 455 3455 510 Deus
3473 459 3493 489 ⁹
3526 473 3538 509 :
3571 457 3660 511 cui

377 564 458 618 bis
487 562 739 630 loqueris,
765 575 931 614 onera
961 568 1141 613 nostra
1165 559 1375 628 injustis
1392 559 1638 613 laudibus
1654 557 1957 624 cumulans,

379 661 471 706 tua
516 650 664 706 falsis
712 648 1192 719 vituperationihus
1247 649 1524 715 minuens,
1559 662 1778 716 arguam
1825 655 1880 701 te
1910 647 1963 700 in

380 741 660 796 caritatem
703 739 771 794 de
810 739 1036 793 caritate
1081 753 1322 807 peccare.
1365 737 1569 792 Caritas
1602 738 1766 804 enim,
1797 737 1969 806 inquit

382 832 601 902 benigna
627 839 704 884 est
732 846 749 883 :
781 831 970 883 caritas
1011 830 1245 899 proximo
1285 828 1478 881 malum
1509 844 1608 882 non
1643 838 1882 896 operatur
1917 839 1963 880 η.

386 921 676 990 Benignam
696 936 816 975 eam
841 921 996 976 nobis
1026 921 1267 986 exhibes,
1295 919 1441 989 quod
1479 919 1817 989 experimur;
1846 934 1970 972 nam

386 1025 442 1072 et
467 1017 519 1070 in
541 1031 607 1070 eo
637 1014 928 1082 gloriamur
959 1032 972 1066 :
1001 1013 1095 1068 sed
1127 1013 1246 1068 vide
1279 1029 1347 1067 ne
1373 1021 1564 1067 contra
1588 1011 1704 1080 ejus
1731 1011 1972 1081 regulam

386 1107 618 1162 videaris
656 1105 869 1175 operari
913 1104 1113 1158 malum
1161 1104 1452 1174 proximis,
1485 1103 1678 1172 quibus
1706 1101 1972 1157 sarcinam

388 1207 732 1269 peccatorum
761 1196 998 1266 pondere
1024 1195 1275 1250 indebita:
1320 1195 1492 1250 laudis
1521 1196 1597 1265 (a)
1629 1194 1934 1249 accumulas
1958 1211 1972 1259 ;

388 1296 446 1342 et
471 1291 624 1357 quasi
653 1304 762 1341 non
793 1287 935 1342 idem
965 1287 1151 1341 volens
1192 1287 1366 1352 nobis,
1398 1286 1541 1354 quod
1567 1286 1681 1350 tibi,
1714 1285 1976 1352 siquidem

389 1379 457 1434 de
487 1379 645 1433 nobis
692 1380 765 1433 ita
794 1379 942 1446 loqui
965 1378 1167 1446 justum
1189 1378 1482 1439 existimes,
1515 1385 1574 1431 ut
1599 1377 1665 1430 de
1695 1386 1747 1431 te
1793 1377 1980 1431 inutile

395 1469 492 1523 tibi
541 1469 782 1538 judicas,
813 1468 888 1539 (ὁ)
908 1469 1028 1537 jure
1055 1467 1277 1522 audies:
1308 1467 1369 1522 Si
1414 1477 1550 1521 recte
1602 1467 1776 1538 diligis
1802 1477 1848 1520 et
1876 1483 1980 1520 non

400 1561 556 1632 1&9
572 1572 707 1615 recte
734 1562 953 1625 dividas,
985 1560 1349 1632 peccastibU’.
1386 1569 1498 1614 not.
1526 1559 1671 1629 107).
1705 1560 1813 1614 Nisi
1845 1560 1982 1614 forte

394 1653 449 1708 id
497 1669 712 1722 quoque
759 1654 950 1708 altiore
993 1653 1207 1723 pictatis
1253 1653 1481 1707 consilio
1524 1653 1724 1714 facias,
1772 1660 1828 1704 ιιι
1855 1650 1981 1704 dum

401 1743 576 1798 aliena
622 1744 778 1798 nobis
824 1745 964 1798 bona
995 1744 1172 1798 verbis
1203 1743 1443 1810 indulges
1463 1784 1478 1809 ,
1509 1743 1784 1796 stimulum
1815 1741 1985 1811 pudo-

2067 553 2195 607 etin
2225 553 2438 606 illorum
2461 559 2608 604 sorte
2633 549 2818 602 tribuit
2833 549 3156 617 portionem,
3186 546 3278 614 qui
3305 546 3358 599 in
3389 547 3506 612 lege
3531 561 3660 615 per-

2068 643 2191 698 fecti
2215 645 2464 697 vixerunt
2488 643 2551 705 ‘°,
2577 641 2649 694 ita
2672 639 3028 708 possidentes,
3047 645 3105 691 ut
3122 651 3228 691 non
3258 635 3665 706 possiderentur

2071 751 2100 789 a
2129 731 2558 804 possessionibus
2603 729 2714 783 suis
2738 770 2752 794 ,
2785 743 2958 796 neque
3000 727 3163 781 ullam
3210 735 3304 780 aut
3343 740 3523 779 rerum
3571 733 3668 780 aut

2070 823 2525 882 necessitudinum
2553 823 2850 884 caritatem,
2884 828 2944 874 ut
2972 820 3025 873 in
3054 817 3155 873 Joh
3183 817 3202 858 τ
3225 861 3240 885 ,
3283 827 3340 872 et
3368 817 3666 885 Abraham,

2073 925 2129 971 et
2173 915 2274 968 Lot
2303 913 2604 968 ostenditur
2635 923 2680 976 ις,
2714 911 2999 966 dominica:
3044 909 3257 963 caritati
3285 917 3342 962 et
3370 907 3669 977 disciplinae

2075 1017 2467 1076 anteponerent
2500 1025 2511 1058 :
2543 1006 2638 1060 sed
2687 1013 2742 1060 et
2784 1019 2973 1060 eorum
3022 1005 3063 1034 “
3089 1003 3163 1057 sis
3197 1003 3500 1072 particeps,
3530 1017 3673 1070 quos

2077 1102 2382 1168 evangeliea
2421 1099 2696 1169 plenitudo
2725 1104 3065 1152 consummat
3097 1113 3110 1148 :
3141 1095 3232 1163 qui
3280 1093 3501 1163 majoris
3529 1109 3673 1162 epu-

2078 1195 2254 1247 lentia:
2282 1200 2338 1244 et
2366 1190 2629 1244 illeeehrze
2668 1187 2863 1257 praedia
2896 1185 3207 1241 vendidisti.

2150 1285 2203 1338 5.
2239 1283 2391 1338 Unde
2415 1281 2626 1337 confido
2657 1281 2734 1351 (rt)
2767 1295 2948 1349 parem
2973 1279 3068 1332 tibi
3092 1279 3143 1332 in
3167 1278 3342 1331 medio
3370 1277 3678 1330 divinarum

2082 1378 2306 1432 sortium
2335 1374 2594 1442 requiem,
2629 1382 2688 1426 ut
2714 1373 2964 1431 dormias.
2996 1371 3135 1425 sicut
3163 1370 3420 1439 scriptum
3456 1377 3556 1431 est,
3590 1371 3677 1422 in—

2085 1481 2160 1522 ter
2181 1469 2377 1522 medios
2403 1467 2568 1519 cteros
2595 1462 2642 1529 δ,
2678 1465 2728 1517 id
2759 1471 2843 1518 est
2867 1472 3034 1517 sortes
3063 1461 3298 1528 Domini,
3322 1477 3441 1529 qum
3471 1461 3522 1514 in
3549 1461 3684 1514 duo-

2084 1562 2183 1615 bus
2204 1558 2563 1614 Testamentis
2578 1556 2932 1625 accipiuntur,
2957 1554 3023 1608 de
3051 1555 3246 1624 quibus
3273 1553 3544 1607 hereditas
3573 1553 3683 1607 Do—

2086 1653 2236 1714 mini,
2276 1652 2431 1721 150
2453 1657 2507 1704 et
2535 1656 2847 1703 sanctorum
2879 1645 3158 1717 plenitudo
3186 1644 3482 1715 perficitur.
3526 1643 3683 1699 Unde

2086 1750 2306 1812 paratus
2333 1756 2450 1795 sum
2477 1740 2749 1794 dominico
2772 1739 3053 1793 adversum
3086 1746 3138 1792 te
3165 1737 3332 1790 verbo
3353 1739 3392 1768 ¹³
3420 1737 3470 1790 in
3497 1736 3681 1790 diver-

395 1834 470 1889 ris
494 1847 748 1900 suggeras
770 1874 785 1897 ,
836 1841 896 1888 ut
942 1834 1181 1901 legentes
1221 1832 1364 1903 quod
1392 1848 1512 1887 esse
1538 1832 1827 1896 debemus,
1859 1831 1985 1886 boni
2021 1837 2062 1894 Β
2089 1850 2205 1887 sum
2233 1833 2332 1895 uti,
2364 1841 2423 1886 ut
2450 1833 2624 1886 dicam
2658 1833 2750 1886 tibi
2785 1849 2797 1883 :
2831 1830 2888 1884 In
2919 1829 3097 1884 fratris
3122 1829 3198 1883 tui
3237 1829 3396 1884 oculo
3421 1829 3682 1884 festucam

396 1936 517 1977 esse
539 1921 828 1986 discamus,
849 1923 1188 1992 nitamurque
1205 1938 1304 1976 nos
1325 1921 1476 1990 juxta
1503 1935 1807 1976 sermonem
1835 1931 1982 1975 tuum

395 2025 680 2080 promere;
723 2020 780 2064 et
812 2011 1037 2065 forsitan
1076 2012 1343 2080 possimus
1373 2014 1391 2041 '
1421 2010 1564 2066 effici
1593 2011 1667 2088 θ)
1697 2011 1840 2080 quod
1879 2028 1986 2066 non

399 2117 586 2157 sumus
610 2144 624 2169 ,
675 2102 802 2156 dum
850 2103 1218 2160 erubescimus
1267 2121 1375 2160 non
1417 2119 1538 2159 esse
1566 2105 1710 2172 quod
1738 2105 1984 2160 dicimur.

398 2190 616 2247 Interim
658 2202 835 2248 tamen
878 2194 1004 2248 dum
1045 2196 1375 2251 conscientia
1413 2212 1518 2250 non
1559 2197 1802 2264 agnoscit
1831 2195 1988 2250 fidem

399 2283 662 2338 sermonis
691 2283 798 2348 tui,
837 2284 1257 2340 blandimentum
1304 2294 1621 2356 aspernatur
1643 2287 1985 2341 verecundia.

400 2372 530 2438 Qua:
561 2381 612 2427 te
635 2372 777 2442 apud
803 2374 1030 2444 teipsum
1050 2416 1065 2440 ,
1097 2384 1156 2428 ut
1185 2375 1293 2429 dixi
1312 2414 1326 2436 ,
1359 2375 1650 2430 conveniat
1685 2377 1700 2404 ‘
1722 2392 1864 2440 ;-cur
1890 2392 1990 2429 au-

405 2463 536 2517 deas
559 2465 578 2494 δ
608 2464 792 2527 nobis,
825 2473 883 2518 ut
923 2464 1200 2520 deccrtato
1230 2479 1402 2531 agone
1440 2467 1734 2522 victoribus
1761 2467 1990 2536 palmam

403 2551 750 2624 perfectionis
779 2555 1106 2619 adscribere,
1135 2557 1279 2624 quod
1309 2572 1524 2610 omnem
1559 2557 1577 2588 ⁸
1609 2564 1835 2612 terrena:
1868 2573 1993 2627 pos—

407 2645 662 2699 sessionis
691 2647 957 2701 sarcinam
1000 2648 1315 2716 exposuisse
1345 2648 1421 2717 (id
1449 2658 1523 2702 est
1552 2648 1883 2718 deposuisse.
1927 2648 1990 2704 V.

407 2748 574 2787 carm.
607 2733 696 2799 25,
739 2751 790 2789 v.
825 2735 916 2804 66)
963 2736 1244 2790 videamur
1277 2755 1289 2789 :
1324 2747 1376 2791 te
1405 2748 1593 2792 contra
1623 2739 1796 2794 adhuc
1823 2737 1996 2792 infeli-

407 2842 524 2882 cem
550 2869 566 2895 ,
613 2836 669 2882 et
717 2829 768 2882 in
799 2829 914 2883 luto
956 2830 1098 2885 lineis
1128 2831 1347 2884 inferna:
1375 2831 1736 2886 adhzerentem
1768 2832 1994 2899 ingemi-

407 2931 560 2981 scas,
609 2917 752 2987 quod
790 2919 874 2972 vel
917 2935 1109 2984 unum,
1143 2927 1202 2973 ut
1228 2921 1516 2990 scripsisti,
1549 2921 1862 2990 praediolum
1891 2937 1996 2975 non

409 3007 713 3062 vendidisse
767 3009 1032 3072 videaris;
1082 3025 1204 3064 cum
1253 3010 1426 3080 ipsum
1472 3027 1688 3080 quoque
1741 3026 1893 3081 teque
1941 3019 2000 3064 ut

410 3100 626 3154 vendita
672 3117 700 3153 a
735 3109 827 3154 tuo
851 3099 972 3169 jure
1012 3102 1263 3171 prmsenti
1301 3103 1655 3157 alienaveris:
1690 3111 1748 3156 ιιι
1778 3102 1998 3171 majori-

410 3194 511 3248 bus
541 3192 662 3248 fidei
710 3194 970 3248 fructibus
1019 3196 1099 3248 bis
1149 3195 1375 3249 devotus
1404 3197 1666 3250 existeres
1701 3195 1810 3250 Deo

412 3299 570 3336 verso
619 3283 954 3337 mercimonii
1003 3299 1204 3353 opere,
1253 3284 1348 3338 sed
1386 3301 1494 3338 uno
1523 3285 1644 3338 vitae
1674 3285 1823 3339 lucro
1862 3286 2001 3339 intra

413 3373 654 3440 ejusdem
684 3375 938 3442 priecepti
968 3375 1224 3428 terminos
1252 3375 1501 3428 venditor
1536 3375 1862 3444 largitorque
1884 3375 2003 3430 fun-

413 3465 604 3518 dorum
631 3505 646 3530 ,
698 3472 752 3518 et
799 3464 919 3519 ideo
965 3465 1082 3519 sine
1127 3466 1290 3519 animi
1338 3466 1651 3535 captivitate
1679 3483 1998 3536 possessor:

413 3558 538 3628 quia
583 3567 638 3612 et
675 3573 795 3628 quae
835 3559 1121 3613 reservasti
1149 3560 1192 3627 ⁷,
1224 3558 1464 3614 Ecclesia
1499 3566 1552 3615 te
1580 3561 1850 3616 serviente
1879 3577 2006 3631 pos-

414 3649 590 3704 sideat
615 3647 710 3715 (V.
744 3656 858 3703 not.
894 3648 1040 3719 108).

483 3742 538 3795 9..
573 3741 756 3810 Itaque
783 3741 851 3795 dc
894 3741 1060 3810 ipsius
1101 3741 1311 3796 Domini
1342 3742 1520 3797 verbis
1558 3749 1774 3797 nostras
1803 3743 2008 3812 pariter

415 3853 480 3891 ac
508 3844 627 3890 tuas
654 3834 830 3905 pende
860 3835 1117 3902 rationes,
1152 3851 1217 3890 ne
1246 3835 1331 3890 vel
1360 3835 1456 3890 tibi
1498 3843 1556 3889 ut
1581 3835 1836 3906 impedito
1863 3835 2005 3889 diffi-

417 3925 540 3989 das,
582 3925 666 3980 vel
708 3925 861 3980 nobis
899 3933 957 3979 ut
992 3925 1106 3993 jam
1152 3925 1334 3980 liberis
1369 3926 1775 3995 eongratnleris.
1815 3925 2006 3995 Cogita

418 4015 710 4070 divisiones
738 4031 856 4069 esse
885 4016 1177 4081 gratiarum
1199 4055 1212 4078 ,
1239 4025 1296 4070 et
1320 4033 1602 4072 mensuras
1625 4018 2004 4084 donationum;

419 4121 552 4175 quas
581 4114 640 4160 ut
666 4106 719 4159 in
746 4106 988 4174 corporis
1015 4105 1096 4158 sui
1119 4105 1372 4159 membris
1389 4122 1526 4160 unus
1549 4115 1708 4175 atque
1739 4108 1877 4162 idem
1899 4109 2010 4162 dis-

419 4206 676 4268 pensator
695 4204 950 4266 operatur
977 4197 1116 4249 Deus
1145 4200 1188 4262 ",
1212 4196 1422 4250 diversa
1455 4198 1507 4251 in
1540 4214 1640 4253 suo
1668 4214 1897 4270 corpore
1923 4201 2007 4255 di-

421 4291 695 4356 stinguens
721 4287 929 4357 placitis
954 4287 1193 4341 membra
1231 4289 1540 4344 muneribus
1569 4301 1628 4356 c;
1674 4292 1767 4346 sed
1813 4309 2009 4361 corpus

423 4396 587 4435 unum
628 4396 695 4434 ex
748 4379 1055 4434 diversitate
1101 4380 1464 4434 membrorum
1513 4391 1746 4445 struens,
1781 4393 1838 4436 ut
1882 4385 2007 4438 hinc

423 4488 639 4544 quoquc
667 4474 835 4540 gratia
858 4473 994 4527 sacri
1025 4473 1267 4543 corporis
1293 4481 1552 4541 augeatur
1579 4471 1627 4536 ἀ,
1658 4474 1702 4526 si
1732 4474 2006 4542 multiplex

2089 1925 2273 1992 gratim
2301 1923 2471 1990 vides,
2489 1923 2617 1977 etin
2641 1931 2734 1976 tuo
2761 1921 3000 1990 ejusdem
3023 1920 3148 1974 boni
3177 1935 3410 1974 massam
3431 1935 3536 1974 non
3559 1934 3685 1972 sen-

2092 2017 2159 2070 tis
2193 2014 2232 2081 i;
2259 2031 2380 2069 eum
2408 2023 2682 2084 utrasque,
2731 2023 2790 2068 ut
2835 2013 2968 2073 dixi,
3000 2021 3309 2067 sanctorum
3337 2012 3686 2080 occupaveris

2091 2113 2303 2174 partes:
2337 2119 2436 2158 nec
2466 2105 2515 2156 in
2546 2103 2833 2156 reservatis
2859 2102 2901 2132 ¹³
2927 2101 3136 2170 praediis
3161 2115 3458 2170 possessor,
3487 2109 3542 2153 et
3562 2115 3687 2168 per-

2093 2196 2262 2249 fectus
2291 2193 2343 2247 in
2374 2193 2621 2247 venditis.
2657 2191 2842 2260 Itaque
2872 2200 2927 2246 et
2947 2192 2998 2244 in
3028 2205 3136 2259 quo
3166 2206 3442 2260 possessor
3465 2189 3686 2254 videris,

2093 2286 2268 2340 soluta
2301 2301 2331 2339 a
2358 2285 2762 2353 possessionum
2814 2282 3040 2336 vinculis
3068 2291 3248 2336 mente
3280 2281 3551 2351 perfectus
3577 2297 3638 2337 es
3672 2300 3686 2334 :

2093 2379 2183 2446 qui
2213 2377 2425 2432 collecti
2449 2377 2708 2444 temporis
2730 2391 2938 2429 memor
2958 2375 3091 2429 illud
3114 2375 3359 2444 Apostoli
3384 2375 3397 2424 i
3423 2375 3689 2444 comples,

2095 2475 2152 2521 ut
2179 2467 2386 2520 habens
2407 2483 2512 2520 non
2543 2466 2776 2530 habeas;
2801 2465 2925 2533 quia
2959 2481 3064 2518 non
3095 2464 3213 2526 tibi,
3238 2464 3333 2518 sed
3354 2480 3460 2517 non
3493 2464 3701 2518 haben-

2097 2559 2237 2612 tibus
2281 2558 2467 2612 habes.
2502 2557 2701 2611 Domus
2749 2565 2854 2610 tua:
2880 2557 3078 2624 hospes
3106 2571 3183 2621 es,
3217 2563 3274 2609 ut
3317 2556 3390 2610 sis
3415 2555 3692 2624 hospitum

2097 2650 2330 2705 domus:
2363 2649 2552 2718 patria:
2595 2657 2700 2701 tua:
2751 2648 3065 2716 peregrinus
3113 2663 3191 2711 es,
3241 2655 3296 2702 et
3349 2648 3500 2701 exsul
3538 2647 3694 2702 istius

2097 2739 2313 2803 mundi;
2338 2747 2397 2792 ut
2426 2738 2499 2791 sis
2517 2737 2692 2792 incola
2724 2737 2976 2807 paradisi,
2995 2745 3048 2790 et
3077 2737 3263 2807 patria:
3283 2738 3414 2792 civis
3434 2738 3692 2806 antiquae.

2098 2830 2215 2885 Non
2241 2830 2485 2887 tricliniis
2501 2837 2589 2883 tua
2614 2838 2754 2884 tecta
2780 2845 3034 2898 occupas,
3059 2844 3232 2896 neque
3249 2829 3321 2897 (e)
3345 2828 3695 2898 supellectilis

2099 2932 2193 2978 aut
2220 2924 2458 2994 pecunia:
2473 2923 2702 2978 molibus
2721 2923 2905 2992 stipas;
2936 2923 3029 2977 sed
3055 2924 3352 2992 peregrinis
3377 2924 3420 2954 ιδ
3444 2932 3500 2976 et
3525 2937 3696 2990 egen-

2103 3017 2264 3083 tibus,
2299 3017 2460 3071 unius
2499 3017 2613 3086 ipse
2643 3024 2874 3069 metator
2921 3016 3120 3084 anguli,
3157 3015 3415 3085 comples,
3447 3023 3696 3068 tuorum-

2103 3123 2208 3176 que
2243 3108 2578 3163 confamulus
2613 3107 2954 3162 vernularum
2999 3108 3293 3176 temporale
3331 3108 3696 3162 habitaculum

1855 3214 1868 3248 :
1914 3195 1998 3249 di-
2029 3202 2074 3265 ο
2106 3200 2181 3255 ιιιί
2214 3199 2364 3266 tecti,
2414 3213 2523 3252 non
2554 3205 2610 3252 ut
2642 3197 3026 3266 paterfamilias
3056 3213 3301 3267 usurpas,
3333 3197 3425 3251 sed
3457 3206 3513 3251 ut
3546 3213 3697 3252 mer-

2111 3291 2364 3348 cenarius
2391 3291 2478 3345 vel
2509 3290 2798 3358 inquilinus
2829 3291 2899 3361 (ι’)
2931 3291 3127 3357 inanis,
3150 3290 3504 3359 stipendium,
3537 3291 3697 3360 quasi

2106 3383 2363 3454 precariae
2383 3381 2915 3436 mansionisDomino
2939 3380 3013 3451 (g)
3045 3381 3304 3435 altissimo
3332 3381 3605 3451 pensitans
3621 3380 3700 3436 de

2106 3473 2251 3528 socia
2282 3480 2336 3526 et
2364 3473 2609 3538 corporis
2638 3471 2712 3524 tui
2743 3479 2798 3524 et
2825 3471 2988 3524 animi
3017 3471 3294 3526 servitute.

2177 3563 2230 3618 4.
2261 3564 2416 3631 Quod
2444 3565 2487 3618 si
2513 3564 2668 3631 juxta
2695 3562 2875 3631 operis
2904 3562 3120 3616 modum
3156 3560 3474 3632 porrigenda
3496 3567 3580 3616 est
3606 3561 3699 3615 vel

2107 3657 2472 3710 contrahenda
2524 3669 2759 3718 merces,
2793 3662 2847 3709 ct
2874 3654 3244 3723 compensatio
3289 3653 3530 3722 quaedam
3571 3651 3702 3708 facti

2111 3746 2399 3816 infectique
2428 3744 2670 3799 facienda
2720 3755 2821 3810 est,
2875 3745 2952 3816 (Ii)
2993 3760 3148 3814 :eque
3186 3744 3326 3799 ratio
3354 3743 3704 3814 perfectionis

2109 3839 2271 3893 animi
2305 3837 2380 3891 tui
2409 3852 2531 3891 cum
2561 3851 2747 3890 eorum
2779 3850 2944 3904 opere
2970 3835 3211 3901 ducetur,
3244 3835 3332 3904 qui
3361 3835 3540 3888 omnia
3561 3849 3702 3889 ven-

2109 3931 2362 3986 diderunt
2390 3947 2402 3982 :
2429 3931 2553 3999 quia
2587 3931 2630 3961 "‘
2659 3945 2759 3985 nec
2787 3937 2844 3984 tu
2873 3929 2968 3985 tibi
3011 3931 3214 3999 aliquid
3247 3931 3328 3984 Vel
3358 3931 3409 3983 in
3437 3929 3578 3998 jure,
3606 3931 3699 3983 vel

2108 4021 2250 4090 quod
2281 4028 2365 4075 est
2394 4020 2642 4090 amplius,
2676 4019 2728 4074 in
2759 4021 2939 4073 animo
2968 4019 3230 4090 reliquisti
3262 4037 3275 4072 :
3308 4019 3398 4088 qui
3425 4019 3504 4073 sic
3530 4021 3706 4075 uteris

2108 4116 2330 4179 mundo,
2361 4115 2514 4183 quasi
2544 4129 2650 4169 non
2678 4114 2845 4169 utaris
2866 4112 2912 4168 ιι.
2943 4113 3118 4182 Atque
3137 4113 3281 4168 haud
3318 4114 3453 4174 scio,
3486 4129 3552 4166 an
3587 4111 3708 4166 for-

2110 4207 2263 4261 tioris
2293 4206 2412 4260 fidei
2439 4205 2726 4274 judicanda
2756 4205 2826 4259 sit
2847 4205 2949 4258 ista
2971 4203 3275 4258 constantia
3297 4212 3352 4258 et
3375 4201 3597 4256 firmitas
3622 4205 3706 4257 tui

2110 4297 2306 4362 cordis,
2331 4311 2435 4364 qua
2468 4297 2606 4350 inter
2628 4296 2777 4363 ignes
2807 4312 2912 4350 non
2931 4293 3128 4364 urerisl
3153 4312 3166 4346 :
3195 4294 3336 4347 inter
3349 4293 3566 4360 laqueos
3590 4303 3708 4342 non

2110 4389 2356 4458 caperis;
2389 4388 2559 4456 picem
2591 4387 2784 4454 tangis,
2817 4403 2916 4442 nec
2945 4387 3243 4455 inquinaris
3279 4395 3317 4420 τη
3346 4401 3360 4448 ;
3409 4397 3569 4451 quam
3600 4396 3706 4434 eo-

2111 4496 2248 4543 rum,
2281 4495 2419 4548 quos
2448 4487 2505 4533 tu
2531 4477 2700 4536 fortes
2723 4487 2912 4548 putas;
2941 4492 3042 4547 ego
3073 4484 3253 4532 autem
3277 4475 3597 4530 infirmiores
3622 4486 3710 4525 ar-

423 4565 592 4619 Virlus
614 4565 664 4618 in
715 4580 818 4619 una
867 4579 1126 4634 compage
1155 4573 1469 4618 numeretur
1500 4582 1512 4616 ε
1543 4573 1602 4617 ιιι
1641 4572 1736 4617 εἰεί
1766 4566 1945 4632 regina
1973 4582 2004 4617 α
2039 4573 2085 4630 D
2112 4568 2606 4638 bitrorjudicandos
2633 4587 2644 4621 :
2672 4568 2796 4636 quia
2820 4584 2927 4623 non
2948 4567 3229 4622 credentes
3249 4563 3542 4620 infirmitati
3568 4577 3704 4622 suae,

424 4659 621 4714 dextris
635 4661 745 4731 ejus
775 4663 828 4714 in
854 4661 1072 4730 fimbriis
1087 4661 1276 4727 aureis,
1297 4661 1676 4714 rircumamicta
1698 4663 1940 4716 varietate
1959 4672 2003 4716 ε.

497 4849 522 4878 ⁸
545 4839 566 4894 Ῑ
588 4840 711 4894 Cor.
737 4855 862 4902 xm,
893 4838 962 4899 ἂς
1005 4838 1162 4891 Rom.
1195 4852 1306 4896 xm,
1343 4835 1427 4889 10.
1499 4836 1528 4874 ι)
1550 4835 1684 4890 Gen.
1717 4851 1787 4901 IV,
1821 4835 1874 4901 7,
1902 4834 2053 4905 juxta
2085 4835 2245 4889 LXX.

427 4912 494 4966 10
523 4919 578 4963 et
609 4908 701 4971 l5,
729 4911 881 4976 juxta
929 4907 1248 4961 Psalterium
1287 4907 1441 4960 Rom.

1525 4905 1692 4960 (ιρι).
1728 4923 1764 4971 ι,
1796 4906 1888 4961 21.

425 4998 499 5049 vr,
525 4981 615 5034 4|.

693 4983 707 5031 l
748 4979 912 5034 lCor.
942 4995 1032 5043 vu,
1063 4978 1151 5031 50.
1227 4979 1251 5014 ιί
1283 4977 1453 5032 lCor.
1477 4993 1568 5042 vn,
1592 4976 1681 5030 3|.

503 5135 580 5206 (a)
610 5137 708 5190 Ms.
743 5134 960 5206 Regius,
993 5134 1346 5206 aestimatam.

503 5201 577 5276 (ὁ)
608 5207 685 5260 lta
713 5201 844 5259 mss;
873 5205 1011 5272 Reg.
1038 5203 1189 5257 Vieu.
1217 5202 1415 5276 (ξι-ειιίιί
1445 5202 1496 5256 4.
1530 5201 2014 5276 Edit._Rosv.,_au-

432 5272 568 5334 dius.
597 5277 729 5331 lbid.
761 5277 878 5329 loco
909 5276 1084 5343 diligis
1108 5272 1248 5343 apud
1274 5272 1412 5325 LXX
1435 5283 1489 5328 et
1509 5274 1647 5342 apud
1673 5272 2011 5326 Ambrosium

432 5349 707 5405 multoties
736 5346 930 5413 legitur
958 5334 1167 5412 o/feras'.
1203 5343 1383 5411 Vulg.,
1414 5347 1458 5397 si
1490 5334 1615 5396 bene
1643 5344 1828 5411 egeris.

507 5421 577 5488 (ε)
611 5417 733 5472 "me
775 5410 1108 5488 restituiiii_tis
1131 5430 1196 5468 ex
1229 5410 1326 5466 ms.
1361 5415 1541 5488 Vien._
1568 5410 1703 5466 Ante
1736 5410 2011 5488 legebatur

437 5483 685 5559 possimus
703 5487 884 5559 ieﬁici:
914 5485 1049 5559 quod
1077 5493 1252 5559 nostra
1283 5491 1453 5538 tamen
1507 5483 1628 5536 dum
1673 5483 2004 5559 conscientia,

434 5551 541 5615 etc.
574 5558 669 5613 his.
701 5551 855 5624 “Eg,
880 5551 1028 5625 e/ﬁci,
1044 5554 1200 5623 quod,
1223 5571 1324 5607 non
1350 5563 1542 5625 tamen.
1574 5561 1677 5607 etc.
1697 5551 2007 5625 Exscriplor

433 5631 646 5685 videtur
675 5621 1166 5682 vuln—isseseriherc
1195 5625 1330 5680 utin
1359 5641 1458 5680 ms.
1491 5623 1646 5680 Vien.
1677 5638 1796 5679 cum
1827 5621 2014 5677 eadem

436 5699 888 5769 interpunctionc.

510 5768 588 5841 (cl)
618 5768 718 5827 Ms.
749 5768 925 5836 Vien.,
955 5774 1217 5841 paratam.

1965 4918 1988 4954 Β
2019 4907 2153 4960 Gen.
2198 4922 2288 4967 xu,
2333 4905 2384 4959 4.

1764 4975 1780 5016 ι
1809 4975 1969 5033 Prov.
2003 4994 2078 5045 vt,
2101 4976 2188 5030 27.
2265 4985 2302 5012 τη
2325 4974 2492 5030 Eccli.
2524 4991 2638 5038 xui,
2669 4974 2719 5028 Ι.

2112 4661 2500 4718 festinaverunt
2527 4661 2762 4716 alienare
2782 4662 2982 4726 omnia,
3005 4660 3199 4728 quibus
3219 4659 3478 4713 inhaerere
3508 4656 3710 4711 timue-

2326 4845 2347 4873 ε
2374 4834 2532 4888 Rom.
2562 4851 2653 4899 xu,
2687 4833 2740 4889 4.
2817 4833 2842 4871 ἀ
2871 4833 3031 4888 lCor.
3058 4851 3150 4894 xu.
3181 4833 3232 4887 4.

3313 4844 3338 4872 ε
3369 4833 3509 4887 Psal.
3555 4851 3706 4899 xLIv,

2466 4903 2490 4941 ιι
2521 4903 2658 4958 Psal.
2710 4921 2871 4968 vau,
2909 4904 2989 4960 14.

3073 4903 3088 4941 ί
3125 4904 3315 4959 Matth.
3347 4921 3438 4968 vn,
3461 4903 3523 4970 ὃς
3568 4903 3710 4962 Luc.

2201 5129 2400 5202 (childs.
2427 5131 2605 5202 Ἥρῃ..
2642 5131 3059 5202 supellectilibus.

2197 5199 2264 5270 (f)
2287 5200 2364 5270 lta
2393 5217 2494 5254 ms.
2521 5199 2776 5256 VaticJet
2797 5202 2882 5255 ed.
2914 5201 3064 5254 Grin.
3090 5199 3242 5266 Quod
3272 5199 3553 5269 pulchrum
3580 5216 3716 5256 sen-

2121 5269 2238 5324 sum
2284 5269 2448 5324 eflicit
2497 5287 2510 5323 :
2562 5271 2756 5333 inanis,
2786 5271 2835 5325 id
2868 5279 2951 5325 est
2995 5271 3388 5341 pauperrimus.
3418 5272 3542 5336 Alii,
3584 5288 3710 5326 mo—

2119 5357 2226 5394 nes.

2191 5410 2266 5481 (9)
2294 5408 2443 5481 Hanc
2459 5425 2658 5481 vocem
2684 5409 2979 5466 addidimus
3003 5425 3071 5466 ex
3093 5427 3194 5466 ms.
3223 5411 3379 5467 Vien.
3402 5409 3555 5476 Quod
3583 5423 3721 5465 eon-

2118 5478 2361 5534 ﬁrniatttr
2391 5478 2528 5534 infra
2551 5496 2606 5533 ιι.
2637 5479 2690 5534 9.

2191 5551 2267 5618 (Ii)
2293 5550 2381 5604 Sic
2397 5565 2509 5622 nis.
2539 5550 2695 5622 Vica.
2727 5548 2871 5622 Edit.
2896 5549 3076 5613 codd.,
3129 5567 3276 5622 (equa
3311 5551 3512 5603 ratione
3535 5551 3720 5622 perfe-

2120 5623 2339 5693 ctio...”
2372 5619 2596 5674 ducitur.
2634 5620 2728 5674 Ms.
2785 5619 2943 5690 Reg.,
2975 5619 3327 5693 perfectionis,
3378 5628 3511 5683 etc.,
3563 5627 3622 5673 ut
3655 5621 3717 5676 in

2114 5687 2292 5744 editis.
