4006 6180
219 322 309 378 9.89

1548 309 1880 367 EPISTOLA
1919 309 2106 366 XXIV.

3371 313 3472 367 29d

217 445 328 490 runt
359 451 372 486 :
397 431 477 486 Tu
503 430 662 500 igitur
689 430 822 484 inter
851 435 1076 483 mortuos
1099 426 1231 480 liber
1256 433 1305 492 ³,
1331 424 1422 493 qui
1471 424 1524 477 in
1574 439 1780 493 posses
1817 433 1864 488 Α
1897 433 2023 478 tunc
2071 437 2214 487 vere,
2267 431 2324 477 ut
2353 423 2420 478 ab
2446 421 2640 478 exsilio
2669 423 2723 478 in
2769 423 2998 492 patriam
3025 423 3281 490 restituti,
3329 426 3415 478 vel
3444 441 3476 478 a

214 525 355 579 sione
387 531 598 576 terrena
640 529 784 574 terra
809 519 922 588 jam
965 533 1072 572 non
1101 532 1179 581 es,
1203 525 1256 570 et
1274 516 1350 586 (a)
1377 515 1536 570 terris
1563 515 1790 579 emines,

216 628 306 668 nec
331 611 742 666 morticinorum
784 608 1106 676 contagione
1150 607 1425 676 pollueris,
1459 620 1559 660 nec
1587 605 1795 658 habitas

218 705 264 758 in
283 702 664 756 dormientium
693 698 1331 770 projectorumsepulcris
1352 697 1404 768 δ(
1418 697 1480 751 V.
1503 706 1618 752 not.
1643 694 1790 764 109),

219 794 327 863 quia
358 793 412 846 in
439 791 579 846 cmlo
607 791 848 860 sepelisti
884 789 1051 844 vitam
1082 798 1225 843 tuam
1245 828 1259 852 ,
1282 803 1442 856 quam
1484 787 1538 841 in
1580 785 1795 840 Christo

204 883 534 938 ’ahscondisti
565 895 610 937 ο.
642 881 752 936 Nos
779 889 958 935 autem
983 896 1090 934 nou
1119 879 1387 949 patiamur
1408 878 1658 932 invidiam
1683 893 1798 946 per-

220 973 486 1035 iectionis;
512 971 606 1026 sed
635 971 815 1040 potius
835 969 1159 1040 accipiamus
1190 969 1399 1023 veniam
1422 968 1747 1022 inlirmitatis
1781 985 1792 1018 :

219 1067 330 1135 quia
355 1081 554 1134 negare
571 1080 677 1118 non
701 1073 876 1133 potes,
903 1061 1092 1117 fortius
1113 1077 1231 1116 esse
1261 1061 1622 1127 manentibus,
1638 1074 1797 1127 quant

219 1156 454 1210 alienatis
503 1155 664 1208 rebus
718 1167 950 1208 carere:
983 1161 1038 1205 et
1084 1165 1343 1221 spernere
1378 1148 1522 1218 quod
1574 1149 1795 1211 habeas,

219 1260 366 1314 quam
398 1259 506 1297 non
536 1243 740 1297 habere
766 1241 910 1311 quod
939 1256 1185 1309 spernas.

281 1358 330 1411 5.
370 1357 514 1411 Sane
559 1357 847 1412 considera
899 1357 1032 1426 ipsa,
1066 1356 1132 1410 de
1161 1355 1355 1424 quibus
1394 1355 1551 1409 nobis
1580 1368 1801 1422 arrogas

219 1456 619 1530 perfectionem,
652 1458 817 1512 verba
848 1457 1086 1521 Domini,
1119 1465 1174 1511 et
1205 1455 1409 1510 videbis
1450 1462 1502 1509 te
1537 1455 1800 1524 principia

219 1575 308 1630 pro
357 1558 462 1614 line
514 1559 779 1629 posuisse.
813 1558 873 1614 Si
903 1559 997 1624 vis,
1036 1558 1189 1630 151
1220 1558 1313 1624 ait,
1363 1561 1621 1630 perfectus
1667 1575 1798 1623 esse,

223 1661 335 1715 vade
369 1670 418 1715 et
441 1661 597 1715 vende
618 1663 793 1715 omnia
823 1670 928 1726 tua,
959 1671 1009 1714 et
1030 1661 1099 1714 da
1125 1660 1433 1731 pauperibus
1457 1660 1505 1714 ά.
1537 1660 1593 1715 Si
1617 1662 1668 1716 in
1698 1663 1802 1717 hoc

1894 513 2329 583 peregrinatione
2358 512 2648 582 longinqua
2679 513 2731 567 in
2757 514 3042 581 genitalem
3073 513 3289 568 domum
3317 515 3476 568 redu-

1894 617 2004 668 ces,
2043 603 2342 672 poterimus
2370 601 2590 658 dicere:
2625 602 2808 657 Portio
2830 611 3009 656 nostra
3052 602 3308 657 Dominus
3347 605 3387 634 ²¹
3418 605 3475 656 in

1896 701 2035 746 terra
2063 694 2336 746 virentium
2364 702 2412 748 π.

1967 783 2019 836 7.
2053 783 2414 849 Quamobrem
2445 785 2840 854 temporalium,
2873 801 2992 854 qua:
3043 787 3098 840 in
3144 786 3250 840 hoc
3293 783 3478 840 seculo

1896 875 2194 938 habentur,
2233 874 2498 928 bonorum
2529 876 2738 930 relictio
2767 877 2881 930 sive
2907 877 3210 942 distractio,
3244 892 3350 930 non
3381 875 3481 930 dc-

1897 981 2086 1020 cursus
2112 967 2288 1033 stadii,
2315 967 2408 1020 sed
2432 967 2724 1036 ingressus;
2750 983 2851 1023 nec
2865 977 2923 1023 ut
2943 979 3084 1023 meta
3113 972 3176 1035 “,
3208 969 3301 1023 sed
3318 969 3481 1036 janua

1900 1066 2003 1111 est.
2030 1057 2145 1113 Non
2175 1059 2318 1112 enim
2370 1059 2570 1113 athleta
2621 1067 2733 1114 tum
2763 1062 2931 1116 vincit
2976 1061 3044 1126 ’³,
3074 1078 3192 1116 cum
3223 1063 3438 1116 exuitur
3467 1079 3480 1112 :

1899 1149 1990 1216 qui
2020 1149 2142 1202 ideo
2172 1149 2422 1215 nudatur,
2451 1158 2511 1203 ut
2553 1151 2774 1220 incipiat
2800 1153 3075 1227 dimicare,
3105 1168 3223 1206 cum
3246 1152 3486 1219 legitime

1901 1240 2191 1293 certaverit
2219 1241 2560 1295 coronandus
2600 1251 2645 1296 ο.
2678 1242 2746 1295 Ει
2772 1251 2985 1297 natator
3013 1259 3225 1298 amnem
3258 1244 3488 1312 interpo-

1903 1331 2064 1384 situm
2093 1339 2440 1399 superaturus
2468 1333 2720 1386 exuitur:
2753 1349 2853 1388 nec
2883 1342 3058 1388 tamen
3089 1335 3191 1388 hoc
3218 1343 3368 1388 tanto
3390 1350 3489 1404 ap-

1903 1423 2291 1492 paratu,quod
2343 1439 2401 1478 se
2429 1425 2817 1494 dispoliaverit,
2875 1428 3232 1482 transnatabit
3277 1428 3342 1491 “,
3390 1428 3491 1481 nisi

1905 1513 2068 1567 totius
2090 1515 2335 1584 corporis
2362 1517 2514 1587 152
2537 1517 2674 1582 nisu,
2701 1525 2756 1570 et
2776 1517 3016 1572 omnium
3037 1518 3171 1571 scita
3196 1518 3496 1572 mobilitate

1905 1602 2292 1670 membrorum,
2325 1613 2379 1658 et
2400 1606 2657 1674 propulsu
2684 1606 2902 1675 pedum,
2921 1616 2972 1661 et
3004 1608 3227 1676 remigio
3256 1609 3496 1664 brachio-

1908 1709 2049 1761 rum,
2074 1704 2128 1748 et
2155 1694 2339 1748 lateris
2361 1695 2572 1765 illapsu,
2608 1697 2868 1752 torrentis
2895 1698 3153 1768 impetum
3182 1698 3413 1765 scindat,
3441 1708 3497 1755 et

222 1763 531 1816 sententiam
558 1762 904 1816 terminasset
927 1763 989 1827 ⁸⁸,
1022 1769 1076 1816 te
1103 1761 1239 1815 falso
1269 1771 1640 1830 arguerem;et
1661 1763 1802 1816 ultro
1837 1798 1881 1856 Β
1908 1785 2153 1840 laborem
2185 1761 2480 1842 “talioni—5
2509 1789 2807 1842 exhauriat.

225 1879 590 1934 exposcerem,
614 1873 674 1919 ut
699 1865 831 1919 mihi
858 1873 1131 1933 tamquam
1161 1864 1334 1918 vicina
1367 1865 1433 1919 de
1457 1865 1804 1919 similitudine

224 1958 452 2026 ejusdem
500 1957 664 2012 studii
710 1958 886 2011 anima
942 1957 1412 2026 congratulareris,
1465 1958 1590 2025 quia
1619 1957 1806 2025 agonis

229 2047 424 2117 impleti
470 2047 702 2118 palmam
747 2047 901 2115 quasi
950 2046 1218 2101 decimam
1275 2046 1420 2100 illam
1474 2045 1802 2112 drachmam,

227 2152 372 2207 qnam
405 2139 458 2192 in
486 2139 662 2208 primo
683 2139 861 2194 carnis
887 2146 1114 2208 parente
1139 2137 1400 2208 perditam
1448 2147 1493 2203 ο,
1525 2138 1663 2191 intra
1704 2137 1806 2192 do-

229 2244 354 2284 mum
379 2237 583 2296 tamen,
613 2229 832 2284 tandem
877 2244 1106 2284 accenso
1144 2229 1295 2282 verbi
1330 2228 1578 2283 salutaris
1607 2228 1807 2282 lumine

230 2322 506 2388 inventam,
539 2323 593 2376 in
618 2321 867 2378 manibus
881 2320 995 2390 jam
1023 2329 1332 2375 teneremus
1373 2337 1385 2370 :
1435 2319 1532 2374 sed
1571 2335 1695 2374 cunt
1724 2319 1806 2372 vi-

231 2411 341 2466 deas
363 2420 588 2481 quanta}
617 2412 775 2466 molis
798 2410 1021 2465 verbum
1044 2411 1298 2479 supersit,
1329 2424 1451 2464 cum
1482 2409 1597 2478 ipse
1625 2409 1808 2464 Domi-

231 2519 317 2558 nus
341 2504 646 2573 majestatis
673 2501 892 2571 adjiciat
924 2519 936 2555 :
970 2500 1039 2554 Et
1056 2505 1184 2569 veni,
1206 2517 1417 2573 sequere
1452 2518 1534 2554 me
1566 2499 1585 2538 ί
1605 2518 1620 2567 ;
1649 2501 1808 2555 istam

231 2594 394 2663 potius
420 2592 793 2649 difﬁcultatem
823 2590 1127 2655 considera,
1159 2598 1216 2646 et
1243 2589 1470 2645 dilatato
1499 2589 1662 2645 corde
1690 2605 1809 2644 me-

232 2681 342 2751 tire,
362 2690 495 2737 tunc
516 2681 784 2750 intelliges
811 2679 1048 2749 majores
1069 2679 1165 2734 tibi
1191 2694 1381 2734 causas
1408 2693 1507 2748 pro
1535 2677 1690 2733 nobis
1717 2693 1810 2732 su-

233 2787 439 2840 peresse
458 2772 852 2837 sollicitudinis,
877 2785 1039 2839 quam
1071 2785 1191 2829 esse
1217 2769 1612 2838 gratulationis.
1635 2768 1813 2825 Facile

234 2864 362 2918 enim
408 2864 566 2919 nobis
594 2864 737 2918 bona
765 2863 852 2918 vel
898 2877 1062 2918 onera
1092 2861 1336 2931 apposita
1377 2860 1597 2930 pallium
1623 2860 1813 2914 remit—

236 2955 463 3009 tentibus
487 2954 806 3009 exciderunt
837 2971 850 3006 :
894 2963 949 3008 et
975 2968 1094 3022 quae
1123 2952 1402 3007 nobiscum
1429 2966 1536 3006 non
1559 2950 1816 3005 intulera-

237 3062 346 3102 mus
387 3049 434 3079 ⁸⁷
463 3048 516 3102 in
545 3047 689 3102 hunc
713 3046 992 3113 mundum,
1034 3060 1136 3100 nec
1163 3052 1475 3115 poteramus
1520 3042 1594 3115 (ὁ)
1625 3044 1816 3100 eﬁ'erre

1979 1877 2031 1932 8.
2066 1879 2234 1933 Video
2259 1888 2438 1934 tamen
2463 1880 2618 1935 nobis
2647 1888 2702 1935 et
2730 1882 2783 1934 in
2811 1881 2974 1936 beato
2999 1882 3304 1950 patriarcha
3332 1881 3498 1938 Jacob

1907 1967 2067 2037 hujus
2095 1969 2452 2038 expeditionis
2501 1969 2744 2024 ordinem
2790 1971 3081 2040 prolusisse
3110 1981 3168 2035 p;
3198 1988 3320 2025 cum
3349 1973 3499 2026 illum

1908 2059 2048 2126 lego,
2080 2067 2429 2129 posteaquam
2453 2067 2694 2116 torrente
2720 2063 3056 2130 transmisso,
3088 2064 3374 2132 prtemissis
3402 2080 3499 2119 cu-

1915 2166 2100 2205 rarum
2135 2167 2351 2206 suarum
2374 2154 2648 2221 oneribus,
2680 2153 2732 2207 id
2762 2162 2872 2217 est,
2905 2154 3218 2210 facultatum
3249 2165 3500 2225 corpora-

1908 2241 2038 2295 lium
2064 2249 2120 2296 et
2140 2242 2596 2297 necessitudinum
2624 2243 3043 2313 impedimentis,
3073 2245 3219 2299 solus
3249 2245 3302 2298 in
3320 2245 3502 2300 taber-

1909 2333 2084 2387 naculi
2115 2333 2236 2387 loco
2264 2342 2616 2400 remanserat,
2648 2335 2760 2390 Deo
2784 2336 3150 2401 colluctatam,
3178 2352 3298 2391 cum
3323 2346 3502 2391 extor-

1909 2420 2122 2490 quenda
2151 2421 2530 2477 benedictione
2553 2424 2835 2493 praevaluit
2867 2441 2879 2476 :
2911 2433 2966 2479 et
2988 2425 3118 2479 illud
3142 2426 3280 2481 cwlo
3311 2427 3501 2480 terris-

1910 2527 2016 2581 que
2036 2521 2308 2566 sacratum
2329 2515 2375 2545 ¹⁵
2397 2513 2562 2568 Israel
2587 2530 2780 2570 nomen
2803 2517 3030 2587 accepit.
3055 2517 3114 2572 In
3138 2533 3266 2586 quo,
3295 2519 3505 2573 tametsi

1910 2603 2282 2673 principaliter
2333 2606 2658 2660 sacramenti
2710 2607 2960 2662 salutaris
3002 2609 3360 2678 praeﬁguratio
3389 2625 3506 2665 esse

1912 2695 2176 2761 videatur,
2206 2695 2353 2767 quod
2378 2697 2627 2753 videlicet
2656 2699 2710 2752 in
2743 2698 3052 2755 Judazorum
3078 2709 3239 2772 typo,
3271 2702 3373 2756 hoc
3401 2711 3507 2770 est,

1914 2787 2157 2856 corporis
2184 2789 2267 2842 sui
2298 2789 2488 2843 sobole
2509 2830 2522 2853 ,
2556 2787 2725 2844 Jacob
2771 2792 3115 2859 praevaluerit
3143 2793 3404 2858 Domino;
3431 2793 3508 2847 si-

1916 2885 2009 2932 cut
2028 2878 2116 2931 ille
2139 2879 2367 2947 populus
2390 2880 2440 2932 in
2465 2879 2580 2947 ejus
2605 2880 2677 2948 (c)
2694 2882 2943 2948 passione
2955 2881 3128 2936 Pilato
3141 2885 3509 2951 extorquenda

1917 2969 2214 3038 przcvaluit,
2237 2970 2374 3022 sicut
2395 2969 2649 3037 scriptum
2674 2978 2774 3034 est,
2794 2987 2913 3025 cum
2936 2970 3206 3026 dicerent:
3231 2972 3506 3045 Cruci/iga,

1920 3060 2180 3130 cruciﬁge,
2213 3068 2262 3112 et
2291 3060 2684 3127 invalescebant,
2714 3062 2908 3131 inquit,
2957 3080 3099 3119 voces
3122 3083 3295 3119 eorum
3325 3078 3352 3116 ιι
3386 3085 3406 3130 :_
3428 3077 3511 3122 at-

239 3139 531 3202 nobiscum,
582 3139 736 3208 quasi
764 3146 1004 3193 mutuata
1032 3136 1358 3192 reddidimus
1381 3153 1395 3201 ;
1428 3152 1528 3191 nec
1553 3145 1612 3190 ut
1639 3143 1816 3190 cutem

1927 3157 2110 3203 tamen
2141 3149 2194 3202 in
2225 3149 2382 3218 hujus
2407 3152 2575 3205 nostri
2604 3151 2648 3182 ²⁶
2679 3168 2822 3207 nunc
2847 3154 3056 3208 ratione
3072 3157 3335 3211 sermonis
3361 3166 3512 3212 eate-

239 3245 266 3285 a
289 3247 452 3287 carne
471 3230 838 3294 distraximus,
865 3229 960 3285 sed
989 3237 1048 3284 ut
1091 3236 1298 3284 vestem
1326 3245 1357 3284 a
1387 3243 1613 3299 corpore
1646 3227 1818 3298 depo-

239 3337 435 3377 ειιιιῐιιιε
466 3335 514 3376 ἕ.

303 3431 354 3485 6.
381 3430 539 3485 Nunc
566 3445 704 3499 opus
726 3436 829 3494 est,
857 3437 918 3483 ut
939 3444 1060 3498 quae
1081 3443 1208 3484 vere
1238 3437 1420 3484 nostra
1459 3438 1586 3484 sunt
1613 3430 1820 3499 depen-

239 3522 416 3577 damus
463 3521 598 3586 Deo,
633 3522 736 3576 hoc
761 3530 862 3584 est,
895 3536 1008 3586 cor,
1033 3529 1088 3574 et
1117 3521 1368 3589 animam,
1407 3530 1457 3575 et
1485 3538 1704 3593 corpora
1731 3541 1824 3577 no-

239 3621 340 3666 stra
378 3611 683 3666 exhibentes
711 3611 767 3664 in
813 3612 1036 3664 hostiam
1074 3613 1237 3665 vivam
1267 3609 1314 3676 δ,
1347 3621 1407 3666 ut
1434 3613 1693 3682 scriptum
1721 3623 1822 3678 est,

242 3702 712 3772 Domino,nosque
736 3703 881 3772 ipsos
905 3701 1232 3757 aediﬁcantes
1261 3703 1310 3757 ei
1333 3705 1384 3757 in
1418 3704 1673 3772 templum
1709 3720 1829 3759 san-

247 3802 384 3847 ctum
422 3793 436 3830 ί
469 3837 486 3861 ,
519 3793 575 3846 ἱιι
605 3793 722 3863 ipso
747 3792 923 3861 lapide
940 3793 1202 3861 angulari,
1229 3793 1319 3863 qui
1346 3793 1500 3848 nobis
1521 3794 1825 3850 sanctiﬁca-

245 3883 402 3939 tionis
431 3893 636 3938 nostra:
668 3882 951 3937 formulam
981 3883 1033 3936 in
1077 3885 1365 3958 semetipso
1398 3882 1579 3962 dedit,
1613 3892 1667 3939 et
1713 3887 1823 3938 ait:

244 3975 420 4031 Sancti
462 3985 647 4040 estote,
671 3978 912 4046 quoniam
941 3992 1032 4047 ego
1062 3986 1272 4029 sanctus
1298 3993 1412 4030 sum
1445 3975 1488 4029 i.
1522 3975 1651 4043 Qua:
1673 3978 1831 4045 igitur

241 4067 391 4120 nobis
411 4069 610 4136 gratia,
636 4068 678 4121 si
711 4068 764 4120 in
795 4067 972 4122 alieno
998 4075 1202 4121 tantum
1229 4066 1410 4122 ﬁdeles
1430 4067 1706 4135 fuerimus,
1730 4069 1832 4124 nisi

242 4154 305 4211 de
348 4159 579 4229 preprio
630 4159 961 4214 serviamus?
988 4158 1040 4211 id
1085 4166 1198 4220 est,
1230 4158 1297 4213 de
1343 4159 1516 4214 libero
1542 4160 1832 4214 voluntatis

243 4254 487 4322 arbitrio,
516 4272 586 4311 ex
617 4264 731 4311 toto
760 4256 924 4312 corde
953 4265 1174 4321 nostro,
1199 4265 1253 4311 et
1272 4271 1338 4310 ex
1360 4256 1488 4311 totis
1513 4257 1704 4310 anima:
1728 4272 1830 4310 n0-

243 4353 384 4410 strte,
418 4355 481 4401 ut
528 4346 789 4416 scriptum
809 4354 893 4402 est
931 4345 981 4413 ιε,
1010 4346 1214 4401 viribus
1245 4349 1286 4379 ¹⁸
1313 4347 1597 4415 diligentes
1629 4346 1830 4401 Deum?

238 4434 293 4490 In
321 4450 492 4505 quem
525 4453 626 4492 nos
656 4436 908 4492 aﬁectum
938 4438 1151 4493 lacessit
1174 4440 1214 4472 ’θ
1236 4440 1519 4509 propheta,
1551 4438 1642 4508 qui
1662 4438 1826 4494 dicit:

1924 3254 2023 3292 nus
2050 3240 2354 3309 usurpanda
2407 3240 2618 3294 videtur
2645 3241 2866 3297 historia
2887 3285 2900 3309 ,
2933 3253 3197 3313 quatenus
3225 3247 3512 3316 imaginem

1924 3328 2257 3396 Evangeliczc
2286 3331 2662 3400 praeceptionis
2691 3342 2913 3402 operata
2941 3343 3053 3400 est,
3085 3345 3143 3390 ut
3172 3337 3263 3392 illo
3286 3339 3330 3370 ⁸⁷
3361 3338 3514 3394 vide-

1924 3422 2050 3476 licet
2079 3423 2328 3494 exemplo
2370 3424 2750 3492 intelligamus,
2784 3442 2894 3481 non
2924 3443 3083 3496 posse
3121 3445 3221 3487 nos
3250 3445 3369 3486 esse
3399 3431 3516 3487 ido-

1925 3528 2057 3566 neos
2086 3513 2152 3567 ad
2181 3513 2636 3582 congrediendum
2675 3514 2826 3570 Deo:
2874 3519 2961 3572 cui
2999 3520 3184 3587 utique
3230 3523 3516 3589 congredi-

1925 3619 2064 3668 mur,
2090 3620 2209 3659 cum
2241 3608 2462 3660 verbum
2485 3607 2599 3674 ejus
2627 3605 2848 3678 implere
2867 3610 3106 3672 nitimur,
3131 3619 3186 3663 et
3211 3611 3263 3664 in
3293 3611 3518 3668 virtutes

1927 3695 2134 3751 divinas
2158 3698 2456 3754 imitatione
2485 3702 2651 3770 ipsius
2680 3703 2975 3772 praevalere
2996 3716 3274 3755 conamur.
3307 3702 3517 3773 Itaque,

1928 3788 1998 3842 ad
2023 3791 2420 3859 corripiendam
2451 3794 2572 3848 vita:
2614 3796 2773 3861 viam,
2819 3794 3244 3864 capiendumque
3273 3795 3368 3850 Dei
3391 3812 3518 3851 ver-

1929 3887 2055 3942 bum
2086 3895 2140 3942 et
2168 3889 2563 3956 praevalendum
2608 3902 2629 3929 τ
2662 3892 2716 3946 in
2763 3907 2975 3962 regnum
3005 3891 3267 3958 cmlorum,
3312 3892 3456 3960 quod
3485 3909 3519 3945 a

1932 3977 2107 4032 diebus
2132 3977 2388 4034 Johannis
2418 3981 2518 4034 vim
2543 3984 2738 4051 patitur
2757 3990 2812 4036 et
2841 3998 2872 4034 a
2900 3981 3255 4052 diripientibus
3288 3990 3309 4018 ο
3330 3981 3522 4052 (d)ob-

1933 4071 2154 4139 tinetur,
2185 4071 2365 4126 idonei
2404 4088 2525 4129 esse
2564 4089 2671 4129 non
2701 4088 3013 4143 possumus,
3065 4073 3166 4127 nisi
3194 4073 3372 4127 omnia
3399 4086 3520 4141 qua:

1933 4163 2016 4217 vel
2047 4179 2232 4218 amore
2261 4164 2346 4220 vel
2376 4180 2526 4232 cura,
2559 4167 2604 4220 si
2653 4167 2708 4220 in
2738 4166 2932 4220 itinere
2977 4166 3132 4221 istius
3175 4165 3340 4220 seculi
3365 4167 3523 4221 nobis

1933 4255 2260 4319 adhaereant,
2294 4256 2598 4326 impediunt
2625 4265 2679 4312 et
2722 4258 3020 4322 retardant,
3061 4266 3195 4331 ante
3213 4258 3394 4313 obitus
3423 4274 3523 4313 no-

1933 4346 2029 4401 stri
2059 4361 2336 4416 vesperam
2367 4349 2754 4417 prmmittamus
2780 4366 2792 4400 :
2818 4357 2874 4403 et
2894 4348 3017 4402 inde
3047 4350 3090 4378 ’⁸
3113 4363 3210 4417 per
3238 4357 3404 4402 totam
3433 4350 3524 4403 hu-

1928 4437 2016 4506 jus
2044 4439 2210 4493 seculi
2240 4447 2455 4494 noctem
2486 4439 2892 4510 apprehendere
2941 4447 2995 4491 et
3034 4445 3222 4492 tenere
3249 4437 3524 4493 Christum

250 4524 562 4581 Voluntaria
605 4527 910 4598 sacriﬁcabo
941 4527 1031 4582 tibi
1064 4529 1102 4582 ι.
1135 4529 1249 4585 Hoc
1281 4531 1425 4584 enim
1469 4538 1749 4600 acceptum
1777 4539 1832 4586 et
1861 4514 1910 4574 Ῐ)
1935 4530 2164 4584 sollicita
2183 4530 2504 4599 spiritalium
2519 4544 2744 4599 operum
2767 4544 2832 4584 ac
2852 4527 3153 4582 studiorum
3177 4528 3528 4582 contentione

239 4615 501 4684 placitum
534 4633 720 4672 coram
745 4619 873 4682 Deo,
906 4629 967 4672 ut
995 4618 1184 4674 bonum
1210 4632 1440 4674 nostrum
1485 4624 1551 4674 sit
1596 4621 1830 4676 volunta-

239 4707 370 4762 riam
387 4716 427 4744 ω
454 4726 468 4761 :
501 4717 768 4777 quatenus
788 4710 833 4740 ὀ
853 4710 1174 4780 recipiamus
1199 4725 1317 4780 qua:
1344 4720 1528 4766 nostra
1557 4721 1700 4777 sunt,
1734 4728 1830 4784 pa-

238 4801 398 4855 radisi
431 4801 648 4855 scilicet
683 4801 901 4856 domum
921 4843 938 4870 ,
967 4810 1022 4856 et
1048 4802 1212 4856 vitam
1239 4811 1494 4857 aeternam
1515 4844 1530 4868 ,
1561 4805 1613 4858 in
1643 4805 1836 4873 quibus

239 4894 405 4948 creati
437 4909 630 4949 sumus
654 4911 667 4946 :
692 4908 855 4962 quam
881 4894 927 4949 si
953 4895 1022 4949 ab
1045 4894 1201 4963 hujus
1225 4902 1401 4960 terrm,
1426 4896 1478 4949 in
1498 4911 1659 4964 quam
1691 4897 1838 4952 dam-

239 4985 466 5041 natione
497 4985 834 5053 devenimus,
857 4987 1200 5056 possessione
1219 4987 1429 5056 purgati
1455 4990 1837 5058 receperimus,

307 5150 332 5212 ξ
366 5139 520 5195 Psal.
565 5157 810 5212 Lxxxvu,
856 5140 908 5194 6.
984 5141 1012 5180 ι)
1051 5141 1193 5196 Psal.
1224 5158 1387 5212 vatt,
1436 5144 1489 5206 7,
1515 5153 1569 5199 et
1595 5161 1847 5212 Lxxxvn,
1879 5146 1930 5200 6.

241 5208 480 5278 {Matth
516 5227 629 5273 xtx,
660 5209 749 5263 2|.
830 5221 852 5257 8
885 5212 1064 5266 l'l‘im.
1089 5228 1163 5276 τι,
1188 5212 1239 5265 7.
1315 5210 1343 5248 ¹ι
1375 5212 1530 5268 Rom.
1555 5230 1658 5278 xu,
1689 5216 1743 5270 1.

236 5276 323 5332 37.
417 5281 429 5316 ι
472 5279 620 5334 Psal.
656 5297 766 5342 Llll,
800 5279 853 5335 8.
915 5293 949 5319 ω
982 5282 1210 5335 Philem.
1245 5281 1330 5334 H.
1407 5291 1434 5318 τι
1466 5283 1599 5338 Psal.
1629 5276 1768 5346 (im,
1796 5285 1849 5339 6.

244 5358 263 5385 τ
296 5349 508 5404 Matth.
540 5366 610 5403 xtl
634 5390 649 5414 ,
685 5351 771 5405 15.
852 5361 875 5390 ³
921 5351 1050 5406 Luc.
1101 5367 1210 5415 xw,
1244 5351 1329 5406 i6.

307 5508 528 5582 (a)__Sic
544 5507 830 5582 mss.__Reg_.
862 5517 918 5582 _et
937 5507 1092 5562 Vien.
1125 5507 1264 5582 Editi
1295 5516 1423 5582 tres,
1442 5517 1592 5565 terra:
1613 5511 1843 5566 seminis.

239 5577 341 5634 ms'.
373 5577 522 5633 Vat.
547 5587 602 5633 et
625 5577 755 5632 edit.
783 5577 958 5644 Grin.,
1000 5580 1188 5633 terreni
1216 5580 1446 5640 seminis,

243 5650 393 5788 μω)
423 5647 512 5703 lta
558 5663 684 5703 mss.
742 5649 958 5704 codices
1008 5649 1138 5718 Reg.
1171 5661 1228 5703 et
1271 5649 1424 5707 Vien.
1459 5649 1516 5706 In
1548 5649 1700 5718 aliis,
1748 5666 1842 5705 au-

295 5735 402 5773 rre.

295 5735 402 5773 πε.

1824 5217 1838 5254 i
1879 5215 2015 5286 Eph.
2042 5232 2102 5282 ιι,
2128 5215 2215 5268 21.

1927 5283 1950 5321 δ
1979 5286 2023 5340 ιι
2052 5286 2190 5340 Tim.
2214 5302 2250 5342 ιι
2273 5325 2288 5352 ,
2315 5283 2370 5340 5.

1411 5354 1429 5389 ί
1463 5353 1600 5409 Gen.
1632 5372 1798 5419 xxxn,
1840 5355 1931 5411 ‘26.

1939 4619 2240 4685 luctemur;
2291 4635 2392 4675 nec
2437 4620 2756 4674 divellamur
2803 4634 2832 4672 a
2863 4619 3090 4673 caritate
3140 4617 3361 4684 Christi,
3389 4619 3528 4672 sicut

1940 4710 2106 4765 Jacob
2148 4710 2216 4764 ab
2247 4711 2363 4779 ejus
2390 4710 2669 4780 amplexu,
2726 4710 2826 4764 nisi
2858 4719 3271 4778 extorqueamus
3309 4711 3542 4765 benedi--

1942 4806 2175 4861 ctionem
2198 4806 2240 4857 ί.
2282 4803 2457 4873 Atque
2486 4804 2684 4858 utinam
2731 4803 2798 4857 ad
2834 4804 3087 4859 salutaris
3128 4804 3334 4872 insigne
3363 4803 3533 4858 lucta-

1944 4901 2123 4966 minis,
2153 4915 2376 4955 nervum
2415 4899 2635 4955 femoris
2666 4897 2833 4953 nostri
2863 4895 3162 4964 majestatis
3196 4910 3305 4950 sua:
3339 4895 3532 4948 timore

1946 4994 2239 5066 percutiat;
2270 5009 2378 5063 quo
2404 4994 2821 5062 obstupescente
2848 4987 3204 5044 inﬁrmabitur
3228 4985 3394 5040 virtus
3423 5000 3534 5039 car-

2013 5157 2034 5185 °
2067 5145 2246 5201 Colos.
2276 5161 2332 5199 ιιι
2354 5186 2368 5210 ,
2397 5144 2450 5198 5.
2527 5141 2551 5180 ἀ
2591 5142 2779 5196 Matth.
2820 5157 2936 5208 tux,
2963 5139 3052 5192 2|.
3113 5149 3156 5210 ire
3187 5137 3330 5210 Luc.
3359 5153 3446 5201 xv,
3478 5135 3532 5190 8.

2297 5218 2311 5264 ι
2351 5208 2480 5268 Lev.
2513 5230 2586 5273 xl,
2610 5211 2698 5266 44.
2778 5210 2800 5248 κ
2831 5210 2986 5264 Deut.
3014 5226 3082 5272 vr,
3107 5208 3353 5274 5;Matth
3401 5223 3531 5272 χχιι,

2449 5296 2476 5334 ι)
2504 5283 2640 5339 Gen.
2675 5298 2838 5346 xxxu,
2881 5279 2967 5335 24.
3045 5291 3072 5330 (ι
3096 5279 3228 5334 Luc.
3260 5294 3414 5344 xxut,
3446 5275 3532 5332 “ll.

2022 5511 2093 5579 (ε)
2116 5508 2194 5564 lta
2223 5508 2486 5566 ms.Vien.
2513 5517 2570 5564 et
2595 5509 2680 5565 ed.
2709 5508 2859 5564 Grin.
2894 5507 3018 5573 Alii,
3045 5509 3407 5578 passionem...
3442 5517 3536 5555 ea:-

1952 5580 2311 5650 torquendam.
2345 5579 2483 5635 Vide
2511 5580 2671 5650 paulo
2701 5581 2966 5650 superius.
3039 5647 3098 5650 ___
3234 5643 3246 5650 _
3537 5593 3540 5598 ·

2019 5643 2111 5724 (tt)_
2127 5649 2242 5705 Hoc
2257 5651 2474 5724 verbum
2499 5643 2795 5724 addidimus
2817 5665 2883 5724 ex
2911 5663 3012 5724 ius.
3039 5647 3191 5724 Vico.
3221 5643 3287 5724 ᾼῑ
3314 5656 3412 5698 tus.
3443 5655 3538 5698 co-

1957 5716 2052 5777 dex
2077 5719 2234 5791 ch.,
2257 5724 2302 5776 vi
2328 5722 2519 5790 petitur
2542 5729 2591 5774 et
2613 5736 2644 5772 a
2674 5717 3049 5790 diripientibus,
3075 5716 3268 5771 idonei.
