4006 6180
483 343 576 399 291

1568 284 1650 381 ⁹5.
1694 319 1959 380 PAULINI
1997 314 2243 371 NOLANI
2287 310 2584 368 EPISCOPI

3641 306 3743 361 ρος.

482 463 584 526 nis,
614 468 670 514 et
714 456 967 528 spiritalis
994 454 1164 523 gratia
1187 449 1543 507 convalescet.
1576 443 1633 497 ιιι
1659 441 1827 497 Jacob
1859 447 2061 498 tamen,
2097 434 2142 490 A
2172 427 2345 528 zabuli
2378 424 2675 528 ςῑθοίάξξττξιν
2707 422 2761 477 in
2806 418 3177 528 ιὶυξηίιίῆῑίίξηθ
3206 418 3442 528 ’θοτῐξιίηξ
3475 420 3741 528 ξιξεεῖεξξξο

484 551 551 607 ad
592 549 825 604 Iudaicae
864 543 1164 602 sterilitatis
1191 550 1246 596 et
1266 533 1662 609 depravationis
1690 539 1897 601 typum,
1930 540 2061 595 per-

483 642 625 697 cussi
651 640 867 695 femoris
887 653 1082 693 nervus
1105 634 1382 695 emarcuit,
1405 644 1525 683 eam
1551 626 1779 681 filiorum
1808 622 1923 689 ejus
1950 633 2069 688 par-

486 746 594 789 tem
618 732 875 794 indicans,
909 743 1027 797 quce
1056 727 1389 794 degenerans
1417 736 1447 774 a
1480 719 1581 773 lide
1610 709 2065 786 patrum,destitit

486 824 598 877 Deo
628 835 744 875 esse
774 818 998 874 fecunda
1025 835 1036 869 :
1069 815 1212 869 unde
1241 813 1424 875 habes,
1454 803 1829 878 quiafecunda
1855 803 1909 855 in
1939 800 2066 870 ﬁliis

486 913 754 981 inﬁrmata
783 919 860 963 est
891 918 937 975 ε;
968 915 1023 962 et
1049 922 1079 959 a
1128 904 1409 975 praeceptis
1458 899 1662 954 autoris
1690 895 1775 952 sui
1801 894 1977 959 devia,
2007 893 2063 947 in

487 1001 687 1056 erroris
715 999 794 1058 sui
825 997 1029 1053 semitis
1053 994 1396 1051 claudicavit.

559 1114 613 1169 9.
641 1112 748 1166 Sed
777 1110 1122 1165 nihilominus
1144 1118 1199 1163 et
1229 1104 1381 1161 nobis
1411 1098 1707 1157 cavendum
1736 1104 1838 1159 est,
1870 1109 1939 1149 ne
1968 1102 2073 1148 stc-

488 1205 615 1259 riles
643 1217 998 1272 appareamus
1027 1202 1078 1254 in
1120 1203 1411 1266 conspectu
1444 1190 1654 1246 Domini
1679 1189 1726 1252 b,
1752 1202 1887 1240 neve
1907 1183 2070 1238 debili

490 1294 626 1363 pede
648 1294 704 1346 in
726 1292 842 1360 ejus
871 1292 1066 1343 itinere
1094 1288 1454 1342 claudicemus
1484 1299 1495 1333 :
1536 1279 1687 1350 153
1719 1285 1775 1331 et
1800 1284 1857 1329 ut
1889 1274 2070 1343 potius

490 1384 765 1455 corporeis
794 1382 1052 1436 fructibus
1080 1376 1367 1440 infecundi,
1392 1375 1538 1428 illum
1567 1371 1634 1425 de
1660 1368 1853 1423 divina:
1882 1377 2072 1417 manus

490 1478 603 1533 ictu
625 1477 839 1531 femoris
862 1475 1357 1544 paternistuporem
1387 1469 1453 1523 ad
1479 1464 1823 1522 continentite
1840 1462 2072 1528 rigorem

494 1571 785 1624 trahamus:
816 1576 1106 1621 utenerves
1125 1561 1531 1633 cupiditatibus,
1555 1557 1748 1627 quibus
1765 1555 1934 1607 virtus
1952 1550 2073 1605 ﬁdei

492 1662 866 1723 subnervatur,
898 1656 1277 1711 confirmemus
1300 1653 1533 1705 animam
1563 1648 1808 1703 castitate
1842 1663 1853 1697 :
1886 1658 2071 1713 quam,

493 1760 552 1805 ut
573 1750 858 1820 Apostolus
883 1749 1041 1802 docet
1071 1758 1092 1785 ο
1118 1748 1185 1813 ³³,
1215 1743 1376 1798 etiam
1427 1739 1674 1795 carnales
1723 1734 1938 1789 athleta!
1973 1733 2067 1803 (V.

492 1841 637 1896 not.|
652 1839 1265 1910 l0)diligentertucntnr,
1276 1848 1383 1901 quo
1397 1830 1550 1885 nobis
1564 1826 1887 1897 impensiore
1903 1826 1946 1856 ³ο
1957 1832 2071 1878 stu—

489 1932 580 1986 dio
592 1930 853 1985 servanda
864 1934 946 1981 est
960 1941 1055 1995 pro
1071 1925 1158 1978 illa
1175 1918 1555 1976 immarcescibi
1581 1919 1594 1971 i
1610 1931 1807 1971 corona
1820 1914 2070 1969 luctanti-

490 2021 607 2084 bus,
633 2034 752 2074 cum
777 2021 938 2072 etiam
956 2031 1052 2085 pro
1083 2012 1365 2082 temporali
1389 2019 1444 2065 et
1457 2007 1629 2076 fragili
1652 2022 1855 2062 corona
1878 2006 2068 2060 decer-

491 2112 742 2165 nentibus
779 2107 1070 2163 excolatur.
1104 2104 1282 2170 Quare
1316 2102 1417 2156 sub
1443 2100 1720 2154 hominum
1750 2106 1805 2152 et
1848 2096 2071 2164 angelo-

491 2217 608 2255 rum
624 2200 942 2270 spectaculis
958 2198 1011 2250 in
1026 2196 1183 2264 hujus
1199 2193 1381 2248 mundi
1404 2193 1616 2246 theatro
1644 2198 1768 2243 ante
1788 2187 2073 2242 Dominum

402 2354 409 2359 I
491 2290 790 2345 dimicaturi
804 2286 827 2323 τ’
838 2328 854 2355 ,
869 2301 1127 2341 exuamur
1142 2283 1395 2337 oneribus
1410 2279 1668 2341 adversis,
1687 2285 1746 2332 ut
1760 2276 1985 2331 medicis
1997 2277 2071 2345 (a)

494 2380 752 2435 oneribus
768 2378 1067 2431 induamur.
1093 2374 1149 2426 In
1167 2375 1269 2428 hoc
1298 2373 1441 2426 enim
1462 2371 1634 2440 ipsum
1660 2383 1757 2424 nos
1785 2368 2074 2438 praeparari

492 2472 608 2525 vult
626 2471 717 2539 qui
736 2469 889 2523 dicit:
912 2468 985 2539 (b)
999 2467 1124 2520 Veni
1133 2509 1146 2529 ,
1170 2479 1375 2535 sequere
1392 2481 1471 2517 me
1486 2478 1531 2527 υ,
1544 2470 1602 2516 ιιι
1615 2461 2079 2532 apprehendamus

494 2578 637 2625 eum,
666 2562 718 2614 in
748 2575 856 2630 quo
882 2557 1203 2627 apprehensi
1252 2570 1439 2611 sumus
1485 2554 1553 2608 ab
1582 2556 1721 2623 ipso.
1745 2552 1847 2619 Qui
1868 2568 1966 2606 nos
1986 2552 2077 2606 illo

492 2660 669 2717 vocat,
708 2651 799 2705 ubi
827 2650 969 2705 sedet
997 2649 1066 2702 ad
1095 2647 1357 2701 dexteram
1408 2646 1503 2700 Dei
1540 2645 1556 2683 τ
1591 2644 1644 2699 in
1670 2645 1841 2713 gloria
1879 2643 2074 2706 Patris,

493 2744 743 2799 omnibus
762 2743 925 2798 dicit:
968 2741 1148 2796 Venite
1161 2740 1231 2793 ad
1257 2756 1357 2804 me,
1380 2740 1578 2793 onerati
1609 2747 1659 2791 et
1687 2735 1998 2799 laborantes,
2031 2743 2081 2789 et

493 2838 760 2890 invenietis
790 2836 1013 2907 requiem
1059 2833 1328 2887 animabus
1354 2833 1533 2886 vestris
1577 2840 1623 2885 8.
1658 2830 1874 2883 Omnem
1913 2830 2080 2894 enim,

491 2936 755 2996 quantum
784 2928 838 2981 in
864 2928 979 2996 ipso
1008 2934 1109 2988 est,
1135 2926 1392 2979 hominem
1422 2927 1617 2977 salvum
1638 2924 1753 2993 ﬁeri
1783 2923 1889 2975 vult
1918 2920 1965 2987 ιι,
1989 2922 2080 2991 qui

493 3020 622 3074 fecit
650 3035 858 3074 omnes.
892 3018 1025 3073 Nam
1048 3014 1115 3073 et
1133 3017 1334 3072 idcirco
1380 3016 1657 3071 descendit
1686 3015 1753 3069 ad
1782 3030 1900 3077 nos,
1933 3022 1991 3068 ut
2014 3013 2082 3067 ad

493 3113 642 3166 illum
671 3110 1083 3166 ascenderemus
1117 3129 1128 3161 :
1162 3109 1283 3164 ideo
1328 3106 1697 3163 conformatus
1737 3116 1820 3162 est
1867 3107 2080 3175 corpori

492 3202 670 3256 carnis
695 3209 913 3267 nostrae,
939 3215 1057 3270 qum
1084 3209 1308 3268 peccato
1339 3200 1380 3231 ³³
1412 3199 1701 3263 serviebat,
1733 3207 1791 3252 ut
1820 3214 1918 3252 nos
1944 3213 2076 3251 con-

495 3294 752 3345 formaret
777 3292 993 3358 corpori
1034 3291 1212 3343 carnis
1240 3305 1372 3356 sure,
1399 3305 1518 3359 qua:
1546 3297 1827 3359 peccatum
1857 3304 1966 3343 non
2004 3288 2080 3344 fe-

496 3383 573 3436 cit
604 3419 620 3445 ,
660 3388 718 3435 ut
745 3396 873 3435 vere
904 3381 971 3434 ad
1004 3380 1319 3448 originalem
1350 3380 1575 3448 gloriam
1615 3380 2003 3446 reformemur,
2035 3381 2081 3436 si

496 3473 731 3527 divinam
761 3472 1163 3527 similitudinem
1198 3471 1397 3527 Christi
1429 3472 1729 3528 imitatione
1783 3474 2076 3543 capiamus.

495 3566 630 3619 Nam
660 3567 713 3619 in
742 3566 911 3620 Adam
940 3566 1111 3621 solam
1157 3566 1313 3621 nobis
1363 3568 1646 3635 imaginem
1679 3567 1774 3638 (V.
1806 3576 1920 3623 not.
1955 3567 2080 3638 111)

496 3658 838 3724 remansisse,
862 3657 995 3726 ipsa,
1020 3672 1139 3726 qua:
1160 3655 1430 3727 Opiﬁcium
1453 3658 1644 3713 divinae
1663 3674 1852 3715 manus
1876 3669 2081 3729 narrat,

495 3747 723 3801 Genesis
751 3748 989 3801 ostendit
1026 3746 1040 3785 ί
1079 3765 1090 3800 :
1124 3749 1175 3802 in
1216 3763 1321 3817 qua
1361 3749 1653 3804 similitudo
1703 3765 1822 3804 cum
1853 3750 2083 3819 imagine

499 3837 614 3901 Dei,
643 3837 695 3892 in
727 3838 845 3907 ipso
873 3838 1048 3895 adhuc
1076 3839 1311 3895 hominis
1338 3839 1567 3894 faciendi
1598 3842 1873 3897 molimine
1904 3844 2079 3897 nomi—

497 3938 657 3982 natur
688 3947 701 3981 :
736 3929 829 3983 sed
851 3930 1028 3998 capEte
1052 3932 1421 4000 subsequenti,
1450 3946 1558 4000 quo
1577 3932 1689 4001 jam
1720 3935 1892 3988 factus
1917 3935 2082 3989 homo

496 4025 705 4073 tantum
745 4019 812 4072 ad
861 4020 1147 4087 imaginem
1202 4021 1295 4075 Dei
1348 4023 1627 4089 scribitur,
1679 4025 2079 4082 similitudinem

496 4126 653 4179 quasi
704 4122 992 4179 peccaturo
1042 4114 1204 4168 luisse
1240 4115 1567 4169 subtractam
1610 4117 1808 4172 indicat
1837 4124 2083 4190 profecto

499 4203 664 4255 futuri
713 4202 1079 4271 priescientia;
1134 4211 1194 4256 ut
1236 4213 1608 4260 reservaretur
1674 4208 1978 4270 hominibus
2030 4215 2083 4269 in

500 4291 737 4357 Christo,
761 4292 851 4359 qui
881 4306 978 4359 per
1004 4292 1366 4348 obedientiam
1387 4296 1604 4364 pietatis
1632 4314 1742 4353 suae
1764 4304 2082 4359 reconcilia-

500 4383 577 4435 vit
601 4383 742 4434 Patri
772 4382 1046 4450 Inundum,
1069 4398 1227 4452 quem
1251 4386 1685 4445 inconciliaverat
1712 4395 1868 4462 primi
1898 4412 2087 4466 paren-

2168 522 2440 586 prostrato
2470 513 2683 579 zabulo,
2710 527 2805 581 per
2826 510 2983 565 fidem
3012 510 3177 580 ipsius
3206 510 3259 564 in
3292 509 3503 564 Domini
3529 509 3743 564 humili-

2170 618 2279 663 tate
2306 606 2615 662 resurrexit.
2640 604 2739 661 llic
2768 618 2897 671 ergo
2921 620 3020 674 pro
3036 604 3190 659 nobis
3208 603 3415 668 dolens,
3446 610 3503 657 et
3527 611 3745 674 propter

2170 715 2267 753 nos
2313 698 2551 753 obediens
2583 698 2749 766 factus
2776 712 2934 766 usque
2960 694 3029 747 ad
3065 703 3281 748 mortem
3333 693 3498 747 crucis
3534 691 3577 760 ι,
3606 694 3746 748 viam

2169 790 2290 842 vita:
2310 788 2464 842 nobis
2483 786 2978 856 perfectionemque
3004 785 3236 849 virtutis,
3260 799 3367 839 non
3389 784 3441 838 in
3464 784 3750 840 vendendis

2171 886 2379 932 tantum
2413 877 2623 946 praediis
2646 884 2700 930 et
2720 875 2910 945 pretiis
2934 875 3238 942 erogandis,
3268 874 3360 928 sed
3390 875 3443 928 in
3468 875 3550 928 sui
3578 882 3750 928 secta-

2171 970 2317 1023 tione
2338 966 2636 1038 proposuit.
2664 963 2730 1018 Et
2749 965 2871 1034 quia
2894 963 3106 1018 dixerat
3129 981 3141 1015 :
3168 963 3293 1016 Cum
3307 964 3565 1017 exaltatus
3587 965 3749 1033 fuero,
3786 990 3789 993 λ

2172 1058 2342 1111 omnia
2362 1057 2430 1109 ad
2457 1072 2536 1109 me
2558 1054 2763 1109 traham
2784 1065 2843 1119 m;
2869 1054 2989 1108 ideo
3011 1052 3310 1125 lshdicit
3338 1071 3351 1106 :
3384 1052 3533 1118 Veni,
3551 1069 3754 1124 sequere

2172 1167 2253 1203 me
2284 1158 2331 1201 η.
2364 1148 2580 1211 Beatus,
2610 1147 2703 1214 qui
2732 1153 2838 1199 tam
2868 1146 3115 1215 proximo
3158 1145 3442 1200 intervallo
3494 1146 3752 1215 sequitur,

2174 1251 2232 1297 ut
2261 1242 2404 1296 dicat
2436 1258 2448 1294 :
2483 1240 2714 1293 Adhaesit
2750 1239 2925 1291 anima
2970 1254 3084 1291 mea
3136 1246 3252 1307 post
3299 1246 3347 1290 te
3384 1245 3431 1291 °.
3461 1235 3621 1302 Quod
3668 1236 3755 1290 illa

2174 1343 2380 1388 tantum
2410 1333 2602 1385 caritas
2630 1330 2810 1385 dicere
2850 1337 3049 1398 potest,
3090 1343 3208 1397 quae
3237 1329 3360 1398 finis
3404 1328 3681 1397 praecepti,
3711 1335 3759 1379 et

2175 1424 2442 1497 plenitudo
2465 1423 2589 1494 legis
2617 1432 2712 1487 est,
2738 1420 2790 1475 id
2818 1428 2919 1483 est,
2945 1420 3008 1474 de
3034 1420 3187 1474 corde
3215 1436 3362 1489 puro,
3394 1426 3442 1472 et
3470 1417 3607 1471 bona
3636 1434 3757 1471 con-

2185 1519 2424 1581 scientia,
2455 1523 2503 1569 et
2531 1514 2635 1585 ﬁde
2689 1530 2791 1567 non
2829 1514 2953 1583 ﬁcta
2987 1524 3011 1562 ρ
3041 1528 3099 1567 se
3140 1513 3213 1566 ita
3262 1511 3447 1566 inserit
3487 1518 3543 1566 et
3586 1510 3750 1578 aﬂigit

2177 1610 2288 1664 Deo
2321 1627 2334 1661 :
2359 1616 2420 1661 ut
2442 1606 2571 1660 nihil
2597 1614 2745 1660 extra
2776 1604 2943 1658 Deum
2972 1618 3176 1666 amans,
3200 1603 3344 1657 dicat
3374 1619 3388 1655 :
3420 1600 3489 1655 Et
3516 1618 3609 1671 ego
3632 1616 3761 1654 sem-

2183 1717 2277 1769 per
2307 1708 2474 1751 tecum
2503 1708 2550 1749 ιι.
2597 1694 2775 1761 Quare
2801 1703 2946 1748 totus
2972 1694 3144 1758 labor,
3176 1701 3232 1747 et
3258 1694 3474 1762 plenum
3505 1706 3644 1761 Opus
3666 1706 3762 1745 no-

2112 1794 2152 1852 B
2184 1790 2266 1843 bis
2292 1789 2345 1843 in
2368 1787 2709 1843 observantia
2740 1792 2796 1840 et
2817 1784 3209 1855 exspoliatione
3235 1784 3413 1839 cordis
3435 1783 3603 1839 nostri
3631 1791 3715 1839 est
3743 1801 3758 1837 :

2171 1880 2324 1949 cujus
2354 1881 2604 1935 tenebras
2632 1878 2717 1932 vel
2758 1876 3035 1931 abstrusas
3064 1876 3116 1930 in
3167 1891 3232 1930 eo
3286 1875 3487 1930 inimici
3528 1875 3762 1929 latebras

2170 1973 2354 2027 videre
2400 1985 2507 2024 non
2556 1982 2861 2039 possumus,
2893 1966 2998 2020 nisi
3026 1965 3287 2020 defaecato
3318 1965 3386 2019 ab
3415 1973 3761 2020 externarum

2172 2076 2353 2116 rerum
2375 2060 2518 2115 curis
2546 2059 2749 2124 animo,
2766 2066 2820 2112 et
2845 2057 2991 2111 intus
3018 2055 3085 2110 ad
3114 2056 3460 2125 semetipsum
3476 2069 3761 2127 converso;

2172 2169 2282 2208 non
2304 2153 2448 2207 enim
2474 2151 2672 2206 frustra
2697 2150 2899 2206 dictum
2921 2156 3039 2205 est:
3070 2148 3224 2203 Omni
3245 2149 3479 2203 custodia
3504 2163 3657 2203 serua
3679 2164 3763 2203 eor

2178 2253 2319 2296 tuum
2347 2252 2391 2295 1ἰ

2246 2353 2333 2407 10.
2372 2352 2545 2407 Credo
2566 2351 2676 2421 jam
2724 2361 2977 2422 expertus
3003 2351 3075 2406 sis
3102 2364 3262 2421 quam
3300 2349 3633 2406 laboriosum
3664 2365 3763 2405 no-

2175 2444 2279 2505 bis,
2320 2451 2375 2497 et
2403 2443 2697 2506 assiduum,
2749 2443 2833 2496 vel
2875 2441 3250 2510 quotidianum
3304 2457 3427 2496 cum
3464 2441 3570 2497 hoc
3614 2442 3767 2498 hosta

2178 2540 2449 2587 certamen
2494 2532 2583 2596 sit,
2630 2539 2685 2586 et
2723 2537 2937 2599 quanta:
2989 2530 3041 2584 in
3088 2546 3155 2585 eo
3192 2538 3475 2585 versentur
3517 2530 3763 2596 insidiae;

2178 2635 2296 2689 quae
2326 2621 2434 2676 illic
2478 2621 2728 2675 vitiorum
2772 2621 2940 2673 virtus
2984 2620 3062 2690 (id
3105 2629 3181 2673 est
3216 2620 3311 2674 vis.
3366 2619 3427 2672 V.
3474 2636 3624 2674 num.
3657 2620 3767 2690 25),

2178 2720 2379 2780 quanta
2414 2710 2669 2764 virtutum
2712 2708 2994 2764 infirmitas
3021 2710 3122 2775 sit;
3163 2724 3323 2778 quam
3363 2725 3527 2780 prona
3556 2708 3679 2779 ejus
3704 2709 3767 2768 ad

2182 2800 2500 2869 pravitatem
2552 2798 2817 2868 relapsio,
2870 2813 3031 2866 quam
3079 2798 3232 2867 piger
3278 2798 3347 2852 ad
3396 2799 3561 2853 Deum
3600 2801 3767 2854 nisus.

2181 2890 2333 2944 Nunc
2369 2890 2499 2943 mihi
2547 2889 2634 2942 illa
2684 2889 2830 2958 prius
2870 2888 3050 2943 clausa
3090 2889 3228 2942 intra
3270 2903 3356 2942 me
3395 2888 3667 2943 discordia
3693 2889 3769 2944 (ιι.

2182 2998 2351 3038 versa:
2378 2982 2510 3049 legis
2537 2983 2804 3051 aperitur;
2843 2997 2985 3036 nunc
3008 2982 3183 3036 sentio
3218 2983 3324 3036 vim
3346 2982 3478 3050 legis
3507 2982 3768 3046 adversae,

2183 3088 2303 3142 qua:
2329 3072 2474 3127 velut
2502 3072 2695 3141 injecta
2734 3088 2895 3126 manu
2938 3072 3207 3140 captivum
3253 3086 3341 3127 me
3374 3071 3590 3127 trahere
3639 3087 3768 3127 eon-

2108 3134 2151 3193 C
2186 3134 2358 3215 tendit
2385 3162 2437 3215 in
2476 3134 2649 3229 legem
2686 3160 2895 3230 peccati
2935 3160 2977 3191 ”
3002 3134 3021 3211 ξ
3047 3166 3101 3213 et
3138 3174 3467 3227 recognosco
3513 3160 3770 3227 quoniam

2180 3252 2370 3306 beatus
2404 3251 2493 3304 ille
2521 3250 2604 3303 vir
2642 3264 2761 3303 mea
2806 3249 2985 3319 potius
3026 3248 3336 3302 infelicitate
3376 3248 3565 3309 uritur,
3614 3257 3672 3303 et
3707 3247 3773 3301 de

2182 3353 2301 3392 mea
2344 3337 2628 3393 allectione
2666 3353 2763 3407 pro
2803 3353 2890 3391 me
2936 3336 3125 3391 dolens
3170 3337 3403 3391 clamat:
3441 3335 3646 3397 Intelia:
3682 3353 3772 3409 ego

2184 3427 2332 3481 homo
2355 3427 2374 3479 !
2416 3426 2529 3499 quis
2567 3443 2647 3480 me
2691 3425 2926 3479 liberabit
2955 3426 3018 3479 de
3064 3442 3276 3496 corpore
3313 3431 3492 3479 mortis
3531 3426 3689 3495 hujus
3711 3425 3771 3478 ⁸2

2183 3514 2289 3571 Sed
2320 3516 2459 3571 idem
2489 3515 2739 3583 Magister
2777 3529 2859 3568 me
2899 3522 3109 3569 recreat
3153 3522 3210 3568 et
3246 3512 3437 3578 reficit,
3482 3515 3774 3569 ostendens

2183 3606 2314 3659 mihi
2345 3605 2546 3660 exitum
2574 3604 2880 3666 salutarem,
2915 3605 2958 3657 si
2982 3610 3160 3657 tamen
3190 3602 3325 3657 velle
3346 3602 3586 3671 adjaceat
3613 3601 3771 3669 mihi,

2184 3702 2243 3749 ut
2280 3693 2661 3764 perfectionem
2690 3708 2901 3747 merear
2929 3692 3188 3756 invenire,
3231 3692 3403 3761 gratia
3434 3691 3527 3747 Dei
3558 3706 3663 3762 per
3687 3690 3775 3747 Je-

2183 3798 2300 3837 sum
2330 3782 2597 3837 Christum
2628 3782 2909 3836 Dominum
2934 3790 3205 3836 nostrum:
3229 3781 3320 3850 qui
3342 3782 3651 3837 exorandus
3672 3790 3772 3847 est,

2192 3881 2254 3926 ut
2280 3871 2626 3942 praevalescat
2647 3871 2871 3925 inimicis
2892 3871 3114 3937 nostris,
3141 3878 3196 3924 et
3224 3871 3292 3942 (c)
3318 3870 3550 3928 tenebris
3575 3885 3772 3941 super-

2130 4009 2138 4021 ,
2182 3961 2445 4027 abundet;
2481 3960 2717 4015 destruat
2745 3961 2797 4013 in
2820 3960 2972 4014 nobis
3000 3960 3174 4013 aliena
3202 3958 3285 4013 vel
3308 3967 3512 4025 nostra,
3564 3966 3623 4012 et
3653 3958 3775 4013 redi-

2186 4049 2309 4105 ﬁcet
2346 4065 2461 4104 sua.
2512 4047 2665 4115 Quod
2705 4049 2865 4102 etiam
2912 4048 3113 4102 amicos
3154 4046 3247 4101 Dei
3277 4046 3481 4101 orando
3510 4047 3776 4101 meruisse

2185 4140 2576 4210 cognoscimus,
2607 4138 2697 4206 qui
2726 4138 2908 4206 utique
2949 4152 3043 4190 cor
3078 4151 3231 4190 suum
3259 4136 3618 4204 patiebantur,
3654 4149 3775 4188 cum

2184 4230 2457 4284 dicerent:
2488 4226 2588 4281 Cor
2618 4227 2861 4283 mundum
2890 4242 3006 4278 crea
3048 4225 3103 4277 in
3146 4241 3226 4277 me
3264 4223 3421 4283 Deus,
3453 4233 3501 4276 et
3534 4224 3775 4293 spiritum

2182 4329 2375 4375 rectum
2404 4320 2589 4372 innova
2618 4318 2672 4370 in
2710 4314 2982 4369 visceribus
3012 4315 3135 4368 meis
3172 4315 3225 4378 ‘;
3275 4312 3352 4386 (ά)
3388 4328 3495 4383 quo
3538 4322 3769 4391 exorato

2183 4404 2293 4471 iam
2324 4422 2542 4463 securus
2585 4405 2711 4460 dicit
2743 4422 2754 4457 :
2791 4403 2963 4457 Proba
3004 4421 3105 4471 me,
3145 4403 3401 4470 Domine,
3442 4412 3489 4457 et
3532 4405 3666 4456 scito
3689 4419 3778 4456 cor

502 4471 572 4525 us
600 4468 1013 4565 imbf’diemlaf
1033 4512 1047 4527 '
1080 4473 1148 4527 Et
1176 4474 1297 4531 ideo
1344 4478 1747 4537 Si'"im“dinem
1776 4486 1893 4551 θεῖ,
1922 4504 2081 4556 quam
2116 4492 2167 4552 D
2185 4468 2375 4563 inicum,
2401 4506 2449 4552 et
2468 4497 2578 4551 vide
2598 4497 2641 4551 si
2663 4496 2742 4550 via
2765 4496 3049 4565 iniquitatis
3071 4468 3123 4547 in
3144 4511 3223 4548 me
3246 4502 3323 4549 est
3346 4468 3395 4548 ιι,
3421 4493 3524 4548 Sed
3548 4509 3614 4547 ne
3638 4495 3780 4547 hanc

500 4576 690 4615 servus
728 4562 781 4616 in
822 4563 1169 4632 cupiditatem
1220 4566 1510 4625 Dominica:
1536 4575 1859 4643 aequalitatis
1911 4579 2088 4635 clarus

502 4651 777 4719 amiserat,
807 4653 920 4722 ipse
949 4654 1208 4711 Dominus
1251 4658 1304 4712 in
1344 4659 1568 4716 formam
1607 4666 1747 4720 servi
1785 4670 2089 4729 exinanitus

484 4743 712 4816 recepit
734 4744 756 4782 κ
794 4764 807 4799 :
832 4756 888 4800 et
916 4748 1097 4815 homo,
1129 4751 1219 4818 qui
1244 4751 1295 4805 in
1325 4754 1573 4821 superbia
1602 4773 1697 4813 sua
1723 4776 1821 4831 per
1846 4765 2087 4825 fraudem

579 4902 668 4981 ‘1
687 4902 817 4981 Reg.
849 4923 905 4971 ιι,
930 4907 1063 4981 5.__
1085 4906 1114 4946 ι)
1141 4908 1207 4961 |||
1237 4909 1369 4978 Reg.
1402 4928 1510 4981 xvr,
1537 4914 1626 4968 2|.

507 4990 561 5037 χ,
609 4972 698 5034 21ξ
753 4972 879 5030 Luc.
913 4994 963 5040 v,
994 4976 1082 5041 27,
1132 4988 1186 5032 et
1229 4972 1372 5043 xvrii,
1418 4972 1505 5037 22:

1707 4930 1729 4959 ε
1762 4921 1782 4975 |
1809 4920 1936 4980 Cor.
1970 4944 2041 4991 Ix,
2070 4928 2157 4983 25.
2233 4926 2258 4966 ἀ
2288 4928 2306 4982 |
2335 4927 2460 4983 Cor.
2494 4945 2566 4993 iv,
2596 4927 2648 4979 9.

1588 4984 1605 5024 ί
1640 4988 1814 5064 Marc.
1829 5007 1942 5055 ‘XVI.
1980 4984 2061 5051 l9.

2200 4998 2331 5053 lleb.
2366 5016 2400 5064 ι,
2431 4998 2497 5062 5;
2528 4984 2714 5051 Matth.
2750 5013 2800 5051 xi
2820 5035 2835 5060 ,
2864 4995 2952 5049 28.
3030 4994 3058 5033 ιι
3081 4984 3263 5050 ι’Τὶιιι.
3296 5012 3355 5061 ιι,
3386 4994 3438 5053 ις
3479 4984 3782 5064 «ιοίιίιηζιιι,

2196 4594 2277 4649 sui
2307 4591 2685 4647 confidentiam
2727 4604 2822 4643 sua
2868 4589 3036 4656 magis
3062 4589 3261 4642 virtute
3287 4604 3446 4657 quam
3477 4587 3569 4641 Dei
3606 4587 3780 4654 gratia

2197 4682 2457 4735 meruisse
2494 4679 2765 4741 videatur,
2815 4676 2955 4730 idem
2997 4676 3127 4731 dicit
3162 4676 3245 4728 ”:
3279 4674 3415 4740 Quia
3458 4674 3797 4742 tu,Domiue,

2197 4768 2465 4841 possedisti
2494 4783 2642 4821 renes
2686 4782 2822 4820 meos
2842 4775 2888 4818 '.
2920 4765 3060 4819 Nihil
3089 4766 3250 4831 enim,
3283 4775 3342 4820 ut
3380 4766 3636 4820 Dominus
3668 4765 3783 4835 ipse

2729 4936 2753 4964 ο
2782 4925 2971 4979 Matth.
3001 4940 3115 4991 vni,
3156 4926 3253 4990 εἰς
3296 4924 3459 4980 Marc.
3509 4941 3565 4988 ιι,
3610 4922 3701 4987 14,
3729 4930 3788 4977 et

510 5043 609 5106 is;
640 5042 829 5112 Philip.
863 5062 937 5108 ιιι,
959 5046 1046 5100 2|.
1134 5047 1305 5102 iGen.
1347 5042 1382 5115 1’,
1415 5052 1517 5119 ac;
1549 5054 1680 5112 Gen.
1715 5042 1951 5124 inf-IT"?
1983 5042 2077 5122 iit

509 5123 547 5149 ι³¹
577 5112 770 5167 Johan.
816 5131 908 5176 xu,
948 5116 1034 5169 5:2.
1114 5127 1139 5154 ιδ
1171 5119 1354 5172 Matth.
1398 5140 1514 5176 xxx.
1558 5125 1645 5176 21.
1723 5140 1749 5165 ο
1779 5130 1910 5176 Psal.
1957 5153 2061 5176 l\'n

2200 5042 2400 5133 ’ξιξῖθῖ
2422 5042 2799 5133 ιὶὀπῆῖῗιῖῖθῗ
2820 5042 2835 5060 ’
2860 5042 3101 5146 (irinum:
3135 5042 3276 5130 ἶς’ἧ.
3296 5042 3375 5101 “ἰ
3396 5042 3783 5133 inﬁnitus:

2260 5149 2282 5176 ιι
2313 5137 2446 5176 an
2501 5152 2593 5176 vm
2662 5136 2759 5176 1οο
2802 5134 2985 5176 |T1m_
3032 5152 3064 5176 ιι
3110 5134 3161 5176 ἥ
3241 5145 3267 5176 tl
3300 5132 3438 5176 Psal,
3489 5148 3647 5176 nam-
3692 5130 3782 5176 95-

683 5130 770 5166 an.
816 5131 919 5201 xit,
948 5125 1034 5169 52.
1076 5127 1139 5201 nn
1171 5125 1514 5201 Matthuytix,
1558 5125 1645 5180 21.
1723 5140 1749 5165 θ
1776 5130 1913 5187 Psal.
1957 5153 2077 5199 LXII,

2256 5125 2469 5191 ritum.
2501 5125 2761 5201 xm,'|0;
2800 5134 2988 5188 |Tim.
3032 5125 3068 5193 ιζ
3110 5125 3187 5188 5(
3241 5145 3268 5183 (ι
3300 5132 3441 5188 Psal.
3488 5125 3651 5198 Lx'xn,
3692 5130 3782 5184 25.

513 5192 535 5220 ι
569 5181 725 5238 Prov.
760 5200 828 5239 tv.
854 5185 941 5242 25.
1020 5196 1040 5223 ⁸
1074 5187 1337 5256 Bonnvn,
1368 5192 1452 5245 2i.
1503 5181 1555 5231 ἰ
1591 5195 1732 5252 Psal.
1766 5181 1930 5268 ιίξῖξ.

583 5355 660 5427 (a)
690 5356 1046 5444 lta_n|is.__}’at.
1078 5369 1132 5444 et
1161 5366 1290 5444 edit.
1325 5364 1484 5444 "Grin.
1506 5368 1620 5444 _Alii
1646 5371 2084 5444 codices,roperi-

513 5422 605 5511 bus
634 5422 650 5480 ἑ
674 5442 799 5511 quae
828 5422 984 5511 lectio
1011 5439 1188 5511 potest
1216 5422 1615 5511 conﬁrmaries
1635 5422 2090 5511 viérné'i'drr'a’ﬁd-

512 5501 638 5577 suo,
668 5497 997 5577 laborante...
1013 5497 1163 5577 ’νὶρβ
1185 5520 1310 5558 num
1327 5506 1474 5577 forte
1495 5510 1563 5561 sit
1583 5508 1861 5576 legendum
1884 5497 2092 5569 medicis

515 5568 823 5647 apibus,_nut
869 5571 1167 5647 cal-in._l8,
1217 5590 1272 5647 v.
1318 5574 1438 5637 159,
1464 5568 1661 5647 carm:
1685 5579 1773 5643 '25,
1808 5599 1857 5637 v.
1883 5582 2006 5647 58|,
2039 5594 2095 5638 et

515 5654 695 5721 carm:
711 5636 796 5701 50,
828 5654 897 5721 ν..
920 5640 1007 5694 51.
1046 5640 1124 5696 Ex
1156 5636 1344 5714 opibus
1388 5636 1530 5701 enim
1577 5648 1628 5702 in
1660 5636 1897 5721 operibus
1924 5636 2089 5708 facilis

517 5706 852 5761 librariorum
884 5709 1075 5778 lapsus.

2011 5216 2038 5243 υ
2068 5207 2210 5263 Psal.
2234 5225 2358 5273 xxv,
2392 5223 2448 5270 ιι,
2473 5215 2528 5259 et
2554 5221 2807 5271 cxvxvtn,
2837 5204 2926 5258 25.

3004 5214 3031 5242 τ’
3056 5204 3198 5260 Psal.
3228 5220 3483 5269 cxxxvm,
3519 5202 3607 5260 l5.

2270 5377 2341 5447 (b)
2382 5376 2497 5447 lloc
2522 5377 2745 5447 verbum
2774 5377 3075 5433 addidimus
3123 5394 3188 5433 ex
3237 5395 3337 5447 ms.
3378 5377 3531 5430 Vien.
3567 5375 3791 5431 codice.

2269 5443 2341 5519 (ε)
2380 5446 2476 5499 Ms.
2522 5443 2698 5519 Vien.,
2733 5448 2964 5519 tenebras
2995 5457 3215 5519 superet.
3252 5446 3445 5519 _l:ecti_o
3467 5462 3622 5519 quam
3648 5447 3777 5519 reti-

2198 5517 2407 5571 nuimus
2433 5518 2644 5584 egregie
2672 5518 3025 5571 conlirmatur
3043 5514 3199 5584 epist.
3244 5516 3314 5569 12
3351 5516 3418 5570 ad
3460 5514 3789 5584 Amandum,

2198 5602 2343 5640 num.
2370 5585 2462 5656 10,
2477 5583 2571 5640 ubi
2587 5586 2807 5656 legitur,
2839 5585 3044 5641 divitias
3074 5583 3317 5641 bonitatis
3338 5602 3468 5651 saw,
3490 5583 3670 5656 quibus
3700 5598 3795 5636 su-

2198 5654 2877 5725 perabitndatﬂabundantia:
2905 5666 3232 5725 peccatorum
3258 5654 3573 5725 nostrorum.

2270 5726 2347 5794 (ιι)
2389 5723 2483 5777 Ms.
2519 5724 2648 5795 Reg.
2683 5734 2735 5777 ct
2776 5721 2913 5780 edd.'
2940 5725 3089 5792 B.ul.,
3139 5726 3299 5779 Grav.
3336 5733 3390 5779 et
3435 5723 3642 5789 Schol.,
3672 5721 3787 5794 qui.
