3966 6184
214 355 310 410 295

1578 342 1905 401 EPISTULA
1946 338 2120 395 XXIV.

3375 342 3479 401 22M

206 463 356 526 dixit,
396 460 516 514 sine
558 471 628 512 eo
671 456 843 510 facere
888 467 1200 523 possumus;
1238 452 1363 521 quia
1408 453 1521 522 ipse
1557 461 1640 506 est
1679 454 1792 505 vitis
1824 451 1984 513 Atiae
2012 450 2039 485 ιι
2074 467 2086 501 :
2121 451 2337 506 mutatis
2382 448 2631 515 dominis,
2669 458 2726 506 et
2760 451 2934 506 studia
2972 460 3257 512 mutemus.
3292 455 3479 529 Neque

214 569 323 606 ma
350 561 396 615 ³,
426 556 482 603 et
529 562 631 601 nos
676 552 946 599 sarmenta
988 542 1122 611 ejus.
1165 542 1222 597 Si
1263 542 1316 595 in
1354 542 1469 610 ejus
1509 543 1794 598 dilectione

213 653 555 701 maneamus,
601 651 710 689 non
752 648 1053 688 arescemus
1076 628 1093 695 ,
1129 632 1369 686 viventes
1400 648 1560 687 succo
1605 634 1798 687 radicis

206 741 453 791 ceterum;
484 741 587 780 nec
614 724 683 778 ad
711 726 887 792 ignem
919 723 1316 792 amputabimur
1344 723 1439 785 ira,
1471 723 1564 776 sed
1590 724 1656 777 ad
1688 722 1797 776 fru-

214 826 349 872 ctum
380 814 693 885 putabimur
719 812 1023 883 disciplina,
1059 820 1321 880 purgante
1350 826 1449 865 nos
1477 812 1798 880 evangelica:

217 906 357 961 falcis
386 905 505 958 acie
537 921 549 954 :
585 912 643 956 ut
670 903 929 971 castigata
957 901 1167 955 luxurie
1206 901 1438 970 palmitis
1478 903 1648 956 nostri
1683 899 1796 954 fru-

219 1000 449 1055 ctuosius
476 998 822 1067 pullulemus.

288 1090 441 1161 155
474 1088 561 1140 il.
593 1086 733 1155 Ergo
775 1087 1123 1141 inchoaturus
1152 1084 1527 1153 agriculturam
1557 1084 1609 1137 in
1647 1083 1802 1137 nobis

222 1194 360 1234 suam
389 1177 522 1230 dicit
547 1193 560 1226 :
587 1174 771 1245 Ignem
799 1176 912 1228 ueni
940 1176 1137 1227 mittere
1156 1176 1209 1227 in
1232 1184 1421 1228 terram
1454 1174 1478 1211 δ
1497 1189 1625 1242 ,qno
1658 1174 1803 1227 vide-

225 1273 337 1326 licet
355 1285 452 1323 cor
473 1275 719 1321 nostrum
751 1264 985 1334 peccatis
1026 1264 1279 1326 obsitum,
1309 1264 1463 1332 quasi
1492 1278 1676 1331 agrum
1696 1264 1805 1331 spi-

225 1360 298 1412 nis
322 1357 625 1421 horridum,
651 1361 861 1424 purget,
887 1368 1048 1407 urens
1077 1368 1175 1406 nos
1209 1353 1262 1405 in
1292 1352 1451 1416 vitiis,
1491 1360 1547 1406 et
1594 1353 1645 1405 in
1679 1367 1805 1405 sen-

227 1450 359 1505 sibus
388 1447 675 1500 luminans.
702 1445 1063 1512 Veterumque
1096 1444 1149 1495 in
1190 1443 1343 1496 nobis
1369 1449 1582 1495 actuum
1612 1441 1806 1510 stirpes

229 1536 432 1591 salutari
460 1534 542 1606 (a)
576 1534 712 1587 falce
751 1534 871 1602 pius
896 1534 1071 1587 cultor
1093 1535 1409 1599 insequitur,
1444 1538 1501 1584 ut
1538 1530 1807 1585 residuam

231 1626 409 1681 messis
434 1632 664 1678 vetusta:
702 1624 952 1692 stipulam
995 1638 1172 1677 sermo
1212 1623 1409 1687 ignitus
1437 1620 1697 1675 accendat
1725 1620 1804 1679 ³³,

233 1729 280 1772 et
299 1716 526 1769 animam
556 1722 798 1768 nostram
826 1713 976 1782 quasi
997 1728 1241 1781 campum
1272 1726 1423 1765 nova:
1452 1711 1647 1764 sationi
1674 1724 1810 1778 pra:-

1899 540 2041 593 enim
2088 547 2181 592 aut
2221 540 2534 595 servitutem
2591 542 2636 576 ³⁹
2678 551 2771 597 aut
2818 543 3122 600 libertatem
3161 546 3479 617 deponimus

1898 629 2316 683 commutatione
2352 630 2719 698 dominorum;
2773 633 2870 688 sed
2921 644 3124 689 tantum
3169 637 3479 694 felicitatem

1899 716 2240 782 acquirimus,
2273 726 2328 770 et
2366 719 2624 774 servitute
2659 721 2712 775 in
2757 722 2948 777 melius
2988 732 3043 776 et
3079 724 3324 779 libertate
3364 743 3481 782 mu-

1901 814 2030 870 tata,
2062 808 2276 874 quando
2320 809 2590 864 vinculum
2630 812 2920 882 iniquitatis
2964 816 3117 886 156
3143 819 3478 887 rumpimus;

1901 906 1955 952 et
1993 899 2211 966 justiti-.1:
2234 899 2362 968 jugo
2407 902 2703 970 subdimur,
2752 920 2815 959 ac
2859 905 3041 959 divino
3072 908 3264 962 timore
3305 910 3483 965 frena-

1902 1000 2037 1051 mur,
2071 987 2384 1056 incipientes
2428 1003 2579 1042 versa
2627 991 2680 1043 in
2726 991 2986 1047 directum
3034 996 3116 1049 via
3166 997 3319 1053 liberi
3365 1014 3484 1055 esse

1902 1086 2145 1149 peccato,
2177 1080 2262 1134 cui
2291 1081 2653 1136 serviebamus
2678 1083 2730 1136 in
2752 1083 2998 1139 libertate
3024 1086 3238 1152 misera,
3263 1087 3485 1156 justitite

1904 1171 2245 1226 rebellantes.

1977 1260 2063 1315 15.
2116 1260 2266 1315 Nunc
2312 1261 2473 1331 igitur
2509 1262 2740 1317 vicissim
2795 1263 2906 1317 Deo
2951 1266 3092 1319 servi
3132 1265 3209 1331 ⁸ο,
3256 1274 3311 1321 et
3356 1268 3485 1323 huic

1906 1349 2105 1404 mundo
2134 1350 2380 1413 rebelles,
2414 1352 2741 1419 ingredimur
2767 1366 2991 1420 agonem
3017 1372 3030 1418 ;
3078 1363 3130 1407 et
3160 1355 3357 1423 ipsum,
3398 1356 3488 1411 cui

1906 1439 2290 1505 serviebamus,
2318 1438 2525 1493 hostem
2556 1440 2677 1494 freti
2704 1440 2929 1497 Domino
2970 1458 3344 1512 provocamus.
3378 1447 3481 1503 Rea

1907 1531 2184 1598 cognoscis
2212 1530 2481 1601 profecto,
2522 1534 2596 1586 ini
2626 1533 2807 1599 frater,
2836 1550 2958 1588 nam
2991 1536 3061 1604 (ε)
3092 1546 3311 1605 experta
3340 1555 3489 1594 com-

1909 1622 2142 1676 muniter
2162 1631 2219 1675 ut
2241 1624 2587 1695 commilitoni
2629 1624 2839 1691 loquor,
2880 1633 3078 1693 quanta
3108 1627 3261 1681 nobis
3287 1627 3491 1684 discor-

1911 1712 2018 1775 dia,
2061 1721 2115 1766 et
2155 1720 2385 1780 quantus
2412 1721 2497 1767 est
2524 1713 2694 1767 hostis
2740 1714 2791 1767 in
2833 1714 2988 1768 nobis
3013 1756 3027 1782 ,
3075 1731 3181 1769 non
3227 1717 3404 1771 carnis
3436 1726 3493 1771 et

236 1813 411 1874 paret;
453 1804 544 1873 qui
584 1804 761 1857 laetam
801 1806 1056 1857 virtutum
1108 1811 1364 1871 segetem,
1396 1803 1681 1857 eradicatis
1710 1804 1812 1857 im—
1843 1815 1891 1874 Β
1916 1803 2204 1870 sanguinis,
2239 1803 2330 1856 sed
2364 1802 2699 1856 invisibilium
2734 1812 3077 1872 potestatum,
3110 1813 3166 1860 et
3203 1806 3267 1875 (0
3299 1806 3491 1874 nequi-

239 1910 405 1964 presso
443 1894 609 1947 divini
651 1893 803 1947 verbi
848 1908 1063 1947 vomere
1109 1892 1305 1961 spinis,
1355 1892 1490 1946 liber
1532 1891 1799 1958 effundat,

240 1983 512 2050 dignasque
561 1983 608 2012 ³³
656 1982 963 2036 οωιεειίὺυε
1010 1982 1217 2035 horreis
1262 1980 1439 2049 fruges
1468 2023 1483 2047 ,
1525 1991 1803 2052 perempta

242 2077 520 2145 graminum
548 2075 831 2128 noxiorum
858 2075 1044 2146 stirpe,
1066 2074 1399 2145 multiplicat.
1426 2073 1530 2130 Sed
1550 2075 1673 2145 quia
1697 2091 1803 2130 nun

244 2166 544 2237 agricultura
585 2174 789 2221 tantum
814 2208 828 2233 ,
877 2168 970 2222 sed
1008 2166 1287 2221 aulificatio
1317 2167 1409 2220 Dei
1448 2181 1633 2220 sumus
1656 2208 1671 2233 ,
1713 2166 1806 2235 qui

246 2261 391 2328 gratia
421 2261 466 2290 ³³
497 2269 551 2312 et
599 2258 792 2327 spiritu
828 2255 944 2324 ejus
983 2271 1046 2310 ac
1081 2257 1243 2310 verbo
1287 2256 1515 2310 colimur
1552 2263 1608 2309 et
1636 2256 1803 2310 strui-

246 2366 351 2403 mur
379 2363 433 2414 c;
464 2348 830 2403 ardificaturus
858 2362 956 2401 nos
992 2360 1058 2400 eo
1088 2346 1298 2408 itinere,
1338 2360 1446 2414 quo
1474 2352 1595 2414 post
1620 2359 1678 2399 se
1705 2360 1805 2399 vo-

249 2448 339 2501 cat,
367 2439 468 2492 isto
496 2451 662 2506 opere
700 2442 986 2504 prteparat,
1015 2448 1122 2502 quo
1157 2433 1385 2488 venditis
1412 2434 1572 2489 rebus
1601 2434 1807 2489 absolvi

250 2529 379 2595 prius
394 2527 621 2581 suadet:
653 2538 878 2592 quarum
900 2538 1027 2577 cura
1055 2523 1141 2576 vel
1161 2537 1313 2576 amor
1333 2525 1584 2591 quoniam
1612 2522 1808 2576 mentis

251 2616 397 2684 ipsius
422 2616 497 2686 (b)
527 2613 850 2684 priestringit
879 2612 1069 2675 aciem,
1111 2618 1167 2666 et
1204 2612 1437 2664 animam
1482 2613 1550 2665 ab
1588 2612 1810 2666 interio-

250 2704 380 2757 ribus
429 2704 541 2756 suis
593 2700 877 2755 abductam
917 2700 983 2753 ad
1030 2699 1299 2754 exteriora
1346 2700 1623 2764 sollicitat,
1681 2700 1813 2755 dicit

250 2794 394 2846 etiam
419 2792 579 2846 nobis
608 2807 704 2860 per
749 2790 1063 2859 prophetam
1091 2807 1102 2841 :
1146 2789 1338 2843 Vacate
1381 2798 1429 2843 et
1468 2790 1649 2853 uidete,
1680 2807 1809 2861 quo-

257 2886 384 2937 uiam
408 2901 500 2955 ego
520 2900 630 2937 sum
667 2883 919 2937 Dominus
948 2882 990 2913 ³⁷
1015 2884 1061 2935 ά.
1089 2881 1276 2937 Nonne
1304 2891 1358 2936 et
1378 2882 1463 2937 hic
1487 2885 1698 2938 videtur
1724 2885 1810 2939 di-

248 2992 400 3031 cere:
430 2976 555 3031 Non
606 2978 816 3046 potestis
864 2976 1057 3030 duobus
1105 2976 1324 3030 dominis
1369 2977 1558 3031 seruire
1604 2979 1668 3031 εἳ
1694 2978 1810 3033 Νοη

249 3069 374 3121 enim
411 3067 581 3121 otium
625 3067 781 3120 nobis
827 3066 1015 3120 suadet
1053 3066 1159 3120 hoc
1198 3066 1383 3131 verbo,
1415 3066 1507 3135 qui
1552 3067 1813 3122 instanter

1908 1893 2010 1953 tite,
2056 1900 2112 1945 ut
2158 1891 2447 1961 Apostolus
2485 1893 2559 1945 ait
2592 1892 2634 1958 ί,
2664 1893 2936 1960 spiritalis,
2977 1894 3169 1961 quibus
3197 1894 3491 1949 carnalium

1906 1980 2153 2033 vitiorum
2196 1979 2490 2035 ministeria
2522 1980 2600 2051 (g)
2631 1980 2932 2049 conjurant.
2971 1980 3123 2035 Unde
3152 1989 3207 2034 et
3233 1983 3491 2052 principes

1905 2070 2273 2126 tenebrarum)
2316 2072 2602 2136 dicuntur,
2646 2073 2771 2140 quia
2826 2070 3120 2126 secundum
3175 2071 3491 2140 Apostolum

1906 2166 2137 2220 tenebrzc
2167 2165 2504 2234 appellantur
2530 2172 2864 2233 peceatores,
2892 2164 3103 2232 quibus,
3138 2171 3195 2218 ut
3227 2163 3309 2217 sui
3336 2164 3490 2218 simi-

1904 2254 2060 2318 libus,
2090 2252 2349 2307 dzemonia
2371 2254 2756 2323 principantnr.
2791 2253 2897 2308 Sed
2919 2262 2973 2307 et
3002 2261 3114 2307 tota
3138 2253 3288 2323 hujus
3312 2254 3493 2311 mundi

1904 2345 2095 2415 ﬁgura,
2125 2359 2245 2412 qutc
2273 2345 2500 2413 prwterit
2531 2342 2577 2407 ι,
2604 2351 2658 2398 et
2679 2358 2775 2413 per
2804 2344 2989 2398 oculos
3016 2343 3177 2398 corda
3208 2344 3493 2412 prolectat,

1906 2436 2157 2490 zabulicis
2187 2444 2443 2505 prmtenta
2474 2434 2694 2499 retibus,
2736 2434 2790 2487 in
2834 2433 3072 2502 qualibet
3091 2433 3172 2487 sui
3204 2435 3382 2503 specie
3411 2434 3494 2488 la-

1907 2541 2074 2594 queus
2103 2527 2296 2581 mentis
2351 2533 2406 2579 et
2448 2524 2655 2593 gladius
2701 2530 2802 2579 est.
2850 2522 3145 2577 Credamus
3194 2523 3494 2593 prophetae,

1907 2615 2031 2683 quia
2069 2615 2120 2668 in
2172 2613 2348 2668 medio
2392 2613 2809 2682 muscipularum
2860 2611 3214 2676 ambulamus,
3255 2620 3310 2666 et
3355 2614 3495 2667 inter

1910 2712 2129 2772 opertos
2157 2703 2403 2758 letalibus
2432 2704 2571 2757 dolis
2599 2702 2803 2770 gladios
2829 2702 2939 2756 vita
2981 2703 3293 2769 transigitur
3320 2701 3362 2756 ι.
3388 2703 3496 2757 Ex-

1910 2793 2041 2861 cipit
2070 2807 2167 2845 nos
2194 2791 2422 2845 mundus
2460 2792 2559 2845 iste
2602 2792 2764 2845 variis
2806 2791 3167 2860 voluptatibus
3195 2790 3409 2858 ﬂorens,
3442 2803 3495 2849 et

1913 2880 2214 2935 fallentibus
2242 2886 2534 2933 venenatus
2563 2879 2850 2933 illecebris.
2883 2879 3094 2948 Excipit
3120 2896 3220 2934 nos
3248 2882 3493 2936 innume-

1911 2976 1986 3030 ris
2013 2975 2201 3042 anguis
2240 2974 2462 3037 insidiis,
2515 2974 2597 3026 cui
2641 2975 2852 3027 nomina
2890 2972 3045 3035 mille,
3094 2971 3234 3023 mille
3278 2973 3495 3027 nocendi

1914 3081 2051 3124 artes
2082 3086 2099 3122 :
2131 3085 2192 3122 ac
2220 3083 2361 3138 smpe
2399 3076 2588 3137 aperto
2617 3067 2911 3121 certamine
2947 3065 3212 3118 violentus
3249 3064 3493 3130 aggredi-

247 3171 388 3211 orare
407 3167 463 3211 et
488 3156 710 3224 vigilare
729 3171 827 3210 nos
854 3163 1055 3219 monet,
1092 3169 1160 3209 ne
1188 3155 1449 3210 intremus
1471 3156 1525 3209 in
1556 3158 1812 3211 tentatio-
1839 3168 1882 3228 (ζ
1916 3167 2017 3223 tur,
2049 3166 2103 3212 et
2131 3156 2478 3212 candentibus
2501 3156 2637 3226 petit
2661 3156 2799 3219 telis,
2828 3156 2871 3209 si
2902 3154 3187 3208 latentibus
3215 3168 3321 3206 non
3350 3152 3493 3220 capit

248 3262 357 3300 nem
389 3245 574 3311 ';sed
621 3259 815 3299 vacare
865 3259 895 3297 a
945 3244 1145 3308 seculo,
1201 3251 1260 3297 ut
1310 3260 1637 3313 occupemur
1680 3246 1809 3311 sibi;

247 3351 424 3390 vacare
473 3335 541 3389 ab
586 3334 670 3389 his
716 3334 981 3402 negotiis,
1035 3334 1225 3402 quibus
1277 3335 1533 3405 implicati
1582 3337 1814 3391 otiamur

245 3424 425 3479 Deos.

306 3513 387 3568 12.
436 3512 623 3581 Itaque
662 3511 952 3565 novitatem
1000 3512 1122 3566 vitae
1160 3513 1213 3566 in
1256 3513 1411 3568 nobis
1449 3514 1809 3584 mdiﬁcantes,

246 3619 447 3659 necesse
476 3612 558 3657 est
597 3610 657 3657 ut
694 3610 1015 3657 vetustatem
1054 3603 1408 3670 destruamus,
1440 3614 1497 3660 et
1539 3606 1663 3674 quia
1689 3610 1811 3662 nnt-

246 3692 341 3747 lum
368 3693 607 3748 tenebris
625 3709 748 3747 cum
781 3693 996 3758 lumine,
1028 3701 1083 3748 et
1111 3708 1429 3749 mammona:
1457 3711 1577 3751 cum
1600 3696 1813 3754 Christo

246 3790 409 3850 potest
435 3797 556 3837 esse
582 3784 982 3848 commercium,
1016 3785 1089 3854 (c)
1122 3790 1339 3853 oportet
1365 3795 1425 3840 ut
1448 3788 1599 3842 novis
1626 3798 1811 3845 vetera

246 3879 524 3935 mutemus;
554 3879 611 3925 et
656 3872 1022 3940 occupationis
1062 3873 1264 3941 pariter
1301 3889 1364 3928 ac
1399 3877 1694 3933 vacationis
1721 3894 1814 3948 ge-

244 3973 361 4013 nere
395 3974 679 4022 converso,
730 3960 1081 4028 implicemur,
1131 3962 1323 4029 quibus
1377 3966 1715 4032 vaeavimus;
1759 3978 1816 4023 et

242 4053 465 4107 vicissim
496 4054 541 4085 ³³
582 4069 865 4118 vacemus,
898 4056 1091 4125 quibus
1134 4056 1329 4110 fuimus
1364 4057 1620 4126 implicati
1649 4079 1661 4113 :
1693 4078 1811 4117 mo-

238 4144 450 4207 riamur,
478 4144 673 4213 quibus
704 4144 958 4209 viximus;
988 4152 1043 4199 et
1067 4144 1302 4199 vivamus
1320 4147 1552 4202 vicissim
1575 4150 1658 4205 bis
1685 4167 1815 4221 ope-

238 4234 378 4288 ribus
417 4250 484 4289 ac
519 4234 711 4289 studiis
739 4275 757 4301 ,
784 4234 977 4301 quibus
1022 4235 1217 4288 mortui
1265 4233 1460 4290 fuimus
1494 4255 1506 4289 :
1555 4254 1677 4293 cum
1732 4242 1810 4310 (d)

237 4322 364 4387 vivi,
404 4337 646 4376 essemus
674 4322 909 4384 mortui;
938 4330 994 4376 et
1020 4323 1395 4379 mortilicantia
1444 4336 1709 4394 gerentes,
1760 4331 1813 4385 in

236 4412 459 4465 mortuis
494 4412 816 4465 viveremus.
861 4409 1013 4465 Unde
1049 4422 1264 4468 sanctus
1306 4414 1556 4484 Magister
1584 4420 1678 4489 (V.
1722 4437 1808 4492 ep.

1914 3247 2139 3316 laqueis.
2192 3247 2409 3317 Sagittae
2446 3246 2587 3300 enim
2620 3246 2696 3315 (lt)
2740 3245 2961 3314 potentis
3003 3251 3166 3296 acutae
3212 3258 3325 3295 cum
3373 3258 3495 3294 ear-

1914 3334 2125 3389 bonibus
2145 3335 2518 3389 deaolatoriiam
2553 3353 2566 3386 :
2598 3349 2718 3403 qua:
2744 3333 2992 3387 videlicet
3035 3332 3210 3386 noxiis
3236 3331 3496 3400 cupidita-

1914 3434 2026 3480 tum
2055 3426 2264 3493 ignibus
2290 3425 2523 3479 animam
2550 3432 2788 3479 nostram
2815 3431 3092 3491 pernrant,
3133 3430 3188 3477 et
3210 3438 3242 3475 a
3264 3420 3496 3491 Spiritus

1912 3521 2081 3575 sancti
2109 3521 2441 3575 habitatione
2485 3520 2747 3573 desolent.
2799 3516 2951 3582 Quod
2997 3533 3118 3572 cum
3168 3517 3381 3583 accidit,
3412 3517 3497 3572 di-

1913 3612 2051 3665 versi
2084 3627 2181 3666 nos
2211 3611 2451 3679 hospites
2488 3610 2734 3669 subeunt,
2780 3616 2835 3660 et
2883 3605 3016 3659 fiunt
3046 3607 3243 3659 inimici
3272 3604 3496 3663 hominis

1913 3700 2177 3754 domestici
2208 3701 2318 3770 ejus
2356 3708 2382 3734 ιι
2411 3697 2539 3765 :qui
2586 3710 2728 3749 nunc
2755 3694 3062 3747 ambitionis
3100 3704 3259 3747 vento
3286 3693 3494 3759 inflant,

1914 3807 2056 3844 nunc
2077 3790 2351 3843 libidinum
2385 3786 2528 3841 faces
2556 3786 2862 3847 admovent,
2905 3799 3045 3837 nunc
3083 3783 3320 3837 avaritia:
3346 3793 3494 3839 cate-

1914 3882 1997 3935 nis
2018 3880 2251 3946 alligant.
2279 3876 2406 3942 Quae
2433 3891 2535 3929 una
2556 3874 2801 3929 omnibus
2824 3880 3025 3926 armata
3049 3873 3377 3935 criminibus,
3406 3873 3497 3927 vei

1913 3972 1957 4025 si
1980 3969 2092 4023 sola
2121 3984 2218 4022 nos
2245 3967 2439 4035 capiat,
2471 3971 2527 4019 et
2554 3962 2744 4017 zabulo
2784 3961 2850 4015 ad
2890 3960 3166 4026 malitiam,
3209 3968 3265 4014 et
3290 3960 3497 4017 homini

1914 4058 1982 4112 ad
2009 4065 2234 4111 mortem
2260 4055 2455 4110 sullicit

1986 4146 2071 4200 14.
2104 4146 2239 4212 Quid
2266 4159 2395 4212 ergo
2423 4142 2556 4212 agis,
2579 4140 2764 4196 infelix
2791 4140 2976 4205 homo,
2996 4141 3135 4195 inter
3160 4147 3338 4195 tantos
3364 4140 3496 4194 mis-

1913 4259 2004 4298 sns
2027 4244 2181 4313 (forte
2208 4242 2418 4310 mistus)
2449 4240 2632 4293 hostes
2652 4237 2675 4289 ?
2695 4234 2966 4305 quomodo
2994 4234 3313 4305 repugnabis
3343 4233 3496 4287 inlir-

1914 4348 2033 4387 mus
2078 4330 2321 4393 fortibus,
2360 4326 2579 4382 armatis
2624 4323 2878 4379 inermis?
2919 4322 3126 4378 Clamat
3169 4323 3358 4378 beatus
3392 4322 3499 4377 Job

1915 4423 2096 4478 multis
2115 4420 2287 4474 zabuli
2311 4419 2431 4472 telis
2458 4418 2573 4471 sine
2592 4414 2769 4469 cordis
2796 4415 3015 4470 vulnere
3040 4416 3308 4471 sauciatus
3334 4433 3348 4467 :
3377 4412 3498 4466 Nu-

234 4500 324 4563 25,
355 4517 407 4553 n.
444 4500 530 4564 14,
561 4510 616 4554 et
645 4500 732 4579 57,
776 4516 830 4553 n.
861 4500 917 4569 5)
958 4500 1247 4555 humanum
1288 4510 1343 4557 et
1384 4520 1595 4573 :cquum
1623 4518 1812 4576 postu-
1842 4527 1892 4585 ι)
1916 4513 2011 4564 dus
2032 4511 2165 4564 exivi
2194 4510 2255 4561 de
2275 4518 2418 4561 utero
2446 4506 2628 4559 matris
2654 4520 2779 4557 mete
2805 4514 2829 4538 υ
2856 4521 2868 4555 :
2902 4503 3029 4568 Quis
3051 4517 3178 4571 ergo
3207 4518 3294 4557 me
3320 4517 3498 4556 arma-

230 4590 329 4651 lat,
356 4592 573 4644 utsicut
601 4590 940 4644 exhibuimus
986 4592 1227 4645 membra
1267 4602 1445 4648 nostra
1480 4598 1681 4653 servire
1708 4601 1809 4656 ini-

229 4680 446 4747 quitati.
479 4679 553 4732 ita
599 4695 743 4733 nunc
783 4679 1127 4734 exhibeamus
1167 4681 1355 4735 eadem
1392 4685 1631 4743 ministra
1653 4690 1812 4759 justi-

1913 4604 1992 4659 bit
2018 4610 2206 4657 contra
2235 4606 2316 4653 tot
2352 4596 2560 4664 agmina
2593 4595 2653 4664 (i)
2678 4593 2848 4648 hostis
2900 4594 3054 4659 aerii,
3101 4609 3169 4647 ne
3216 4592 3404 4653 nudus,
3438 4599 3498 4646 ut

1910 4696 2055 4760 veni,
2093 4700 2317 4747 revertar
2357 4689 2411 4740 in
2462 4684 2695 4738 terram?
2738 4683 2873 4738 Ecce
2921 4684 3145 4752 respiro,
3195 4681 3498 4744 confertur,

300 4813 592 4896 “Johnxv,
617 4811 672 4866 5.
746 4811 918 4896 δηιυοε
943 4812 1137 4896 ξιμω.
1217 4814 1437 4896 ¢_l_Cor.
1463 4821 1613 4896 11,7;
1647 4822 1783 4896 Eph.
1816 4847 1872 4895 η⁹
1895 4828 1984 4882 ει,
2060 4825 2085 4863 d
2110 4822 2251 4896 p53]:
2284 4819 2524 4896 nava”.
2603 4826 2626 4854 α
2658 4814 2844 4896 Matth.
2880 4832 2952 4896 vr,
3106 4885 3118 4896 _
3149 4812 3168 4852 f
3203 4810 3331 4867 Luc.
3364 4829 3497 4896 xx",

227 4882 316 4936 40.
398 4893 419 4928 3
466 4884 621 4937 Rom.
664 4898 735 4945 v1,
764 4881 814 4934 6.
891 4881 1104 4951 hlium.
1137 4901 1211 4951 vr,
1251 4885 1338 4938 15.

229 4968 360 5018 xxx,
390 4952 455 5019 5,
485 4953 613 5022 Sap.
645 4968 754 5016 xiv,
784 4952 844 5004 11
872 4970 887 5018 ;
917 4950 1082 5007 Eccli.
1127 4950 1217 5019 ix,
1246 4954 1334 5008 20.

318 5114 379 5183 α)
420 5113 500 5196 l_ta
526 5112 792 5196 msLlieg.
824 5122 877 5168 et
904 5113 1029 5196 editi
1056 5111 1206 5196 Crin.
1237 5123 1292 5169 et
1331 5115 1515 5174 Schot.
1547 5122 1649 5177 Alii
1679 5126 1811 5196 face,

227 5182 747 5257 minus_bene._}’ide
776 5184 1127 5257 prmcedentia
1154 5194 1208 5238 et
1234 5200 1383 5257 seqq.

298 5254 380 5325 (bi)
420 5251 520 5325 Ms.
563 5252 735 5325 Vier_1_.,
768 5251 1081 5323 perstringit.

295 5321 373 5393 (c)
416 5322 509 5375 Sic
533 5338 633 5375 ms.
661 5321 812 5399 Vien.
845 5321 1051 5399 mutato
1074 5322 1123 5399 IL
1130 5324 1180 5375 in
1210 5341 1260 5376 tt.
1295 5324 1456 5393 Editi,
1485 5331 1690 5399 expedit
1714 5348 1810 5385 no-

226 5391 312 5448 bis
351 5400 414 5444 ut
456 5400 622 5464 {ctera
669 5394 899 5464 vitemus.
945 5391 1040 5446 Ms.
1087 5391 1240 5460 Reg.,
1267 5391 1483 5464 oportet,
1508 5391 1636 5463 eic.,
1671 5403 1810 5455 utin

224 5464 433 5533 editis,
462 5459 713 5515 Paulinus
756 5461 979 5533 videtur
1017 5459 1307 5531 scripsisse
1353 5459 1495 5533 quod
1564 5459 1632 5521 inv
1666 5479 1815 5523 textu

226 5530 556 5587 inseruimus
602 5548 617 5583 :
669 5532 1023 5601 prmcedentia
1074 5530 1135 5586 et
1181 5530 1457 5601 sequentia
1512 5537 1565 5591 id
1617 5539 1814 5595 contir-

224 5611 402 5657 munt.

296 5674 383 5739 (ά)
428 5667 502 5723 ita
526 5686 625 5723 ms.
655 5669 804 5724 Vien.
839 5671 939 5723 Alii
961 5671 1193 5733 codices,
1223 5673 1465 5731 vivorum.

296 5744 374 5812 te)
415 5738 503 5794 Sic
524 5756 651 5795 mss.
678 5748 806 5795 tres.
834 5740 991 5806 Editi,
1018 5752 1247 5811 experto.

1424 4884 1609 4958 ‘Eph;
1639 4884 1710 4956 νιζ
1741 4898 1826 4951 i2.
1860 4884 1871 4895 '
1908 4902 1921 4949 ι
1961 4897 2097 4958 Eph.
2130 4910 2181 4957 v,
2222 4891 2275 4943 s.
2352 4884 2433 4942 lrt
2474 4888 2598 4958 Cor.
2630 4884 2863 4958 vn_._3|.

1424 4913 1438 4925 -
1471 4913 1604 4958 npu.
1639 4913 1710 4956 Vl,
1741 4913 1826 4951 ιι.
1908 4913 2052 4950 in:

1412 4968 1449 4994 ω
1478 4958 1617 5015 Psal.
1650 4981 1794 5033 cxrx,
1820 4969 1877 5023 4.
1948 4977 1974 5004 η
2005 4913 2052 5019 K1

2940 4883 2956 4923 ι
3001 4885 3139 4940 Psal.
3188 4899 3315 4949 xxtt,
3356 4882 3409 4949 4,
3440 4890 3499 4939 et

2058 4955 2191 5018 atth.
2219 4977 2271 5023 x,
2295 4959 2381 5012 36.
2461 4969 2484 4994 υ
2506 4957 2606 5011 Job
2629 4973 2665 5018 ι,
2698 4955 2785 5008 21.

1991 5123 2058 5195 (f)
2096 5121 2173 5176 Ita
2203 5135 2328 5176 mss.
2361 5118 2590 5175 codices.
2632 5116 2794 5180 Editi,
2835 5118 3243 5188 uequitiarum...
3283 5115 3494 5185 spiritu.

1915 5194 2059 5248 lium.

1988 5264 2062 5333 (9)
2103 5259 2199 5333 MS-
2233 5259 2409 5333 ViQn.,
2432 5259 2753 5333 gantingant.

1986 5322 2064 5402 (ἦ)
2103 5328 2199 5383 Ms.
2231 5322 2404 5402 codex
2430 5322 2630 5402 Regius
2664 5342 2783 5380 cum
2821 5324 2913 5402 ed.
2943 5323 3093 5388 Bad.,
3125 5330 3374 5402 potentes.
3405 5322 3496 5402 Sic

1914 5394 2239 5469 Augustinus
2276 5400 2343 5469 ad
2386 5398 2523 5469 psal:
2549 5413 2690 5469 μιν,
2725 5413 2775 5449 v.
2816 5394 2866 5459 6,
2894 5395 3046 5462 juxta
3089 5394 3325 5469 melioris
3341 5400 3498 5469 noue

1912 5462 2039 5525 mss.
2071 5469 2279 5524 codices
2308 5462 2454 5534 legit,
2488 5467 2706 5536 Sagitta:
2726 5475 2834 5536 tua:
2877 5473 3062 5536 acutte,
3085 5462 3495 5536 potentissimae;

1911 5541 2093 5607 sicque
2122 5538 2311 5605 legisse
2338 5532 2685 5605 Augustinum
2714 5534 2868 5590 facile
2913 5549 2980 5588 ex
3029 5532 3139 5603 ipSa
3177 5532 3494 5598 interpreta-

1912 5610 2059 5662 tione
2082 5608 2362 5674 intelligas.

1983 5678 2045 5747 ti)
2085 5676 2142 5729 ld
2169 5667 2488 5732 est'diaboti.
2535 5677 2669 5734 Vide
2708 5675 2903 5747 Ephes.
2937 5688 2994 5737 ιι,
3026 5687 3076 5725 v.
3111 5668 3169 5737 2,
3206 5667 3494 5740 principem

1913 5748 2048 5800 aeris
2072 5747 2239 5819 hujus.
