4006 6180
500 323 606 379 295

1627 308 1683 362 S.
1724 303 1997 361 PAULINI
2041 303 2290 361 NOLANI
2331 303 2635 360 EPISCOPI

3632 308 3726 363 295

498 438 751 503 adsurgo.
785 433 860 503 (ιι)
892 428 1143 484 Dominus
1183 422 1492 479 illuminatio
1530 435 1677 483 utea,
1723 418 1976 473 Dominus
2003 418 2087 470 de-

2192 423 2439 482 scissura,
2485 426 2545 472 ιιι
2588 417 2730 471 idem
2770 415 2932 486 153
2975 416 3070 480 ait,
3123 414 3175 469 in
3208 428 3435 485 corpore
3476 431 3592 473 esse
3630 435 3729 473 non

499 529 674 598 fensor
701 523 814 576 vita:
843 534 968 572 mea:
990 534 1006 570 :
1029 519 1075 569 si
1104 516 1387 568 consistant
1421 513 1572 582 157
1603 510 1844 565 adversus
1875 526 1954 562 me
1991 525 2084 560 ca-

497 624 626 677 stra,
652 628 752 664 non
784 606 976 661 timebit
1001 621 1089 658 cor
1115 618 1281 656 meum
1305 611 1351 654 λ.
1393 601 1499 655 Nec
1531 601 1573 654 si
1603 599 1831 669 propria:
1853 600 1971 667 opis
1994 613 2085 650 ar-

465 726 471 731 “
498 706 598 758 mis
638 704 677 733 δι
710 715 865 767 egeo,
895 695 1152 750 difﬁdam.
1186 692 1369 746 Ilabeo
1411 690 1882 745 armamentarium
1913 686 2081 741 Chri-

496 795 585 855 sti,
627 792 692 844 de
732 806 839 857 quo
889 800 1036 841 arma
1089 783 1220 837 lucis
1268 795 1538 850 usurpem,
1586 778 1779 847 quibus
1815 776 2084 846 principes

496 882 857 940 tenebrarum,
896 883 950 929 et
978 872 1187 941 agmina
1224 870 1395 923 noctis
1423 883 1723 937 expugnent
1767 868 1819 920 in
1849 864 2083 921 coalesti-

495 972 596 1025 bus
638 968 768 1021 mihi
812 961 1145 1018 adversantia
1178 960 1202 996 ι)
1237 976 1248 1010 :
1291 957 1538 1011 videlicet
1584 957 1635 1009 in
1677 955 2087 1011 conversatione

496 1064 744 1136 spiritali,
773 1075 931 1131 quam
962 1055 1188 1112 terrenis
1216 1052 1483 1108 debellare
1531 1051 1770 1104 nituntur
1798 1048 2082 1103 illecebris.

498 1158 604 1213 Sed
635 1157 915 1211 adversum
938 1152 1037 1204 hos
1066 1148 1193 1201 mihi
1219 1147 1304 1199 ille
1327 1144 1573 1211 armiger,
1600 1143 1687 1196 ille
1716 1141 1933 1210 signifer
1962 1139 2083 1203 erit,

470 1228 591 1316 qui
640 1260 734 1299 vas
781 1239 1057 1295 electionis
1094 1237 1223 1289 Deo.
1278 1234 1372 1287 Ille
1420 1231 1630 1286 lumbos
1677 1245 1826 1284 meos
1871 1227 2086 1295 cingulo

498 1336 761 1393 castitatis
791 1332 1105 1397 adstringet,
1133 1326 1293 1395 capiti
1323 1340 1445 1378 meo
1470 1324 1676 1392 galeam
1717 1321 1901 1377 salutis
1930 1327 2088 1387 apta-

497 1428 594 1492 bit,
638 1426 801 1479 lorica
844 1421 1061 1491 justiti-sc
1088 1432 1266 1471 meum
1294 1424 1482 1484 pectus
1522 1412 1760 1466 includet
1791 1421 1835 1463 ο.
1879 1408 1973 1462 Ille
2000 1423 2087 1462 me

496 1524 668 1569 totum
696 1518 943 1583 proteget
965 1516 1117 1563 scuto
1150 1503 1290 1565 ﬁdei,
1317 1512 1369 1557 et
1394 1503 1671 1557 dexteram
1698 1514 1894 1564 meam,
1922 1498 2086 1551 immo

498 1619 585 1657 me
609 1611 777 1656 totum
809 1601 863 1653 in
892 1598 1165 1651 dexteram
1195 1593 1391 1647 Christi
1422 1592 1637 1653 factum,
1670 1589 1847 1657 gladio
1870 1587 2088 1651 spiritus

498 1700 553 1745 et
591 1690 754 1743 verbo
797 1687 1035 1744 veritatis
1080 1684 1348 1737 armabit:
1383 1691 1441 1736 ut
1478 1682 1669 1735 cadant
1707 1698 1739 1734 a
1780 1680 1938 1733 latere
1976 1692 2087 1731 meo

2178 522 2374 585 potest,
2414 511 2503 565 cui
2532 516 2697 579 caput
2735 506 2989 563 Christus
3033 516 3151 571 est;
3204 523 3359 577 quem
3398 517 3457 562 ιιι
3500 524 3730 565 commu-

2180 623 2300 662 nem
2331 605 2376 637 “
2403 605 2503 660 sibi
2533 604 2741 673 apicem
2783 617 2890 656 una
2938 602 3305 656 membrorum
3340 618 3555 657 suorum
3595 618 3734 658 com-

2178 712 2315 767 pago
2342 694 2651 749 comitatur.
2679 693 2809 759 Quaa
2841 692 3097 762 quoniam
3149 694 3251 747 sibi
3298 693 3601 764 discrepare
3638 713 3733 751 non

2179 796 2437 858 possunt,
2476 799 2764 840 curramus
2821 786 3023 854 pariter
3075 793 3149 849 n,‘
3179 794 3239 840 ut
3288 786 3738 855 apprehendamus

2178 894 2388 944 omnes,
2412 878 2530 932 sine
2548 877 2894 931 aemulatione
2927 877 3165 943 invidiaa,
3197 892 3320 931 cum
3344 879 3641 948 arqualitate
3664 880 3737 932 vi-

2180 969 2410 1024 ctoriae:
2456 977 2515 1021 ut
2551 968 2691 1022 sicut
2737 968 2790 1021 in
2842 970 3195 1024 contentione
3236 970 3492 1024 currendi
3532 970 3576 1001 “
3606 970 3741 1024 labor

2184 1061 2387 1115 Christi
2412 1074 2624 1123 sumus,
2649 1058 2723 1111 ita
2750 1058 2803 1111 in
2833 1060 3180 1129 perveniendi
3214 1062 3319 1116 ﬁne
3342 1061 3544 1117 Christi
3571 1062 3743 1115 trium.

2185 1153 2327 1223 phus
2370 1167 2490 1206 esse
2533 1150 2832 1220 possimus,
2879 1159 2934 1204 et
2987 1152 3273 1207 benedicat
3312 1168 3413 1208 nos
3464 1153 3518 1207 in
3560 1167 3744 1207 corona

2186 1242 2317 1299 anni
2349 1241 2703 1310 benignitatis
2736 1255 2849 1294 sua:
2880 1247 2927 1293 ο.

2265 1323 2351 1376 Ili.
2378 1321 2545 1375 Video
2567 1328 2745 1373 autem
2772 1320 2915 1388 quod
2940 1320 2992 1374 in
3020 1319 3123 1373 hoc
3150 1319 3445 1373 certamine
3473 1332 3575 1372 non
3604 1318 3756 1383 magis

2189 1415 2407 1469 vincere
2436 1413 2589 1467 nobis
2617 1428 2775 1483 quam
2812 1412 2955 1467 vinci
3000 1411 3251 1481 expedit:
3284 1412 3409 1479 quia
3443 1414 3494 1463 itt
3543 1409 3685 1463 nobis
3709 1416 3756 1461 et

2192 1503 2364 1558 hostis
2392 1511 2448 1557 et
2477 1502 2679 1557 amicus
2706 1501 2971 1556 habitant.
3013 1501 3143 1566 Quis
3190 1508 3370 1555 autem
3399 1500 3531 1554 mihi
3554 1498 3757 1553 amicior

2192 1593 2239 1624 ¹⁴⁶
2284 1608 2445 1662 quam
2473 1592 2691 1662 spiritus
2728 1591 2819 1660 qui
2848 1590 3166 1645 adversatur
3216 1591 3364 1645 carni
3394 1605 3462 1643 ne
3491 1604 3573 1643 me
3599 1589 3758 1642 trahat

2193 1685 2248 1739 in
2271 1686 2443 1752 legem
2472 1686 2679 1755 peccati
2722 1685 2805 1739 ‘7?
2834 1685 2940 1738 Aut
2969 1685 3088 1753 quis
3135 1684 3401 1740 inimicior
3438 1684 3587 1739 nobis
3615 1698 3759 1752 quam

497 1782 635 1834 mille
665 1790 712 1831 el
741 1780 816 1848 (ιτ)
845 1778 977 1829 dena
1025 1774 1188 1827 millia
1240 1790 1271 1825 a
1320 1772 1515 1825 dextris
1559 1773 1684 1824 meis
1706 1768 1751 1822 ἀ.
1794 1769 1889 1823 Ille
1923 1767 2085 1837 pedes

2192 1775 2348 1843 caro,
2392 1790 2512 1844 quos
2562 1775 2843 1830 adversum
2890 1776 3135 1845 spiritum
3188 1790 3287 1844 pro
3336 1776 3552 1829 interitu
3580 1787 3759 1829 concu-

498 1886 649 1924 nteos
676 1870 728 1922 in
760 1866 1033 1933 Evangelii
1064 1862 1509 1933 praeparationem
1537 1859 1800 1916 calceahit
1833 1860 1877 1890 δ’
1922 1867 1945 1895 ο
1969 1898 1983 1924 ,
2027 1863 2087 1910 ιιι

498 1977 686 2031 presso
717 1962 932 2029 impune
962 1956 1185 2023 vestigio
1212 1970 1373 2024 super
1400 1954 1580 2023 spinas
1605 1962 1659 2008 et
1685 1953 1908 2007 tribulos
1938 1950 2089 2005 istius

499 2059 655 2102 terra:
677 2049 967 2112 ambulem,
999 2055 1053 2099 et
1081 2060 1179 2114 per
1207 2058 1397 2112 aspera
1420 2044 1628 2097 itineris
1652 2043 1859 2110 angusti
1882 2040 2088 2095 ntunitn

496 2138 632 2207 pede
658 2146 802 2191 tutus
823 2135 1106 2205 ingrediar.
1132 2132 1242 2186 Nec
1262 2148 1293 2185 a
1322 2147 1504 2186 morsu
1526 2140 1786 2196 metuens,
1818 2130 2089 2184 subditum

497 2232 763 2300 serpentis
794 2230 991 2283 inimici
1023 2235 1185 2296 caput
1234 2227 1276 2293 τ,
1310 2227 1445 2295 ipso,
1488 2225 1631 2295 quod
1670 2225 1956 2279 insidiosus
1993 2224 2090 2277 ob—

496 2330 694 2384 servat,
726 2320 978 2374 calcaneo
1008 2327 1301 2373 conteram.
1328 2317 1479 2383 Quod
1499 2315 1714 2385 quidem
1738 2330 1843 2369 non
1867 2315 1934 2368 de
1954 2327 2089 2368 mea:

498 2409 822 2464 inﬁrmitatis
848 2408 1071 2462 audacia
1106 2422 1363 2474 arrogans
1384 2406 1515 2459 mihi
1543 2406 1786 2470 vindico;
1817 2404 1913 2459 sed
1942 2407 2089 2461 omni

498 2498 639 2553 ﬁdeli
668 2498 734 2552 de
773 2498 965 2551 virtute
994 2495 1191 2550 Christi
1237 2494 1511 2564 promitto.
1546 2491 1646 2557 Qui
1679 2494 1819 2547 sicut
1856 2504 2001 2547 vocat
2026 2510 2089 2546 ea

496 2607 609 2656 qua:
640 2607 740 2643 non
772 2597 911 2652 sunt,
942 2598 1201 2658 tamquam
1232 2602 1346 2657 quae
1373 2586 1476 2639 sint
1505 2586 1549 2617 ³³
1593 2596 1638 2652 8,
1674 2586 1745 2639 ita
1776 2594 1974 2655 potens
2004 2592 2089 2640 est

495 2681 645 2734 etde
691 2677 912 2732 inﬁrmis
958 2686 1012 2731 et
1052 2678 1339 2732 humilibus
1378 2678 1503 2741 suis,
1555 2685 1613 2736 ut
1641 2693 1857 2747 semper
1884 2676 2007 2731 fecit
2034 2688 2089 2731 et

497 2772 643 2833 facit,
671 2770 827 2824 fortia
854 2770 1036 2824 mundi
1062 2769 1212 2823 istius
1235 2778 1290 2823 et
1318 2768 1432 2825 alta.
1455 2769 1732 2822 destruere
1757 2768 1803 2821 ιι.
1836 2768 1960 2823 Ideo
1990 2783 2087 2823 no-

496 2863 578 2914 h‘is
603 2861 910 2929 Magistrum
939 2858 1101 2923 dedit,
1144 2873 1301 2927 quem
1345 2858 1665 2911 imitatorem
1695 2858 1947 2921 habebat,
1992 2874 2087 2928 per

496 2966 653 3019 quem
680 2951 745 3003 ad
776 2950 940 3018 ipsius
977 2948 1186 3003 Domini
1217 2948 1569 3002 imitationem
1600 2948 1880 3017 pervenire
1909 2948 2085 3018 possi-

496 3058 632 3096 mus.
664 3040 793 3095 Natn
826 3041 938 3110 ipse
969 3055 1055 3094 me
1083 3039 1333 3110 Magister
1363 3040 1415 3092 in
1446 3039 1560 3093 acie
1604 3046 1767 3103 stare,
1810 3040 1862 3093 in
1910 3040 2085 3095 stadio

2190 1868 2387 1938 piscit?
2415 1867 2600 1937 Itaque
2625 1867 2840 1921 meliora
2870 1866 2999 1920 mihi
3029 1866 3183 1919 amici
3220 1866 3453 1929 vulnera,
3482 1879 3597 1933 qua:
3623 1862 3761 1918 Chri-

2191 1964 2306 2011 stus
2328 1957 2400 2027 (e)
2431 1957 2639 2026 accepit
2667 1963 2725 2009 ut
2758 1964 2977 2010 sanaret
3005 1970 3125 2019 me,
3163 1972 3316 2026 quam
3355 1955 3640 2008 voluntaria
3669 1954 3760 2007 ini-

2190 2048 2308 2101 mici
2338 2048 2513 2101 oscula
2546 2058 2571 2094 r
2598 2046 2789 2115 quibus
2836 2045 2964 2099 mihi
3012 2061 3109 2115 per
3154 2045 3438 2098 illecebras
3467 2043 3761 2098 delectatio»

2191 2155 2319 2193 num
2345 2154 2560 2192 suarum
2584 2154 2709 2192 caro
2738 2138 3043 2192 malesuada
3073 2137 3365 2202 blanditur,
3399 2147 3463 2190 ut
3496 2152 3595 2199 me,
3625 2137 3761 2204 quasi

2192 2227 2282 2281 illo
2308 2227 2612 2295 parricidali
2641 2225 2789 2280 Judte
2817 2226 3002 2281 osculo
3024 2237 3072 2291 τι,
3102 2228 3303 2296 paratis
3331 2228 3383 2281 in
3412 2228 3760 2296 captivitatem

2189 2335 2367 2374 meam
2395 2319 2587 2388 prodat
2633 2319 2862 2374 inimicis
2892 2337 2904 2372 :
2931 2319 3074 2389 quod
3114 2314 3288 2373 tamen
3327 2319 3570 2373 osculum
3598 2318 3761 2373 Domi-

2191 2428 2294 2466 nus
2321 2426 2427 2466 non
2450 2410 2570 2465 ideo
2598 2411 2851 2479 suscepit,
2887 2417 2942 2463 ut
2964 2425 3149 2479 pacem
3177 2410 3473 2479 proditoris
3493 2410 3759 2478 acciperet,

2190 2502 2287 2558 sed
2317 2511 2374 2556 ut
2404 2517 2554 2556 suam
2604 2502 2671 2555 ab
2717 2502 2950 2556 alienato
2988 2502 3272 2571 reciperet.
3332 2500 3663 2570 Quamquam
3708 2508 3758 2554 et

2193 2594 2327 2649 illud
2357 2593 2423 2647 ad
2448 2593 2759 2647 intuendum
2796 2592 3046 2662 perfecta:
3072 2592 3325 2647 bonitatis
3372 2593 3671 2662 exemplum
3701 2590 3761 2660 (Ῑ)

2192 2685 2358 2740 teneri
2386 2684 2599 2739 salubre
2625 2684 2721 2747 sit,
2753 2690 2813 2737 ut
2848 2699 2915 2737 eo
2945 2683 3167 2749 allectu,
3199 2697 3307 2751 quo
3336 2689 3391 2737 et
3426 2683 3667 2737 inimicos
3691 2681 3763 2735 di-

2190 2775 2279 2844 ligi
2300 2775 2453 2844 jubet
2485 2785 2531 2841 1⁵,
2561 2774 2791 2828 amicum
2829 2773 3068 2828 osculum
3106 2772 3312 2827 dederit
3348 2774 3504 2843 pacis
3543 2773 3760 2835 inimico,

2189 2868 2530 2923 dilectionem
2561 2865 2794 2920 reddens
2819 2881 2919 2935 pro
2947 2865 3091 2932 odio,
3124 2866 3214 2937 qui
3244 2880 3342 2937 pro
3367 2880 3470 2921 sua
3497 2866 3764 2921 dilectione

2189 2959 2374 3014 odium
2410 2959 2703 3028 recipiebat
2735 2967 2779 3011 ε.

2259 3050 2347 3102 17.
2378 3049 2436 3103 Ιιι
2464 3059 2716 3118 promptu
2755 3056 2839 3102 est
2886 3064 3013 3115 ergo
3055 3048 3372 3116 dignoscere
3405 3066 3417 3101 :
3458 3048 3533 3117 (g)
3564 3046 3765 3102 zabulus

496 3149 733 3197 currere,
766 3134 817 3185 in
845 3146 1017 3200 agone
1058 3132 1244 3185 luctari
1286 3132 1465 3195 docet,
1497 3131 1568 3200 (c)
1601 3131 1819 3185 lividum
1845 3132 1939 3201 (V.
1970 3141 2082 3187 not.
2117 3130 2157 3189 C
2193 3143 2238 3175 ιε
2295 3156 2420 3198 cum
2464 3155 2626 3194 carne
2663 3140 2994 3195 contendunt
3026 3157 3038 3192 :
3073 3146 3288 3209 praestat
3334 3138 3481 3193 enim
3528 3139 3663 3193 vinci
3692 3136 3763 3205 (lt)

498 3223 622 3291 II2)
657 3223 855 3277 faciens
896 3238 1092 3290 corpus
1120 3237 1274 3275 suum
1300 3263 1313 3287 ,
1347 3230 1402 3275 et
1443 3238 1556 3290 quia
1591 3232 1727 3275 retro
1757 3230 1876 3275 sunt
1906 3222 2085 3277 oblivi-

497 3330 662 3377 scens,
687 3323 737 3365 et
762 3314 812 3364 in
838 3312 1013 3380 priora
1033 3328 1087 3363 se
1120 3312 1399 3363 extendens
1446 3308 1487 3363 ί.

568 3403 657 3456 15.
686 3403 859 3469 Atque
889 3402 961 3454 ita
992 3399 1238 3456 fundatus
1277 3402 1328 3455 in
1361 3410 1533 3471 petra,
1582 3403 1824 3455 utetiam
1856 3403 1908 3456 in
1937 3403 2087 3458 inﬁr-

496 3494 774 3549 mitatibus
802 3493 1075 3559 glorietur,
1122 3499 1176 3546 et
1218 3507 1338 3547 cum
1390 3492 1706 3558 inﬁrmatur,
1746 3502 1873 3549 tunc
1895 3486 2107 3564 potens.

499 3582 584 3649 sit,
615 3583 793 3637 omnia
823 3590 1013 3652 potens
1040 3582 1084 3644 ι,
1113 3590 1168 3635 ιιι
1194 3583 1307 3653 ipse
1331 3581 1610 3653 proﬁtetur
1636 3582 1682 3649 κ,
1717 3583 1766 3638 in
1797 3601 1862 3640 eo
1891 3587 1980 3654 qui
2004 3588 2083 3658 (tt)

497 3675 783 3730 conﬁrmat
809 3690 956 3743 suos,
977 3674 1189 3730 Christo
1210 3676 1431 3741 scilicet,
1455 3679 1544 3745 qui
1568 3693 1665 3747 pro
1688 3679 1843 3733 nobis
1866 3688 2085 3750 pugnat,

499 3777 556 3822 et
582 3767 748 3821 vincit
776 3767 827 3820 in
857 3767 1010 3822 nobis
1035 3785 1047 3819 :
1081 3782 1200 3838 quae
1238 3782 1396 3822 causa
1426 3767 1635 3823 dicendi
1671 3770 1929 3839 Apostolo
1959 3770 2085 3836 fuit;

499 3860 590 3913 Sic
625 3856 837 3923 currite,
873 3868 930 3911 ut
974 3860 1371 3931 apprelteudatis
1403 3860 1496 3931 (V.
1530 3871 1639 3917 not.
1678 3864 1798 3933 115)
1821 3880 2009 3920 omnes
2040 3864 2083 3920 ι.

499 3949 652 4014 Quod
691 3949 745 4002 in
792 3963 966 4015 agone
1016 3958 1230 4003 terreno
1259 3958 1447 4003 contra
1484 3959 1585 4016 est,
1638 3953 1726 4007 ubi
1774 3970 1880 4009 non
1912 3964 2089 4025 potest

502 4041 644 4093 lucta
674 4039 773 4092 nisi
820 4038 1016 4106 dispari
1060 4039 1374 4092 luctantium
1419 4050 1563 4095 sorte
1611 4042 1770 4108 ﬁniri,
1822 4053 1879 4099 ut
1933 4048 2089 4102 unius

499 4134 688 4199 gloria,
720 4131 939 4185 alterius
968 4130 1257 4198 ignominia
1280 4132 1379 4196 sit;
1414 4131 1468 4183 in
1498 4132 1701 4188 Clu-isto
1732 4144 1933 4207 autem,
1962 4140 2088 4208 quia

499 4223 647 4275 multi
689 4237 844 4273 unum
889 4230 1148 4283 sumtum,
1193 4236 1380 4274 omnes
1409 4228 1468 4274 ut
1513 4238 1647 4277 unus
1690 4227 1956 4283 currimus
1988 4247 2001 4282 :
2033 4238 2090 4284 et

500 4312 741 4365 omnium
773 4324 996 4363 consors
1025 4310 1091 4362 ad
1122 4326 1282 4363 unum
1312 4312 1511 4366 bonum
1534 4329 1718 4370 cursus
1738 4327 1819 4371 est
1847 4336 1859 4371 :
1892 4329 1946 4373 et
1968 4321 2090 4377 ideo

2191 3232 2335 3286 bono
2363 3246 2523 3301 quam
2552 3231 2766 3284 vincere
2787 3231 2948 3284 malo.
2980 3230 3165 3297 Itaque
3194 3230 3330 3283 vinci
3359 3229 3576 3284 videtur
3595 3229 3644 3282 in
3672 3227 3765 3281 hoc

2192 3324 2393 3386 seculo,
2442 3323 2527 3377 cui
2556 3321 2789 3375 tunicam
2843 3336 2993 3375 suam
3041 3321 3180 3375 alter
3225 3320 3511 3374 abstulerit
3545 3325 3559 3357 ι
3598 3328 3692 3372 :at
3718 3318 3765 3371 ιιι

2192 3412 2404 3467 Christo
2447 3411 2757 3481 triumphat,
2791 3411 2880 3479 qui
2924 3411 3158 3465 tunicam
3186 3410 3452 3465 auferenti
3481 3410 3697 3465 remittit
3719 3416 3767 3461 et

2191 3503 2431 3572 pallium.
2464 3502 2649 3556 Vicem
2680 3501 2886 3570 injuria:
2914 3501 3140 3556 reddere
3169 3501 3401 3555 humana
3432 3502 3570 3556 ultio
3598 3508 3677 3555 est
3700 3508 3725 3536 ιι
3752 3516 3765 3551 :

2194 3604 2249 3648 at
2296 3594 2567 3648 inimicum
2615 3593 2776 3647 etiam
2829 3591 3068 3660 diligere,
3127 3592 3358 3647 vindicta
3401 3593 3637 3647 caelestis
3673 3596 3765 3644 est.

2196 3682 2442 3738 Vendere
2462 3672 2803 3752 patrimonia,
2834 3689 2889 3736 et
2910 3682 2976 3751 (i)
3002 3682 3205 3736 donare
3228 3684 3557 3752 pauperibus
3576 3692 3623 3747 ν,
3647 3680 3771 3736 stul-

2197 3777 2314 3831 titia
2343 3777 2466 3830 huic
2486 3776 2691 3841 seculo,
2715 3775 2807 3829 sed
2829 3775 3089 3844 sapientia
3118 3774 3228 3829 Deo
3253 3782 3336 3829 est
3361 3792 3373 3825 :
3401 3781 3458 3827 at
3486 3783 3672 3831 contra
3709 3771 3769 3835 δ’,

2192 3868 2387 3924 divitiis
2416 3868 2668 3923 incubare
2690 3908 2705 3933 ,
2754 3867 3038 3937 pecuniam
3087 3866 3271 3921 tenore
3308 3880 3529 3934 augere,
3568 3879 3771 3935 posses-

2191 3959 2373 4016 siones
2412 3958 2766 4025 auctionibus,
2802 3958 3059 4012 terminos
3112 3957 3337 4012 dilatare
3382 3958 3659 4019 violentia,
3706 3956 3775 4007 inc

2152 4071 2164 4082 -
2192 4048 2395 4104 dustria
2417 4056 2472 4103 et
2506 4056 2740 4116 qumstus
2761 4047 2899 4116 apud
2923 4048 3027 4103 hoc
3048 4048 3305 4113 seculum,
3329 4047 3422 4101 sed
3452 4048 3596 4117 apud
3617 4048 3776 4100 Deum

2194 4139 2396 4194 crimen
2425 4145 2481 4193 et
2507 4153 2664 4207 paena
2688 4145 2788 4191 est.
2817 4137 2896 4190 Ita
2929 4138 2973 4191 si
3009 4138 3149 4191 malo
3175 4138 3378 4203 vincas,
3409 4138 3590 4192 victor
3617 4137 3777 4190 victus
3816 4136 3817 4139 “

2193 4247 2273 4296 es,
2314 4231 2383 4301 (j)
2414 4230 2536 4299 quia
2558 4244 2678 4283 cum
2708 4229 2909 4283 scelere
2948 4228 3141 4283 viceris
3167 4268 3181 4292 ,
3227 4228 3523 4296 cupiditate
3569 4241 3780 4296 supera-

2195 4331 2284 4377 tus
2306 4321 2571 4377 es.Victus
2602 4334 2730 4374 vero
2761 4320 2835 4389 (lt)
2866 4319 3048 4373 vinces
3072 4358 3086 4383 ,
3120 4319 3162 4372 si
3196 4318 3345 4387 justo
3379 4320 3563 4382 cedas,
3606 4325 3659 4373 et
3689 4326 3780 4369 tute

498 4403 694 4456 dicitur
723 4401 875 4455 nobis
896 4418 907 4453 :
932 4401 1022 4455 Sic
1044 4403 1249 4468 currite,
1282 4412 1334 4455 ut
1364 4398 1696 4474 apprendaiis
1721 4424 1928 4468 omnes.
1956 4412 2090 4478 Quia
2129 4411 2178 4471 D
2208 4414 2471 4472 voluntati
2536 4412 2782 4468 voluntas
2834 4409 3009 4464 divina
3076 4409 3380 4480 prtevaleat.
3446 4408 3780 4464 Evacuemur

576 4546 602 4571 ἰ
651 4534 791 4588 Psal.
841 4550 985 4595 xxvi,
1020 4533 1088 4616 I.‘
1109 4533 1257 4601 juxta
1293 4534 1453 4589 LXX.
1527 4535 1555 4575 δ
1588 4538 1742 4594 Rom.
1788 4560 1901 4612 xm,
1936 4546 2043 4614 I2;
2076 4549 2087 4603 1

507 4605 527 4643 ι
572 4604 686 4643 Duri]
745 4620 808 4643 γρ
864 4604 893 4643 ’7
997 4615 1018 4640 θ
1051 4604 1162 4643 It.nh
1216 4622 1265 4643 vr
1324 4606 1388 4643 IK
1489 4606 1508 4643 f
1542 4607 1654 4643 Ωηη
1710 4627 1765 4643 ιη
1820 4615 1882 4643 tu
1985 4619 2075 4643 nl)

2200 4591 2213 4604 .
2244 4567 2318 4615 vr,
2372 4548 2458 4602 I2.
2536 4558 2557 4583 π
2592 4546 2709 4600 Act.
2744 4562 2816 4609 ιι,
2859 4544 2957 4607 I5;
2986 4543 3120 4615 Eph.
3150 4561 3223 4611 vt,
3256 4544 3340 4608 14,
3381 4543 3503 4599 Isai.
3548 4560 3656 4604 ιιι,
3698 4540 3778 4593 17.
3814 4574 3819 4579 -

2323 4620 2385 4643 ι-ιι
2486 4615 2510 4643 ι.
2542 4616 2558 4643 ι
2587 4616 2695 4643 tu...
2741 4632 2755 4643 .
2803 4615 2870 4643 0-1
2978 4614 2990 4643 ι
3045 4614 3215 4643 manu
3375 4613 3440 4643 lx
3545 4612 3633 4643 ill
3657 4609 3759 4643 Γιν-

505 4605 527 4643 '1
572 4604 709 4686 Psal.
745 4604 975 4686 x93."
997 4615 1018 4640 θ
1049 4604 1409 4686 Ειιιιειγικρᾷ.
1489 4606 1508 4645 ί
1542 4607 1677 4686 Cen.
1709 4627 1789 4686 t_tt._
1817 4604 1903 4686 15.
1985 4628 2009 4665 s
2032 4604 2087 4672 Β

2192 4604 2407 4683 ,w,'t7.
2484 4604 2893 4686 thor.t,:27:
2948 4604 2992 4651 ἰ
3030 4604 3458 4686 ἰιιιιιίιᾱλιιέ-ιδ,
3542 4609 3776 4686 ιιιορς.

504 4692 601 4755 ιλιιζ
631 4675 713 4729 I0.
796 4675 817 4711 ¹ί
842 4674 1034 4755 Philip.
1068 4691 1136 4738 tv,
1170 4674 1257 4755 15:.
1457 4679 1644 4755 n._I_8.
1676 4752 1686 4755 Α
1728 4681 1743 4719 1
1772 4682 1929 4739 ICor,
1970 4689 2087 4755 περ

2240 4674 2287 4725 ω’
2308 4689 2465 4743 Rom.
2496 4702 2591 4750 xu,
2615 4684 2665 4738 5.
2741 4674 2818 4755 fl
2858 4684 2980 4738 Cor.
3015 4674 3201 4748 tx,24:
3272 4692 3297 4718 θ
3321 4674 3478 4755 ’Βδειι
3510 4699 3653 4755 thv,
3697 4679 3779 4755 I2.

506 4758 540 4826 ιι
563 4744 718 4826 llr”.
754 4760 924 4826 xgvu,
955 4744 1058 4826 μϐ...
1091 4760 1200 4826 sec.
1232 4744 1394 4799 LXX.
1438 4760 1497 4826 Att
1541 4750 1727 4807 Matth.
1761 4771 1915 4825 xxvi,
1948 4744 2050 4812 49..

2192 4758 2360 4813 llatth.
2422 4774 2473 4822 v,
2518 4744 2604 4809 II.
2685 4753 2879 4809 'Psal.
2939 4744 3090 4817 cvm,
3149 4769 3201 4807 v.
3282 4755 3299 4788 ί
3334 4752 3503 4806 Matth
3583 4744 3647 4816 ἅ
3693 4750 3778 4803 41).

518 4824 544 4850 υ
578 4816 735 4882 lbid.,
791 4814 879 4866 44.
954 4824 979 4850 ν
1011 4812 1201 4866 Matth.
1260 4832 1389 4880 xxx,
1437 4817 1523 4871 2i.
1901 4812 1915 4825 ’

3812 4857 3831 4919 t"

691 4925 780 5010 ,Sfic
812 4920 1325 5010 rmss'nchdj‘ljjqj‘ljt
1355 4924 1520 5010 ηεμεο,
1576 4997 1613 5010 ,ι
1680 5001 1692 5010 _
1784 5003 1795 5010 _
2211 4939 2336 5010 __(f)
2377 4936 2468 4991 Sic
2486 4949 2614 4989 mss.
2650 4932 2781 5002 Reg.
2811 4942 2866 4987 et
2892 4933 3045 4988 Vien.
3079 4948 3200 4988 cum
3228 4933 3362 4988 edit.
3390 4932 3519 4987 Bad.
3554 4942 3609 4985 et
3633 4930 3780 4984 Grin.
3812 4920 3819 4946 "

694 4995 768 5048 Ita
793 5009 890 5076 ms.
927 4991 1058 5072 Reg.
1083 5001 1145 5076 et
1166 4994 1292 5046 editi
1313 4991 1467 5076 codd.
1495 4998 1545 5061 4,
1574 4997 1889 5076 Psalterium
1911 5016 2087 5072 vetus,
2195 4991 2333 5075 Alii;
2346 5016 2536 5076 tenere.

502 5062 595 5148 et;
619 5065 942 5148 Augustinus
981 5062 1465 5148 ‘itrltlotnntcntar;
1501 5086 1662 5148 super
1700 5075 1952 5148 psalmos.
2001 5062 2091 5148 Sic
2198 5062 2213 5148 λ
2266 5062 2340 5148 (ά)
2371 5076 2495 5148 Mss.
2530 5074 2663 5142 Reg.
2694 5083 2749 5148 et
2789 5072 2908 5127 Vat.
2940 5079 2994 5127 et
3022 5072 3150 5125 editi
3194 5070 3343 5127 Grin.
3376 5080 3429 5126 ct
3453 5070 3667 5136 Schot.,
3700 5086 3785 5121 za-

509 5139 670 5189 cliam
701 5132 1109 5213 Pattljnll§llcgit
1138 5133 1188 5213 iI_I
1218 5134 1371 5202 epist.
1398 5132 1917 5213 blad'Vict'riciutn,
1950 5164 2003 5201 ιι.
2036 5146 2087 5211 4,
2198 5132 2360 5202 belus.
2392 5144 2524 5198 Vide
2550 5132 2663 5197 ιιοῖ.
2689 5142 2741 5195 2.

506 5216 562 5260 et
590 5220 754 5285 carm.
784 5203 847 5256 21
880 5204 944 5285 ad
967 5202 1375 5285 Cytltel‘ium’LV.
1394 5205 1519 5285 $527.
1612 5282 1621 5285 Α
1904 5202 1959 5285 ’μ
2073 5202 2085 5211 ⁷
2270 5217 2345 5285 (lt)
2386 5215 2483 5285 Ms.
2508 5214 2979 5285 _\_v'ien.,_bonum...
3012 5211 3226 5273 malum,

579 5276 651 5346 (ε)
692 5272 876 5346 Graece
905 5277 1223 5346 ὑπαπιάζων.
1267 5275 1355 5332 Sic
1386 5275 1536 5344 juxta
1574 5282 1679 5336 vim
1709 5291 1885 5338 textus
1921 5282 2094 5340 Grmci

508 5344 699 5401 eodem
731 5344 888 5420 modo
940 5344 1063 5420 legit.
1099 5347 1373 5420 Paulinus
1398 5349 1448 5402 in
1479 5352 1633 5420 epist.
1679 5353 1745 5405 I2
1786 5356 1852 5408 ad
1886 5355 2086 5407 Aman—

508 5423 641 5472 dum
655 5456 680 5487 ,_
701 5430 755 5487 ιιΣ
786 5419 837 5481 7,
868 5424 922 5470 et
967 5418 1122 5484 epist.
1157 5418 1227 5472 50
1254 5418 1319 5472 ad
1349 5417 1722 5487 Augustinum.
1754 5442 1809 5477 ιι.
1844 5424 1928 5477 15.
1956 5423 2090 5479 Vide

2265 5281 2336 5355 (ἱ)
2372 5284 2472 5338 Ms.
2508 5281 2825 5355 Vat..__dare.

2269 5349 2335 5426 θ)
2374 5355 2452 5426 Ita
2480 5368 2579 5426 ms:
2615 5351 2772 5426 Viett.
2795 5349 2894 5426 Alii
2920 5349 3148 5426 codices,
3180 5349 3282 5419 qui.

2271 5414 2343 5495 (κ’)
2384 5421 2679 5495 Ms._Vat.,
2727 5422 2887 5495 vincis
2925 5421 2969 5473 si
3014 5414 3206 5495 injuste
3239 5417 3424 5495 pedes.
3474 5414 3781 5495 Ed..G_rin.,

513 5483 781 5571 menti?
831 5554 915 5571 ψ
1002 5483 1014 5484 ί
1172 5557 1206 5571 η
1248 5558 1258 5569 .
1351 5560 1363 5571 .
1435 5483 1456 5487 ⁷
1711 5561 1751 5571 Π
1795 5563 1806 5571 _
2199 5483 2462 5571 υξιίείζςκεξ
2483 5492 2628 5563 justo
2667 5483 2829 5570 cedas
2857 5531 2871 5553 ,
2900 5488 3036 5556 quod
3063 5483 3289 5571 perinde
3317 5496 3401 5570 est
3446 5502 3508 5571 ac
3550 5486 3596 5539 si
3623 5486 3782 5567 .bono

516 5628 545 5693 ί
584 5556 674 5679 (td);
702 5553 800 5610 Ms.
831 5554 1136 5621 Vien.,edit.
1168 5557 1316 5612 Grin.
1351 5560 1402 5612 in
1432 5575 1597 5629 marg.
1628 5570 1682 5617 et
1711 5561 1954 5631 Vulgata,
1981 5580 2098 5617 con-
2200 5553 2449 5690 \S'incaris,
2483 5553 2884 5633 opponiturque
2919 5553 3263 5627 pmccdenti,
3310 5559 3355 5611 si
3400 5555 3537 5611 malo
3585 5557 3782 5611 vincas.

542 5644 597 5680 υτ
620 5643 651 5679 α
2242 5649 2447 5689 ιιιειιιιι.

587 5696 657 5764 (ε)
696 5695 794 5754 Ms.
827 5696 1004 5767 Vien.,
1034 5702 1249 5768 excepit,
1273 5709 1327 5752 ut
1366 5710 1573 5755 sanaret
1604 5718 1715 5754 mea
1749 5719 1766 5755 :
1798 5718 1905 5757 non
1935 5703 2094 5759 male.

3422 5781 3454 5810 χ
