3966 6184
296 295 392 349 29'!

1658 296 1990 353 EPISTULA
2033 298 2212 356 XXIV.

3467 317 3570 372 298

302 409 455 478 159
490 421 623 475 ergo
664 407 864 462 nostris
912 407 1133 470 viribus,
1192 417 1249 463 ut
1294 408 1485 462 divinis
1542 407 1878 478 impleamur.
1912 412 1956 467 A
2056 408 2147 465 ΞΟ.
2178 411 2248 467 Ει
2274 413 2363 469 hic
2402 424 2486 469 est
2535 414 2623 471 ille
2679 418 2959 474 thesaurus
3004 426 3140 489 agri,
3165 436 3264 493 pro
3290 439 3398 495 quo
3426 427 3569 483 obti-

297 496 325 550 \
342 500 581 551 inwmur
608 512 860 566 corpore,
884 505 941 551 ut
969 499 1244 551 vincamus
1272 499 1463 552 salute.
1489 496 1885 553 Meminerimus

294 587 407 655 ejus
434 602 556 641 esse
584 602 684 641 nos
708 588 971 652 membra,
1002 588 1093 655 qui
1141 589 1269 642 vicit
1316 603 1436 642 cum
1478 587 1747 656 judicatus
1779 596 1880 651 est,

295 682 384 750 qui
410 681 653 736 cedendo
684 681 994 749 superavit;
1036 689 1091 734 et
1132 679 1378 743 cadendo
1427 681 1479 734 in
1510 688 1760 745 mortem,
1794 694 1883 733 re-

292 772 524 826 surrexit
544 771 599 823 in
635 771 886 838 gloriam,
933 769 999 824 de
1035 784 1145 823 sum
1188 769 1453 838 passionis
1481 784 1675 824 occasu
1706 777 1882 823 ortum

293 871 487 917 nostra:
506 861 931 916 resurrectionis
959 861 1242 914 instituens
1271 859 1317 911 '.

360 951 446 1004 18.
481 950 637 1005 Hunc
666 951 952 1004 Dominum
998 958 1280 1005 vocantem
1323 963 1627 1016 sequamur,
1666 949 1756 1016 qui
1786 962 1884 1001 nos

294 1043 489 1096 doceat
531 1040 775 1095 cedendo
818 1040 1048 1106 vincere,
1096 1046 1153 1092 et
1198 1036 1476 1093 moriendo
1529 1037 1801 1092 vivescere
1838 1037 1883 1068 '°

294 1132 388 1201 (V.
420 1145 509 1199 ep.
539 1129 628 1196 44,
654 1146 801 1183 num.
830 1129 903 1195 7),
945 1129 1267 1183 interﬁciens
1296 1129 1349 1182 in
1377 1128 1529 1182 nobis
1555 1143 1663 1196 quo
1697 1128 1885 1183 morti-

295 1223 532 1285 ﬁcamur,
574 1229 630 1275 et
658 1219 931 1274 viviﬁcans
957 1236 1065 1290 quo
1093 1220 1353 1273 vivamus.
1402 1218 1503 1271 Hic
1532 1216 1675 1272 nobis
1719 1217 1881 1285 Deus,

295 1328 393 1365 non
422 1308 762 1364 testimabitur
786 1311 921 1363 alius
946 1310 1014 1362 ad
1051 1325 1166 1363 eum
1196 1325 1214 1362 :
1245 1309 1336 1377 qui
1363 1310 1418 1362 in
1447 1309 1595 1362 terris
1623 1309 1758 1362 visus
1784 1318 1881 1373 est,

294 1413 341 1457 et
365 1404 501 1456 inter
530 1403 761 1455 homines
800 1409 1126 1454 conversatus
1154 1409 1249 1453 est.
1281 1398 1434 1465 Quod
1462 1398 1585 1468 quia
1633 1413 1741 1453 non
1785 1413 1884 1468 po—

305 1503 406 1548 test
436 1493 594 1547 nobis
633 1507 761 1547 caro
788 1499 843 1546 et
865 1491 1078 1559 sanguis
1122 1490 1384 1552 revelare,
1413 1488 1536 1544 ideo
1563 1488 1692 1544 dicit
1724 1506 1736 1539 :
1779 1487 1885 1542 Va-

295 1594 425 1649 cate,
456 1593 507 1636 et
544 1582 731 1649 videte,
760 1583 1002 1653 quoniam
1041 1597 1134 1651 ego
1173 1597 1287 1635 sum
1320 1578 1459 1634 Deus
1491 1578 1539 1633 ι’.
1595 1578 1811 1634 Excitor
1839 1581 1879 1611 "

297 1676 395 1730 hoc
420 1676 543 1729 loco
574 1675 627 1728 in
654 1674 928 1727 audaciam
957 1672 1327 1743 percontandi,
1346 1679 1407 1725 ut
1424 1671 1597 1726 dicam
1624 1668 1881 1735 .Qninam

1986 498 2165 556 uendo
2188 502 2349 557 etiam
2379 516 2510 571 ager
2536 506 2930 575 comparandus
2964 517 3049 562 est
3078 507 3095 546 ι
3125 526 3141 575 ;
3170 512 3293 581 quia
3322 513 3571 573 videlicet

1984 589 2171 645 salutis
2192 600 2387 646 nostra:
2414 592 2644 661 pretium
2670 594 2723 648 in
2744 595 2848 649 hoc
2865 602 2967 661 est,
2991 605 3048 650 ut
3068 596 3233 652 Deum
3256 600 3348 655 Dei
3376 602 3567 659 Filium

1983 674 2056 729 ad
2082 692 2301 732 carnem
2328 679 2637 734 salvandam
2668 682 2721 735 in
2757 696 2921 737 carne
2957 684 3170 739 venisse
3203 685 3482 754 fateamur,
3514 698 3570 746 et

1982 764 2099 818 hzec
2124 773 2207 821 est
2226 766 2311 820 illa
2334 767 2627 836 proﬂigatis
2646 770 2870 825 emenda
2901 772 3235 840 patrimoniis
3260 778 3566 844 margarita;

1983 853 2078 907 sed
2104 871 2211 909 non
2239 856 2420 910 statim
2440 858 2654 921 emitur,
2686 874 2808 913 cum
2829 857 2944 927 ejus
2963 862 3192 929 pretium
3214 872 3568 934 praeparatur,

1982 942 2107 1011 quia
2147 943 2387 1012 plurima:
2416 945 2778 1001 interveniunt
2816 941 2915 1017 ipsi
2967 951 3290 1006 commercio
3336 950 3569 1008 difﬁcul-

1984 1043 2124 1092 tates
2152 1046 2211 1090 ιη.
2240 1038 2348 1093 Aut
2376 1039 2519 1093 enim
2547 1056 2695 1097 mare
2730 1040 3031 1111 interjacet,
3057 1054 3151 1115 aut
3189 1046 3370 1115 praedo
3401 1050 3570 1106 inter—

1984 1128 2132 1197 cipit,
2165 1136 2260 1184 aut
2303 1130 2549 1200 cupidior
2594 1134 2871 1202 prazvenit,
2902 1142 2995 1189 aut
3022 1135 3301 1204 przefertur
3338 1139 3568 1209 opulen-

1985 1216 2109 1270 tior.
2140 1214 2266 1272 Ideo
2294 1232 2363 1273 ne
2387 1218 2663 1275 existimes
2696 1219 2805 1289 jam
2833 1229 2887 1276 et
2914 1238 3255 1294 comparasse
3290 1242 3391 1282 nos
3419 1241 3569 1296 gem-

1982 1322 2146 1373 mam,
2176 1308 2301 1378 quia
2329 1308 2477 1364 vides
2514 1311 2744 1380 pretium
2791 1327 3141 1382 praeparasse,
3190 1329 3366 1383 neque
3399 1315 3563 1371 tedii!-

1982 1409 2135 1450 casse
2166 1395 2278 1465 jam
2324 1396 2562 1463 domum,
2611 1400 2698 1455 cui
2746 1399 3072 1457 aediﬁcanda:
3107 1402 3283 1458 locum
3321 1403 3564 1471 fecimus,

1983 1498 2104 1538 cum
2137 1486 2369 1542 visibiles
2398 1486 2629 1553 divitias,
2659 1490 3036 1559 supellectiles,
3071 1493 3377 1562 pecuniam,
3405 1496 3565 1564 patri-

1984 1574 2183 1639 monia,
2216 1575 2362 1629 velut
2388 1576 2633 1632 sordidos
2654 1592 2875 1647 aggeres
2901 1588 2957 1634 et
2984 1580 3348 1649 importunum
3375 1582 3562 1648 rudus,

1984 1661 2294 1727 egessimus,
2331 1670 2391 1716 ut
2420 1664 2471 1716 in
2502 1663 2665 1718 corde
2708 1675 2956 1734 purgato,
2987 1668 3142 1736 quasi
3170 1669 3221 1723 in
3252 1676 3394 1723 terra
3422 1670 3564 1737 viva,

298 1776 349 1818 tu
372 1768 438 1829 δ’,
474 1763 632 1828 Deus,
671 1766 755 1835 qui
788 1764 952 1834 fecisti
990 1763 1169 1816 caelum
1205 1771 1254 1815 et
1282 1772 1490 1824 terram,
1520 1770 1571 1815 et
1598 1763 1876 1831 apparuisti

1988 1746 2187 1804 ﬁrmius
2212 1749 2499 1805 stabilioris
2526 1749 2733 1807 aediﬁcii
2751 1751 3092 1809 fundamenta
3112 1754 3432 1824 iaceremus.
3457 1757 3565 1813 Sed

297 1858 347 1909 in
370 1857 536 1919 rubo;
567 1856 654 1926 qui
685 1854 852 1923 fecisti
878 1852 1141 1921 magnalia
1163 1853 1218 1905 iu
1247 1852 1502 1921 rEgypto,
1541 1850 1799 1903 mirabilia
1823 1851 1879 1904 in

300 1958 432 2001 terra
461 1948 538 2017 (a)
576 1945 759 2009 Citam,
792 1944 1038 1998 terribilia
1069 1943 1111 1973 ⁸³
1140 1944 1194 1996 in
1246 1943 1378 1995 mari
1408 1940 1582 1995 Rubro
1612 1943 1670 1994 εἳ
1698 1940 1885 1997 Adhuc

300 2045 349 2091 te
372 2037 445 2106 (ὁ)
471 2037 642 2091 Deum
670 2051 831 2091 nemo
860 2051 966 2089 non
1000 2033 1208 2088 credit:
1242 2046 1417 2101 neque
1448 2039 1652 2085 tantum
1691 2029 1880 2099 Judaei,

297 2128 592 2196 quamlibet
617 2127 772 2181 labiis
814 2126 1113 2194 diligentes,
1161 2135 1216 2178 et
1261 2122 1425 2177 corde
1450 2120 1793 2190 longinqui“,
1824 2130 1884 2176 ut

300 2218 523 2289 populus
550 2218 606 2271 in
634 2217 751 2284 lege
776 2214 1036 2271 formatus
1064 2232 1076 2267 :
1109 2213 1201 2268 sed
1228 2220 1416 2281 gentes
1442 2211 1603 2266 etiam
1631 2213 1748 2266 sine
1767 2211 1883 2279 lege

299 2311 537 2364 viventes
568 2307 799 2362 naturali
846 2322 1007 2362 sensu
1063 2306 1279 2360 unicum
1330 2319 1551 2358 summa:
1601 2302 1883 2371 potestatis

301 2398 579 2453 Dominum
607 2398 931 2452 conﬁtentur
962 2405 1007 2448 ο.
1036 2394 1166 2461 Quae
1195 2394 1354 2463 igitur
1380 2392 1665 2447 difﬁcultas
1691 2401 1772 2450 est
1801 2393 1881 2447 vi-

299 2489 418 2543 dere
443 2487 592 2557 quod
616 2487 755 2541 Deus
782 2487 876 2554 sis,
906 2500 1025 2539 cum
1061 2492 1117 2538 et
1154 2483 1274 2539 coeli
1302 2490 1554 2538 enarreut
1583 2481 1628 2513 ⁵⁸
1657 2482 1880 2551 gloriam

301 2588 438 2633 tuam
472 2577 520 2645 τ,
548 2586 606 2633 et
631 2578 911 2632 invisibilia
941 2586 1027 2629 tua
1060 2592 1151 2645 per
1171 2590 1233 2628 ea
1261 2590 1373 2641 qua:
1396 2575 1535 2645 facta
1563 2582 1699 2637 sunt,
1731 2572 1884 2626 intel-

300 2670 423 2722 lecta
449 2669 840 2739 conspiciantur
861 2668 932 2721 8?
975 2665 1112 2732 Quid
1159 2663 1377 2734 impedit
1411 2664 1722 2732 possidere?
1754 2662 1881 2732 quid

300 2760 447 2814 obest
490 2767 547 2813 et
586 2758 691 2812 alia
719 2772 928 2819 curare,
959 2770 1080 2811 cum
1108 2762 1162 2809 et
1190 2751 1796 2822 occupatis‘hominibus
1826 2751 1881 2805 in

301 2857 548 2917 promptu
592 2847 663 2901 sit
699 2846 1040 2914 conspicuam
1087 2843 1181 2898 Dei
1235 2842 1514 2897 veritatem
1552 2856 1794 2905 cernere,
1826 2848 1882 2896 et

301 2935 636 2990 manifestum
665 2950 887 2989 summa:
914 2931 1263 3003 providentia:
1304 2931 1484 2985 lumen
1511 2930 1726 2985 videre?
1755 2930 1879 2985 Dies

301 3028 397 3080 diei
423 3037 623 3081 emetat
651 3025 874 3089 verbum,
904 3034 953 3078 et
994 3041 1099 3079 nox
1137 3024 1273 3078 nocti
1299 3022 1492 3076 indicat
1521 3023 1787 3077 scientiam
1808 3020 1834 3060 ιι
1861 3042 1874 3077 :

1984 1836 2121 1891 sicut
2158 1839 2507 1894 exhaustione
2561 1839 2815 1896 ruderum
2857 1843 3052 1898 nudata
3093 1845 3288 1911 humo,
3336 1847 3434 1901 sub
3464 1848 3564 1902 im-

1983 1927 2193 1982 mundis
2230 1927 2458 1983 molibus
2503 1929 2672 1984 multa
2717 1937 2810 1984 aut
2862 1931 3185 1987 nodamenta
3230 1941 3559 1997 truncorum,

1983 2026 2075 2069 aut
2128 2017 2337 2072 residua
2385 2018 2681 2086 ruinarum,
2728 2030 2822 2075 aut
2858 2021 3114 2091 pleraque
3158 2023 3305 2077 noxii
3350 2023 3562 2092 generis

1983 2105 2251 2169 animalia,
2279 2115 2335 2162 et
2362 2109 2629 2179 pnecipue
2653 2109 2721 2180 (ε)
2748 2110 2889 2165 fetus
2926 2117 3020 2165 aut
3038 2112 3232 2167 cubilia
3254 2112 3561 2181 viperarum

1984 2192 2480 2264 deprehenduntur,
2512 2199 2590 2253 sic
2617 2196 2823 2255 remota
2844 2215 2874 2254 a
2896 2209 3081 2256 nostro
3105 2209 3325 2271 pectore
3353 2211 3561 2273 tempo-

1982 2285 2173 2340 ralium
2212 2302 2392 2343 rerum
2441 2290 2778 2356 possessione
2805 2297 2860 2345 et
2887 2306 3035 2355 cura,
3059 2290 3171 2360 jam
3200 2292 3354 2346 nobis
3384 2291 3450 2362 (ι’)
3475 2292 3561 2345 in-

1981 2374 2258 2443 spectione
2285 2376 2463 2431 cordis
2487 2378 2652 2432 nostri
2686 2388 2939 2434 vacantes
2966 2381 3034 2434 ab
3055 2380 3137 2435 his
3162 2394 3281 2449 qua:
3301 2396 3399 2435 nos
3419 2378 3562 2435 foras

1981 2464 2351 2529 extrahebant,
2382 2466 2797 2522 inveteratorum
2827 2468 3107 2524 criminum
3146 2470 3335 2535 nodos,
3368 2477 3424 2523 et
3455 2468 3560 2523 ini-

1980 2554 2242 2608 micorum
2270 2555 2587 2625 spiritalium
2618 2556 2852 2613 latebras
2893 2558 2946 2612 in
2976 2560 3174 2614 nostris
3208 2560 3450 2616 sensibus
3479 2559 3561 2614 iu-

1980 2642 2241 2698 venimus.
2264 2642 2414 2699 Nunc
2437 2645 2589 2700 nobis
2609 2661 2868 2716 apparere
2896 2648 3081 2719 incipit
3108 2650 3331 2704 interior
3350 2649 3560 2715 domus,

1979 2744 2029 2788 et
2046 2735 2155 2789 illic
2179 2735 2256 2807 (g)
2279 2740 2530 2806 repentia,
2554 2755 2767 2809 quorum
2794 2757 2897 2794 non
2942 2750 3019 2794 est
3063 2757 3303 2795 numerus
3333 2750 3381 2795 ι’.
3411 2740 3561 2796 Nunc

1980 2833 2093 2881 tota
2123 2825 2445 2881 infelicitatis
2474 2835 2672 2882 nostrae
2701 2830 2926 2897 patescit
2949 2829 3267 2885 obscuritas.
3297 2830 3448 2884 Nunc
3467 2832 3560 2884 de-

1980 2930 2128 2969 mum
2151 2928 2308 2983 quam
2338 2915 2613 2983 longinqui
2640 2931 2672 2969 a
2706 2915 2816 2969 Deo
2843 2916 3028 2985 simus,
3068 2925 3125 2971 et
3151 2933 3312 2985 quam
3358 2919 3559 2973 mortui

1981 3004 2034 3059 in
2060 3005 2457 3074 comparatione
2484 3004 2748 3069 vivorum,
2777 3005 3020 3060 videmus
3049 3007 3114 3060 ⁵⁷.

299 3126 351 3171 ει
370 3132 562 3172 vacare
586 3117 797 3185 iubeor,
827 3124 887 3169 υι
913 3124 967 3170 ιθ
990 3113 1157 3169 Deum
1182 3128 1300 3169 esse
1326 3113 1557 3179 videam,
1588 3128 1709 3168 cum
1740 3113 1879 3169 hanc
1905 3105 1952 3167 ο
2049 3094 2139 3149 21.
2180 3093 2416 3163 lntellige
2464 3094 2597 3159 haec,
2651 3101 2707 3149 et
2727 3095 2801 3164 (lt)
2825 3110 2953 3149 cura
3000 3096 3170 3150 nostri
3210 3094 3370 3150 anxio
3396 3095 3559 3152 corde

298 3207 465 3262 lucem
510 3208 675 3261 etiam
723 3215 910 3261 noctes
960 3205 1169 3275 sciant:
1201 3203 1255 3258 id
1281 3211 1385 3272 est,
1414 3204 1577 3258 etiam
1610 3203 1880 3274 principes

298 3295 377 3351 vel
404 3295 638 3365 operarii
670 3296 1010 3348 tenebrarum
1050 3292 1091 3345 ί.

362 3382 446 3437 19.
477 3383 586 3438 Sed
615 3399 721 3438 non
752 3382 945 3438 frustra
973 3391 1054 3436 est
1082 3380 1224 3451 quod
1249 3395 1309 3437 se
1339 3380 1471 3450 ipsa,
1502 3395 1622 3450 quae
1650 3380 1703 3435 in
1733 3381 1872 3435 mul-

296 3474 358 3529 tis
377 3490 519 3544 sepe
546 3473 841 3527 divinitatis
890 3472 1182 3539 insignibus
1203 3471 1247 3502 ⁸⁸
1277 3470 1633 3524 manifestavit
1660 3470 1876 3539 veritas,

295 3576 393 3617 non
416 3562 519 3617 nisi
545 3562 827 3616 vacatione
868 3567 1151 3630 procurata
1176 3559 1406 3629 perspici
1434 3572 1595 3628 posse
1626 3566 1869 3612 testatur.

299 3651 459 3705 Deum
489 3652 633 3706 enim
669 3659 869 3705 tantum
918 3650 970 3703 in
1024 3658 1275 3719 promptu
1310 3654 1392 3703 est
1430 3647 1628 3711 videre,
1659 3647 1802 3716 quod
1831 3648 1877 3680 ⁸⁸

300 3742 435 3798 Deus
463 3752 567 3797 est.
602 3741 734 3805 Hoc,
786 3749 843 3795 ut
882 3741 1012 3805 dixi,
1058 3740 1231 3793 omnis
1258 3737 1433 3792 anima
1456 3738 1601 3791 videt
1632 3756 1643 3790 :
1676 3738 1741 3794 ad
1771 3739 1877 3795 hoc

292 3848 435 3887 mens
461 3832 608 3885 nulla
636 3830 829 3898 caligat
853 3847 864 3881 :
893 3830 997 3884 hoc
1016 3828 1178 3883 etiam
1204 3826 1493 3880 inﬁdelium
1524 3825 1650 3880 ﬁdes
1663 3826 1733 3897 (ε)
1752 3842 1876 3897 per-

290 3921 447 3990 cipit;
480 3920 577 3974 sed
625 3919 790 3972 Deum
841 3918 891 3971 in
941 3916 1174 3982 Christo,
1215 3915 1300 3968 vel
1339 3914 1611 3968 Christum
1660 3916 1711 3970 in
1760 3915 1873 3971 Deo

289 4024 423 4076 €858,
456 4025 566 4063 non
591 4010 734 4063 videt
756 4009 832 4077 (ά)
856 4018 1165 4075 occupatus,
1192 4013 1246 4059 et
1270 4020 1516 4059 curarum
1543 4007 1871 4061 terrestrium

291 4100 423 4154 nube
450 4099 829 4155 circumdatus.
871 4098 1093 4151 Verbum
1131 4096 1273 4151 enim
1302 4113 1507 4150 carnem
1546 4099 1757 4168 factum,
1794 4117 1874 4153 sa-

291 4192 487 4257 pientia:
518 4194 673 4262 hujus
694 4191 870 4244 mundi
891 4191 1109 4245 stultitia
1130 4200 1206 4243 est
1232 4188 1247 4239 ἕ
1282 4206 1294 4242 :
1324 4198 1379 4244 et
1403 4190 1524 4245 ideo
1549 4193 1740 4261 placuit
1760 4194 1871 4249 Deo

288 4278 350 4331 ad
377 4280 748 4333 wnfusionem
770 4278 1067 4347 sapientiaa,
1097 4276 1249 4345 cujus
1279 4279 1529 4346 superbia
1558 4296 1659 4337 non
1681 4298 1870 4352 cogno-

284 4370 352 4420 rit
378 4370 460 4420 hic
496 4368 718 4421 mundus
764 4368 1071 4435 sapientiam
1114 4365 1231 4429 Dei,
1285 4367 1441 4437 160
1464 4384 1556 4434 per
1598 4370 1868 4425 stultitiam

284 4463 665 4530 meditationis
694 4467 861 4515 salvos
882 4462 1053 4531 facere
1079 4459 1336 4513 credentes
1359 4458 1405 4511 ιι.

1980 3191 2210 3261 suspira,
2238 3188 2542 3259 providens,
2574 3189 2699 3259 quia
2722 3188 2837 3241 laus
2866 3188 2927 3258 (i)
2952 3188 3005 3242 in
3027 3188 3173 3243 exitu
3200 3189 3409 3243 canitur
3425 3187 3469 3254 ⁸,
3502 3196 3558 3244 ut

1978 3282 2171 3353 spiritu
2198 3296 2305 3351 quo
2354 3282 2418 3350 (j)
2448 3282 2723 3351 cmpimus,
2752 3279 2987 3348 ejusdem
3020 3279 3227 3334 Domini
3246 3280 3413 3346 gratia
3435 3288 3559 3348 per-

1980 3372 2224 3427 ﬁciamur
2248 3413 2262 3437 ,
2294 3380 2348 3424 et
2377 3385 2541 3439 usque
2572 3368 2638 3423 ad
2676 3366 2833 3422 ﬁnem
2864 3360 3115 3438 praecepti
3145 3382 3448 3438 pareamus,
3473 3367 3558 3422 cui

1982 3462 2224 3517 videmur
2249 3462 2301 3515 in
2342 3460 2515 3530 capite
2554 3459 2761 3515 consilii
2796 3458 3054 3529 paruisse.
3085 3456 3378 3511 Consilium
3416 3457 3558 3510 enim

1976 3552 2088 3617 dat,
2116 3566 2224 3606 non
2252 3557 2595 3620 praeceptum,
2626 3548 2716 3615 qui
2747 3563 2853 3602 non
2881 3546 3011 3601 dicit
3041 3563 3054 3598 :
3086 3546 3216 3600 Esto
3240 3545 3509 3616 perfectus
3540 3561 3557 3599 :

1976 3651 2089 3716 sed,
2119 3650 2182 3706 Si
2208 3651 2283 3703 vis
2311 3664 2421 3703 esse
2445 3648 2697 3717 perfectus
2729 3656 2754 3693 ρ
2783 3663 2796 3698 :
2828 3644 2953 3713 quia
2994 3644 3213 3699 libertas
3244 3644 3557 3712 voluntatis,

1976 3766 2093 3823 quae
2121 3751 2263 3805 bona
2290 3762 2412 3802 cum
2438 3754 2521 3800 est
2547 3760 2706 3813 supra
2734 3744 2905 3811 legem
2935 3748 3037 3807 est,
3069 3756 3175 3796 non
3204 3742 3432 3812 cogitur,
3463 3740 3555 3796 sed

1974 3850 2246 3913 suadetur,
2277 3854 2333 3902 et
2370 3845 2485 3915 ipsa
2533 3843 2633 3899 sibi
2686 3842 2774 3898 lex
2817 3850 2921 3897 est.
2968 3839 3238 3908 Quantum
3279 3849 3456 3895 autem
3486 3842 3556 3895 sit

1973 3952 2244 4010 Christum
2271 3945 2443 4016 sequi,
2465 3942 2710 4014 potesde
2732 3942 2974 4012 Apostoli
2995 3941 3261 3997 sententia
3280 3942 3555 4011 colligere,

1972 4068 2078 4124 qua
2103 4050 2181 4105 ait
2210 4066 2225 4103 :
2254 4046 2357 4112 Qui
2375 4046 2501 4099 dicit
2526 4059 2581 4097 se
2618 4043 2878 4097 Christum
2913 4041 3077 4113 sequi,
3112 4040 3278 4106 debet,
3308 4042 3441 4095 sicut
3469 4041 3556 4093 ille

1973 4151 2272 4215 ambulavit,
2303 4157 2352 4203 et
2377 4149 2490 4217 ipse
2515 4142 2779 4198 auibulare
2806 4152 2853 4195 ει.
2883 4143 3033 4214 161
3064 4140 3346 4207 Quomodo
3374 4149 3554 4194 autem

1972 4250 2326 4310 ambulaverit
2350 4245 2611 4306 Christus,
2642 4241 2800 4297 docet
2827 4241 2963 4294 alius
2985 4240 3239 4307 magister
3270 4256 3283 4291 :
3313 4235 3413 4301 Qui
3438 4253 3554 4305 pec-

1972 4365 2175 4417 catum,
2222 4347 2411 4416 inquit,
2454 4359 2559 4397 non
2607 4342 2746 4413 fecit,
2793 4355 2886 4392 nec
2924 4338 3071 4392 dolus
3110 4338 3343 4391 inventus
3379 4344 3453 4389 est
3496 4338 3553 4388 in

1891 4460 1943 4519 D
1967 4473 2053 4512 ore
2093 4456 2203 4526 ejus
2236 4460 2257 4488 τ
2294 4467 2307 4498 :
2358 4446 2443 4518 qui
2490 4457 2603 4496 cum
2632 4439 3039 4503 malediceretur,
3089 4453 3193 4490 non
3225 4436 3300 4507 (lt)
3330 4436 3549 4489 remale-

356 4606 377 4632 ι
401 4597 558 4651 Ruin.
589 4612 663 4659 vi,
694 4595 743 4648 4.
821 4593 849 4633 δ
879 4594 1018 4650 Psal.
1052 4611 1175 4657 xcv,
1201 4594 1287 4647 11.
1368 4605 1389 4631 ο
1421 4594 1555 4648 Gen.
1589 4611 1626 4658 ι,
1653 4596 1703 4661 7;
1730 4597 1876 4653 Exod

1986 4614 2015 4659 ι,
2048 4592 2105 4658 2;
2131 4591 2248 4645 Aet.
2274 4601 2332 4661 It,
2485 4576 2625 4631 Psal.
2654 4591 2740 4661 εν,
2766 4573 2827 4661 ξι
2855 4582 2909 4628 et
2940 4571 3032 4661 2?;
3102 4570 3434 4661 disahnl‘x,

282 4640 677 4727 unifﬁf'ivj.
755 4640 963 4718 οηοηῖ.
996 4680 1032 4717 ιι
1053 4640 1186 4725 ῖὶἰ.
1269 4640 1876 4727 ίΡεθι.”χνιὶι’,’ἐ.”“ἔῙ

1986 4640 2015 4717 ἶ
2049 4640 2105 4722 Ῐξ
2131 4640 2245 4712 32D."
2280 4640 2331 4690 il"
2354 4640 2712 4727 “111,3,
2737 4652 2791 4697 et
2820 4641 3003 4727 nummi
3012 4641 3061 4694 1.
3105 4718 3127 4727 Δ
3147 4640 3320 4727 ’,ξριξ
3356 4652 3425 4706 vr,
3461 4642 3545 4727 1:2.

283 4708 759 4798 Γῐόΐὲηῗίίή.
807 4708 1067 4788 ’ἶῖῑὸὶῖ
1097 4708 1252 4799 {,‘a.
1312 4708 1876 4797 ’I"Si'3aiiiif'3tii£'ti.'

1987 4708 2323 4787 Ειεὶίιιῖξιιιι,
2350 4720 2435 4772 46.
2514 4726 2540 4752 υ
2596 4714 2735 4769 Psal.
2769 4728 2897 4774 cm,
2936 4709 3025 4763 26.
3104 4718 3129 4745 ο
3169 4708 3336 4766 Exod.
3372 4729 3457 4779 xv,
3494 4716 3545 4768 ι.

281 4815 306 4854 Ρ
336 4804 523 4858 Matth.
555 4821 665 4867 xix,
688 4804 776 4856 2|.
851 4803 919 4857 9|
948 4803 1068 4856 Joh.
1100 4818 1156 4866 ιι,
1187 4802 1238 4854 6.
1316 4813 1337 4840 τ
1372 4802 1492 4855 Isai.
1526 4818 1634 4865 Lm,
1665 4805 1716 4857 υ.

351 4936 425 5003 (α)
467 4933 615 4988 llanc
642 4948 827 4988 vocem
854 4932 1274 5003 emendavimus
1312 4931 1364 4984 in
1401 4938 1571 5003 textu,
1622 4931 1857 5003 licetita—

277 5000 399 5124 mtin
495 5020 627 5124 ἔπιδε.
653 5012 708 5055 et
735 5002 892 5057 editis
913 5002 1185 5056 codicibus
1205 5002 1409 5068 legatur
1428 5000 1696 5054 Chanaan.
1727 5002 1861 5057 Vide

277 5090 348 5124 no
377 5114 390 5124 .
532 5113 547 5124 .

277 5083 390 5126 not.
424 5074 547 5125 114.

349 5144 424 5209 (b)
464 5141 538 5194 lta
564 5157 666 5195 ms.
698 5139 851 5193 Vien.
885 5140 987 5193 Alii
1017 5138 1253 5209 codices,
1279 5138 1514 5209 Domine.
1537 5136 1628 5192 Sic
1645 5153 1862 5209 quoque

277 5227 340 5263 ex
359 5207 562 5264 eodem
587 5224 684 5262 ms.
708 5209 860 5262 Vien.
886 5209 1046 5273 paulo
1062 5208 1281 5262 inferius
1297 5208 1651 5276 reposuimus,
1674 5207 1860 5271 Deum,

278 5282 364 5334 ubi
395 5280 573 5333 ceteri
603 5278 758 5332 codd.
794 5278 1090 5330 Dominum.

348 5350 423 5417 (c)
464 5348 551 5401 Sic
580 5363 679 5417 ms.
711 5346 881 5400 codex
911 5346 1064 5399 Vieu.
1093 5347 1213 5406 Alii,
1248 5346 1446 5417 recipit.

349 5414 431 5482 (id)
472 5417 565 5469 Ms.
598 5415 778 5480 Vieu.,
822 5425 1136 5485 occupata...
1183 5415 1518 5485 circumdata,
1569 5429 1672 5485 nou
1699 5414 1855 5466 male.

281 5485 616 5539 Retinuimus
670 5482 954 5551 vulgatam
993 5485 1309 5545 lectionem,
1359 5484 1482 5550 quia
1535 5482 1692 5550 paulo
1737 5491 1863 5535 ante

279 5556 569 5623 pnewssit,
590 5571 704 5607 cum
732 5564 779 5605 et
808 5556 1068 5623 occupatis
1089 5552 1375 5608 hominibus
1398 5554 1450 5605 in
1475 5560 1707 5607 aromata
1726 5551 1859 5604 sit...

280 5626 455 5676 lumen
483 5625 668 5676 ridere.

356 5696 427 5762 te)
466 5693 561 5745 Ms.
594 5692 737 5750 Vat.,
772 5694 908 5758 [erus
938 5694 1139 5761 anguis.

564 5784 642 5841 Ps
660 5797 833 5839 t‘ttOL.
888 5782 1045 5840 LXI.

2036 4932 2102 5000 (ί)
2140 4926 2216 4979 lta
2244 4920 2513 5000 ms.!ien.
2540 4916 2750 5000 galeri,
2782 4915 2851 4967 ad
2876 4914 3233 5000 inspectionem
3260 4917 3431 4970 cordis
3454 4935 3546 4971 na-

1964 4984 2333 5052 stri'i‘acarttis.
2367 4987 2509 5042 Edit.
2541 4986 2751 5051 δάιοι..
2781 4984 3094 5037 vacantibus.
3362 5044 3363 5047 η

2036 5069 2111 5137 (g)
2152 5064 2226 5117 lta
2250 5058 2564 5137 Psalterium
2582 5063 2756 5120 vetus,
2778 5062 2833 5107 et
2854 5053 3179 5120 Augustinus
3209 5055 3261 5108 in
3282 5070 3547 5110 commen-

1964 5128 2103 5191 tario
2130 5147 2291 5200 super
2312 5128 2570 5200 psalmos.
2722 5191 2733 5196 _

2036 5206 2112 5274 (Ιι)
2152 5192 2243 5274 Sic
2426 5195 2578 5249 Vien.
2618 5202 2675 5246 et
2713 5192 3005 5247 Sacchinus
3050 5192 3334 5260 legendum
3359 5206 3543 5247 cense»

1965 5267 2077 5331 bat.
2097 5267 2212 5326 'Alii
2238 5267 2468 5329 codices,
2496 5280 2692 5317 curam.

2041 5344 2101 5422 (ἑ)
2140 5342 2216 5394 ¹ι³
2239 5354 2339 5392 π’δ·
2365 5328 2605 5422 Ῡίθηυ..⁴ἲί
2629 5330 2920 5422 idib???
2963 5330 3228 5422 ‘3‘-.qu5‘:
3251 5328 3542 5422 Ψίέἒῗῗῗξὲ

1966 5397 2159 5466 melius
2180 5424 2340 5477 quam
2388 5406 2438 5477 in
2483 5403 2601 5477 aliis
2641 5401 2934 5477 codicibus,
2965 5400 3053 5477 q_u_i
3092 5400 3290 5453 addunt
3315 5397 3542 5467 ejusdem

1969 5469 2212 5534 Domini:
2233 5477 2321 5530 Sic
2348 5483 2403 5528 et
2425 5475 2476 5525 in
2505 5469 2782 5540 epist._29,
2811 5483 2958 5540 nuru.
2988 5470 3071 5521 15.

2043 5551 2106 5618 (j)
2146 5547 2235 5618 S_ic
2263 5560 2388 5598 mss.
2414 5536 2555 5618 fati
2568 5549 2622 5594 et
2652 5538 2801 5618 νίς-η..
2837 5536 2995 5618 _Ed_iti,
3023 5538 3168 5618 σφι)ιὶ
3194 5550 3386 5589 sumus.

2045 5603 2122 5685 (Vk')
2162 5616 2237 5685 ita
2268 5630 2369 5685 ms.
2414 5611 2545 5678 Reg.
2586 5618 2639 5662 et
2668 5610 2794 5685 editi
2908 5606 3005 5685 bis.
3043 5603 3192 5659 Vien.
3215 5646 3228 5669 ,
3252 5618 3357 5656 non
3379 5603 3541 5655 male-

1973 5676 2124 5740 dia'it'.
2157 5684 2291 5737 Edit.
2324 5676 2513 5746 Roma,
2544 5696 2643 5733 non
2670 5676 3023 5731 maledicebat.

3189 5768 3260 5823 πυ
