  <div class='ocr_page' id='page_1' title='image "/cluster/home/n/w/nwhite01/storage/ocr_20150623/61/hvd.32044054758685/156.png"; bbox 0 0 3966 6184; ppageno 0'>
   <div class='ocr_carea' id='block_1_1' title="bbox 310 344 401 398">
    <p class='ocr_par' dir='ltr' id='par_1_1' title="bbox 310 344 401 398">
     <span class='ocr_line' id='line_1_1' title="bbox 310 344 401 398; baseline -0.022 0"><span class='ocrx_word' id='word_1_1' title='bbox 310 344 401 398; x_wconf 76' lang='lat'><strong>301</strong></span> 
     </span>
    </p>
   </div>
   <div class='ocr_carea' id='block_1_2' title="bbox 1679 338 2201 398">
    <p class='ocr_par' dir='ltr' id='par_1_2' title="bbox 1679 338 2201 398">
     <span class='ocr_line' id='line_1_2' title="bbox 1679 338 2201 398; baseline 0.002 -1"><span class='ocrx_word' id='word_1_2' title='bbox 1679 338 2008 398; x_wconf 76' lang='lat' dir='ltr'><strong>EPISTULA</strong></span> <span class='ocrx_word' id='word_1_3' title='bbox 2046 340 2201 398; x_wconf 83' lang='lat' dir='ltr'><strong>XXV.</strong></span> 
     </span>
    </p>
   </div>
   <div class='ocr_carea' id='block_1_3' title="bbox 3448 346 3556 402">
    <p class='ocr_par' dir='ltr' id='par_1_3' title="bbox 3448 346 3556 402">
     <span class='ocr_line' id='line_1_3' title="bbox 3448 346 3556 402; baseline 0 0"><span class='ocrx_word' id='word_1_4' title='bbox 3448 346 3556 402; x_wconf 61' lang='grc' dir='ltr'><strong>ὅθί</strong></span> 
     </span>
    </p>
   </div>
   <div class='ocr_carea' id='block_1_4' title="bbox 310 453 3555 526">
    <p class='ocr_par' dir='ltr' id='par_1_4' title="bbox 310 453 3555 526">
     <span class='ocr_line' id='line_1_4' title="bbox 310 453 3555 526; baseline 0.001 -16"><span class='ocrx_word' id='word_1_5' title='bbox 310 457 378 510; x_wconf 86' lang='lat' dir='ltr'><strong>hil</strong></span> <span class='ocrx_word' id='word_1_6' title='bbox 400 455 546 510; x_wconf 88' lang='lat' dir='ltr'><strong>enim</strong></span> <span class='ocrx_word' id='word_1_7' title='bbox 584 462 665 509; x_wconf 77' lang='lat' dir='ltr'><strong>est</strong></span> <span class='ocrx_word' id='word_1_8' title='bbox 694 496 709 518; x_wconf 93' lang='lat'><strong>,</strong></span> <span class='ocrx_word' id='word_1_9' title='bbox 740 455 1022 511; x_wconf 86' lang='lat' dir='ltr'><strong>benediete</strong></span> <span class='ocrx_word' id='word_1_10' title='bbox 1052 456 1122 510; x_wconf 82' lang='lat' dir='ltr'><strong>illi</strong></span> <span class='ocrx_word' id='word_1_11' title='bbox 1143 498 1158 522; x_wconf 94' lang='lat'><strong>,</strong></span> <span class='ocrx_word' id='word_1_12' title='bbox 1200 456 1343 526; x_wconf 78' lang='lat' dir='ltr'><strong>quod</strong></span> <span class='ocrx_word' id='word_1_13' title='bbox 1372 462 1542 526; x_wconf 77' lang='lat' dir='ltr'><strong>possit</strong></span> <span class='ocrx_word' id='word_1_14' title='bbox 1569 462 1662 509; x_wconf 88' lang='lat' dir='ltr'><strong>aut</strong></span> <span class='ocrx_word' id='word_1_15' title='bbox 1687 453 1879 508; x_wconf 86' lang='lat' dir='ltr'><strong>debeat</strong></span> <span class='ocrx_word' id='word_1_16' title='bbox 1910 456 1955 512; x_wconf 86' lang='grc' dir='ltr'><strong>Α</strong></span> <span class='ocrx_word' id='word_1_17' title='bbox 1982 467 2086 520; x_wconf 91' lang='lat' dir='ltr'><strong>que</strong></span> <span class='ocrx_word' id='word_1_18' title='bbox 2112 455 2255 509; x_wconf 86' lang='lat' dir='ltr'><strong>enim</strong></span> <span class='ocrx_word' id='word_1_19' title='bbox 2299 455 2623 525; x_wconf 86' lang='lat' dir='ltr'><strong>quicumque</strong></span> <span class='ocrx_word' id='word_1_20' title='bbox 2667 466 2915 513; x_wconf 81' lang='lat' dir='ltr'><strong>terrenus</strong></span> <span class='ocrx_word' id='word_1_21' title='bbox 2939 464 3037 514; x_wconf 66' lang='lat' dir='ltr'><strong>res</strong></span> <span class='ocrx_word' id='word_1_22' title='bbox 3073 467 3237 514; x_wconf 79' lang='lat' dir='ltr'><strong>totius</strong></span> <span class='ocrx_word' id='word_1_23' title='bbox 3260 468 3415 514; x_wconf 74' lang='lat' dir='ltr'><strong>terra:</strong></span> <span class='ocrx_word' id='word_1_24' title='bbox 3454 460 3555 515; x_wconf 83' lang='lat' dir='ltr'><strong>do-</strong></span> 
     </span>
    </p>
   </div>
   <div class='ocr_carea' id='block_1_5' title="bbox 305 542 1878 615">
    <p class='ocr_par' dir='ltr' id='par_1_5' title="bbox 305 542 1878 615">
     <span class='ocr_line' id='line_1_5' title="bbox 305 542 1878 615; baseline -0.002 -16"><span class='ocrx_word' id='word_1_25' title='bbox 305 542 538 615; x_wconf 65' lang='lat' dir='ltr'><strong>prmferri</strong></span> <span class='ocrx_word' id='word_1_26' title='bbox 585 545 637 599; x_wconf 88' lang='lat' dir='ltr'><strong>ei</strong></span> <span class='ocrx_word' id='word_1_27' title='bbox 682 546 772 612; x_wconf 91' lang='lat' dir='ltr'><strong>qui</strong></span> <span class='ocrx_word' id='word_1_28' title='bbox 802 552 885 599; x_wconf 88' lang='lat' dir='ltr'><strong>est</strong></span> <span class='ocrx_word' id='word_1_29' title='bbox 913 558 1074 599; x_wconf 86' lang='lat' dir='ltr'><strong>verus</strong></span> <span class='ocrx_word' id='word_1_30' title='bbox 1110 546 1366 599; x_wconf 84' lang='lat' dir='ltr'><strong>Dominus</strong></span> <span class='ocrx_word' id='word_1_31' title='bbox 1388 586 1404 611; x_wconf 96' lang='lat'><strong>,</strong></span> <span class='ocrx_word' id='word_1_32' title='bbox 1434 554 1489 600; x_wconf 88' lang='lat' dir='ltr'><strong>et</strong></span> <span class='ocrx_word' id='word_1_33' title='bbox 1518 558 1676 599; x_wconf 87' lang='lat' dir='ltr'><strong>verus</strong></span> <span class='ocrx_word' id='word_1_34' title='bbox 1703 555 1878 613; x_wconf 86' lang='lat' dir='ltr'><strong>pater,</strong></span> 
     </span>
    </p>
   </div>
   <div class='ocr_carea' id='block_1_6' title="bbox 304 636 1881 704">
    <p class='ocr_par' dir='ltr' id='par_1_6' title="bbox 304 636 1881 704">
     <span class='ocr_line' id='line_1_6' title="bbox 304 636 1881 704; baseline -0.001 -14"><span class='ocrx_word' id='word_1_35' title='bbox 304 645 360 690; x_wconf 89' lang='lat' dir='ltr'><strong>et</strong></span> <span class='ocrx_word' id='word_1_36' title='bbox 389 636 691 704; x_wconf 85' lang='lat' dir='ltr'><strong>imperator</strong></span> <span class='ocrx_word' id='word_1_37' title='bbox 715 647 968 691; x_wconf 57' lang='lat' dir='ltr'><strong>aeternus.</strong></span> <span class='ocrx_word' id='word_1_38' title='bbox 1018 636 1115 691; x_wconf 91' lang='lat' dir='ltr'><strong>Cni</strong></span> <span class='ocrx_word' id='word_1_39' title='bbox 1145 638 1285 690; x_wconf 85' lang='lat' dir='ltr'><strong>enim</strong></span> <span class='ocrx_word' id='word_1_40' title='bbox 1308 639 1330 670; x_wconf 82' lang='grc'>¹</span> <span class='ocrx_word' id='word_1_41' title='bbox 1360 636 1556 691; x_wconf 78' lang='lat' dir='ltr'><strong>rectius</strong></span> <span class='ocrx_word' id='word_1_42' title='bbox 1577 637 1744 690; x_wconf 89' lang='lat' dir='ltr'><strong>vitam</strong></span> <span class='ocrx_word' id='word_1_43' title='bbox 1779 650 1881 688; x_wconf 76' lang='lat' dir='ltr'><strong>no-</strong></span> 
     </span>
    </p>
   </div>
   <div class='ocr_carea' id='block_1_7' title="bbox 301 724 1884 795">
    <p class='ocr_par' dir='ltr' id='par_1_7' title="bbox 301 724 1884 795">
     <span class='ocr_line' id='line_1_7' title="bbox 301 724 1884 795; baseline -0.002 -16"><span class='ocrx_word' id='word_1_44' title='bbox 301 736 465 779; x_wconf 89' lang='lat' dir='ltr'><strong>stram</strong></span> <span class='ocrx_word' id='word_1_45' title='bbox 501 724 859 793; x_wconf 83' lang='lat' dir='ltr'><strong>impendimus</strong></span> <span class='ocrx_word' id='word_1_46' title='bbox 880 764 896 789; x_wconf 92' lang='lat'><strong>,</strong></span> <span class='ocrx_word' id='word_1_47' title='bbox 944 740 1105 794; x_wconf 86' lang='lat' dir='ltr'><strong>quam</strong></span> <span class='ocrx_word' id='word_1_48' title='bbox 1132 726 1233 794; x_wconf 87' lang='lat' dir='ltr'><strong>ipsi</strong></span> <span class='ocrx_word' id='word_1_49' title='bbox 1262 726 1282 757; x_wconf 83' lang='grc'><strong><em>³</em></strong></span> <span class='ocrx_word' id='word_1_50' title='bbox 1312 739 1342 778; x_wconf 90' lang='lat' dir='ltr'><strong>a</strong></span> <span class='ocrx_word' id='word_1_51' title='bbox 1362 741 1470 795; x_wconf 91' lang='lat' dir='ltr'><strong>quo</strong></span> <span class='ocrx_word' id='word_1_52' title='bbox 1495 725 1653 779; x_wconf 59' lang='lat' dir='ltr'><strong>eam.‘</strong></span> <span class='ocrx_word' id='word_1_53' title='bbox 1674 724 1884 794; x_wconf 83' lang='lat' dir='ltr'><strong>accepi-</strong></span> 
     </span>
    </p>
   </div>
   <div class='ocr_carea' id='block_1_8' title="bbox 302 816 1879 884">
    <p class='ocr_par' dir='ltr' id='par_1_8' title="bbox 302 816 1879 884">
     <span class='ocr_line' id='line_1_8' title="bbox 302 816 1879 884; baseline -0.001 -14"><span class='ocrx_word' id='word_1_54' title='bbox 302 832 452 882; x_wconf 85' lang='lat' dir='ltr'><strong>mus,</strong></span> <span class='ocrx_word' id='word_1_55' title='bbox 508 824 565 869; x_wconf 90' lang='lat' dir='ltr'><strong>et</strong></span> <span class='ocrx_word' id='word_1_56' title='bbox 606 817 690 869; x_wconf 91' lang='lat' dir='ltr'><strong>cui</strong></span> <span class='ocrx_word' id='word_1_57' title='bbox 736 831 856 870; x_wconf 88' lang='lat' dir='ltr'><strong>eam</strong></span> <span class='ocrx_word' id='word_1_58' title='bbox 904 830 1071 884; x_wconf 88' lang='lat' dir='ltr'><strong>usque</strong></span> <span class='ocrx_word' id='word_1_59' title='bbox 1118 817 1171 870; x_wconf 90' lang='lat' dir='ltr'><strong>in</strong></span> <span class='ocrx_word' id='word_1_60' title='bbox 1202 816 1360 871; x_wconf 80' lang='lat' dir='ltr'><strong>tinem</strong></span> <span class='ocrx_word' id='word_1_61' title='bbox 1405 816 1728 882; x_wconf 83' lang='lat' dir='ltr'><strong>debemus&#39;;</strong></span> <span class='ocrx_word' id='word_1_62' title='bbox 1755 817 1879 884; x_wconf 87' lang='lat' dir='ltr'><strong>quia</strong></span> 
     </span>
    </p>
   </div>
   <div class='ocr_carea' id='block_1_9' title="bbox 300 902 1878 974">
    <p class='ocr_par' dir='ltr' id='par_1_9' title="bbox 300 902 1878 974">
     <span class='ocr_line' id='line_1_9' title="bbox 300 902 1878 974; baseline 0 -16"><span class='ocrx_word' id='word_1_63' title='bbox 300 905 465 974; x_wconf 82' lang='lat' dir='ltr'><strong>ipsius</strong></span> <span class='ocrx_word' id='word_1_64' title='bbox 489 904 754 959; x_wconf 80' lang='lat' dir='ltr'><strong>beneﬁcio</strong></span> <span class='ocrx_word' id='word_1_65' title='bbox 779 905 1045 958; x_wconf 84' lang='lat' dir='ltr'><strong>vivimus?</strong></span> <span class='ocrx_word' id='word_1_66' title='bbox 1082 902 1139 958; x_wconf 88' lang='lat' dir='ltr'><strong>Si</strong></span> <span class='ocrx_word' id='word_1_67' title='bbox 1171 912 1350 959; x_wconf 88' lang='lat' dir='ltr'><strong>tamen</strong></span> <span class='ocrx_word' id='word_1_68' title='bbox 1379 906 1430 958; x_wconf 91' lang='lat' dir='ltr'><strong>in</strong></span> <span class='ocrx_word' id='word_1_69' title='bbox 1460 905 1564 960; x_wconf 90' lang='lat' dir='ltr'><strong>hoc</strong></span> <span class='ocrx_word' id='word_1_70' title='bbox 1600 905 1783 959; x_wconf 84' lang='lat' dir='ltr'><strong>seculo</strong></span> <span class='ocrx_word' id='word_1_71' title='bbox 1805 905 1878 958; x_wconf 77' lang='lat' dir='ltr'><strong>illi</strong></span> 
     </span>
    </p>
   </div>
   <div class='ocr_carea' id='block_1_10' title="bbox 300 992 1875 1062">
    <p class='ocr_par' dir='ltr' id='par_1_10' title="bbox 300 992 1875 1062">
     <span class='ocr_line' id='line_1_10' title="bbox 300 992 1875 1062; baseline -0.002 -15"><span class='ocrx_word' id='word_1_72' title='bbox 300 995 708 1047; x_wconf 83' lang='lat' dir='ltr'><strong>militaverimus</strong></span> <span class='ocrx_word' id='word_1_73' title='bbox 734 1034 749 1059; x_wconf 94' lang='lat'><strong>,</strong></span> <span class='ocrx_word' id='word_1_74' title='bbox 797 1001 923 1046; x_wconf 87' lang='lat' dir='ltr'><strong>tunc</strong></span> <span class='ocrx_word' id='word_1_75' title='bbox 961 992 1028 1047; x_wconf 89' lang='lat' dir='ltr'><strong>ad</strong></span> <span class='ocrx_word' id='word_1_76' title='bbox 1076 994 1248 1062; x_wconf 90' lang='lat' dir='ltr'><strong>ipsum</strong></span> <span class='ocrx_word' id='word_1_77' title='bbox 1281 994 1509 1047; x_wconf 87' lang='lat' dir='ltr'><strong>transire</strong></span> <span class='ocrx_word' id='word_1_78' title='bbox 1534 992 1875 1047; x_wconf 78' lang='lat' dir='ltr'><strong>merebimur.</strong></span> 
     </span>
    </p>
   </div>
   <div class='ocr_carea' id='block_1_11' title="bbox 298 1080 1878 1150">
    <p class='ocr_par' dir='ltr' id='par_1_11' title="bbox 298 1080 1878 1150">
     <span class='ocr_line' id='line_1_11' title="bbox 298 1080 1878 1150; baseline -0.002 -13"><span class='ocrx_word' id='word_1_79' title='bbox 298 1084 453 1150; x_wconf 83' lang='lat' dir='ltr'><strong>Quod</strong></span> <span class='ocrx_word' id='word_1_80' title='bbox 475 1085 523 1138; x_wconf 91' lang='lat' dir='ltr'><strong>si</strong></span> <span class='ocrx_word' id='word_1_81' title='bbox 553 1084 724 1150; x_wconf 85' lang='lat' dir='ltr'><strong>magis</strong></span> <span class='ocrx_word' id='word_1_82' title='bbox 748 1082 1098 1137; x_wconf 80' lang='lat' dir='ltr'><strong>dilexerimus</strong></span> <span class='ocrx_word' id='word_1_83' title='bbox 1124 1083 1228 1137; x_wconf 93' lang='lat' dir='ltr'><strong>hoc</strong></span> <span class='ocrx_word' id='word_1_84' title='bbox 1253 1083 1517 1146; x_wconf 76' lang='lat' dir='ltr'><strong>secutum,</strong></span> <span class='ocrx_word' id='word_1_85' title='bbox 1544 1091 1601 1136; x_wconf 92' lang='lat' dir='ltr'><strong>et</strong></span> <span class='ocrx_word' id='word_1_86' title='bbox 1624 1080 1878 1135; x_wconf 81' lang='lat' dir='ltr'><strong>malueri-</strong></span> 
     </span>
    </p>
   </div>
   <div class='ocr_carea' id='block_1_12' title="bbox 298 1170 1878 1242">
    <p class='ocr_par' dir='ltr' id='par_1_12' title="bbox 298 1170 1878 1242">
     <span class='ocr_line' id='line_1_12' title="bbox 298 1170 1878 1242; baseline -0.002 -15"><span class='ocrx_word' id='word_1_87' title='bbox 298 1189 420 1230; x_wconf 92' lang='lat' dir='ltr'><strong>mus</strong></span> <span class='ocrx_word' id='word_1_88' title='bbox 446 1173 651 1227; x_wconf 65' lang='lat' dir='ltr'><strong>Caesari</strong></span> <span class='ocrx_word' id='word_1_89' title='bbox 698 1173 927 1226; x_wconf 74' lang='lat' dir='ltr'><strong>militare</strong></span> <span class='ocrx_word' id='word_1_90' title='bbox 972 1187 1133 1242; x_wconf 88' lang='lat' dir='ltr'><strong>quam</strong></span> <span class='ocrx_word' id='word_1_91' title='bbox 1165 1171 1413 1239; x_wconf 82' lang='lat' dir='ltr'><strong>Christo,</strong></span> <span class='ocrx_word' id='word_1_92' title='bbox 1462 1180 1646 1241; x_wconf 84' lang='lat' dir='ltr'><strong>postea</strong></span> <span class='ocrx_word' id='word_1_93' title='bbox 1675 1186 1781 1225; x_wconf 87' lang='lat' dir='ltr'><strong>non</strong></span> <span class='ocrx_word' id='word_1_94' title='bbox 1808 1170 1878 1224; x_wconf 85' lang='lat' dir='ltr'><strong>ad</strong></span> 
     </span>
    </p>
   </div>
   <div class='ocr_carea' id='block_1_13' title="bbox 299 1262 1878 1333">
    <p class='ocr_par' dir='ltr' id='par_1_13' title="bbox 299 1262 1878 1333">
     <span class='ocr_line' id='line_1_13' title="bbox 299 1262 1878 1333; baseline -0.002 -14"><span class='ocrx_word' id='word_1_95' title='bbox 299 1265 603 1328; x_wconf 76' lang='lat' dir='ltr'><strong>Christum,</strong></span> <span class='ocrx_word' id='word_1_96' title='bbox 630 1264 725 1318; x_wconf 89' lang='lat' dir='ltr'><strong>sed</strong></span> <span class='ocrx_word' id='word_1_97' title='bbox 755 1265 821 1317; x_wconf 89' lang='lat' dir='ltr'><strong>ad</strong></span> <span class='ocrx_word' id='word_1_98' title='bbox 844 1264 1143 1332; x_wconf 78' lang='lat' dir='ltr'><strong>gehennam</strong></span> <span class='ocrx_word' id='word_1_99' title='bbox 1176 1262 1583 1329; x_wconf 77' lang='lat' dir='ltr'><strong>transleremur,</strong></span> <span class='ocrx_word' id='word_1_100' title='bbox 1610 1263 1699 1317; x_wconf 87' lang='lat' dir='ltr'><strong>ubi</strong></span> <span class='ocrx_word' id='word_1_101' title='bbox 1728 1263 1878 1333; x_wconf 84' lang='lat' dir='ltr'><strong>prin-</strong></span> 
     </span>
    </p>
   </div>
   <div class='ocr_carea' id='block_1_14' title="bbox 300 1353 1366 1424">
    <p class='ocr_par' dir='ltr' id='par_1_14' title="bbox 300 1353 1366 1424">
     <span class='ocr_line' id='line_1_14' title="bbox 300 1353 1366 1424; baseline -0.004 -14"><span class='ocrx_word' id='word_1_102' title='bbox 300 1357 475 1424; x_wconf 87' lang='lat' dir='ltr'><strong>cipum</strong></span> <span class='ocrx_word' id='word_1_103' title='bbox 506 1353 668 1422; x_wconf 91' lang='lat' dir='ltr'><strong>hujus</strong></span> <span class='ocrx_word' id='word_1_104' title='bbox 694 1353 858 1407; x_wconf 89' lang='lat' dir='ltr'><strong>seculi</strong></span> <span class='ocrx_word' id='word_1_105' title='bbox 888 1354 908 1383; x_wconf 83' lang='grc'>⁶</span> <span class='ocrx_word' id='word_1_106' title='bbox 936 1353 1162 1407; x_wconf 89' lang='lat' dir='ltr'><strong>vertitur</strong></span> <span class='ocrx_word' id='word_1_107' title='bbox 1187 1368 1366 1406; x_wconf 83' lang='lat' dir='ltr'><strong>causa.</strong></span> 
     </span>
    </p>
   </div>
   <div class='ocr_carea' id='block_1_15' title="bbox 368 1441 1877 1511">
    <p class='ocr_par' dir='ltr' id='par_1_15' title="bbox 368 1441 1877 1511">
     <span class='ocr_line' id='line_1_15' title="bbox 368 1441 1877 1511; baseline -0.001 -15"><span class='ocrx_word' id='word_1_108' title='bbox 368 1444 423 1496; x_wconf 68' lang='grc' dir='ltr'><strong>Ξ.</strong></span> <span class='ocrx_word' id='word_1_109' title='bbox 461 1443 591 1496; x_wconf 90' lang='lat' dir='ltr'><strong>ldeo</strong></span> <span class='ocrx_word' id='word_1_110' title='bbox 620 1456 719 1497; x_wconf 87' lang='lat' dir='ltr'><strong>nec</strong></span> <span class='ocrx_word' id='word_1_111' title='bbox 747 1441 995 1497; x_wconf 75' lang='lat' dir='ltr'><strong>allectum</strong></span> <span class='ocrx_word' id='word_1_112' title='bbox 1024 1483 1038 1508; x_wconf 93' lang='lat'><strong>,</strong></span> <span class='ocrx_word' id='word_1_113' title='bbox 1068 1457 1171 1497; x_wconf 89' lang='lat' dir='ltr'><strong>nec</strong></span> <span class='ocrx_word' id='word_1_114' title='bbox 1197 1442 1424 1511; x_wconf 88' lang='lat' dir='ltr'><strong>patriam</strong></span> <span class='ocrx_word' id='word_1_115' title='bbox 1444 1478 1466 1505; x_wconf 62' lang='grc' dir='ltr'>τ</span> <span class='ocrx_word' id='word_1_116' title='bbox 1492 1456 1591 1495; x_wconf 89' lang='lat' dir='ltr'><strong>nec</strong></span> <span class='ocrx_word' id='word_1_117' title='bbox 1624 1443 1877 1508; x_wconf 79' lang='lat' dir='ltr'><strong>honores,</strong></span> 
     </span>
    </p>
   </div>
   <div class='ocr_carea' id='block_1_16' title="bbox 305 1532 1879 1601">
    <p class='ocr_par' dir='ltr' id='par_1_16' title="bbox 305 1532 1879 1601">
     <span class='ocr_line' id='line_1_16' title="bbox 305 1532 1879 1601; baseline -0.003 -12"><span class='ocrx_word' id='word_1_118' title='bbox 305 1551 397 1589; x_wconf 91' lang='lat' dir='ltr'><strong>nec</strong></span> <span class='ocrx_word' id='word_1_119' title='bbox 442 1535 662 1588; x_wconf 82' lang='lat' dir='ltr'><strong>divitias</strong></span> <span class='ocrx_word' id='word_1_120' title='bbox 710 1533 823 1587; x_wconf 88' lang='lat' dir='ltr'><strong>Deo</strong></span> <span class='ocrx_word' id='word_1_121' title='bbox 870 1532 1123 1601; x_wconf 65' lang='lat' dir='ltr'><strong>praeferre</strong></span> <span class='ocrx_word' id='word_1_122' title='bbox 1148 1532 1437 1598; x_wconf 83' lang='lat' dir='ltr'><strong>debemus,</strong></span> <span class='ocrx_word' id='word_1_123' title='bbox 1468 1533 1592 1601; x_wconf 86' lang='lat' dir='ltr'><strong>quia</strong></span> <span class='ocrx_word' id='word_1_124' title='bbox 1622 1533 1879 1601; x_wconf 89' lang='lat' dir='ltr'><strong>scriptum</strong></span> 
     </span>
    </p>
   </div>
   <div class='ocr_carea' id='block_1_17' title="bbox 304 1623 1884 1695">
    <p class='ocr_par' dir='ltr' id='par_1_17' title="bbox 304 1623 1884 1695">
     <span class='ocr_line' id='line_1_17' title="bbox 304 1623 1884 1695; baseline -0.002 -15"><span class='ocrx_word' id='word_1_125' title='bbox 304 1636 383 1681; x_wconf 80' lang='lat' dir='ltr'><strong>est</strong></span> <span class='ocrx_word' id='word_1_126' title='bbox 407 1644 421 1678; x_wconf 93' lang='lat'><strong>:</strong></span> <span class='ocrx_word' id='word_1_127' title='bbox 456 1627 706 1679; x_wconf 72' lang='lat' dir='ltr'><strong>Prwterit</strong></span> <span class='ocrx_word' id='word_1_128' title='bbox 726 1624 882 1692; x_wconf 85' lang='lat' dir='ltr'><strong>hujus</strong></span> <span class='ocrx_word' id='word_1_129' title='bbox 902 1624 1079 1678; x_wconf 83' lang='lat' dir='ltr'><strong>mundi</strong></span> <span class='ocrx_word' id='word_1_130' title='bbox 1100 1626 1271 1695; x_wconf 79' lang='lat' dir='ltr'><strong>ﬁgura</strong></span> <span class='ocrx_word' id='word_1_131' title='bbox 1286 1633 1333 1677; x_wconf 65' lang='grc' dir='ltr'><strong>ιε</strong></span> <span class='ocrx_word' id='word_1_132' title='bbox 1360 1623 1427 1676; x_wconf 85' lang='grc' dir='ltr'><strong>Ει</strong></span> <span class='ocrx_word' id='word_1_133' title='bbox 1453 1625 1543 1693; x_wconf 81' lang='lat' dir='ltr'><strong>qui</strong></span> <span class='ocrx_word' id='word_1_134' title='bbox 1572 1624 1714 1677; x_wconf 83' lang='lat' dir='ltr'><strong>hunc</strong></span> <span class='ocrx_word' id='word_1_135' title='bbox 1733 1639 1884 1677; x_wconf 85' lang='lat' dir='ltr'><strong>mun-</strong></span> 
     </span>
    </p>
   </div>
   <div class='ocr_carea' id='block_1_18' title="bbox 304 1713 1877 1783">
    <p class='ocr_par' dir='ltr' id='par_1_18' title="bbox 304 1713 1877 1783">
     <span class='ocr_line' id='line_1_18' title="bbox 304 1713 1877 1783; baseline -0.001 -14"><span class='ocrx_word' id='word_1_136' title='bbox 304 1715 426 1769; x_wconf 90' lang='lat' dir='ltr'><strong>dum</strong></span> <span class='ocrx_word' id='word_1_137' title='bbox 453 1714 766 1776; x_wconf 79' lang='lat' dir='ltr'><strong>dilexerint,</strong></span> <span class='ocrx_word' id='word_1_138' title='bbox 796 1729 919 1768; x_wconf 90' lang='lat' dir='ltr'><strong>cum</strong></span> <span class='ocrx_word' id='word_1_139' title='bbox 946 1714 1063 1783; x_wconf 86' lang='lat' dir='ltr'><strong>ipso</strong></span> <span class='ocrx_word' id='word_1_140' title='bbox 1092 1723 1147 1767; x_wconf 85' lang='lat' dir='ltr'><strong>et</strong></span> <span class='ocrx_word' id='word_1_141' title='bbox 1172 1714 1441 1783; x_wconf 82' lang='lat' dir='ltr'><strong>peribunt.</strong></span> <span class='ocrx_word' id='word_1_142' title='bbox 1474 1713 1598 1767; x_wconf 89' lang='lat' dir='ltr'><strong>Ideo</strong></span> <span class='ocrx_word' id='word_1_143' title='bbox 1628 1714 1741 1782; x_wconf 86' lang='lat' dir='ltr'><strong>ipse</strong></span> <span class='ocrx_word' id='word_1_144' title='bbox 1768 1714 1877 1768; x_wconf 84' lang='lat' dir='ltr'><strong>Do-</strong></span> 
     </span>
    </p>
   </div>
   <div class='ocr_carea' id='block_1_19' title="bbox 1984 543 3556 617">
    <p class='ocr_par' dir='ltr' id='par_1_19' title="bbox 1984 543 3556 617">
     <span class='ocr_line' id='line_1_19' title="bbox 1984 543 3556 617; baseline 0.007 -23"><span class='ocrx_word' id='word_1_145' title='bbox 1984 543 2160 595; x_wconf 83' lang='lat' dir='ltr'><strong>minus</strong></span> <span class='ocrx_word' id='word_1_146' title='bbox 2183 551 2285 598; x_wconf 85' lang='lat' dir='ltr'><strong>est.</strong></span> <span class='ocrx_word' id='word_1_147' title='bbox 2319 544 2561 599; x_wconf 80' lang='lat' dir='ltr'><strong>Christus</strong></span> <span class='ocrx_word' id='word_1_148' title='bbox 2590 548 2766 600; x_wconf 87' lang='lat' dir='ltr'><strong>autem</strong></span> <span class='ocrx_word' id='word_1_149' title='bbox 2797 547 2960 601; x_wconf 81' lang='lat' dir='ltr'><strong>totius</strong></span> <span class='ocrx_word' id='word_1_150' title='bbox 2991 546 3179 600; x_wconf 86' lang='lat' dir='ltr'><strong>mundi</strong></span> <span class='ocrx_word' id='word_1_151' title='bbox 3198 548 3276 617; x_wconf 79' lang='lat' dir='ltr'><strong>(tl)</strong></span> <span class='ocrx_word' id='word_1_152' title='bbox 3305 548 3556 605; x_wconf 65' lang='lat' dir='ltr'><strong>demimus</strong></span> 
     </span>
    </p>
   </div>
   <div class='ocr_carea' id='block_1_20' title="bbox 1981 630 3554 704">
    <p class='ocr_par' dir='ltr' id='par_1_20' title="bbox 1981 630 3554 704">
     <span class='ocr_line' id='line_1_20' title="bbox 1981 630 3554 704; baseline 0.006 -21"><span class='ocrx_word' id='word_1_153' title='bbox 1981 639 2039 683; x_wconf 91' lang='lat' dir='ltr'><strong>et</strong></span> <span class='ocrx_word' id='word_1_154' title='bbox 2070 630 2180 685; x_wconf 74' lang='lat' dir='ltr'><strong>Rex</strong></span> <span class='ocrx_word' id='word_1_155' title='bbox 2207 640 2290 685; x_wconf 86' lang='lat' dir='ltr'><strong>est</strong></span> <span class='ocrx_word' id='word_1_156' title='bbox 2313 648 2326 684; x_wconf 90' lang='lat'><strong>:</strong></span> <span class='ocrx_word' id='word_1_157' title='bbox 2361 632 2487 701; x_wconf 83' lang='lat' dir='ltr'><strong>quia</strong></span> <span class='ocrx_word' id='word_1_158' title='bbox 2521 635 2699 687; x_wconf 85' lang='lat' dir='ltr'><strong>omnia</strong></span> <span class='ocrx_word' id='word_1_159' title='bbox 2715 650 2807 704; x_wconf 85' lang='lat' dir='ltr'><strong>per</strong></span> <span class='ocrx_word' id='word_1_160' title='bbox 2831 635 3000 702; x_wconf 84' lang='lat' dir='ltr'><strong>ipsum</strong></span> <span class='ocrx_word' id='word_1_161' title='bbox 3028 636 3167 704; x_wconf 74' lang='lat' dir='ltr'><strong>facta</strong></span> <span class='ocrx_word' id='word_1_162' title='bbox 3193 644 3341 703; x_wconf 88' lang='lat' dir='ltr'><strong>sunt,</strong></span> <span class='ocrx_word' id='word_1_163' title='bbox 3367 646 3415 689; x_wconf 84' lang='lat' dir='ltr'><strong>et</strong></span> <span class='ocrx_word' id='word_1_164' title='bbox 3443 638 3554 692; x_wconf 81' lang='lat' dir='ltr'><strong>sine</strong></span> 
     </span>
    </p>
   </div>
   <div class='ocr_carea' id='block_1_21' title="bbox 1978 720 3554 795">
    <p class='ocr_par' dir='ltr' id='par_1_21' title="bbox 1978 720 3554 795">
     <span class='ocr_line' id='line_1_21' title="bbox 1978 720 3554 795; baseline 0.007 -24"><span class='ocrx_word' id='word_1_165' title='bbox 1978 720 2090 787; x_wconf 80' lang='lat' dir='ltr'><strong>ipso</strong></span> <span class='ocrx_word' id='word_1_166' title='bbox 2119 722 2314 790; x_wconf 81' lang='lat' dir='ltr'><strong>factum</strong></span> <span class='ocrx_word' id='word_1_167' title='bbox 2339 731 2415 775; x_wconf 76' lang='lat' dir='ltr'><strong>est</strong></span> <span class='ocrx_word' id='word_1_168' title='bbox 2442 724 2572 776; x_wconf 84' lang='lat' dir='ltr'><strong>nihil</strong></span> <span class='ocrx_word' id='word_1_169' title='bbox 2595 723 2647 788; x_wconf 67' lang='lat' dir='ltr'><strong>ll;</strong></span> <span class='ocrx_word' id='word_1_170' title='bbox 2679 732 2734 777; x_wconf 89' lang='lat' dir='ltr'><strong>et</strong></span> <span class='ocrx_word' id='word_1_171' title='bbox 2763 725 2876 793; x_wconf 89' lang='lat' dir='ltr'><strong>ipse</strong></span> <span class='ocrx_word' id='word_1_172' title='bbox 2906 735 2983 777; x_wconf 87' lang='lat' dir='ltr'><strong>est</strong></span> <span class='ocrx_word' id='word_1_173' title='bbox 3010 724 3118 777; x_wconf 77' lang='lat' dir='ltr'><strong>Rea:</strong></span> <span class='ocrx_word' id='word_1_174' title='bbox 3150 740 3323 795; x_wconf 86' lang='lat' dir='ltr'><strong>regum</strong></span> <span class='ocrx_word' id='word_1_175' title='bbox 3340 766 3355 789; x_wconf 95' lang='lat'><strong>,</strong></span> <span class='ocrx_word' id='word_1_176' title='bbox 3386 735 3435 780; x_wconf 83' lang='lat' dir='ltr'><strong>et</strong></span> <span class='ocrx_word' id='word_1_177' title='bbox 3454 727 3554 782; x_wconf 83' lang='lat' dir='ltr'><strong>Do-</strong></span> 
     </span>
    </p>
   </div>
   <div class='ocr_carea' id='block_1_22' title="bbox 1980 809 3556 881">
    <p class='ocr_par' dir='ltr' id='par_1_22' title="bbox 1980 809 3556 881">
     <span class='ocr_line' id='line_1_22' title="bbox 1980 809 3556 881; baseline 0.006 -21"><span class='ocrx_word' id='word_1_178' title='bbox 1980 809 2150 862; x_wconf 91' lang='lat' dir='ltr'><strong>minus</strong></span> <span class='ocrx_word' id='word_1_179' title='bbox 2178 810 2591 876; x_wconf 76' lang='lat' dir='ltr'><strong>dominantium;</strong></span> <span class='ocrx_word' id='word_1_180' title='bbox 2621 820 2677 866; x_wconf 90' lang='lat' dir='ltr'><strong>et</strong></span> <span class='ocrx_word' id='word_1_181' title='bbox 2714 815 2766 866; x_wconf 90' lang='lat' dir='ltr'><strong>in</strong></span> <span class='ocrx_word' id='word_1_182' title='bbox 2798 814 2951 866; x_wconf 83' lang='lat' dir='ltr'><strong>terris</strong></span> <span class='ocrx_word' id='word_1_183' title='bbox 2988 812 3029 878; x_wconf 79' lang='grc' dir='ltr'><strong>ί,</strong></span> <span class='ocrx_word' id='word_1_184' title='bbox 3049 822 3101 866; x_wconf 88' lang='lat' dir='ltr'><strong>et</strong></span> <span class='ocrx_word' id='word_1_185' title='bbox 3136 815 3191 867; x_wconf 89' lang='lat' dir='ltr'><strong>in</strong></span> <span class='ocrx_word' id='word_1_186' title='bbox 3232 816 3392 881; x_wconf 81' lang='lat' dir='ltr'><strong>mari,</strong></span> <span class='ocrx_word' id='word_1_187' title='bbox 3421 823 3468 870; x_wconf 88' lang='lat' dir='ltr'><strong>et</strong></span> <span class='ocrx_word' id='word_1_188' title='bbox 3498 816 3556 870; x_wconf 79' lang='lat' dir='ltr'><strong>in</strong></span> 
     </span>
    </p>
   </div>
   <div class='ocr_carea' id='block_1_23' title="bbox 1980 897 2860 974">
    <p class='ocr_par' dir='ltr' id='par_1_23' title="bbox 1980 897 2860 974">
     <span class='ocr_line' id='line_1_23' title="bbox 1980 897 2860 974; baseline 0.009 -25"><span class='ocrx_word' id='word_1_189' title='bbox 1980 897 2181 969; x_wconf 83' lang='lat' dir='ltr'><strong>abyssis</strong></span> <span class='ocrx_word' id='word_1_190' title='bbox 2201 903 2374 954; x_wconf 85' lang='lat' dir='ltr'><strong>omnia</strong></span> <span class='ocrx_word' id='word_1_191' title='bbox 2399 918 2512 971; x_wconf 75' lang='lat' dir='ltr'><strong>qua:</strong></span> <span class='ocrx_word' id='word_1_192' title='bbox 2533 903 2638 957; x_wconf 84' lang='lat' dir='ltr'><strong>vult</strong></span> <span class='ocrx_word' id='word_1_193' title='bbox 2663 906 2790 974; x_wconf 80' lang='lat' dir='ltr'><strong>facit</strong></span> <span class='ocrx_word' id='word_1_194' title='bbox 2818 904 2860 957; x_wconf 85' lang='lat' dir='ltr'><strong>i.</strong></span> 
     </span>
    </p>
   </div>
   <div class='ocr_carea' id='block_1_24' title="bbox 2050 989 3555 1063">
    <p class='ocr_par' dir='ltr' id='par_1_24' title="bbox 2050 989 3555 1063">
     <span class='ocr_line' id='line_1_24' title="bbox 2050 989 3555 1063; baseline 0.005 -22"><span class='ocrx_word' id='word_1_195' title='bbox 2050 990 2103 1041; x_wconf 77' lang='grc'><strong>4.</strong></span> <span class='ocrx_word' id='word_1_196' title='bbox 2144 989 2296 1045; x_wconf 80' lang='lat' dir='ltr'><strong>liunc</strong></span> <span class='ocrx_word' id='word_1_197' title='bbox 2322 990 2485 1058; x_wconf 82' lang='lat' dir='ltr'><strong>igitur</strong></span> <span class='ocrx_word' id='word_1_198' title='bbox 2508 1005 2818 1059; x_wconf 79' lang='lat' dir='ltr'><strong>sequamur,</strong></span> <span class='ocrx_word' id='word_1_199' title='bbox 2858 992 2983 1048; x_wconf 83' lang='lat' dir='ltr'><strong>huic</strong></span> <span class='ocrx_word' id='word_1_200' title='bbox 3021 994 3343 1059; x_wconf 86' lang='lat' dir='ltr'><strong>militemus;</strong></span> <span class='ocrx_word' id='word_1_201' title='bbox 3366 993 3437 1063; x_wconf 85' lang='lat' dir='ltr'><strong>(e)</strong></span> <span class='ocrx_word' id='word_1_202' title='bbox 3465 997 3555 1050; x_wconf 85' lang='lat' dir='ltr'><strong>cui</strong></span> 
     </span>
    </p>
   </div>
   <div class='ocr_carea' id='block_1_25' title="bbox 1977 1080 3556 1153">
    <p class='ocr_par' dir='ltr' id='par_1_25' title="bbox 1977 1080 3556 1153">
     <span class='ocr_line' id='line_1_25' title="bbox 1977 1080 3556 1153; baseline 0.004 -18"><span class='ocrx_word' id='word_1_203' title='bbox 1977 1080 2185 1136; x_wconf 87' lang='lat' dir='ltr'><strong>cinctus</strong></span> <span class='ocrx_word' id='word_1_204' title='bbox 2203 1096 2489 1150; x_wconf 83' lang='lat' dir='ltr'><strong>numquam</strong></span> <span class='ocrx_word' id='word_1_205' title='bbox 2518 1083 2832 1150; x_wconf 76' lang='lat' dir='ltr'><strong>discingitur</strong></span> <span class='ocrx_word' id='word_1_206' title='bbox 2858 1082 3051 1139; x_wconf 82' lang='lat' dir='ltr'><strong>miles:</strong></span> <span class='ocrx_word' id='word_1_207' title='bbox 3080 1086 3173 1153; x_wconf 82' lang='lat' dir='ltr'><strong>qui</strong></span> <span class='ocrx_word' id='word_1_208' title='bbox 3200 1086 3556 1141; x_wconf 80' lang='lat' dir='ltr'><strong>militantibus</strong></span> 
     </span>
    </p>
   </div>
   <div class='ocr_carea' id='block_1_26' title="bbox 1978 1171 3551 1244">
    <p class='ocr_par' dir='ltr' id='par_1_26' title="bbox 1978 1171 3551 1244">
     <span class='ocr_line' id='line_1_26' title="bbox 1978 1171 3551 1244; baseline 0.004 -20"><span class='ocrx_word' id='word_1_209' title='bbox 1978 1171 2081 1225; x_wconf 90' lang='lat' dir='ltr'><strong>sibi</strong></span> <span class='ocrx_word' id='word_1_210' title='bbox 2110 1172 2334 1239; x_wconf 82' lang='lat' dir='ltr'><strong>gloriam</strong></span> <span class='ocrx_word' id='word_1_211' title='bbox 2379 1173 2503 1227; x_wconf 69' lang='lat' dir='ltr'><strong>vita:</strong></span> <span class='ocrx_word' id='word_1_212' title='bbox 2531 1182 2772 1241; x_wconf 65' lang='lat' dir='ltr'><strong>aeternae,</strong></span> <span class='ocrx_word' id='word_1_213' title='bbox 2814 1175 3073 1229; x_wconf 89' lang='lat' dir='ltr'><strong>honorem</strong></span> <span class='ocrx_word' id='word_1_214' title='bbox 3104 1176 3254 1244; x_wconf 83' lang='lat' dir='ltr'><strong>regni</strong></span> <span class='ocrx_word' id='word_1_215' title='bbox 3293 1177 3551 1241; x_wconf 63' lang='lat' dir='ltr'><strong>calcatis,</strong></span> 
     </span>
    </p>
   </div>
   <div class='ocr_carea' id='block_1_27' title="bbox 1978 1262 3551 1340">
    <p class='ocr_par' dir='ltr' id='par_1_27' title="bbox 1978 1262 3551 1340">
     <span class='ocr_line' id='line_1_27' title="bbox 1978 1262 3551 1340; baseline 0.004 -25"><span class='ocrx_word' id='word_1_216' title='bbox 1978 1270 2035 1315; x_wconf 91' lang='lat' dir='ltr'><strong>et</strong></span> <span class='ocrx_word' id='word_1_217' title='bbox 2083 1262 2299 1316; x_wconf 79' lang='lat' dir='ltr'><strong>divitias</strong></span> <span class='ocrx_word' id='word_1_218' title='bbox 2334 1262 2649 1318; x_wconf 77' lang='lat' dir='ltr'><strong>hereditatis</strong></span> <span class='ocrx_word' id='word_1_219' title='bbox 2695 1272 2949 1340; x_wconf 33' lang='lat' dir='ltr'><strong>sumne:</strong></span> <span class='ocrx_word' id='word_1_220' title='bbox 2989 1264 3183 1318; x_wconf 80' lang='lat' dir='ltr'><strong>divinae</strong></span> <span class='ocrx_word' id='word_1_221' title='bbox 3229 1266 3551 1334; x_wconf 75' lang='lat' dir='ltr'><strong>cognitionis</strong></span> 
     </span>
    </p>
   </div>
   <div class='ocr_carea' id='block_1_28' title="bbox 1978 1349 3547 1423">
    <p class='ocr_par' dir='ltr' id='par_1_28' title="bbox 1978 1349 3547 1423">
     <span class='ocr_line' id='line_1_28' title="bbox 1978 1349 3547 1423; baseline 0.002 -18"><span class='ocrx_word' id='word_1_222' title='bbox 1978 1352 2307 1406; x_wconf 72' lang='lat' dir='ltr'><strong>consortium</strong></span> <span class='ocrx_word' id='word_1_223' title='bbox 2332 1366 2572 1422; x_wconf 87' lang='lat' dir='ltr'><strong>perenne</strong></span> <span class='ocrx_word' id='word_1_224' title='bbox 2611 1353 2863 1421; x_wconf 74' lang='lat' dir='ltr'><strong>largitur.r</strong></span> <span class='ocrx_word' id='word_1_225' title='bbox 2893 1349 3162 1423; x_wconf 82' lang='lat' dir='ltr'><strong>Scriptum</strong></span> <span class='ocrx_word' id='word_1_226' title='bbox 3206 1364 3293 1410; x_wconf 90' lang='lat' dir='ltr'><strong>est</strong></span> <span class='ocrx_word' id='word_1_227' title='bbox 3327 1364 3547 1411; x_wconf 82' lang='lat' dir='ltr'><strong>autem:</strong></span> 
     </span>
    </p>
   </div>
   <div class='ocr_carea' id='block_1_29' title="bbox 1981 1436 3549 1514">
    <p class='ocr_par' dir='ltr' id='par_1_29' title="bbox 1981 1436 3549 1514">
     <span class='ocr_line' id='line_1_29' title="bbox 1981 1436 3549 1514; baseline 0.004 -22"><span class='ocrx_word' id='word_1_228' title='bbox 1981 1436 2085 1501; x_wconf 82' lang='lat' dir='ltr'><strong>Qui</strong></span> <span class='ocrx_word' id='word_1_229' title='bbox 2101 1441 2371 1509; x_wconf 77' lang='lat' dir='ltr'><strong>pecuniam</strong></span> <span class='ocrx_word' id='word_1_230' title='bbox 2404 1442 2615 1511; x_wconf 81' lang='lat' dir='ltr'><strong>diligit,</strong></span> <span class='ocrx_word' id='word_1_231' title='bbox 2644 1457 2749 1496; x_wconf 88' lang='lat' dir='ltr'><strong>non</strong></span> <span class='ocrx_word' id='word_1_232' title='bbox 2768 1442 3177 1511; x_wconf 79' lang='lat' dir='ltr'><strong>justi/icabitur:</strong></span> <span class='ocrx_word' id='word_1_233' title='bbox 3204 1454 3255 1497; x_wconf 90' lang='lat' dir='ltr'><strong>et</strong></span> <span class='ocrx_word' id='word_1_234' title='bbox 3280 1446 3369 1514; x_wconf 89' lang='lat' dir='ltr'><strong>qui</strong></span> <span class='ocrx_word' id='word_1_235' title='bbox 3392 1455 3549 1498; x_wconf 81' lang='lat' dir='ltr'><strong>terre-</strong></span> 
     </span>
    </p>
   </div>
   <div class='ocr_carea' id='block_1_30' title="bbox 1979 1531 3549 1603">
    <p class='ocr_par' dir='ltr' id='par_1_30' title="bbox 1979 1531 3549 1603">
     <span class='ocr_line' id='line_1_30' title="bbox 1979 1531 3549 1603; baseline 0.005 -22"><span class='ocrx_word' id='word_1_236' title='bbox 1979 1544 2075 1581; x_wconf 82' lang='lat' dir='ltr'><strong>nas</strong></span> <span class='ocrx_word' id='word_1_237' title='bbox 2102 1531 2457 1597; x_wconf 83' lang='lat' dir='ltr'><strong>possessiones</strong></span> <span class='ocrx_word' id='word_1_238' title='bbox 2492 1532 2849 1601; x_wconf 73' lang='lat' dir='ltr'><strong>concupiscit,</strong></span> <span class='ocrx_word' id='word_1_239' title='bbox 2876 1534 2931 1586; x_wconf 88' lang='lat' dir='ltr'><strong>in</strong></span> <span class='ocrx_word' id='word_1_240' title='bbox 2958 1533 3062 1586; x_wconf 86' lang='lat' dir='ltr'><strong>illis</strong></span> <span class='ocrx_word' id='word_1_241' title='bbox 3080 1572 3095 1597; x_wconf 94' lang='lat'><strong>,</strong></span> <span class='ocrx_word' id='word_1_242' title='bbox 3126 1533 3265 1588; x_wconf 85' lang='lat' dir='ltr'><strong>sicut</strong></span> <span class='ocrx_word' id='word_1_243' title='bbox 3291 1536 3549 1603; x_wconf 76' lang='lat' dir='ltr'><strong>scriptum</strong></span> 
     </span>
    </p>
   </div>
   <div class='ocr_carea' id='block_1_31' title="bbox 1979 1620 3551 1695">
    <p class='ocr_par' dir='ltr' id='par_1_31' title="bbox 1979 1620 3551 1695">
     <span class='ocr_line' id='line_1_31' title="bbox 1979 1620 3551 1695; baseline 0 -18"><span class='ocrx_word' id='word_1_244' title='bbox 1979 1627 2081 1682; x_wconf 82' lang='lat' dir='ltr'><strong>est,</strong></span> <span class='ocrx_word' id='word_1_245' title='bbox 2111 1620 2179 1690; x_wconf 77' lang='lat' dir='ltr'><strong>(f)</strong></span> <span class='ocrx_word' id='word_1_246' title='bbox 2207 1621 2572 1690; x_wconf 77' lang='lat' dir='ltr'><strong>implanabitur</strong></span> <span class='ocrx_word' id='word_1_247' title='bbox 2601 1621 2649 1674; x_wconf 65' lang='grc' dir='ltr'><strong>ι.</strong></span> <span class='ocrx_word' id='word_1_248' title='bbox 2690 1622 2823 1676; x_wconf 84' lang='lat' dir='ltr'><strong>Nam</strong></span> <span class='ocrx_word' id='word_1_249' title='bbox 2844 1624 2905 1677; x_wconf 81' lang='lat' dir='ltr'><strong>in</strong></span> <span class='ocrx_word' id='word_1_250' title='bbox 2926 1622 3299 1679; x_wconf 79' lang='lat' dir='ltr'><strong>Ecclesiastico</strong></span> <span class='ocrx_word' id='word_1_251' title='bbox 3323 1639 3420 1695; x_wconf 87' lang='lat' dir='ltr'><strong>per</strong></span> <span class='ocrx_word' id='word_1_252' title='bbox 3448 1627 3551 1681; x_wconf 71' lang='lat' dir='ltr'><strong>Ss-</strong></span> 
     </span>
    </p>
   </div>
   <div class='ocr_carea' id='block_1_32' title="bbox 1980 1709 3551 1787">
    <p class='ocr_par' dir='ltr' id='par_1_32' title="bbox 1980 1709 3551 1787">
     <span class='ocr_line' id='line_1_32' title="bbox 1980 1709 3551 1787; baseline 0.008 -25"><span class='ocrx_word' id='word_1_253' title='bbox 1980 1709 2250 1764; x_wconf 84' lang='lat' dir='ltr'><strong>iomonem</strong></span> <span class='ocrx_word' id='word_1_254' title='bbox 2297 1712 2533 1779; x_wconf 86' lang='lat' dir='ltr'><strong>loquitur</strong></span> <span class='ocrx_word' id='word_1_255' title='bbox 2568 1712 2744 1766; x_wconf 86' lang='lat' dir='ltr'><strong>divina</strong></span> <span class='ocrx_word' id='word_1_256' title='bbox 2785 1712 3056 1781; x_wconf 76' lang='lat' dir='ltr'><strong>Sapientia</strong></span> <span class='ocrx_word' id='word_1_257' title='bbox 3084 1732 3097 1766; x_wconf 94' lang='lat'><strong>:</strong></span> <span class='ocrx_word' id='word_1_258' title='bbox 3132 1713 3265 1779; x_wconf 85' lang='lat' dir='ltr'><strong>Quia</strong></span> <span class='ocrx_word' id='word_1_259' title='bbox 3293 1716 3438 1769; x_wconf 71' lang='lat' dir='ltr'><strong>multi</strong></span> <span class='ocrx_word' id='word_1_260' title='bbox 3468 1718 3551 1787; x_wconf 65' lang='lat' dir='ltr'><strong>(gi</strong></span> 
     </span>
    </p>
   </div>
   <div class='ocr_carea' id='block_1_33' title="bbox 305 1789 3549 1873">
    <p class='ocr_par' dir='ltr' id='par_1_33' title="bbox 305 1789 3549 1873">
     <span class='ocr_line' id='line_1_33' title="bbox 305 1789 3549 1873; baseline 0.001 -17"><span class='ocrx_word' id='word_1_261' title='bbox 305 1805 473 1857; x_wconf 74' lang='lat' dir='ltr'><strong>mium</strong></span> <span class='ocrx_word' id='word_1_262' title='bbox 502 1804 559 1856; x_wconf 88' lang='lat' dir='ltr'><strong>in</strong></span> <span class='ocrx_word' id='word_1_263' title='bbox 581 1801 873 1871; x_wconf 78' lang='lat' dir='ltr'><strong>Evangelia</strong></span> <span class='ocrx_word' id='word_1_264' title='bbox 901 1809 1238 1857; x_wconf 83' lang='lat' dir='ltr'><strong>contestatur</strong></span> <span class='ocrx_word' id='word_1_265' title='bbox 1258 1804 1300 1867; x_wconf 86' lang='lat'><strong>&quot;,</strong></span> <span class='ocrx_word' id='word_1_266' title='bbox 1332 1811 1387 1857; x_wconf 90' lang='lat' dir='ltr'><strong>et</strong></span> <span class='ocrx_word' id='word_1_267' title='bbox 1408 1803 1571 1856; x_wconf 84' lang='lat' dir='ltr'><strong>dicit:</strong></span> <span class='ocrx_word' id='word_1_268' title='bbox 1605 1800 1705 1865; x_wconf 84' lang='lat' dir='ltr'><strong>Qui</strong></span> <span class='ocrx_word' id='word_1_269' title='bbox 1732 1810 1873 1855; x_wconf 79' lang='lat' dir='ltr'><strong>amat</strong></span> <span class='ocrx_word' id='word_1_270' title='bbox 1907 1789 1947 1847; x_wconf 78' lang='grc' dir='ltr'><strong>Β</strong></span> <span class='ocrx_word' id='word_1_271' title='bbox 1976 1796 2253 1867; x_wconf 83' lang='lat' dir='ltr'><strong>periclitati</strong></span> <span class='ocrx_word' id='word_1_272' title='bbox 2280 1808 2402 1853; x_wconf 87' lang='lat' dir='ltr'><strong>sunt</strong></span> <span class='ocrx_word' id='word_1_273' title='bbox 2427 1802 2543 1853; x_wconf 87' lang='lat' dir='ltr'><strong>auri</strong></span> <span class='ocrx_word' id='word_1_274' title='bbox 2581 1816 2766 1868; x_wconf 85' lang='lat' dir='ltr'><strong>causa,</strong></span> <span class='ocrx_word' id='word_1_275' title='bbox 2795 1810 2846 1855; x_wconf 84' lang='lat' dir='ltr'><strong>et</strong></span> <span class='ocrx_word' id='word_1_276' title='bbox 2882 1802 3023 1873; x_wconf 75' lang='lat' dir='ltr'><strong>facta</strong></span> <span class='ocrx_word' id='word_1_277' title='bbox 3060 1814 3136 1856; x_wconf 87' lang='lat' dir='ltr'><strong>est</strong></span> <span class='ocrx_word' id='word_1_278' title='bbox 3164 1805 3218 1856; x_wconf 87' lang='lat' dir='ltr'><strong>in</strong></span> <span class='ocrx_word' id='word_1_279' title='bbox 3246 1806 3383 1873; x_wconf 81' lang='lat' dir='ltr'><strong>facie</strong></span> <span class='ocrx_word' id='word_1_280' title='bbox 3408 1807 3549 1859; x_wconf 80' lang='lat' dir='ltr'><strong>illius</strong></span> 
     </span>
    </p>
   </div>
   <div class='ocr_carea' id='block_1_34' title="bbox 306 1892 1871 1963">
    <p class='ocr_par' dir='ltr' id='par_1_34' title="bbox 306 1892 1871 1963">
     <span class='ocr_line' id='line_1_34' title="bbox 306 1892 1871 1963; baseline -0.001 -17"><span class='ocrx_word' id='word_1_281' title='bbox 306 1904 496 1963; x_wconf 84' lang='lat' dir='ltr'><strong>patrem</strong></span> <span class='ocrx_word' id='word_1_282' title='bbox 524 1901 617 1945; x_wconf 83' lang='lat' dir='ltr'><strong>aut</strong></span> <span class='ocrx_word' id='word_1_283' title='bbox 640 1902 854 1945; x_wconf 85' lang='lat' dir='ltr'><strong>matrem</strong></span> <span class='ocrx_word' id='word_1_284' title='bbox 876 1894 990 1962; x_wconf 86' lang='lat' dir='ltr'><strong>plus</strong></span> <span class='ocrx_word' id='word_1_285' title='bbox 1016 1907 1169 1963; x_wconf 76' lang='lat' dir='ltr'><strong>quam</strong></span> <span class='ocrx_word' id='word_1_286' title='bbox 1188 1908 1270 1945; x_wconf 87' lang='lat' dir='ltr'><strong>me</strong></span> <span class='ocrx_word' id='word_1_287' title='bbox 1289 1930 1305 1957; x_wconf 94' lang='lat'><strong>,</strong></span> <span class='ocrx_word' id='word_1_288' title='bbox 1336 1907 1437 1945; x_wconf 85' lang='lat' dir='ltr'><strong>non</strong></span> <span class='ocrx_word' id='word_1_289' title='bbox 1462 1902 1538 1945; x_wconf 88' lang='lat' dir='ltr'><strong>est</strong></span> <span class='ocrx_word' id='word_1_290' title='bbox 1563 1909 1645 1945; x_wconf 87' lang='lat' dir='ltr'><strong>me</strong></span> <span class='ocrx_word' id='word_1_291' title='bbox 1667 1892 1871 1961; x_wconf 81' lang='lat' dir='ltr'><strong>dignus.</strong></span> 
     </span>
    </p>
   </div>
   <div class='ocr_carea' id='block_1_35' title="bbox 306 1981 1875 2053">
    <p class='ocr_par' dir='ltr' id='par_1_35' title="bbox 306 1981 1875 2053">
     <span class='ocr_line' id='line_1_35' title="bbox 306 1981 1875 2053; baseline -0.002 -18"><span class='ocrx_word' id='word_1_292' title='bbox 306 1982 370 2035; x_wconf 81' lang='lat' dir='ltr'><strong>Et</strong></span> <span class='ocrx_word' id='word_1_293' title='bbox 387 1985 472 2053; x_wconf 83' lang='lat' dir='ltr'><strong>qui</strong></span> <span class='ocrx_word' id='word_1_294' title='bbox 496 1998 602 2037; x_wconf 87' lang='lat' dir='ltr'><strong>non</strong></span> <span class='ocrx_word' id='word_1_295' title='bbox 637 1981 827 2052; x_wconf 86' lang='lat' dir='ltr'><strong>accipit</strong></span> <span class='ocrx_word' id='word_1_296' title='bbox 863 1996 1059 2035; x_wconf 87' lang='lat' dir='ltr'><strong>crucem</strong></span> <span class='ocrx_word' id='word_1_297' title='bbox 1090 1997 1263 2042; x_wconf 86' lang='lat' dir='ltr'><strong>suam,</strong></span> <span class='ocrx_word' id='word_1_298' title='bbox 1295 1989 1345 2034; x_wconf 86' lang='lat' dir='ltr'><strong>et</strong></span> <span class='ocrx_word' id='word_1_299' title='bbox 1374 1983 1600 2052; x_wconf 89' lang='lat' dir='ltr'><strong>sequitur</strong></span> <span class='ocrx_word' id='word_1_300' title='bbox 1627 1996 1740 2043; x_wconf 78' lang='lat' dir='ltr'><strong>me,</strong></span> <span class='ocrx_word' id='word_1_301' title='bbox 1771 1995 1875 2033; x_wconf 76' lang='lat' dir='ltr'><strong>non</strong></span> 
     </span>
    </p>
   </div>
   <div class='ocr_carea' id='block_1_36' title="bbox 304 2069 1877 2141">
    <p class='ocr_par' dir='ltr' id='par_1_36' title="bbox 304 2069 1877 2141">
     <span class='ocr_line' id='line_1_36' title="bbox 304 2069 1877 2141; baseline -0.001 -16"><span class='ocrx_word' id='word_1_302' title='bbox 304 2080 461 2139; x_wconf 81' lang='lat' dir='ltr'><strong>potest</strong></span> <span class='ocrx_word' id='word_1_303' title='bbox 490 2086 635 2124; x_wconf 79' lang='lat' dir='ltr'><strong>meus</strong></span> <span class='ocrx_word' id='word_1_304' title='bbox 660 2086 772 2124; x_wconf 82' lang='lat' dir='ltr'><strong>esse</strong></span> <span class='ocrx_word' id='word_1_305' title='bbox 800 2070 1077 2141; x_wconf 84' lang='lat' dir='ltr'><strong>discipulus</strong></span> <span class='ocrx_word' id='word_1_306' title='bbox 1108 2070 1155 2124; x_wconf 70' lang='grc' dir='ltr'><strong>ιι.</strong></span> <span class='ocrx_word' id='word_1_307' title='bbox 1187 2069 1263 2124; x_wconf 89' lang='lat' dir='ltr'><strong>De</strong></span> <span class='ocrx_word' id='word_1_308' title='bbox 1290 2070 1497 2125; x_wconf 76' lang='lat' dir='ltr'><strong>divitiis.</strong></span> <span class='ocrx_word' id='word_1_309' title='bbox 1514 2078 1697 2124; x_wconf 87' lang='lat' dir='ltr'><strong>autem</strong></span> <span class='ocrx_word' id='word_1_310' title='bbox 1722 2070 1877 2137; x_wconf 80' lang='lat' dir='ltr'><strong>hujus</strong></span> 
     </span>
    </p>
   </div>
   <div class='ocr_carea' id='block_1_37' title="bbox 304 2158 1876 2228">
    <p class='ocr_par' dir='ltr' id='par_1_37' title="bbox 304 2158 1876 2228">
     <span class='ocr_line' id='line_1_37' title="bbox 304 2158 1876 2228; baseline -0.002 -14"><span class='ocrx_word' id='word_1_311' title='bbox 304 2160 499 2223; x_wconf 86' lang='lat' dir='ltr'><strong>seculi,</strong></span> <span class='ocrx_word' id='word_1_312' title='bbox 544 2173 681 2227; x_wconf 86' lang='lat' dir='ltr'><strong>quas</strong></span> <span class='ocrx_word' id='word_1_313' title='bbox 722 2158 939 2226; x_wconf 85' lang='lat' dir='ltr'><strong>quidam</strong></span> <span class='ocrx_word' id='word_1_314' title='bbox 969 2173 1068 2228; x_wconf 89' lang='lat' dir='ltr'><strong>pro</strong></span> <span class='ocrx_word' id='word_1_315' title='bbox 1095 2173 1304 2213; x_wconf 87' lang='lat' dir='ltr'><strong>summo</strong></span> <span class='ocrx_word' id='word_1_316' title='bbox 1328 2159 1470 2213; x_wconf 88' lang='lat' dir='ltr'><strong>bono</strong></span> <span class='ocrx_word' id='word_1_317' title='bbox 1493 2167 1549 2212; x_wconf 90' lang='lat' dir='ltr'><strong>et</strong></span> <span class='ocrx_word' id='word_1_318' title='bbox 1576 2158 1876 2212; x_wconf 85' lang='lat' dir='ltr'><strong>necessario</strong></span> 
     </span>
    </p>
   </div>
   <div class='ocr_carea' id='block_1_38' title="bbox 303 2245 1879 2319">
    <p class='ocr_par' dir='ltr' id='par_1_38' title="bbox 303 2245 1879 2319">
     <span class='ocr_line' id='line_1_38' title="bbox 303 2245 1879 2319; baseline -0.001 -17"><span class='ocrx_word' id='word_1_319' title='bbox 303 2250 701 2319; x_wconf 84' lang='lat' dir='ltr'><strong>amplectuntur</strong></span> <span class='ocrx_word' id='word_1_320' title='bbox 733 2256 789 2302; x_wconf 89' lang='lat' dir='ltr'><strong>et</strong></span> <span class='ocrx_word' id='word_1_321' title='bbox 814 2248 1041 2315; x_wconf 83' lang='lat' dir='ltr'><strong>diligunt</strong></span> <span class='ocrx_word' id='word_1_322' title='bbox 1062 2287 1077 2313; x_wconf 93' lang='lat'><strong>,</strong></span> <span class='ocrx_word' id='word_1_323' title='bbox 1128 2249 1199 2302; x_wconf 88' lang='lat' dir='ltr'><strong>ita</strong></span> <span class='ocrx_word' id='word_1_324' title='bbox 1229 2248 1397 2303; x_wconf 87' lang='lat' dir='ltr'><strong>dicit:</strong></span> <span class='ocrx_word' id='word_1_325' title='bbox 1430 2246 1507 2316; x_wconf 93' lang='lat' dir='ltr'><strong>(a)</strong></span> <span class='ocrx_word' id='word_1_326' title='bbox 1538 2245 1662 2300; x_wconf 87' lang='lat' dir='ltr'><strong>Non</strong></span> <span class='ocrx_word' id='word_1_327' title='bbox 1694 2247 1879 2317; x_wconf 81' lang='lat' dir='ltr'><strong>prode-</strong></span> 
     </span>
    </p>
   </div>
   <div class='ocr_carea' id='block_1_39' title="bbox 303 2337 1873 2407">
    <p class='ocr_par' dir='ltr' id='par_1_39' title="bbox 303 2337 1873 2407">
     <span class='ocr_line' id='line_1_39' title="bbox 303 2337 1873 2407; baseline -0.001 -16"><span class='ocrx_word' id='word_1_328' title='bbox 303 2347 415 2392; x_wconf 79' lang='lat' dir='ltr'><strong>runt</strong></span> <span class='ocrx_word' id='word_1_329' title='bbox 462 2338 692 2392; x_wconf 78' lang='lat' dir='ltr'><strong>thesauri</strong></span> <span class='ocrx_word' id='word_1_330' title='bbox 718 2338 907 2407; x_wconf 76' lang='lat' dir='ltr'><strong>iniquis</strong></span> <span class='ocrx_word' id='word_1_331' title='bbox 928 2380 944 2402; x_wconf 92' lang='lat'><strong>,</strong></span> <span class='ocrx_word' id='word_1_332' title='bbox 968 2337 1175 2406; x_wconf 79' lang='lat' dir='ltr'><strong>justitia</strong></span> <span class='ocrx_word' id='word_1_333' title='bbox 1198 2346 1366 2392; x_wconf 86' lang='lat' dir='ltr'><strong>autem</strong></span> <span class='ocrx_word' id='word_1_334' title='bbox 1402 2338 1555 2406; x_wconf 87' lang='lat' dir='ltr'><strong>eripit</strong></span> <span class='ocrx_word' id='word_1_335' title='bbox 1576 2352 1609 2388; x_wconf 94' lang='lat' dir='ltr'><strong>a</strong></span> <span class='ocrx_word' id='word_1_336' title='bbox 1635 2345 1799 2390; x_wconf 87' lang='lat' dir='ltr'><strong>morte</strong></span> <span class='ocrx_word' id='word_1_337' title='bbox 1828 2347 1873 2389; x_wconf 75' lang='grc' dir='ltr'><strong>ο.</strong></span> 
     </span>
    </p>
   </div>
   <div class='ocr_carea' id='block_1_40' title="bbox 306 2426 1879 2497">
    <p class='ocr_par' dir='ltr' id='par_1_40' title="bbox 306 2426 1879 2497">
     <span class='ocr_line' id='line_1_40' title="bbox 306 2426 1879 2497; baseline 0 -17"><span class='ocrx_word' id='word_1_338' title='bbox 306 2428 368 2481; x_wconf 82' lang='lat' dir='ltr'><strong>Et</strong></span> <span class='ocrx_word' id='word_1_339' title='bbox 393 2430 588 2482; x_wconf 87' lang='lat' dir='ltr'><strong>iterum</strong></span> <span class='ocrx_word' id='word_1_340' title='bbox 636 2442 734 2495; x_wconf 89' lang='lat' dir='ltr'><strong>per</strong></span> <span class='ocrx_word' id='word_1_341' title='bbox 780 2428 1094 2496; x_wconf 77' lang='lat' dir='ltr'><strong>prophetam</strong></span> <span class='ocrx_word' id='word_1_342' title='bbox 1126 2426 1201 2497; x_wconf 87' lang='lat' dir='ltr'><strong>(b)</strong></span> <span class='ocrx_word' id='word_1_343' title='bbox 1232 2428 1308 2481; x_wconf 86' lang='lat' dir='ltr'><strong>ait</strong></span> <span class='ocrx_word' id='word_1_344' title='bbox 1342 2445 1354 2479; x_wconf 94' lang='lat'><strong>:</strong></span> <span class='ocrx_word' id='word_1_345' title='bbox 1391 2426 1736 2480; x_wconf 72' lang='lat' dir='ltr'><strong>Exterminati</strong></span> <span class='ocrx_word' id='word_1_346' title='bbox 1758 2435 1879 2480; x_wconf 87' lang='lat' dir='ltr'><strong>sunt</strong></span> 
     </span>
    </p>
   </div>
   <div class='ocr_carea' id='block_1_41' title="bbox 306 2514 1879 2585">
    <p class='ocr_par' dir='ltr' id='par_1_41' title="bbox 306 2514 1879 2585">
     <span class='ocr_line' id='line_1_41' title="bbox 306 2514 1879 2585; baseline -0.001 -17"><span class='ocrx_word' id='word_1_347' title='bbox 306 2516 393 2583; x_wconf 78' lang='grc' dir='ltr'><strong>(γ.</strong></span> <span class='ocrx_word' id='word_1_348' title='bbox 418 2524 536 2570; x_wconf 88' lang='lat' dir='ltr'><strong>not.</strong></span> <span class='ocrx_word' id='word_1_349' title='bbox 570 2514 698 2585; x_wconf 67' lang='grc' dir='ltr'><strong>ης»)</strong></span> <span class='ocrx_word' id='word_1_350' title='bbox 726 2531 898 2569; x_wconf 88' lang='lat' dir='ltr'><strong>omnes</strong></span> <span class='ocrx_word' id='word_1_351' title='bbox 942 2515 1033 2584; x_wconf 86' lang='lat' dir='ltr'><strong>qui</strong></span> <span class='ocrx_word' id='word_1_352' title='bbox 1080 2516 1297 2569; x_wconf 73' lang='lat' dir='ltr'><strong>exaltati</strong></span> <span class='ocrx_word' id='word_1_353' title='bbox 1320 2516 1526 2585; x_wconf 76' lang='lat' dir='ltr'><strong>fuerant</strong></span> <span class='ocrx_word' id='word_1_354' title='bbox 1553 2529 1685 2570; x_wconf 90' lang='lat' dir='ltr'><strong>auro</strong></span> <span class='ocrx_word' id='word_1_355' title='bbox 1709 2525 1766 2570; x_wconf 88' lang='lat' dir='ltr'><strong>et</strong></span> <span class='ocrx_word' id='word_1_356' title='bbox 1789 2532 1879 2568; x_wconf 83' lang='lat' dir='ltr'><strong>ar-</strong></span> 
     </span>
    </p>
   </div>
   <div class='ocr_carea' id='block_1_42' title="bbox 306 2603 1877 2675">
    <p class='ocr_par' dir='ltr' id='par_1_42' title="bbox 306 2603 1877 2675">
     <span class='ocr_line' id='line_1_42' title="bbox 306 2603 1877 2675; baseline -0.001 -15"><span class='ocrx_word' id='word_1_357' title='bbox 306 2616 448 2675; x_wconf 79' lang='lat' dir='ltr'><strong>gento</strong></span> <span class='ocrx_word' id='word_1_358' title='bbox 475 2604 527 2657; x_wconf 74' lang='grc' dir='ltr'><strong>ει.</strong></span> <span class='ocrx_word' id='word_1_359' title='bbox 577 2604 636 2658; x_wconf 89' lang='lat' dir='ltr'><strong>lu</strong></span> <span class='ocrx_word' id='word_1_360' title='bbox 684 2603 974 2672; x_wconf 84' lang='lat' dir='ltr'><strong>Evangelio</strong></span> <span class='ocrx_word' id='word_1_361' title='bbox 1018 2618 1237 2673; x_wconf 88' lang='lat' dir='ltr'><strong>quoque</strong></span> <span class='ocrx_word' id='word_1_362' title='bbox 1278 2605 1511 2668; x_wconf 77' lang='lat' dir='ltr'><strong>clamt,</strong></span> <span class='ocrx_word' id='word_1_363' title='bbox 1562 2604 1831 2672; x_wconf 81' lang='lat' dir='ltr'><strong>etiamque</strong></span> <span class='ocrx_word' id='word_1_364' title='bbox 1855 2605 1877 2637; x_wconf 86' lang='grc'>⁸</span> 
     </span>
    </p>
   </div>
   <div class='ocr_carea' id='block_1_43' title="bbox 308 2696 1874 2767">
    <p class='ocr_par' dir='ltr' id='par_1_43' title="bbox 308 2696 1874 2767">
     <span class='ocr_line' id='line_1_43' title="bbox 308 2696 1874 2767; baseline -0.001 -16"><span class='ocrx_word' id='word_1_365' title='bbox 308 2698 631 2767; x_wconf 75' lang='lat' dir='ltr'><strong>pnedamnat</strong></span> <span class='ocrx_word' id='word_1_366' title='bbox 657 2697 852 2752; x_wconf 84' lang='lat' dir='ltr'><strong>divites</strong></span> <span class='ocrx_word' id='word_1_367' title='bbox 878 2696 1043 2752; x_wconf 86' lang='lat' dir='ltr'><strong>seculi</strong></span> <span class='ocrx_word' id='word_1_368' title='bbox 1068 2697 1251 2751; x_wconf 88' lang='lat' dir='ltr'><strong>dicens</strong></span> <span class='ocrx_word' id='word_1_369' title='bbox 1279 2713 1294 2749; x_wconf 92' lang='lat'><strong>:</strong></span> <span class='ocrx_word' id='word_1_370' title='bbox 1334 2696 1426 2752; x_wconf 69' lang='lat' dir='ltr'><strong>Va:</strong></span> <span class='ocrx_word' id='word_1_371' title='bbox 1451 2697 1593 2751; x_wconf 79' lang='lat' dir='ltr'><strong>vobis</strong></span> <span class='ocrx_word' id='word_1_372' title='bbox 1618 2696 1874 2758; x_wconf 79' lang='lat' dir='ltr'><strong>divitibus,</strong></span> 
     </span>
    </p>
   </div>
   <div class='ocr_carea' id='block_1_44' title="bbox 309 2786 1879 2858">
    <p class='ocr_par' dir='ltr' id='par_1_44' title="bbox 309 2786 1879 2858">
     <span class='ocr_line' id='line_1_44' title="bbox 309 2786 1879 2858; baseline 0 -18"><span class='ocrx_word' id='word_1_373' title='bbox 309 2790 416 2858; x_wconf 84' lang='lat' dir='ltr'><strong>quia</strong></span> <span class='ocrx_word' id='word_1_374' title='bbox 434 2787 634 2842; x_wconf 75' lang='lat' dir='ltr'><strong>habetis</strong></span> <span class='ocrx_word' id='word_1_375' title='bbox 661 2787 1063 2842; x_wconf 85' lang='lat' dir='ltr'><strong>consolationem</strong></span> <span class='ocrx_word' id='word_1_376' title='bbox 1090 2795 1309 2841; x_wconf 83' lang='lat' dir='ltr'><strong>vestram</strong></span> <span class='ocrx_word' id='word_1_377' title='bbox 1337 2803 1349 2817; x_wconf 81' lang='lat'><strong>&#39;</strong></span> <span class='ocrx_word' id='word_1_378' title='bbox 1378 2804 1453 2841; x_wconf 76' lang='lat' dir='ltr'><strong>me</strong></span> <span class='ocrx_word' id='word_1_379' title='bbox 1472 2786 1610 2842; x_wconf 78' lang='lat' dir='ltr'><strong>vobis</strong></span> <span class='ocrx_word' id='word_1_380' title='bbox 1629 2790 1713 2857; x_wconf 83' lang='lat' dir='ltr'><strong>qui</strong></span> <span class='ocrx_word' id='word_1_381' title='bbox 1736 2796 1879 2842; x_wconf 82' lang='lat' dir='ltr'><strong>satu-</strong></span> 
     </span>
    </p>
   </div>
   <div class='ocr_carea' id='block_1_45' title="bbox 309 2875 1879 2947">
    <p class='ocr_par' dir='ltr' id='par_1_45' title="bbox 309 2875 1879 2947">
     <span class='ocr_line' id='line_1_45' title="bbox 309 2875 1879 2947; baseline 0.001 -18"><span class='ocrx_word' id='word_1_382' title='bbox 309 2878 401 2929; x_wconf 85' lang='lat' dir='ltr'><strong>rati</strong></span> <span class='ocrx_word' id='word_1_383' title='bbox 426 2878 569 2939; x_wconf 83' lang='lat' dir='ltr'><strong>estis,</strong></span> <span class='ocrx_word' id='word_1_384' title='bbox 592 2877 713 2947; x_wconf 86' lang='lat' dir='ltr'><strong>quia</strong></span> <span class='ocrx_word' id='word_1_385' title='bbox 731 2876 995 2941; x_wconf 88' lang='lat' dir='ltr'><strong>esurietis;</strong></span> <span class='ocrx_word' id='word_1_386' title='bbox 1017 2891 1092 2931; x_wconf 73' lang='lat' dir='ltr'><strong>va:</strong></span> <span class='ocrx_word' id='word_1_387' title='bbox 1119 2875 1256 2931; x_wconf 79' lang='lat' dir='ltr'><strong>vobis</strong></span> <span class='ocrx_word' id='word_1_388' title='bbox 1275 2876 1361 2947; x_wconf 87' lang='lat' dir='ltr'><strong>qui</strong></span> <span class='ocrx_word' id='word_1_389' title='bbox 1382 2876 1563 2931; x_wconf 84' lang='lat' dir='ltr'><strong>ridetis</strong></span> <span class='ocrx_word' id='word_1_390' title='bbox 1583 2893 1735 2943; x_wconf 86' lang='lat' dir='ltr'><strong>nunc,</strong></span> <span class='ocrx_word' id='word_1_391' title='bbox 1757 2878 1879 2945; x_wconf 83' lang='lat' dir='ltr'><strong>quia</strong></span> 
     </span>
    </p>
   </div>
   <div class='ocr_carea' id='block_1_46' title="bbox 309 2965 901 3036">
    <p class='ocr_par' dir='ltr' id='par_1_46' title="bbox 309 2965 901 3036">
     <span class='ocr_line' id='line_1_46' title="bbox 309 2965 901 3036; baseline 0.002 -18"><span class='ocrx_word' id='word_1_392' title='bbox 309 2965 532 3036; x_wconf 83' lang='lat' dir='ltr'><strong>lugebitis</strong></span> <span class='ocrx_word' id='word_1_393' title='bbox 552 2974 603 3019; x_wconf 90' lang='lat' dir='ltr'><strong>et</strong></span> <span class='ocrx_word' id='word_1_394' title='bbox 641 2966 826 3034; x_wconf 75' lang='lat' dir='ltr'><strong>ﬂebitis</strong></span> <span class='ocrx_word' id='word_1_395' title='bbox 847 2966 901 3019; x_wconf 65' lang='grc' dir='ltr'><strong>εἰ</strong></span> 
     </span>
    </p>
   </div>
   <div class='ocr_carea' id='block_1_47' title="bbox 372 3055 1876 3127">
    <p class='ocr_par' dir='ltr' id='par_1_47' title="bbox 372 3055 1876 3127">
     <span class='ocr_line' id='line_1_47' title="bbox 372 3055 1876 3127; baseline -0.001 -17"><span class='ocrx_word' id='word_1_396' title='bbox 372 3056 424 3110; x_wconf 82' lang='lat'><strong>5.</strong></span> <span class='ocrx_word' id='word_1_397' title='bbox 464 3056 585 3111; x_wconf 84' lang='lat' dir='ltr'><strong>Noli</strong></span> <span class='ocrx_word' id='word_1_398' title='bbox 615 3069 746 3124; x_wconf 89' lang='lat' dir='ltr'><strong>ergo</strong></span> <span class='ocrx_word' id='word_1_399' title='bbox 774 3055 974 3110; x_wconf 88' lang='lat' dir='ltr'><strong>diutius</strong></span> <span class='ocrx_word' id='word_1_400' title='bbox 1001 3055 1224 3124; x_wconf 74' lang='lat' dir='ltr'><strong>diligere</strong></span> <span class='ocrx_word' id='word_1_401' title='bbox 1251 3056 1394 3112; x_wconf 88' lang='lat' dir='ltr'><strong>hunc</strong></span> <span class='ocrx_word' id='word_1_402' title='bbox 1418 3055 1671 3111; x_wconf 87' lang='lat' dir='ltr'><strong>mundum</strong></span> <span class='ocrx_word' id='word_1_403' title='bbox 1702 3069 1876 3127; x_wconf 89' lang='lat' dir='ltr'><strong>neque</strong></span> 
     </span>
    </p>
   </div>
   <div class='ocr_carea' id='block_1_48' title="bbox 1975 1888 3547 1963">
    <p class='ocr_par' dir='ltr' id='par_1_48' title="bbox 1975 1888 3547 1963">
     <span class='ocr_line' id='line_1_48' title="bbox 1975 1888 3547 1963; baseline 0.005 -24"><span class='ocrx_word' id='word_1_404' title='bbox 1975 1889 2195 1956; x_wconf 81' lang='lat' dir='ltr'><strong>perditio</strong></span> <span class='ocrx_word' id='word_1_405' title='bbox 2222 1889 2473 1958; x_wconf 78' lang='lat' dir='ltr'><strong>ipsorum.</strong></span> <span class='ocrx_word' id='word_1_406' title='bbox 2519 1888 2762 1959; x_wconf 84' lang='lat' dir='ltr'><strong>Lignum,</strong></span> <span class='ocrx_word' id='word_1_407' title='bbox 2793 1891 2984 1958; x_wconf 80' lang='lat' dir='ltr'><strong>inquit,</strong></span> <span class='ocrx_word' id='word_1_408' title='bbox 3016 1892 3319 1959; x_wconf 70' lang='lat' dir='ltr'><strong>offensionis</strong></span> <span class='ocrx_word' id='word_1_409' title='bbox 3336 1894 3450 1963; x_wconf 82' lang='lat' dir='ltr'><strong>ejus</strong></span> <span class='ocrx_word' id='word_1_410' title='bbox 3470 1902 3547 1947; x_wconf 84' lang='lat' dir='ltr'><strong>est</strong></span> 
     </span>
    </p>
   </div>
   <div class='ocr_carea' id='block_1_49' title="bbox 1977 1979 3547 2052">
    <p class='ocr_par' dir='ltr' id='par_1_49' title="bbox 1977 1979 3547 2052">
     <span class='ocr_line' id='line_1_49' title="bbox 1977 1979 3547 2052; baseline 0.005 -22"><span class='ocrx_word' id='word_1_411' title='bbox 1977 1994 2176 2043; x_wconf 89' lang='lat' dir='ltr'><strong>aurum,</strong></span> <span class='ocrx_word' id='word_1_412' title='bbox 2204 1988 2251 2032; x_wconf 89' lang='lat' dir='ltr'><strong>et</strong></span> <span class='ocrx_word' id='word_1_413' title='bbox 2273 1979 2447 2049; x_wconf 85' lang='lat' dir='ltr'><strong>dejicit</strong></span> <span class='ocrx_word' id='word_1_414' title='bbox 2486 1995 2573 2033; x_wconf 87' lang='lat' dir='ltr'><strong>eos</strong></span> <span class='ocrx_word' id='word_1_415' title='bbox 2613 1979 2718 2050; x_wconf 75' lang='lat' dir='ltr'><strong>(Al.</strong></span> <span class='ocrx_word' id='word_1_416' title='bbox 2750 1994 2828 2034; x_wconf 64' lang='lat' dir='ltr'><strong>vae</strong></span> <span class='ocrx_word' id='word_1_417' title='bbox 2857 1981 2982 2049; x_wconf 83' lang='lat' dir='ltr'><strong>illis)</strong></span> <span class='ocrx_word' id='word_1_418' title='bbox 3003 1982 3087 2052; x_wconf 76' lang='lat' dir='ltr'><strong>qui</strong></span> <span class='ocrx_word' id='word_1_419' title='bbox 3106 1992 3366 2037; x_wconf 77' lang='lat' dir='ltr'><strong>sectantur</strong></span> <span class='ocrx_word' id='word_1_420' title='bbox 3391 1984 3547 2038; x_wconf 82' lang='lat' dir='ltr'><strong>illud.</strong></span> 
     </span>
    </p>
   </div>
   <div class='ocr_carea' id='block_1_50' title="bbox 1972 2066 3545 2140">
    <p class='ocr_par' dir='ltr' id='par_1_50' title="bbox 1972 2066 3545 2140">
     <span class='ocr_line' id='line_1_50' title="bbox 1972 2066 3545 2140; baseline 0.004 -18"><span class='ocrx_word' id='word_1_421' title='bbox 1972 2066 2079 2122; x_wconf 86' lang='lat' dir='ltr'><strong>Sed</strong></span> <span class='ocrx_word' id='word_1_422' title='bbox 2096 2084 2203 2122; x_wconf 83' lang='lat' dir='ltr'><strong>mm</strong></span> <span class='ocrx_word' id='word_1_423' title='bbox 2219 2071 2384 2123; x_wconf 81' lang='lat' dir='ltr'><strong>omnis</strong></span> <span class='ocrx_word' id='word_1_424' title='bbox 2402 2070 2501 2124; x_wconf 86' lang='lat' dir='ltr'><strong>nisi</strong></span> <span class='ocrx_word' id='word_1_425' title='bbox 2527 2070 2825 2139; x_wconf 76' lang='lat' dir='ltr'><strong>imprudens</strong></span> <span class='ocrx_word' id='word_1_426' title='bbox 2837 2071 3081 2136; x_wconf 83' lang='lat' dir='ltr'><strong>disperiet</strong></span> <span class='ocrx_word' id='word_1_427' title='bbox 3099 2073 3153 2125; x_wconf 90' lang='lat' dir='ltr'><strong>in</strong></span> <span class='ocrx_word' id='word_1_428' title='bbox 3174 2074 3264 2127; x_wconf 85' lang='lat' dir='ltr'><strong>illa</strong></span> <span class='ocrx_word' id='word_1_429' title='bbox 3284 2072 3329 2126; x_wconf 79' lang='grc' dir='ltr'><strong>ι.</strong></span> <span class='ocrx_word' id='word_1_430' title='bbox 3342 2074 3545 2140; x_wconf 83' lang='lat' dir='ltr'><strong>Quam-</strong></span> 
     </span>
    </p>
   </div>
   <div class='ocr_carea' id='block_1_51' title="bbox 1974 2158 3545 2232">
    <p class='ocr_par' dir='ltr' id='par_1_51' title="bbox 1974 2158 3545 2232">
     <span class='ocr_line' id='line_1_51' title="bbox 1974 2158 3545 2232; baseline 0.004 -20"><span class='ocrx_word' id='word_1_431' title='bbox 1974 2159 2163 2212; x_wconf 90' lang='lat' dir='ltr'><strong>obrem</strong></span> <span class='ocrx_word' id='word_1_432' title='bbox 2195 2158 2316 2226; x_wconf 78' lang='lat' dir='ltr'><strong>fuge</strong></span> <span class='ocrx_word' id='word_1_433' title='bbox 2365 2160 2433 2215; x_wconf 88' lang='lat' dir='ltr'><strong>ab</strong></span> <span class='ocrx_word' id='word_1_434' title='bbox 2472 2161 2596 2223; x_wconf 86' lang='lat' dir='ltr'><strong>illo,</strong></span> <span class='ocrx_word' id='word_1_435' title='bbox 2639 2159 2741 2227; x_wconf 82' lang='lat' dir='ltr'><strong>ﬁli,</strong></span> <span class='ocrx_word' id='word_1_436' title='bbox 2772 2162 2911 2216; x_wconf 86' lang='lat' dir='ltr'><strong>sicut</strong></span> <span class='ocrx_word' id='word_1_437' title='bbox 2951 2176 2982 2215; x_wconf 86' lang='lat' dir='ltr'><strong>a</strong></span> <span class='ocrx_word' id='word_1_438' title='bbox 3026 2161 3167 2217; x_wconf 80' lang='lat' dir='ltr'><strong>facie</strong></span> <span class='ocrx_word' id='word_1_439' title='bbox 3186 2165 3452 2232; x_wconf 81' lang='lat' dir='ltr'><strong>serpentis</strong></span> <span class='ocrx_word' id='word_1_440' title='bbox 3479 2174 3545 2231; x_wconf 68' lang='grc' dir='ltr'><strong>ιι,</strong></span> 
     </span>
    </p>
   </div>
   <div class='ocr_carea' id='block_1_52' title="bbox 1975 2247 3549 2318">
    <p class='ocr_par' dir='ltr' id='par_1_52' title="bbox 1975 2247 3549 2318">
     <span class='ocr_line' id='line_1_52' title="bbox 1975 2247 3549 2318; baseline 0.005 -16"><span class='ocrx_word' id='word_1_441' title='bbox 1975 2247 2204 2303; x_wconf 85' lang='lat' dir='ltr'><strong>credens</strong></span> <span class='ocrx_word' id='word_1_442' title='bbox 2230 2247 2465 2316; x_wconf 85' lang='lat' dir='ltr'><strong>Christo,</strong></span> <span class='ocrx_word' id='word_1_443' title='bbox 2514 2250 2607 2318; x_wconf 90' lang='lat' dir='ltr'><strong>qui</strong></span> <span class='ocrx_word' id='word_1_444' title='bbox 2644 2250 2699 2304; x_wconf 83' lang='lat' dir='ltr'><strong>in</strong></span> <span class='ocrx_word' id='word_1_445' title='bbox 2726 2250 3016 2318; x_wconf 81' lang='lat' dir='ltr'><strong>Evangelio</strong></span> <span class='ocrx_word' id='word_1_446' title='bbox 3045 2257 3270 2306; x_wconf 82' lang='lat' dir='ltr'><strong>testatur</strong></span> <span class='ocrx_word' id='word_1_447' title='bbox 3296 2255 3549 2310; x_wconf 84' lang='lat' dir='ltr'><strong>omnibus</strong></span> 
     </span>
    </p>
   </div>
   <div class='ocr_carea' id='block_1_53' title="bbox 1978 2337 3548 2414">
    <p class='ocr_par' dir='ltr' id='par_1_53' title="bbox 1978 2337 3548 2414">
     <span class='ocr_line' id='line_1_53' title="bbox 1978 2337 3548 2414; baseline 0.006 -23"><span class='ocrx_word' id='word_1_448' title='bbox 1978 2337 2321 2393; x_wconf 83' lang='lat' dir='ltr'><strong>hominibus:</strong></span> <span class='ocrx_word' id='word_1_449' title='bbox 2364 2337 2500 2403; x_wconf 77' lang='lat' dir='ltr'><strong>Quia</strong></span> <span class='ocrx_word' id='word_1_450' title='bbox 2535 2356 2638 2394; x_wconf 87' lang='lat' dir='ltr'><strong>non</strong></span> <span class='ocrx_word' id='word_1_451' title='bbox 2672 2343 2729 2394; x_wconf 89' lang='lat' dir='ltr'><strong>in</strong></span> <span class='ocrx_word' id='word_1_452' title='bbox 2760 2340 3087 2395; x_wconf 70' lang='lat' dir='ltr'><strong>abundantia</strong></span> <span class='ocrx_word' id='word_1_453' title='bbox 3112 2342 3415 2414; x_wconf 72' lang='lat' dir='ltr'><strong>cujusquam</strong></span> <span class='ocrx_word' id='word_1_454' title='bbox 3442 2347 3548 2400; x_wconf 61' lang='lat' dir='ltr'><strong>viti</strong></span> 
     </span>
    </p>
   </div>
   <div class='ocr_carea' id='block_1_54' title="bbox 1976 2429 2832 2501">
    <p class='ocr_par' dir='ltr' id='par_1_54' title="bbox 1976 2429 2832 2501">
     <span class='ocr_line' id='line_1_54' title="bbox 1976 2429 2832 2501; baseline 0.004 -19"><span class='ocrx_word' id='word_1_455' title='bbox 1976 2429 2089 2499; x_wconf 83' lang='lat' dir='ltr'><strong>ejus</strong></span> <span class='ocrx_word' id='word_1_456' title='bbox 2108 2437 2183 2484; x_wconf 85' lang='lat' dir='ltr'><strong>est</strong></span> <span class='ocrx_word' id='word_1_457' title='bbox 2201 2446 2268 2485; x_wconf 71' lang='lat' dir='ltr'><strong>ex</strong></span> <span class='ocrx_word' id='word_1_458' title='bbox 2292 2431 2375 2484; x_wconf 87' lang='lat' dir='ltr'><strong>his</strong></span> <span class='ocrx_word' id='word_1_459' title='bbox 2394 2448 2507 2501; x_wconf 70' lang='lat' dir='ltr'><strong>quas</strong></span> <span class='ocrx_word' id='word_1_460' title='bbox 2524 2431 2755 2501; x_wconf 81' lang='lat' dir='ltr'><strong>possidet</strong></span> <span class='ocrx_word' id='word_1_461' title='bbox 2784 2441 2832 2485; x_wconf 78' lang='grc' dir='ltr'><strong>η.</strong></span> 
     </span>
    </p>
   </div>
   <div class='ocr_carea' id='block_1_55' title="bbox 2048 2519 3549 2594">
    <p class='ocr_par' dir='ltr' id='par_1_55' title="bbox 2048 2519 3549 2594">
     <span class='ocr_line' id='line_1_55' title="bbox 2048 2519 3549 2594; baseline 0.005 -21"><span class='ocrx_word' id='word_1_462' title='bbox 2048 2519 2103 2573; x_wconf 79' lang='lat'><strong>5.</strong></span> <span class='ocrx_word' id='word_1_463' title='bbox 2141 2520 2246 2576; x_wconf 90' lang='lat' dir='ltr'><strong>Sed</strong></span> <span class='ocrx_word' id='word_1_464' title='bbox 2276 2529 2329 2575; x_wconf 86' lang='lat' dir='ltr'><strong>te</strong></span> <span class='ocrx_word' id='word_1_465' title='bbox 2357 2521 2581 2576; x_wconf 80' lang='lat' dir='ltr'><strong>forsitan</strong></span> <span class='ocrx_word' id='word_1_466' title='bbox 2604 2522 2779 2576; x_wconf 63' lang='lat' dir='ltr'><strong>uitatis</strong></span> <span class='ocrx_word' id='word_1_467' title='bbox 2805 2520 2993 2577; x_wconf 79' lang='lat' dir='ltr'><strong>ﬁducia</strong></span> <span class='ocrx_word' id='word_1_468' title='bbox 3018 2524 3079 2588; x_wconf 81' lang='grc' dir='ltr'><strong>ιο,</strong></span> <span class='ocrx_word' id='word_1_469' title='bbox 3108 2531 3168 2578; x_wconf 87' lang='lat' dir='ltr'><strong>et</strong></span> <span class='ocrx_word' id='word_1_470' title='bbox 3185 2524 3351 2593; x_wconf 73' lang='lat' dir='ltr'><strong>stipes</strong></span> <span class='ocrx_word' id='word_1_471' title='bbox 3376 2525 3549 2594; x_wconf 79' lang='lat' dir='ltr'><strong>digni-</strong></span> 
     </span>
    </p>
   </div>
   <div class='ocr_carea' id='block_1_56' title="bbox 1978 2611 3545 2681">
    <p class='ocr_par' dir='ltr' id='par_1_56' title="bbox 1978 2611 3545 2681">
     <span class='ocr_line' id='line_1_56' title="bbox 1978 2611 3545 2681; baseline 0.003 -16"><span class='ocrx_word' id='word_1_472' title='bbox 1978 2618 2172 2677; x_wconf 90' lang='lat' dir='ltr'><strong>tatum,</strong></span> <span class='ocrx_word' id='word_1_473' title='bbox 2200 2611 2287 2665; x_wconf 90' lang='lat' dir='ltr'><strong>vel</strong></span> <span class='ocrx_word' id='word_1_474' title='bbox 2311 2611 2613 2666; x_wconf 85' lang='lat' dir='ltr'><strong>divitiarum</strong></span> <span class='ocrx_word' id='word_1_475' title='bbox 2634 2620 2918 2681; x_wconf 85' lang='lat' dir='ltr'><strong>augmenta</strong></span> <span class='ocrx_word' id='word_1_476' title='bbox 2943 2614 3250 2676; x_wconf 87' lang='lat' dir='ltr'><strong>sollicitant,</strong></span> <span class='ocrx_word' id='word_1_477' title='bbox 3275 2623 3336 2669; x_wconf 91' lang='lat' dir='ltr'><strong>ut</strong></span> <span class='ocrx_word' id='word_1_478' title='bbox 3359 2615 3511 2671; x_wconf 76' lang='lat' dir='ltr'><strong>dicas</strong></span> <span class='ocrx_word' id='word_1_479' title='bbox 3527 2634 3545 2669; x_wconf 87' lang='lat'><strong>:</strong></span> 
     </span>
    </p>
   </div>
   <div class='ocr_carea' id='block_1_57' title="bbox 1977 2699 3548 2775">
    <p class='ocr_par' dir='ltr' id='par_1_57' title="bbox 1977 2699 3548 2775">
     <span class='ocr_line' id='line_1_57' title="bbox 1977 2699 3548 2775; baseline 0.002 -20"><span class='ocrx_word' id='word_1_480' title='bbox 1977 2699 2167 2756; x_wconf 78' lang='lat' dir='ltr'><strong>Adhuc</strong></span> <span class='ocrx_word' id='word_1_481' title='bbox 2187 2700 2399 2769; x_wconf 86' lang='lat' dir='ltr'><strong>juvenis</strong></span> <span class='ocrx_word' id='word_1_482' title='bbox 2426 2715 2576 2766; x_wconf 88' lang='lat' dir='ltr'><strong>sum;</strong></span> <span class='ocrx_word' id='word_1_483' title='bbox 2615 2709 2697 2756; x_wconf 86' lang='lat' dir='ltr'><strong>est</strong></span> <span class='ocrx_word' id='word_1_484' title='bbox 2743 2717 2885 2757; x_wconf 79' lang='lat' dir='ltr'><strong>nunc</strong></span> <span class='ocrx_word' id='word_1_485' title='bbox 2909 2710 3122 2772; x_wconf 78' lang='lat' dir='ltr'><strong>tempus</strong></span> <span class='ocrx_word' id='word_1_486' title='bbox 3166 2712 3226 2757; x_wconf 90' lang='lat' dir='ltr'><strong>ut</strong></span> <span class='ocrx_word' id='word_1_487' title='bbox 3264 2718 3548 2775; x_wconf 76' lang='lat' dir='ltr'><strong>parumper</strong></span> 
     </span>
    </p>
   </div>
   <div class='ocr_carea' id='block_1_58' title="bbox 1978 2789 3547 2862">
    <p class='ocr_par' dir='ltr' id='par_1_58' title="bbox 1978 2789 3547 2862">
     <span class='ocr_line' id='line_1_58' title="bbox 1978 2789 3547 2862; baseline 0.002 -19"><span class='ocrx_word' id='word_1_488' title='bbox 1978 2790 2225 2854; x_wconf 81' lang='lat' dir='ltr'><strong>militem,</strong></span> <span class='ocrx_word' id='word_1_489' title='bbox 2252 2794 2309 2843; x_wconf 89' lang='lat' dir='ltr'><strong>et</strong></span> <span class='ocrx_word' id='word_1_490' title='bbox 2336 2804 2555 2844; x_wconf 76' lang='lat' dir='ltr'><strong>uxorem</strong></span> <span class='ocrx_word' id='word_1_491' title='bbox 2585 2789 2777 2844; x_wconf 89' lang='lat' dir='ltr'><strong>ducam</strong></span> <span class='ocrx_word' id='word_1_492' title='bbox 2793 2826 2815 2853; x_wconf 62' lang='grc' dir='ltr'><strong>ς</strong></span> <span class='ocrx_word' id='word_1_493' title='bbox 2839 2798 2896 2844; x_wconf 90' lang='lat' dir='ltr'><strong>et</strong></span> <span class='ocrx_word' id='word_1_494' title='bbox 2922 2790 3061 2845; x_wconf 77' lang='lat' dir='ltr'><strong>ﬁlios</strong></span> <span class='ocrx_word' id='word_1_495' title='bbox 3086 2790 3333 2855; x_wconf 85' lang='lat' dir='ltr'><strong>habeam,</strong></span> <span class='ocrx_word' id='word_1_496' title='bbox 3357 2800 3418 2846; x_wconf 83' lang='lat' dir='ltr'><strong>et</strong></span> <span class='ocrx_word' id='word_1_497' title='bbox 3452 2809 3547 2862; x_wconf 86' lang='lat' dir='ltr'><strong>pe-</strong></span> 
     </span>
    </p>
   </div>
   <div class='ocr_carea' id='block_1_59' title="bbox 1977 2877 3545 2950">
    <p class='ocr_par' dir='ltr' id='par_1_59' title="bbox 1977 2877 3545 2950">
     <span class='ocr_line' id='line_1_59' title="bbox 1977 2877 3545 2950; baseline 0 -14"><span class='ocrx_word' id='word_1_498' title='bbox 1977 2888 2091 2936; x_wconf 83' lang='lat' dir='ltr'><strong>stea</strong></span> <span class='ocrx_word' id='word_1_499' title='bbox 2116 2879 2228 2935; x_wconf 87' lang='lat' dir='ltr'><strong>Deo</strong></span> <span class='ocrx_word' id='word_1_500' title='bbox 2250 2879 2492 2935; x_wconf 74' lang='lat' dir='ltr'><strong>serviam.</strong></span> <span class='ocrx_word' id='word_1_501' title='bbox 2562 2877 2645 2931; x_wconf 84' lang='lat' dir='ltr'><strong>Ad</strong></span> <span class='ocrx_word' id='word_1_502' title='bbox 2672 2878 2785 2932; x_wconf 60' lang='lat' dir='ltr'><strong>haec</strong></span> <span class='ocrx_word' id='word_1_503' title='bbox 2818 2880 2911 2933; x_wconf 87' lang='lat' dir='ltr'><strong>tibi</strong></span> <span class='ocrx_word' id='word_1_504' title='bbox 2935 2880 3225 2948; x_wconf 87' lang='lat' dir='ltr'><strong>respondet</strong></span> <span class='ocrx_word' id='word_1_505' title='bbox 3242 2919 3258 2943; x_wconf 85' lang='lat'><strong>,</strong></span> <span class='ocrx_word' id='word_1_506' title='bbox 3291 2897 3399 2936; x_wconf 79' lang='lat' dir='ltr'><strong>non</strong></span> <span class='ocrx_word' id='word_1_507' title='bbox 3420 2896 3545 2950; x_wconf 63' lang='lat' dir='ltr'><strong>ego,</strong></span> 
     </span>
    </p>
   </div>
   <div class='ocr_carea' id='block_1_60' title="bbox 1977 2968 3547 3042">
    <p class='ocr_par' dir='ltr' id='par_1_60' title="bbox 1977 2968 3547 3042">
     <span class='ocr_line' id='line_1_60' title="bbox 1977 2968 3547 3042; baseline 0.001 -15"><span class='ocrx_word' id='word_1_508' title='bbox 1977 2972 2071 3027; x_wconf 84' lang='lat' dir='ltr'><strong>sed</strong></span> <span class='ocrx_word' id='word_1_509' title='bbox 2102 2971 2374 3034; x_wconf 85' lang='lat' dir='ltr'><strong>Dominus,</strong></span> <span class='ocrx_word' id='word_1_510' title='bbox 2407 2971 2499 3037; x_wconf 88' lang='lat' dir='ltr'><strong>qui</strong></span> <span class='ocrx_word' id='word_1_511' title='bbox 2525 2968 2763 3038; x_wconf 87' lang='lat' dir='ltr'><strong>loquitur</strong></span> <span class='ocrx_word' id='word_1_512' title='bbox 2799 2971 2851 3024; x_wconf 91' lang='lat' dir='ltr'><strong>in</strong></span> <span class='ocrx_word' id='word_1_513' title='bbox 2893 2971 3170 3040; x_wconf 80' lang='lat' dir='ltr'><strong>prephetis</strong></span> <span class='ocrx_word' id='word_1_514' title='bbox 3191 2979 3247 3026; x_wconf 89' lang='lat' dir='ltr'><strong>et</strong></span> <span class='ocrx_word' id='word_1_515' title='bbox 3286 2975 3547 3042; x_wconf 85' lang='lat' dir='ltr'><strong>apostolis</strong></span> 
     </span>
    </p>
   </div>
   <div class='ocr_carea' id='block_1_61' title="bbox 1978 3059 3547 3133">
    <p class='ocr_par' dir='ltr' id='par_1_61' title="bbox 1978 3059 3547 3133">
     <span class='ocr_line' id='line_1_61' title="bbox 1978 3059 3547 3133; baseline -0.002 -12"><span class='ocrx_word' id='word_1_516' title='bbox 1978 3064 2106 3129; x_wconf 83' lang='lat' dir='ltr'><strong>suis,</strong></span> <span class='ocrx_word' id='word_1_517' title='bbox 2140 3071 2194 3118; x_wconf 87' lang='lat' dir='ltr'><strong>et</strong></span> <span class='ocrx_word' id='word_1_518' title='bbox 2222 3062 2303 3133; x_wconf 82' lang='lat' dir='ltr'><strong>(It)</strong></span> <span class='ocrx_word' id='word_1_519' title='bbox 2330 3061 2557 3131; x_wconf 82' lang='lat' dir='ltr'><strong>Sapiens</strong></span> <span class='ocrx_word' id='word_1_520' title='bbox 2593 3061 2759 3116; x_wconf 87' lang='lat' dir='ltr'><strong>dicit:</strong></span> <span class='ocrx_word' id='word_1_521' title='bbox 2808 3059 2892 3114; x_wconf 84' lang='lat' dir='ltr'><strong>Ne</strong></span> <span class='ocrx_word' id='word_1_522' title='bbox 2927 3060 2988 3129; x_wconf 92' lang='lat' dir='ltr'><strong>(i)</strong></span> <span class='ocrx_word' id='word_1_523' title='bbox 3020 3060 3194 3115; x_wconf 84' lang='lat' dir='ltr'><strong>tardes</strong></span> <span class='ocrx_word' id='word_1_524' title='bbox 3226 3065 3447 3117; x_wconf 72' lang='lat' dir='ltr'><strong>converti</strong></span> <span class='ocrx_word' id='word_1_525' title='bbox 3475 3066 3547 3118; x_wconf 78' lang='lat' dir='ltr'><strong>sd</strong></span> 
     </span>
    </p>
   </div>
   <div class='ocr_carea' id='block_1_62' title="bbox 310 3140 3545 3231">
    <p class='ocr_par' dir='ltr' id='par_1_62' title="bbox 310 3140 3545 3231">
     <span class='ocr_line' id='line_1_62' title="bbox 310 3140 3545 3231; baseline 0.001 -33"><span class='ocrx_word' id='word_1_526' title='bbox 310 3146 547 3199; x_wconf 82' lang='lat' dir='ltr'><strong>militiam</strong></span> <span class='ocrx_word' id='word_1_527' title='bbox 575 3142 717 3212; x_wconf 85' lang='lat' dir='ltr'><strong>ejus,</strong></span> <span class='ocrx_word' id='word_1_528' title='bbox 745 3144 872 3212; x_wconf 83' lang='lat' dir='ltr'><strong>quia</strong></span> <span class='ocrx_word' id='word_1_529' title='bbox 897 3144 1188 3198; x_wconf 86' lang='lat' dir='ltr'><strong>secundum</strong></span> <span class='ocrx_word' id='word_1_530' title='bbox 1213 3143 1501 3214; x_wconf 71' lang='lat' dir='ltr'><strong>Scriptum</strong></span> <span class='ocrx_word' id='word_1_531' title='bbox 1527 3145 1870 3199; x_wconf 86' lang='lat' dir='ltr'><strong>autoritatem</strong></span> <span class='ocrx_word' id='word_1_532' title='bbox 1898 3140 1943 3203; x_wconf 93' lang='lat' dir='ltr'><strong>C</strong></span> <span class='ocrx_word' id='word_1_533' title='bbox 1972 3153 2285 3231; x_wconf 71' lang='lat' dir='ltr'><strong>Dominum,</strong></span> <span class='ocrx_word' id='word_1_534' title='bbox 2335 3166 2427 3204; x_wconf 67' lang='lat' dir='ltr'><strong>nec</strong></span> <span class='ocrx_word' id='word_1_535' title='bbox 2470 3150 2689 3218; x_wconf 54' lang='lat' dir='ltr'><strong>digeras</strong></span> <span class='ocrx_word' id='word_1_536' title='bbox 2722 3151 2758 3180; x_wconf 82' lang='lat'><strong>&quot;</strong></span> <span class='ocrx_word' id='word_1_537' title='bbox 2788 3150 2853 3203; x_wconf 75' lang='lat' dir='ltr'><strong>de</strong></span> <span class='ocrx_word' id='word_1_538' title='bbox 2892 3150 2977 3203; x_wconf 78' lang='lat' dir='ltr'><strong>die</strong></span> <span class='ocrx_word' id='word_1_539' title='bbox 3013 3150 3073 3203; x_wconf 78' lang='lat' dir='ltr'><strong>in</strong></span> <span class='ocrx_word' id='word_1_540' title='bbox 3101 3150 3259 3215; x_wconf 73' lang='lat' dir='ltr'><strong>diem,</strong></span> <span class='ocrx_word' id='word_1_541' title='bbox 3288 3168 3351 3205; x_wconf 80' lang='lat' dir='ltr'><strong>ne</strong></span> <span class='ocrx_word' id='word_1_542' title='bbox 3377 3151 3545 3207; x_wconf 65' lang='lat' dir='ltr'><strong>white</strong></span> 
     </span>
    </p>
   </div>
   <div class='ocr_carea' id='block_1_63' title="bbox 310 3234 1872 3305">
    <p class='ocr_par' dir='ltr' id='par_1_63' title="bbox 310 3234 1872 3305">
     <span class='ocr_line' id='line_1_63' title="bbox 310 3234 1872 3305; baseline 0.001 -17"><span class='ocrx_word' id='word_1_543' title='bbox 310 3238 539 3289; x_wconf 84' lang='lat' dir='ltr'><strong>inimicus</strong></span> <span class='ocrx_word' id='word_1_544' title='bbox 566 3234 665 3289; x_wconf 85' lang='lat' dir='ltr'><strong>Dei</strong></span> <span class='ocrx_word' id='word_1_545' title='bbox 692 3243 770 3288; x_wconf 88' lang='lat' dir='ltr'><strong>est</strong></span> <span class='ocrx_word' id='word_1_546' title='bbox 793 3236 1092 3305; x_wconf 82' lang='lat' dir='ltr'><strong>quicumque</strong></span> <span class='ocrx_word' id='word_1_547' title='bbox 1109 3237 1307 3290; x_wconf 84' lang='lat' dir='ltr'><strong>amicus</strong></span> <span class='ocrx_word' id='word_1_548' title='bbox 1330 3245 1406 3290; x_wconf 88' lang='lat' dir='ltr'><strong>est</strong></span> <span class='ocrx_word' id='word_1_549' title='bbox 1426 3237 1585 3289; x_wconf 84' lang='lat' dir='ltr'><strong>seculi</strong></span> <span class='ocrx_word' id='word_1_550' title='bbox 1611 3235 1655 3290; x_wconf 71' lang='grc' dir='ltr'><strong>ί.</strong></span> <span class='ocrx_word' id='word_1_551' title='bbox 1686 3236 1754 3290; x_wconf 88' lang='lat' dir='ltr'><strong>Et</strong></span> <span class='ocrx_word' id='word_1_552' title='bbox 1781 3237 1872 3305; x_wconf 91' lang='lat' dir='ltr'><strong>qui</strong></span> 
     </span>
    </p>
   </div>
   <div class='ocr_carea' id='block_1_64' title="bbox 311 3325 1875 3393">
    <p class='ocr_par' dir='ltr' id='par_1_64' title="bbox 311 3325 1875 3393">
     <span class='ocr_line' id='line_1_64' title="bbox 311 3325 1875 3393; baseline 0.002 -14"><span class='ocrx_word' id='word_1_553' title='bbox 311 3327 494 3380; x_wconf 79' lang='lat' dir='ltr'><strong>militat</strong></span> <span class='ocrx_word' id='word_1_554' title='bbox 516 3325 719 3393; x_wconf 86' lang='lat' dir='ltr'><strong>gladio,</strong></span> <span class='ocrx_word' id='word_1_555' title='bbox 754 3325 940 3380; x_wconf 86' lang='lat' dir='ltr'><strong>mortis</strong></span> <span class='ocrx_word' id='word_1_556' title='bbox 968 3326 1210 3380; x_wconf 88' lang='lat' dir='ltr'><strong>minister</strong></span> <span class='ocrx_word' id='word_1_557' title='bbox 1238 3336 1338 3381; x_wconf 86' lang='lat' dir='ltr'><strong>est.</strong></span> <span class='ocrx_word' id='word_1_558' title='bbox 1389 3327 1489 3393; x_wconf 87' lang='lat' dir='ltr'><strong>Qui</strong></span> <span class='ocrx_word' id='word_1_559' title='bbox 1514 3336 1692 3382; x_wconf 85' lang='lat' dir='ltr'><strong>autem</strong></span> <span class='ocrx_word' id='word_1_560' title='bbox 1720 3343 1875 3382; x_wconf 90' lang='lat' dir='ltr'><strong>suum</strong></span> 
     </span>
    </p>
   </div>
   <div class='ocr_carea' id='block_1_65' title="bbox 312 3414 1873 3487">
    <p class='ocr_par' dir='ltr' id='par_1_65' title="bbox 312 3414 1873 3487">
     <span class='ocr_line' id='line_1_65' title="bbox 312 3414 1873 3487; baseline 0.001 -18"><span class='ocrx_word' id='word_1_561' title='bbox 312 3417 389 3470; x_wconf 84' lang='lat' dir='ltr'><strong>vel</strong></span> <span class='ocrx_word' id='word_1_562' title='bbox 417 3416 654 3470; x_wconf 84' lang='lat' dir='ltr'><strong>alienum</strong></span> <span class='ocrx_word' id='word_1_563' title='bbox 681 3416 995 3484; x_wconf 89' lang='lat' dir='ltr'><strong>sanguinem</strong></span> <span class='ocrx_word' id='word_1_564' title='bbox 1023 3414 1225 3478; x_wconf 77' lang='lat' dir='ltr'><strong>fundit,</strong></span> <span class='ocrx_word' id='word_1_565' title='bbox 1272 3416 1360 3472; x_wconf 90' lang='lat' dir='ltr'><strong>hic</strong></span> <span class='ocrx_word' id='word_1_566' title='bbox 1397 3418 1619 3487; x_wconf 84' lang='lat' dir='ltr'><strong>recipiet</strong></span> <span class='ocrx_word' id='word_1_567' title='bbox 1643 3417 1873 3473; x_wconf 85' lang='lat' dir='ltr'><strong>fructum</strong></span> 
     </span>
    </p>
   </div>
   <div class='ocr_carea' id='block_1_66' title="bbox 310 3506 1872 3578">
    <p class='ocr_par' dir='ltr' id='par_1_66' title="bbox 310 3506 1872 3578">
     <span class='ocr_line' id='line_1_66' title="bbox 310 3506 1872 3578; baseline 0.001 -16"><span class='ocrx_word' id='word_1_568' title='bbox 310 3508 714 3578; x_wconf 85' lang='lat' dir='ltr'><strong>stipendiorum.</strong></span> <span class='ocrx_word' id='word_1_569' title='bbox 745 3506 851 3560; x_wconf 87' lang='lat' dir='ltr'><strong>Aut</strong></span> <span class='ocrx_word' id='word_1_570' title='bbox 878 3506 1021 3561; x_wconf 88' lang='lat' dir='ltr'><strong>enim</strong></span> <span class='ocrx_word' id='word_1_571' title='bbox 1048 3508 1196 3561; x_wconf 82' lang='lat' dir='ltr'><strong>exitu</strong></span> <span class='ocrx_word' id='word_1_572' title='bbox 1222 3509 1413 3563; x_wconf 91' lang='lat' dir='ltr'><strong>mortis</strong></span> <span class='ocrx_word' id='word_1_573' title='bbox 1435 3509 1701 3563; x_wconf 89' lang='lat' dir='ltr'><strong>tenebitur</strong></span> <span class='ocrx_word' id='word_1_574' title='bbox 1728 3524 1872 3576; x_wconf 87' lang='lat' dir='ltr'><strong>reus,</strong></span> 
     </span>
    </p>
   </div>
   <div class='ocr_carea' id='block_1_67' title="bbox 310 3598 1876 3669">
    <p class='ocr_par' dir='ltr' id='par_1_67' title="bbox 310 3598 1876 3669">
     <span class='ocr_line' id='line_1_67' title="bbox 310 3598 1876 3669; baseline 0.003 -18"><span class='ocrx_word' id='word_1_575' title='bbox 310 3600 671 3654; x_wconf 82' lang='lat' dir='ltr'><strong>autcrimine:</strong></span> <span class='ocrx_word' id='word_1_576' title='bbox 699 3599 823 3666; x_wconf 90' lang='lat' dir='ltr'><strong>quia</strong></span> <span class='ocrx_word' id='word_1_577' title='bbox 844 3613 1063 3653; x_wconf 88' lang='lat' dir='ltr'><strong>necesse</strong></span> <span class='ocrx_word' id='word_1_578' title='bbox 1082 3608 1164 3652; x_wconf 91' lang='lat' dir='ltr'><strong>est</strong></span> <span class='ocrx_word' id='word_1_579' title='bbox 1184 3606 1241 3651; x_wconf 95' lang='lat' dir='ltr'><strong>ut</strong></span> <span class='ocrx_word' id='word_1_580' title='bbox 1265 3600 1417 3653; x_wconf 82' lang='lat' dir='ltr'><strong>miles</strong></span> <span class='ocrx_word' id='word_1_581' title='bbox 1440 3598 1491 3652; x_wconf 93' lang='lat' dir='ltr'><strong>in</strong></span> <span class='ocrx_word' id='word_1_582' title='bbox 1508 3599 1669 3667; x_wconf 89' lang='lat' dir='ltr'><strong>bello,</strong></span> <span class='ocrx_word' id='word_1_583' title='bbox 1692 3601 1744 3654; x_wconf 88' lang='lat' dir='ltr'><strong>in</strong></span> <span class='ocrx_word' id='word_1_584' title='bbox 1768 3616 1876 3669; x_wconf 91' lang='lat' dir='ltr'><strong>quo</strong></span> 
     </span>
    </p>
   </div>
   <div class='ocr_carea' id='block_1_68' title="bbox 313 3688 1876 3759">
    <p class='ocr_par' dir='ltr' id='par_1_68' title="bbox 313 3688 1876 3759">
     <span class='ocr_line' id='line_1_68' title="bbox 313 3688 1876 3759; baseline 0.001 -16"><span class='ocrx_word' id='word_1_585' title='bbox 313 3702 482 3745; x_wconf 89' lang='lat' dir='ltr'><strong>tamen</strong></span> <span class='ocrx_word' id='word_1_586' title='bbox 507 3705 617 3744; x_wconf 86' lang='lat' dir='ltr'><strong>non</strong></span> <span class='ocrx_word' id='word_1_587' title='bbox 645 3698 752 3743; x_wconf 91' lang='lat' dir='ltr'><strong>tam</strong></span> <span class='ocrx_word' id='word_1_588' title='bbox 771 3704 867 3758; x_wconf 90' lang='lat' dir='ltr'><strong>pro</strong></span> <span class='ocrx_word' id='word_1_589' title='bbox 882 3703 940 3743; x_wconf 90' lang='lat' dir='ltr'><strong>se</strong></span> <span class='ocrx_word' id='word_1_590' title='bbox 959 3703 1119 3757; x_wconf 88' lang='lat' dir='ltr'><strong>quam</strong></span> <span class='ocrx_word' id='word_1_591' title='bbox 1137 3705 1233 3759; x_wconf 89' lang='lat' dir='ltr'><strong>pro</strong></span> <span class='ocrx_word' id='word_1_592' title='bbox 1246 3690 1352 3743; x_wconf 86' lang='lat' dir='ltr'><strong>alio</strong></span> <span class='ocrx_word' id='word_1_593' title='bbox 1374 3688 1608 3755; x_wconf 89' lang='lat' dir='ltr'><strong>dimicat,</strong></span> <span class='ocrx_word' id='word_1_594' title='bbox 1625 3698 1716 3744; x_wconf 90' lang='lat' dir='ltr'><strong>aut</strong></span> <span class='ocrx_word' id='word_1_595' title='bbox 1726 3707 1876 3746; x_wconf 84' lang='lat' dir='ltr'><strong>suam</strong></span> 
     </span>
    </p>
   </div>
   <div class='ocr_carea' id='block_1_69' title="bbox 313 3780 1879 3847">
    <p class='ocr_par' dir='ltr' id='par_1_69' title="bbox 313 3780 1879 3847">
     <span class='ocr_line' id='line_1_69' title="bbox 313 3780 1879 3847; baseline 0.003 -14"><span class='ocrx_word' id='word_1_596' title='bbox 313 3790 533 3835; x_wconf 86' lang='lat' dir='ltr'><strong>mortem</strong></span> <span class='ocrx_word' id='word_1_597' title='bbox 574 3781 748 3835; x_wconf 87' lang='lat' dir='ltr'><strong>victus</strong></span> <span class='ocrx_word' id='word_1_598' title='bbox 786 3780 1043 3847; x_wconf 86' lang='lat' dir='ltr'><strong>inveniat,</strong></span> <span class='ocrx_word' id='word_1_599' title='bbox 1097 3790 1191 3833; x_wconf 89' lang='lat' dir='ltr'><strong>ant</strong></span> <span class='ocrx_word' id='word_1_600' title='bbox 1231 3781 1417 3836; x_wconf 90' lang='lat' dir='ltr'><strong>mortis</strong></span> <span class='ocrx_word' id='word_1_601' title='bbox 1461 3797 1678 3835; x_wconf 89' lang='lat' dir='ltr'><strong>causam</strong></span> <span class='ocrx_word' id='word_1_602' title='bbox 1707 3783 1879 3837; x_wconf 90' lang='lat' dir='ltr'><strong>victor</strong></span> 
     </span>
    </p>
   </div>
   <div class='ocr_carea' id='block_1_70' title="bbox 312 3870 1878 3940">
    <p class='ocr_par' dir='ltr' id='par_1_70' title="bbox 312 3870 1878 3940">
     <span class='ocr_line' id='line_1_70' title="bbox 312 3870 1878 3940; baseline 0.003 -18"><span class='ocrx_word' id='word_1_603' title='bbox 312 3872 564 3940; x_wconf 86' lang='lat' dir='ltr'><strong>acquirat,</strong></span> <span class='ocrx_word' id='word_1_604' title='bbox 593 3870 718 3939; x_wconf 88' lang='lat' dir='ltr'><strong>quia</strong></span> <span class='ocrx_word' id='word_1_605' title='bbox 738 3870 910 3924; x_wconf 90' lang='lat' dir='ltr'><strong>victor</strong></span> <span class='ocrx_word' id='word_1_606' title='bbox 933 3883 1053 3924; x_wconf 90' lang='lat' dir='ltr'><strong>esse</strong></span> <span class='ocrx_word' id='word_1_607' title='bbox 1081 3883 1186 3922; x_wconf 91' lang='lat' dir='ltr'><strong>non</strong></span> <span class='ocrx_word' id='word_1_608' title='bbox 1216 3871 1431 3938; x_wconf 89' lang='lat' dir='ltr'><strong>poterit,</strong></span> <span class='ocrx_word' id='word_1_609' title='bbox 1464 3871 1507 3923; x_wconf 90' lang='lat' dir='ltr'><strong>si</strong></span> <span class='ocrx_word' id='word_1_610' title='bbox 1525 3870 1723 3926; x_wconf 77' lang='lat' dir='ltr'><strong>eli‘usor</strong></span> <span class='ocrx_word' id='word_1_611' title='bbox 1751 3888 1878 3927; x_wconf 82' lang='lat' dir='ltr'><strong>san-</strong></span> 
     </span>
    </p>
   </div>
   <div class='ocr_carea' id='block_1_71' title="bbox 312 3956 1880 4032">
    <p class='ocr_par' dir='ltr' id='par_1_71' title="bbox 312 3956 1880 4032">
     <span class='ocr_line' id='line_1_71' title="bbox 312 3956 1880 4032; baseline 0.003 -20"><span class='ocrx_word' id='word_1_612' title='bbox 312 3960 476 4026; x_wconf 84' lang='lat' dir='ltr'><strong>guinis</strong></span> <span class='ocrx_word' id='word_1_613' title='bbox 487 3968 615 4013; x_wconf 90' lang='lat' dir='ltr'><strong>ante</strong></span> <span class='ocrx_word' id='word_1_614' title='bbox 632 3974 737 4013; x_wconf 88' lang='lat' dir='ltr'><strong>non</strong></span> <span class='ocrx_word' id='word_1_615' title='bbox 755 3958 929 4014; x_wconf 80' lang='lat' dir='ltr'><strong>fuerit.</strong></span> <span class='ocrx_word' id='word_1_616' title='bbox 956 3956 1081 4017; x_wconf 91' lang='lat' dir='ltr'><strong>ldeo</strong></span> <span class='ocrx_word' id='word_1_617' title='bbox 1095 3961 1222 4017; x_wconf 89' lang='lat' dir='ltr'><strong>dicit</strong></span> <span class='ocrx_word' id='word_1_618' title='bbox 1236 3960 1515 4015; x_wconf 81' lang='lat' dir='ltr'><strong>Dominus:</strong></span> <span class='ocrx_word' id='word_1_619' title='bbox 1533 3960 1655 4015; x_wconf 87' lang='lat' dir='ltr'><strong>Non</strong></span> <span class='ocrx_word' id='word_1_620' title='bbox 1668 3963 1880 4032; x_wconf 86' lang='lat' dir='ltr'><strong>potestis</strong></span> 
     </span>
    </p>
   </div>
   <div class='ocr_carea' id='block_1_72' title="bbox 315 4050 1880 4122">
    <p class='ocr_par' dir='ltr' id='par_1_72' title="bbox 315 4050 1880 4122">
     <span class='ocr_line' id='line_1_72' title="bbox 315 4050 1880 4122; baseline 0.004 -21"><span class='ocrx_word' id='word_1_621' title='bbox 315 4051 497 4102; x_wconf 82' lang='lat' dir='ltr'><strong>duobus</strong></span> <span class='ocrx_word' id='word_1_622' title='bbox 538 4050 759 4103; x_wconf 82' lang='lat' dir='ltr'><strong>dominis</strong></span> <span class='ocrx_word' id='word_1_623' title='bbox 806 4050 993 4103; x_wconf 86' lang='lat' dir='ltr'><strong>servire</strong></span> <span class='ocrx_word' id='word_1_624' title='bbox 1020 4060 1066 4102; x_wconf 76' lang='grc' dir='ltr'><strong>κ.</strong></span> <span class='ocrx_word' id='word_1_625' title='bbox 1108 4050 1216 4104; x_wconf 91' lang='lat' dir='ltr'><strong>Sed</strong></span> <span class='ocrx_word' id='word_1_626' title='bbox 1261 4050 1385 4118; x_wconf 80' lang='lat' dir='ltr'><strong>quia</strong></span> <span class='ocrx_word' id='word_1_627' title='bbox 1428 4052 1516 4105; x_wconf 90' lang='lat' dir='ltr'><strong>uni</strong></span> <span class='ocrx_word' id='word_1_628' title='bbox 1550 4050 1619 4122; x_wconf 77' lang='grc' dir='ltr'><strong>(ε)</strong></span> <span class='ocrx_word' id='word_1_629' title='bbox 1654 4051 1880 4107; x_wconf 86' lang='lat' dir='ltr'><strong>Domino</strong></span> 
     </span>
    </p>
   </div>
   <div class='ocr_carea' id='block_1_73' title="bbox 315 4138 1880 4212">
    <p class='ocr_par' dir='ltr' id='par_1_73' title="bbox 315 4138 1880 4212">
     <span class='ocr_line' id='line_1_73' title="bbox 315 4138 1880 4212; baseline 0.003 -20"><span class='ocrx_word' id='word_1_630' title='bbox 315 4138 651 4194; x_wconf 84' lang='lat' dir='ltr'><strong>serviendum</strong></span> <span class='ocrx_word' id='word_1_631' title='bbox 680 4148 763 4193; x_wconf 89' lang='lat' dir='ltr'><strong>est</strong></span> <span class='ocrx_word' id='word_1_632' title='bbox 785 4177 800 4200; x_wconf 90' lang='lat'><strong>,</strong></span> <span class='ocrx_word' id='word_1_633' title='bbox 850 4138 1004 4195; x_wconf 75' lang='lat' dir='ltr'><strong>facile</strong></span> <span class='ocrx_word' id='word_1_634' title='bbox 1033 4151 1163 4210; x_wconf 90' lang='lat' dir='ltr'><strong>puto</strong></span> <span class='ocrx_word' id='word_1_635' title='bbox 1191 4156 1311 4197; x_wconf 90' lang='lat' dir='ltr'><strong>esse</strong></span> <span class='ocrx_word' id='word_1_636' title='bbox 1344 4138 1573 4196; x_wconf 85' lang='lat' dir='ltr'><strong>discerni</strong></span> <span class='ocrx_word' id='word_1_637' title='bbox 1595 4142 1635 4207; x_wconf 67' lang='grc' dir='ltr'><strong>θ,</strong></span> <span class='ocrx_word' id='word_1_638' title='bbox 1664 4144 1748 4198; x_wconf 90' lang='lat' dir='ltr'><strong>cui</strong></span> <span class='ocrx_word' id='word_1_639' title='bbox 1781 4159 1880 4212; x_wconf 90' lang='lat' dir='ltr'><strong>po-</strong></span> 
     </span>
    </p>
   </div>
   <div class='ocr_carea' id='block_1_74' title="bbox 318 4229 1880 4304">
    <p class='ocr_par' dir='ltr' id='par_1_74' title="bbox 318 4229 1880 4304">
     <span class='ocr_line' id='line_1_74' title="bbox 318 4229 1880 4304; baseline 0.005 -24"><span class='ocrx_word' id='word_1_640' title='bbox 318 4229 414 4283; x_wconf 87' lang='lat' dir='ltr'><strong>tius</strong></span> <span class='ocrx_word' id='word_1_641' title='bbox 441 4230 628 4285; x_wconf 87' lang='lat' dir='ltr'><strong>serviri</strong></span> <span class='ocrx_word' id='word_1_642' title='bbox 672 4229 896 4293; x_wconf 87' lang='lat' dir='ltr'><strong>debeat,</strong></span> <span class='ocrx_word' id='word_1_643' title='bbox 928 4230 1039 4286; x_wconf 90' lang='lat' dir='ltr'><strong>Deo</strong></span> <span class='ocrx_word' id='word_1_644' title='bbox 1068 4246 1133 4285; x_wconf 88' lang='lat' dir='ltr'><strong>an</strong></span> <span class='ocrx_word' id='word_1_645' title='bbox 1167 4247 1506 4296; x_wconf 70' lang='lat' dir='ltr'><strong>mammonae,</strong></span> <span class='ocrx_word' id='word_1_646' title='bbox 1544 4232 1700 4304; x_wconf 57' lang='lat'><strong>16!.</strong></span> <span class='ocrx_word' id='word_1_647' title='bbox 1724 4232 1880 4289; x_wconf 88' lang='lat' dir='ltr'><strong>Chri-</strong></span> 
     </span>
    </p>
   </div>
   <div class='ocr_carea' id='block_1_75' title="bbox 318 4320 1886 4391">
    <p class='ocr_par' dir='ltr' id='par_1_75' title="bbox 318 4320 1886 4391">
     <span class='ocr_line' id='line_1_75' title="bbox 318 4320 1886 4391; baseline 0.001 -15"><span class='ocrx_word' id='word_1_648' title='bbox 318 4330 396 4376; x_wconf 89' lang='lat' dir='ltr'><strong>sto</strong></span> <span class='ocrx_word' id='word_1_649' title='bbox 418 4337 482 4374; x_wconf 89' lang='lat' dir='ltr'><strong>an</strong></span> <span class='ocrx_word' id='word_1_650' title='bbox 504 4320 734 4386; x_wconf 70' lang='lat' dir='ltr'><strong>Cmsari;</strong></span> <span class='ocrx_word' id='word_1_651' title='bbox 760 4338 881 4376; x_wconf 91' lang='lat' dir='ltr'><strong>cum</strong></span> <span class='ocrx_word' id='word_1_652' title='bbox 910 4323 1025 4391; x_wconf 88' lang='lat' dir='ltr'><strong>ipse</strong></span> <span class='ocrx_word' id='word_1_653' title='bbox 1044 4320 1223 4377; x_wconf 69' lang='lat' dir='ltr'><strong>Caesar</strong></span> <span class='ocrx_word' id='word_1_654' title='bbox 1244 4322 1439 4378; x_wconf 85' lang='lat' dir='ltr'><strong>Christi</strong></span> <span class='ocrx_word' id='word_1_655' title='bbox 1464 4339 1650 4379; x_wconf 88' lang='lat' dir='ltr'><strong>servus</strong></span> <span class='ocrx_word' id='word_1_656' title='bbox 1673 4322 1886 4379; x_wconf 84' lang='lat' dir='ltr'><strong>studeat</strong></span> 
     </span>
    </p>
   </div>
   <div class='ocr_carea' id='block_1_76' title="bbox 316 4412 1884 4481">
    <p class='ocr_par' dir='ltr' id='par_1_76' title="bbox 316 4412 1884 4481">
     <span class='ocr_line' id='line_1_76' title="bbox 316 4412 1884 4481; baseline 0.003 -15"><span class='ocrx_word' id='word_1_657' title='bbox 316 4425 451 4475; x_wconf 84' lang='lat' dir='ltr'><strong>esse,</strong></span> <span class='ocrx_word' id='word_1_658' title='bbox 481 4422 540 4466; x_wconf 90' lang='lat' dir='ltr'><strong>ut</strong></span> <span class='ocrx_word' id='word_1_659' title='bbox 589 4412 886 4481; x_wconf 88' lang='lat' dir='ltr'><strong>aliquarum</strong></span> <span class='ocrx_word' id='word_1_660' title='bbox 923 4412 1161 4481; x_wconf 86' lang='lat' dir='ltr'><strong>gentium</strong></span> <span class='ocrx_word' id='word_1_661' title='bbox 1191 4429 1286 4468; x_wconf 76' lang='lat' dir='ltr'><strong>rex</strong></span> <span class='ocrx_word' id='word_1_662' title='bbox 1311 4428 1429 4468; x_wconf 90' lang='lat' dir='ltr'><strong>esse</strong></span> <span class='ocrx_word' id='word_1_663' title='bbox 1458 4428 1744 4470; x_wconf 85' lang='lat' dir='ltr'><strong>mereatur.</strong></span> <span class='ocrx_word' id='word_1_664' title='bbox 1779 4416 1884 4470; x_wconf 82' lang='lat' dir='ltr'><strong>Ne-</strong></span> 
     </span>
    </p>
   </div>
   <div class='ocr_carea' id='block_1_77' title="bbox 1973 3236 3546 3308">
    <p class='ocr_par' dir='ltr' id='par_1_77' title="bbox 1973 3236 3546 3308">
     <span class='ocr_line' id='line_1_77' title="bbox 1973 3236 3546 3308; baseline 0.001 -13"><span class='ocrx_word' id='word_1_665' title='bbox 1973 3242 2141 3296; x_wconf 76' lang='lat' dir='ltr'><strong>ueniat</strong></span> <span class='ocrx_word' id='word_1_666' title='bbox 2182 3241 2265 3294; x_wconf 89' lang='lat' dir='ltr'><strong>ira</strong></span> <span class='ocrx_word' id='word_1_667' title='bbox 2294 3239 2431 3293; x_wconf 86' lang='lat' dir='ltr'><strong>illius</strong></span> <span class='ocrx_word' id='word_1_668' title='bbox 2462 3247 2517 3294; x_wconf 72' lang='lat'><strong>0.</strong></span> <span class='ocrx_word' id='word_1_669' title='bbox 2562 3237 2622 3294; x_wconf 90' lang='lat' dir='ltr'><strong>lu</strong></span> <span class='ocrx_word' id='word_1_670' title='bbox 2651 3236 2942 3305; x_wconf 77' lang='lat' dir='ltr'><strong>Evangelio</strong></span> <span class='ocrx_word' id='word_1_671' title='bbox 2971 3246 3149 3294; x_wconf 89' lang='lat' dir='ltr'><strong>autem</strong></span> <span class='ocrx_word' id='word_1_672' title='bbox 3195 3253 3307 3308; x_wconf 91' lang='lat' dir='ltr'><strong>quo</strong></span> <span class='ocrx_word' id='word_1_673' title='bbox 3344 3240 3546 3299; x_wconf 71' lang='lat' dir='ltr'><strong>ardore</strong></span> 
     </span>
    </p>
   </div>
   <div class='ocr_carea' id='block_1_78' title="bbox 1974 3326 3546 3401">
    <p class='ocr_par' dir='ltr' id='par_1_78' title="bbox 1974 3326 3546 3401">
     <span class='ocr_line' id='line_1_78' title="bbox 1974 3326 3546 3401; baseline 0.002 -16"><span class='ocrx_word' id='word_1_674' title='bbox 1974 3328 2369 3401; x_wconf 89' lang='lat' dir='ltr'><strong>properandum</strong></span> <span class='ocrx_word' id='word_1_675' title='bbox 2412 3328 2481 3383; x_wconf 87' lang='lat' dir='ltr'><strong>sit</strong></span> <span class='ocrx_word' id='word_1_676' title='bbox 2522 3326 2591 3381; x_wconf 87' lang='lat' dir='ltr'><strong>ad</strong></span> <span class='ocrx_word' id='word_1_677' title='bbox 2635 3328 3077 3393; x_wconf 76' lang='lat' dir='ltr'><strong>conversionem,</strong></span> <span class='ocrx_word' id='word_1_678' title='bbox 3120 3329 3386 3397; x_wconf 84' lang='lat' dir='ltr'><strong>ostendit,</strong></span> <span class='ocrx_word' id='word_1_679' title='bbox 3421 3344 3546 3388; x_wconf 82' lang='lat' dir='ltr'><strong>cum</strong></span> 
     </span>
    </p>
   </div>
   <div class='ocr_carea' id='block_1_79' title="bbox 1974 3410 3549 3492">
    <p class='ocr_par' dir='ltr' id='par_1_79' title="bbox 1974 3410 3549 3492">
     <span class='ocr_line' id='line_1_79' title="bbox 1974 3410 3549 3492; baseline 0.001 -15"><span class='ocrx_word' id='word_1_680' title='bbox 1974 3423 2141 3477; x_wconf 85' lang='lat' dir='ltr'><strong>dicit:</strong></span> <span class='ocrx_word' id='word_1_681' title='bbox 2170 3422 2214 3474; x_wconf 85' lang='lat' dir='ltr'><strong><em>A</em></strong></span> <span class='ocrx_word' id='word_1_682' title='bbox 2243 3422 2425 3475; x_wconf 82' lang='lat' dir='ltr'><strong>diebus</strong></span> <span class='ocrx_word' id='word_1_683' title='bbox 2442 3410 2610 3475; x_wconf 68' lang='lat' dir='ltr'><strong>autem</strong></span> <span class='ocrx_word' id='word_1_684' title='bbox 2649 3419 2911 3475; x_wconf 82' lang='lat' dir='ltr'><strong>Johannis</strong></span> <span class='ocrx_word' id='word_1_685' title='bbox 2945 3437 3107 3492; x_wconf 78' lang='lat' dir='ltr'><strong>usque</strong></span> <span class='ocrx_word' id='word_1_686' title='bbox 3142 3422 3212 3475; x_wconf 86' lang='lat' dir='ltr'><strong>ad</strong></span> <span class='ocrx_word' id='word_1_687' title='bbox 3245 3423 3549 3479; x_wconf 73' lang='lat' dir='ltr'><strong>hodiernum</strong></span> 
     </span>
    </p>
   </div>
   <div class='ocr_carea' id='block_1_80' title="bbox 1968 3509 3546 3582">
    <p class='ocr_par' dir='ltr' id='par_1_80' title="bbox 1968 3509 3546 3582">
     <span class='ocr_line' id='line_1_80' title="bbox 1968 3509 3546 3582; baseline 0.003 -19"><span class='ocrx_word' id='word_1_688' title='bbox 1968 3512 2111 3564; x_wconf 77' lang='lat' dir='ltr'><strong>diem</strong></span> <span class='ocrx_word' id='word_1_689' title='bbox 2135 3511 2236 3564; x_wconf 71' lang='lat' dir='ltr'><strong>vim</strong></span> <span class='ocrx_word' id='word_1_690' title='bbox 2265 3512 2459 3580; x_wconf 86' lang='lat' dir='ltr'><strong>patitur</strong></span> <span class='ocrx_word' id='word_1_691' title='bbox 2486 3525 2698 3580; x_wconf 83' lang='lat' dir='ltr'><strong>regnum</strong></span> <span class='ocrx_word' id='word_1_692' title='bbox 2721 3509 2960 3563; x_wconf 75' lang='lat' dir='ltr'><strong>calorum</strong></span> <span class='ocrx_word' id='word_1_693' title='bbox 2976 3546 2992 3574; x_wconf 92' lang='lat'><strong>,</strong></span> <span class='ocrx_word' id='word_1_694' title='bbox 3019 3518 3067 3564; x_wconf 82' lang='lat' dir='ltr'><strong>et</strong></span> <span class='ocrx_word' id='word_1_695' title='bbox 3090 3512 3175 3581; x_wconf 80' lang='lat' dir='ltr'><strong>qui</strong></span> <span class='ocrx_word' id='word_1_696' title='bbox 3202 3513 3299 3566; x_wconf 77' lang='lat' dir='ltr'><strong>vim</strong></span> <span class='ocrx_word' id='word_1_697' title='bbox 3328 3514 3546 3582; x_wconf 77' lang='lat' dir='ltr'><strong>faciunt,</strong></span> 
     </span>
    </p>
   </div>
   <div class='ocr_carea' id='block_1_81' title="bbox 1976 3598 3549 3671">
    <p class='ocr_par' dir='ltr' id='par_1_81' title="bbox 1976 3598 3549 3671">
     <span class='ocr_line' id='line_1_81' title="bbox 1976 3598 3549 3671; baseline 0 -15"><span class='ocrx_word' id='word_1_698' title='bbox 1976 3604 2186 3671; x_wconf 83' lang='lat' dir='ltr'><strong>rapiunt</strong></span> <span class='ocrx_word' id='word_1_699' title='bbox 2209 3600 2341 3654; x_wconf 80' lang='lat' dir='ltr'><strong>illud</strong></span> <span class='ocrx_word' id='word_1_700' title='bbox 2361 3611 2413 3653; x_wconf 83' lang='lat' dir='ltr'><strong>P.</strong></span> <span class='ocrx_word' id='word_1_701' title='bbox 2452 3598 2597 3653; x_wconf 88' lang='lat' dir='ltr'><strong>Talis</strong></span> <span class='ocrx_word' id='word_1_702' title='bbox 2642 3599 2895 3653; x_wconf 82' lang='lat' dir='ltr'><strong>violentia</strong></span> <span class='ocrx_word' id='word_1_703' title='bbox 2943 3599 3057 3653; x_wconf 87' lang='lat' dir='ltr'><strong>Deo</strong></span> <span class='ocrx_word' id='word_1_704' title='bbox 3097 3607 3247 3669; x_wconf 84' lang='lat' dir='ltr'><strong>grata</strong></span> <span class='ocrx_word' id='word_1_705' title='bbox 3272 3609 3381 3664; x_wconf 85' lang='lat' dir='ltr'><strong>est,</strong></span> <span class='ocrx_word' id='word_1_706' title='bbox 3428 3616 3549 3669; x_wconf 76' lang='lat' dir='ltr'><strong>qum</strong></span> 
     </span>
    </p>
   </div>
   <div class='ocr_carea' id='block_1_82' title="bbox 1978 3689 3550 3754">
    <p class='ocr_par' dir='ltr' id='par_1_82' title="bbox 1978 3689 3550 3754">
     <span class='ocr_line' id='line_1_82' title="bbox 1978 3689 3550 3754; baseline 0.001 -7"><span class='ocrx_word' id='word_1_707' title='bbox 1978 3692 2247 3747; x_wconf 86' lang='lat' dir='ltr'><strong>nemiuem</strong></span> <span class='ocrx_word' id='word_1_708' title='bbox 2290 3690 2565 3754; x_wconf 86' lang='lat' dir='ltr'><strong>concutit,</strong></span> <span class='ocrx_word' id='word_1_709' title='bbox 2597 3690 2792 3744; x_wconf 89' lang='lat' dir='ltr'><strong>nullius</strong></span> <span class='ocrx_word' id='word_1_710' title='bbox 2834 3689 3029 3743; x_wconf 83' lang='lat' dir='ltr'><strong>damno</strong></span> <span class='ocrx_word' id='word_1_711' title='bbox 3072 3690 3441 3746; x_wconf 83' lang='lat' dir='ltr'><strong>committitur.</strong></span> <span class='ocrx_word' id='word_1_712' title='bbox 3492 3692 3550 3749; x_wconf 83' lang='lat' dir='ltr'><strong>In</strong></span> 
     </span>
    </p>
   </div>
   <div class='ocr_carea' id='block_1_83' title="bbox 1979 3779 3550 3849">
    <p class='ocr_par' dir='ltr' id='par_1_83' title="bbox 1979 3779 3550 3849">
     <span class='ocr_line' id='line_1_83' title="bbox 1979 3779 3550 3849; baseline -0.001 -12"><span class='ocrx_word' id='word_1_713' title='bbox 1979 3784 2119 3837; x_wconf 90' lang='lat' dir='ltr'><strong>hanc</strong></span> <span class='ocrx_word' id='word_1_714' title='bbox 2158 3780 2400 3849; x_wconf 80' lang='lat' dir='ltr'><strong>rapinam</strong></span> <span class='ocrx_word' id='word_1_715' title='bbox 2445 3792 2632 3831; x_wconf 84' lang='lat' dir='ltr'><strong>manus</strong></span> <span class='ocrx_word' id='word_1_716' title='bbox 2671 3788 2790 3830; x_wconf 88' lang='lat' dir='ltr'><strong>tuas</strong></span> <span class='ocrx_word' id='word_1_717' title='bbox 2827 3785 3014 3840; x_wconf 90' lang='lat' dir='ltr'><strong>verte,</strong></span> <span class='ocrx_word' id='word_1_718' title='bbox 3045 3790 3166 3845; x_wconf 74' lang='lat' dir='ltr'><strong>quae</strong></span> <span class='ocrx_word' id='word_1_719' title='bbox 3204 3779 3408 3835; x_wconf 85' lang='lat' dir='ltr'><strong>crimen</strong></span> <span class='ocrx_word' id='word_1_720' title='bbox 3441 3797 3550 3835; x_wconf 88' lang='lat' dir='ltr'><strong>non</strong></span> 
     </span>
    </p>
   </div>
   <div class='ocr_carea' id='block_1_84' title="bbox 1976 3863 3547 3935">
    <p class='ocr_par' dir='ltr' id='par_1_84' title="bbox 1976 3863 3547 3935">
     <span class='ocr_line' id='line_1_84' title="bbox 1976 3863 3547 3935; baseline -0.003 -8"><span class='ocrx_word' id='word_1_721' title='bbox 1976 3873 2158 3935; x_wconf 84' lang='lat' dir='ltr'><strong>habet,</strong></span> <span class='ocrx_word' id='word_1_722' title='bbox 2186 3876 2243 3925; x_wconf 90' lang='lat' dir='ltr'><strong>et</strong></span> <span class='ocrx_word' id='word_1_723' title='bbox 2277 3866 2486 3923; x_wconf 75' lang='lat' dir='ltr'><strong>confert</strong></span> <span class='ocrx_word' id='word_1_724' title='bbox 2523 3866 2770 3920; x_wconf 89' lang='lat' dir='ltr'><strong>salutem.</strong></span> <span class='ocrx_word' id='word_1_725' title='bbox 2845 3863 2913 3918; x_wconf 88' lang='lat' dir='ltr'><strong>Et</strong></span> <span class='ocrx_word' id='word_1_726' title='bbox 2942 3865 3071 3934; x_wconf 78' lang='lat' dir='ltr'><strong>quid</strong></span> <span class='ocrx_word' id='word_1_727' title='bbox 3107 3866 3200 3920; x_wconf 79' lang='lat' dir='ltr'><strong>tibi</strong></span> <span class='ocrx_word' id='word_1_728' title='bbox 3237 3868 3547 3923; x_wconf 85' lang='lat' dir='ltr'><strong>militarium</strong></span> 
     </span>
    </p>
   </div>
   <div class='ocr_carea' id='block_1_85' title="bbox 1980 3956 3553 4033">
    <p class='ocr_par' dir='ltr' id='par_1_85' title="bbox 1980 3956 3553 4033">
     <span class='ocr_line' id='line_1_85' title="bbox 1980 3956 3553 4033; baseline -0.003 -14"><span class='ocrx_word' id='word_1_729' title='bbox 1980 3962 2367 4033; x_wconf 86' lang='lat' dir='ltr'><strong>stipendiorum</strong></span> <span class='ocrx_word' id='word_1_730' title='bbox 2405 3958 2713 4014; x_wconf 82' lang='lat' dir='ltr'><strong>curationes</strong></span> <span class='ocrx_word' id='word_1_731' title='bbox 2738 3958 2891 4027; x_wconf 81' lang='lat' dir='ltr'><strong>(forte</strong></span> <span class='ocrx_word' id='word_1_732' title='bbox 2919 3956 3175 4025; x_wconf 86' lang='lat' dir='ltr'><strong>rationes)</strong></span> <span class='ocrx_word' id='word_1_733' title='bbox 3206 3973 3327 4029; x_wconf 90' lang='lat' dir='ltr'><strong>cum</strong></span> <span class='ocrx_word' id='word_1_734' title='bbox 3357 3960 3553 4015; x_wconf 86' lang='lat' dir='ltr'><strong>invidia</strong></span> 
     </span>
    </p>
   </div>
   <div class='ocr_carea' id='block_1_86' title="bbox 1982 4046 3553 4116">
    <p class='ocr_par' dir='ltr' id='par_1_86' title="bbox 1982 4046 3553 4116">
     <span class='ocr_line' id='line_1_86' title="bbox 1982 4046 3553 4116; baseline -0.003 -8"><span class='ocrx_word' id='word_1_735' title='bbox 1982 4052 2249 4109; x_wconf 82' lang='lat' dir='ltr'><strong>violentiae</strong></span> <span class='ocrx_word' id='word_1_736' title='bbox 2273 4064 2461 4106; x_wconf 87' lang='lat' dir='ltr'><strong>curare</strong></span> <span class='ocrx_word' id='word_1_737' title='bbox 2489 4059 2538 4113; x_wconf 74' lang='grc' dir='ltr'><strong>ιι,</strong></span> <span class='ocrx_word' id='word_1_738' title='bbox 2566 4062 2690 4103; x_wconf 91' lang='lat' dir='ltr'><strong>cum</strong></span> <span class='ocrx_word' id='word_1_739' title='bbox 2736 4046 2958 4102; x_wconf 78' lang='lat' dir='ltr'><strong>forsitan</strong></span> <span class='ocrx_word' id='word_1_740' title='bbox 3000 4061 3100 4116; x_wconf 92' lang='lat' dir='ltr'><strong>pro</strong></span> <span class='ocrx_word' id='word_1_741' title='bbox 3142 4056 3230 4101; x_wconf 85' lang='lat' dir='ltr'><strong>tua</strong></span> <span class='ocrx_word' id='word_1_742' title='bbox 3270 4048 3553 4103; x_wconf 79' lang='lat' dir='ltr'><strong>honestate</strong></span> 
     </span>
    </p>
   </div>
   <div class='ocr_carea' id='block_1_87' title="bbox 1984 4136 3557 4199">
    <p class='ocr_par' dir='ltr' id='par_1_87' title="bbox 1984 4136 3557 4199">
     <span class='ocr_line' id='line_1_87' title="bbox 1984 4136 3557 4199; baseline -0.003 -1"><span class='ocrx_word' id='word_1_743' title='bbox 1984 4144 2146 4199; x_wconf 87' lang='lat' dir='ltr'><strong>etiam</strong></span> <span class='ocrx_word' id='word_1_744' title='bbox 2183 4140 2485 4196; x_wconf 86' lang='lat' dir='ltr'><strong>debitorum</strong></span> <span class='ocrx_word' id='word_1_745' title='bbox 2529 4136 2841 4192; x_wconf 88' lang='lat' dir='ltr'><strong>moderatus</strong></span> <span class='ocrx_word' id='word_1_746' title='bbox 2879 4144 3098 4191; x_wconf 84' lang='lat' dir='ltr'><strong>exactor</strong></span> <span class='ocrx_word' id='word_1_747' title='bbox 3138 4136 3243 4192; x_wconf 88' lang='lat' dir='ltr'><strong>sis?</strong></span> <span class='ocrx_word' id='word_1_748' title='bbox 3290 4152 3411 4193; x_wconf 89' lang='lat' dir='ltr'><strong>cum</strong></span> <span class='ocrx_word' id='word_1_749' title='bbox 3440 4140 3557 4193; x_wconf 91' lang='lat' dir='ltr'><strong>sine</strong></span> 
     </span>
    </p>
   </div>
   <div class='ocr_carea' id='block_1_88' title="bbox 1984 4226 3557 4303">
    <p class='ocr_par' dir='ltr' id='par_1_88' title="bbox 1984 4226 3557 4303">
     <span class='ocr_line' id='line_1_88' title="bbox 1984 4226 3557 4303; baseline -0.006 -13"><span class='ocrx_word' id='word_1_750' title='bbox 1984 4233 2298 4303; x_wconf 82' lang='lat' dir='ltr'><strong>cujusquam</strong></span> <span class='ocrx_word' id='word_1_751' title='bbox 2342 4231 2497 4302; x_wconf 77' lang='lat'><strong>165</strong></span> <span class='ocrx_word' id='word_1_752' title='bbox 2543 4228 2739 4283; x_wconf 88' lang='lat' dir='ltr'><strong>invidia</strong></span> <span class='ocrx_word' id='word_1_753' title='bbox 2768 4234 2825 4281; x_wconf 91' lang='lat' dir='ltr'><strong>et</strong></span> <span class='ocrx_word' id='word_1_754' title='bbox 2860 4242 2981 4281; x_wconf 89' lang='lat' dir='ltr'><strong>cum</strong></span> <span class='ocrx_word' id='word_1_755' title='bbox 3027 4226 3123 4281; x_wconf 87' lang='lat' dir='ltr'><strong>Dei</strong></span> <span class='ocrx_word' id='word_1_756' title='bbox 3165 4228 3336 4295; x_wconf 85' lang='lat' dir='ltr'><strong>gratia</strong></span> <span class='ocrx_word' id='word_1_757' title='bbox 3382 4228 3557 4296; x_wconf 83' lang='lat' dir='ltr'><strong>possis</strong></span> 
     </span>
    </p>
   </div>
   <div class='ocr_carea' id='block_1_89' title="bbox 1987 4319 3556 4388">
    <p class='ocr_par' dir='ltr' id='par_1_89' title="bbox 1987 4319 3556 4388">
     <span class='ocr_line' id='line_1_89' title="bbox 1987 4319 3556 4388; baseline -0.005 -7"><span class='ocrx_word' id='word_1_758' title='bbox 1987 4340 2106 4381; x_wconf 88' lang='lat' dir='ltr'><strong>esse</strong></span> <span class='ocrx_word' id='word_1_759' title='bbox 2132 4325 2395 4379; x_wconf 90' lang='lat' dir='ltr'><strong>violentus</strong></span> <span class='ocrx_word' id='word_1_760' title='bbox 2441 4329 2500 4374; x_wconf 91' lang='lat' dir='ltr'><strong>ut</strong></span> <span class='ocrx_word' id='word_1_761' title='bbox 2545 4320 2724 4388; x_wconf 87' lang='lat' dir='ltr'><strong>rapias</strong></span> <span class='ocrx_word' id='word_1_762' title='bbox 2750 4319 2791 4350; x_wconf 79' lang='grc'>¹¹</span> <span class='ocrx_word' id='word_1_763' title='bbox 2820 4332 3044 4386; x_wconf 81' lang='lat' dir='ltr'><strong>regnum</strong></span> <span class='ocrx_word' id='word_1_764' title='bbox 3073 4319 3328 4373; x_wconf 76' lang='lat' dir='ltr'><strong>cmlorum</strong></span> <span class='ocrx_word' id='word_1_765' title='bbox 3351 4359 3369 4385; x_wconf 95' lang='lat'><strong>,</strong></span> <span class='ocrx_word' id='word_1_766' title='bbox 3409 4319 3556 4387; x_wconf 85' lang='lat' dir='ltr'><strong>quod</strong></span> 
     </span>
    </p>
   </div>
   <div class='ocr_carea' id='block_1_90' title="bbox 1986 4408 3557 4483">
    <p class='ocr_par' dir='ltr' id='par_1_90' title="bbox 1986 4408 3557 4483">
     <span class='ocr_line' id='line_1_90' title="bbox 1986 4408 3557 4483; baseline -0.005 -11"><span class='ocrx_word' id='word_1_767' title='bbox 1986 4418 2090 4473; x_wconf 87' lang='lat' dir='ltr'><strong>sibi</strong></span> <span class='ocrx_word' id='word_1_768' title='bbox 2145 4414 2344 4470; x_wconf 82' lang='lat' dir='ltr'><strong>auferri</strong></span> <span class='ocrx_word' id='word_1_769' title='bbox 2384 4412 2586 4483; x_wconf 89' lang='lat' dir='ltr'><strong>patitur</strong></span> <span class='ocrx_word' id='word_1_770' title='bbox 2616 4412 2687 4477; x_wconf 81' lang='grc'><strong>¹³,</strong></span> <span class='ocrx_word' id='word_1_771' title='bbox 2728 4418 2785 4465; x_wconf 91' lang='lat' dir='ltr'><strong>et</strong></span> <span class='ocrx_word' id='word_1_772' title='bbox 2826 4409 3022 4473; x_wconf 79' lang='lat' dir='ltr'><strong>gaudet</strong></span> <span class='ocrx_word' id='word_1_773' title='bbox 3060 4408 3301 4464; x_wconf 87' lang='lat' dir='ltr'><strong>Christus</strong></span> <span class='ocrx_word' id='word_1_774' title='bbox 3342 4410 3557 4473; x_wconf 86' lang='lat' dir='ltr'><strong>invadi;</strong></span> 
     </span>
    </p>
   </div>
   <div class='ocr_carea' id='block_1_91' title="bbox 384 4521 1879 4601">
    <p class='ocr_par' dir='ltr' id='par_1_91' title="bbox 384 4528 1879 4601">
     <span class='ocr_line' id='line_1_91' title="bbox 384 4528 1879 4601; baseline 0.015 -33"><span class='ocrx_word' id='word_1_775' title='bbox 384 4541 408 4568; x_wconf 78' lang='grc' dir='ltr'>ι</span> <span class='ocrx_word' id='word_1_776' title='bbox 432 4530 451 4583; x_wconf 90' lang='grc' dir='ltr'>ι</span> <span class='ocrx_word' id='word_1_777' title='bbox 478 4531 601 4586; x_wconf 70' lang='lat' dir='ltr'><strong>cor,</strong></span> <span class='ocrx_word' id='word_1_778' title='bbox 652 4546 745 4601; x_wconf 68' lang='lat' dir='ltr'><strong>yn,</strong></span> <span class='ocrx_word' id='word_1_779' title='bbox 803 4529 891 4601; x_wconf 63' lang='lat' dir='ltr'><strong>Si.</strong></span> <span class='ocrx_word' id='word_1_780' title='bbox 966 4528 1206 4601; x_wconf 66' lang='lat' dir='ltr'><strong>b_hl_atth.</strong></span> <span class='ocrx_word' id='word_1_781' title='bbox 1240 4545 1293 4595; x_wconf 83' lang='lat' dir='ltr'><strong>x,</strong></span> <span class='ocrx_word' id='word_1_782' title='bbox 1323 4528 1411 4601; x_wconf 75' lang='lat'><strong>37,</strong></span> <span class='ocrx_word' id='word_1_783' title='bbox 1444 4536 1499 4583; x_wconf 88' lang='lat' dir='ltr'><strong>et</strong></span> <span class='ocrx_word' id='word_1_784' title='bbox 1537 4530 1639 4601; x_wconf 64' lang='lat' dir='ltr'><strong>5S;</strong></span> <span class='ocrx_word' id='word_1_785' title='bbox 1684 4531 1810 4589; x_wconf 87' lang='lat' dir='ltr'><strong>Luc.</strong></span> <span class='ocrx_word' id='word_1_786' title='bbox 1855 4554 1879 4590; x_wconf 66' lang='grc' dir='ltr'><strong>κ</strong></span> 
     </span>
    </p>
   </div>
   <div class='ocr_carea' id='block_1_92' title="bbox 1986 4521 3557 4601">
    <p class='ocr_par' dir='ltr' id='par_1_92' title="bbox 2012 4521 3557 4601">
     <span class='ocr_line' id='line_1_92' title="bbox 2012 4521 3557 4601; baseline -0.007 -13"><span class='ocrx_word' id='word_1_787' title='bbox 2012 4535 2102 4588; x_wconf 77' lang='lat'><strong>‘27.</strong></span> <span class='ocrx_word' id='word_1_788' title='bbox 2180 4541 2205 4570; x_wconf 74' lang='grc' dir='ltr'><strong>ο</strong></span> <span class='ocrx_word' id='word_1_789' title='bbox 2233 4529 2425 4601; x_wconf 79' lang='lat' dir='ltr'><strong>va._</strong></span> <span class='ocrx_word' id='word_1_790' title='bbox 2441 4542 2494 4590; x_wconf 70' lang='grc' dir='ltr'><strong>ι,</strong></span> <span class='ocrx_word' id='word_1_791' title='bbox 2532 4524 2611 4601; x_wconf 39' lang='grc' dir='ltr'><strong>,ἓξ</strong></span> <span class='ocrx_word' id='word_1_792' title='bbox 2655 4524 2807 4591; x_wconf 79' lang='lat' dir='ltr'><strong>juxta</strong></span> <span class='ocrx_word' id='word_1_793' title='bbox 2836 4522 3007 4601; x_wconf 43' lang='lat' dir='ltr'><strong>LXX.</strong></span> <span class='ocrx_word' id='word_1_794' title='bbox 3071 4521 3367 4601; x_wconf 61' lang='lat' dir='ltr'><strong>¢_Snphon.</strong></span> <span class='ocrx_word' id='word_1_795' title='bbox 3397 4540 3434 4588; x_wconf 83' lang='grc' dir='ltr'><strong>ι,</strong></span> <span class='ocrx_word' id='word_1_796' title='bbox 3470 4523 3557 4579; x_wconf 84' lang='lat' dir='ltr'><strong>ll.</strong></span> 
     </span>
    </p>
   </div>
   <div class='ocr_carea' id='block_1_93' title="bbox 318 4596 1879 4669">
    <p class='ocr_par' dir='ltr' id='par_1_93' title="bbox 318 4598 1852 4669">
     <span class='ocr_line' id='line_1_93' title="bbox 318 4598 1852 4669; baseline 0.004 -17"><span class='ocrx_word' id='word_1_797' title='bbox 318 4613 340 4637; x_wconf 74' lang='grc' dir='ltr'>ε</span> <span class='ocrx_word' id='word_1_798' title='bbox 371 4601 498 4655; x_wconf 79' lang='lat' dir='ltr'><strong>Luc.</strong></span> <span class='ocrx_word' id='word_1_799' title='bbox 532 4616 601 4661; x_wconf 82' lang='lat' dir='ltr'><strong>vl,</strong></span> <span class='ocrx_word' id='word_1_800' title='bbox 643 4599 715 4651; x_wconf 71' lang='grc'><strong>24</strong></span> <span class='ocrx_word' id='word_1_801' title='bbox 742 4610 796 4653; x_wconf 89' lang='lat' dir='ltr'><strong>et</strong></span> <span class='ocrx_word' id='word_1_802' title='bbox 824 4598 912 4653; x_wconf 71' lang='lat'><strong>25.</strong></span> <span class='ocrx_word' id='word_1_803' title='bbox 958 4598 1011 4669; x_wconf 23' lang='lat'><strong>7‘</strong></span> <span class='ocrx_word' id='word_1_804' title='bbox 1044 4598 1331 4669; x_wconf 74' lang='lat' dir='ltr'><strong>Jacob._t_v,</strong></span> <span class='ocrx_word' id='word_1_805' title='bbox 1379 4598 1430 4669; x_wconf 71' lang='lat'><strong>4.</strong></span> <span class='ocrx_word' id='word_1_806' title='bbox 1457 4609 1533 4669; x_wconf 40' lang='grc' dir='ltr'><strong>νε</strong></span> <span class='ocrx_word' id='word_1_807' title='bbox 1564 4599 1747 4656; x_wconf 83' lang='lat' dir='ltr'><strong>Matth.</strong></span> <span class='ocrx_word' id='word_1_808' title='bbox 1785 4621 1852 4669; x_wconf 78' lang='lat' dir='ltr'><strong>vr,</strong></span> 
     </span>
    </p>
   </div>
   <div class='ocr_carea' id='block_1_94' title="bbox 1986 4596 2447 4669">
    <p class='ocr_par' dir='ltr' id='par_1_94' title="bbox 2047 4596 2447 4669">
     <span class='ocr_line' id='line_1_94' title="bbox 2047 4596 2447 4669; baseline -0.015 -14"><span class='ocrx_word' id='word_1_809' title='bbox 2047 4603 2072 4641; x_wconf 72' lang='grc' dir='ltr'><strong>ιι</strong></span> <span class='ocrx_word' id='word_1_810' title='bbox 2104 4602 2296 4656; x_wconf 83' lang='lat' dir='ltr'><strong>Johan.</strong></span> <span class='ocrx_word' id='word_1_811' title='bbox 2327 4615 2364 4660; x_wconf 85' lang='grc' dir='ltr'><strong>ι,</strong></span> 
     </span>
    </p>
   </div>
   <div class='ocr_carea' id='block_1_95' title="bbox 2530 4592 3556 4662">
    <p class='ocr_par' dir='ltr' id='par_1_95' title="bbox 2530 4592 3556 4662">
     <span class='ocr_line' id='line_1_95' title="bbox 2530 4592 3556 4662; baseline -0.002 -15"><span class='ocrx_word' id='word_1_812' title='bbox 2530 4593 2544 4631; x_wconf 84' lang='grc' dir='ltr'><strong>ί</strong></span> <span class='ocrx_word' id='word_1_813' title='bbox 2581 4596 2752 4662; x_wconf 83' lang='lat' dir='ltr'><strong>Apoc.</strong></span> <span class='ocrx_word' id='word_1_814' title='bbox 2792 4592 3034 4662; x_wconf 18' lang='lat'><strong>“11,714.</strong></span> <span class='ocrx_word' id='word_1_815' title='bbox 3115 4592 3129 4642; x_wconf 71' lang='grc' dir='ltr'><strong><em>ἑ</em></strong></span> <span class='ocrx_word' id='word_1_816' title='bbox 3171 4592 3308 4662; x_wconf 68' lang='lat' dir='ltr'><strong>Psal.</strong></span> <span class='ocrx_word' id='word_1_817' title='bbox 3340 4608 3556 4658; x_wconf 72' lang='lat' dir='ltr'><strong>cxxxrv,</strong></span> 
     </span>
    </p>
   </div>
   <div class='ocr_carea' id='block_1_96' title="bbox 311 4660 1879 4743">
    <p class='ocr_par' dir='ltr' id='par_1_96' title="bbox 311 4660 1874 4743">
     <span class='ocr_line' id='line_1_96' title="bbox 311 4660 1874 4743; baseline 0.004 -21"><span class='ocrx_word' id='word_1_818' title='bbox 311 4673 375 4743; x_wconf 74' lang='lat' dir='ltr'><strong>ti.</strong></span> <span class='ocrx_word' id='word_1_819' title='bbox 443 4670 474 4709; x_wconf 68' lang='grc' dir='ltr'><strong>ι’</strong></span> <span class='ocrx_word' id='word_1_820' title='bbox 496 4660 660 4743; x_wconf 50' lang='lat' dir='ltr'><strong>Coeli.</strong></span> <span class='ocrx_word' id='word_1_821' title='bbox 692 4684 923 4743; x_wconf 39' lang='grc' dir='ltr'><strong>ξξιιην,</strong></span> <span class='ocrx_word' id='word_1_822' title='bbox 955 4668 1112 4743; x_wconf 68' lang='lat' dir='ltr'><strong>Prov.</strong></span> <span class='ocrx_word' id='word_1_823' title='bbox 1138 4660 1326 4743; x_wconf 40' lang='lat' dir='ltr'><strong>x5328.</strong></span> <span class='ocrx_word' id='word_1_824' title='bbox 1408 4668 1424 4705; x_wconf 82' lang='grc' dir='ltr'>ι</span> <span class='ocrx_word' id='word_1_825' title='bbox 1456 4667 1619 4743; x_wconf 71' lang='lat' dir='ltr'><strong>Ecclj.</strong></span> <span class='ocrx_word' id='word_1_826' title='bbox 1656 4684 1805 4736; x_wconf 67' lang='lat' dir='ltr'><strong>sui,</strong></span> <span class='ocrx_word' id='word_1_827' title='bbox 1825 4660 1874 4736; x_wconf 68' lang='lat' dir='ltr'><strong>ti,</strong></span> 
     </span>
    </p>
   </div>
   <div class='ocr_carea' id='block_1_97' title="bbox 1986 4660 3549 4743">
    <p class='ocr_par' dir='ltr' id='par_1_97' title="bbox 1994 4660 3549 4743">
     <span class='ocr_line' id='line_1_97' title="bbox 1994 4660 3549 4743; baseline -0.015 -14"><span class='ocrx_word' id='word_1_828' title='bbox 1994 4669 2250 4743; x_wconf 9' lang='lat' dir='ltr'><strong>eerXX.</strong></span> <span class='ocrx_word' id='word_1_829' title='bbox 2327 4678 2366 4705; x_wconf 84' lang='grc' dir='ltr'>ω</span> <span class='ocrx_word' id='word_1_830' title='bbox 2395 4664 2553 4719; x_wconf 84' lang='lat' dir='ltr'><strong>Eccli.</strong></span> <span class='ocrx_word' id='word_1_831' title='bbox 2583 4660 2702 4730; x_wconf 63' lang='lat' dir='ltr'><strong>sit,</strong></span> <span class='ocrx_word' id='word_1_832' title='bbox 2733 4661 2789 4716; x_wconf 68' lang='lat'><strong>9..</strong></span> <span class='ocrx_word' id='word_1_833' title='bbox 2863 4660 3048 4717; x_wconf 80' lang='lat' dir='ltr'><strong>nLuc.</strong></span> <span class='ocrx_word' id='word_1_834' title='bbox 3072 4674 3193 4729; x_wconf 68' lang='lat' dir='ltr'><strong>itu,</strong></span> <span class='ocrx_word' id='word_1_835' title='bbox 3233 4660 3321 4716; x_wconf 71' lang='lat' dir='ltr'><strong>t5.</strong></span> <span class='ocrx_word' id='word_1_836' title='bbox 3396 4672 3422 4699; x_wconf 86' lang='lat'><strong>°</strong></span> <span class='ocrx_word' id='word_1_837' title='bbox 3454 4662 3549 4717; x_wconf 79' lang='lat' dir='ltr'><strong>Ec.</strong></span> 
     </span>
    </p>
   </div>
   <div class='ocr_carea' id='block_1_98' title="bbox 312 4734 1138 4806">
    <p class='ocr_par' dir='ltr' id='par_1_98' title="bbox 312 4734 1138 4806">
     <span class='ocr_line' id='line_1_98' title="bbox 312 4734 1138 4806; baseline -0.005 -13"><span class='ocrx_word' id='word_1_838' title='bbox 312 4741 400 4793; x_wconf 88' lang='lat' dir='ltr'><strong>cli.</strong></span> <span class='ocrx_word' id='word_1_839' title='bbox 435 4757 486 4806; x_wconf 91' lang='lat' dir='ltr'><strong>v,</strong></span> <span class='ocrx_word' id='word_1_840' title='bbox 524 4739 576 4792; x_wconf 90' lang='lat'><strong>8.</strong></span> <span class='ocrx_word' id='word_1_841' title='bbox 651 4750 679 4787; x_wconf 76' lang='grc' dir='ltr'><strong>ιι</strong></span> <span class='ocrx_word' id='word_1_842' title='bbox 712 4734 1007 4806; x_wconf 71' lang='lat' dir='ltr'><strong>llatth.xr,</strong></span> <span class='ocrx_word' id='word_1_843' title='bbox 1034 4734 1138 4803; x_wconf 67' lang='lat'><strong>12;</strong></span> 
     </span>
    </p>
   </div>
   <div class='ocr_carea' id='block_1_99' title="bbox 1223 4735 2149 4810">
    <p class='ocr_par' dir='ltr' id='par_1_99' title="bbox 1223 4735 2149 4810">
     <span class='ocr_line' id='line_1_99' title="bbox 1223 4735 2149 4810; baseline 0.004 -21"><span class='ocrx_word' id='word_1_844' title='bbox 1223 4735 1353 4791; x_wconf 83' lang='lat' dir='ltr'><strong>Luc.</strong></span> <span class='ocrx_word' id='word_1_845' title='bbox 1385 4753 1491 4800; x_wconf 73' lang='lat' dir='ltr'><strong>xw,</strong></span> <span class='ocrx_word' id='word_1_846' title='bbox 1526 4739 1610 4791; x_wconf 81' lang='grc'><strong>16.</strong></span> <span class='ocrx_word' id='word_1_847' title='bbox 1688 4752 1713 4790; x_wconf 75' lang='grc' dir='ltr'>ς</span> <span class='ocrx_word' id='word_1_848' title='bbox 1745 4735 1871 4798; x_wconf 80' lang='lat' dir='ltr'><strong>Luc.</strong></span> <span class='ocrx_word' id='word_1_849' title='bbox 1923 4735 2017 4810; x_wconf 77' lang='lat' dir='ltr'><strong>In,</strong></span> <span class='ocrx_word' id='word_1_850' title='bbox 2064 4742 2149 4794; x_wconf 69' lang='grc' dir='ltr'><strong>Η.</strong></span> 
     </span>
    </p>
   </div>
   <div class='ocr_carea' id='block_1_100' title="bbox 388 4863 3563 4943">
    <p class='ocr_par' dir='ltr' id='par_1_100' title="bbox 388 4863 3563 4943">
     <span class='ocr_line' id='line_1_100' title="bbox 388 4863 3563 4943; baseline -0.001 -19"><span class='ocrx_word' id='word_1_851' title='bbox 388 4874 465 4943; x_wconf 85' lang='lat' dir='ltr'><strong>(a)</strong></span> <span class='ocrx_word' id='word_1_852' title='bbox 498 4871 593 4943; x_wconf 49' lang='grc' dir='ltr'><strong>κίε.</strong></span> <span class='ocrx_word' id='word_1_853' title='bbox 623 4869 1130 4943; x_wconf 64' lang='lat' dir='ltr'><strong>code;__Victorinus</strong></span> <span class='ocrx_word' id='word_1_854' title='bbox 1155 4868 1475 4943; x_wconf 78' lang='lat' dir='ltr'><strong>et_sex_editi</strong></span> <span class='ocrx_word' id='word_1_855' title='bbox 1502 4870 1704 4925; x_wconf 88' lang='lat' dir='ltr'><strong>addunt</strong></span> <span class='ocrx_word' id='word_1_856' title='bbox 1726 4871 1879 4935; x_wconf 83' lang='lat' dir='ltr'><strong>Quia.</strong></span> <span class='ocrx_word' id='word_1_857' title='bbox 1916 4879 1962 4939; x_wconf 80' lang='grc' dir='ltr'>υ</span> <span class='ocrx_word' id='word_1_858' title='bbox 1985 4887 2089 4941; x_wconf 92' lang='lat' dir='ltr'><strong>que</strong></span> <span class='ocrx_word' id='word_1_859' title='bbox 2115 4869 2439 4943; x_wconf 72' lang='lat' dir='ltr'><strong>discingitur.</strong></span> <span class='ocrx_word' id='word_1_860' title='bbox 2456 4864 2627 4943; x_wconf 38' lang='lat' dir='ltr'><strong>“Apud</strong></span> <span class='ocrx_word' id='word_1_861' title='bbox 2652 4863 3017 4943; x_wconf 76' lang='lat' dir='ltr'><strong>Prud_entium_,</strong></span> <span class='ocrx_word' id='word_1_862' title='bbox 3037 4866 3188 4943; x_wconf 65' lang='lat' dir='ltr'><strong>quod</strong></span> <span class='ocrx_word' id='word_1_863' title='bbox 3222 4865 3358 4943; x_wconf 80' lang='lat' dir='ltr'><strong>idem</strong></span> <span class='ocrx_word' id='word_1_864' title='bbox 3388 4875 3471 4921; x_wconf 89' lang='lat' dir='ltr'><strong>est</strong></span> <span class='ocrx_word' id='word_1_865' title='bbox 3498 4883 3563 4922; x_wconf 87' lang='lat' dir='ltr'><strong>ac</strong></span> 
     </span>
    </p>
   </div>
   <div class='ocr_carea' id='block_1_101' title="bbox 390 4937 1889 5008">
    <p class='ocr_par' dir='ltr' id='par_1_101' title="bbox 390 4937 1889 5008">
     <span class='ocr_line' id='line_1_101' title="bbox 390 4937 1889 5008; baseline 0.001 -14"><span class='ocrx_word' id='word_1_866' title='bbox 390 4937 465 5008; x_wconf 76' lang='grc' dir='ltr'><strong>(ὁ)</strong></span> <span class='ocrx_word' id='word_1_867' title='bbox 506 4940 583 4994; x_wconf 76' lang='lat' dir='ltr'><strong>Ex</strong></span> <span class='ocrx_word' id='word_1_868' title='bbox 614 4956 711 4993; x_wconf 87' lang='lat' dir='ltr'><strong>ms.</strong></span> <span class='ocrx_word' id='word_1_869' title='bbox 765 4939 1038 4993; x_wconf 85' lang='lat' dir='ltr'><strong>Victorino</strong></span> <span class='ocrx_word' id='word_1_870' title='bbox 1075 4946 1130 4993; x_wconf 87' lang='lat' dir='ltr'><strong>et</strong></span> <span class='ocrx_word' id='word_1_871' title='bbox 1160 4938 1289 4992; x_wconf 90' lang='lat' dir='ltr'><strong>edit.</strong></span> <span class='ocrx_word' id='word_1_872' title='bbox 1324 4937 1561 5005; x_wconf 85' lang='lat' dir='ltr'><strong>Mogunt.</strong></span> <span class='ocrx_word' id='word_1_873' title='bbox 1586 4945 1889 4995; x_wconf 78' lang='lat' dir='ltr'><strong>emendavi-</strong></span> 
     </span>
    </p>
   </div>
   <div class='ocr_carea' id='block_1_102' title="bbox 312 5008 1888 5074">
    <p class='ocr_par' dir='ltr' id='par_1_102' title="bbox 312 5008 1888 5074">
     <span class='ocr_line' id='line_1_102' title="bbox 312 5008 1888 5074; baseline -0.001 -7"><span class='ocrx_word' id='word_1_874' title='bbox 312 5029 435 5067; x_wconf 88' lang='lat' dir='ltr'><strong>mus</strong></span> <span class='ocrx_word' id='word_1_875' title='bbox 463 5012 553 5063; x_wconf 89' lang='lat' dir='ltr'><strong>ait.</strong></span> <span class='ocrx_word' id='word_1_876' title='bbox 585 5009 686 5062; x_wconf 87' lang='lat' dir='ltr'><strong>Alii</strong></span> <span class='ocrx_word' id='word_1_877' title='bbox 714 5008 817 5062; x_wconf 88' lang='lat' dir='ltr'><strong>cod</strong></span> <span class='ocrx_word' id='word_1_878' title='bbox 838 5010 870 5060; x_wconf 93' lang='grc' dir='ltr'><strong>Ι.</strong></span> <span class='ocrx_word' id='word_1_879' title='bbox 892 5048 906 5072; x_wconf 89' lang='grc'>,</span> <span class='ocrx_word' id='word_1_880' title='bbox 938 5009 1146 5074; x_wconf 85' lang='lat' dir='ltr'><strong>dicitur,</strong></span> <span class='ocrx_word' id='word_1_881' title='bbox 1176 5009 1351 5061; x_wconf 86' lang='lat' dir='ltr'><strong>minus</strong></span> <span class='ocrx_word' id='word_1_882' title='bbox 1372 5008 1528 5061; x_wconf 86' lang='lat' dir='ltr'><strong>bene.</strong></span> <span class='ocrx_word' id='word_1_883' title='bbox 1578 5009 1709 5064; x_wconf 81' lang='lat' dir='ltr'><strong>Vide</strong></span> <span class='ocrx_word' id='word_1_884' title='bbox 1735 5022 1888 5066; x_wconf 83' lang='lat' dir='ltr'><strong>ante-</strong></span> 
     </span>
    </p>
   </div>
   <div class='ocr_carea' id='block_1_103' title="bbox 310 5078 921 5147">
    <p class='ocr_par' dir='ltr' id='par_1_103' title="bbox 310 5078 921 5147">
     <span class='ocr_line' id='line_1_103' title="bbox 310 5078 921 5147; baseline -0.01 -10"><span class='ocrx_word' id='word_1_885' title='bbox 310 5082 557 5137; x_wconf 79' lang='lat' dir='ltr'><strong>cedentia</strong></span> <span class='ocrx_word' id='word_1_886' title='bbox 589 5087 647 5132; x_wconf 89' lang='lat' dir='ltr'><strong>et</strong></span> <span class='ocrx_word' id='word_1_887' title='bbox 670 5078 921 5147; x_wconf 80' lang='lat' dir='ltr'><strong>subseqq.</strong></span> 
     </span>
    </p>
   </div>
   <div class='ocr_carea' id='block_1_104' title="bbox 389 5144 1889 5220">
    <p class='ocr_par' dir='ltr' id='par_1_104' title="bbox 389 5144 1889 5220">
     <span class='ocr_line' id='line_1_104' title="bbox 389 5144 1889 5220; baseline 0 -19"><span class='ocrx_word' id='word_1_888' title='bbox 389 5150 460 5220; x_wconf 80' lang='grc' dir='ltr'><strong>(ε)</strong></span> <span class='ocrx_word' id='word_1_889' title='bbox 500 5148 625 5220; x_wconf 73' lang='lat' dir='ltr'><strong>Mss.</strong></span> <span class='ocrx_word' id='word_1_890' title='bbox 657 5144 829 5201; x_wconf 87' lang='lat' dir='ltr'><strong>Vatic.</strong></span> <span class='ocrx_word' id='word_1_891' title='bbox 852 5144 916 5220; x_wconf 40' lang='lat' dir='ltr'><strong>:e&#39;t</strong></span> <span class='ocrx_word' id='word_1_892' title='bbox 938 5146 1141 5220; x_wconf 76' lang='lat' dir='ltr'><strong>Victor.</strong></span> <span class='ocrx_word' id='word_1_893' title='bbox 1165 5161 1283 5200; x_wconf 91' lang='lat' dir='ltr'><strong>cum</strong></span> <span class='ocrx_word' id='word_1_894' title='bbox 1305 5145 1461 5220; x_wconf 76' lang='lat' dir='ltr'><strong>editis</strong></span> <span class='ocrx_word' id='word_1_895' title='bbox 1482 5160 1596 5210; x_wconf 82' lang='lat' dir='ltr'><strong>sex,</strong></span> <span class='ocrx_word' id='word_1_896' title='bbox 1625 5145 1752 5201; x_wconf 85' lang='lat' dir='ltr'><strong>Deo.</strong></span> <span class='ocrx_word' id='word_1_897' title='bbox 1784 5147 1889 5220; x_wconf 83' lang='lat' dir='ltr'><strong>Sed</strong></span> 
     </span>
    </p>
   </div>
   <div class='ocr_carea' id='block_1_105' title="bbox 1990 4933 3564 5007">
    <p class='ocr_par' dir='ltr' id='par_1_105' title="bbox 1990 4933 3564 5007">
     <span class='ocr_line' id='line_1_105' title="bbox 1990 4933 3564 5007; baseline -0.008 -12"><span class='ocrx_word' id='word_1_898' title='bbox 1990 4933 2307 5001; x_wconf 56' lang='lat' dir='ltr'><strong>exarmatur,</strong></span> <span class='ocrx_word' id='word_1_899' title='bbox 2330 4938 2423 4991; x_wconf 87' lang='lat' dir='ltr'><strong>lib.</strong></span> <span class='ocrx_word' id='word_1_900' title='bbox 2444 4933 2838 5007; x_wconf 68' lang='lat' dir='ltr'><strong>Psychomach.</strong></span> <span class='ocrx_word' id='word_1_901' title='bbox 2872 4949 2920 4987; x_wconf 69' lang='grc' dir='ltr'><strong>ν.</strong></span> <span class='ocrx_word' id='word_1_902' title='bbox 2953 4933 3075 5007; x_wconf 58' lang='grc'><strong>634,</strong></span> <span class='ocrx_word' id='word_1_903' title='bbox 3111 4933 3427 5007; x_wconf 76' lang='lat' dir='ltr'><strong>Discingitnr</strong></span> <span class='ocrx_word' id='word_1_904' title='bbox 3463 4954 3564 4989; x_wconf 80' lang='lat' dir='ltr'><strong>om.</strong></span> 
     </span>
    </p>
   </div>
   <div class='ocr_carea' id='block_1_106' title="bbox 1992 5003 3563 5074">
    <p class='ocr_par' dir='ltr' id='par_1_106' title="bbox 1992 5003 3563 5074">
     <span class='ocr_line' id='line_1_106' title="bbox 1992 5003 3563 5074; baseline -0.003 -11"><span class='ocrx_word' id='word_1_905' title='bbox 1992 5012 2070 5064; x_wconf 82' lang='lat' dir='ltr'><strong>nis</strong></span> <span class='ocrx_word' id='word_1_906' title='bbox 2096 5009 2314 5069; x_wconf 87' lang='lat' dir='ltr'><strong>Terror;</strong></span> <span class='ocrx_word' id='word_1_907' title='bbox 2346 5015 2401 5059; x_wconf 89' lang='lat' dir='ltr'><strong>et</strong></span> <span class='ocrx_word' id='word_1_908' title='bbox 2422 5003 2572 5068; x_wconf 53' lang='lat' dir='ltr'><strong>ibidl,</strong></span> <span class='ocrx_word' id='word_1_909' title='bbox 2604 5020 2653 5056; x_wconf 90' lang='lat' dir='ltr'><strong>v.</strong></span> <span class='ocrx_word' id='word_1_910' title='bbox 2683 5003 2874 5056; x_wconf 64' lang='lat'><strong>824....</strong></span> <span class='ocrx_word' id='word_1_911' title='bbox 2901 5004 3073 5057; x_wconf 79' lang='lat' dir='ltr'><strong>sedem</strong></span> <span class='ocrx_word' id='word_1_912' title='bbox 3104 5003 3340 5074; x_wconf 82' lang='lat' dir='ltr'><strong>properet</strong></span> <span class='ocrx_word' id='word_1_913' title='bbox 3367 5006 3563 5058; x_wconf 68' lang='lat' dir='ltr'><strong>discin~</strong></span> 
     </span>
    </p>
   </div>
   <div class='ocr_carea' id='block_1_107' title="bbox 1990 5079 2343 5148">
    <p class='ocr_par' dir='ltr' id='par_1_107' title="bbox 1990 5079 2343 5148">
     <span class='ocr_line' id='line_1_107' title="bbox 1990 5079 2343 5148; baseline -0.014 -16"><span class='ocrx_word' id='word_1_914' title='bbox 1990 5089 2072 5133; x_wconf 85' lang='lat' dir='ltr'><strong>cta</strong></span> <span class='ocrx_word' id='word_1_915' title='bbox 2088 5079 2343 5148; x_wconf 71' lang='lat' dir='ltr'><strong>juventus.</strong></span> 
     </span>
    </p>
   </div>
   <div class='ocr_carea' id='block_1_108' title="bbox 2066 5138 3565 5219">
    <p class='ocr_par' dir='ltr' id='par_1_108' title="bbox 2066 5138 3565 5219">
     <span class='ocr_line' id='line_1_108' title="bbox 2066 5138 3565 5219; baseline -0.005 -17"><span class='ocrx_word' id='word_1_916' title='bbox 2066 5138 2136 5219; x_wconf 62' lang='grc' dir='ltr'><strong>(ἰ)</strong></span> <span class='ocrx_word' id='word_1_917' title='bbox 2172 5146 2373 5219; x_wconf 54' lang='grc' dir='ltr'><strong>(ξηροῦ,</strong></span> <span class='ocrx_word' id='word_1_918' title='bbox 2404 5151 2672 5207; x_wconf 73' lang='grc' dir='ltr'><strong>πεσεῖταις</strong></span> <span class='ocrx_word' id='word_1_919' title='bbox 2697 5141 2943 5209; x_wconf 76' lang='lat' dir='ltr'><strong>Vulgata,</strong></span> <span class='ocrx_word' id='word_1_920' title='bbox 2969 5151 3191 5196; x_wconf 86' lang='lat' dir='ltr'><strong>corruet.</strong></span> <span class='ocrx_word' id='word_1_921' title='bbox 3214 5141 3312 5197; x_wconf 84' lang='lat' dir='ltr'><strong>Ed.</strong></span> <span class='ocrx_word' id='word_1_922' title='bbox 3336 5138 3565 5207; x_wconf 83' lang='lat' dir='ltr'><strong>Erasm.,</strong></span> 
     </span>
    </p>
   </div>
   <div class='ocr_carea' id='block_1_109' title="bbox 316 5214 2357 5286">
    <p class='ocr_par' dir='ltr' id='par_1_109' title="bbox 316 5214 2357 5286">
     <span class='ocr_line' id='line_1_109' title="bbox 316 5214 2357 5286; baseline -0.004 -13"><span class='ocrx_word' id='word_1_923' title='bbox 316 5214 658 5273; x_wconf 85' lang='lat' dir='ltr'><strong>ratiocinatio</strong></span> <span class='ocrx_word' id='word_1_924' title='bbox 686 5216 942 5286; x_wconf 76' lang='lat' dir='ltr'><strong>postulat,</strong></span> <span class='ocrx_word' id='word_1_925' title='bbox 978 5216 1220 5282; x_wconf 82' lang='lat' dir='ltr'><strong>Domino,</strong></span> <span class='ocrx_word' id='word_1_926' title='bbox 1250 5229 1316 5268; x_wconf 90' lang='lat' dir='ltr'><strong>ne</strong></span> <span class='ocrx_word' id='word_1_927' title='bbox 1344 5214 1396 5268; x_wconf 89' lang='lat' dir='ltr'><strong>id</strong></span> <span class='ocrx_word' id='word_1_928' title='bbox 1424 5224 1726 5270; x_wconf 86' lang='lat' dir='ltr'><strong>assumatur</strong></span> <span class='ocrx_word' id='word_1_929' title='bbox 1747 5216 1888 5285; x_wconf 92' lang='lat' dir='ltr'><strong>quod</strong></span> <span class='ocrx_word' id='word_1_930' title='bbox 1994 5214 2357 5286; x_wconf 69' lang='lat' dir='ltr'><strong>implicabitur.</strong></span> 
     </span>
    </p>
   </div>
   <div class='ocr_carea' id='block_1_110' title="bbox 311 5284 1082 5355">
    <p class='ocr_par' dir='ltr' id='par_1_110' title="bbox 311 5284 1082 5355">
     <span class='ocr_line' id='line_1_110' title="bbox 311 5284 1082 5355; baseline -0.01 -11"><span class='ocrx_word' id='word_1_931' title='bbox 311 5284 804 5355; x_wconf 43' lang='lat' dir='ltr'><strong>colligendum—est.</strong></span> <span class='ocrx_word' id='word_1_932' title='bbox 837 5284 1082 5355; x_wconf 71' lang='lat' dir='ltr'><strong>SACCHIN.</strong></span> 
     </span>
    </p>
   </div>
   <div class='ocr_carea' id='block_1_111' title="bbox 2066 5278 3567 5355">
    <p class='ocr_par' dir='ltr' id='par_1_111' title="bbox 2066 5278 3567 5355">
     <span class='ocr_line' id='line_1_111' title="bbox 2066 5278 3567 5355; baseline -0.005 -17"><span class='ocrx_word' id='word_1_933' title='bbox 2066 5278 2145 5355; x_wconf 67' lang='lat' dir='ltr'><strong>(g)</strong></span> <span class='ocrx_word' id='word_1_934' title='bbox 2181 5283 2339 5339; x_wconf 78' lang='lat' dir='ltr'><strong>Juxta</strong></span> <span class='ocrx_word' id='word_1_935' title='bbox 2388 5289 2590 5355; x_wconf 81' lang='lat' dir='ltr'><strong>textum</strong></span> <span class='ocrx_word' id='word_1_936' title='bbox 2655 5279 2897 5355; x_wconf 63' lang='lat' dir='ltr'><strong>Graecum</strong></span> <span class='ocrx_word' id='word_1_937' title='bbox 2940 5279 3170 5355; x_wconf 77' lang='lat' dir='ltr'><strong>legerem</strong></span> <span class='ocrx_word' id='word_1_938' title='bbox 3213 5299 3223 5332; x_wconf 91' lang='lat'><strong>:</strong></span> <span class='ocrx_word' id='word_1_939' title='bbox 3266 5278 3418 5355; x_wconf 49' lang='lat' dir='ltr'><strong>{fulti</strong></span> <span class='ocrx_word' id='word_1_940' title='bbox 3461 5278 3567 5330; x_wconf 86' lang='lat' dir='ltr'><strong>dati</strong></span> 
     </span>
    </p>
   </div>
   <div class='ocr_carea' id='block_1_112' title="bbox 397 5348 3567 5423">
    <p class='ocr_par' dir='ltr' id='par_1_112' title="bbox 397 5348 3567 5423">
     <span class='ocr_line' id='line_1_112' title="bbox 397 5348 3567 5423; baseline -0.003 -15"><span class='ocrx_word' id='word_1_941' title='bbox 397 5348 471 5423; x_wconf 59' lang='grc' dir='ltr'><strong>(ὦ</strong></span> <span class='ocrx_word' id='word_1_942' title='bbox 512 5356 639 5410; x_wconf 73' lang='lat' dir='ltr'><strong>Dum</strong></span> <span class='ocrx_word' id='word_1_943' title='bbox 685 5369 847 5409; x_wconf 79' lang='lat' dir='ltr'><strong>voces</strong></span> <span class='ocrx_word' id='word_1_944' title='bbox 890 5354 1141 5408; x_wconf 82' lang='lat' dir='ltr'><strong>Dominus</strong></span> <span class='ocrx_word' id='word_1_945' title='bbox 1176 5361 1226 5405; x_wconf 89' lang='lat' dir='ltr'><strong>et</strong></span> <span class='ocrx_word' id='word_1_946' title='bbox 1257 5352 1451 5423; x_wconf 72' lang='lat' dir='ltr'><strong>absunt</strong></span> <span class='ocrx_word' id='word_1_947' title='bbox 1476 5367 1507 5405; x_wconf 88' lang='lat' dir='ltr'><strong>a</strong></span> <span class='ocrx_word' id='word_1_948' title='bbox 1537 5368 1635 5406; x_wconf 86' lang='lat' dir='ltr'><strong>ms.</strong></span> <span class='ocrx_word' id='word_1_949' title='bbox 1671 5353 1806 5408; x_wconf 83' lang='lat' dir='ltr'><strong>Vict.</strong></span> <span class='ocrx_word' id='word_1_950' title='bbox 1839 5360 1893 5409; x_wconf 88' lang='lat' dir='ltr'><strong>et</strong></span> <span class='ocrx_word' id='word_1_951' title='bbox 1996 5348 2211 5423; x_wconf 42' lang='lat' dir='ltr'><strong>suth&#39;in</strong></span> <span class='ocrx_word' id='word_1_952' title='bbox 2256 5367 2432 5423; x_wconf 86' lang='lat' dir='ltr'><strong>casum</strong></span> <span class='ocrx_word' id='word_1_953' title='bbox 2476 5350 2589 5423; x_wconf 74' lang='lat' dir='ltr'><strong>auri</strong></span> <span class='ocrx_word' id='word_1_954' title='bbox 2616 5348 3121 5423; x_wconf 30' lang='lat' dir='ltr'><strong>causa.,_ia_v_&#39;rn_tibus</strong></span> <span class='ocrx_word' id='word_1_955' title='bbox 3152 5363 3249 5423; x_wconf 66' lang='grc' dir='ltr'><strong>ηις.</strong></span> <span class='ocrx_word' id='word_1_956' title='bbox 3285 5349 3480 5423; x_wconf 76' lang='lat' dir='ltr'><strong>Victor.</strong></span> <span class='ocrx_word' id='word_1_957' title='bbox 3515 5355 3567 5399; x_wconf 89' lang='lat' dir='ltr'><strong>et</strong></span> 
     </span>
    </p>
   </div>
   <div class='ocr_carea' id='block_1_113' title="bbox 237 5420 1452 5494">
    <p class='ocr_par' dir='ltr' id='par_1_113' title="bbox 237 5420 1452 5494">
     <span class='ocr_line' id='line_1_113' title="bbox 237 5420 1452 5494; baseline -0.008 -11"><span class='ocrx_word' id='word_1_958' title='bbox 237 5438 249 5450; x_wconf 91' lang='lat'><strong><em>’</em></strong></span> <span class='ocrx_word' id='word_1_959' title='bbox 316 5420 738 5494; x_wconf 42' lang='lat' dir='ltr'><strong>edd.&#39;Mogunt.,</strong></span> <span class='ocrx_word' id='word_1_960' title='bbox 766 5424 943 5494; x_wconf 68' lang='lat' dir='ltr'><strong>Rom,</strong></span> <span class='ocrx_word' id='word_1_961' title='bbox 972 5423 1181 5494; x_wconf 61' lang='lat' dir='ltr'><strong>Erasini.</strong></span> <span class='ocrx_word' id='word_1_962' title='bbox 1207 5429 1263 5475; x_wconf 93' lang='lat' dir='ltr'><strong>et</strong></span> <span class='ocrx_word' id='word_1_963' title='bbox 1289 5420 1452 5475; x_wconf 85' lang='lat' dir='ltr'><strong>Pone.</strong></span> 
     </span>
    </p>
   </div>
   <div class='ocr_carea' id='block_1_114' title="bbox 1980 5412 3566 5488">
    <p class='ocr_par' dir='ltr' id='par_1_114' title="bbox 1980 5412 3566 5488">
     <span class='ocr_line' id='line_1_114' title="bbox 1980 5412 3566 5488; baseline -0.004 -12"><span class='ocrx_word' id='word_1_964' title='bbox 1980 5422 2087 5476; x_wconf 81' lang='lat' dir='ltr'><strong>ed.</strong></span> <span class='ocrx_word' id='word_1_965' title='bbox 2122 5422 2278 5477; x_wconf 83' lang='lat' dir='ltr'><strong>Rom.</strong></span> <span class='ocrx_word' id='word_1_966' title='bbox 2318 5422 2370 5474; x_wconf 91' lang='lat' dir='ltr'><strong>in</strong></span> <span class='ocrx_word' id='word_1_967' title='bbox 2400 5420 2623 5488; x_wconf 87' lang='lat' dir='ltr'><strong>quibus,</strong></span> <span class='ocrx_word' id='word_1_968' title='bbox 2656 5412 2809 5471; x_wconf 68' lang='lat' dir='ltr'><strong>Mulri</strong></span> <span class='ocrx_word' id='word_1_969' title='bbox 2846 5416 2993 5470; x_wconf 73' lang='lat' dir='ltr'><strong>dilati</strong></span> <span class='ocrx_word' id='word_1_970' title='bbox 3022 5426 3139 5470; x_wconf 88' lang='lat' dir='ltr'><strong>sunt</strong></span> <span class='ocrx_word' id='word_1_971' title='bbox 3168 5420 3219 5470; x_wconf 85' lang='lat' dir='ltr'><strong>in</strong></span> <span class='ocrx_word' id='word_1_972' title='bbox 3248 5418 3360 5469; x_wconf 84' lang='lat' dir='ltr'><strong>auri</strong></span> <span class='ocrx_word' id='word_1_973' title='bbox 3389 5430 3566 5469; x_wconf 85' lang='lat' dir='ltr'><strong>causa.</strong></span> 
     </span>
    </p>
   </div>
   <div class='ocr_carea' id='block_1_115' title="bbox 398 5488 2892 5561">
    <p class='ocr_par' dir='ltr' id='par_1_115' title="bbox 398 5488 2892 5561">
     <span class='ocr_line' id='line_1_115' title="bbox 398 5488 2892 5561; baseline -0.004 -13"><span class='ocrx_word' id='word_1_974' title='bbox 398 5498 469 5561; x_wconf 92' lang='lat' dir='ltr'><strong>(e)</strong></span> <span class='ocrx_word' id='word_1_975' title='bbox 508 5488 590 5548; x_wconf 69' lang='lat' dir='ltr'><strong>Ita</strong></span> <span class='ocrx_word' id='word_1_976' title='bbox 631 5488 762 5548; x_wconf 82' lang='lat' dir='ltr'><strong>mss.</strong></span> <span class='ocrx_word' id='word_1_977' title='bbox 805 5492 977 5547; x_wconf 88' lang='lat' dir='ltr'><strong>Vatic.</strong></span> <span class='ocrx_word' id='word_1_978' title='bbox 1024 5502 1081 5546; x_wconf 88' lang='lat' dir='ltr'><strong>et</strong></span> <span class='ocrx_word' id='word_1_979' title='bbox 1125 5491 1273 5561; x_wconf 63' lang='lat' dir='ltr'><strong>Vict.</strong></span> <span class='ocrx_word' id='word_1_980' title='bbox 1304 5506 1424 5544; x_wconf 88' lang='lat' dir='ltr'><strong>cum</strong></span> <span class='ocrx_word' id='word_1_981' title='bbox 1462 5490 1590 5543; x_wconf 89' lang='lat' dir='ltr'><strong>edit.</strong></span> <span class='ocrx_word' id='word_1_982' title='bbox 1624 5490 1787 5561; x_wconf 81' lang='lat' dir='ltr'><strong>Bosv.</strong></span> <span class='ocrx_word' id='word_1_983' title='bbox 1829 5488 1898 5543; x_wconf 86' lang='lat' dir='ltr'><strong>Et</strong></span> <span class='ocrx_word' id='word_1_984' title='bbox 2005 5492 2468 5561; x_wconf 24' lang='lat' dir='ltr'><strong>Vulguautiisunt</strong></span> <span class='ocrx_word' id='word_1_985' title='bbox 2495 5489 2551 5540; x_wconf 89' lang='lat' dir='ltr'><strong>in</strong></span> <span class='ocrx_word' id='word_1_986' title='bbox 2577 5489 2692 5561; x_wconf 77' lang='lat' dir='ltr'><strong>auri</strong></span> <span class='ocrx_word' id='word_1_987' title='bbox 2722 5504 2892 5561; x_wconf 65' lang='lat' dir='ltr'><strong>casus.</strong></span> 
     </span>
    </p>
   </div>
   <div class='ocr_carea' id='block_1_116' title="bbox 318 5559 1898 5634">
    <p class='ocr_par' dir='ltr' id='par_1_116' title="bbox 318 5559 1898 5634">
     <span class='ocr_line' id='line_1_116' title="bbox 318 5559 1898 5634; baseline -0.006 -14"><span class='ocrx_word' id='word_1_988' title='bbox 318 5559 528 5634; x_wconf 80' lang='lat' dir='ltr'><strong>optime</strong></span> <span class='ocrx_word' id='word_1_989' title='bbox 554 5563 882 5634; x_wconf 86' lang='lat' dir='ltr'><strong>conveniunt</strong></span> <span class='ocrx_word' id='word_1_990' title='bbox 908 5562 1169 5634; x_wconf 77' lang='lat' dir='ltr'><strong>vocabula</strong></span> <span class='ocrx_word' id='word_1_991' title='bbox 1188 5559 1454 5623; x_wconf 83' lang='lat' dir='ltr'><strong>militaria,</strong></span> <span class='ocrx_word' id='word_1_992' title='bbox 1487 5561 1658 5627; x_wconf 88' lang='lat' dir='ltr'><strong>inquit</strong></span> <span class='ocrx_word' id='word_1_993' title='bbox 1681 5560 1898 5634; x_wconf 78' lang='lat' dir='ltr'><strong>Sacchi-</strong></span> 
     </span>
    </p>
   </div>
   <div class='ocr_carea' id='block_1_117' title="bbox 323 5629 1896 5699">
    <p class='ocr_par' dir='ltr' id='par_1_117' title="bbox 323 5629 1896 5699">
     <span class='ocr_line' id='line_1_117' title="bbox 323 5629 1896 5699; baseline -0.006 -11"><span class='ocrx_word' id='word_1_994' title='bbox 323 5629 447 5688; x_wconf 71' lang='lat' dir='ltr'><strong>niis.</strong></span> <span class='ocrx_word' id='word_1_995' title='bbox 478 5633 531 5685; x_wconf 94' lang='lat' dir='ltr'><strong>ln</strong></span> <span class='ocrx_word' id='word_1_996' title='bbox 561 5633 719 5687; x_wconf 79' lang='lat' dir='ltr'><strong>editis</strong></span> <span class='ocrx_word' id='word_1_997' title='bbox 762 5648 855 5684; x_wconf 80' lang='lat' dir='ltr'><strong>sex</strong></span> <span class='ocrx_word' id='word_1_998' title='bbox 874 5672 887 5693; x_wconf 93' lang='lat'><strong>,</strong></span> <span class='ocrx_word' id='word_1_999' title='bbox 932 5632 1012 5684; x_wconf 86' lang='lat' dir='ltr'><strong>cui</strong></span> <span class='ocrx_word' id='word_1_1000' title='bbox 1048 5631 1352 5699; x_wconf 85' lang='lat' dir='ltr'><strong>conjunctus</strong></span> <span class='ocrx_word' id='word_1_1001' title='bbox 1383 5629 1896 5699; x_wconf 15' lang='lat' dir='ltr'><strong>numquantidisjun-</strong></span> 
     </span>
    </p>
   </div>
   <div class='ocr_carea' id='block_1_118' title="bbox 318 5698 1897 5774">
    <p class='ocr_par' dir='ltr' id='par_1_118' title="bbox 318 5698 1897 5774">
     <span class='ocr_line' id='line_1_118' title="bbox 318 5698 1897 5774; baseline -0.003 -18"><span class='ocrx_word' id='word_1_1002' title='bbox 318 5706 482 5774; x_wconf 78' lang='lat' dir='ltr'><strong>gitur.</strong></span> <span class='ocrx_word' id='word_1_1003' title='bbox 517 5701 802 5757; x_wconf 75' lang='lat' dir='ltr'><strong>Verissima</strong></span> <span class='ocrx_word' id='word_1_1004' title='bbox 828 5701 985 5755; x_wconf 89' lang='lat' dir='ltr'><strong>lectio</strong></span> <span class='ocrx_word' id='word_1_1005' title='bbox 1018 5715 1081 5754; x_wconf 87' lang='lat' dir='ltr'><strong>ea</strong></span> <span class='ocrx_word' id='word_1_1006' title='bbox 1110 5698 1270 5766; x_wconf 83' lang='lat' dir='ltr'><strong>quam</strong></span> <span class='ocrx_word' id='word_1_1007' title='bbox 1305 5699 1613 5752; x_wconf 87' lang='lat' dir='ltr'><strong>retinemus.</strong></span> <span class='ocrx_word' id='word_1_1008' title='bbox 1647 5698 1737 5752; x_wconf 86' lang='lat' dir='ltr'><strong>Sic</strong></span> <span class='ocrx_word' id='word_1_1009' title='bbox 1759 5712 1897 5766; x_wconf 86' lang='lat' dir='ltr'><strong>quo-</strong></span> 
     </span>
    </p>
   </div>
   <div class='ocr_carea' id='block_1_119' title="bbox 2075 5552 3483 5629">
    <p class='ocr_par' dir='ltr' id='par_1_119' title="bbox 2075 5552 3483 5629">
     <span class='ocr_line' id='line_1_119' title="bbox 2075 5552 3483 5629; baseline -0.009 -15"><span class='ocrx_word' id='word_1_1010' title='bbox 2075 5552 2291 5629; x_wconf 62' lang='lat' dir='ltr'><strong>(ths.</strong></span> <span class='ocrx_word' id='word_1_1011' title='bbox 2324 5559 2464 5613; x_wconf 74' lang='lat' dir='ltr'><strong>Vict.</strong></span> <span class='ocrx_word' id='word_1_1012' title='bbox 2497 5564 2552 5611; x_wconf 90' lang='lat' dir='ltr'><strong>et</strong></span> <span class='ocrx_word' id='word_1_1013' title='bbox 2579 5558 2706 5629; x_wconf 78' lang='lat' dir='ltr'><strong>edit.</strong></span> <span class='ocrx_word' id='word_1_1014' title='bbox 2740 5555 2895 5629; x_wconf 42' lang='lat' dir='ltr'><strong>lingu.</strong></span> <span class='ocrx_word' id='word_1_1015' title='bbox 2927 5553 3172 5629; x_wconf 58' lang='lat' dir='ltr'><strong>et_blog.,</strong></span> <span class='ocrx_word' id='word_1_1016' title='bbox 3206 5552 3483 5629; x_wconf 57' lang='lat' dir='ltr'><strong>Propheta.</strong></span> 
     </span>
    </p>
   </div>
   <div class='ocr_carea' id='block_1_120' title="bbox 2007 5619 3565 5751">
    <p class='ocr_par' dir='ltr' id='par_1_120' title="bbox 2007 5619 3565 5751">
     <span class='ocr_line' id='line_1_120' title="bbox 2007 5619 3565 5751; baseline -0.004 -69"><span class='ocrx_word' id='word_1_1017' title='bbox 2007 5698 2040 5751; x_wconf 63' lang='grc' dir='ltr'>ά</span> <span class='ocrx_word' id='word_1_1018' title='bbox 2080 5619 2277 5711; x_wconf 42' lang='lat' dir='ltr'><strong>tibiis.</strong></span> <span class='ocrx_word' id='word_1_1019' title='bbox 2310 5629 2447 5684; x_wconf 85' lang='lat' dir='ltr'><strong>Vict.</strong></span> <span class='ocrx_word' id='word_1_1020' title='bbox 2475 5641 2596 5684; x_wconf 85' lang='lat' dir='ltr'><strong>cum</strong></span> <span class='ocrx_word' id='word_1_1021' title='bbox 2626 5627 2781 5681; x_wconf 83' lang='lat' dir='ltr'><strong>editis</strong></span> <span class='ocrx_word' id='word_1_1022' title='bbox 2808 5622 3124 5692; x_wconf 76' lang='lat' dir='ltr'><strong>Rom.,Mng.</strong></span> <span class='ocrx_word' id='word_1_1023' title='bbox 3159 5631 3209 5676; x_wconf 86' lang='lat' dir='ltr'><strong>et</strong></span> <span class='ocrx_word' id='word_1_1024' title='bbox 3238 5619 3432 5686; x_wconf 64' lang='lat' dir='ltr'><strong>Pone,</strong></span> <span class='ocrx_word' id='word_1_1025' title='bbox 3465 5630 3565 5676; x_wconf 61' lang='lat' dir='ltr'><strong>tan</strong></span> 
     </span>
     <span class='ocr_line' id='line_1_121' title="bbox 2044 5716 2225 5751; baseline 0.011 -2"><span class='ocrx_word' id='word_1_1026' title='bbox 2044 5716 2225 5751; x_wconf 62' lang='lat' dir='ltr'><strong>Ufens.</strong></span> 
     </span>
    </p>
   </div>
  </div>
