4006 6180
423 326 527 381 505

1549 317 1606 372 S.
1648 314 1918 372 PAULINI
1956 316 2208 372 NOLANI
2245 315 2549 371 EPISCOPI

3579 314 3675 368 λιιι

424 439 548 508 quia
578 450 677 504 pro
706 432 1034 488 abundantia
1062 429 1303 487 caritatis
1324 438 1381 484 et
1409 429 1662 499 potentiae
1691 442 1802 483 suae
1829 443 2002 496 capax
2032 434 2077 488 Α
2110 429 2201 482 lilii
2228 448 2240 482 :
2273 436 2329 483 et
2353 429 2398 483 si
2428 444 2534 482 non
2556 426 2942 497 suscipiuntur,
2971 425 3228 481 sterilitas
3256 422 3500 494 lugetur:
3530 430 3572 481 si
3600 444 3677 483 su-

422 535 505 582 est
532 534 588 579 et
609 524 867 592 largiendi
893 521 1040 591 quod
1070 528 1235 586 tenet,
1266 528 1323 574 et
1345 519 1489 588 quod
1516 518 1832 582 donaverit,
1861 517 2004 571 obti—

425 616 607 671 uendi.
648 614 781 669 Nam
824 612 1039 682 quando
1089 609 1289 664 sanctis
1329 610 1407 680 (a)
1458 609 1568 664 suis
1616 608 1670 662 in
1710 621 1880 675 regno
1905 622 2006 661 suo

422 721 650 774 regnare
678 702 1007 759 concesserit
1028 742 1043 763 ,
1085 701 1199 769 ipse
1225 699 1472 767 regnabit
1500 698 1553 752 in
1584 698 1686 752 illis
1714 712 1851 767 quos
1875 711 2008 750 con—

424 804 601 851 sortes
663 793 815 865 regni
862 791 1098 846 cmlestis
1144 788 1460 843 assumserit
1508 796 1557 840 ⁸.
1607 785 1877 855 Scriptum
1926 792 2008 839 est

424 890 568 942 enim
613 896 669 940 et
707 899 927 953 regnum
966 883 1060 937 Dei
1085 895 1208 935 cum
1236 881 1434 934 sanctis
1460 878 1592 939 fore,
1625 884 1681 930 et
1706 877 1851 945 ipsos
1877 890 2007 929 san—
2036 872 2046 879 ’

423 985 543 1031 ctos
588 990 709 1029 esse
756 987 980 1041 regnum
1028 970 1128 1024 Dei
1159 967 1378 1038 b;quod
1424 966 1657 1036 propitio
1706 965 1836 1031 Deo,
1886 978 2007 1018 cum

423 1079 719 1119 conversus
750 1062 934 1129 fueris,
963 1069 1019 1114 et
1046 1057 1272 1128 legendo
1292 1071 1609 1125 cognosces,
1651 1064 1707 1109 et
1734 1052 2009 1110 credendo

427 1155 712 1222 intelliges.

498 1246 551 1297 6.
594 1244 669 1298 De
695 1245 869 1297 :etatis
905 1249 1085 1295 autem
1119 1240 1250 1294 flore
1295 1240 1470 1309 primo
1507 1239 1629 1307 quis
1672 1237 1867 1292 audeat
1894 1236 2013 1304 glo-

428 1333 595 1387 riari?
622 1332 889 1385 Admonet
919 1329 993 1400 (b)
1021 1312 1201 1383 divina
1235 1327 1535 1397 Scriptura,
1568 1328 1750 1382 dicens
1780 1345 1792 1379 :
1828 1325 2011 1380 Omnis

435 1440 561 1477 caro
603 1424 795 1493 fenum,
827 1429 874 1474 et
899 1421 1067 1475 omnis
1087 1420 1302 1473 claritas
1329 1420 1461 1489 ejus,
1483 1428 1538 1471 ut
1566 1420 1663 1487 ﬂos
1694 1419 1818 1487 feni.
1865 1417 2013 1469 Aruit

427 1515 622 1583 fenum,
650 1521 697 1564 et
724 1512 821 1579 ﬂos
856 1509 1047 1562 decidit
1071 1525 1087 1562 :
1118 1525 1285 1562 sermo
1312 1519 1481 1561 autem
1515 1507 1727 1562 Domini
1756 1515 1931 1559 manet
1958 1508 2013 1559 in

426 1610 674 1654 ceternum
708 1610 753 1651 α.
802 1598 930 1653 ldeo
973 1606 1029 1652 et
1074 1597 1344 1667 Propheta
1372 1596 1459 1652 illa
1490 1599 1687 1667 potius,
1734 1597 1787 1651 in
1820 1597 2015 1665 quibus

427 1698 627 1745 aeterna
654 1689 898 1759 corporis
922 1688 1147 1743 redivivi
1175 1688 1346 1757 gloria
1388 1695 1513 1757 post
1558 1687 2012 1741 resurrectionem

2108 522 2426 590 scipiuntur,
2455 521 2659 574 orbitas
2690 520 2925 573 timetur.
2965 520 3043 573 Ac
3070 516 3298 587 proinde
3325 533 3605 586 numquam
3626 521 3677 574 iu

2108 611 2413 665 carnalibus
2440 609 2809 665 affectionibus
2839 609 2911 662 ita
2936 602 3228 676 requiescit
3247 608 3454 661 animus
3482 616 3539 661 ut
3564 624 3682 663 cru-

2118 700 2263 755 ciatu
2308 706 2528 762 careat.
2572 698 2699 753 dum
2749 698 3171 753 necessitudines
3215 713 3338 752 suas
3383 706 3476 751 aut
3522 699 3681 754 bonas

2111 796 2256 843 amat
2284 805 2406 845 cum
2435 788 2715 843 amittendi
2736 798 2905 855 metu,
2936 796 3028 843 aut
3055 788 3224 843 malas
3248 788 3362 842 odit
3387 786 3506 842 cuni
3534 790 3681 843 amit-

2112 879 2260 934 tendi
2299 886 2462 944 votor;
2513 879 2566 932 in
2607 886 2837 948 utroque
2865 879 3095 933 miseriis
3123 877 3450 932 sustinendis
3482 894 3685 948 semper

2113 969 2400 1023 obnoxius.
2432 968 2596 1023 Miser
2622 976 2706 1023 est
2734 968 2877 1022 enim
2911 969 2953 999 ¹⁶
2981 968 3074 1036 qui
3104 983 3327 1022 uxorem
3356 969 3550 1022 bonam
3578 984 3693 1038 per-

2112 1059 2210 1122 dit,
2237 1059 2486 1113 miserior
2513 1059 2605 1128 qui
2630 1059 2826 1112 malam
2856 1058 3113 1127 possidet.
3166 1056 3310 1112 Inter
3332 1059 3444 1113 haec
3471 1059 3576 1112 duo
3603 1074 3682 1113 ac-

2112 1151 2365 1214 cidentia,
2382 1151 2513 1205 satis
2541 1148 2748 1205 felicior
2770 1158 2853 1204 est
2876 1149 2969 1217 (V.
2996 1159 3110 1203 not.
3136 1148 3260 1218 ιρι)
3289 1150 3381 1218 qui
3411 1157 3686 1218 utrumque

2115 1256 2222 1295 non
2263 1242 2431 1295 novit.
2490 1239 2749 1296 Similiter
2788 1250 2842 1294 et
2887 1241 2955 1295 de
3004 1239 3160 1294 filiis:
3210 1241 3508 1311 saepissime
3551 1243 3686 1296 enim

2115 1337 2241 1384 sunt
2285 1329 2573 1383 miserrimi
2618 1338 2904 1400 parentes,
2962 1329 3045 1383 vel
3073 1331 3165 1397 qui
3206 1330 3463 1386 amabiles
3500 1331 3689 1386 habent

2114 1420 2309 1488 quibus
2336 1420 2601 1474 orhantur
2634 1421 2706 1482 ‘7;
2739 1420 2820 1473 vel
2846 1420 2938 1488 qui
2968 1419 3101 1473 tales
3128 1420 3365 1489 habent,
3390 1430 3450 1476 ut
3471 1437 3576 1476 non
3600 1422 3689 1475 ha-

2114 1508 2368 1563 bentibus
2396 1509 2637 1563 invidere
2664 1517 2945 1576 cogantur.

2186 1596 2239 1650 8.
2281 1596 2417 1651 Audi
2440 1612 2591 1667 ergo,
2625 1596 2699 1651 fili
2724 1599 2818 1663 mi,
2850 1608 2906 1652 et
2934 1599 3130 1654 inclina
3151 1615 3337 1656 aurem
3368 1609 3513 1655 tuam
3545 1602 3688 1667 mihi,

2116 1694 2171 1741 et
2199 1686 2474 1757 disrumpe
2520 1688 2703 1742 omnia
2746 1688 2959 1743 vincula
2990 1697 3110 1757 tua,
3137 1705 3490 1761 quascumque
3512 1692 3564 1745 in
3593 1692 3691 1747 hoc

428 1781 603 1850 possit
629 1794 885 1844 manere,
928 1778 1241 1834 desiderans
1290 1778 1525 1832 clamat:
1567 1776 1734 1840 Quam
1764 1775 2012 1829 amabilia
2048 1792 2088 1850 Β
2116 1777 2301 1832 seculo
2344 1784 2398 1831 te
2443 1777 2774 1848 implicatum
2824 1786 3044 1843 tenent;
3093 1788 3365 1835 commuta
3414 1782 3472 1834 in
3509 1782 3692 1835 melius

438 1882 557 1924 sunt
586 1868 919 1922 tabernacula
940 1877 1049 1934 tua,
1069 1868 1283 1922 Domine
1310 1869 1590 1921 virtutum!
1610 1865 1938 1936 Concupiscit
1964 1873 2016 1919 et

427 1960 602 2029 deficit
632 1960 810 2012 anima
840 1975 955 2013 mea
974 1960 1029 2011 in
1051 1958 1187 2010 atria
1216 1956 1426 2011 Domini
1450 1957 1497 2009 ά.

501 2059 557 2112 7.
598 2057 668 2112 Et
694 2058 762 2112 de
788 2057 1017 2112 vinculis
1062 2057 1435 2127 conjugalibus
1455 2098 1470 2123 ,
1501 2064 1556 2111 et
1580 2059 1778 2113 ceteris
1807 2064 2018 2125 tempo-

434 2151 629 2204 ralium
658 2165 840 2204 rerum
864 2157 972 2203 tam
1002 2150 1236 2218 spinosis
1257 2164 1417 2216 quam
1442 2150 1690 2204 inanibus
1708 2150 1852 2205 curis
1872 2150 2018 2217 Apo-

428 2242 601 2298 stolus
632 2251 679 2306 ε,
729 2242 784 2294 in
833 2255 942 2309 quo
985 2238 1229 2293 Christus
1258 2240 1517 2307 loquitur,
1551 2240 1810 2293 admonet
1854 2252 1922 2292 ne
1962 2238 2015 2290 in

429 2333 650 2399 longum
675 2329 836 2398 hujus
864 2328 1031 2383 seculi
1057 2316 1267 2398 tempus
1297 2329 1449 2383 irrita
1476 2337 1602 2383 vota
1626 2329 1928 2391 mittamus;
1962 2334 2017 2381 et

427 2434 757 2489 cognoscere
787 2434 886 2473 nos
910 2417 1100 2487 jubet,
1148 2419 1272 2486 quia
1299 2428 1495 2489 tempus
1525 2417 1807 2472 breviatum
1835 2427 1932 2482 est,
1962 2427 2018 2472 et

428 2511 595 2565 dicit:
629 2510 897 2579 Reliquum
926 2518 1038 2576 est,
1070 2516 1125 2560 ut
1154 2508 1239 2579 qui
1264 2508 1453 2562 habent
1487 2524 1674 2562 uxores
1697 2546 1712 2571 ,
1758 2518 2016 2579 tamquam

430 2616 535 2655 non
555 2600 799 2653 habentes
826 2600 960 2663 sint;
1003 2607 1052 2651 et
1079 2600 1164 2669 qui
1194 2599 1348 2667 ﬂent,
1382 2609 1643 2668 tamquam
1670 2615 1774 2653 non
1803 2600 2015 2668 ﬂentes;

429 2702 479 2747 et
498 2694 583 2763 qui
612 2692 856 2762 gaudent,
888 2701 1148 2761 tamquam
1176 2707 1282 2745 non
1304 2691 1615 2762 gaudentes;
1636 2697 1686 2744 et
1713 2692 1799 2761 qui
1819 2700 2013 2757 emunt,

434 2794 697 2851 tamquam
739 2800 843 2837 non
874 2782 1223 2853 possidentes;
1264 2793 1312 2836 et
1340 2784 1423 2853 qui
1444 2792 1656 2837 utuntur
1684 2783 1780 2837 hoc
1801 2784 2011 2849 mundo,

434 2882 696 2943 tamquam
724 2889 827 2925 non
855 2882 1051 2927 utentes
1080 2870 1124 2927 ί.
1149 2871 1304 2938 Quod
1336 2888 1456 2927 cum
1487 2872 1653 2939 dicit,
1686 2873 1918 2929 Ostendit
1947 2875 2010 2928 li-

434 2962 592 3017 beros
626 2976 732 3016 non
763 2962 961 3016 debere
998 2962 1291 3033 implicari,
1334 2963 1768 3032 quandoquidem
1799 2964 2015 3019 liberari

433 3052 659 3108 suadeat
681 3052 984 3122 impeditos.
1054 3053 1111 3109 Si
1135 3068 1264 3123 ergo
1283 3054 1394 3124 jam
1422 3054 1646 3111 forsitan
1675 3058 1922 3128 alligatus
1960 3074 2015 3112 es

2115 1867 2381 1933 militiam,
2413 1875 2474 1921 ut
2499 1875 2704 1923 aeterno
2734 1868 2867 1937 Regi
2890 1870 3113 1939 incipias
3140 1870 3389 1925 militare.
3436 1871 3509 1925 Et
3537 1887 3691 1935 nunc,

2116 1968 2178 2015 ut
2204 1959 2386 2025 audio,
2414 1960 2508 2029 qui
2539 1961 2754 2029 adjutor
2779 1971 2834 2016 et
2864 1961 2935 2031 (ε)
2969 1969 3112 2018 tutor
3135 1976 3194 2015 es
3220 1962 3446 2027 civium,
3491 1962 3585 2017 fias
3609 1977 3694 2017 co-

2116 2064 2232 2104 mes
2278 2048 2495 2104 Christi.
2542 2048 2748 2105 Deinde
2788 2050 2841 2104 in
2890 2050 2992 2105 hac
3042 2049 3231 2104 militia
3268 2051 3459 2105 soletis
3486 2052 3539 2105 in
3568 2052 3696 2106 votis

2116 2138 2321 2193 habere
2347 2139 2487 2193 hanc
2515 2136 2678 2193 officii
2710 2140 3103 2208 promotionem
3119 2179 3136 2203 ,
3162 2147 3220 2194 ut
3245 2148 3582 2209 protectores
3605 2142 3693 2211 (V.

2117 2234 2231 2281 not.
2265 2227 2390 2297 122)
2432 2226 2756 2283 efficiamini.
2797 2229 2855 2284 Si
2902 2238 3077 2284 autem
3124 2229 3236 2285 Deo
3273 2238 3328 2285 te
3364 2232 3694 2300 probaveris,

2118 2320 2292 2389 ipsum
2332 2320 2499 2375 Deum
2544 2320 2771 2390 incipies
2819 2322 3018 2377 habere
3047 2329 3433 2391 protectorem.
3479 2324 3611 2378 Vide
3635 2325 3697 2381 ad

2114 2408 2329 2476 qualem
2359 2409 2606 2463 militiam
2636 2418 2692 2464 te
2715 2410 2885 2465 invito
2915 2412 3205 2479 collegam,
3238 2422 3296 2466 ut
3328 2414 3479 2481 quod
3503 2414 3697 2470 homini

2116 2516 2237 2556 esse
2264 2510 2443 2570 optas,
2474 2502 2580 2557 hoc
2607 2502 2703 2557 tibi
2726 2503 2870 2558 Deus
2896 2504 2986 2557 sit.
3017 2503 3188 2569 Quem
3211 2504 3255 2559 si
3277 2506 3510 2573 cmperis
3534 2505 3698 2574 sequi,

2116 2594 2242 2647 etin
2274 2593 2390 2662 ejus
2412 2594 2664 2648 comitiva
2698 2595 2967 2665 inceperis
2994 2595 3225 2651 militare
3248 2597 3311 2661 ’⁸,
3346 2596 3470 2651 finis
3507 2598 3699 2652 militia:

2120 2692 2227 2737 tua:
2247 2683 2353 2738 erit
2381 2698 2604 2752 regnum
2629 2724 2644 2751 ,
2679 2700 2784 2740 non
2807 2692 2964 2739 terras
2990 2692 3046 2740 et
3067 2687 3345 2756 temporis,
3372 2686 3470 2741 sed
3496 2689 3699 2743 aeterni-

2117 2773 2243 2829 tatis
2270 2781 2325 2829 et
2347 2774 2488 2830 cmli.

2614 2908 2945 2964 EPISTOLA
2972 2909 3208 2974 ‘,XXVl.

2119 3000 2485 3055 Sebastianum
2530 3004 2797 3055 eremitam
2827 3011 2875 3054 ct
2917 3001 3248 3057 Benedictum
3286 3004 3565 3057 diaconum
3593 3002 3698 3056 col-

2190 3070 2469 3142 laudatos,
2510 3073 2653 3124 illum
2693 3071 2755 3125 ob
2793 3074 2910 3126 vitae
2954 3074 3277 3137 institutum,
3328 3073 3461 3125 hunc
3495 3084 3700 3142 propter

436 3146 589 3197 uxori
616 3182 631 3207 ,
678 3143 786 3197 noli
814 3160 1042 3215 quaerere
1071 3145 1143 3214 (c)
1168 3147 1473 3199 solutionem
1499 3155 1545 3199 ε.
1588 3146 1746 3212 Quod
1770 3148 1816 3202 si
1846 3148 2022 3202 adhuc
2048 3148 2094 3211 C
2198 3157 2379 3215 gutum
2404 3141 2483 3215 illi
2511 3142 2803 3215 ttecegaﬁa
2826 3142 3182 3215 ministrandi,
3214 3152 3367 3212 rogat
3388 3153 3445 3195 ut
3475 3141 3570 3212 pro
3592 3161 3644 3197 se
3662 3150 3707 3195 ct

432 3233 560 3287 liber
588 3248 640 3286 es
666 3233 730 3285 ab
757 3249 940 3300 uxore,
991 3234 1097 3287 noli
1146 3251 1373 3304 quterere
1418 3237 1842 3306 implicationem.
1900 3238 2020 3292 Non

433 3323 578 3376 enim
633 3321 923 3392 Apostolus
970 3331 1193 3393 propter
1228 3323 1463 3394 coniugii
1517 3325 2020 3381 condemnationem

433 3413 542 3468 hoc
600 3412 777 3480 dicit,
833 3415 1266 3485 quandoquidem
1336 3417 1496 3485 hujus
1550 3418 1765 3473 foederis
1808 3418 2023 3486 religio-

435 3516 560 3557 nem
605 3517 799 3571 magno
836 3503 1035 3558 Christi
1080 3513 1136 3560 et
1188 3504 1443 3562 Ecclesia:
1488 3507 1838 3563 Sacramento
1866 3524 2019 3564 com-

435 3608 624 3668 parat;
691 3596 786 3651 sed
842 3607 1052 3667 prapter
1107 3599 1386 3655 instantem
1435 3603 1786 3656 necessitatem
1834 3604 2020 3657 bonum

435 3706 547 3744 esse
589 3704 837 3744 asserens
864 3689 910 3720 “
949 3689 1205 3745 hominem
1252 3693 1329 3746 sic
1375 3708 1520 3761 esse,
1568 3694 2020 3762 quemadmodum

434 3780 549 3849 ipse
578 3788 713 3834 erat.
765 3779 915 3846 Volo,
973 3780 1175 3851 inquit,
1230 3799 1317 3837 vos
1344 3784 1457 3837 sine
1483 3784 1830 3837 sollicitudine
1852 3800 1964 3838 esse
1994 3782 2045 3838 ιιι

433 3869 538 3923 hoc
566 3876 674 3934 est,
709 3876 766 3921 ut
806 3868 939 3923 nihil
969 3879 1166 3939 praeter
1185 3869 1354 3925 Deum
1403 3878 1458 3926 et
1502 3873 1728 3926 salutem
1782 3881 2021 3927 nostram

432 3964 750 4034 cogitemus.
818 3964 953 4020 Nam
988 3982 1126 4022 uxor
1161 3975 1217 4021 et
1258 3968 1350 4022 filii
1375 4007 1390 4033 ,
1430 3984 1758 4038 quamquam
1805 3980 1864 4026 et
1904 3973 2018 4041 ipsa

433 4052 687 4108 divinitus
732 4053 886 4108 nobis
935 4055 1158 4123 pignora
1216 4056 1340 4109 data
1392 4057 1533 4121 sint,
1586 4066 1767 4113 tamen
1819 4063 2023 4128 gravis-

432 4144 690 4197 simarum
722 4158 971 4197 curarum
1004 4158 1168 4197 onera
1196 4153 1338 4198 sunt.
1383 4144 1535 4200 Unde
1566 4147 1703 4201 idem
1733 4149 2022 4219 Apostolus

433 4234 511 4286 ait
533 4234 613 4285 ¹¹⁵ε
646 4230 780 4296 Quia
804 4233 1183 4286 tribulationem
1217 4234 1295 4305 (ά)
1320 4236 1492 4290 carnis
1543 4236 1799 4293 habebunt
1836 4241 2018 4313 hujus-

434 4326 575 4397 modi
608 4326 623 4363 ί
655 4343 667 4378 :
702 4326 827 4395 quia
850 4326 1277 4381 necessitudines
1305 4336 1500 4384 nostra:
1529 4332 1788 4397 carnales,
1815 4344 2018 4405 quanto

433 4415 672 4469 cariores
700 4414 857 4469 nobis
885 4421 1047 4477 sunt,
1083 4422 1231 4470 tanto
1259 4419 1429 4486 magis
1470 4434 1568 4475 nos
1607 4421 1938 4480 discruciant
1964 4436 2020 4481 et

2198 3208 2450 3263 Therasia
2471 3211 2609 3280 apud
2632 3208 2912 3265 Dominum
2928 3212 3271 3266 intercedant.

2195 3328 2398 3385 Sancto
2427 3338 2482 3385 et
2511 3331 2708 3385 merito
2757 3330 3105 3403 dilectissimo
3152 3332 3301 3386 fratri
3353 3331 3705 3400 Ssussruso,

2125 3418 2393 3474 PAULINUS
2421 3430 2475 3475 et
2504 3420 2773 3475 Tnsnssu
2806 3423 2859 3476 in
2887 3421 3102 3477 Christo
3129 3421 3357 3477 Domino
3386 3424 3636 3479 salutem.

2196 3531 2249 3587 l.
2290 3532 2612 3587 Benedictus
2648 3542 2730 3587 est
2756 3534 3013 3587 Dominus
3044 3534 3185 3588 Deus
3214 3534 3395 3599 Israel,
3427 3536 3523 3603 qui
3552 3536 3707 3603 elegit

2125 3632 2179 3678 te
2205 3632 2261 3677 et
2287 3625 2539 3677 assumsit
2561 3624 2613 3677 in
2644 3639 2737 3678 vas
2761 3624 3041 3679 electionis
3069 3640 3199 3690 sum,
3231 3632 3286 3679 et
3314 3627 3616 3694 segregavit
3644 3626 3707 3680 ab

2123 3720 2279 3767 utero
2301 3713 2489 3766 matris
2517 3713 2782 3782 antiquae,
2821 3722 2875 3768 et
2901 3715 3047 3768 dedit
3072 3714 3164 3768 tibi
3194 3730 3397 3784 pennas
3424 3716 3705 3779 columbae,

2122 3811 2183 3857 ut
2211 3804 2278 3858 ab
2300 3803 2457 3871 hujus
2494 3804 2657 3858 seculi
2686 3805 2912 3873 strepitu
2942 3804 3131 3873 procul
3160 3804 3379 3858 evolans
3410 3806 3425 3836 ⁸
3456 3806 3665 3861 diceres
3692 3822 3705 3857 :

2124 3892 2263 3946 Ecce
2316 3893 2382 3963 (Γ)
2440 3893 2604 3946 volavi
2654 3895 2878 3965 fugiens,
2922 3903 2969 3947 et
3006 3896 3175 3948 mansi
3239 3896 3291 3947 in
3348 3895 3630 3949 solitudine
3662 3896 3705 3948 i.

2124 3984 2201 4056 (g)
2221 3983 2478 4051 Quamvis
2500 3993 2589 4039 tua
2612 3986 2847 4040 solitudo
2872 4001 2979 4039 non
3002 3986 3114 4040 sola
3134 3987 3224 4051 sit,
3240 4002 3358 4055 qua:
3374 4003 3481 4041 non
3500 3988 3707 4043 deserta

2123 4087 2226 4143 est,
2248 4076 2342 4132 sed
2369 4085 2598 4141 secreta,
2630 4086 2686 4130 et
2705 4078 2772 4131 ab
2793 4076 2949 4145 hujus
2976 4077 3155 4131 mundi
3182 4078 3419 4132 tenebris
3442 4078 3705 4141 desolata,

2122 4183 2153 4221 a
2189 4169 2343 4238 167
2386 4168 2479 4223 Dei
2529 4169 2729 4223 lumine
2768 4167 3155 4237 frequentelur,
3204 4178 3257 4223 et
3302 4184 3333 4222 a
3376 4168 3708 4223 daemonibus

2121 4254 2425 4311 furentibus
2477 4256 2734 4325 fugiatur,
2784 4266 2945 4327 atque
2991 4258 3058 4312 ab
3106 4259 3310 4325 angelis
3354 4258 3711 4326 gaudentibus

2123 4348 2425 4401 excolatur.
2458 4347 2575 4416 Ipse
2609 4348 2866 4402 Dominus
2896 4347 3036 4401 Deus
3067 4358 3251 4402 noster
3278 4347 3503 4402 donavit
3531 4348 3706 4411 nobis,

2127 4435 2254 4491 licet
2282 4435 2443 4505 longo
2467 4437 2750 4492 intervallo
2771 4437 3093 4491 distantibus
3110 4479 3126 4504 ,
3151 4437 3586 4506 appropinquare
3615 4436 3708 4491 tibi

433 4503 682 4573 Ῑθίίεθηι·
710 4504 843 4559 Nam
1060 4521 1228 4562 “mre
1255 4518 1477 4578 accepta
1511 4512 1741 4581 Primum
1771 4525 2026 4587 optantur
2055 4506 2103 4564 Ῑ)
2128 4525 2183 4579 in
2230 4503 2516 4581 dilectione
2557 4542 2653 4597 per
2696 4528 2917 4581 odorem
2961 4503 3161 4581 bonum
3189 4503 3409 4581 notitiae
3431 4503 3535 4596 ‘(h)
3584 4535 3707 4592 tum,

779 4636 1021 4726 tilium”
1051 4638 1251 4726 Apoc."
1271 4658 1373 4707 xx,
1417 4643 1468 4697 6.
1513 4656 1572 4726 -ο
1599 4643 1722 4726 Isai_.
1743 4665 1842 4726 ξι,
1871 4652 1926 4716 6,
1953 4667 2187 4726 θιΑῩθιεδ.
2214 4655 2374 4711 LXX.
2451 4657 2477 4697 ἀ
2510 4659 2647 4714 Psal.
2678 4676 2908 4724 Lxxxm,
2939 4659 3005 4726 2,
3037 4674 3149 4715 sec.
3193 4661 3333 4715 LXX
3375 4671 3431 4716 et
3476 4661 3708 4717 Psalter.

432 4715 586 4763 vetus
607 4705 663 4761 et
691 4705 1016 4761 Romanum.

435 4779 448 4827 i
484 4776 626 4831 Psal.
651 4792 756 4841 LIV,
782 4777 836 4830 8.

1099 4718 1121 4746 θ
1144 4709 1187 4763 ΙΙ
1212 4710 1340 4766 Cor.
1368 4730 1480 4780 xm,
1511 4714 1566 4769 5.
1649 4716 1666 4754 τ
1696 4709 1863 4774 lCor.
1888 4709 1978 4787 v'u,
2010 4721 2097 4777 29.
2151 4709 2200 4774 iis
2230 4726 2251 4781 ι
2275 4709 2400 4783 Cor.
2432 4709 2531 4793 vn,
2553 4709 2646 4783 ~27]:
2678 4709 3164 4800 -ῖῖὅὸίκ-νῖιξῖὂῖ.
3193 4709 3705 4797 ’ﬁ‘cbh’viﬁ'isl

504 4910 523 4930 ‘
549 4907 696 4964 Alias
719 4908 821 4977 40;
867 4924 987 4979 qum
1033 4921 1210 4969 autem
1230 4914 1298 4969 26
1326 4927 1443 4972 erat
1465 4957 1480 4985 ,
1512 4935 1653 4976 nunc
1672 4921 1740 4976 40
1765 4932 1820 4977 et
1847 4924 1933 4979 41.
1968 4926 2176 4999 Scripta
2207 4946 2349 4987 anno
2377 4932 2500 4988 401.

503 5024 581 5089 (a)
620 5021 883 5096 Sic__mss.
933 5026 1148 5084 codices
1193 5030 1366 5085 Valle.
1416 5040 1471 5087 et
1502 5032 1703 5092 Victor.
1734 5054 1856 5094 cum
1882 5028 2010 5096 edit.

432 5091 588 5166 Rom.
614 5100 671 5166 e_t
697 5091 938 5162 Mogunt.
968 5096 1073 5152 Alii
1102 5099 1251 5166 editi,
1280 5102 1423 5156 viris.

503 5160 578 5229 (b)
619 5160 987 5244 Expunsimus
1016 5160 1266 5239 namque,
1296 5172 1420 5239 quia
1447 5173 1513 5227 ab
1536 5176 1784 5233 omnibus
1808 5179 2011 5235 codici~

425 5232 528 5287 bus
550 5232 748 5286 nostris
776 5234 980 5289 aberat.

499 5305 592 5381 (c).
612 5297 689 5381 Ita
710 5318 810 5381 ms.
843 5303 1150 5381 Victorinus
1178 5310 1498 5381 codex_cum
1528 5311 1683 5368 editis
1735 5314 1768 5366 4
1803 5324 1858 5370 et
1885 5316 2013 5372 Vul-

428 5372 723 5456 gataljusta
748 5380 953 5428 textum
973 5372 1240 5444 Graacum,
1265 5378 1456 5433 melius
1478 5394 1638 5448 quam
1660 5382 1793 5439 edit.
1822 5385 2011 5456 Rosv.,

429 5440 819 5494 absolutionem.

499 5510 580 5575 (ά)
619 5508 707 5584 Sic
748 5512 1018 5584 ms._AVict.
1051 5522 1106 5567 et
1150 5514 1277 5584 edit.
1325 5516 1463 5584 Mog.
1515 5518 1813 5578 faventibus
1852 5526 2005 5582 editis

428 5586 659 5656 quatuor
688 5579 745 5656 in
766 5580 958 5647 quibus
980 5598 1180 5639 carnes.
1206 5583 1345 5638 Edit.
1379 5579 1569 5653 Rosv.,
1591 5593 1783 5648 carnis.
1818 5579 2006 5652 Nostra

429 5648 589 5703 lectio
609 5648 957 5704 confirmatur
986 5666 1051 5704 ex
1081 5656 1449 5720 sequentibus.

2193 5047 2263 5114 le)
2305 5047 2402 5102 Ms.
2455 5049 2595 5105 Vict.
2643 5060 2698 5105 et
2741 5050 2868 5106 edit.
2896 5052 3364 5123 Rom.,Mogunt.,
3408 5053 3619 5112 Erasm.
3653 5069 3708 5113 et

2119 5114 2311 5183 Ponc.,
2338 5128 2548 5173 tutatur.

2118 5192 2559 5333 eloggagisalteria
2587 5197 2822 5266 quinque
2850 5210 2905 5255 et
2934 5199 2993 5255 S.
3024 5200 3374 5270 Augustinus,
3408 5203 3459 5255 in
3486 5205 3659 5272 psalm
3690 5246 3705 5270 ,

2192 5332 2271 5401 (g)
2311 5332 2402 5388 Sic
2428 5348 2556 5388 mss.
2590 5334 2764 5390 Vatic.
2796 5346 2851 5392 et
2878 5337 3017 5393 Vict.
3050 5340 3188 5394 Ante
3213 5350 3329 5393 erat
3350 5342 3401 5394 in
3424 5341 3509 5394 ed.
3535 5340 3705 5395 Rosv.

2122 5397 2368 5480 Quq‘mris
2393 5403 2615 5480 solitudo
2638 5422 2739 5461 non
2775 5409 2841 5461 sit
2874 5418 2963 5462 tua
2982 5450 2997 5475 ,
3024 5426 3139 5480 qua
3163 5448 3177 5473 ,
3226 5420 3335 5465 etc.
3375 5410 3513 5464 Editi
3539 5410 3703 5464 codd.

2117 5468 2172 5533 5,
2208 5468 2390 5535 Quasi,
2414 5473 2692 5529 mendose.

2120 5539 2513 5665 Αιξῖρὸὲιέωιιιε.
2564 5544 2767 5601 Victor.
2791 5562 2914 5602 cum
2960 5547 3171 5604 duobus
3205 5548 3362 5604 editis
3409 5545 3695 5605 codicibus
