  <div class='ocr_page' id='page_1' title='image "/cluster/home/n/w/nwhite01/storage/ocr_20150623/61/hvd.32044054758685/158.png"; bbox 0 0 3966 6184; ppageno 0'>
   <div class='ocr_carea' id='block_1_1' title="bbox 295 304 388 359">
    <p class='ocr_par' dir='ltr' id='par_1_1' title="bbox 295 304 388 359">
     <span class='ocr_line' id='line_1_1' title="bbox 295 304 388 359; baseline -0.022 0"><span class='ocrx_word' id='word_1_1' title='bbox 295 304 388 359; x_wconf 75' lang='lat'><strong>305</strong></span> 
     </span>
    </p>
   </div>
   <div class='ocr_carea' id='block_1_2' title="bbox 1650 304 2217 364">
    <p class='ocr_par' dir='ltr' id='par_1_2' title="bbox 1650 304 2217 364">
     <span class='ocr_line' id='line_1_2' title="bbox 1650 304 2217 364; baseline 0.009 -5"><span class='ocrx_word' id='word_1_2' title='bbox 1650 304 1978 360; x_wconf 79' lang='lat' dir='ltr'><strong>EPISTOLA</strong></span> <span class='ocrx_word' id='word_1_3' title='bbox 2018 306 2217 364; x_wconf 75' lang='lat' dir='ltr'><strong>XXVII.</strong></span> 
     </span>
    </p>
   </div>
   <div class='ocr_carea' id='block_1_3' title="bbox 3472 319 3577 375">
    <p class='ocr_par' dir='ltr' id='par_1_3' title="bbox 3472 319 3577 375">
     <span class='ocr_line' id='line_1_3' title="bbox 3472 319 3577 375; baseline 0 -2"><span class='ocrx_word' id='word_1_4' title='bbox 3472 319 3577 375; x_wconf 77' lang='lat'><strong>306</strong></span> 
     </span>
    </p>
   </div>
   <div class='ocr_carea' id='block_1_4' title="bbox 296 418 3577 506">
    <p class='ocr_par' dir='ltr' id='par_1_4' title="bbox 296 418 3577 506">
     <span class='ocr_line' id='line_1_4' title="bbox 296 418 3577 506; baseline 0.006 -37"><span class='ocrx_word' id='word_1_5' title='bbox 296 434 451 487; x_wconf 86' lang='lat' dir='ltr'><strong>quam</strong></span> <span class='ocrx_word' id='word_1_6' title='bbox 481 436 579 489; x_wconf 84' lang='lat' dir='ltr'><strong>per</strong></span> <span class='ocrx_word' id='word_1_7' title='bbox 615 421 839 477; x_wconf 78' lang='lat' dir='ltr'><strong>fratrem</strong></span> <span class='ocrx_word' id='word_1_8' title='bbox 890 423 943 477; x_wconf 89' lang='lat' dir='ltr'><strong>in</strong></span> <span class='ocrx_word' id='word_1_9' title='bbox 983 422 1209 477; x_wconf 88' lang='lat' dir='ltr'><strong>Domino</strong></span> <span class='ocrx_word' id='word_1_10' title='bbox 1236 418 1571 474; x_wconf 88' lang='lat' dir='ltr'><strong>carissimum</strong></span> <span class='ocrx_word' id='word_1_11' title='bbox 1604 420 1874 475; x_wconf 74' lang='lat' dir='ltr'><strong>Victorem</strong></span> <span class='ocrx_word' id='word_1_12' title='bbox 1906 427 1951 478; x_wconf 81' lang='grc' dir='ltr'><strong>Α</strong></span> <span class='ocrx_word' id='word_1_13' title='bbox 1980 420 2211 487; x_wconf 78' lang='lat' dir='ltr'><strong>inopiam</strong></span> <span class='ocrx_word' id='word_1_14' title='bbox 2236 435 2253 473; x_wconf 82' lang='lat'><strong>.&#39;</strong></span> <span class='ocrx_word' id='word_1_15' title='bbox 2281 429 2336 472; x_wconf 91' lang='lat' dir='ltr'><strong>ut</strong></span> <span class='ocrx_word' id='word_1_16' title='bbox 2369 429 2418 474; x_wconf 88' lang='lat' dir='ltr'><strong>et</strong></span> <span class='ocrx_word' id='word_1_17' title='bbox 2446 420 2652 477; x_wconf 81' lang='lat' dir='ltr'><strong>illorum</strong></span> <span class='ocrx_word' id='word_1_18' title='bbox 2696 423 3016 483; x_wconf 75' lang='lat' dir='ltr'><strong>abundantia</strong></span> <span class='ocrx_word' id='word_1_19' title='bbox 3046 441 3223 487; x_wconf 69' lang='lat' dir='ltr'><strong>vestrw</strong></span> <span class='ocrx_word' id='word_1_20' title='bbox 3244 451 3431 504; x_wconf 71' lang='lat' dir='ltr'><strong>mopur</strong></span> <span class='ocrx_word' id='word_1_21' title='bbox 3453 454 3577 506; x_wconf 84' lang='lat' dir='ltr'><strong>sup-</strong></span> 
     </span>
    </p>
   </div>
   <div class='ocr_carea' id='block_1_5' title="bbox 300 520 1882 592">
    <p class='ocr_par' dir='ltr' id='par_1_5' title="bbox 300 520 1882 592">
     <span class='ocr_line' id='line_1_5' title="bbox 300 520 1882 592; baseline 0 -19"><span class='ocrx_word' id='word_1_22' title='bbox 300 521 603 587; x_wconf 79' lang='lat' dir='ltr'><strong>accepimus</strong></span> <span class='ocrx_word' id='word_1_23' title='bbox 627 540 640 574; x_wconf 88' lang='lat'><strong>:</strong></span> <span class='ocrx_word' id='word_1_24' title='bbox 664 524 756 592; x_wconf 87' lang='lat' dir='ltr'><strong>qui</strong></span> <span class='ocrx_word' id='word_1_25' title='bbox 803 522 959 576; x_wconf 91' lang='lat' dir='ltr'><strong>nobis</strong></span> <span class='ocrx_word' id='word_1_26' title='bbox 999 532 1054 576; x_wconf 91' lang='lat' dir='ltr'><strong>et</strong></span> <span class='ocrx_word' id='word_1_27' title='bbox 1102 537 1238 591; x_wconf 90' lang='lat' dir='ltr'><strong>opus</strong></span> <span class='ocrx_word' id='word_1_28' title='bbox 1267 520 1526 590; x_wconf 78' lang='lat' dir='ltr'><strong>propositi</strong></span> <span class='ocrx_word' id='word_1_29' title='bbox 1578 520 1686 584; x_wconf 93' lang='lat' dir='ltr'><strong>tui,</strong></span> <span class='ocrx_word' id='word_1_30' title='bbox 1713 526 1768 573; x_wconf 92' lang='lat' dir='ltr'><strong>et</strong></span> <span class='ocrx_word' id='word_1_31' title='bbox 1796 533 1882 573; x_wconf 91' lang='lat' dir='ltr'><strong>se-</strong></span> 
     </span>
    </p>
   </div>
   <div class='ocr_carea' id='block_1_6' title="bbox 298 619 1885 689">
    <p class='ocr_par' dir='ltr' id='par_1_6' title="bbox 298 619 1885 689">
     <span class='ocr_line' id='line_1_6' title="bbox 298 619 1885 689; baseline -0.001 -16"><span class='ocrx_word' id='word_1_32' title='bbox 298 632 503 673; x_wconf 90' lang='lat' dir='ltr'><strong>cretum</strong></span> <span class='ocrx_word' id='word_1_33' title='bbox 533 621 866 675; x_wconf 80' lang='lat' dir='ltr'><strong>tabernaculi</strong></span> <span class='ocrx_word' id='word_1_34' title='bbox 908 619 1170 675; x_wconf 81' lang='lat' dir='ltr'><strong>nuntiavit</strong></span> <span class='ocrx_word' id='word_1_35' title='bbox 1202 637 1215 671; x_wconf 89' lang='lat'>:</span> <span class='ocrx_word' id='word_1_36' title='bbox 1248 619 1371 689; x_wconf 87' lang='lat' dir='ltr'><strong>quia</strong></span> <span class='ocrx_word' id='word_1_37' title='bbox 1398 627 1638 673; x_wconf 84' lang='lat' dir='ltr'><strong>veterum</strong></span> <span class='ocrx_word' id='word_1_38' title='bbox 1666 626 1885 673; x_wconf 88' lang='lat' dir='ltr'><strong>sancto-</strong></span> 
     </span>
    </p>
   </div>
   <div class='ocr_carea' id='block_1_7' title="bbox 300 718 1888 788">
    <p class='ocr_par' dir='ltr' id='par_1_7' title="bbox 300 718 1888 788">
     <span class='ocr_line' id='line_1_7' title="bbox 300 718 1888 788; baseline 0.001 -18"><span class='ocrx_word' id='word_1_39' title='bbox 300 732 417 771; x_wconf 81' lang='lat' dir='ltr'><strong>rum</strong></span> <span class='ocrx_word' id='word_1_40' title='bbox 441 726 695 773; x_wconf 77' lang='lat' dir='ltr'><strong>strenuus</strong></span> <span class='ocrx_word' id='word_1_41' title='bbox 722 719 1025 780; x_wconf 61' lang='lat' dir='ltr'><strong>aemulator.</strong></span> <span class='ocrx_word' id='word_1_42' title='bbox 1056 733 1217 788; x_wconf 85' lang='lat' dir='ltr'><strong>super</strong></span> <span class='ocrx_word' id='word_1_43' title='bbox 1246 726 1538 773; x_wconf 84' lang='lat' dir='ltr'><strong>torrentem</strong></span> <span class='ocrx_word' id='word_1_44' title='bbox 1571 719 1663 772; x_wconf 85' lang='lat' dir='ltr'><strong>tibi</strong></span> <span class='ocrx_word' id='word_1_45' title='bbox 1693 718 1888 786; x_wconf 84' lang='lat' dir='ltr'><strong>gratis-</strong></span> 
     </span>
    </p>
   </div>
   <div class='ocr_carea' id='block_1_8' title="bbox 299 817 1887 890">
    <p class='ocr_par' dir='ltr' id='par_1_8' title="bbox 299 817 1887 890">
     <span class='ocr_line' id='line_1_8' title="bbox 299 817 1887 890; baseline 0.001 -20"><span class='ocrx_word' id='word_1_46' title='bbox 299 819 514 887; x_wconf 83' lang='lat' dir='ltr'><strong>simum,</strong></span> <span class='ocrx_word' id='word_1_47' title='bbox 540 820 680 875; x_wconf 84' lang='lat' dir='ltr'><strong>sicut</strong></span> <span class='ocrx_word' id='word_1_48' title='bbox 708 820 784 873; x_wconf 72' lang='grc' dir='ltr'><strong>ιιι</strong></span> <span class='ocrx_word' id='word_1_49' title='bbox 813 819 1087 890; x_wconf 82' lang='lat' dir='ltr'><strong>quondam</strong></span> <span class='ocrx_word' id='word_1_50' title='bbox 1114 819 1205 873; x_wconf 79' lang='lat' dir='ltr'><strong>lilii</strong></span> <span class='ocrx_word' id='word_1_51' title='bbox 1235 819 1619 889; x_wconf 84' lang='lat' dir='ltr'><strong>prophetarum</strong></span> <span class='ocrx_word' id='word_1_52' title='bbox 1639 860 1656 885; x_wconf 92' lang='lat'><strong>,</strong></span> <span class='ocrx_word' id='word_1_53' title='bbox 1691 817 1887 872; x_wconf 67' lang='lat' dir='ltr'><strong>Elismo</strong></span> 
     </span>
    </p>
   </div>
   <div class='ocr_carea' id='block_1_9' title="bbox 301 918 1887 990">
    <p class='ocr_par' dir='ltr' id='par_1_9' title="bbox 301 918 1887 990">
     <span class='ocr_line' id='line_1_9' title="bbox 301 918 1887 990; baseline 0.001 -18"><span class='ocrx_word' id='word_1_54' title='bbox 301 919 457 983; x_wconf 87' lang='lat' dir='ltr'><strong>duce,</strong></span> <span class='ocrx_word' id='word_1_55' title='bbox 484 936 655 989; x_wconf 85' lang='lat' dir='ltr'><strong>super</strong></span> <span class='ocrx_word' id='word_1_56' title='bbox 673 919 987 985; x_wconf 69' lang='lat' dir='ltr'><strong>Iordanem,</strong></span> <span class='ocrx_word' id='word_1_57' title='bbox 1027 918 1305 990; x_wconf 82' lang='lat' dir='ltr'><strong>pacificam</strong></span> <span class='ocrx_word' id='word_1_58' title='bbox 1334 920 1670 975; x_wconf 83' lang='lat' dir='ltr'><strong>mansionem</strong></span> <span class='ocrx_word' id='word_1_59' title='bbox 1692 928 1750 974; x_wconf 89' lang='lat' dir='ltr'><strong>et</strong></span> <span class='ocrx_word' id='word_1_60' title='bbox 1774 919 1887 989; x_wconf 83' lang='lat' dir='ltr'><strong>spi-</strong></span> 
     </span>
    </p>
   </div>
   <div class='ocr_carea' id='block_1_10' title="bbox 301 1017 1891 1089">
    <p class='ocr_par' dir='ltr' id='par_1_10' title="bbox 301 1017 1891 1089">
     <span class='ocr_line' id='line_1_10' title="bbox 301 1017 1891 1089; baseline 0 -16"><span class='ocrx_word' id='word_1_61' title='bbox 301 1020 512 1073; x_wconf 75' lang='lat' dir='ltr'><strong>tituslia</strong></span> <span class='ocrx_word' id='word_1_62' title='bbox 540 1021 562 1052; x_wconf 82' lang='grc'><strong><em>⁸</em></strong></span> <span class='ocrx_word' id='word_1_63' title='bbox 592 1028 773 1074; x_wconf 87' lang='lat' dir='ltr'><strong>castra</strong></span> <span class='ocrx_word' id='word_1_64' title='bbox 817 1020 1088 1089; x_wconf 84' lang='lat' dir='ltr'><strong>posuisses</strong></span> <span class='ocrx_word' id='word_1_65' title='bbox 1119 1028 1166 1084; x_wconf 82' lang='grc'><strong>⁸;</strong></span> <span class='ocrx_word' id='word_1_66' title='bbox 1215 1027 1274 1074; x_wconf 89' lang='lat' dir='ltr'><strong>et</strong></span> <span class='ocrx_word' id='word_1_67' title='bbox 1312 1019 1572 1074; x_wconf 87' lang='lat' dir='ltr'><strong>diaconus</strong></span> <span class='ocrx_word' id='word_1_68' title='bbox 1600 1019 1695 1073; x_wconf 83' lang='lat' dir='ltr'><strong>tibi</strong></span> <span class='ocrx_word' id='word_1_69' title='bbox 1725 1017 1891 1073; x_wconf 80' lang='lat' dir='ltr'><strong>frater</strong></span> 
     </span>
    </p>
   </div>
   <div class='ocr_carea' id='block_1_11' title="bbox 307 1117 1892 1189">
    <p class='ocr_par' dir='ltr' id='par_1_11' title="bbox 307 1117 1892 1189">
     <span class='ocr_line' id='line_1_11' title="bbox 307 1117 1892 1189; baseline 0 -16"><span class='ocrx_word' id='word_1_70' title='bbox 307 1118 637 1174; x_wconf 76' lang='lat' dir='ltr'><strong>Benedictus</strong></span> <span class='ocrx_word' id='word_1_71' title='bbox 665 1117 981 1189; x_wconf 65' lang='lat' dir='ltr'><strong>Sareptenae</strong></span> <span class='ocrx_word' id='word_1_72' title='bbox 1003 1121 1023 1150; x_wconf 86' lang='grc'>³</span> <span class='ocrx_word' id='word_1_73' title='bbox 1055 1119 1196 1173; x_wconf 90' lang='lat' dir='ltr'><strong>illius</strong></span> <span class='ocrx_word' id='word_1_74' title='bbox 1224 1128 1319 1173; x_wconf 85' lang='lat' dir='ltr'><strong>aut</strong></span> <span class='ocrx_word' id='word_1_75' title='bbox 1346 1118 1697 1173; x_wconf 90' lang='lat' dir='ltr'><strong>Sunamitidis</strong></span> <span class='ocrx_word' id='word_1_76' title='bbox 1727 1119 1892 1173; x_wconf 88' lang='lat' dir='ltr'><strong>obse-</strong></span> 
     </span>
    </p>
   </div>
   <div class='ocr_carea' id='block_1_12' title="bbox 299 1218 1927 1288">
    <p class='ocr_par' dir='ltr' id='par_1_12' title="bbox 299 1218 1927 1288">
     <span class='ocr_line' id='line_1_12' title="bbox 299 1218 1927 1288; baseline 0.002 -17"><span class='ocrx_word' id='word_1_77' title='bbox 299 1219 427 1286; x_wconf 88' lang='lat' dir='ltr'><strong>quio</strong></span> <span class='ocrx_word' id='word_1_78' title='bbox 453 1218 812 1272; x_wconf 75' lang='lat' dir='ltr'><strong>ministraret.</strong></span> <span class='ocrx_word' id='word_1_79' title='bbox 855 1218 1053 1273; x_wconf 84' lang='lat' dir='ltr'><strong>Beatus</strong></span> <span class='ocrx_word' id='word_1_80' title='bbox 1078 1218 1188 1285; x_wconf 92' lang='lat' dir='ltr'><strong>ille,</strong></span> <span class='ocrx_word' id='word_1_81' title='bbox 1214 1219 1300 1272; x_wconf 84' lang='lat' dir='ltr'><strong>cui</strong></span> <span class='ocrx_word' id='word_1_82' title='bbox 1331 1218 1607 1288; x_wconf 82' lang='lat' dir='ltr'><strong>mandavit</strong></span> <span class='ocrx_word' id='word_1_83' title='bbox 1634 1218 1894 1274; x_wconf 87' lang='lat' dir='ltr'><strong>Dominus</strong></span> <span class='ocrx_word' id='word_1_84' title='bbox 1924 1250 1927 1253; x_wconf 53' lang='grc'>&lt;</span> 
     </span>
    </p>
   </div>
   <div class='ocr_carea' id='block_1_13' title="bbox 300 1317 1895 1383">
    <p class='ocr_par' dir='ltr' id='par_1_13' title="bbox 300 1317 1895 1383">
     <span class='ocr_line' id='line_1_13' title="bbox 300 1317 1895 1383; baseline 0.002 -13"><span class='ocrx_word' id='word_1_85' title='bbox 300 1318 442 1370; x_wconf 82' lang='lat' dir='ltr'><strong>sicut</strong></span> <span class='ocrx_word' id='word_1_86' title='bbox 474 1317 567 1370; x_wconf 91' lang='lat' dir='ltr'><strong>uni</strong></span> <span class='ocrx_word' id='word_1_87' title='bbox 615 1318 915 1372; x_wconf 88' lang='lat' dir='ltr'><strong>volatilium</strong></span> <span class='ocrx_word' id='word_1_88' title='bbox 946 1318 1066 1373; x_wconf 73' lang='lat' dir='ltr'><strong>coeli</strong></span> <span class='ocrx_word' id='word_1_89' title='bbox 1092 1359 1106 1383; x_wconf 95' lang='lat'><strong>,</strong></span> <span class='ocrx_word' id='word_1_90' title='bbox 1156 1328 1215 1371; x_wconf 90' lang='lat' dir='ltr'><strong>ut</strong></span> <span class='ocrx_word' id='word_1_91' title='bbox 1247 1327 1299 1372; x_wconf 92' lang='lat' dir='ltr'><strong>te</strong></span> <span class='ocrx_word' id='word_1_92' title='bbox 1327 1319 1466 1373; x_wconf 89' lang='lat' dir='ltr'><strong>sicut</strong></span> <span class='ocrx_word' id='word_1_93' title='bbox 1498 1317 1666 1372; x_wconf 87' lang='lat' dir='ltr'><strong>Eliam</strong></span> <span class='ocrx_word' id='word_1_94' title='bbox 1694 1320 1759 1373; x_wconf 91' lang='lat' dir='ltr'><strong>ad</strong></span> <span class='ocrx_word' id='word_1_95' title='bbox 1784 1327 1895 1373; x_wconf 86' lang='lat' dir='ltr'><strong>tor-</strong></span> 
     </span>
    </p>
   </div>
   <div class='ocr_carea' id='block_1_14' title="bbox 302 1409 1892 1478">
    <p class='ocr_par' dir='ltr' id='par_1_14' title="bbox 302 1409 1892 1478">
     <span class='ocr_line' id='line_1_14' title="bbox 302 1409 1892 1478; baseline -0.001 -15"><span class='ocrx_word' id='word_1_96' title='bbox 302 1417 511 1463; x_wconf 74' lang='lat' dir='ltr'><strong>tentem</strong></span> <span class='ocrx_word' id='word_1_97' title='bbox 543 1418 760 1463; x_wconf 88' lang='lat' dir='ltr'><strong>secreto</strong></span> <span class='ocrx_word' id='word_1_98' title='bbox 782 1409 1057 1463; x_wconf 82' lang='lat' dir='ltr'><strong>sedentem</strong></span> <span class='ocrx_word' id='word_1_99' title='bbox 1088 1410 1314 1477; x_wconf 88' lang='lat' dir='ltr'><strong>panibus</strong></span> <span class='ocrx_word' id='word_1_100' title='bbox 1338 1409 1555 1478; x_wconf 87' lang='lat' dir='ltr'><strong>pietatis</strong></span> <span class='ocrx_word' id='word_1_101' title='bbox 1581 1409 1892 1478; x_wconf 56' lang='lat' dir='ltr'><strong>pascere“;</strong></span> 
     </span>
    </p>
   </div>
   <div class='ocr_carea' id='block_1_15' title="bbox 301 1498 1896 1569">
    <p class='ocr_par' dir='ltr' id='par_1_15' title="bbox 301 1498 1896 1569">
     <span class='ocr_line' id='line_1_15' title="bbox 301 1498 1896 1569; baseline 0.003 -17"><span class='ocrx_word' id='word_1_102' title='bbox 301 1507 355 1552; x_wconf 85' lang='lat' dir='ltr'><strong>et</strong></span> <span class='ocrx_word' id='word_1_103' title='bbox 375 1498 440 1551; x_wconf 88' lang='lat' dir='ltr'><strong>ad</strong></span> <span class='ocrx_word' id='word_1_104' title='bbox 463 1498 722 1552; x_wconf 83' lang='lat' dir='ltr'><strong>cellulam</strong></span> <span class='ocrx_word' id='word_1_105' title='bbox 746 1509 892 1552; x_wconf 91' lang='lat' dir='ltr'><strong>tuam</strong></span> <span class='ocrx_word' id='word_1_106' title='bbox 920 1499 1153 1554; x_wconf 90' lang='lat' dir='ltr'><strong>assiduis</strong></span> <span class='ocrx_word' id='word_1_107' title='bbox 1180 1515 1344 1569; x_wconf 86' lang='lat' dir='ltr'><strong>super</strong></span> <span class='ocrx_word' id='word_1_108' title='bbox 1373 1501 1473 1555; x_wconf 88' lang='lat' dir='ltr'><strong>hac</strong></span> <span class='ocrx_word' id='word_1_109' title='bbox 1503 1500 1896 1557; x_wconf 88' lang='lat' dir='ltr'><strong>ministratione</strong></span> 
     </span>
    </p>
   </div>
   <div class='ocr_carea' id='block_1_16' title="bbox 302 1589 1895 1661">
    <p class='ocr_par' dir='ltr' id='par_1_16' title="bbox 302 1589 1895 1661">
     <span class='ocr_line' id='line_1_16' title="bbox 302 1589 1895 1661; baseline 0.002 -19"><span class='ocrx_word' id='word_1_110' title='bbox 302 1590 564 1658; x_wconf 78' lang='lat' dir='ltr'><strong>vestigiis,</strong></span> <span class='ocrx_word' id='word_1_111' title='bbox 600 1590 745 1643; x_wconf 85' lang='lat' dir='ltr'><strong>velut</strong></span> <span class='ocrx_word' id='word_1_112' title='bbox 774 1589 840 1643; x_wconf 90' lang='lat' dir='ltr'><strong>ad</strong></span> <span class='ocrx_word' id='word_1_113' title='bbox 870 1605 1048 1644; x_wconf 90' lang='lat' dir='ltr'><strong>aream</strong></span> <span class='ocrx_word' id='word_1_114' title='bbox 1090 1590 1201 1645; x_wconf 89' lang='lat' dir='ltr'><strong>Noe</strong></span> <span class='ocrx_word' id='word_1_115' title='bbox 1234 1589 1565 1646; x_wconf 89' lang='lat' dir='ltr'><strong>fructiferum</strong></span> <span class='ocrx_word' id='word_1_116' title='bbox 1594 1591 1668 1661; x_wconf 90' lang='lat' dir='ltr'><strong>pii</strong></span> <span class='ocrx_word' id='word_1_117' title='bbox 1696 1592 1895 1661; x_wconf 84' lang='lat' dir='ltr'><strong>genui-</strong></span> 
     </span>
    </p>
   </div>
   <div class='ocr_carea' id='block_1_17' title="bbox 302 1677 1501 1735">
    <p class='ocr_par' dir='ltr' id='par_1_17' title="bbox 302 1677 1501 1735">
     <span class='ocr_line' id='line_1_17' title="bbox 302 1677 1501 1735; baseline 0.002 -3"><span class='ocrx_word' id='word_1_118' title='bbox 302 1679 382 1733; x_wconf 84' lang='lat' dir='ltr'><strong>nis</strong></span> <span class='ocrx_word' id='word_1_119' title='bbox 401 1694 614 1733; x_wconf 78' lang='lat' dir='ltr'><strong>ramum</strong></span> <span class='ocrx_word' id='word_1_120' title='bbox 640 1677 869 1733; x_wconf 75' lang='lat' dir='ltr'><strong>ali&#39;erens</strong></span> <span class='ocrx_word' id='word_1_121' title='bbox 890 1680 1133 1734; x_wconf 87' lang='lat' dir='ltr'><strong>columba</strong></span> <span class='ocrx_word' id='word_1_122' title='bbox 1161 1681 1430 1735; x_wconf 90' lang='lat' dir='ltr'><strong>revolaret</strong></span> <span class='ocrx_word' id='word_1_123' title='bbox 1455 1691 1501 1734; x_wconf 78' lang='grc' dir='ltr'>ο.</span> 
     </span>
    </p>
   </div>
   <div class='ocr_carea' id='block_1_18' title="bbox 1990 512 2500 584">
    <p class='ocr_par' dir='ltr' id='par_1_18' title="bbox 1990 512 2500 584">
     <span class='ocr_line' id='line_1_18' title="bbox 1990 512 2500 584; baseline 0.008 -19"><span class='ocrx_word' id='word_1_124' title='bbox 1990 512 2298 580; x_wconf 78' lang='lat' dir='ltr'><strong>plcmentum</strong></span> <span class='ocrx_word' id='word_1_125' title='bbox 2325 514 2423 584; x_wconf 76' lang='lat' dir='ltr'><strong>ﬁat</strong></span> <span class='ocrx_word' id='word_1_126' title='bbox 2454 516 2500 569; x_wconf 84' lang='lat' dir='ltr'><strong>i.</strong></span> 
     </span>
    </p>
   </div>
   <div class='ocr_carea' id='block_1_19' title="bbox 2062 602 3574 684">
    <p class='ocr_par' dir='ltr' id='par_1_19' title="bbox 2062 602 3574 684">
     <span class='ocr_line' id='line_1_19' title="bbox 2062 602 3574 684; baseline 0.017 -29"><span class='ocrx_word' id='word_1_127' title='bbox 2062 602 2116 656; x_wconf 75' lang='grc'>4.</span> <span class='ocrx_word' id='word_1_128' title='bbox 2157 603 2345 659; x_wconf 83' lang='lat' dir='ltr'><strong>Adhuc</strong></span> <span class='ocrx_word' id='word_1_129' title='bbox 2372 607 2545 663; x_wconf 88' lang='lat' dir='ltr'><strong>audeo</strong></span> <span class='ocrx_word' id='word_1_130' title='bbox 2574 609 2753 666; x_wconf 86' lang='lat' dir='ltr'><strong>dicere</strong></span> <span class='ocrx_word' id='word_1_131' title='bbox 2775 613 2827 666; x_wconf 90' lang='lat' dir='ltr'><strong>in</strong></span> <span class='ocrx_word' id='word_1_132' title='bbox 2851 620 3079 684; x_wconf 91' lang='lat' dir='ltr'><strong>utroque</strong></span> <span class='ocrx_word' id='word_1_133' title='bbox 3108 626 3343 674; x_wconf 89' lang='lat' dir='ltr'><strong>vestrum</strong></span> <span class='ocrx_word' id='word_1_134' title='bbox 3363 620 3574 680; x_wconf 66' lang='lat' dir='ltr'><strong>diversa</strong></span> 
     </span>
    </p>
   </div>
   <div class='ocr_carea' id='block_1_20' title="bbox 1988 692 3573 783">
    <p class='ocr_par' dir='ltr' id='par_1_20' title="bbox 1988 692 3573 783">
     <span class='ocr_line' id='line_1_20' title="bbox 1988 692 3573 783; baseline 0.016 -36"><span class='ocrx_word' id='word_1_135' title='bbox 1988 692 2249 750; x_wconf 79' lang='lat' dir='ltr'><strong>Johannis</strong></span> <span class='ocrx_word' id='word_1_136' title='bbox 2268 706 2323 751; x_wconf 91' lang='lat' dir='ltr'><strong>et</strong></span> <span class='ocrx_word' id='word_1_137' title='bbox 2343 697 2552 753; x_wconf 87' lang='lat' dir='ltr'><strong>Domini</strong></span> <span class='ocrx_word' id='word_1_138' title='bbox 2581 701 2748 757; x_wconf 86' lang='lat' dir='ltr'><strong>forma</strong></span> <span class='ocrx_word' id='word_1_139' title='bbox 2779 706 3024 761; x_wconf 85' lang='lat' dir='ltr'><strong>consistit</strong></span> <span class='ocrx_word' id='word_1_140' title='bbox 3053 708 3149 779; x_wconf 87' lang='lat' dir='ltr'><strong>(V.</strong></span> <span class='ocrx_word' id='word_1_141' title='bbox 3182 709 3286 765; x_wconf 85' lang='lat' dir='ltr'><strong>Vit.</strong></span> <span class='ocrx_word' id='word_1_142' title='bbox 3325 728 3374 768; x_wconf 90' lang='lat' dir='ltr'><strong>c.</strong></span> <span class='ocrx_word' id='word_1_143' title='bbox 3399 715 3489 783; x_wconf 75' lang='lat'><strong>39,</strong></span> <span class='ocrx_word' id='word_1_144' title='bbox 3517 735 3573 773; x_wconf 84' lang='grc' dir='ltr'>ιι.</span> 
     </span>
    </p>
   </div>
   <div class='ocr_carea' id='block_1_21' title="bbox 1992 783 3577 864">
    <p class='ocr_par' dir='ltr' id='par_1_21' title="bbox 1992 783 3577 864">
     <span class='ocr_line' id='line_1_21' title="bbox 1992 783 3577 864; baseline 0.013 -28"><span class='ocrx_word' id='word_1_145' title='bbox 1992 783 2047 853; x_wconf 87' lang='lat'><strong>2)</strong></span> <span class='ocrx_word' id='word_1_146' title='bbox 2075 803 2087 837; x_wconf 88' lang='lat'>:</span> <span class='ocrx_word' id='word_1_147' title='bbox 2118 783 2378 841; x_wconf 85' lang='lat' dir='ltr'><strong>Johannis</strong></span> <span class='ocrx_word' id='word_1_148' title='bbox 2400 790 2451 842; x_wconf 90' lang='lat' dir='ltr'><strong>in</strong></span> <span class='ocrx_word' id='word_1_149' title='bbox 2481 789 2694 847; x_wconf 87' lang='lat' dir='ltr'><strong>deserto</strong></span> <span class='ocrx_word' id='word_1_150' title='bbox 2726 793 2800 863; x_wconf 89' lang='lat' dir='ltr'><strong>(b)</strong></span> <span class='ocrx_word' id='word_1_151' title='bbox 2831 795 3111 852; x_wconf 90' lang='lat' dir='ltr'><strong>clamantis</strong></span> <span class='ocrx_word' id='word_1_152' title='bbox 3136 799 3251 864; x_wconf 54' lang='lat' dir='ltr'><strong>“,et</strong></span> <span class='ocrx_word' id='word_1_153' title='bbox 3282 801 3490 858; x_wconf 87' lang='lat' dir='ltr'><strong>Domini</strong></span> <span class='ocrx_word' id='word_1_154' title='bbox 3522 806 3577 859; x_wconf 85' lang='lat' dir='ltr'><strong>in</strong></span> 
     </span>
    </p>
   </div>
   <div class='ocr_carea' id='block_1_22' title="bbox 1996 876 3577 947">
    <p class='ocr_par' dir='ltr' id='par_1_22' title="bbox 1996 876 3577 947">
     <span class='ocr_line' id='line_1_22' title="bbox 1996 876 3577 947; baseline 0.011 -18"><span class='ocrx_word' id='word_1_155' title='bbox 1996 876 2197 946; x_wconf 89' lang='lat' dir='ltr'><strong>templo</strong></span> <span class='ocrx_word' id='word_1_156' title='bbox 2226 877 2487 933; x_wconf 89' lang='lat' dir='ltr'><strong>docentis.</strong></span> <span class='ocrx_word' id='word_1_157' title='bbox 2531 879 2598 934; x_wconf 86' lang='lat' dir='ltr'><strong>Et</strong></span> <span class='ocrx_word' id='word_1_158' title='bbox 2626 898 2765 938; x_wconf 91' lang='lat' dir='ltr'><strong>unus</strong></span> <span class='ocrx_word' id='word_1_159' title='bbox 2798 894 3034 940; x_wconf 86' lang='lat' dir='ltr'><strong>vestrum</strong></span> <span class='ocrx_word' id='word_1_160' title='bbox 3065 887 3115 941; x_wconf 94' lang='lat' dir='ltr'><strong>in</strong></span> <span class='ocrx_word' id='word_1_161' title='bbox 3146 890 3462 945; x_wconf 86' lang='lat' dir='ltr'><strong>servitutem</strong></span> <span class='ocrx_word' id='word_1_162' title='bbox 3486 894 3577 947; x_wconf 87' lang='lat' dir='ltr'><strong>mi-</strong></span> 
     </span>
    </p>
   </div>
   <div class='ocr_carea' id='block_1_23' title="bbox 1994 966 3573 1039">
    <p class='ocr_par' dir='ltr' id='par_1_23' title="bbox 1994 966 3573 1039">
     <span class='ocr_line' id='line_1_23' title="bbox 1994 966 3573 1039; baseline 0.011 -19"><span class='ocrx_word' id='word_1_163' title='bbox 1994 966 2201 1021; x_wconf 87' lang='lat' dir='ltr'><strong>nisterii</strong></span> <span class='ocrx_word' id='word_1_164' title='bbox 2241 980 2464 1024; x_wconf 88' lang='lat' dir='ltr'><strong>vocatus</strong></span> <span class='ocrx_word' id='word_1_165' title='bbox 2510 979 2591 1024; x_wconf 88' lang='lat' dir='ltr'><strong>est</strong></span> <span class='ocrx_word' id='word_1_166' title='bbox 2617 1013 2631 1039; x_wconf 90' lang='lat'><strong>,</strong></span> <span class='ocrx_word' id='word_1_167' title='bbox 2672 973 2811 1027; x_wconf 87' lang='lat' dir='ltr'><strong>alter</strong></span> <span class='ocrx_word' id='word_1_168' title='bbox 2856 975 2911 1029; x_wconf 92' lang='lat' dir='ltr'><strong>in</strong></span> <span class='ocrx_word' id='word_1_169' title='bbox 2951 978 3200 1032; x_wconf 89' lang='lat' dir='ltr'><strong>monachi</strong></span> <span class='ocrx_word' id='word_1_170' title='bbox 3246 979 3573 1037; x_wconf 87' lang='lat' dir='ltr'><strong>libertatem.</strong></span> 
     </span>
    </p>
   </div>
   <div class='ocr_carea' id='block_1_24' title="bbox 1994 1058 3576 1140">
    <p class='ocr_par' dir='ltr' id='par_1_24' title="bbox 1994 1058 3576 1140">
     <span class='ocr_line' id='line_1_24' title="bbox 1994 1058 3576 1140; baseline 0.012 -29"><span class='ocrx_word' id='word_1_171' title='bbox 1994 1058 2101 1113; x_wconf 87' lang='lat' dir='ltr'><strong>Sed</strong></span> <span class='ocrx_word' id='word_1_172' title='bbox 2122 1060 2335 1128; x_wconf 86' lang='lat' dir='ltr'><strong>utrique</strong></span> <span class='ocrx_word' id='word_1_173' title='bbox 2378 1060 2431 1114; x_wconf 90' lang='lat' dir='ltr'><strong>in</strong></span> <span class='ocrx_word' id='word_1_174' title='bbox 2457 1078 2619 1115; x_wconf 91' lang='lat' dir='ltr'><strong>unum</strong></span> <span class='ocrx_word' id='word_1_175' title='bbox 2649 1064 2743 1118; x_wconf 88' lang='lat' dir='ltr'><strong>Dei</strong></span> <span class='ocrx_word' id='word_1_176' title='bbox 2786 1080 3009 1134; x_wconf 79' lang='lat' dir='ltr'><strong>regnum</strong></span> <span class='ocrx_word' id='word_1_177' title='bbox 3038 1078 3095 1123; x_wconf 89' lang='lat' dir='ltr'><strong>et</strong></span> <span class='ocrx_word' id='word_1_178' title='bbox 3122 1070 3349 1140; x_wconf 81' lang='lat' dir='ltr'><strong>gloriam</strong></span> <span class='ocrx_word' id='word_1_179' title='bbox 3377 1090 3576 1130; x_wconf 86' lang='lat' dir='ltr'><strong>convo-</strong></span> 
     </span>
    </p>
   </div>
   <div class='ocr_carea' id='block_1_25' title="bbox 1995 1152 3577 1233">
    <p class='ocr_par' dir='ltr' id='par_1_25' title="bbox 1995 1152 3577 1233">
     <span class='ocr_line' id='line_1_25' title="bbox 1995 1152 3577 1233; baseline 0.01 -26"><span class='ocrx_word' id='word_1_180' title='bbox 1995 1153 2122 1218; x_wconf 88' lang='lat' dir='ltr'><strong>cati,</strong></span> <span class='ocrx_word' id='word_1_181' title='bbox 2153 1164 2206 1208; x_wconf 88' lang='lat' dir='ltr'><strong>et</strong></span> <span class='ocrx_word' id='word_1_182' title='bbox 2228 1152 2387 1207; x_wconf 90' lang='lat' dir='ltr'><strong>ambo</strong></span> <span class='ocrx_word' id='word_1_183' title='bbox 2415 1154 2599 1221; x_wconf 88' lang='lat' dir='ltr'><strong>liberi,</strong></span> <span class='ocrx_word' id='word_1_184' title='bbox 2650 1159 2774 1225; x_wconf 88' lang='lat' dir='ltr'><strong>quia</strong></span> <span class='ocrx_word' id='word_1_185' title='bbox 2803 1160 2963 1216; x_wconf 87' lang='lat' dir='ltr'><strong>ambo</strong></span> <span class='ocrx_word' id='word_1_186' title='bbox 2985 1163 3084 1217; x_wconf 88' lang='lat' dir='ltr'><strong>sub</strong></span> <span class='ocrx_word' id='word_1_187' title='bbox 3104 1165 3272 1233; x_wconf 88' lang='lat' dir='ltr'><strong>gratia</strong></span> <span class='ocrx_word' id='word_1_188' title='bbox 3296 1182 3311 1231; x_wconf 93' lang='lat'><strong>;</strong></span> <span class='ocrx_word' id='word_1_189' title='bbox 3335 1175 3391 1221; x_wconf 91' lang='lat' dir='ltr'><strong>et</strong></span> <span class='ocrx_word' id='word_1_190' title='bbox 3417 1170 3577 1225; x_wconf 90' lang='lat' dir='ltr'><strong>ambo</strong></span> 
     </span>
    </p>
   </div>
   <div class='ocr_carea' id='block_1_26' title="bbox 1995 1246 3575 1327">
    <p class='ocr_par' dir='ltr' id='par_1_26' title="bbox 1995 1246 3575 1327">
     <span class='ocr_line' id='line_1_26' title="bbox 1995 1246 3575 1327; baseline 0.009 -28"><span class='ocrx_word' id='word_1_191' title='bbox 1995 1246 2159 1313; x_wconf 88' lang='lat' dir='ltr'><strong>servi,</strong></span> <span class='ocrx_word' id='word_1_192' title='bbox 2188 1246 2311 1315; x_wconf 87' lang='lat' dir='ltr'><strong>quia</strong></span> <span class='ocrx_word' id='word_1_193' title='bbox 2337 1247 2495 1302; x_wconf 90' lang='lat' dir='ltr'><strong>ambo</strong></span> <span class='ocrx_word' id='word_1_194' title='bbox 2514 1249 2614 1303; x_wconf 89' lang='lat' dir='ltr'><strong>sub</strong></span> <span class='ocrx_word' id='word_1_195' title='bbox 2646 1250 2762 1317; x_wconf 86' lang='lat' dir='ltr'><strong>lege</strong></span> <span class='ocrx_word' id='word_1_196' title='bbox 2792 1250 2932 1306; x_wconf 85' lang='lat' dir='ltr'><strong>ﬁdei.</strong></span> <span class='ocrx_word' id='word_1_197' title='bbox 2962 1253 3135 1309; x_wconf 84' lang='lat' dir='ltr'><strong>Ambo</strong></span> <span class='ocrx_word' id='word_1_198' title='bbox 3158 1256 3311 1311; x_wconf 89' lang='lat' dir='ltr'><strong>liberi</strong></span> <span class='ocrx_word' id='word_1_199' title='bbox 3331 1268 3575 1327; x_wconf 88' lang='lat' dir='ltr'><strong>peccato,</strong></span> 
     </span>
    </p>
   </div>
   <div class='ocr_carea' id='block_1_27' title="bbox 1997 1338 3577 1414">
    <p class='ocr_par' dir='ltr' id='par_1_27' title="bbox 1997 1338 3577 1414">
     <span class='ocr_line' id='line_1_27' title="bbox 1997 1338 3577 1414; baseline 0.011 -23"><span class='ocrx_word' id='word_1_200' title='bbox 1997 1345 2053 1391; x_wconf 92' lang='lat' dir='ltr'><strong>et</strong></span> <span class='ocrx_word' id='word_1_201' title='bbox 2100 1338 2258 1392; x_wconf 88' lang='lat' dir='ltr'><strong>ambo</strong></span> <span class='ocrx_word' id='word_1_202' title='bbox 2302 1339 2441 1393; x_wconf 88' lang='lat' dir='ltr'><strong>servi</strong></span> <span class='ocrx_word' id='word_1_203' title='bbox 2470 1339 2692 1407; x_wconf 69' lang='lat' dir='ltr'><strong>justitiaa</strong></span> <span class='ocrx_word' id='word_1_204' title='bbox 2713 1382 2730 1406; x_wconf 88' lang='lat'><strong>,</strong></span> <span class='ocrx_word' id='word_1_205' title='bbox 2762 1350 2817 1397; x_wconf 89' lang='lat' dir='ltr'><strong>et</strong></span> <span class='ocrx_word' id='word_1_206' title='bbox 2845 1345 3005 1399; x_wconf 89' lang='lat' dir='ltr'><strong>ambo</strong></span> <span class='ocrx_word' id='word_1_207' title='bbox 3037 1346 3090 1399; x_wconf 89' lang='lat' dir='ltr'><strong>in</strong></span> <span class='ocrx_word' id='word_1_208' title='bbox 3108 1345 3327 1414; x_wconf 86' lang='lat' dir='ltr'><strong>jejuniis</strong></span> <span class='ocrx_word' id='word_1_209' title='bbox 3350 1349 3577 1408; x_wconf 90' lang='lat' dir='ltr'><strong>Domino</strong></span> 
     </span>
    </p>
   </div>
   <div class='ocr_carea' id='block_1_28' title="bbox 1999 1430 3577 1504">
    <p class='ocr_par' dir='ltr' id='par_1_28' title="bbox 1999 1430 3577 1504">
     <span class='ocr_line' id='line_1_28' title="bbox 1999 1430 3577 1504; baseline 0.01 -21"><span class='ocrx_word' id='word_1_210' title='bbox 1999 1430 2141 1484; x_wconf 89' lang='lat' dir='ltr'><strong>diem</strong></span> <span class='ocrx_word' id='word_1_211' title='bbox 2170 1432 2359 1501; x_wconf 88' lang='lat' dir='ltr'><strong>sapitis</strong></span> <span class='ocrx_word' id='word_1_212' title='bbox 2382 1474 2397 1499; x_wconf 95' lang='lat'><strong>,</strong></span> <span class='ocrx_word' id='word_1_213' title='bbox 2446 1441 2501 1486; x_wconf 92' lang='lat' dir='ltr'><strong>et</strong></span> <span class='ocrx_word' id='word_1_214' title='bbox 2526 1434 2685 1488; x_wconf 89' lang='lat' dir='ltr'><strong>ambo</strong></span> <span class='ocrx_word' id='word_1_215' title='bbox 2720 1434 2771 1488; x_wconf 90' lang='lat' dir='ltr'><strong>in</strong></span> <span class='ocrx_word' id='word_1_216' title='bbox 2799 1436 2973 1504; x_wconf 89' lang='lat' dir='ltr'><strong>epulis</strong></span> <span class='ocrx_word' id='word_1_217' title='bbox 3000 1438 3322 1497; x_wconf 87' lang='lat' dir='ltr'><strong>sinceritatis</strong></span> <span class='ocrx_word' id='word_1_218' title='bbox 3352 1441 3577 1499; x_wconf 88' lang='lat' dir='ltr'><strong>Domino</strong></span> 
     </span>
    </p>
   </div>
   <div class='ocr_carea' id='block_1_29' title="bbox 1999 1522 3578 1597">
    <p class='ocr_par' dir='ltr' id='par_1_29' title="bbox 1999 1522 3578 1597">
     <span class='ocr_line' id='line_1_29' title="bbox 1999 1522 3578 1597; baseline 0.01 -24"><span class='ocrx_word' id='word_1_219' title='bbox 1999 1522 2199 1590; x_wconf 78' lang='lat' dir='ltr'><strong>gratias</strong></span> <span class='ocrx_word' id='word_1_220' title='bbox 2244 1522 2399 1590; x_wconf 87' lang='lat' dir='ltr'><strong>agitis</strong></span> <span class='ocrx_word' id='word_1_221' title='bbox 2422 1564 2439 1589; x_wconf 93' lang='lat'><strong>,</strong></span> <span class='ocrx_word' id='word_1_222' title='bbox 2496 1525 2580 1593; x_wconf 90' lang='lat' dir='ltr'><strong>qui</strong></span> <span class='ocrx_word' id='word_1_223' title='bbox 2616 1524 2707 1576; x_wconf 88' lang='lat' dir='ltr'><strong>dat</strong></span> <span class='ocrx_word' id='word_1_224' title='bbox 2742 1542 2912 1580; x_wconf 86' lang='lat' dir='ltr'><strong>escam</strong></span> <span class='ocrx_word' id='word_1_225' title='bbox 2952 1530 3093 1582; x_wconf 79' lang='grc' dir='ltr'><strong>ωιιηί</strong></span> <span class='ocrx_word' id='word_1_226' title='bbox 3134 1532 3281 1584; x_wconf 85' lang='lat' dir='ltr'><strong>carni</strong></span> <span class='ocrx_word' id='word_1_227' title='bbox 3320 1530 3360 1597; x_wconf 89' lang='grc'>¹,</span> <span class='ocrx_word' id='word_1_228' title='bbox 3391 1540 3446 1587; x_wconf 91' lang='lat' dir='ltr'><strong>et</strong></span> <span class='ocrx_word' id='word_1_229' title='bbox 3487 1532 3578 1589; x_wconf 88' lang='lat' dir='ltr'><strong>dat</strong></span> 
     </span>
    </p>
   </div>
   <div class='ocr_carea' id='block_1_30' title="bbox 2001 1614 3578 1689">
    <p class='ocr_par' dir='ltr' id='par_1_30' title="bbox 2001 1614 3578 1689">
     <span class='ocr_line' id='line_1_30' title="bbox 2001 1614 3578 1689; baseline 0.009 -23"><span class='ocrx_word' id='word_1_230' title='bbox 2001 1628 2179 1667; x_wconf 88' lang='lat' dir='ltr'><strong>escam</strong></span> <span class='ocrx_word' id='word_1_231' title='bbox 2205 1614 2379 1668; x_wconf 90' lang='lat' dir='ltr'><strong>vivam</strong></span> <span class='ocrx_word' id='word_1_232' title='bbox 2402 1617 2763 1673; x_wconf 91' lang='lat' dir='ltr'><strong>esurientibus</strong></span> <span class='ocrx_word' id='word_1_233' title='bbox 2787 1634 2968 1673; x_wconf 87' lang='lat' dir='ltr'><strong>veram</strong></span> <span class='ocrx_word' id='word_1_234' title='bbox 2987 1620 3058 1689; x_wconf 84' lang='lat' dir='ltr'><strong>(c)</strong></span> <span class='ocrx_word' id='word_1_235' title='bbox 3071 1621 3330 1689; x_wconf 87' lang='lat' dir='ltr'><strong>justitiam</strong></span> <span class='ocrx_word' id='word_1_236' title='bbox 3346 1633 3405 1677; x_wconf 80' lang='grc' dir='ltr'>ω.</span> <span class='ocrx_word' id='word_1_237' title='bbox 3430 1622 3578 1681; x_wconf 84' lang='lat' dir='ltr'><strong>Unus</strong></span> 
     </span>
    </p>
   </div>
   <div class='ocr_carea' id='block_1_31' title="bbox 2002 1705 3578 1777">
    <p class='ocr_par' dir='ltr' id='par_1_31' title="bbox 2002 1705 3578 1777">
     <span class='ocr_line' id='line_1_31' title="bbox 2002 1705 3578 1777; baseline 0.006 -19"><span class='ocrx_word' id='word_1_238' title='bbox 2002 1713 2241 1758; x_wconf 88' lang='lat' dir='ltr'><strong>vestrum</strong></span> <span class='ocrx_word' id='word_1_239' title='bbox 2269 1705 2489 1768; x_wconf 77' lang='lat' dir='ltr'><strong>audivit,</strong></span> <span class='ocrx_word' id='word_1_240' title='bbox 2522 1715 2581 1760; x_wconf 93' lang='lat' dir='ltr'><strong>ut</strong></span> <span class='ocrx_word' id='word_1_241' title='bbox 2600 1706 2779 1762; x_wconf 87' lang='lat' dir='ltr'><strong>dicat:</strong></span> <span class='ocrx_word' id='word_1_242' title='bbox 2813 1707 3046 1764; x_wconf 85' lang='lat' dir='ltr'><strong>lntroibo</strong></span> <span class='ocrx_word' id='word_1_243' title='bbox 3068 1712 3140 1764; x_wconf 85' lang='lat' dir='ltr'><strong>ad</strong></span> <span class='ocrx_word' id='word_1_244' title='bbox 3175 1713 3340 1766; x_wconf 82' lang='lat' dir='ltr'><strong>altare</strong></span> <span class='ocrx_word' id='word_1_245' title='bbox 3361 1712 3479 1777; x_wconf 89' lang='lat' dir='ltr'><strong>Dei,</strong></span> <span class='ocrx_word' id='word_1_246' title='bbox 3509 1715 3578 1769; x_wconf 85' lang='lat' dir='ltr'><strong>ad</strong></span> 
     </span>
    </p>
   </div>
   <div class='ocr_carea' id='block_1_32' title="bbox 367 1768 1896 1866">
    <p class='ocr_par' dir='ltr' id='par_1_32' title="bbox 367 1768 1896 1843">
     <span class='ocr_line' id='line_1_32' title="bbox 367 1768 1896 1843; baseline 0.003 -22"><span class='ocrx_word' id='word_1_247' title='bbox 367 1769 425 1823; x_wconf 89' lang='lat'><strong>2.</strong></span> <span class='ocrx_word' id='word_1_248' title='bbox 469 1768 744 1823; x_wconf 77' lang='lat' dir='ltr'><strong>Benedicti</strong></span> <span class='ocrx_word' id='word_1_249' title='bbox 771 1787 857 1824; x_wconf 86' lang='lat' dir='ltr'><strong>vos</strong></span> <span class='ocrx_word' id='word_1_250' title='bbox 888 1787 919 1823; x_wconf 91' lang='lat' dir='ltr'><strong>a</strong></span> <span class='ocrx_word' id='word_1_251' title='bbox 959 1770 1180 1826; x_wconf 87' lang='lat' dir='ltr'><strong>Domino</strong></span> <span class='ocrx_word' id='word_1_252' title='bbox 1206 1768 1233 1808; x_wconf 66' lang='grc' dir='ltr'><em>δ</em></span> <span class='ocrx_word' id='word_1_253' title='bbox 1253 1811 1267 1836; x_wconf 96' lang='grc'><strong>,</strong></span> <span class='ocrx_word' id='word_1_254' title='bbox 1296 1773 1381 1843; x_wconf 86' lang='lat' dir='ltr'><strong>qui</strong></span> <span class='ocrx_word' id='word_1_255' title='bbox 1410 1773 1536 1842; x_wconf 79' lang='lat' dir='ltr'><strong>facit</strong></span> <span class='ocrx_word' id='word_1_256' title='bbox 1559 1774 1714 1825; x_wconf 86' lang='lat' dir='ltr'><strong>unius</strong></span> <span class='ocrx_word' id='word_1_257' title='bbox 1738 1772 1896 1826; x_wconf 87' lang='lat' dir='ltr'><strong>moris</strong></span> 
     </span>
    </p>
   </div>
   <div class='ocr_carea' id='block_1_33' title="bbox 2009 1768 3579 1866">
    <p class='ocr_par' dir='ltr' id='par_1_33' title="bbox 2009 1768 3579 1866">
     <span class='ocr_line' id='line_1_33' title="bbox 2009 1768 3579 1866; baseline 0.008 -19"><span class='ocrx_word' id='word_1_258' title='bbox 2009 1794 2166 1848; x_wconf 87' lang='lat' dir='ltr'><strong>Deum</strong></span> <span class='ocrx_word' id='word_1_259' title='bbox 2209 1798 2295 1866; x_wconf 85' lang='lat' dir='ltr'><strong>qui</strong></span> <span class='ocrx_word' id='word_1_260' title='bbox 2324 1796 2557 1864; x_wconf 78' lang='lat' dir='ltr'><strong>ltetificat</strong></span> <span class='ocrx_word' id='word_1_261' title='bbox 2588 1798 2906 1865; x_wconf 83' lang='lat' dir='ltr'><strong>juventutem</strong></span> <span class='ocrx_word' id='word_1_262' title='bbox 2944 1817 3112 1854; x_wconf 88' lang='lat' dir='ltr'><strong>meam</strong></span> <span class='ocrx_word' id='word_1_263' title='bbox 3134 1810 3179 1855; x_wconf 80' lang='grc' dir='ltr'>η.</span> <span class='ocrx_word' id='word_1_264' title='bbox 3220 1801 3289 1856; x_wconf 89' lang='lat' dir='ltr'><strong>Et</strong></span> <span class='ocrx_word' id='word_1_265' title='bbox 3332 1768 3478 1858; x_wconf 42' lang='lat' dir='ltr'><strong>alter,</strong></span> <span class='ocrx_word' id='word_1_266' title='bbox 3510 1806 3579 1860; x_wconf 87' lang='lat' dir='ltr'><strong>ab</strong></span> 
     </span>
    </p>
   </div>
   <div class='ocr_carea' id='block_1_34' title="bbox 306 1861 1892 1932">
    <p class='ocr_par' dir='ltr' id='par_1_34' title="bbox 306 1861 1892 1932">
     <span class='ocr_line' id='line_1_34' title="bbox 306 1861 1892 1932; baseline 0.002 -19"><span class='ocrx_word' id='word_1_267' title='bbox 306 1861 541 1914; x_wconf 78' lang='lat' dir='ltr'><strong>habitare</strong></span> <span class='ocrx_word' id='word_1_268' title='bbox 570 1862 625 1914; x_wconf 88' lang='lat' dir='ltr'><strong>in</strong></span> <span class='ocrx_word' id='word_1_269' title='bbox 656 1862 807 1914; x_wconf 83' lang='lat' dir='ltr'><strong>domo</strong></span> <span class='ocrx_word' id='word_1_270' title='bbox 836 1871 881 1927; x_wconf 74' lang='grc' dir='ltr'>ε,</span> <span class='ocrx_word' id='word_1_271' title='bbox 913 1870 967 1915; x_wconf 92' lang='lat' dir='ltr'><strong>et</strong></span> <span class='ocrx_word' id='word_1_272' title='bbox 991 1862 1083 1932; x_wconf 90' lang='lat' dir='ltr'><strong>qui</strong></span> <span class='ocrx_word' id='word_1_273' title='bbox 1111 1863 1481 1932; x_wconf 80' lang='lat' dir='ltr'><strong>germanitatis</strong></span> <span class='ocrx_word' id='word_1_274' title='bbox 1498 1862 1769 1916; x_wconf 86' lang='lat' dir='ltr'><strong>vinculum</strong></span> <span class='ocrx_word' id='word_1_275' title='bbox 1791 1862 1892 1916; x_wconf 87' lang='lat' dir='ltr'><strong>du-</strong></span> 
     </span>
    </p>
   </div>
   <div class='ocr_carea' id='block_1_35' title="bbox 305 1951 1891 2021">
    <p class='ocr_par' dir='ltr' id='par_1_35' title="bbox 305 1951 1891 2021">
     <span class='ocr_line' id='line_1_35' title="bbox 305 1951 1891 2021; baseline 0.003 -18"><span class='ocrx_word' id='word_1_276' title='bbox 305 1952 524 2020; x_wconf 84' lang='lat' dir='ltr'><strong>plicavit</strong></span> <span class='ocrx_word' id='word_1_277' title='bbox 568 1951 625 2005; x_wconf 86' lang='lat' dir='ltr'><strong>in</strong></span> <span class='ocrx_word' id='word_1_278' title='bbox 673 1951 854 2015; x_wconf 88' lang='lat' dir='ltr'><strong>vobis;</strong></span> <span class='ocrx_word' id='word_1_279' title='bbox 904 1966 1042 2021; x_wconf 90' lang='lat' dir='ltr'><strong>quos</strong></span> <span class='ocrx_word' id='word_1_280' title='bbox 1067 1960 1122 2006; x_wconf 86' lang='lat' dir='ltr'><strong>et</strong></span> <span class='ocrx_word' id='word_1_281' title='bbox 1151 1952 1205 2006; x_wconf 92' lang='lat' dir='ltr'><strong>in</strong></span> <span class='ocrx_word' id='word_1_282' title='bbox 1234 1951 1485 2007; x_wconf 64' lang='lat' dir='ltr'><strong>Ecclesia:</strong></span> <span class='ocrx_word' id='word_1_283' title='bbox 1515 1960 1669 2007; x_wconf 90' lang='lat' dir='ltr'><strong>utero</strong></span> <span class='ocrx_word' id='word_1_284' title='bbox 1696 1951 1891 2007; x_wconf 83' lang='lat' dir='ltr'><strong>fratres</strong></span> 
     </span>
    </p>
   </div>
   <div class='ocr_carea' id='block_1_36' title="bbox 304 2038 1889 2106">
    <p class='ocr_par' dir='ltr' id='par_1_36' title="bbox 304 2038 1889 2106">
     <span class='ocr_line' id='line_1_36' title="bbox 304 2038 1889 2106; baseline 0.001 -13"><span class='ocrx_word' id='word_1_285' title='bbox 304 2041 429 2094; x_wconf 82' lang='lat' dir='ltr'><strong>fecit</strong></span> <span class='ocrx_word' id='word_1_286' title='bbox 448 2080 463 2104; x_wconf 90' lang='lat'><strong>,</strong></span> <span class='ocrx_word' id='word_1_287' title='bbox 505 2047 564 2095; x_wconf 91' lang='lat' dir='ltr'><strong>et</strong></span> <span class='ocrx_word' id='word_1_288' title='bbox 588 2040 687 2095; x_wconf 90' lang='lat' dir='ltr'><strong>sub</strong></span> <span class='ocrx_word' id='word_1_289' title='bbox 718 2055 821 2093; x_wconf 91' lang='lat' dir='ltr'><strong>una</strong></span> <span class='ocrx_word' id='word_1_290' title='bbox 854 2038 955 2094; x_wconf 83' lang='lat' dir='ltr'><strong>ilde</strong></span> <span class='ocrx_word' id='word_1_291' title='bbox 994 2041 1154 2094; x_wconf 86' lang='lat' dir='ltr'><strong>variis</strong></span> <span class='ocrx_word' id='word_1_292' title='bbox 1181 2040 1426 2094; x_wconf 81' lang='lat' dir='ltr'><strong>distinxit</strong></span> <span class='ocrx_word' id='word_1_293' title='bbox 1454 2040 1665 2106; x_wconf 86' lang='lat' dir='ltr'><strong>oﬂlciis,</strong></span> <span class='ocrx_word' id='word_1_294' title='bbox 1700 2048 1758 2095; x_wconf 92' lang='lat' dir='ltr'><strong>ut</strong></span> <span class='ocrx_word' id='word_1_295' title='bbox 1788 2041 1889 2095; x_wconf 90' lang='lat' dir='ltr'><strong>sub</strong></span> 
     </span>
    </p>
   </div>
   <div class='ocr_carea' id='block_1_37' title="bbox 302 2130 1890 2201">
    <p class='ocr_par' dir='ltr' id='par_1_37' title="bbox 302 2130 1890 2201">
     <span class='ocr_line' id='line_1_37' title="bbox 302 2130 1890 2201; baseline 0.003 -19"><span class='ocrx_word' id='word_1_296' title='bbox 302 2131 519 2185; x_wconf 80' lang='lat' dir='ltr'><strong>diverso</strong></span> <span class='ocrx_word' id='word_1_297' title='bbox 566 2146 790 2185; x_wconf 86' lang='lat' dir='ltr'><strong>munere</strong></span> <span class='ocrx_word' id='word_1_298' title='bbox 820 2131 957 2184; x_wconf 86' lang='lat' dir='ltr'><strong>alter</strong></span> <span class='ocrx_word' id='word_1_299' title='bbox 997 2130 1225 2185; x_wconf 83' lang='lat' dir='ltr'><strong>alterum</strong></span> <span class='ocrx_word' id='word_1_300' title='bbox 1267 2133 1579 2201; x_wconf 87' lang='lat' dir='ltr'><strong>pasceretis.</strong></span> <span class='ocrx_word' id='word_1_301' title='bbox 1619 2132 1703 2186; x_wconf 83' lang='lat' dir='ltr'><strong>Tu</strong></span> <span class='ocrx_word' id='word_1_302' title='bbox 1743 2133 1890 2186; x_wconf 92' lang='lat' dir='ltr'><strong>illum</strong></span> 
     </span>
    </p>
   </div>
   <div class='ocr_carea' id='block_1_38' title="bbox 302 2221 1892 2293">
    <p class='ocr_par' dir='ltr' id='par_1_38' title="bbox 302 2221 1892 2293">
     <span class='ocr_line' id='line_1_38' title="bbox 302 2221 1892 2293; baseline 0.003 -18"><span class='ocrx_word' id='word_1_303' title='bbox 302 2221 677 2291; x_wconf 81' lang='lat' dir='ltr'><strong>spiritualibus</strong></span> <span class='ocrx_word' id='word_1_304' title='bbox 708 2223 872 2276; x_wconf 87' lang='lat' dir='ltr'><strong>armis</strong></span> <span class='ocrx_word' id='word_1_305' title='bbox 894 2221 1147 2291; x_wconf 82' lang='lat' dir='ltr'><strong>jejunans</strong></span> <span class='ocrx_word' id='word_1_306' title='bbox 1176 2233 1231 2278; x_wconf 92' lang='lat' dir='ltr'><strong>et</strong></span> <span class='ocrx_word' id='word_1_307' title='bbox 1254 2240 1417 2280; x_wconf 92' lang='lat' dir='ltr'><strong>orans</strong></span> <span class='ocrx_word' id='word_1_308' title='bbox 1437 2223 1678 2293; x_wconf 90' lang='lat' dir='ltr'><strong>juvares,</strong></span> <span class='ocrx_word' id='word_1_309' title='bbox 1708 2233 1763 2278; x_wconf 92' lang='lat' dir='ltr'><strong>et</strong></span> <span class='ocrx_word' id='word_1_310' title='bbox 1802 2224 1892 2279; x_wconf 92' lang='lat' dir='ltr'><strong>ille</strong></span> 
     </span>
    </p>
   </div>
   <div class='ocr_carea' id='block_1_39' title="bbox 304 2312 1891 2379">
    <p class='ocr_par' dir='ltr' id='par_1_39' title="bbox 304 2312 1891 2379">
     <span class='ocr_line' id='line_1_39' title="bbox 304 2312 1891 2379; baseline 0.002 -13"><span class='ocrx_word' id='word_1_311' title='bbox 304 2314 353 2366; x_wconf 86' lang='lat' dir='ltr'><strong>in</strong></span> <span class='ocrx_word' id='word_1_312' title='bbox 404 2322 459 2366; x_wconf 87' lang='lat' dir='ltr'><strong>te</strong></span> <span class='ocrx_word' id='word_1_313' title='bbox 507 2312 751 2368; x_wconf 73' lang='lat' dir='ltr'><strong>cmlestia</strong></span> <span class='ocrx_word' id='word_1_314' title='bbox 798 2313 937 2367; x_wconf 90' lang='lat' dir='ltr'><strong>bona</strong></span> <span class='ocrx_word' id='word_1_315' title='bbox 976 2314 1076 2368; x_wconf 88' lang='lat' dir='ltr'><strong>sibi</strong></span> <span class='ocrx_word' id='word_1_316' title='bbox 1102 2323 1337 2379; x_wconf 87' lang='lat' dir='ltr'><strong>sereret,</strong></span> <span class='ocrx_word' id='word_1_317' title='bbox 1368 2315 1492 2369; x_wconf 90' lang='lat' dir='ltr'><strong>dum</strong></span> <span class='ocrx_word' id='word_1_318' title='bbox 1532 2317 1769 2370; x_wconf 88' lang='lat' dir='ltr'><strong>carnalia</strong></span> <span class='ocrx_word' id='word_1_319' title='bbox 1796 2317 1891 2369; x_wconf 88' lang='lat' dir='ltr'><strong>tibi</strong></span> 
     </span>
    </p>
   </div>
   <div class='ocr_carea' id='block_1_40' title="bbox 305 2403 1895 2475">
    <p class='ocr_par' dir='ltr' id='par_1_40' title="bbox 305 2403 1895 2475">
     <span class='ocr_line' id='line_1_40' title="bbox 305 2403 1895 2475; baseline 0.002 -18"><span class='ocrx_word' id='word_1_320' title='bbox 305 2405 559 2459; x_wconf 77' lang='lat' dir='ltr'><strong>alimenta</strong></span> <span class='ocrx_word' id='word_1_321' title='bbox 588 2403 900 2473; x_wconf 83' lang='lat' dir='ltr'><strong>suppeditat</strong></span> <span class='ocrx_word' id='word_1_322' title='bbox 921 2444 935 2466; x_wconf 95' lang='lat'><strong>,</strong></span> <span class='ocrx_word' id='word_1_323' title='bbox 969 2420 1076 2458; x_wconf 92' lang='lat' dir='ltr'><strong>non</strong></span> <span class='ocrx_word' id='word_1_324' title='bbox 1108 2404 1362 2472; x_wconf 88' lang='lat' dir='ltr'><strong>indigenti</strong></span> <span class='ocrx_word' id='word_1_325' title='bbox 1383 2404 1598 2473; x_wconf 89' lang='lat' dir='ltr'><strong>quidem</strong></span> <span class='ocrx_word' id='word_1_326' title='bbox 1622 2406 1895 2475; x_wconf 88' lang='lat' dir='ltr'><strong>pereuntis</strong></span> 
     </span>
    </p>
   </div>
   <div class='ocr_carea' id='block_1_41' title="bbox 303 2495 1893 2564">
    <p class='ocr_par' dir='ltr' id='par_1_41' title="bbox 303 2495 1893 2564">
     <span class='ocr_line' id='line_1_41' title="bbox 303 2495 1893 2564; baseline 0.001 -15"><span class='ocrx_word' id='word_1_327' title='bbox 303 2511 443 2549; x_wconf 74' lang='lat' dir='ltr'><strong>esca:</strong></span> <span class='ocrx_word' id='word_1_328' title='bbox 491 2503 716 2549; x_wconf 85' lang='lat' dir='ltr'><strong>sumtu:</strong></span> <span class='ocrx_word' id='word_1_329' title='bbox 760 2496 886 2564; x_wconf 86' lang='lat' dir='ltr'><strong>quia</strong></span> <span class='ocrx_word' id='word_1_330' title='bbox 936 2495 1104 2549; x_wconf 79' lang='lat' dir='ltr'><strong>fames</strong></span> <span class='ocrx_word' id='word_1_331' title='bbox 1151 2504 1241 2550; x_wconf 85' lang='lat' dir='ltr'><strong>tua</strong></span> <span class='ocrx_word' id='word_1_332' title='bbox 1286 2495 1547 2564; x_wconf 83' lang='lat' dir='ltr'><strong>justitiam</strong></span> <span class='ocrx_word' id='word_1_333' title='bbox 1575 2504 1632 2551; x_wconf 90' lang='lat' dir='ltr'><strong>et</strong></span> <span class='ocrx_word' id='word_1_334' title='bbox 1668 2511 1893 2564; x_wconf 88' lang='lat' dir='ltr'><strong>regnum</strong></span> 
     </span>
    </p>
   </div>
   <div class='ocr_carea' id='block_1_42' title="bbox 307 2583 1897 2653">
    <p class='ocr_par' dir='ltr' id='par_1_42' title="bbox 307 2583 1897 2653">
     <span class='ocr_line' id='line_1_42' title="bbox 307 2583 1897 2653; baseline 0.002 -17"><span class='ocrx_word' id='word_1_335' title='bbox 307 2583 396 2639; x_wconf 87' lang='lat' dir='ltr'><strong>Dei</strong></span> <span class='ocrx_word' id='word_1_336' title='bbox 428 2585 603 2638; x_wconf 90' lang='lat' dir='ltr'><strong>esurit</strong></span> <span class='ocrx_word' id='word_1_337' title='bbox 638 2584 680 2637; x_wconf 71' lang='grc' dir='ltr'>τ.</span> <span class='ocrx_word' id='word_1_338' title='bbox 714 2584 820 2639; x_wconf 85' lang='lat' dir='ltr'><strong>Sed</strong></span> <span class='ocrx_word' id='word_1_339' title='bbox 843 2593 1021 2639; x_wconf 89' lang='lat' dir='ltr'><strong>tamen</strong></span> <span class='ocrx_word' id='word_1_340' title='bbox 1044 2585 1167 2653; x_wconf 92' lang='lat' dir='ltr'><strong>quia</strong></span> <span class='ocrx_word' id='word_1_341' title='bbox 1191 2586 1327 2640; x_wconf 92' lang='lat' dir='ltr'><strong>idem</strong></span> <span class='ocrx_word' id='word_1_342' title='bbox 1352 2585 1626 2650; x_wconf 87' lang='lat' dir='ltr'><strong>Dominus,</strong></span> <span class='ocrx_word' id='word_1_343' title='bbox 1651 2586 1741 2653; x_wconf 92' lang='lat' dir='ltr'><strong>qui</strong></span> <span class='ocrx_word' id='word_1_344' title='bbox 1767 2585 1897 2640; x_wconf 82' lang='lat' dir='ltr'><strong>fecit</strong></span> 
     </span>
    </p>
   </div>
   <div class='ocr_carea' id='block_1_43' title="bbox 305 2676 1895 2748">
    <p class='ocr_par' dir='ltr' id='par_1_43' title="bbox 305 2676 1895 2748">
     <span class='ocr_line' id='line_1_43' title="bbox 305 2676 1895 2748; baseline 0.001 -19"><span class='ocrx_word' id='word_1_345' title='bbox 305 2677 448 2745; x_wconf 89' lang='lat' dir='ltr'><strong>quod</strong></span> <span class='ocrx_word' id='word_1_346' title='bbox 475 2677 624 2730; x_wconf 87' lang='lat' dir='ltr'><strong>intus</strong></span> <span class='ocrx_word' id='word_1_347' title='bbox 653 2684 766 2739; x_wconf 88' lang='lat' dir='ltr'><strong>est,</strong></span> <span class='ocrx_word' id='word_1_348' title='bbox 801 2676 925 2730; x_wconf 85' lang='lat' dir='ltr'><strong>fecit</strong></span> <span class='ocrx_word' id='word_1_349' title='bbox 951 2676 1096 2745; x_wconf 90' lang='lat' dir='ltr'><strong>quod</strong></span> <span class='ocrx_word' id='word_1_350' title='bbox 1126 2676 1254 2731; x_wconf 88' lang='lat' dir='ltr'><strong>foris</strong></span> <span class='ocrx_word' id='word_1_351' title='bbox 1281 2685 1399 2741; x_wconf 88' lang='lat' dir='ltr'><strong>est;</strong></span> <span class='ocrx_word' id='word_1_352' title='bbox 1445 2680 1659 2747; x_wconf 75' lang='lat' dir='ltr'><strong>spiritus</strong></span> <span class='ocrx_word' id='word_1_353' title='bbox 1692 2678 1895 2748; x_wconf 87' lang='lat' dir='ltr'><strong>quidem</strong></span> 
     </span>
    </p>
   </div>
   <div class='ocr_carea' id='block_1_44' title="bbox 310 2768 1898 2837">
    <p class='ocr_par' dir='ltr' id='par_1_44' title="bbox 310 2768 1898 2837">
     <span class='ocr_line' id='line_1_44' title="bbox 310 2768 1898 2837; baseline 0.001 -16"><span class='ocrx_word' id='word_1_354' title='bbox 310 2777 599 2837; x_wconf 80' lang='lat' dir='ltr'><strong>promptus,</strong></span> <span class='ocrx_word' id='word_1_355' title='bbox 632 2784 755 2821; x_wconf 85' lang='lat' dir='ltr'><strong>caro</strong></span> <span class='ocrx_word' id='word_1_356' title='bbox 781 2776 953 2820; x_wconf 89' lang='lat' dir='ltr'><strong>autem</strong></span> <span class='ocrx_word' id='word_1_357' title='bbox 978 2768 1189 2837; x_wconf 77' lang='lat' dir='ltr'><strong>inﬁrma</strong></span> <span class='ocrx_word' id='word_1_358' title='bbox 1214 2778 1272 2832; x_wconf 73' lang='lat'><strong>8;</strong></span> <span class='ocrx_word' id='word_1_359' title='bbox 1306 2768 1427 2823; x_wconf 92' lang='lat' dir='ltr'><strong>ideo</strong></span> <span class='ocrx_word' id='word_1_360' title='bbox 1456 2768 1727 2822; x_wconf 84' lang='lat' dir='ltr'><strong>viventem</strong></span> <span class='ocrx_word' id='word_1_361' title='bbox 1769 2769 1898 2823; x_wconf 87' lang='lat' dir='ltr'><strong>licet</strong></span> 
     </span>
    </p>
   </div>
   <div class='ocr_carea' id='block_1_45' title="bbox 308 2856 1897 2927">
    <p class='ocr_par' dir='ltr' id='par_1_45' title="bbox 308 2856 1897 2927">
     <span class='ocr_line' id='line_1_45' title="bbox 308 2856 1897 2927; baseline 0 -15"><span class='ocrx_word' id='word_1_362' title='bbox 308 2863 543 2914; x_wconf 89' lang='lat' dir='ltr'><strong>animam</strong></span> <span class='ocrx_word' id='word_1_363' title='bbox 593 2862 649 2915; x_wconf 90' lang='lat' dir='ltr'><strong>in</strong></span> <span class='ocrx_word' id='word_1_364' title='bbox 696 2860 873 2915; x_wconf 92' lang='lat' dir='ltr'><strong>Verbo</strong></span> <span class='ocrx_word' id='word_1_365' title='bbox 902 2860 1030 2925; x_wconf 90' lang='lat' dir='ltr'><strong>Dei,</strong></span> <span class='ocrx_word' id='word_1_366' title='bbox 1062 2858 1207 2927; x_wconf 92' lang='lat' dir='ltr'><strong>quod</strong></span> <span class='ocrx_word' id='word_1_367' title='bbox 1236 2867 1321 2913; x_wconf 89' lang='lat' dir='ltr'><strong>est</strong></span> <span class='ocrx_word' id='word_1_368' title='bbox 1345 2856 1591 2911; x_wconf 90' lang='lat' dir='ltr'><strong>Christus</strong></span> <span class='ocrx_word' id='word_1_369' title='bbox 1614 2858 1773 2922; x_wconf 88' lang='lat' dir='ltr'><strong>Deus,</strong></span> <span class='ocrx_word' id='word_1_370' title='bbox 1806 2859 1897 2927; x_wconf 91' lang='lat' dir='ltr'><strong>qui</strong></span> 
     </span>
    </p>
   </div>
   <div class='ocr_carea' id='block_1_46' title="bbox 310 2947 1893 3021">
    <p class='ocr_par' dir='ltr' id='par_1_46' title="bbox 310 2947 1893 3021">
     <span class='ocr_line' id='line_1_46' title="bbox 310 2947 1893 3021; baseline -0.001 -17"><span class='ocrx_word' id='word_1_371' title='bbox 310 2968 467 3007; x_wconf 78' lang='lat' dir='ltr'><strong>verus</strong></span> <span class='ocrx_word' id='word_1_372' title='bbox 512 2962 569 3006; x_wconf 89' lang='lat' dir='ltr'><strong>et</strong></span> <span class='ocrx_word' id='word_1_373' title='bbox 618 2953 773 3006; x_wconf 88' lang='lat' dir='ltr'><strong>vivus</strong></span> <span class='ocrx_word' id='word_1_374' title='bbox 813 2953 965 3021; x_wconf 90' lang='lat' dir='ltr'><strong>panis</strong></span> <span class='ocrx_word' id='word_1_375' title='bbox 987 2959 1073 3006; x_wconf 91' lang='lat' dir='ltr'><strong>est</strong></span> <span class='ocrx_word' id='word_1_376' title='bbox 1103 2948 1149 3016; x_wconf 77' lang='grc' dir='ltr'><strong>ιι,</strong></span> <span class='ocrx_word' id='word_1_377' title='bbox 1170 2950 1260 3003; x_wconf 90' lang='lat' dir='ltr'><strong>tali</strong></span> <span class='ocrx_word' id='word_1_378' title='bbox 1281 2956 1657 3003; x_wconf 89' lang='lat' dir='ltr'><strong>remuneratur</strong></span> <span class='ocrx_word' id='word_1_379' title='bbox 1687 2947 1779 3017; x_wconf 82' lang='lat' dir='ltr'><strong>(V.</strong></span> <span class='ocrx_word' id='word_1_380' title='bbox 1806 2962 1893 3017; x_wconf 92' lang='lat' dir='ltr'><strong>ep.</strong></span> 
     </span>
    </p>
   </div>
   <div class='ocr_carea' id='block_1_47' title="bbox 312 3040 1898 3113">
    <p class='ocr_par' dir='ltr' id='par_1_47' title="bbox 312 3040 1898 3113">
     <span class='ocr_line' id='line_1_47' title="bbox 312 3040 1898 3113; baseline -0.004 -15"><span class='ocrx_word' id='word_1_381' title='bbox 312 3044 391 3107; x_wconf 77' lang='lat' dir='ltr'><strong>I5,</strong></span> <span class='ocrx_word' id='word_1_382' title='bbox 412 3060 561 3097; x_wconf 79' lang='lat' dir='ltr'><strong>tium.</strong></span> <span class='ocrx_word' id='word_1_383' title='bbox 578 3043 669 3113; x_wconf 88' lang='lat'><strong>20)</strong></span> <span class='ocrx_word' id='word_1_384' title='bbox 690 3043 970 3112; x_wconf 84' lang='lat' dir='ltr'><strong>obsequio,</strong></span> <span class='ocrx_word' id='word_1_385' title='bbox 994 3049 1053 3096; x_wconf 89' lang='lat' dir='ltr'><strong>ut</strong></span> <span class='ocrx_word' id='word_1_386' title='bbox 1075 3041 1289 3112; x_wconf 86' lang='lat' dir='ltr'><strong>corpori</strong></span> <span class='ocrx_word' id='word_1_387' title='bbox 1319 3049 1433 3105; x_wconf 91' lang='lat' dir='ltr'><strong>tuo,</strong></span> <span class='ocrx_word' id='word_1_388' title='bbox 1466 3040 1515 3094; x_wconf 89' lang='lat' dir='ltr'><strong>id</strong></span> <span class='ocrx_word' id='word_1_389' title='bbox 1534 3048 1636 3105; x_wconf 88' lang='lat' dir='ltr'><strong>est,</strong></span> <span class='ocrx_word' id='word_1_390' title='bbox 1668 3048 1898 3093; x_wconf 62' lang='lat' dir='ltr'><strong>terrente</strong></span> 
     </span>
    </p>
   </div>
   <div class='ocr_carea' id='block_1_48' title="bbox 1992 1884 3572 1964">
    <p class='ocr_par' dir='ltr' id='par_1_48' title="bbox 1992 1884 3572 1964">
     <span class='ocr_line' id='line_1_48' title="bbox 1992 1884 3572 1964; baseline 0.007 -27"><span class='ocrx_word' id='word_1_391' title='bbox 1992 1885 2179 1938; x_wconf 89' lang='lat' dir='ltr'><strong>eodem</strong></span> <span class='ocrx_word' id='word_1_392' title='bbox 2206 1886 2468 1953; x_wconf 87' lang='lat' dir='ltr'><strong>prepheta</strong></span> <span class='ocrx_word' id='word_1_393' title='bbox 2496 1884 2682 1940; x_wconf 89' lang='lat' dir='ltr'><strong>didicit</strong></span> <span class='ocrx_word' id='word_1_394' title='bbox 2709 1886 2924 1943; x_wconf 89' lang='lat' dir='ltr'><strong>dicere:</strong></span> <span class='ocrx_word' id='word_1_395' title='bbox 2956 1889 3310 1960; x_wconf 86' lang='lat' dir='ltr'><strong>Singulariter</strong></span> <span class='ocrx_word' id='word_1_396' title='bbox 3328 1909 3438 1947; x_wconf 87' lang='lat' dir='ltr'><strong>sum</strong></span> <span class='ocrx_word' id='word_1_397' title='bbox 3459 1909 3572 1964; x_wconf 85' lang='lat' dir='ltr'><strong>ego,</strong></span> 
     </span>
    </p>
   </div>
   <div class='ocr_carea' id='block_1_49' title="bbox 1993 1976 2511 2030">
    <p class='ocr_par' dir='ltr' id='par_1_49' title="bbox 1993 1976 2511 2030">
     <span class='ocr_line' id='line_1_49' title="bbox 1993 1976 2511 2030; baseline 0.004 -2"><span class='ocrx_word' id='word_1_398' title='bbox 1993 1976 2153 2030; x_wconf 84' lang='lat' dir='ltr'><strong>donec</strong></span> <span class='ocrx_word' id='word_1_399' title='bbox 2178 1985 2438 2030; x_wconf 77' lang='lat' dir='ltr'><strong>transeam</strong></span> <span class='ocrx_word' id='word_1_400' title='bbox 2468 1985 2511 2030; x_wconf 94' lang='lat'><strong>°.</strong></span> 
     </span>
    </p>
   </div>
   <div class='ocr_carea' id='block_1_50' title="bbox 2060 2066 3573 2147">
    <p class='ocr_par' dir='ltr' id='par_1_50' title="bbox 2060 2066 3573 2147">
     <span class='ocr_line' id='line_1_50' title="bbox 2060 2066 3573 2147; baseline 0.009 -27"><span class='ocrx_word' id='word_1_401' title='bbox 2060 2067 2115 2121; x_wconf 88' lang='lat'><strong>5.</strong></span> <span class='ocrx_word' id='word_1_402' title='bbox 2158 2066 2299 2136; x_wconf 85' lang='lat' dir='ltr'><strong>Ergo</strong></span> <span class='ocrx_word' id='word_1_403' title='bbox 2324 2070 2449 2136; x_wconf 85' lang='lat' dir='ltr'><strong>quia</strong></span> <span class='ocrx_word' id='word_1_404' title='bbox 2480 2084 2559 2125; x_wconf 77' lang='lat' dir='ltr'><strong>sic</strong></span> <span class='ocrx_word' id='word_1_405' title='bbox 2598 2072 2755 2125; x_wconf 91' lang='lat' dir='ltr'><strong>electi</strong></span> <span class='ocrx_word' id='word_1_406' title='bbox 2790 2072 2921 2128; x_wconf 89' lang='lat' dir='ltr'><strong>estis</strong></span> <span class='ocrx_word' id='word_1_407' title='bbox 2962 2082 3019 2130; x_wconf 90' lang='lat' dir='ltr'><strong>et</strong></span> <span class='ocrx_word' id='word_1_408' title='bbox 3045 2075 3224 2131; x_wconf 90' lang='lat' dir='ltr'><strong>dilecti</strong></span> <span class='ocrx_word' id='word_1_409' title='bbox 3269 2077 3498 2134; x_wconf 90' lang='lat' dir='ltr'><strong>Domino</strong></span> <span class='ocrx_word' id='word_1_410' title='bbox 3526 2079 3573 2147; x_wconf 67' lang='grc'>⁸,</span> 
     </span>
    </p>
   </div>
   <div class='ocr_carea' id='block_1_51' title="bbox 1993 2159 3571 2236">
    <p class='ocr_par' dir='ltr' id='par_1_51' title="bbox 1993 2159 3571 2236">
     <span class='ocr_line' id='line_1_51' title="bbox 1993 2159 3571 2236; baseline 0.008 -25"><span class='ocrx_word' id='word_1_411' title='bbox 1993 2166 2052 2211; x_wconf 86' lang='lat' dir='ltr'><strong>ut</strong></span> <span class='ocrx_word' id='word_1_412' title='bbox 2076 2159 2208 2212; x_wconf 83' lang='lat' dir='ltr'><strong>alter</strong></span> <span class='ocrx_word' id='word_1_413' title='bbox 2235 2159 2448 2212; x_wconf 81' lang='lat' dir='ltr'><strong>alterius</strong></span> <span class='ocrx_word' id='word_1_414' title='bbox 2466 2177 2625 2213; x_wconf 86' lang='lat' dir='ltr'><strong>onera</strong></span> <span class='ocrx_word' id='word_1_415' title='bbox 2646 2165 2861 2229; x_wconf 87' lang='lat' dir='ltr'><strong>portetis</strong></span> <span class='ocrx_word' id='word_1_416' title='bbox 2890 2174 2944 2230; x_wconf 76' lang='lat' dir='ltr'><strong>r;</strong></span> <span class='ocrx_word' id='word_1_417' title='bbox 2979 2172 3036 2218; x_wconf 91' lang='lat' dir='ltr'><strong>et</strong></span> <span class='ocrx_word' id='word_1_418' title='bbox 3062 2166 3287 2221; x_wconf 88' lang='lat' dir='ltr'><strong>caritate</strong></span> <span class='ocrx_word' id='word_1_419' title='bbox 3312 2168 3571 2236; x_wconf 79' lang='lat' dir='ltr'><strong>perfecta,</strong></span> 
     </span>
    </p>
   </div>
   <div class='ocr_carea' id='block_1_52' title="bbox 1993 2248 3572 2320">
    <p class='ocr_par' dir='ltr' id='par_1_52' title="bbox 1993 2248 3572 2320">
     <span class='ocr_line' id='line_1_52' title="bbox 1993 2248 3572 2320; baseline 0.006 -19"><span class='ocrx_word' id='word_1_420' title='bbox 1993 2263 2099 2317; x_wconf 91' lang='lat' dir='ltr'><strong>qua</strong></span> <span class='ocrx_word' id='word_1_421' title='bbox 2128 2248 2357 2303; x_wconf 88' lang='lat' dir='ltr'><strong>invicem</strong></span> <span class='ocrx_word' id='word_1_422' title='bbox 2385 2265 2483 2303; x_wconf 93' lang='lat' dir='ltr'><strong>vos</strong></span> <span class='ocrx_word' id='word_1_423' title='bbox 2510 2251 2751 2318; x_wconf 85' lang='lat' dir='ltr'><strong>pascitis,</strong></span> <span class='ocrx_word' id='word_1_424' title='bbox 2781 2253 3076 2318; x_wconf 82' lang='lat' dir='ltr'><strong>sustinetis,</strong></span> <span class='ocrx_word' id='word_1_425' title='bbox 3107 2254 3388 2320; x_wconf 90' lang='lat' dir='ltr'><strong>instruitis,</strong></span> <span class='ocrx_word' id='word_1_426' title='bbox 3420 2256 3572 2311; x_wconf 82' lang='lat' dir='ltr'><strong>locu.-</strong></span> 
     </span>
    </p>
   </div>
   <div class='ocr_carea' id='block_1_53' title="bbox 1994 2338 3572 2414">
    <p class='ocr_par' dir='ltr' id='par_1_53' title="bbox 1994 2338 3572 2414">
     <span class='ocr_line' id='line_1_53' title="bbox 1994 2338 3572 2414; baseline 0.008 -24"><span class='ocrx_word' id='word_1_427' title='bbox 1994 2338 2228 2407; x_wconf 88' lang='lat' dir='ltr'><strong>pletatis,</strong></span> <span class='ocrx_word' id='word_1_428' title='bbox 2262 2339 2557 2409; x_wconf 80' lang='lat' dir='ltr'><strong>adimpletis</strong></span> <span class='ocrx_word' id='word_1_429' title='bbox 2596 2341 2761 2411; x_wconf 86' lang='lat' dir='ltr'><strong>legem</strong></span> <span class='ocrx_word' id='word_1_430' title='bbox 2809 2342 3001 2396; x_wconf 80' lang='lat' dir='ltr'><strong>Christi</strong></span> <span class='ocrx_word' id='word_1_431' title='bbox 3024 2384 3038 2407; x_wconf 92' lang='lat'><strong>,</strong></span> <span class='ocrx_word' id='word_1_432' title='bbox 3072 2352 3225 2399; x_wconf 88' lang='lat' dir='ltr'><strong>orate</strong></span> <span class='ocrx_word' id='word_1_433' title='bbox 3263 2361 3360 2414; x_wconf 90' lang='lat' dir='ltr'><strong>pro</strong></span> <span class='ocrx_word' id='word_1_434' title='bbox 3380 2346 3572 2411; x_wconf 90' lang='lat' dir='ltr'><strong>nobis;</strong></span> 
     </span>
    </p>
   </div>
   <div class='ocr_carea' id='block_1_54' title="bbox 1992 2428 3575 2504">
    <p class='ocr_par' dir='ltr' id='par_1_54' title="bbox 1992 2428 3575 2504">
     <span class='ocr_line' id='line_1_54' title="bbox 1992 2428 3575 2504; baseline 0.005 -21"><span class='ocrx_word' id='word_1_435' title='bbox 1992 2429 2263 2484; x_wconf 88' lang='lat' dir='ltr'><strong>conserite</strong></span> <span class='ocrx_word' id='word_1_436' title='bbox 2288 2428 2492 2484; x_wconf 87' lang='lat' dir='ltr'><strong>validas</strong></span> <span class='ocrx_word' id='word_1_437' title='bbox 2512 2431 2811 2486; x_wconf 88' lang='lat' dir='ltr'><strong>orationum</strong></span> <span class='ocrx_word' id='word_1_438' title='bbox 2833 2447 3041 2499; x_wconf 85' lang='lat' dir='ltr'><strong>manus,</strong></span> <span class='ocrx_word' id='word_1_439' title='bbox 3070 2441 3129 2488; x_wconf 95' lang='lat' dir='ltr'><strong>ut</strong></span> <span class='ocrx_word' id='word_1_440' title='bbox 3155 2436 3420 2504; x_wconf 88' lang='lat' dir='ltr'><strong>superetis</strong></span> <span class='ocrx_word' id='word_1_441' title='bbox 3440 2437 3575 2491; x_wconf 84' lang='lat' dir='ltr'><strong>mul-</strong></span> 
     </span>
    </p>
   </div>
   <div class='ocr_carea' id='block_1_55' title="bbox 1995 2519 3575 2590">
    <p class='ocr_par' dir='ltr' id='par_1_55' title="bbox 1995 2519 3575 2590">
     <span class='ocr_line' id='line_1_55' title="bbox 1995 2519 3575 2590; baseline 0.007 -18"><span class='ocrx_word' id='word_1_442' title='bbox 1995 2519 2277 2575; x_wconf 87' lang='lat' dir='ltr'><strong>titudinem</strong></span> <span class='ocrx_word' id='word_1_443' title='bbox 2292 2529 2636 2590; x_wconf 88' lang='lat' dir='ltr'><strong>peccatorum</strong></span> <span class='ocrx_word' id='word_1_444' title='bbox 2657 2531 2985 2579; x_wconf 90' lang='lat' dir='ltr'><strong>nostrorum.</strong></span> <span class='ocrx_word' id='word_1_445' title='bbox 2998 2523 3078 2580; x_wconf 91' lang='lat' dir='ltr'><strong>Ob</strong></span> <span class='ocrx_word' id='word_1_446' title='bbox 3098 2527 3353 2581; x_wconf 87' lang='lat' dir='ltr'><strong>hocenim</strong></span> <span class='ocrx_word' id='word_1_447' title='bbox 3369 2528 3575 2583; x_wconf 88' lang='lat' dir='ltr'><strong>miseri-</strong></span> 
     </span>
    </p>
   </div>
   <div class='ocr_carea' id='block_1_56' title="bbox 1997 2611 3573 2683">
    <p class='ocr_par' dir='ltr' id='par_1_56' title="bbox 1997 2611 3573 2683">
     <span class='ocr_line' id='line_1_56' title="bbox 1997 2611 3573 2683; baseline 0.007 -20"><span class='ocrx_word' id='word_1_448' title='bbox 1997 2625 2121 2664; x_wconf 91' lang='lat' dir='ltr'><strong>cors</strong></span> <span class='ocrx_word' id='word_1_449' title='bbox 2150 2617 2205 2663; x_wconf 92' lang='lat' dir='ltr'><strong>et</strong></span> <span class='ocrx_word' id='word_1_450' title='bbox 2228 2611 2513 2665; x_wconf 88' lang='lat' dir='ltr'><strong>miserator</strong></span> <span class='ocrx_word' id='word_1_451' title='bbox 2538 2611 2794 2668; x_wconf 91' lang='lat' dir='ltr'><strong>Dominus</strong></span> <span class='ocrx_word' id='word_1_452' title='bbox 2822 2616 3197 2683; x_wconf 88' lang='lat' dir='ltr'><strong>peccatoribus</strong></span> <span class='ocrx_word' id='word_1_453' title='bbox 3216 2617 3328 2671; x_wconf 88' lang='lat' dir='ltr'><strong>suis</strong></span> <span class='ocrx_word' id='word_1_454' title='bbox 3356 2626 3573 2674; x_wconf 90' lang='lat' dir='ltr'><strong>sancto-</strong></span> 
     </span>
    </p>
   </div>
   <div class='ocr_carea' id='block_1_57' title="bbox 1997 2702 3576 2775">
    <p class='ocr_par' dir='ltr' id='par_1_57' title="bbox 1997 2702 3576 2775">
     <span class='ocr_line' id='line_1_57' title="bbox 1997 2702 3576 2775; baseline 0.007 -21"><span class='ocrx_word' id='word_1_455' title='bbox 1997 2717 2116 2754; x_wconf 89' lang='lat' dir='ltr'><strong>rum</strong></span> <span class='ocrx_word' id='word_1_456' title='bbox 2142 2702 2387 2756; x_wconf 89' lang='lat' dir='ltr'><strong>notitiam</strong></span> <span class='ocrx_word' id='word_1_457' title='bbox 2408 2704 2791 2774; x_wconf 84' lang='lat' dir='ltr'><strong>caritatemque</strong></span> <span class='ocrx_word' id='word_1_458' title='bbox 2806 2716 3059 2775; x_wconf 86' lang='lat' dir='ltr'><strong>procurat</strong></span> <span class='ocrx_word' id='word_1_459' title='bbox 3078 2716 3133 2763; x_wconf 91' lang='lat' dir='ltr'><strong>et</strong></span> <span class='ocrx_word' id='word_1_460' title='bbox 3152 2708 3397 2775; x_wconf 86' lang='lat' dir='ltr'><strong>donat,ut</strong></span> <span class='ocrx_word' id='word_1_461' title='bbox 3416 2712 3576 2766; x_wconf 90' lang='lat' dir='ltr'><strong>etiam</strong></span> 
     </span>
    </p>
   </div>
   <div class='ocr_carea' id='block_1_58' title="bbox 1997 2793 3576 2865">
    <p class='ocr_par' dir='ltr' id='par_1_58' title="bbox 1997 2793 3576 2865">
     <span class='ocr_line' id='line_1_58' title="bbox 1997 2793 3576 2865; baseline 0.005 -18"><span class='ocrx_word' id='word_1_462' title='bbox 1997 2793 2388 2848; x_wconf 81' lang='lat' dir='ltr'><strong>inexcusabilcs</strong></span> <span class='ocrx_word' id='word_1_463' title='bbox 2435 2810 2559 2849; x_wconf 90' lang='lat' dir='ltr'><strong>reos</strong></span> <span class='ocrx_word' id='word_1_464' title='bbox 2598 2807 2900 2865; x_wconf 71' lang='lat' dir='ltr'><strong>prtepotens</strong></span> <span class='ocrx_word' id='word_1_465' title='bbox 2941 2798 3224 2854; x_wconf 91' lang='lat' dir='ltr'><strong>advocatio</strong></span> <span class='ocrx_word' id='word_1_466' title='bbox 3252 2802 3457 2855; x_wconf 87' lang='lat' dir='ltr'><strong>meritis</strong></span> <span class='ocrx_word' id='word_1_467' title='bbox 3480 2801 3576 2855; x_wconf 88' lang='lat' dir='ltr'><strong>da-</strong></span> 
     </span>
    </p>
   </div>
   <div class='ocr_carea' id='block_1_59' title="bbox 1997 2881 3577 2958">
    <p class='ocr_par' dir='ltr' id='par_1_59' title="bbox 1997 2881 3577 2958">
     <span class='ocr_line' id='line_1_59' title="bbox 1997 2881 3577 2958; baseline 0.006 -25"><span class='ocrx_word' id='word_1_468' title='bbox 1997 2881 2289 2936; x_wconf 90' lang='lat' dir='ltr'><strong>mnationis</strong></span> <span class='ocrx_word' id='word_1_469' title='bbox 2321 2884 2583 2937; x_wconf 87' lang='lat' dir='ltr'><strong>absolvat.</strong></span> <span class='ocrx_word' id='word_1_470' title='bbox 2623 2883 2883 2939; x_wconf 81' lang='lat' dir='ltr'><strong>Maneatis</strong></span> <span class='ocrx_word' id='word_1_471' title='bbox 2906 2886 2958 2939; x_wconf 91' lang='lat' dir='ltr'><strong>in</strong></span> <span class='ocrx_word' id='word_1_472' title='bbox 2981 2900 3146 2955; x_wconf 89' lang='lat' dir='ltr'><strong>regno</strong></span> <span class='ocrx_word' id='word_1_473' title='bbox 3175 2887 3385 2942; x_wconf 86' lang='lat' dir='ltr'><strong>Domini</strong></span> <span class='ocrx_word' id='word_1_474' title='bbox 3411 2888 3577 2958; x_wconf 88' lang='lat' dir='ltr'><strong>(quod</strong></span> 
     </span>
    </p>
   </div>
   <div class='ocr_carea' id='block_1_60' title="bbox 2000 2971 3577 3040">
    <p class='ocr_par' dir='ltr' id='par_1_60' title="bbox 2000 2971 3577 3040">
     <span class='ocr_line' id='line_1_60' title="bbox 2000 2971 3577 3040; baseline 0.005 -17"><span class='ocrx_word' id='word_1_475' title='bbox 2000 2971 2140 3024; x_wconf 89' lang='lat' dir='ltr'><strong>intra</strong></span> <span class='ocrx_word' id='word_1_476' title='bbox 2170 2987 2267 3025; x_wconf 91' lang='lat' dir='ltr'><strong>vos</strong></span> <span class='ocrx_word' id='word_1_477' title='bbox 2296 2972 2425 3026; x_wconf 84' lang='lat' dir='ltr'><strong>fecit</strong></span> <span class='ocrx_word' id='word_1_478' title='bbox 2448 2988 2568 3026; x_wconf 90' lang='lat' dir='ltr'><strong>esse</strong></span> <span class='ocrx_word' id='word_1_479' title='bbox 2592 2989 2687 3040; x_wconf 89' lang='lat' dir='ltr'><strong>per</strong></span> <span class='ocrx_word' id='word_1_480' title='bbox 2715 2974 3103 3029; x_wconf 89' lang='lat' dir='ltr'><strong>inbabitantem</strong></span> <span class='ocrx_word' id='word_1_481' title='bbox 3135 2976 3188 3028; x_wconf 92' lang='lat' dir='ltr'><strong>in</strong></span> <span class='ocrx_word' id='word_1_482' title='bbox 3216 2978 3368 3029; x_wconf 87' lang='lat' dir='ltr'><strong>vobis</strong></span> <span class='ocrx_word' id='word_1_483' title='bbox 3394 2978 3577 3031; x_wconf 80' lang='lat' dir='ltr'><strong>arrha-</strong></span> 
     </span>
    </p>
   </div>
   <div class='ocr_carea' id='block_1_61' title="bbox 1999 3061 3577 3137">
    <p class='ocr_par' dir='ltr' id='par_1_61' title="bbox 1999 3061 3577 3137">
     <span class='ocr_line' id='line_1_61' title="bbox 1999 3061 3577 3137; baseline 0.001 -22"><span class='ocrx_word' id='word_1_484' title='bbox 1999 3062 2191 3118; x_wconf 86' lang='lat' dir='ltr'><strong>bonem</strong></span> <span class='ocrx_word' id='word_1_485' title='bbox 2221 3061 2453 3132; x_wconf 86' lang='lat' dir='ltr'><strong>Spiritus</strong></span> <span class='ocrx_word' id='word_1_486' title='bbox 2477 3064 2667 3135; x_wconf 84' lang='lat' dir='ltr'><strong>sancti,</strong></span> <span class='ocrx_word' id='word_1_487' title='bbox 2682 3064 2734 3117; x_wconf 90' lang='lat' dir='ltr'><strong>in</strong></span> <span class='ocrx_word' id='word_1_488' title='bbox 2755 3080 2852 3134; x_wconf 88' lang='lat' dir='ltr'><strong>quo</strong></span> <span class='ocrx_word' id='word_1_489' title='bbox 2880 3064 3137 3128; x_wconf 73' lang='lat' dir='ltr'><strong>clam/itis,</strong></span> <span class='ocrx_word' id='word_1_490' title='bbox 3162 3062 3326 3135; x_wconf 84' lang='lat' dir='ltr'><strong>Abba,</strong></span> <span class='ocrx_word' id='word_1_491' title='bbox 3352 3065 3512 3120; x_wconf 84' lang='lat' dir='ltr'><strong>Pater</strong></span> <span class='ocrx_word' id='word_1_492' title='bbox 3527 3068 3577 3137; x_wconf 72' lang='grc' dir='ltr'><strong>(ι)</strong></span> 
     </span>
    </p>
   </div>
   <div class='ocr_carea' id='block_1_62' title="bbox 312 3131 1896 3226">
    <p class='ocr_par' dir='ltr' id='par_1_62' title="bbox 312 3131 1895 3203">
     <span class='ocr_line' id='line_1_62' title="bbox 312 3131 1895 3203; baseline -0.002 -14"><span class='ocrx_word' id='word_1_493' title='bbox 312 3136 358 3189; x_wconf 84' lang='lat' dir='ltr'><strong>in</strong></span> <span class='ocrx_word' id='word_1_494' title='bbox 383 3146 441 3189; x_wconf 87' lang='lat' dir='ltr'><strong>te</strong></span> <span class='ocrx_word' id='word_1_495' title='bbox 471 3135 750 3203; x_wconf 83' lang='lat' dir='ltr'><strong>fragilitati</strong></span> <span class='ocrx_word' id='word_1_496' title='bbox 775 3135 978 3189; x_wconf 88' lang='lat' dir='ltr'><strong>serviat</strong></span> <span class='ocrx_word' id='word_1_497' title='bbox 997 3133 1132 3188; x_wconf 89' lang='lat' dir='ltr'><strong>cibis</strong></span> <span class='ocrx_word' id='word_1_498' title='bbox 1156 3133 1410 3197; x_wconf 90' lang='lat' dir='ltr'><strong>modicis,</strong></span> <span class='ocrx_word' id='word_1_499' title='bbox 1440 3140 1495 3185; x_wconf 90' lang='lat' dir='ltr'><strong>et</strong></span> <span class='ocrx_word' id='word_1_500' title='bbox 1524 3132 1635 3201; x_wconf 88' lang='lat' dir='ltr'><strong>ipse</strong></span> <span class='ocrx_word' id='word_1_501' title='bbox 1657 3131 1895 3200; x_wconf 86' lang='lat' dir='ltr'><strong>jejunio-</strong></span> 
     </span>
    </p>
   </div>
   <div class='ocr_carea' id='block_1_63' title="bbox 2009 3131 3541 3226">
    <p class='ocr_par' dir='ltr' id='par_1_63' title="bbox 2009 3131 3541 3226">
     <span class='ocr_line' id='line_1_63' title="bbox 2009 3131 3541 3226; baseline 0.003 -18"><span class='ocrx_word' id='word_1_502' title='bbox 2009 3131 2268 3209; x_wconf 83' lang='lat' dir='ltr'><strong>beuedicti</strong></span> <span class='ocrx_word' id='word_1_503' title='bbox 2300 3154 2526 3210; x_wconf 90' lang='lat' dir='ltr'><strong>Domino</strong></span> <span class='ocrx_word' id='word_1_504' title='bbox 2555 3132 2645 3208; x_wconf 83' lang='lat' dir='ltr'><strong>ﬁlii</strong></span> <span class='ocrx_word' id='word_1_505' title='bbox 2668 3131 2904 3224; x_wconf 84' lang='lat' dir='ltr'><strong>pietatis,</strong></span> <span class='ocrx_word' id='word_1_506' title='bbox 2940 3165 2996 3211; x_wconf 90' lang='lat' dir='ltr'><strong>et</strong></span> <span class='ocrx_word' id='word_1_507' title='bbox 3023 3158 3190 3226; x_wconf 89' lang='lat' dir='ltr'><strong>pacis,</strong></span> <span class='ocrx_word' id='word_1_508' title='bbox 3221 3166 3277 3212; x_wconf 90' lang='lat' dir='ltr'><strong>et</strong></span> <span class='ocrx_word' id='word_1_509' title='bbox 3303 3131 3541 3214; x_wconf 82' lang='lat' dir='ltr'><strong>luminis.</strong></span> 
     </span>
    </p>
   </div>
   <div class='ocr_carea' id='block_1_64' title="bbox 310 3224 1893 3293">
    <p class='ocr_par' dir='ltr' id='par_1_64' title="bbox 310 3224 1893 3293">
     <span class='ocr_line' id='line_1_64' title="bbox 310 3224 1893 3293; baseline -0.003 -13"><span class='ocrx_word' id='word_1_510' title='bbox 310 3241 426 3280; x_wconf 88' lang='lat' dir='ltr'><strong>rum</strong></span> <span class='ocrx_word' id='word_1_511' title='bbox 459 3235 675 3280; x_wconf 90' lang='lat' dir='ltr'><strong>tuorum</strong></span> <span class='ocrx_word' id='word_1_512' title='bbox 706 3226 1032 3280; x_wconf 89' lang='lat' dir='ltr'><strong>abundantia</strong></span> <span class='ocrx_word' id='word_1_513' title='bbox 1071 3226 1365 3293; x_wconf 87' lang='lat' dir='ltr'><strong>saginetur.</strong></span> <span class='ocrx_word' id='word_1_514' title='bbox 1397 3225 1521 3279; x_wconf 90' lang='lat' dir='ltr'><strong>Ideo</strong></span> <span class='ocrx_word' id='word_1_515' title='bbox 1548 3226 1691 3279; x_wconf 92' lang='lat' dir='ltr'><strong>enim</strong></span> <span class='ocrx_word' id='word_1_516' title='bbox 1721 3224 1853 3278; x_wconf 76' lang='lat' dir='ltr'><strong>dixit</strong></span> <span class='ocrx_word' id='word_1_517' title='bbox 1880 3242 1893 3276; x_wconf 92' lang='lat'><strong>:</strong></span> 
     </span>
    </p>
   </div>
   <div class='ocr_carea' id='block_1_65' title="bbox 313 3313 1895 3386">
    <p class='ocr_par' dir='ltr' id='par_1_65' title="bbox 313 3313 1895 3386">
     <span class='ocr_line' id='line_1_65' title="bbox 313 3313 1895 3386; baseline -0.001 -18"><span class='ocrx_word' id='word_1_518' title='bbox 313 3315 436 3371; x_wconf 75' lang='lat' dir='ltr'><strong>Non</strong></span> <span class='ocrx_word' id='word_1_519' title='bbox 466 3320 519 3370; x_wconf 91' lang='lat' dir='ltr'><strong>in</strong></span> <span class='ocrx_word' id='word_1_520' title='bbox 550 3319 663 3371; x_wconf 90' lang='lat' dir='ltr'><strong>solo</strong></span> <span class='ocrx_word' id='word_1_521' title='bbox 676 3334 813 3386; x_wconf 78' lang='lat' dir='ltr'><strong>pane</strong></span> <span class='ocrx_word' id='word_1_522' title='bbox 846 3318 964 3370; x_wconf 73' lang='lat' dir='ltr'><strong>vivit</strong></span> <span class='ocrx_word' id='word_1_523' title='bbox 986 3317 1155 3383; x_wconf 81' lang='lat' dir='ltr'><strong>homo,</strong></span> <span class='ocrx_word' id='word_1_524' title='bbox 1188 3315 1278 3369; x_wconf 87' lang='lat' dir='ltr'><strong>sed</strong></span> <span class='ocrx_word' id='word_1_525' title='bbox 1304 3317 1355 3368; x_wconf 86' lang='lat' dir='ltr'><strong>in</strong></span> <span class='ocrx_word' id='word_1_526' title='bbox 1380 3316 1519 3371; x_wconf 87' lang='lat' dir='ltr'><strong>omni</strong></span> <span class='ocrx_word' id='word_1_527' title='bbox 1548 3316 1694 3368; x_wconf 77' lang='lat' dir='ltr'><strong>verbo</strong></span> <span class='ocrx_word' id='word_1_528' title='bbox 1726 3313 1823 3368; x_wconf 88' lang='lat' dir='ltr'><strong>Dei</strong></span> <span class='ocrx_word' id='word_1_529' title='bbox 1846 3314 1895 3379; x_wconf 79' lang='lat' dir='ltr'><strong>i;</strong></span> 
     </span>
    </p>
   </div>
   <div class='ocr_carea' id='block_1_66' title="bbox 310 3407 1899 3477">
    <p class='ocr_par' dir='ltr' id='par_1_66' title="bbox 310 3407 1899 3477">
     <span class='ocr_line' id='line_1_66' title="bbox 310 3407 1899 3477; baseline -0.001 -14"><span class='ocrx_word' id='word_1_530' title='bbox 310 3410 437 3477; x_wconf 82' lang='lat' dir='ltr'><strong>quia</strong></span> <span class='ocrx_word' id='word_1_531' title='bbox 468 3417 526 3462; x_wconf 92' lang='lat' dir='ltr'><strong>ut</strong></span> <span class='ocrx_word' id='word_1_532' title='bbox 555 3409 866 3463; x_wconf 89' lang='lat' dir='ltr'><strong>inlirmioris</strong></span> <span class='ocrx_word' id='word_1_533' title='bbox 893 3409 1205 3463; x_wconf 60' lang='lat' dir='ltr'><strong>substantiae</strong></span> <span class='ocrx_word' id='word_1_534' title='bbox 1244 3416 1440 3462; x_wconf 73' lang='lat' dir='ltr'><strong>nostra:</strong></span> <span class='ocrx_word' id='word_1_535' title='bbox 1482 3407 1781 3471; x_wconf 89' lang='lat' dir='ltr'><strong>rationem,</strong></span> <span class='ocrx_word' id='word_1_536' title='bbox 1830 3422 1899 3461; x_wconf 90' lang='lat' dir='ltr'><strong>ne</strong></span> 
     </span>
    </p>
   </div>
   <div class='ocr_carea' id='block_1_67' title="bbox 310 3500 1898 3570">
    <p class='ocr_par' dir='ltr' id='par_1_67' title="bbox 310 3500 1898 3570">
     <span class='ocr_line' id='line_1_67' title="bbox 310 3500 1898 3570; baseline 0 -15"><span class='ocrx_word' id='word_1_537' title='bbox 310 3501 582 3568; x_wconf 83' lang='lat' dir='ltr'><strong>esuriret,</strong></span> <span class='ocrx_word' id='word_1_538' title='bbox 617 3502 841 3568; x_wconf 90' lang='lat' dir='ltr'><strong>habuit,</strong></span> <span class='ocrx_word' id='word_1_539' title='bbox 890 3500 1112 3570; x_wconf 76' lang='lat' dir='ltr'><strong>perinde</strong></span> <span class='ocrx_word' id='word_1_540' title='bbox 1140 3509 1195 3555; x_wconf 92' lang='lat' dir='ltr'><strong>et</strong></span> <span class='ocrx_word' id='word_1_541' title='bbox 1232 3501 1382 3555; x_wconf 93' lang='lat' dir='ltr'><strong>carni</strong></span> <span class='ocrx_word' id='word_1_542' title='bbox 1410 3515 1607 3569; x_wconf 90' lang='lat' dir='ltr'><strong>panem</strong></span> <span class='ocrx_word' id='word_1_543' title='bbox 1645 3514 1898 3555; x_wconf 88' lang='lat' dir='ltr'><strong>necessa-</strong></span> 
     </span>
    </p>
   </div>
   <div class='ocr_carea' id='block_1_68' title="bbox 312 3590 1129 3662">
    <p class='ocr_par' dir='ltr' id='par_1_68' title="bbox 312 3590 1129 3662">
     <span class='ocr_line' id='line_1_68' title="bbox 312 3590 1129 3662; baseline -0.002 -17"><span class='ocrx_word' id='word_1_544' title='bbox 312 3592 450 3645; x_wconf 88' lang='lat' dir='ltr'><strong>rium</strong></span> <span class='ocrx_word' id='word_1_545' title='bbox 473 3593 590 3662; x_wconf 90' lang='lat' dir='ltr'><strong>ipse</strong></span> <span class='ocrx_word' id='word_1_546' title='bbox 618 3590 848 3647; x_wconf 87' lang='lat' dir='ltr'><strong>Creator</strong></span> <span class='ocrx_word' id='word_1_547' title='bbox 876 3592 1129 3647; x_wconf 90' lang='lat' dir='ltr'><strong>ostendit.</strong></span> 
     </span>
    </p>
   </div>
   <div class='ocr_carea' id='block_1_69' title="bbox 376 3682 1895 3751">
    <p class='ocr_par' dir='ltr' id='par_1_69' title="bbox 376 3682 1895 3751">
     <span class='ocr_line' id='line_1_69' title="bbox 376 3682 1895 3751; baseline 0 -15"><span class='ocrx_word' id='word_1_548' title='bbox 376 3682 437 3736; x_wconf 76' lang='grc'>5.</span> <span class='ocrx_word' id='word_1_549' title='bbox 479 3682 586 3737; x_wconf 88' lang='lat' dir='ltr'><strong>Sed</strong></span> <span class='ocrx_word' id='word_1_550' title='bbox 617 3697 687 3737; x_wconf 90' lang='lat' dir='ltr'><strong>ne</strong></span> <span class='ocrx_word' id='word_1_551' title='bbox 716 3682 959 3751; x_wconf 88' lang='lat' dir='ltr'><strong>corporis</strong></span> <span class='ocrx_word' id='word_1_552' title='bbox 982 3697 1166 3737; x_wconf 88' lang='lat' dir='ltr'><strong>curam</strong></span> <span class='ocrx_word' id='word_1_553' title='bbox 1202 3682 1395 3736; x_wconf 62' lang='lat' dir='ltr'><strong>anima:</strong></span> <span class='ocrx_word' id='word_1_554' title='bbox 1441 3695 1895 3751; x_wconf 76' lang='lat' dir='ltr'><strong>prchoneremus,</strong></span> 
     </span>
    </p>
   </div>
   <div class='ocr_carea' id='block_1_70' title="bbox 309 3771 1898 3842">
    <p class='ocr_par' dir='ltr' id='par_1_70' title="bbox 309 3771 1898 3842">
     <span class='ocr_line' id='line_1_70' title="bbox 309 3771 1898 3842; baseline -0.002 -14"><span class='ocrx_word' id='word_1_555' title='bbox 309 3790 429 3842; x_wconf 74' lang='lat' dir='ltr'><strong>qua:</strong></span> <span class='ocrx_word' id='word_1_556' title='bbox 454 3773 621 3829; x_wconf 88' lang='lat' dir='ltr'><strong>verbo</strong></span> <span class='ocrx_word' id='word_1_557' title='bbox 651 3772 747 3827; x_wconf 89' lang='lat' dir='ltr'><strong>Dei</strong></span> <span class='ocrx_word' id='word_1_558' title='bbox 779 3772 1033 3841; x_wconf 87' lang='lat' dir='ltr'><strong>pascitur,</strong></span> <span class='ocrx_word' id='word_1_559' title='bbox 1068 3771 1145 3841; x_wconf 93' lang='lat' dir='ltr'><strong>(a)</strong></span> <span class='ocrx_word' id='word_1_560' title='bbox 1170 3787 1277 3826; x_wconf 92' lang='lat' dir='ltr'><strong>non</strong></span> <span class='ocrx_word' id='word_1_561' title='bbox 1310 3772 1361 3825; x_wconf 89' lang='lat' dir='ltr'><strong>in</strong></span> <span class='ocrx_word' id='word_1_562' title='bbox 1389 3771 1506 3826; x_wconf 91' lang='lat' dir='ltr'><strong>solo</strong></span> <span class='ocrx_word' id='word_1_563' title='bbox 1535 3786 1675 3840; x_wconf 90' lang='lat' dir='ltr'><strong>pane</strong></span> <span class='ocrx_word' id='word_1_564' title='bbox 1698 3772 1898 3825; x_wconf 87' lang='lat' dir='ltr'><strong>victum</strong></span> 
     </span>
    </p>
   </div>
   <div class='ocr_carea' id='block_1_71' title="bbox 311 3859 1899 3928">
    <p class='ocr_par' dir='ltr' id='par_1_71' title="bbox 311 3859 1899 3928">
     <span class='ocr_line' id='line_1_71' title="bbox 311 3859 1899 3928; baseline -0.001 -14"><span class='ocrx_word' id='word_1_565' title='bbox 311 3862 544 3916; x_wconf 86' lang='lat' dir='ltr'><strong>hominis</strong></span> <span class='ocrx_word' id='word_1_566' title='bbox 581 3862 931 3917; x_wconf 90' lang='lat' dir='ltr'><strong>constitutum</strong></span> <span class='ocrx_word' id='word_1_567' title='bbox 967 3862 1187 3923; x_wconf 85' lang='lat' dir='ltr'><strong>docuit;</strong></span> <span class='ocrx_word' id='word_1_568' title='bbox 1224 3874 1384 3928; x_wconf 86' lang='lat' dir='ltr'><strong>quem</strong></span> <span class='ocrx_word' id='word_1_569' title='bbox 1420 3859 1520 3913; x_wconf 89' lang='lat' dir='ltr'><strong>etsi</strong></span> <span class='ocrx_word' id='word_1_570' title='bbox 1549 3860 1741 3913; x_wconf 77' lang='lat' dir='ltr'><strong>anima:</strong></span> <span class='ocrx_word' id='word_1_571' title='bbox 1770 3875 1899 3919; x_wconf 91' lang='lat' dir='ltr'><strong>cura</strong></span> 
     </span>
    </p>
   </div>
   <div class='ocr_carea' id='block_1_72' title="bbox 312 3949 1898 4022">
    <p class='ocr_par' dir='ltr' id='par_1_72' title="bbox 312 3949 1898 4022">
     <span class='ocr_line' id='line_1_72' title="bbox 312 3949 1898 4022; baseline -0.001 -17"><span class='ocrx_word' id='word_1_572' title='bbox 312 3970 415 4007; x_wconf 89' lang='lat' dir='ltr'><strong>non</strong></span> <span class='ocrx_word' id='word_1_573' title='bbox 450 3960 689 4022; x_wconf 72' lang='lat' dir='ltr'><strong>quzerat,</strong></span> <span class='ocrx_word' id='word_1_574' title='bbox 744 3960 920 4004; x_wconf 89' lang='lat' dir='ltr'><strong>tamen</strong></span> <span class='ocrx_word' id='word_1_575' title='bbox 961 3949 1206 4019; x_wconf 91' lang='lat' dir='ltr'><strong>corporis</strong></span> <span class='ocrx_word' id='word_1_576' title='bbox 1235 3957 1424 4003; x_wconf 89' lang='lat' dir='ltr'><strong>natura</strong></span> <span class='ocrx_word' id='word_1_577' title='bbox 1455 3949 1717 4019; x_wconf 90' lang='lat' dir='ltr'><strong>deposcit.</strong></span> <span class='ocrx_word' id='word_1_578' title='bbox 1774 3949 1898 4003; x_wconf 88' lang='lat' dir='ltr'><strong>Ideo</strong></span> 
     </span>
    </p>
   </div>
   <div class='ocr_carea' id='block_1_73' title="bbox 311 4038 1900 4122">
    <p class='ocr_par' dir='ltr' id='par_1_73' title="bbox 311 4038 1900 4122">
     <span class='ocr_line' id='line_1_73' title="bbox 311 4038 1900 4122; baseline -0.001 -25"><span class='ocrx_word' id='word_1_579' title='bbox 311 4043 629 4122; x_wconf 84' lang='lat' dir='ltr'><strong>benedictus</strong></span> <span class='ocrx_word' id='word_1_580' title='bbox 652 4042 763 4108; x_wconf 91' lang='lat' dir='ltr'><strong>ille,</strong></span> <span class='ocrx_word' id='word_1_581' title='bbox 796 4042 879 4096; x_wconf 92' lang='lat' dir='ltr'><strong>cui</strong></span> <span class='ocrx_word' id='word_1_582' title='bbox 910 4041 974 4094; x_wconf 88' lang='lat' dir='ltr'><strong>ad</strong></span> <span class='ocrx_word' id='word_1_583' title='bbox 998 4056 1131 4109; x_wconf 86' lang='lat' dir='ltr'><strong>opes</strong></span> <span class='ocrx_word' id='word_1_584' title='bbox 1154 4041 1344 4093; x_wconf 79' lang='lat' dir='ltr'><strong>anima:</strong></span> <span class='ocrx_word' id='word_1_585' title='bbox 1365 4038 1577 4110; x_wconf 83' lang='lat' dir='ltr'><strong>proﬁcit</strong></span> <span class='ocrx_word' id='word_1_586' title='bbox 1605 4042 1900 4095; x_wconf 90' lang='lat' dir='ltr'><strong>necessitas</strong></span> 
     </span>
    </p>
   </div>
   <div class='ocr_carea' id='block_1_74' title="bbox 310 4134 1898 4203">
    <p class='ocr_par' dir='ltr' id='par_1_74' title="bbox 310 4134 1898 4203">
     <span class='ocr_line' id='line_1_74' title="bbox 310 4134 1898 4203; baseline -0.002 -13"><span class='ocrx_word' id='word_1_587' title='bbox 310 4137 639 4191; x_wconf 87' lang='lat' dir='ltr'><strong>conditionis</strong></span> <span class='ocrx_word' id='word_1_588' title='bbox 670 4144 776 4189; x_wconf 67' lang='lat' dir='ltr'><strong>tua:</strong></span> <span class='ocrx_word' id='word_1_589' title='bbox 802 4154 813 4187; x_wconf 90' lang='lat'><strong>:</strong></span> <span class='ocrx_word' id='word_1_590' title='bbox 845 4135 969 4203; x_wconf 89' lang='lat' dir='ltr'><strong>quia</strong></span> <span class='ocrx_word' id='word_1_591' title='bbox 1017 4134 1191 4188; x_wconf 89' lang='lat' dir='ltr'><strong>adhuc</strong></span> <span class='ocrx_word' id='word_1_592' title='bbox 1239 4134 1402 4189; x_wconf 90' lang='lat' dir='ltr'><strong>homo</strong></span> <span class='ocrx_word' id='word_1_593' title='bbox 1428 4176 1443 4201; x_wconf 92' lang='lat'><strong>,</strong></span> <span class='ocrx_word' id='word_1_594' title='bbox 1485 4143 1541 4189; x_wconf 89' lang='lat' dir='ltr'><strong>et</strong></span> <span class='ocrx_word' id='word_1_595' title='bbox 1570 4135 1674 4188; x_wconf 89' lang='lat' dir='ltr'><strong>isto</strong></span> <span class='ocrx_word' id='word_1_596' title='bbox 1703 4134 1898 4189; x_wconf 90' lang='lat' dir='ltr'><strong>visibili</strong></span> 
     </span>
    </p>
   </div>
   <div class='ocr_carea' id='block_1_75' title="bbox 309 4224 1901 4297">
    <p class='ocr_par' dir='ltr' id='par_1_75' title="bbox 309 4224 1901 4297">
     <span class='ocr_line' id='line_1_75' title="bbox 309 4224 1901 4297; baseline 0.001 -19"><span class='ocrx_word' id='word_1_597' title='bbox 309 4241 447 4295; x_wconf 85' lang='lat' dir='ltr'><strong>pane</strong></span> <span class='ocrx_word' id='word_1_598' title='bbox 494 4225 798 4297; x_wconf 88' lang='lat' dir='ltr'><strong>pascendus</strong></span> <span class='ocrx_word' id='word_1_599' title='bbox 827 4240 924 4288; x_wconf 88' lang='lat' dir='ltr'><strong>es,</strong></span> <span class='ocrx_word' id='word_1_600' title='bbox 972 4224 1070 4279; x_wconf 83' lang='lat' dir='ltr'><strong>etsi</strong></span> <span class='ocrx_word' id='word_1_601' title='bbox 1121 4224 1348 4279; x_wconf 89' lang='lat' dir='ltr'><strong>interius</strong></span> <span class='ocrx_word' id='word_1_602' title='bbox 1392 4234 1596 4279; x_wconf 64' lang='lat' dir='ltr'><strong>interno</strong></span> <span class='ocrx_word' id='word_1_603' title='bbox 1640 4224 1731 4279; x_wconf 89' lang='lat' dir='ltr'><strong>illo</strong></span> <span class='ocrx_word' id='word_1_604' title='bbox 1759 4239 1901 4294; x_wconf 89' lang='lat' dir='ltr'><strong>pane</strong></span> 
     </span>
    </p>
   </div>
   <div class='ocr_carea' id='block_1_76' title="bbox 309 4314 1901 4385">
    <p class='ocr_par' dir='ltr' id='par_1_76' title="bbox 309 4314 1901 4385">
     <span class='ocr_line' id='line_1_76' title="bbox 309 4314 1901 4385; baseline -0.001 -13"><span class='ocrx_word' id='word_1_605' title='bbox 309 4318 587 4372; x_wconf 83' lang='lat' dir='ltr'><strong>satureris.</strong></span> <span class='ocrx_word' id='word_1_606' title='bbox 618 4317 735 4371; x_wconf 85' lang='lat' dir='ltr'><strong>Non</strong></span> <span class='ocrx_word' id='word_1_607' title='bbox 759 4317 900 4370; x_wconf 91' lang='lat' dir='ltr'><strong>enim</strong></span> <span class='ocrx_word' id='word_1_608' title='bbox 932 4316 1220 4385; x_wconf 87' lang='lat' dir='ltr'><strong>proliceret</strong></span> <span class='ocrx_word' id='word_1_609' title='bbox 1250 4314 1546 4383; x_wconf 91' lang='lat' dir='ltr'><strong>spiritualis</strong></span> <span class='ocrx_word' id='word_1_610' title='bbox 1575 4316 1763 4379; x_wconf 87' lang='lat' dir='ltr'><strong>virtus,</strong></span> <span class='ocrx_word' id='word_1_611' title='bbox 1797 4316 1901 4370; x_wconf 90' lang='lat' dir='ltr'><strong>nisi</strong></span> 
     </span>
    </p>
   </div>
   <div class='ocr_carea' id='block_1_77' title="bbox 312 4403 1900 4476">
    <p class='ocr_par' dir='ltr' id='par_1_77' title="bbox 312 4403 1900 4476">
     <span class='ocr_line' id='line_1_77' title="bbox 312 4403 1900 4476; baseline -0.001 -15"><span class='ocrx_word' id='word_1_612' title='bbox 312 4410 560 4462; x_wconf 89' lang='lat' dir='ltr'><strong>subesset</strong></span> <span class='ocrx_word' id='word_1_613' title='bbox 588 4406 822 4462; x_wconf 86' lang='lat' dir='ltr'><strong>carnalis</strong></span> <span class='ocrx_word' id='word_1_614' title='bbox 866 4407 1023 4476; x_wconf 77' lang='lat'><strong>168</strong></span> <span class='ocrx_word' id='word_1_615' title='bbox 1052 4405 1358 4458; x_wconf 81' lang='lat' dir='ltr'><strong>inﬁrmitas.</strong></span> <span class='ocrx_word' id='word_1_616' title='bbox 1396 4403 1504 4459; x_wconf 87' lang='lat' dir='ltr'><strong>Nec</strong></span> <span class='ocrx_word' id='word_1_617' title='bbox 1532 4414 1677 4462; x_wconf 90' lang='lat' dir='ltr'><strong>esset</strong></span> <span class='ocrx_word' id='word_1_618' title='bbox 1706 4414 1900 4474; x_wconf 91' lang='lat' dir='ltr'><strong>potens</strong></span> 
     </span>
    </p>
   </div>
   <div class='ocr_carea' id='block_1_78' title="bbox 2481 3255 3099 3313">
    <p class='ocr_par' dir='ltr' id='par_1_78' title="bbox 2481 3255 3099 3313">
     <span class='ocr_line' id='line_1_78' title="bbox 2481 3255 3099 3313; baseline 0.006 -4"><span class='ocrx_word' id='word_1_619' title='bbox 2481 3255 2813 3311; x_wconf 80' lang='lat' dir='ltr'><strong>EPISTOLA</strong></span> <span class='ocrx_word' id='word_1_620' title='bbox 2844 3258 2860 3277; x_wconf 79' lang='lat'><strong><em>‘</em></strong></span> <span class='ocrx_word' id='word_1_621' title='bbox 2890 3256 3099 3313; x_wconf 76' lang='lat' dir='ltr'><strong>XXVII.</strong></span> 
     </span>
    </p>
   </div>
   <div class='ocr_carea' id='block_1_79' title="bbox 2001 3344 3583 3418">
    <p class='ocr_par' dir='ltr' id='par_1_79' title="bbox 2001 3344 3583 3418">
     <span class='ocr_line' id='line_1_79' title="bbox 2001 3344 3583 3418; baseline 0.004 -20"><span class='ocrx_word' id='word_1_622' title='bbox 2001 3344 2231 3418; x_wconf 74' lang='lat' dir='ltr'><strong>Lwtatur</strong></span> <span class='ocrx_word' id='word_1_623' title='bbox 2260 3346 2472 3418; x_wconf 82' lang='lat' dir='ltr'><strong>receptis</strong></span> <span class='ocrx_word' id='word_1_624' title='bbox 2502 3346 2566 3418; x_wconf 76' lang='lat' dir='ltr'><strong>de</strong></span> <span class='ocrx_word' id='word_1_625' title='bbox 2596 3345 2784 3418; x_wconf 74' lang='lat' dir='ltr'><strong>Severo</strong></span> <span class='ocrx_word' id='word_1_626' title='bbox 2828 3349 3024 3418; x_wconf 77' lang='lat' dir='ltr'><strong>nuntiis</strong></span> <span class='ocrx_word' id='word_1_627' title='bbox 3055 3364 3072 3400; x_wconf 91' lang='lat'><strong><em>:</em></strong></span> <span class='ocrx_word' id='word_1_628' title='bbox 3115 3358 3303 3418; x_wconf 84' lang='lat' dir='ltr'><strong>purgat</strong></span> <span class='ocrx_word' id='word_1_629' title='bbox 3348 3364 3402 3413; x_wconf 78' lang='lat' dir='ltr'><strong>se</strong></span> <span class='ocrx_word' id='word_1_630' title='bbox 3446 3350 3493 3403; x_wconf 83' lang='lat' dir='ltr'><strong>ei</strong></span> <span class='ocrx_word' id='word_1_631' title='bbox 3520 3350 3583 3405; x_wconf 79' lang='lat' dir='ltr'><strong>de</strong></span> 
     </span>
    </p>
   </div>
   <div class='ocr_carea' id='block_1_80' title="bbox 2072 3414 3583 3499">
    <p class='ocr_par' dir='ltr' id='par_1_80' title="bbox 2072 3414 3583 3499">
     <span class='ocr_line' id='line_1_80' title="bbox 2072 3414 3583 3499; baseline 0.004 -33"><span class='ocrx_word' id='word_1_632' title='bbox 2072 3414 2304 3497; x_wconf 71' lang='lat' dir='ltr'><strong>abductis</strong></span> <span class='ocrx_word' id='word_1_633' title='bbox 2332 3414 2621 3499; x_wconf 65' lang='lat' dir='ltr'><strong>ltominibus</strong></span> <span class='ocrx_word' id='word_1_634' title='bbox 2644 3432 2661 3468; x_wconf 91' lang='lat'><strong><em>:</em></strong></span> <span class='ocrx_word' id='word_1_635' title='bbox 2688 3417 2916 3499; x_wconf 61' lang='lat' dir='ltr'><strong>ejusdem</strong></span> <span class='ocrx_word' id='word_1_636' title='bbox 2941 3418 3118 3471; x_wconf 81' lang='lat' dir='ltr'><strong>laudes</strong></span> <span class='ocrx_word' id='word_1_637' title='bbox 3138 3414 3431 3489; x_wconf 72' lang='lat' dir='ltr'><strong>exsequitur</strong></span> <span class='ocrx_word' id='word_1_638' title='bbox 3444 3436 3583 3473; x_wconf 90' lang='lat' dir='ltr'><strong>sum-</strong></span> 
     </span>
    </p>
   </div>
   <div class='ocr_carea' id='block_1_81' title="bbox 2070 3494 3003 3541">
    <p class='ocr_par' dir='ltr' id='par_1_81' title="bbox 2070 3494 3003 3541">
     <span class='ocr_line' id='line_1_81' title="bbox 2070 3494 3003 3541; baseline 0.004 -4"><span class='ocrx_word' id='word_1_639' title='bbox 2070 3503 2154 3538; x_wconf 91' lang='lat' dir='ltr'><strong>ma</strong></span> <span class='ocrx_word' id='word_1_640' title='bbox 2174 3494 2390 3538; x_wconf 82' lang='lat' dir='ltr'><strong>caritate</strong></span> <span class='ocrx_word' id='word_1_641' title='bbox 2425 3502 2484 3537; x_wconf 88' lang='lat' dir='ltr'><strong>ac</strong></span> <span class='ocrx_word' id='word_1_642' title='bbox 2539 3494 2619 3537; x_wconf 81' lang='lat' dir='ltr'><strong>sui</strong></span> <span class='ocrx_word' id='word_1_643' title='bbox 2648 3494 3003 3541; x_wconf 84' lang='lat' dir='ltr'><strong>submissione.</strong></span> 
     </span>
    </p>
   </div>
   <div class='ocr_carea' id='block_1_82' title="bbox 2072 3592 3584 3671">
    <p class='ocr_par' dir='ltr' id='par_1_82' title="bbox 2072 3592 3584 3671">
     <span class='ocr_line' id='line_1_82' title="bbox 2072 3592 3584 3671; baseline -0.001 -19"><span class='ocrx_word' id='word_1_644' title='bbox 2072 3598 2285 3652; x_wconf 69' lang='grc' dir='ltr'>διενειιο</span> <span class='ocrx_word' id='word_1_645' title='bbox 2314 3592 2460 3651; x_wconf 76' lang='lat' dir='ltr'><strong>fr&#39;atri</strong></span> <span class='ocrx_word' id='word_1_646' title='bbox 2492 3597 2745 3652; x_wconf 89' lang='lat' dir='ltr'><strong>unanimo</strong></span> <span class='ocrx_word' id='word_1_647' title='bbox 2767 3638 2782 3662; x_wconf 96' lang='lat'><strong>,</strong></span> <span class='ocrx_word' id='word_1_648' title='bbox 2812 3599 3102 3653; x_wconf 88' lang='lat' dir='ltr'><strong>venerabili</strong></span> <span class='ocrx_word' id='word_1_649' title='bbox 3148 3608 3204 3653; x_wconf 89' lang='lat' dir='ltr'><strong>et</strong></span> <span class='ocrx_word' id='word_1_650' title='bbox 3257 3614 3471 3670; x_wconf 88' lang='lat' dir='ltr'><strong>semper</strong></span> <span class='ocrx_word' id='word_1_651' title='bbox 3501 3600 3584 3671; x_wconf 81' lang='grc' dir='ltr'><strong>(ά)</strong></span> 
     </span>
    </p>
   </div>
   <div class='ocr_carea' id='block_1_83' title="bbox 2002 3686 2839 3751">
    <p class='ocr_par' dir='ltr' id='par_1_83' title="bbox 2002 3686 2839 3751">
     <span class='ocr_line' id='line_1_83' title="bbox 2002 3686 2839 3751; baseline -0.002 -8"><span class='ocrx_word' id='word_1_652' title='bbox 2002 3686 2519 3751; x_wconf 83' lang='lat' dir='ltr'><strong>desiderantissime,</strong></span> <span class='ocrx_word' id='word_1_653' title='bbox 2553 3686 2839 3741; x_wconf 71' lang='lat' dir='ltr'><strong>Pwuxus.</strong></span> 
     </span>
    </p>
   </div>
   <div class='ocr_carea' id='block_1_84' title="bbox 2075 3773 3585 3847">
    <p class='ocr_par' dir='ltr' id='par_1_84' title="bbox 2075 3773 3585 3847">
     <span class='ocr_line' id='line_1_84' title="bbox 2075 3773 3585 3847; baseline 0.003 -18"><span class='ocrx_word' id='word_1_654' title='bbox 2075 3777 2125 3829; x_wconf 80' lang='lat' dir='ltr'><strong>I.</strong></span> <span class='ocrx_word' id='word_1_655' title='bbox 2170 3776 2477 3829; x_wconf 85' lang='lat' dir='ltr'><strong>Benedicam</strong></span> <span class='ocrx_word' id='word_1_656' title='bbox 2514 3773 2793 3828; x_wconf 86' lang='lat' dir='ltr'><strong>Dominum</strong></span> <span class='ocrx_word' id='word_1_657' title='bbox 2845 3776 2898 3829; x_wconf 90' lang='lat' dir='ltr'><strong>in</strong></span> <span class='ocrx_word' id='word_1_658' title='bbox 2946 3778 3086 3829; x_wconf 88' lang='lat' dir='ltr'><strong>omni</strong></span> <span class='ocrx_word' id='word_1_659' title='bbox 3130 3787 3357 3847; x_wconf 87' lang='lat' dir='ltr'><strong>tempore</strong></span> <span class='ocrx_word' id='word_1_660' title='bbox 3387 3790 3433 3844; x_wconf 84' lang='grc' dir='ltr'>ι’,</span> <span class='ocrx_word' id='word_1_661' title='bbox 3483 3796 3585 3834; x_wconf 87' lang='lat' dir='ltr'><strong>non</strong></span> 
     </span>
    </p>
   </div>
   <div class='ocr_carea' id='block_1_85' title="bbox 2002 3864 3585 3939">
    <p class='ocr_par' dir='ltr' id='par_1_85' title="bbox 2002 3864 3585 3939">
     <span class='ocr_line' id='line_1_85' title="bbox 2002 3864 3585 3939; baseline 0.001 -18"><span class='ocrx_word' id='word_1_662' title='bbox 2002 3867 2275 3921; x_wconf 73' lang='lat' dir='ltr'><strong>obliviscar</strong></span> <span class='ocrx_word' id='word_1_663' title='bbox 2323 3864 2681 3918; x_wconf 83' lang='lat' dir='ltr'><strong>retributiones</strong></span> <span class='ocrx_word' id='word_1_664' title='bbox 2712 3866 2850 3936; x_wconf 80' lang='lat' dir='ltr'><strong>ejus,</strong></span> <span class='ocrx_word' id='word_1_665' title='bbox 2882 3868 3002 3937; x_wconf 87' lang='lat' dir='ltr'><strong>quia</strong></span> <span class='ocrx_word' id='word_1_666' title='bbox 3031 3884 3134 3921; x_wconf 88' lang='lat' dir='ltr'><strong>non</strong></span> <span class='ocrx_word' id='word_1_667' title='bbox 3165 3869 3441 3922; x_wconf 81' lang='lat' dir='ltr'><strong>secundum</strong></span> <span class='ocrx_word' id='word_1_668' title='bbox 3462 3887 3585 3939; x_wconf 87' lang='lat' dir='ltr'><strong>pec-</strong></span> 
     </span>
    </p>
   </div>
   <div class='ocr_carea' id='block_1_86' title="bbox 2001 3956 3587 4026">
    <p class='ocr_par' dir='ltr' id='par_1_86' title="bbox 2001 3956 3587 4026">
     <span class='ocr_line' id='line_1_86' title="bbox 2001 3956 3587 4026; baseline 0.003 -16"><span class='ocrx_word' id='word_1_669' title='bbox 2001 3967 2121 4011; x_wconf 85' lang='lat' dir='ltr'><strong>cata</strong></span> <span class='ocrx_word' id='word_1_670' title='bbox 2151 3965 2332 4010; x_wconf 87' lang='lat' dir='ltr'><strong>nostra</strong></span> <span class='ocrx_word' id='word_1_671' title='bbox 2363 3956 2536 4009; x_wconf 88' lang='lat' dir='ltr'><strong>tribuit</strong></span> <span class='ocrx_word' id='word_1_672' title='bbox 2560 3956 2704 4011; x_wconf 88' lang='lat' dir='ltr'><strong>nobis</strong></span> <span class='ocrx_word' id='word_1_673' title='bbox 2739 3967 2785 4024; x_wconf 76' lang='grc'>⁸,</span> <span class='ocrx_word' id='word_1_674' title='bbox 2815 3958 2904 4026; x_wconf 89' lang='lat' dir='ltr'><strong>qui</strong></span> <span class='ocrx_word' id='word_1_675' title='bbox 2936 3957 3161 4011; x_wconf 85' lang='lat' dir='ltr'><strong>assiduis</strong></span> <span class='ocrx_word' id='word_1_676' title='bbox 3189 3966 3243 4013; x_wconf 92' lang='lat' dir='ltr'><strong>et</strong></span> <span class='ocrx_word' id='word_1_677' title='bbox 3287 3961 3587 4014; x_wconf 87' lang='lat' dir='ltr'><strong>numerosis</strong></span> 
     </span>
    </p>
   </div>
   <div class='ocr_carea' id='block_1_87' title="bbox 2003 4045 3587 4116">
    <p class='ocr_par' dir='ltr' id='par_1_87' title="bbox 2003 4045 3587 4116">
     <span class='ocr_line' id='line_1_87' title="bbox 2003 4045 3587 4116; baseline 0 -15"><span class='ocrx_word' id='word_1_678' title='bbox 2003 4048 2070 4101; x_wconf 90' lang='lat' dir='ltr'><strong>de</strong></span> <span class='ocrx_word' id='word_1_679' title='bbox 2102 4055 2189 4110; x_wconf 73' lang='lat' dir='ltr'><strong>tua</strong></span> <span class='ocrx_word' id='word_1_680' title='bbox 2222 4047 2377 4116; x_wconf 76' lang='lat'><strong>169</strong></span> <span class='ocrx_word' id='word_1_681' title='bbox 2412 4045 2763 4100; x_wconf 90' lang='lat' dir='ltr'><strong>unanimitate</strong></span> <span class='ocrx_word' id='word_1_682' title='bbox 2807 4046 3013 4100; x_wconf 87' lang='lat' dir='ltr'><strong>solatiis</strong></span> <span class='ocrx_word' id='word_1_683' title='bbox 3060 4046 3220 4100; x_wconf 89' lang='lat' dir='ltr'><strong>satiat</strong></span> <span class='ocrx_word' id='word_1_684' title='bbox 3264 4046 3587 4101; x_wconf 88' lang='lat' dir='ltr'><strong>desiderium</strong></span> 
     </span>
    </p>
   </div>
   <div class='ocr_carea' id='block_1_88' title="bbox 2007 4136 3589 4206">
    <p class='ocr_par' dir='ltr' id='par_1_88' title="bbox 2007 4136 3589 4206">
     <span class='ocr_line' id='line_1_88' title="bbox 2007 4136 3589 4206; baseline 0.001 -15"><span class='ocrx_word' id='word_1_685' title='bbox 2007 4147 2266 4202; x_wconf 90' lang='lat' dir='ltr'><strong>nostrum;</strong></span> <span class='ocrx_word' id='word_1_686' title='bbox 2293 4153 2415 4191; x_wconf 92' lang='lat' dir='ltr'><strong>nam</strong></span> <span class='ocrx_word' id='word_1_687' title='bbox 2438 4136 2489 4190; x_wconf 91' lang='lat' dir='ltr'><strong>in</strong></span> <span class='ocrx_word' id='word_1_688' title='bbox 2509 4136 2691 4206; x_wconf 89' lang='lat' dir='ltr'><strong>paucis</strong></span> <span class='ocrx_word' id='word_1_689' title='bbox 2711 4136 2898 4191; x_wconf 88' lang='lat' dir='ltr'><strong>diebus</strong></span> <span class='ocrx_word' id='word_1_690' title='bbox 2921 4137 3148 4190; x_wconf 88' lang='lat' dir='ltr'><strong>reditum</strong></span> <span class='ocrx_word' id='word_1_691' title='bbox 3171 4136 3235 4190; x_wconf 88' lang='lat' dir='ltr'><strong>ad</strong></span> <span class='ocrx_word' id='word_1_692' title='bbox 3260 4154 3357 4191; x_wconf 86' lang='lat' dir='ltr'><strong>nos</strong></span> <span class='ocrx_word' id='word_1_693' title='bbox 3380 4148 3589 4193; x_wconf 89' lang='lat' dir='ltr'><strong>sancto-</strong></span> 
     </span>
    </p>
   </div>
   <div class='ocr_carea' id='block_1_89' title="bbox 2002 4226 3590 4289">
    <p class='ocr_par' dir='ltr' id='par_1_89' title="bbox 2002 4226 3590 4289">
     <span class='ocr_line' id='line_1_89' title="bbox 2002 4226 3590 4289; baseline -0.001 -8"><span class='ocrx_word' id='word_1_694' title='bbox 2002 4243 2118 4281; x_wconf 89' lang='lat' dir='ltr'><strong>rum</strong></span> <span class='ocrx_word' id='word_1_695' title='bbox 2147 4227 2372 4281; x_wconf 85' lang='lat' dir='ltr'><strong>fratrum</strong></span> <span class='ocrx_word' id='word_1_696' title='bbox 2421 4234 2476 4281; x_wconf 90' lang='lat' dir='ltr'><strong>et</strong></span> <span class='ocrx_word' id='word_1_697' title='bbox 2528 4226 2906 4281; x_wconf 91' lang='lat' dir='ltr'><strong>unanimorum</strong></span> <span class='ocrx_word' id='word_1_698' title='bbox 2934 4228 3295 4280; x_wconf 90' lang='lat' dir='ltr'><strong>communium</strong></span> <span class='ocrx_word' id='word_1_699' title='bbox 3315 4266 3330 4289; x_wconf 89' lang='lat'><strong>,</strong></span> <span class='ocrx_word' id='word_1_700' title='bbox 3363 4226 3590 4281; x_wconf 71' lang='lat' dir='ltr'><strong>Postlm~</strong></span> 
     </span>
    </p>
   </div>
   <div class='ocr_carea' id='block_1_90' title="bbox 2007 4312 3589 4387">
    <p class='ocr_par' dir='ltr' id='par_1_90' title="bbox 2007 4312 3589 4387">
     <span class='ocr_line' id='line_1_90' title="bbox 2007 4312 3589 4387; baseline 0 -17"><span class='ocrx_word' id='word_1_701' title='bbox 2007 4318 2168 4372; x_wconf 88' lang='lat' dir='ltr'><strong>miani</strong></span> <span class='ocrx_word' id='word_1_702' title='bbox 2194 4325 2250 4371; x_wconf 90' lang='lat' dir='ltr'><strong>et</strong></span> <span class='ocrx_word' id='word_1_703' title='bbox 2278 4316 2517 4372; x_wconf 86' lang='lat' dir='ltr'><strong>Thcridii</strong></span> <span class='ocrx_word' id='word_1_704' title='bbox 2542 4316 2636 4387; x_wconf 88' lang='lat' dir='ltr'><strong>(V.</strong></span> <span class='ocrx_word' id='word_1_705' title='bbox 2667 4332 2836 4371; x_wconf 88' lang='lat' dir='ltr'><strong>carm.</strong></span> <span class='ocrx_word' id='word_1_706' title='bbox 2876 4316 2964 4381; x_wconf 84' lang='lat'><strong>22,</strong></span> <span class='ocrx_word' id='word_1_707' title='bbox 2990 4335 3040 4371; x_wconf 91' lang='lat' dir='ltr'><strong>v.</strong></span> <span class='ocrx_word' id='word_1_708' title='bbox 3066 4312 3260 4383; x_wconf 76' lang='lat' dir='ltr'><strong>58l,et</strong></span> <span class='ocrx_word' id='word_1_709' title='bbox 3291 4316 3396 4370; x_wconf 91' lang='lat' dir='ltr'><strong>Vit.</strong></span> <span class='ocrx_word' id='word_1_710' title='bbox 3422 4334 3470 4372; x_wconf 93' lang='lat' dir='ltr'><strong>e.</strong></span> <span class='ocrx_word' id='word_1_711' title='bbox 3500 4316 3589 4382; x_wconf 77' lang='lat'><strong>53,</strong></span> 
     </span>
    </p>
   </div>
   <div class='ocr_carea' id='block_1_91' title="bbox 2005 4408 3591 4477">
    <p class='ocr_par' dir='ltr' id='par_1_91' title="bbox 2005 4408 3591 4477">
     <span class='ocr_line' id='line_1_91' title="bbox 2005 4408 3591 4477; baseline 0.001 -16"><span class='ocrx_word' id='word_1_712' title='bbox 2005 4425 2058 4473; x_wconf 93' lang='lat' dir='ltr'><strong>n,</strong></span> <span class='ocrx_word' id='word_1_713' title='bbox 2080 4410 2154 4477; x_wconf 83' lang='grc'><strong>1),</strong></span> <span class='ocrx_word' id='word_1_714' title='bbox 2179 4408 2440 4462; x_wconf 88' lang='lat' dir='ltr'><strong>adventus</strong></span> <span class='ocrx_word' id='word_1_715' title='bbox 2461 4408 2686 4461; x_wconf 89' lang='lat' dir='ltr'><strong>aliorum</strong></span> <span class='ocrx_word' id='word_1_716' title='bbox 2703 4408 2921 4461; x_wconf 87' lang='lat' dir='ltr'><strong>fratrum</strong></span> <span class='ocrx_word' id='word_1_717' title='bbox 2950 4409 3118 4461; x_wconf 88' lang='lat' dir='ltr'><strong>Virini</strong></span> <span class='ocrx_word' id='word_1_718' title='bbox 3148 4417 3203 4461; x_wconf 92' lang='lat' dir='ltr'><strong>et</strong></span> <span class='ocrx_word' id='word_1_719' title='bbox 3225 4408 3439 4462; x_wconf 91' lang='lat' dir='ltr'><strong>Soriani</strong></span> <span class='ocrx_word' id='word_1_720' title='bbox 3462 4424 3591 4462; x_wconf 82' lang='lat' dir='ltr'><strong>con-</strong></span> 
     </span>
    </p>
   </div>
   <div class='ocr_carea' id='block_1_92' title="bbox 311 4495 3594 4567">
    <p class='ocr_par' dir='ltr' id='par_1_92' title="bbox 311 4495 3594 4567">
     <span class='ocr_line' id='line_1_92' title="bbox 311 4495 3594 4567; baseline 0.001 -17"><span class='ocrx_word' id='word_1_721' title='bbox 311 4498 547 4553; x_wconf 82' lang='lat' dir='ltr'><strong>ﬁdelium</strong></span> <span class='ocrx_word' id='word_1_722' title='bbox 577 4498 935 4561; x_wconf 88' lang='lat' dir='ltr'><strong>ministratio,</strong></span> <span class='ocrx_word' id='word_1_723' title='bbox 979 4497 1080 4549; x_wconf 85' lang='lat' dir='ltr'><strong>nisi</strong></span> <span class='ocrx_word' id='word_1_724' title='bbox 1106 4496 1384 4550; x_wconf 86' lang='lat' dir='ltr'><strong>materiam</strong></span> <span class='ocrx_word' id='word_1_725' title='bbox 1414 4495 1753 4549; x_wconf 90' lang='lat' dir='ltr'><strong>ministrandi</strong></span> <span class='ocrx_word' id='word_1_726' title='bbox 1784 4495 1894 4565; x_wconf 91' lang='lat' dir='ltr'><strong>ple-</strong></span> <span class='ocrx_word' id='word_1_727' title='bbox 1927 4502 1978 4561; x_wconf 89' lang='lat' dir='ltr'><strong>D</strong></span> <span class='ocrx_word' id='word_1_728' title='bbox 2004 4506 2219 4553; x_wconf 86' lang='lat' dir='ltr'><strong>secutus</strong></span> <span class='ocrx_word' id='word_1_729' title='bbox 2247 4506 2348 4553; x_wconf 89' lang='lat' dir='ltr'><strong>est.</strong></span> <span class='ocrx_word' id='word_1_730' title='bbox 2398 4497 2474 4550; x_wconf 90' lang='lat' dir='ltr'><strong>Ita</strong></span> <span class='ocrx_word' id='word_1_731' title='bbox 2498 4497 2653 4550; x_wconf 90' lang='lat' dir='ltr'><strong>nobis</strong></span> <span class='ocrx_word' id='word_1_732' title='bbox 2684 4514 2788 4551; x_wconf 94' lang='lat' dir='ltr'><strong>uno</strong></span> <span class='ocrx_word' id='word_1_733' title='bbox 2816 4498 3204 4566; x_wconf 89' lang='lat' dir='ltr'><strong>propemodum</strong></span> <span class='ocrx_word' id='word_1_734' title='bbox 3252 4498 3306 4551; x_wconf 91' lang='lat' dir='ltr'><strong>in</strong></span> <span class='ocrx_word' id='word_1_735' title='bbox 3348 4508 3594 4567; x_wconf 89' lang='lat' dir='ltr'><strong>tempore</strong></span> 
     </span>
    </p>
   </div>
   <div class='ocr_carea' id='block_1_93' title="bbox 308 4583 1899 4659">
    <p class='ocr_par' dir='ltr' id='par_1_93' title="bbox 308 4583 1899 4659">
     <span class='ocr_line' id='line_1_93' title="bbox 308 4583 1899 4659; baseline -0.001 -19"><span class='ocrx_word' id='word_1_736' title='bbox 308 4605 535 4659; x_wconf 88' lang='lat' dir='ltr'><strong>rumque</strong></span> <span class='ocrx_word' id='word_1_737' title='bbox 565 4589 801 4643; x_wconf 84' lang='lat' dir='ltr'><strong>fraterna</strong></span> <span class='ocrx_word' id='word_1_738' title='bbox 825 4587 1001 4655; x_wconf 87' lang='lat' dir='ltr'><strong>inopia</strong></span> <span class='ocrx_word' id='word_1_739' title='bbox 1032 4586 1312 4655; x_wconf 68' lang='lat' dir='ltr'><strong>praeberet.</strong></span> <span class='ocrx_word' id='word_1_740' title='bbox 1359 4583 1507 4638; x_wconf 89' lang='lat' dir='ltr'><strong>Unde</strong></span> <span class='ocrx_word' id='word_1_741' title='bbox 1531 4594 1587 4639; x_wconf 93' lang='lat' dir='ltr'><strong>et</strong></span> <span class='ocrx_word' id='word_1_742' title='bbox 1609 4585 1899 4654; x_wconf 89' lang='lat' dir='ltr'><strong>Apostolus</strong></span> 
     </span>
    </p>
   </div>
   <div class='ocr_carea' id='block_1_94' title="bbox 308 4675 1903 4747">
    <p class='ocr_par' dir='ltr' id='par_1_94' title="bbox 308 4675 1903 4747">
     <span class='ocr_line' id='line_1_94' title="bbox 308 4675 1903 4747; baseline -0.001 -14"><span class='ocrx_word' id='word_1_743' title='bbox 308 4682 383 4734; x_wconf 89' lang='lat' dir='ltr'><strong>ait</strong></span> <span class='ocrx_word' id='word_1_744' title='bbox 419 4682 471 4735; x_wconf 91' lang='lat' dir='ltr'><strong>in</strong></span> <span class='ocrx_word' id='word_1_745' title='bbox 510 4689 731 4737; x_wconf 85' lang='lat' dir='ltr'><strong>sanctos</strong></span> <span class='ocrx_word' id='word_1_746' title='bbox 768 4679 1261 4747; x_wconf 90' lang='lat' dir='ltr'><strong>compensationem</strong></span> <span class='ocrx_word' id='word_1_747' title='bbox 1288 4676 1540 4743; x_wconf 90' lang='lat' dir='ltr'><strong>futuram,</strong></span> <span class='ocrx_word' id='word_1_748' title='bbox 1566 4692 1685 4732; x_wconf 90' lang='lat' dir='ltr'><strong>cum</strong></span> <span class='ocrx_word' id='word_1_749' title='bbox 1717 4675 1903 4731; x_wconf 85' lang='lat' dir='ltr'><strong>Eccle-</strong></span> 
     </span>
    </p>
   </div>
   <div class='ocr_carea' id='block_1_95' title="bbox 2007 4589 3592 4660">
    <p class='ocr_par' dir='ltr' id='par_1_95' title="bbox 2007 4589 3592 4660">
     <span class='ocr_line' id='line_1_95' title="bbox 2007 4589 3592 4660; baseline 0.002 -17"><span class='ocrx_word' id='word_1_750' title='bbox 2007 4590 2235 4660; x_wconf 86' lang='lat' dir='ltr'><strong>plurima</strong></span> <span class='ocrx_word' id='word_1_751' title='bbox 2283 4589 2598 4656; x_wconf 90' lang='lat' dir='ltr'><strong>gaudiorum</strong></span> <span class='ocrx_word' id='word_1_752' title='bbox 2644 4590 2832 4643; x_wconf 89' lang='lat' dir='ltr'><strong>messis</strong></span> <span class='ocrx_word' id='word_1_753' title='bbox 2880 4589 3127 4654; x_wconf 87' lang='lat' dir='ltr'><strong>obvenit,</strong></span> <span class='ocrx_word' id='word_1_754' title='bbox 3158 4606 3278 4643; x_wconf 92' lang='lat' dir='ltr'><strong>cum</strong></span> <span class='ocrx_word' id='word_1_755' title='bbox 3337 4606 3526 4644; x_wconf 90' lang='lat' dir='ltr'><strong>omnes</strong></span> <span class='ocrx_word' id='word_1_756' title='bbox 3556 4592 3592 4648; x_wconf 89' lang='lat' dir='ltr'><strong>ii</strong></span> 
     </span>
    </p>
   </div>
   <div class='ocr_carea' id='block_1_96' title="bbox 2009 4678 3592 4750">
    <p class='ocr_par' dir='ltr' id='par_1_96' title="bbox 2009 4678 3592 4750">
     <span class='ocr_line' id='line_1_96' title="bbox 2009 4678 3592 4750; baseline -0.001 -17"><span class='ocrx_word' id='word_1_757' title='bbox 2009 4696 2146 4749; x_wconf 89' lang='lat' dir='ltr'><strong>quos</strong></span> <span class='ocrx_word' id='word_1_758' title='bbox 2176 4680 2378 4750; x_wconf 90' lang='lat' dir='ltr'><strong>pariter</strong></span> <span class='ocrx_word' id='word_1_759' title='bbox 2403 4679 2613 4733; x_wconf 83' lang='lat' dir='ltr'><strong>venisse</strong></span> <span class='ocrx_word' id='word_1_760' title='bbox 2639 4678 3073 4742; x_wconf 88' lang='lat' dir='ltr'><strong>memoravimus,</strong></span> <span class='ocrx_word' id='word_1_761' title='bbox 3101 4678 3294 4733; x_wconf 90' lang='lat' dir='ltr'><strong>litteris</strong></span> <span class='ocrx_word' id='word_1_762' title='bbox 3324 4679 3592 4731; x_wconf 84' lang='lat' dir='ltr'><strong>unanimi-</strong></span> 
     </span>
    </p>
   </div>
   <div class='ocr_carea' id='block_1_97' title="bbox 307 4767 1902 4824">
    <p class='ocr_par' dir='ltr' id='par_1_97' title="bbox 307 4767 1902 4824">
     <span class='ocr_line' id='line_1_97' title="bbox 307 4767 1902 4824; baseline -0.002 -1"><span class='ocrx_word' id='word_1_763' title='bbox 307 4772 445 4824; x_wconf 80' lang='lat' dir='ltr'><strong>siain</strong></span> <span class='ocrx_word' id='word_1_764' title='bbox 473 4770 568 4824; x_wconf 87' lang='lat' dir='ltr'><strong>Dei</strong></span> <span class='ocrx_word' id='word_1_765' title='bbox 612 4770 678 4823; x_wconf 89' lang='lat' dir='ltr'><strong>ad</strong></span> <span class='ocrx_word' id='word_1_766' title='bbox 709 4770 1134 4824; x_wconf 87' lang='lat' dir='ltr'><strong>consolationem</strong></span> <span class='ocrx_word' id='word_1_767' title='bbox 1170 4768 1323 4822; x_wconf 90' lang='lat' dir='ltr'><strong>istius</strong></span> <span class='ocrx_word' id='word_1_768' title='bbox 1362 4767 1751 4822; x_wconf 88' lang='lat' dir='ltr'><strong>benedictionis</strong></span> <span class='ocrx_word' id='word_1_769' title='bbox 1772 4768 1902 4821; x_wconf 90' lang='lat' dir='ltr'><strong>hor-</strong></span> 
     </span>
    </p>
   </div>
   <div class='ocr_carea' id='block_1_98' title="bbox 309 4857 3595 4929">
    <p class='ocr_par' dir='ltr' id='par_1_98' title="bbox 309 4857 3595 4929">
     <span class='ocr_line' id='line_1_98' title="bbox 309 4857 3595 4929; baseline 0 -17"><span class='ocrx_word' id='word_1_770' title='bbox 309 4870 477 4923; x_wconf 85' lang='lat' dir='ltr'><strong>tatur,</strong></span> <span class='ocrx_word' id='word_1_771' title='bbox 533 4868 588 4913; x_wconf 88' lang='lat' dir='ltr'><strong>et</strong></span> <span class='ocrx_word' id='word_1_772' title='bbox 627 4860 803 4914; x_wconf 83' lang='lat' dir='ltr'><strong>dicit:</strong></span> <span class='ocrx_word' id='word_1_773' title='bbox 852 4857 1185 4911; x_wconf 83' lang='lat' dir='ltr'><strong>Abundantia</strong></span> <span class='ocrx_word' id='word_1_774' title='bbox 1243 4866 1415 4911; x_wconf 80' lang='lat' dir='ltr'><strong>vestra</strong></span> <span class='ocrx_word' id='word_1_775' title='bbox 1462 4859 1531 4911; x_wconf 85' lang='lat' dir='ltr'><strong>sit</strong></span> <span class='ocrx_word' id='word_1_776' title='bbox 1583 4858 1651 4910; x_wconf 87' lang='lat' dir='ltr'><strong>ad</strong></span> <span class='ocrx_word' id='word_1_777' title='bbox 1703 4858 1906 4911; x_wconf 88' lang='lat' dir='ltr'><strong>illorum</strong></span> <span class='ocrx_word' id='word_1_778' title='bbox 2015 4859 2389 4914; x_wconf 88' lang='lat' dir='ltr'><strong>reddidissent.</strong></span> <span class='ocrx_word' id='word_1_779' title='bbox 2422 4858 2715 4912; x_wconf 75' lang='lat' dir='ltr'><strong>Exsultarit</strong></span> <span class='ocrx_word' id='word_1_780' title='bbox 2744 4859 2923 4926; x_wconf 87' lang='lat' dir='ltr'><strong>itaque</strong></span> <span class='ocrx_word' id='word_1_781' title='bbox 2945 4860 3000 4910; x_wconf 89' lang='lat' dir='ltr'><strong>in</strong></span> <span class='ocrx_word' id='word_1_782' title='bbox 3022 4857 3245 4912; x_wconf 89' lang='lat' dir='ltr'><strong>Domino</strong></span> <span class='ocrx_word' id='word_1_783' title='bbox 3271 4860 3481 4929; x_wconf 87' lang='lat' dir='ltr'><strong>spiritus</strong></span> <span class='ocrx_word' id='word_1_784' title='bbox 3511 4875 3595 4912; x_wconf 86' lang='lat' dir='ltr'><strong>no.</strong></span> 
     </span>
    </p>
   </div>
   <div class='ocr_carea' id='block_1_99' title="bbox 379 4968 1896 5040">
    <p class='ocr_par' dir='ltr' id='par_1_99' title="bbox 379 4968 1863 5040">
     <span class='ocr_line' id='line_1_99' title="bbox 379 4968 1863 5040; baseline -0.001 -16"><span class='ocrx_word' id='word_1_785' title='bbox 379 4984 406 5010; x_wconf 79' lang='grc' dir='ltr'><strong>ιι</strong></span> <span class='ocrx_word' id='word_1_786' title='bbox 439 4973 526 5026; x_wconf 90' lang='lat' dir='ltr'><strong>IV.</strong></span> <span class='ocrx_word' id='word_1_787' title='bbox 558 4972 689 5039; x_wconf 84' lang='lat' dir='ltr'><strong>Reg.</strong></span> <span class='ocrx_word' id='word_1_788' title='bbox 718 4988 800 5033; x_wconf 69' lang='grc' dir='ltr'>γι,</span> <span class='ocrx_word' id='word_1_789' title='bbox 832 4970 893 5034; x_wconf 91' lang='lat'><strong>2;</strong></span> <span class='ocrx_word' id='word_1_790' title='bbox 918 4969 982 5023; x_wconf 91' lang='lat' dir='ltr'><strong>IV</strong></span> <span class='ocrx_word' id='word_1_791' title='bbox 1012 4970 1143 5037; x_wconf 87' lang='lat' dir='ltr'><strong>Reg.</strong></span> <span class='ocrx_word' id='word_1_792' title='bbox 1193 4985 1269 5040; x_wconf 72' lang='lat' dir='ltr'><strong>tv,</strong></span> <span class='ocrx_word' id='word_1_793' title='bbox 1292 4968 1451 5040; x_wconf 15' lang='lat'><strong>78.}</strong></span> <span class='ocrx_word' id='word_1_794' title='bbox 1478 4968 1541 5022; x_wconf 82' lang='grc' dir='ltr'><strong>ΙΙΙ</strong></span> <span class='ocrx_word' id='word_1_795' title='bbox 1567 4969 1698 5040; x_wconf 87' lang='lat' dir='ltr'><strong>Reg.</strong></span> <span class='ocrx_word' id='word_1_796' title='bbox 1736 4987 1863 5036; x_wconf 84' lang='lat' dir='ltr'><strong>xvu,</strong></span> 
     </span>
    </p>
   </div>
   <div class='ocr_carea' id='block_1_100' title="bbox 2009 4968 3598 5040">
    <p class='ocr_par' dir='ltr' id='par_1_100' title="bbox 2027 4968 3598 5040">
     <span class='ocr_line' id='line_1_100' title="bbox 2027 4968 3598 5040; baseline -0.001 -15"><span class='ocrx_word' id='word_1_797' title='bbox 2027 4982 2049 5009; x_wconf 76' lang='grc' dir='ltr'><strong>ο</strong></span> <span class='ocrx_word' id='word_1_798' title='bbox 2086 4970 2221 5025; x_wconf 87' lang='lat' dir='ltr'><strong>Gen.</strong></span> <span class='ocrx_word' id='word_1_799' title='bbox 2247 4986 2361 5040; x_wconf 77' lang='lat' dir='ltr'><strong>vin,</strong></span> <span class='ocrx_word' id='word_1_800' title='bbox 2386 4969 2498 5040; x_wconf 69' lang='lat' dir='ltr'><strong>il._</strong></span> <span class='ocrx_word' id='word_1_801' title='bbox 2549 4971 2572 5006; x_wconf 77' lang='grc' dir='ltr'><strong><em>ἀ</em></strong></span> <span class='ocrx_word' id='word_1_802' title='bbox 2601 4968 2741 5023; x_wconf 85' lang='lat' dir='ltr'><strong>Psal.</strong></span> <span class='ocrx_word' id='word_1_803' title='bbox 2774 4985 2920 5040; x_wconf 76' lang='lat' dir='ltr'><strong>cxtit,</strong></span> <span class='ocrx_word' id='word_1_804' title='bbox 2949 4968 3036 5022; x_wconf 77' lang='grc'><strong>15.</strong></span> <span class='ocrx_word' id='word_1_805' title='bbox 3116 4979 3148 5040; x_wconf 20' lang='grc' dir='ltr'><strong>εᾼ</strong></span> <span class='ocrx_word' id='word_1_806' title='bbox 3174 4968 3313 5023; x_wconf 79' lang='lat' dir='ltr'><strong>Psal.</strong></span> <span class='ocrx_word' id='word_1_807' title='bbox 3345 4987 3511 5037; x_wconf 81' lang='lat' dir='ltr'><strong>van,</strong></span> <span class='ocrx_word' id='word_1_808' title='bbox 3546 4973 3598 5025; x_wconf 88' lang='lat'><strong>7.</strong></span> 
     </span>
    </p>
   </div>
   <div class='ocr_carea' id='block_1_101' title="bbox 315 5038 3596 5106">
    <p class='ocr_par' dir='ltr' id='par_1_101' title="bbox 315 5038 3596 5106">
     <span class='ocr_line' id='line_1_101' title="bbox 315 5038 3596 5106; baseline 0.001 -13"><span class='ocrx_word' id='word_1_809' title='bbox 315 5043 330 5078; x_wconf 76' lang='grc' dir='ltr'>ί</span> <span class='ocrx_word' id='word_1_810' title='bbox 373 5044 564 5096; x_wconf 71' lang='lat' dir='ltr'><strong>Matth.</strong></span> <span class='ocrx_word' id='word_1_811' title='bbox 590 5038 725 5104; x_wconf 25' lang='lat' dir='ltr'><strong>v,’(i.</strong></span> <span class='ocrx_word' id='word_1_812' title='bbox 805 5051 827 5085; x_wconf 67' lang='grc' dir='ltr'>ιε</span> <span class='ocrx_word' id='word_1_813' title='bbox 859 5041 1043 5094; x_wconf 82' lang='lat' dir='ltr'><strong>Matth.</strong></span> <span class='ocrx_word' id='word_1_814' title='bbox 1079 5055 1220 5099; x_wconf 75' lang='lat' dir='ltr'><strong>xxiv,</strong></span> <span class='ocrx_word' id='word_1_815' title='bbox 1246 5038 1334 5104; x_wconf 64' lang='grc'><strong>41,</strong></span> <span class='ocrx_word' id='word_1_816' title='bbox 1361 5038 1522 5093; x_wconf 81' lang='lat' dir='ltr'><strong>Marc.</strong></span> <span class='ocrx_word' id='word_1_817' title='bbox 1555 5038 1667 5102; x_wconf 77' lang='grc' dir='ltr'>χιν,</span> <span class='ocrx_word' id='word_1_818' title='bbox 1692 5041 1781 5093; x_wconf 78' lang='lat'><strong>&#39;58.</strong></span> <span class='ocrx_word' id='word_1_819' title='bbox 1861 5039 1886 5076; x_wconf 68' lang='grc' dir='ltr'>δ</span> <span class='ocrx_word' id='word_1_820' title='bbox 1908 5038 2102 5094; x_wconf 81' lang='lat' dir='ltr'><strong>Johan.</strong></span> <span class='ocrx_word' id='word_1_821' title='bbox 2127 5058 2199 5103; x_wconf 83' lang='lat' dir='ltr'><strong>vt,</strong></span> <span class='ocrx_word' id='word_1_822' title='bbox 2231 5039 2345 5093; x_wconf 71' lang='lat' dir='ltr'><strong>4I.‘</strong></span> <span class='ocrx_word' id='word_1_823' title='bbox 2404 5038 2416 5075; x_wconf 78' lang='grc' dir='ltr'><strong>ί</strong></span> <span class='ocrx_word' id='word_1_824' title='bbox 2452 5038 2639 5092; x_wconf 84' lang='lat' dir='ltr'><strong>Matth.</strong></span> <span class='ocrx_word' id='word_1_825' title='bbox 2674 5057 2747 5103; x_wconf 79' lang='grc' dir='ltr'>ιν,</span> <span class='ocrx_word' id='word_1_826' title='bbox 2778 5038 2839 5101; x_wconf 70' lang='lat'><strong>4;</strong></span> <span class='ocrx_word' id='word_1_827' title='bbox 2871 5039 2997 5092; x_wconf 85' lang='lat' dir='ltr'><strong>Luc.</strong></span> <span class='ocrx_word' id='word_1_828' title='bbox 3020 5055 3093 5106; x_wconf 82' lang='grc' dir='ltr'>ιν,</span> <span class='ocrx_word' id='word_1_829' title='bbox 3124 5038 3185 5102; x_wconf 72' lang='grc'><strong>4;</strong></span> <span class='ocrx_word' id='word_1_830' title='bbox 3215 5041 3370 5093; x_wconf 81' lang='lat' dir='ltr'><strong>Deut.</strong></span> <span class='ocrx_word' id='word_1_831' title='bbox 3404 5057 3515 5104; x_wconf 82' lang='lat' dir='ltr'><strong>vni,</strong></span> <span class='ocrx_word' id='word_1_832' title='bbox 3544 5040 3596 5095; x_wconf 82' lang='lat'><strong>5.</strong></span> 
     </span>
    </p>
   </div>
   <div class='ocr_carea' id='block_1_102' title="bbox 313 5108 1896 5177">
    <p class='ocr_par' dir='ltr' id='par_1_102' title="bbox 313 5108 1854 5175">
     <span class='ocr_line' id='line_1_102' title="bbox 313 5108 1854 5175; baseline 0.001 -13"><span class='ocrx_word' id='word_1_833' title='bbox 313 5124 326 5161; x_wconf 82' lang='grc' dir='ltr'><strong>ι</strong></span> <span class='ocrx_word' id='word_1_834' title='bbox 365 5113 404 5165; x_wconf 94' lang='lat' dir='ltr'><strong>ll</strong></span> <span class='ocrx_word' id='word_1_835' title='bbox 436 5112 562 5166; x_wconf 87' lang='lat' dir='ltr'><strong>Cor.</strong></span> <span class='ocrx_word' id='word_1_836' title='bbox 590 5128 681 5165; x_wconf 85' lang='lat' dir='ltr'><strong>vm</strong></span> <span class='ocrx_word' id='word_1_837' title='bbox 705 5150 719 5173; x_wconf 88' lang='lat'><strong>,</strong></span> <span class='ocrx_word' id='word_1_838' title='bbox 754 5109 841 5164; x_wconf 74' lang='grc' dir='ltr'>Η.</span> <span class='ocrx_word' id='word_1_839' title='bbox 919 5109 939 5145; x_wconf 77' lang='grc' dir='ltr'><strong>¹ί</strong></span> <span class='ocrx_word' id='word_1_840' title='bbox 975 5109 1161 5162; x_wconf 80' lang='lat' dir='ltr'><strong>Matth.</strong></span> <span class='ocrx_word' id='word_1_841' title='bbox 1193 5126 1280 5175; x_wconf 92' lang='grc' dir='ltr'>ιιι,</span> <span class='ocrx_word' id='word_1_842' title='bbox 1311 5109 1375 5170; x_wconf 80' lang='lat'><strong>5;</strong></span> <span class='ocrx_word' id='word_1_843' title='bbox 1434 5108 1558 5162; x_wconf 82' lang='lat' dir='ltr'><strong>Joh.</strong></span> <span class='ocrx_word' id='word_1_844' title='bbox 1611 5126 1707 5170; x_wconf 88' lang='lat' dir='ltr'><strong>vn.</strong></span> <span class='ocrx_word' id='word_1_845' title='bbox 1768 5110 1854 5163; x_wconf 92' lang='lat'><strong>28.</strong></span> 
     </span>
    </p>
   </div>
   <div class='ocr_carea' id='block_1_103' title="bbox 2009 5108 3597 5177">
    <p class='ocr_par' dir='ltr' id='par_1_103' title="bbox 2009 5108 3597 5177">
     <span class='ocr_line' id='line_1_103' title="bbox 2009 5108 3597 5177; baseline 0.001 -14"><span class='ocrx_word' id='word_1_846' title='bbox 2009 5109 2144 5165; x_wconf 83' lang='lat' dir='ltr'><strong>Psal.</strong></span> <span class='ocrx_word' id='word_1_847' title='bbox 2173 5127 2366 5172; x_wconf 67' lang='lat' dir='ltr'><strong>cxxxv,</strong></span> <span class='ocrx_word' id='word_1_848' title='bbox 2414 5109 2502 5162; x_wconf 80' lang='lat'><strong>25.</strong></span> <span class='ocrx_word' id='word_1_849' title='bbox 2581 5118 2619 5144; x_wconf 76' lang='grc' dir='ltr'>ιη</span> <span class='ocrx_word' id='word_1_850' title='bbox 2665 5109 2852 5177; x_wconf 68' lang='lat' dir='ltr'><strong>Matth.</strong></span> <span class='ocrx_word' id='word_1_851' title='bbox 2886 5125 2939 5172; x_wconf 91' lang='lat' dir='ltr'><strong>v,</strong></span> <span class='ocrx_word' id='word_1_852' title='bbox 2982 5108 3035 5162; x_wconf 84' lang='lat'><strong>6.</strong></span> <span class='ocrx_word' id='word_1_853' title='bbox 3111 5119 3135 5144; x_wconf 85' lang='lat'><strong>&quot;</strong></span> <span class='ocrx_word' id='word_1_854' title='bbox 3183 5111 3325 5163; x_wconf 80' lang='lat' dir='ltr'><strong>Psal.</strong></span> <span class='ocrx_word' id='word_1_855' title='bbox 3374 5127 3501 5177; x_wconf 87' lang='grc' dir='ltr'>χι.ιι,</span> <span class='ocrx_word' id='word_1_856' title='bbox 3544 5110 3597 5163; x_wconf 77' lang='grc'>4.</span> 
     </span>
    </p>
   </div>
   <div class='ocr_carea' id='block_1_104' title="bbox 312 5178 2115 5248">
    <p class='ocr_par' dir='ltr' id='par_1_104' title="bbox 312 5178 2115 5248">
     <span class='ocr_line' id='line_1_104' title="bbox 312 5178 2115 5248; baseline -0.001 -13"><span class='ocrx_word' id='word_1_857' title='bbox 312 5194 336 5217; x_wconf 85' lang='grc' dir='ltr'>ο</span> <span class='ocrx_word' id='word_1_858' title='bbox 368 5181 515 5235; x_wconf 86' lang='lat' dir='ltr'><strong>Psal.</strong></span> <span class='ocrx_word' id='word_1_859' title='bbox 543 5198 665 5246; x_wconf 67' lang='lat' dir='ltr'><strong>exn,</strong></span> <span class='ocrx_word' id='word_1_860' title='bbox 702 5180 785 5233; x_wconf 87' lang='lat' dir='ltr'><strong>IO.</strong></span> <span class='ocrx_word' id='word_1_861' title='bbox 865 5190 889 5227; x_wconf 87' lang='lat' dir='ltr'>P</span> <span class='ocrx_word' id='word_1_862' title='bbox 918 5178 1035 5234; x_wconf 83' lang='lat' dir='ltr'><strong>Gal.</strong></span> <span class='ocrx_word' id='word_1_863' title='bbox 1065 5195 1135 5243; x_wconf 80' lang='grc' dir='ltr'>νι,</span> <span class='ocrx_word' id='word_1_864' title='bbox 1169 5178 1220 5231; x_wconf 88' lang='lat'><strong>2.</strong></span> <span class='ocrx_word' id='word_1_865' title='bbox 1300 5190 1324 5227; x_wconf 76' lang='grc' dir='ltr'>ει</span> <span class='ocrx_word' id='word_1_866' title='bbox 1357 5179 1512 5233; x_wconf 88' lang='lat' dir='ltr'><strong>Rom.</strong></span> <span class='ocrx_word' id='word_1_867' title='bbox 1544 5195 1654 5241; x_wconf 88' lang='lat' dir='ltr'><strong>vm,</strong></span> <span class='ocrx_word' id='word_1_868' title='bbox 1688 5179 1785 5244; x_wconf 74' lang='lat'><strong>15;</strong></span> <span class='ocrx_word' id='word_1_869' title='bbox 1810 5180 1926 5234; x_wconf 84' lang='lat' dir='ltr'><strong>Gal.</strong></span> <span class='ocrx_word' id='word_1_870' title='bbox 1960 5196 2035 5248; x_wconf 81' lang='lat' dir='ltr'><strong>tv,</strong></span> <span class='ocrx_word' id='word_1_871' title='bbox 2063 5181 2115 5233; x_wconf 87' lang='grc'><strong>6.</strong></span> 
     </span>
    </p>
   </div>
   <div class='ocr_carea' id='block_1_105' title="bbox 449 5290 2209 5361">
    <p class='ocr_par' dir='ltr' id='par_1_105' title="bbox 449 5290 2209 5361">
     <span class='ocr_line' id='line_1_105' title="bbox 449 5290 2209 5361; baseline -0.001 -13"><span class='ocrx_word' id='word_1_872' title='bbox 449 5296 593 5348; x_wconf 83' lang='lat' dir='ltr'><strong>Alias</strong></span> <span class='ocrx_word' id='word_1_873' title='bbox 619 5292 718 5357; x_wconf 70' lang='lat' dir='ltr'><strong>ﬂ;</strong></span> <span class='ocrx_word' id='word_1_874' title='bbox 748 5306 867 5361; x_wconf 72' lang='lat' dir='ltr'><strong>qua:</strong></span> <span class='ocrx_word' id='word_1_875' title='bbox 893 5299 1071 5346; x_wconf 90' lang='lat' dir='ltr'><strong>autem</strong></span> <span class='ocrx_word' id='word_1_876' title='bbox 1095 5292 1163 5343; x_wconf 80' lang='lat'><strong>27</strong></span> <span class='ocrx_word' id='word_1_877' title='bbox 1192 5300 1312 5345; x_wconf 89' lang='lat' dir='ltr'><strong>erat</strong></span> <span class='ocrx_word' id='word_1_878' title='bbox 1332 5332 1348 5356; x_wconf 96' lang='lat'><strong>,</strong></span> <span class='ocrx_word' id='word_1_879' title='bbox 1381 5306 1522 5344; x_wconf 88' lang='lat' dir='ltr'><strong>nunc</strong></span> <span class='ocrx_word' id='word_1_880' title='bbox 1550 5290 1637 5345; x_wconf 82' lang='grc'>57.</span> <span class='ocrx_word' id='word_1_881' title='bbox 1668 5290 1878 5361; x_wconf 89' lang='lat' dir='ltr'><strong>Scripta</strong></span> <span class='ocrx_word' id='word_1_882' title='bbox 1916 5307 2061 5348; x_wconf 88' lang='lat' dir='ltr'><strong>anno</strong></span> <span class='ocrx_word' id='word_1_883' title='bbox 2087 5290 2209 5346; x_wconf 77' lang='grc'><strong>401.</strong></span> 
     </span>
    </p>
   </div>
   <div class='ocr_carea' id='block_1_106' title="bbox 2012 4768 3597 4837">
    <p class='ocr_par' dir='ltr' id='par_1_106' title="bbox 2012 4768 3597 4837">
     <span class='ocr_line' id='line_1_106' title="bbox 2012 4768 3597 4837; baseline 0 -14"><span class='ocrx_word' id='word_1_884' title='bbox 2012 4770 2137 4823; x_wconf 82' lang='lat' dir='ltr'><strong>tatis</strong></span> <span class='ocrx_word' id='word_1_885' title='bbox 2183 4778 2286 4823; x_wconf 71' lang='lat' dir='ltr'><strong>tua:</strong></span> <span class='ocrx_word' id='word_1_886' title='bbox 2326 4769 2620 4823; x_wconf 85' lang='lat' dir='ltr'><strong>dulciorem</strong></span> <span class='ocrx_word' id='word_1_887' title='bbox 2665 4768 2818 4822; x_wconf 91' lang='lat' dir='ltr'><strong>nobis</strong></span> <span class='ocrx_word' id='word_1_888' title='bbox 2866 4768 3163 4837; x_wconf 70' lang='lat' dir='ltr'><strong>przesentim</strong></span> <span class='ocrx_word' id='word_1_889' title='bbox 3206 4784 3315 4821; x_wconf 85' lang='lat' dir='ltr'><strong>su:e</strong></span> <span class='ocrx_word' id='word_1_890' title='bbox 3366 4770 3597 4836; x_wconf 83' lang='lat' dir='ltr'><strong>gratiam</strong></span> 
     </span>
    </p>
   </div>
   <div class='ocr_carea' id='block_1_107' title="bbox 2197 5176 3350 5244">
    <p class='ocr_par' dir='ltr' id='par_1_107' title="bbox 2197 5176 3350 5244">
     <span class='ocr_line' id='line_1_107' title="bbox 2197 5176 3350 5244; baseline -0.001 -12"><span class='ocrx_word' id='word_1_891' title='bbox 2197 5190 2217 5217; x_wconf 74' lang='grc' dir='ltr'><strong>τ</strong></span> <span class='ocrx_word' id='word_1_892' title='bbox 2248 5180 2391 5233; x_wconf 87' lang='lat' dir='ltr'><strong>Psal.</strong></span> <span class='ocrx_word' id='word_1_893' title='bbox 2426 5195 2613 5243; x_wconf 88' lang='grc' dir='ltr'>χχχιιι,</span> <span class='ocrx_word' id='word_1_894' title='bbox 2642 5177 2696 5232; x_wconf 91' lang='lat'><strong>2.</strong></span> <span class='ocrx_word' id='word_1_895' title='bbox 2775 5188 2795 5212; x_wconf 82' lang='grc'>⁸</span> <span class='ocrx_word' id='word_1_896' title='bbox 2834 5176 2971 5233; x_wconf 86' lang='lat' dir='ltr'><strong>Psal.</strong></span> <span class='ocrx_word' id='word_1_897' title='bbox 3002 5195 3090 5244; x_wconf 87' lang='lat' dir='ltr'><strong>cu,</strong></span> <span class='ocrx_word' id='word_1_898' title='bbox 3132 5180 3239 5234; x_wconf 65' lang='grc' dir='ltr'>ὅθι</span> <span class='ocrx_word' id='word_1_899' title='bbox 3266 5179 3350 5232; x_wconf 88' lang='lat' dir='ltr'><strong>I0.</strong></span> 
     </span>
    </p>
   </div>
   <div class='ocr_carea' id='block_1_108' title="bbox 392 5406 1909 5477">
    <p class='ocr_par' dir='ltr' id='par_1_108' title="bbox 392 5406 1909 5477">
     <span class='ocr_line' id='line_1_108' title="bbox 392 5406 1909 5477; baseline -0.001 -16"><span class='ocrx_word' id='word_1_900' title='bbox 392 5409 474 5477; x_wconf 84' lang='lat' dir='ltr'><strong>(a)</strong></span> <span class='ocrx_word' id='word_1_901' title='bbox 511 5409 605 5463; x_wconf 79' lang='lat' dir='ltr'><strong>Ms.</strong></span> <span class='ocrx_word' id='word_1_902' title='bbox 638 5408 809 5463; x_wconf 86' lang='lat' dir='ltr'><strong>codex</strong></span> <span class='ocrx_word' id='word_1_903' title='bbox 839 5407 1167 5471; x_wconf 85' lang='lat' dir='ltr'><strong>Victorinus,</strong></span> <span class='ocrx_word' id='word_1_904' title='bbox 1209 5423 1311 5459; x_wconf 87' lang='lat' dir='ltr'><strong>non</strong></span> <span class='ocrx_word' id='word_1_905' title='bbox 1347 5406 1402 5459; x_wconf 89' lang='lat' dir='ltr'><strong>in</strong></span> <span class='ocrx_word' id='word_1_906' title='bbox 1444 5407 1555 5461; x_wconf 87' lang='lat' dir='ltr'><strong>solo</strong></span> <span class='ocrx_word' id='word_1_907' title='bbox 1584 5423 1721 5475; x_wconf 85' lang='lat' dir='ltr'><strong>pane</strong></span> <span class='ocrx_word' id='word_1_908' title='bbox 1751 5408 1909 5460; x_wconf 76' lang='lat' dir='ltr'><strong>vitam</strong></span> 
     </span>
    </p>
   </div>
   <div class='ocr_carea' id='block_1_109' title="bbox 317 5477 1905 5545">
    <p class='ocr_par' dir='ltr' id='par_1_109' title="bbox 317 5477 1905 5545">
     <span class='ocr_line' id='line_1_109' title="bbox 317 5477 1905 5545; baseline -0.001 -12"><span class='ocrx_word' id='word_1_909' title='bbox 317 5480 541 5533; x_wconf 69' lang='lat' dir='ltr'><strong>Morinis</strong></span> <span class='ocrx_word' id='word_1_910' title='bbox 589 5486 827 5531; x_wconf 72' lang='lat' dir='ltr'><strong>constare</strong></span> <span class='ocrx_word' id='word_1_911' title='bbox 863 5477 1187 5531; x_wconf 83' lang='lat' dir='ltr'><strong>monstravit.</strong></span> <span class='ocrx_word' id='word_1_912' title='bbox 1242 5477 1405 5545; x_wconf 84' lang='lat' dir='ltr'><strong>Atque</strong></span> <span class='ocrx_word' id='word_1_913' title='bbox 1449 5477 1565 5530; x_wconf 87' lang='lat' dir='ltr'><strong>ideo</strong></span> <span class='ocrx_word' id='word_1_914' title='bbox 1616 5494 1719 5530; x_wconf 88' lang='lat' dir='ltr'><strong>non</strong></span> <span class='ocrx_word' id='word_1_915' title='bbox 1769 5477 1905 5545; x_wconf 76' lang='lat' dir='ltr'><strong>Heg.</strong></span> 
     </span>
    </p>
   </div>
   <div class='ocr_carea' id='block_1_110' title="bbox 313 5545 1906 5615">
    <p class='ocr_par' dir='ltr' id='par_1_110' title="bbox 313 5545 1906 5615">
     <span class='ocr_line' id='line_1_110' title="bbox 313 5545 1906 5615; baseline -0.003 -13"><span class='ocrx_word' id='word_1_916' title='bbox 313 5567 434 5603; x_wconf 75' lang='lat' dir='ltr'><strong>cum</strong></span> <span class='ocrx_word' id='word_1_917' title='bbox 462 5546 473 5611; x_wconf 93' lang='lat' dir='ltr'><strong>I</strong></span> <span class='ocrx_word' id='word_1_918' title='bbox 501 5550 628 5601; x_wconf 71' lang='lat' dir='ltr'><strong>dixit</strong></span> <span class='ocrx_word' id='word_1_919' title='bbox 652 5565 667 5601; x_wconf 88' lang='lat'><em>:</em></span> <span class='ocrx_word' id='word_1_920' title='bbox 695 5545 818 5599; x_wconf 87' lang='lat' dir='ltr'><strong>Non</strong></span> <span class='ocrx_word' id='word_1_921' title='bbox 859 5549 911 5599; x_wconf 88' lang='lat' dir='ltr'><strong>in</strong></span> <span class='ocrx_word' id='word_1_922' title='bbox 950 5547 1057 5599; x_wconf 72' lang='lat' dir='ltr'><strong>toto</strong></span> <span class='ocrx_word' id='word_1_923' title='bbox 1085 5563 1217 5614; x_wconf 86' lang='lat' dir='ltr'><strong>pane</strong></span> <span class='ocrx_word' id='word_1_924' title='bbox 1235 5585 1250 5610; x_wconf 88' lang='lat'><strong>,</strong></span> <span class='ocrx_word' id='word_1_925' title='bbox 1282 5547 1438 5599; x_wconf 84' lang='lat' dir='ltr'><strong>etiam</strong></span> <span class='ocrx_word' id='word_1_926' title='bbox 1480 5547 1531 5599; x_wconf 90' lang='lat' dir='ltr'><strong>in</strong></span> <span class='ocrx_word' id='word_1_927' title='bbox 1560 5564 1693 5615; x_wconf 85' lang='lat' dir='ltr'><strong>pane</strong></span> <span class='ocrx_word' id='word_1_928' title='bbox 1722 5547 1906 5599; x_wconf 81' lang='lat' dir='ltr'><strong>victum</strong></span> 
     </span>
    </p>
   </div>
   <div class='ocr_carea' id='block_1_111' title="bbox 317 5618 1122 5672">
    <p class='ocr_par' dir='ltr' id='par_1_111' title="bbox 317 5618 1122 5672">
     <span class='ocr_line' id='line_1_111' title="bbox 317 5618 1122 5672; baseline -0.001 -3"><span class='ocrx_word' id='word_1_929' title='bbox 317 5619 543 5672; x_wconf 78' lang='lat' dir='ltr'><strong>hominis</strong></span> <span class='ocrx_word' id='word_1_930' title='bbox 571 5619 902 5671; x_wconf 86' lang='lat' dir='ltr'><strong>constitutum</strong></span> <span class='ocrx_word' id='word_1_931' title='bbox 931 5618 1122 5669; x_wconf 74' lang='lat' dir='ltr'><strong>docuit.</strong></span> 
     </span>
    </p>
   </div>
   <div class='ocr_carea' id='block_1_112' title="bbox 391 5685 1771 5756">
    <p class='ocr_par' dir='ltr' id='par_1_112' title="bbox 391 5685 1771 5756">
     <span class='ocr_line' id='line_1_112' title="bbox 391 5685 1771 5756; baseline -0.001 -17"><span class='ocrx_word' id='word_1_932' title='bbox 391 5687 476 5756; x_wconf 65' lang='grc' dir='ltr'><strong>(ὁ)</strong></span> <span class='ocrx_word' id='word_1_933' title='bbox 513 5687 650 5742; x_wconf 79' lang='lat' dir='ltr'><strong>Editi</strong></span> <span class='ocrx_word' id='word_1_934' title='bbox 675 5704 770 5744; x_wconf 81' lang='lat' dir='ltr'><strong>sex</strong></span> <span class='ocrx_word' id='word_1_935' title='bbox 798 5687 1010 5743; x_wconf 89' lang='lat' dir='ltr'><strong>codices</strong></span> <span class='ocrx_word' id='word_1_936' title='bbox 1040 5686 1238 5740; x_wconf 90' lang='lat' dir='ltr'><strong>addunt</strong></span> <span class='ocrx_word' id='word_1_937' title='bbox 1268 5703 1381 5741; x_wconf 75' lang='lat' dir='ltr'><strong>rox.</strong></span> <span class='ocrx_word' id='word_1_938' title='bbox 1416 5685 1588 5739; x_wconf 82' lang='lat' dir='ltr'><strong>minus</strong></span> <span class='ocrx_word' id='word_1_939' title='bbox 1619 5685 1771 5739; x_wconf 80' lang='lat' dir='ltr'><strong>bene.</strong></span> 
     </span>
    </p>
   </div>
   <div class='ocr_carea' id='block_1_113' title="bbox 2093 5404 3599 5474">
    <p class='ocr_par' dir='ltr' id='par_1_113' title="bbox 2093 5404 3599 5474">
     <span class='ocr_line' id='line_1_113' title="bbox 2093 5404 3599 5474; baseline -0.001 -15"><span class='ocrx_word' id='word_1_940' title='bbox 2093 5406 2166 5473; x_wconf 73' lang='grc' dir='ltr'><strong>(ιτ)</strong></span> <span class='ocrx_word' id='word_1_941' title='bbox 2204 5404 2493 5459; x_wconf 85' lang='lat' dir='ltr'><strong>Justitiam.</strong></span> <span class='ocrx_word' id='word_1_942' title='bbox 2523 5405 2660 5460; x_wconf 87' lang='lat' dir='ltr'><strong>Vera</strong></span> <span class='ocrx_word' id='word_1_943' title='bbox 2686 5405 2868 5473; x_wconf 89' lang='lat' dir='ltr'><strong>lectio,</strong></span> <span class='ocrx_word' id='word_1_944' title='bbox 2905 5414 2959 5461; x_wconf 87' lang='lat' dir='ltr'><strong>et</strong></span> <span class='ocrx_word' id='word_1_945' title='bbox 2981 5405 3270 5474; x_wconf 71' lang='lat' dir='ltr'><strong>Scriptura:</strong></span> <span class='ocrx_word' id='word_1_946' title='bbox 3296 5419 3461 5459; x_wconf 80' lang='lat' dir='ltr'><strong>sacrae</strong></span> <span class='ocrx_word' id='word_1_947' title='bbox 3479 5420 3599 5457; x_wconf 81' lang='lat' dir='ltr'><strong>con-</strong></span> 
     </span>
    </p>
   </div>
   <div class='ocr_carea' id='block_1_114' title="bbox 2016 5474 3600 5541">
    <p class='ocr_par' dir='ltr' id='par_1_114' title="bbox 2016 5474 3600 5541">
     <span class='ocr_line' id='line_1_114' title="bbox 2016 5474 3600 5541; baseline -0.003 -10"><span class='ocrx_word' id='word_1_948' title='bbox 2016 5485 2296 5541; x_wconf 88' lang='lat' dir='ltr'><strong>sentanea,</strong></span> <span class='ocrx_word' id='word_1_949' title='bbox 2329 5474 2515 5529; x_wconf 65' lang='lat' dir='ltr'><strong>Graece</strong></span> <span class='ocrx_word' id='word_1_950' title='bbox 2543 5482 2635 5534; x_wconf 75' lang='grc' dir='ltr'><strong>τήν</strong></span> <span class='ocrx_word' id='word_1_951' title='bbox 2658 5475 2995 5535; x_wconf 78' lang='grc' dir='ltr'><strong>δικαιοσύνην.</strong></span> <span class='ocrx_word' id='word_1_952' title='bbox 3032 5475 3128 5529; x_wconf 87' lang='lat' dir='ltr'><strong>Ms.</strong></span> <span class='ocrx_word' id='word_1_953' title='bbox 3164 5476 3366 5529; x_wconf 86' lang='lat' dir='ltr'><strong>Victor.</strong></span> <span class='ocrx_word' id='word_1_954' title='bbox 3399 5483 3453 5528; x_wconf 89' lang='lat' dir='ltr'><strong>et</strong></span> <span class='ocrx_word' id='word_1_955' title='bbox 3473 5474 3600 5527; x_wconf 72' lang='lat' dir='ltr'><strong>editi</strong></span> 
     </span>
    </p>
   </div>
   <div class='ocr_carea' id='block_1_115' title="bbox 2016 5543 3601 5613">
    <p class='ocr_par' dir='ltr' id='par_1_115' title="bbox 2016 5543 3601 5613">
     <span class='ocr_line' id='line_1_115' title="bbox 2016 5543 3601 5613; baseline -0.002 -14"><span class='ocrx_word' id='word_1_956' title='bbox 2016 5545 2070 5610; x_wconf 64' lang='grc' dir='ltr'>ὦ,</span> <span class='ocrx_word' id='word_1_957' title='bbox 2102 5546 2279 5599; x_wconf 86' lang='lat' dir='ltr'><strong>vitam.</strong></span> <span class='ocrx_word' id='word_1_958' title='bbox 2324 5543 2476 5598; x_wconf 86' lang='lat' dir='ltr'><strong>Prior</strong></span> <span class='ocrx_word' id='word_1_959' title='bbox 2504 5546 2665 5599; x_wconf 86' lang='lat' dir='ltr'><strong>lectio</strong></span> <span class='ocrx_word' id='word_1_960' title='bbox 2704 5554 2961 5613; x_wconf 72' lang='lat' dir='ltr'><strong>pneterea</strong></span> <span class='ocrx_word' id='word_1_961' title='bbox 2988 5544 3334 5599; x_wconf 83' lang='lat' dir='ltr'><strong>confirmatur</strong></span> <span class='ocrx_word' id='word_1_962' title='bbox 3362 5560 3431 5598; x_wconf 77' lang='lat' dir='ltr'><strong>cx</strong></span> <span class='ocrx_word' id='word_1_963' title='bbox 3460 5560 3513 5597; x_wconf 78' lang='grc' dir='ltr'>ιι.</span> <span class='ocrx_word' id='word_1_964' title='bbox 3547 5545 3601 5605; x_wconf 78' lang='lat'><strong>2,</strong></span> 
     </span>
    </p>
   </div>
   <div class='ocr_carea' id='block_1_116' title="bbox 2014 5615 3207 5686">
    <p class='ocr_par' dir='ltr' id='par_1_116' title="bbox 2014 5615 3207 5686">
     <span class='ocr_line' id='line_1_116' title="bbox 2014 5615 3207 5686; baseline -0.003 -18"><span class='ocrx_word' id='word_1_965' title='bbox 2014 5619 2179 5686; x_wconf 74' lang='lat' dir='ltr'><strong>fames</strong></span> <span class='ocrx_word' id='word_1_966' title='bbox 2202 5626 2287 5686; x_wconf 74' lang='lat' dir='ltr'><strong>tua</strong></span> <span class='ocrx_word' id='word_1_967' title='bbox 2304 5616 2566 5686; x_wconf 74' lang='lat' dir='ltr'><strong>justitiam</strong></span> <span class='ocrx_word' id='word_1_968' title='bbox 2590 5626 2650 5686; x_wconf 63' lang='lat' dir='ltr'><strong>et</strong></span> <span class='ocrx_word' id='word_1_969' title='bbox 2669 5633 2877 5686; x_wconf 83' lang='lat' dir='ltr'><strong>regnum</strong></span> <span class='ocrx_word' id='word_1_970' title='bbox 2911 5615 3004 5686; x_wconf 73' lang='lat' dir='ltr'><strong>Dei</strong></span> <span class='ocrx_word' id='word_1_971' title='bbox 3031 5618 3207 5686; x_wconf 82' lang='lat' dir='ltr'><strong>esurit.</strong></span> 
     </span>
    </p>
   </div>
   <div class='ocr_carea' id='block_1_117' title="bbox 2084 5683 3251 5753">
    <p class='ocr_par' dir='ltr' id='par_1_117' title="bbox 2084 5683 3251 5753">
     <span class='ocr_line' id='line_1_117' title="bbox 2084 5683 3251 5753; baseline 0 -18"><span class='ocrx_word' id='word_1_972' title='bbox 2084 5684 2164 5753; x_wconf 77' lang='lat' dir='ltr'><strong>(d)</strong></span> <span class='ocrx_word' id='word_1_973' title='bbox 2206 5683 2283 5740; x_wconf 85' lang='lat' dir='ltr'><strong>Ita</strong></span> <span class='ocrx_word' id='word_1_974' title='bbox 2306 5683 2413 5740; x_wconf 77' lang='lat' dir='ltr'><strong>tus.</strong></span> <span class='ocrx_word' id='word_1_975' title='bbox 2448 5684 2579 5752; x_wconf 80' lang='lat' dir='ltr'><strong>Reg.</strong></span> <span class='ocrx_word' id='word_1_976' title='bbox 2612 5683 2776 5749; x_wconf 81' lang='lat' dir='ltr'><strong>Editi,</strong></span> <span class='ocrx_word' id='word_1_977' title='bbox 2799 5684 3251 5738; x_wconf 81' lang='lat' dir='ltr'><strong>desideratissimo.</strong></span> 
     </span>
    </p>
   </div>
  </div>
