3966 6184
333 273 433 329 307
1456 262 1513 320 S.
1555 259 1830 319 PAULINI
1867 255 2119 315 NOLANI
2158 257 2461 315 EPISCOPI
3515 256 3617 313 ωδ

330 398 465 450 δια-,λ
497 394 547 440 et
604 385 877 440 dilatatum
928 393 1005 443 est
1058 399 1115 437 os
1167 389 1399 439 nostrum
1450 396 1606 449 super
1650 378 1914 431 inimicum
1943 374 1991 432 A
2020 374 2209 429 mitate
2240 375 2467 441 virtutis,
2518 382 2573 429 et
2608 389 2798 430 servus
2828 376 2959 441 Deo,
2988 374 3126 429 liber
3164 387 3505 439 manunonze,
3540 382 3619 427 to-

332 485 567 530 nostrum
594 485 640 541 λ,
664 475 751 530 cui
774 491 881 530 non
924 474 1153 527 dabatur
1180 472 1361 527 dicere
1388 489 1400 523 :
1432 468 1695 524 Prtevalui
1730 466 1917 520 adver-
2026 473 2135 518 tum
2168 466 2220 519 in
2243 474 2295 520 te
2318 468 2527 536 spirare
2557 465 2865 532 Martinum,
2892 465 3086 520 ﬂorere
3113 464 3331 519 Clarum
3374 462 3471 533 (V.
3504 473 3617 518 not.

334 581 422 618 sus
444 581 530 619 eos
558 563 585 603 δ
608 581 624 630 ;
648 580 772 619 cum
815 564 993 635 potius
1036 569 1164 616 vota
1192 560 1581 616 desideriorum
1608 565 1918 613 nostrorum
2023 554 2183 623 124),
2230 557 2486 611 maturari
2514 554 2861 623 Evangelium
2895 556 3275 625 praedicabant.
3312 554 3621 624 Impingua-

331 655 764 724 praevaluissent,
788 662 847 715 ut
876 660 1131 725 exoptata
1160 652 1229 707 de
1250 663 1324 718 te,
1352 650 1403 705 id
1432 658 1514 705 est
1540 648 1775 704 maxima
1804 648 1921 705 ani-
2021 654 2147 699 runt
2191 646 2414 700 omnino
2455 646 2577 700 oleo
2618 647 2817 700 laetitias
2844 654 3005 715 caput
3033 654 3276 700 nostrum
3311 655 3367 710 e;
3399 655 3623 714 propter

339 760 443 799 ma:
466 754 663 800 nostrae
693 759 844 810 cura,
874 753 930 799 et
957 743 1180 813 judicia,
1208 751 1265 798 et
1291 741 1505 813 eloquia
1533 741 1916 809 reciperemus.
2021 737 2127 792 hoc
2156 737 2525 791 benedixerunt
2557 737 2731 790 omnia
2772 736 3023 789 interiora
3062 746 3241 789 nostra
3284 733 3563 789 Dominum
3598 733 3617 772 ί

398 836 456 891 2.
496 836 699 906 Itaque,
730 843 789 890 ut
842 836 973 891 nihil
1022 832 1433 899 invicem,sicut
1462 839 1788 903 prmceptum
1814 839 1924 897 est,
2021 828 2221 898 duplici
2248 844 2413 883 causa
2452 829 2827 898 gratulationis
2858 846 2872 881 :
2902 828 3047 897 quod
3094 837 3150 883 et
3189 828 3288 883 tibi
3330 829 3621 898 plurimum

332 928 432 982 nisi
458 942 695 983 amorem
717 936 958 987 mutuum
994 926 1150 983 nobis
1174 926 1463 981 debeamus
1494 936 1516 963 ο
1539 967 1553 991 ,
1585 923 1921 994 respondebo
2022 920 2338 990 praestitisse
2365 935 2465 974 nos
2493 920 2917 988 intelligeremus
2938 919 3007 974 de
3036 919 3311 987 agnitione
3335 918 3624 975 dilectissi-

331 1018 579 1074 omnibus
619 1017 863 1085 epistolis
902 1016 1007 1071 tuis
1036 1034 1049 1069 :
1080 1031 1145 1071 ac
1173 1016 1403 1085 primum
1452 1014 1527 1068 illi
1556 1028 1719 1083 quam
1747 1012 1922 1083 primo
2023 1025 2257 1077 morum,
2288 1017 2347 1064 ut
2368 1010 2630 1078 probasti,
2660 1009 2910 1074 fratrum;
2934 1019 2991 1065 et
3010 1009 3131 1064 illos
3150 1009 3404 1079 gratulari
3430 1010 3531 1065 sibi
3552 1010 3625 1065 de

331 1108 550 1177 accepi,
579 1121 685 1175 qua
717 1109 731 1138 ¹
763 1107 833 1162 de
860 1106 1006 1178 ipsis,
1029 1122 1128 1177 per
1154 1121 1291 1177 quos
1318 1104 1635 1175 scripseras,
1666 1101 1808 1173 apud
1836 1116 1924 1158 me
2023 1101 2213 1155 notitia
2237 1110 2291 1156 et
2318 1103 2543 1155 caritate
2568 1111 2679 1167 tua,
2705 1110 2763 1157 ut
2789 1102 2977 1161 divino
3003 1118 3246 1166 munere.
3291 1103 3620 1158 videremus.

332 1198 663 1269 expostulas,
692 1214 790 1253 cur
816 1208 910 1252 aut
930 1206 984 1261 te
1012 1198 1185 1255 solum
1204 1195 1537 1264 reliquerim,
1567 1202 1660 1247 aut
1679 1193 1799 1249 illos
1828 1192 1924 1246 tibi
2025 1194 2294 1260 Quantum
2340 1194 2416 1248 illi
2446 1206 2705 1263 prmterea
2736 1198 2878 1249 inter
2905 1210 3072 1264 opera
3109 1204 3166 1249 et
3213 1210 3434 1249 munera
3482 1195 3537 1248 in
3568 1205 3624 1249 te

333 1286 667 1341 abduxerim.
698 1284 805 1341 Sed
831 1299 1218 1354 recognosces,
1260 1291 1452 1339 neutro
1492 1297 1579 1337 me
1619 1296 1778 1352 posse
1806 1280 1924 1336 cul-
2026 1284 2121 1339 Dei
2151 1285 2398 1339 admirati
2423 1294 2547 1341 sunt
2576 1287 2739 1341 etiam
2770 1302 2967 1357 pueros
2997 1296 3147 1353 tuos,
3198 1286 3289 1354 qui
3319 1288 3374 1341 in
3404 1287 3622 1341 circuitu

332 1377 483 1445 pari;
532 1376 656 1447 quia
697 1391 871 1445 neque
896 1376 950 1431 in
974 1384 1026 1431 te
1048 1374 1404 1432 desiderando
1424 1362 1677 1443 umquam
1706 1372 1924 1427 modum
2027 1384 2112 1431 tuo
2142 1378 2273 1430 sicut
2310 1378 2526 1432 novella:
2554 1378 2573 1411 ⁸
2607 1378 2856 1432 olivarum
2879 1388 2903 1420 κ
2925 1378 3129 1431 virent-
3167 1377 3358 1447 quibus
3397 1383 3451 1432 te
3482 1376 3625 1433 Deus

333 1466 457 1533 feci,
487 1482 661 1536 neque
690 1467 857 1522 ullum
886 1474 1062 1521 tecum
1084 1466 1243 1521 habui
1271 1464 1337 1520 de
1357 1479 1545 1520 eorum
1576 1463 1927 1532 usurpatione
2025 1475 2213 1523 noster
2227 1466 2366 1521 idem
2388 1467 2534 1533 fecit,
2563 1467 2706 1536 quod
2735 1468 2848 1537 ipse
2869 1467 3078 1522 cunctis
3103 1475 3204 1530 est,
3238 1474 3295 1520 ut
3319 1475 3371 1521 te
3391 1476 3446 1521 et
3464 1468 3623 1536 quasi

334 1566 608 1613 certamen
637 1556 911 1625 :alioquin
939 1556 1081 1611 ultro
1111 1556 1207 1610 tibi
1235 1555 1303 1610 de
1330 1562 1424 1610 tuo
1458 1554 1578 1621 jure
1606 1554 1921 1619 cessissem,
2026 1556 2304 1612 dominum
2331 1566 2641 1625 vereantur,
2685 1566 2739 1612 et
2782 1558 2934 1627 quasi
2966 1566 3172 1625 patrem
3212 1556 3436 1625 diligant
3470 1554 3517 1610 δ.
3562 1555 3622 1610 In

334 1646 378 1702 si
407 1646 555 1715 prius
582 1654 674 1702 tua
704 1646 889 1701 fuisset
915 1647 1205 1715 possessio.
1235 1645 1351 1700 Non
1377 1645 1521 1699 enim
1568 1659 1600 1699 a
1648 1660 1735 1699 me
1764 1644 1925 1698 alieni
2028 1649 2134 1704 hoc
2164 1658 2343 1703 tamen
2370 1664 2620 1704 sermone
2644 1664 2855 1716 eorum,
2884 1647 3114 1702 fatemur
3136 1648 3403 1716 gemuisse
3426 1662 3526 1702 nos
3554 1646 3623 1703 ad

335 1734 513 1792 forent
540 1745 717 1792 tecum
741 1744 1041 1801 manentes,
1074 1737 1166 1806 qui
1196 1744 1341 1791 totus
1371 1751 1430 1791 es
1459 1751 1610 1790 meus
1638 1736 1691 1790 in
1712 1734 1929 1790 Christo
1964 1725 2003 1783 Β
2034 1737 2397 1796 infelicitatem
2418 1748 2682 1805 nostram,
2706 1739 2901 1807 quibus
2930 1739 2998 1793 ab
3028 1737 3289 1807 ejusmodi
3318 1736 3439 1791 liliis
3458 1738 3623 1790 steri-

337 1827 586 1891 Domino,
615 1842 715 1897 per
734 1843 896 1897 quem
924 1843 1043 1882 sum
1072 1828 1301 1882 invicem
1331 1836 1456 1882 tuus
1480 1846 1491 1880 :
1524 1842 1699 1896 neque
1719 1836 1925 1882 tantum
2031 1830 2235 1887 litatem
2257 1831 2501 1899 graviora
2524 1838 2743 1903 peccata
2798 1828 3050 1885 fecissent
3082 1846 3095 1881 :
3128 1827 3225 1884 sed
3273 1830 3403 1899 [acti
3442 1844 3624 1882 sumus

334 1917 595 1986 cepissem
616 1917 801 1985 gratia:
836 1917 889 1970 in
930 1917 997 1971 iis
1024 1917 1255 1986 receptis
1293 1925 1553 1986 quantum
1595 1916 1924 1983 amisissem,
2029 1922 2176 1993 quasi
2215 1921 2466 1977 consolati
2500 1920 2543 1988 ί,
2571 1921 2699 1993 quia
2728 1920 2957 1976 vicinum
2984 1935 3105 1976 esse
3143 1920 3300 1977 nobis
3328 1928 3434 1977 tum
3453 1919 3624 1976 felici-

338 2008 385 2063 si
414 2008 507 2062 tibi
561 2010 955 2083 praeripuissem
988 2009 1285 2079 quamlibet
1322 2009 1654 2079 expetendos
1691 2008 1745 2063 in
1785 2009 1929 2064 salu-
2030 2012 2155 2069 tatis
2183 2012 2384 2068 bonum
2406 2011 2734 2084 judicamus.

334 2098 437 2152 tari
466 2098 549 2152 via
579 2098 824 2153 comites.
846 2097 982 2152 Nam
1010 2113 1129 2153 mea
1157 2112 1372 2167 quoque
1393 2099 1659 2153 sententia
1681 2098 1925 2166 dignissi-
2100 2102 2155 2156 4.
2196 2103 2394 2157 Verum
2438 2118 2507 2157 ne
2558 2102 2804 2171 longiore
2850 2102 3131 2157 intervallo
3160 2109 3342 2157 nostra
3372 2100 3625 2171 iniquitas

335 2204 483 2243 mum
509 2204 596 2244 me
620 2187 919 2257 judicarem
967 2188 1059 2257 qui
1107 2203 1138 2241 a
1176 2197 1268 2242 tua
1308 2189 1536 2243 Caritate
1576 2204 1853 2251 vacuarer.
1884 2188 1928 2243 si
2029 2197 2168 2251 inter
2195 2210 2295 2249 nos
2321 2202 2375 2248 et
2396 2201 2450 2250 te
2469 2203 2705 2264 separet,
2729 2201 2900 2249 totum
2929 2194 3071 2248 hunc
3097 2208 3204 2263 quo
3232 2192 3422 2248 diebus
3440 2200 3499 2247 et
3523 2207 3625 2246 no-

334 2279 501 2333 ullum
529 2278 731 2332 bonum
759 2277 890 2330 mihi
909 2292 1069 2347 quam
1085 2277 1181 2331 tibi
1202 2277 1437 2331 mallem.
1468 2277 1663 2331 Verum
1685 2292 1785 2345 ego
1806 2293 1927 2330 cum
2028 2286 2203 2341 cuiius
2224 2284 2389 2339 Deum
2419 2286 2649 2350 mulces,
2696 2300 2864 2340 sacra:
2889 2286 3043 2354 pubis
3070 2286 3290 2355 accingc
3315 2284 3584 2339 delectum
3602 2324 3622 2350 ,

335 2369 453 2423 31103
482 2368 758 2437 ίηοΡί¹ι²ῑο
785 2368 807 2398 ³
836 2366 1048 2421 Domini
1077 2381 1299 2422 munere
1326 2366 1559 2436 “139503
1587 2366 1608 2397 ⁸
1638 2366 1767 2419 mihi
1796 2366 1929 2420 13185
2031 2385 2089 2431 ut
2115 2377 2399 2430 adversum
2430 2384 2652 2446 peccata
2682 2384 2868 2432 nostra
2893 2392 2993 2449 pro
3024 2376 3179 2432 nobis
3203 2376 3375 2432 aciem
3420 2376 3625 2431 oratio-

334 2459 739 2528 comperissem,
771 2457 958 2525 quales
981 2464 1035 2511 et
1065 2456 1160 2512 tibi
1188 2466 1377 2526 postea
1427 2456 1480 2510 in
1524 2457 1673 2511 brevi
1714 2456 1927 2511 clarue-
2028 2482 2156 2521 num
2182 2466 2413 2535 dirigant
2456 2474 2512 2521 ei
2560 2475 2806 2535 exorent,
2839 2476 2898 2522 ut
2934 2469 3203 2535 conﬁrmet
3230 2467 3325 2522 hoc
3372 2466 3623 2523 Dominus

335 2557 480 2612 runt,
510 2547 673 2601 etiam
702 2546 1005 2601 invidebam
1032 2545 1186 2611 mihi,
1217 2561 1315 2600 cur
1342 2546 1394 2599 in
1418 2546 1520 2600 hac
1543 2555 1696 2615 parte
1727 2545 1900 2601 felicio

2056 2558 2166 2612 mod
2193 2568 2434 2629 operatus
2456 2567 2532 2612 est
2558 2557 2706 2611 nobis
2735 2560 2749 2608 l
2795 2576 2810 2611 :
2842 2557 2895 2613 id
2918 2566 3019 2623 est,
3070 2566 3130 2611 ut
3172 2558 3398 2613 caritate
3426 2566 3535 2621 tua,
3568 2558 3622 2612 in

335 2645 389 2692 te
417 2635 658 2701 fuissem,
703 2642 763 2690 ut
809 2644 903 2691 tuo
946 2646 1244 2705 conspectu
1273 2644 1328 2689 et
1354 2636 1628 2690 consortio
1657 2635 1932 2703 digniores
2030 2662 2134 2716 qua
2156 2664 2298 2701 nunc
2327 2648 2741 2717 acquiescimus,
2770 2656 2825 2702 et
2852 2662 2956 2718 qua
2984 2647 3296 2716 gloriamur,
3328 2647 3382 2703 in
3410 2648 3502 2703 illa
3534 2646 3625 2703 die

335 2741 437 2795 ego
466 2727 647 2797 potius
676 2724 997 2791 obtinerem,
1046 2726 1135 2780 vel
1178 2725 1327 2795 prius
1372 2728 1727 2795 agnovissem.
1764 2725 1930 2779 Deni-
2030 2734 2411 2805 refrigeremur
2439 2745 2495 2793 ει
2520 2736 2868 2807 gaudeamus,

334 2830 460 2886 que,
493 2823 551 2869 ut
574 2815 973 2884 quamprimum
1003 2815 1105 2868 hac
1140 2829 1245 2884 qua
1293 2828 1380 2869 me
1406 2813 1623 2868 beatum
1653 2814 1931 2868 existima-
2517 2846 2847 2905 EPISTOLA
2867 2852 2897 2885 ῃ
2918 2848 3145 2905 χχνιη.

333 2907 459 2962 bam
499 2907 670 2975 gratia
719 2915 772 2961 te
801 2916 1051 2962 consorte
1079 2907 1397 2976 gauderem,
1429 2915 1485 2962 et
1524 2915 1820 2977 praesentes
1850 2908 1899 2977 (a

2056 2936 2191 3012 [ΖΙ
2233 2935 2512 3012 Victorem,
2544 2955 2637 3008 per
2661 2956 2813 3012 quem
2836 2941 3053 3012 inuicem
3081 2942 3281 2997 litteras
3310 2942 3622 3009 mittebant,

335 2998 597 3069 increpui,
623 2999 766 3067 quod
798 3014 857 3054 se
876 2998 1254 3055 familiaritatis
1283 3016 1345 3055 ac
1375 3000 1577 3054 notitiae
1603 3010 1707 3055 tua:
1735 3015 1931 3070 exper-
1967 3073 1996 3078 _
2040 2998 2294 3062 ’ἶςῖυετο
2324 2998 2521 3078 laudat,
2541 2998 2589 3060 'et
2617 2998 2752 3078 quod
2773 3011 2934 3063 serius
2959 3013 3248 3064 remittatur
3267 3021 3494 3066 excusat.
3518 2998 3624 3065 Τοί

336 3097 419 3142 tes
459 3086 792 3154 faterentur;
840 3102 1015 3157 neque
1041 3088 1333 3157 quidquam
1360 3089 1653 3145 studiosius
1680 3080 1927 3145 mandavi
1954 3073 2000 3134 C
2104 3085 2208 3157 fam
2235 3076 2525 3157 cfpt'swlap},
2558 3073 2788 3157 sensibus
2810 3082 3055 3157 etperbis
3092 3082 3431 3157 sanctissimis
3471 3085 3619 3147 lex“.

335 3175 820 3247 proﬁciscentibus,
872 3191 1033 3245 quam
1082 3179 1148 3230 ad
1175 3187 1523 3247 conspectum
1572 3186 1720 3232 tuum
1772 3194 1901 3233 comi

337 3267 655 3289 _I-_--..._--..
704 3272 1055 3289 .._A...._....-..s
1130 3274 1288 3289 .--κη
1324 3281 1643 3289 ..ι....,....-Δ
1683 3269 1895 3289 -..Α-ειη-

2101 3146 2309 3198 insertis
2364 3147 2746 3201 emblematibus
2800 3149 3156 3218 pulcherrimis
3205 3152 3268 3203 tle
3311 3151 3514 3205 Christo
3566 3146 3622 3203 ut

2098 3216 2623 3289 igne,_[undantento,
2648 3217 2835 3286 janua,
2864 3235 3013 3285 pane,
3036 3230 3132 3272 etc.
3156 3219 3227 3273 Et
3253 3222 3371 3289 quia
3402 3222 3622 3275 Severus

335 3267 658 3336 plexumque
704 3272 1079 3335 properarent,
1130 3274 1291 3335 teque
1318 3281 1648 3335 cognoscere
1677 3269 1901 3322 omnihu‘

2099 3267 2295 3355 arma
2325 3267 2542 3339 Paulini
2567 3267 2776 3354 iisiis
2800 3267 3198 3355 ’ὁοὲἰὶἱὶἆυὲὶὲιὶεῖ
3208 3267 3622 3344 amerina:

336 3360 391 3413 in
421 3358 595 3427 patria
625 3358 787 3412 rebus
808 3364 864 3411 et
891 3356 1033 3410 curis
1056 3356 1168 3411 suis
1189 3358 1552 3420 anteferrent,
1585 3367 1643 3411 ut
1662 3358 1926 3414 diutinum
2100 3354 2384 3437 losmitli‘t,
2409 3358 2797 3437 querunthalter
2835 3367 2952 3437 erat
2978 3368 3240 3437 ιφιιορ-εςτε
3274 3378 3313 3437 τιΔ
3337 3359 3411 3437 S_._
3429 3358 3621 3437 11er-

337 3453 587 3506 damnum
616 3450 718 3505 sibi
747 3450 832 3505 vel
860 3465 983 3505 sero
1020 3449 1303 3505 sarcirent.
1328 3448 1413 3515 Et,
1439 3450 1638 3519 gratias
1672 3451 1901 3507 Domino

2099 3439 2253 3491 πρίηιο
2280 3422 2351 3490 (E
2355 3422 2508 3492 p.15
2538 3424 2606 3477 ad
2630 3423 2866 3493 Paulin.)
2896 3422 3411 3481 laudata'Theodosii
3435 3428 3622 3499 Defen-

2098 3494 2197 3553 sio,
2235 3510 2389 3553 quam
2428 3494 2750 3548 intercidisse
2789 3512 2937 3550 nemo
2967 3513 3070 3551 non
3101 3499 3279 3553 dolet:
3307 3501 3442 3553 alter
3480 3516 3618 3553 vero.

336 3542 622 3613 recipimus
642 3557 737 3597 eos
764 3544 1022 3596 venientes
1044 3542 1097 3595 in
1126 3542 1469 3595 exsultatione
1497 3541 1545 3607 ἀ,
1567 3555 1902 3612 ιῐιειειιιιιηίιω

2098 3509 2197 3555 sto,
2235 3510 2389 3561 quam
2428 3507 2750 3548 interemisse
2789 3512 2937 3550 nemo
2967 3513 3070 3551 non
3101 3507 3236 3553 dolet
3260 3515 3279 3551 :
3307 3507 3442 3554 alter
3480 3516 3617 3565 uero,

2100 3565 2339 3616 natalitia
2363 3565 2594 3624 carmina
2616 3563 2679 3617 de
2700 3564 2761 3619 S.
2781 3564 2977 3621 Felice.

337 3633 517 3702 hujus,
556 3648 659 3703 qua
691 3632 845 3687 nobis
874 3632 925 3686 in
954 3640 1008 3687 te
1035 3646 1142 3701 pra:
1171 3632 1366 3685 ceteris
1409 3632 1713 3701 expetendo
1753 3633 1927 3687 credi-
2098 3652 2298 3711 sane“,
2336 3653 2489 3713 {tam
2535 3660 2592 3709 ει
2642 3654 2896 3710 unanimo
2943 3656 3295 3719 commilitoni
3332 3657 3545 3715 δεηκο

337 3724 569 3797 dissent,
610 3724 955 3786 conscientias
1001 3722 1275 3793 gaudium,
1324 3724 1477 3793 quasi
1504 3723 1843 3779 benedictum
1873 3733 1928 3779 et
2267 3700 2294 3711 ⁷
2336 3700 2376 3713 ”
2423 3700 2441 3711 ⁷
2694 3700 3295 3783 ρωωξυεῖνωσυι-ρ-ν--σ
3332 3700 3565 3726 νυν-...ν’

335 3816 544 3872 caeteris
599 3816 719 3871 vita:
768 3831 879 3870 sua:
913 3815 1170 3871 fructibus
1199 3815 1444 3870 altiorem
1497 3815 1565 3871 de
1608 3829 1736 3883 agro
1766 3815 1927 3885 pleno
2101 3822 2152 3877 1.
2196 3822 2354 3878 Redit
2383 3822 2416 3878 a'
2444 3838 2531 3879 me
2559 3824 2655 3881 tibi
2682 3823 2891 3889 Victor,
2942 3834 2998 3881 ut
3041 3827 3229 3884 redeat
3266 3844 3298 3884 a
3342 3838 3395 3885 te
3440 3814 3616 3885 mihi:

341 3908 500 3985 170
526 3909 853 3978 manipulum
882 3916 1241 3978 reportantes.
1272 3906 1417 3973 Quas
1444 3907 1519 3965 illi
1543 3908 1652 3963 Deo
1673 3910 1923 3978 primum,
2032 3913 2217 3971 Victor
2254 3928 2539 3969 commune
2584 3916 2794 3985 pignus,
2827 3924 2881 3972 et
2909 3917 3064 3975 lidele
3104 3922 3535 3988 contubernium,
3564 3932 3622 3979 et

334 4002 428 4071 qui
458 4017 566 4056 non
594 4001 767 4056 solum
796 3998 1176 4066 satiasset,sed
1198 4006 1255 4052 et
1276 4008 1584 4068 superasset
1603 3999 1925 4055 desiderium
2028 4005 2267 4059 solemne
2295 4004 2544 4060 solatium
2567 4006 2720 4061 nobis
2746 4024 2757 4059 :
2783 4007 2969 4064 Victor
2996 4011 3049 4065 in
3080 4019 3132 4067 te
3157 4027 3327 4077 meus,
3358 4023 3413 4068 et
3452 4015 3502 4068 in
3535 4031 3622 4071 me

334 4105 544 4157 eorum,
574 4098 634 4144 ut
656 4091 809 4160 plura
838 4089 889 4141 in
919 4095 974 4142 te
1001 4101 1161 4156 quam
1191 4096 1601 4156 praesumserant
1627 4090 1928 4144 invenirent
2029 4106 2153 4154 tuus
2178 4114 2190 4149 :
2223 4095 2410 4153 Victor
2450 4098 2799 4166 epistolarum
2832 4108 3137 4156 nostrarum
3172 4103 3480 4159 veredarius
3520 4120 3621 4175 pe-

337 4181 513 4236 bona?
540 4194 675 4250 quas
695 4179 868 4242 nobis,
892 4176 982 4245 qui
1013 4184 1175 4229 tantae
1210 4175 1315 4230 illis
1347 4176 1715 4245 acquisitionis
1742 4179 1761 4209 ⁸
1791 4178 1925 4234 fuis-
2027 4189 2141 4253 des,
2199 4196 2293 4244 aut
2345 4190 2571 4245 veredus
2626 4190 2805 4258 bipes;
2836 4193 3008 4247 viccoi-
3057 4194 3483 4262 longissimam."
3514 4197 3622 4251 via.

335 4284 519 4324 senius
563 4269 815 4323 autores?
852 4281 985 4336 quas
1028 4265 1407 4333 sibimetipsis,
1466 4266 1610 4333 quod
1665 4268 1819 4324 nobis
1870 4269 1901 4323 il

2050 4299 2145 4339 'um
2170 4301 2183 4350 ;
2211 4284 2348 4340 bene
2387 4283 2527 4337 idem
2557 4284 2817 4341 dicendus
2862 4286 3021 4341 simul
3046 4295 3103 4341 et
3131 4288 3304 4343 victor
3330 4296 3386 4342 et
3412 4289 3616 4357 victus;

335 4374 491 4415 suum
521 4359 727 4414 lucrum
752 4356 1074 4426 Ρθτυίδθθηῐν
1103 4355 1301 4425 ετθιίειδ
1323 4354 1598 4423 agebam?
1951 4426 2003 4445 Ἀ
2029 4377 2155 4443 quia
2204 4375 2433 4433 vincitur
2477 4375 2718 4439 caritate,
2750 4376 2823 4445 (b)
2854 4391 2958 4445 qua
2988 4377 3154 4431 vincit
3196 4379 3311 4433 vias
3353 4354 3535 4433 duras
3564 4354 3621 4434 et

405 4448 460 4503 5.
500 4445 773 4502 lneii‘abile
800 4447 931 4501 mihi
960 4453 1061 4511 est,
1089 4454 1289 4516 quanta
1312 4461 1399 4500 me
1436 4446 1713 4515 voluptate
1743 4448 1925 4518 perfu—
1951 4426 1971 4487 Ῑ

2054 4426 2155 4443 ,πη
2484 4426 2718 4439 πηγὴν-ι
2860 4426 2958 4445 ..——
3210 4426 3310 4433 --ν-
3354 4426 3514 4433 ------
3567 4426 3620 4434 --

2054 4480 2256 4533 nagnos
2285 4464 2519 4533 labores,
2546 4465 2635 4533 qui
2665 4466 2718 4518 in
2748 4465 2933 4519 sudore
2959 4467 3124 4519 vultus
3161 4469 3243 4520 sui
3281 4468 3385 4521 edit
3430 4487 3620 4538 panem

336 4539 531 4604 derint,
565 4554 689 4594 cum
718 4538 978 4593 referrent
1006 4547 1061 4593 et
1083 4548 1233 4595 actus
1278 4545 1333 4593 et
1369 4553 1645 4593 sermones
1693 4547 1833 4603 tuos,
1874 4556 1902 4595 e

2050 4572 2181 4607 suum
2204 4552 2249 4621 ’⁸,
2274 4562 2333 4609 ut
2361 4569 2460 4608 nos
2479 4553 2683 4609 reﬁciat
2710 4555 2901 4609 annuis
2929 4555 3071 4610 inter
3092 4566 3377 4626 utrumque
3409 4558 3616 4613 discur-

336 4628 637 4699 Ρθΐῖθθῑυῐιι
681 4645 778 4684 001'
817 4637 965 4685 ῑυυηὶ
1015 4629 1253 4685 Caritatis
1300 4628 1493 4683 ἀίνίιιω
1546 4628 1789 4695 ﬁdentia,
1820 4647 1927 4702 qua
2033 4646 2201 4711 sibus,
2252 4645 2430 4699 terens
2461 4643 2532 4712 (ι)
2556 4643 2853 4708 indefessus
2898 4660 2963 4699 ac
3010 4645 3251 4700 referens
3295 4649 3620 4704 commercia

336 4720 555 4774 humilis
584 4727 639 4774 εἴ
667 4721 933 4787 θκεθιδυεν
965 4737 1169 4792 Pauper
1198 4729 1253 4777 εί
1280 4721 1449 4788 dives.
1482 4737 1669 4777 servus
1697 4733 1750 4777 el
1772 4725 1925 4791 liber.
2027 4736 2347 4799 litterarum,
2380 4734 2581 4805 quibus,
2620 4743 2857 4788 mutuam
2915 4736 3278 4791 visitationem
3321 4739 3515 4793 animis
3553 4755 3620 4796 ac

337 4811 549 4865 famulis
577 4826 886 4877 conservus,
919 4813 1170 4867 fratribus
1194 4829 1399 4879 servus,
1432 4816 1755 4883 pauperibus
1779 4815 1929 4871 dives
2028 4825 2323 4881 visceribus
2368 4824 2597 4879 invicem
2643 4826 2861 4892 nostris,
2894 4834 3165 4896 tamquam
3201 4829 3427 4895 vecugal
3457 4828 3620 4887 ofﬁcii

337 4903 389 4956 in
412 4902 707 4957 visceribus
733 4902 1133 4970 misericordiae,
1155 4902 1407 4957 divitibus
1428 4920 1633 4974 pauper
1653 4907 1706 4961 in
1736 4908 1923 4975 spiritu
2028 4916 2215 4979 debiti,
2244 4915 2591 4985 pensitamus.
2643 4913 2724 4968 Sit
2769 4915 3080 4973 benedictus
3107 4917 3334 4972 Domino
3376 4934 3509 4989 puer
3531 4920 3621 4974 Vi-

338 4992 780 5058 mansuetudinis,
805 4992 1018 5047 humilis
1042 4994 1237 5048 virtute
1273 4994 1508 5064 pietatis,
1532 4997 1729 5054 arduus
1758 5004 1925 5059 subli-
2026 5014 2180 5070 ctor;
2214 5019 2389 5072 neque
2418 5003 2493 5058 illi
2517 5003 2698 5073 spinas
2725 5011 2779 5057 et
2808 5004 3030 5060 tribulos
3057 5020 3151 5060 sua
3167 5014 3309 5061 terra
3335 5009 3617 5077 parturiat,

409 5133 435 5160 ι
467 5122 643 5205 ιξξρεε
676 5139 730 5189 ιι,
764 5123 817 5189 1;
848 5124 1166 5205 Insue..t,\47_.
1245 5126 1273 5164 δ
1304 5125 1445 5205 Psal.
1478 5132 1673 5205 xn,_5.
1753 5147 1774 5174 ε
1798 5138 1995 5196 Johan.
2030 5156 2118 5203 xv,
2152 5136 2245 5201 l7;
2276 5136 2439 5190 Rom.
2473 5134 2655 5199 xm,8;
2681 5136 2698 5189 Ι
2724 5135 2914 5193 Johan.
2948 5153 3038 5203 in,
3060 5139 3149 5194 ‘25.
3223 5138 3250 5180 δ
3283 5142 3423 5198 Psal.
3457 5159 3616 5205 cxxv,

467 5167 487 5177 -
510 5167 643 5193 --..D.
677 5167 730 5189 ..ν
770 5167 817 5189 -,
848 5167 975 5179 νυν.
1014 5167 1024 5178 ,
1082 5167 1166 5180 κ-..
1304 5167 1325 5179 ι
1348 5167 1445 5182 υυιι.
1478 5167 1583 5195 λιιι,
1619 5167 1673 5187 υ.
1755 5167 1773 5174 -
1798 5167 1995 5196 cuna",
2030 5167 2118 5203 xv,
2156 5167 2207 5189 ιι
2232 5179 2245 5201 ,
2278 5167 2439 5190 suun.
2475 5167 2585 5199 tu",
2603 5167 2655 5199 υ,
2681 5167 2697 5189 ι
2724 5167 2914 5193 uulua".
2948 5167 3038 5203 Ill,
3066 5167 3149 5194 zu.
3224 5167 3249 5180 "
3284 5167 3423 5198 r531.
3457 5167 3614 5205 (λλλν,

340 5194 394 5246 6.
475 5204 495 5230 ο
520 5192 662 5273 Psalj
696 5210 825 5273 ξιιι,
849 5194 902 5247 5.
984 5194 1001 5233 ί
1035 5167 1177 5273 iisal.
1209 5214 1311 5273 sit.“
1336 5198 1385 5262 1,
1434 5214 1544 5253 see.
1566 5202 1798 5273 Psalter.
1842 5220 1995 5266 vetus
2032 5218 2088 5265 et
2116 5208 2274 5262 Rom.
2351 5216 2375 5252 ε
2406 5205 2548 5259 Psal.
2580 5221 2782 5273 cum,
2825 5206 2878 5263 5.
2957 5207 2980 5244 δ
3005 5208 3195 5265 Malae.
3228 5228 3261 5268 ι.
3292 5212 3346 5266 6.
3428 5210 3614 5266 iPsal.

340 5279 501 5328 cxxv,
533 5280 567 5317 ι.
647 5268 661 5313 t
692 5261 836 5317 Psal.
858 5280 1023 5331 van,
1054 5264 1141 5319 29.
1222 5267 1246 5304 ¹ι
1273 5261 1409 5322 Gen.
1442 5286 1525 5334 ιιι,
1556 5272 1641 5326 19.

413 5382 431 5402 ⁶
460 5379 607 5435 Alias
634 5380 688 5445 9;
713 5394 832 5449 qum
883 5388 1062 5435 autem
1103 5380 1173 5437 28
1226 5391 1362 5447 erat,
1395 5400 1536 5447 nunc
1579 5386 1667 5445 18.
1709 5390 1920 5460 Scripta
1954 5407 2095 5447 anno
2114 5389 2239 5455 402,
2269 5390 2369 5445 sub
2389 5390 2549 5444 tinem
2569 5391 2789 5445 :estatis.

413 5491 491 5561 (a)
524 5490 620 5571 .Sic
647 5507 747 5547 ms.
767 5492 916 5577 "Reg.
950 5499 1006 5546 et
1041 5492 1120 5577 sic
1157 5492 1413 5551 Paulinus
1450 5496 1504 5552 in
1548 5499 1705 5570 epist.
1752 5500 1821 5558 49
1861 5503 1929 5558 ad
2108 5500 2298 5577 (cilta
2319 5515 2428 5577 _ms.
2460 5499 2801 5577 Vien._e_ted.
2826 5503 3014 5561 Schol.
3039 5514 3094 5564 et
3116 5506 3373 5577 Latinius,
3406 5506 3613 5565 Mente

341 5558 738 5643 Ha‘cariuinmn.
766 5561 818 5627 5,
845 5558 1095 5643 increpuit
1123 5581 1283 5643 mare.
1430 5638 1442 5643 _
1581 5558 1601 5570 ’
2034 5558 2137 5627 ms‘.
2167 5558 2285 5626 Vat.
2317 5571 2369 5625 in
2398 5586 2506 5640 quo
2534 5558 2849 5643 indefessim.

411 5628 485 5700 (b)
526 5631 623 5687 Ms.
656 5632 815 5695 ΚΘΕ..
844 5628 1104 5693 ααίαζΜδ.
1130 5634 1327 5701 Vatic.,
1356 5638 1463 5708 qui.
