4006 6180
311 275 413 330 509

1647 264 1976 324 EPISTOLA
2017 263 2238 321 XXVlll.

3485 269 3590 325 311)

308 393 431 461 quia
482 391 710 460 impiger
754 396 838 445 est
868 398 914 443 ³.
948 388 1059 444 Vite
1100 387 1246 443 enim
1294 386 1372 457 (a)
1422 387 1686 456 pigrorum
1730 384 1896 453 spinis
1925 389 1970 442 Α
2003 383 2054 435 in
2106 397 2225 437 eam
2264 397 2526 447 mensam,
2569 398 2731 453 quam
2775 388 3087 454 preparavit
3118 388 3136 417 ¹
3168 385 3312 441 nobis
3342 387 3586 441 adversus

308 494 483 539 stratis
512 482 540 520 δ
568 492 712 537 sunt.
747 481 928 536 Victor
956 496 1086 536 vero
1130 487 1315 533 noster
1360 492 1466 531 non
1493 477 1621 531 dicit
1647 494 1661 528 :
1695 474 1798 529 Leo
1824 483 1903 528 est

309 576 473 628 inviis
493 585 551 640 c;
583 574 709 644 quia
732 573 805 626 ita
825 572 1053 640 simplex
1074 578 1158 625 est
1188 578 1246 624 ut
1273 567 1511 623 ambulet
1538 565 1814 621 conlidens
1834 561 1860 600 ά
1883 603 1903 633 ,

311 665 478 720 ﬁdelis
524 673 581 720 et
608 672 807 729 castus,
835 670 895 716 ut
922 679 1026 717 non
1056 664 1231 715 timeat
1256 677 1290 712 a
1331 660 1514 713 timore
1542 665 1813 717 nocturno.
1852 662 1904 709 et

311 757 479 821 iaculo
504 756 709 810 volante
732 772 825 825 per
849 755 991 808 diem
1020 763 1069 807 ε’.
1110 751 1403 821 Propterea
1432 749 1690 804 Dominus
1724 754 1905 801 custo-

309 849 385 903 dit
409 847 558 901 illui'u
589 846 642 900 in
688 845 941 900 omnibus
985 843 1086 896 viis
1113 841 1260 907 suis;
1291 849 1347 895 et
1385 837 1643 907 angelicis
1685 835 1905 890 mandat

309 937 569 1001 excubiis,
600 953 664 990 ne
684 952 900 1008 usquam
928 933 1161 1003 ofendat
1177 932 1247 985 ad
1274 931 1501 1001 lapidem
1524 928 1706 998 pedem
1731 942 1901 991 suum;

310 1045 485 1100 neque
512 1029 763 1084 mordeat
800 1027 1110 1084 calcaneum
1147 1026 1262 1095 ejus
1290 1025 1582 1081 observans
1619 1023 1824 1079 coluber
1850 1023 1907 1075 in

308 1123 386 1175 via
420 1118 466 1187 ί,
500 1134 661 1190 quem
682 1118 936 1174 calceatis
975 1117 1044 1171 ad
1079 1115 1353 1183 Evangelii
1376 1124 1402 1162 ε
1428 1128 1641 1171 cursum
1680 1112 1924 1182 pedibus'

308 1213 527 1281 impune
554 1210 785 1266 calcabit
806 1218 862 1265 et
889 1215 1157 1265 conteret.
1193 1204 1447 1261 Laudabo
1473 1204 1632 1273 igitur
1657 1211 1714 1259 et
1739 1204 1907 1259 bene-

308 1304 480 1358 dicam
511 1303 566 1356 in
593 1301 822 1355 Domino
842 1299 1074 1371 Victoris
1102 1298 1271 1353 nostri
1292 1296 1476 1367 pedes,
1500 1295 1647 1350 etde
1673 1295 1757 1351 his
1770 1309 1907 1365 quo-

308 1394 410 1461 que
431 1391 662 1464 pedibus
692 1390 903 1445 audebo
945 1388 1126 1444 dicere
1157 1406 1170 1441 :
1201 1387 1367 1455 Quam
1392 1385 1610 1457 speciosi
1635 1383 1790 1454 pedes
1818 1384 1906 1453 qui

307 1484 668 1553 cvangelisant
693 1482 824 1536 mihi
848 1495 1031 1551 pacem
1061 1477 1087 1515 ιι
1118 1478 1186 1533 de
1214 1486 1289 1541 te,
1320 1492 1443 1532 cum
1479 1474 1906 1530 incolumitatem

311 1583 475 1638 tuam,
510 1580 567 1627 et
594 1587 782 1642 pacem
813 1570 866 1625 in
896 1577 970 1639 te,
1000 1583 1123 1624 cum
1151 1567 1310 1623 tidem
1338 1575 1484 1621 tuam
1509 1564 1776 1625 nuntiant,
1810 1577 1907 1632 per

309 1680 468 1735 quam
498 1665 551 1718 in
586 1672 639 1718 te
658 1670 841 1717 manet
864 1659 1111 1716 Christus
1146 1674 1250 1729 pax
1269 1664 1457 1713 nostra
1489 1674 1503 1709 :
1525 1655 1617 1726 qui
1640 1662 1699 1709 et
1717 1653 1785 1709 de
1806 1669 1907 1709 no-

2004 492 2091 530 eos
2114 475 2201 547 qui
2222 473 2468 529 tribulunt
2489 491 2601 529 nos.
2636 475 2711 530 De
2729 492 2835 546 qua
2864 477 2992 532 dicit
3016 496 3029 531 :
3055 478 3242 533 Beatus
3269 482 3355 550 qui
3376 482 3590 534 maudu-

2004 569 2140 625 cabit
2190 586 2375 639 panem
2419 571 2481 625 in.
2514 585 2675 641 regno
2702 568 2802 625 Dei
2826 580 2850 605 κ
2877 570 3036 638 :quia
3079 569 3323 626 Christus
3353 573 3491 629 idem
3532 582 3590 628 et

2006 674 2229 727 regnum
2255 668 2312 714 et
2334 660 2489 729 panis
2517 668 2601 715 est
2643 675 2751 729 quo
2798 676 2898 715 nos
2926 662 3252 729 saginantur,
3292 670 3348 716 et
3366 677 3591 732 serpens

2007 750 2269 816 tabescit;
2292 750 2447 820 cujus
2468 749 2637 807 fames
2663 751 2684 783 ³
2712 761 2768 807 et
2781 767 2941 822 pains
2971 760 3055 807 est
3072 754 3228 808 cibus
3249 754 3372 807 vita:
3390 764 3590 811 nostra:

2005 843 2249 899 Christus
2275 842 2451 911 Jesus,
2480 844 2571 912 qui
2611 842 2783 899 factus
2810 851 2895 899 est
2917 844 3074 901 nobis
3099 844 3152 897 in
3191 858 3406 909 escam,
3438 853 3497 898 ut
3525 861 3591 899 eo

2006 953 2145 1009 pane
2174 938 2413 993 viventes
2440 946 2491 1002 1.
2518 945 2575 991 et
2600 937 2897 993 secundum
2920 952 3045 993 eum
3074 937 3433 1004 ambulantes,
3464 952 3590 1005 pos-

2006 1032 2172 1087 simus
2187 1029 2341 1099 juxta
2368 1028 2682 1098 Apostolum
2707 1028 2924 1084 dicere:
2949 1028 3150 1083 Nostra
3176 1039 3347 1083 autem
3372 1040 3589 1084 cancer-To

2006 1114 2139 1175 satio
2166 1121 2222 1175 in
2251 1119 2393 1173 satis
2418 1128 2499 1173 est
2523 1128 2566 1171 ι.
2598 1116 2732 1172 Cum
2753 1119 2896 1174 enim
2915 1134 3036 1187 quae
3063 1135 3272 1187 sursum
3294 1129 3420 1175 sunt
3446 1121 3591 1190 sapio

2008 1227 2127 1268 mus
2164 1217 2222 1267 et
2257 1209 2544 1278 querimus
2563 1217 2644 1273 ιο,
2672 1210 2872 1264 terreni
2900 1223 3021 1264 esse
3057 1210 3370 1278 desinimus,
3396 1220 3454 1265 ut
3476 1212 3591 1280 jam

2009 1318 2117 1357 non
2164 1302 2331 1357 simus
2358 1314 2480 1355 esca
2526 1300 2809 1368 serpentis,
2848 1301 2940 1369 qui
2968 1301 3201 1356 vicissim
3240 1302 3395 1356 datus
3433 1312 3509 1358 est
3535 1305 3592 1357 in

2005 1409 2177 1449 escam
2205 1392 2408 1463 populis
2434 1389 2747 1461 Ethispum
2774 1390 2858 1459 διδ,
2901 1400 2961 1446 ut
2998 1393 3067 1446 ab
3114 1393 3199 1448 his
3237 1393 3429 1448 edatur
3454 1408 3593 1462 quos

2007 1485 2138 1541 edit.
2167 1482 2493 1550 Quodnobis
2518 1497 2551 1537 e
2578 1483 2854 1538 contrario
2881 1483 3115 1538 salutare
3157 1492 3261 1549 est,
3303 1486 3392 1553 qui
3430 1486 3593 1541 Chri—

2006 1582 2148 1629 stum
2177 1573 2404 1638 edimus,
2436 1580 2491 1627 et
2518 1573 2870 1628 absorbentur
2897 1589 2928 1627 a
2960 1572 3195 1639 Christo,
3224 1574 3314 1644 qui
3342 1575 3593 1633 absorbet

2007 1663 2237 1719 mortale
2263 1670 2527 1727 nostrum,
2552 1662 2678 1731 quia
2703 1662 2928 1726 vitaest,
2962 1671 3021 1716 ut
3049 1662 3234 1717 induat
3256 1680 3357 1721 nos
3379 1666 3594 1721 immor-

310 1758 389 1812 bis
412 1757 497 1812 vel
527 1757 582 1811 in
609 1756 767 1811 nobis
792 1756 919 1827 facit
945 1764 1162 1823 utraque
1199 1769 1359 1807 unum
1398 1750 1449 1817 i;
1492 1750 1610 1805 sive
1644 1763 1751 1818 qua
1795 1746 1905 1803 duo
1935 1750 1980 1813 Β
2010 1754 2218 1809 tantum
2259 1764 2341 1822 cc,
2390 1761 2445 1809 ei
2473 1751 2777 1808 ροοῑοι-ωοε
2820 1754 3037 1822 imagini
3077 1770 3186 1809 suae
3220 1753 3381 1811 facim
3395 1756 3476 1825 dd.
3498 1759 3593 1827 qui

310 1864 493 1903 sumus
520 1848 577 1901 in
622 1846 788 1903 corde
822 1859 961 1911 uno;
991 1844 1105 1899 sive
1134 1842 1165 1896 b
1194 1858 1301 1914 qua
1330 1849 1613 1909 utramque
1652 1838 1902 1893 substan-

313 1941 437 1992 tiam
467 1937 659 1991 animat
679 1944 735 1991 et
754 1934 999 2004 corporis
1026 1948 1190 1987 unum
1221 1931 1469 1994 iacimus,
1493 1926 1763 1984 conﬂante
1803 1940 1904 1981 nos

312 2028 524 2101 Christo
554 2040 651 2095 per
679 2026 858 2094 ignem
906 2025 1061 2095 172
1102 2021 1336 2091 Spiritus
1378 2020 1487 2087 sui,
1526 2018 1595 2073 de
1638 2032 1747 2087 quo
1776 2015 1852 2071 ait
1884 2033 1897 2070 :

315 2119 492 2190 Ignem
517 2117 631 2172 veni
651 2117 851 2170 mittere
888 2117 945 2169 in
978 2123 1197 2177 terram;
1224 2120 1276 2166 et
1304 2111 1426 2177 quid
1455 2110 1560 2163 vult
1587 2109 1759 2163 bonus
1798 2105 1904 2159 Do-

313 2213 507 2280 minus,
528 2211 630 2264 nisi
658 2219 714 2262 ut
741 2207 1056 2262 accendatur
1087 2206 1101 2256 ι
1140 2206 1193 2260 in
1223 2203 1409 2266 nobis,
1446 2210 1503 2255 et
1530 2199 1795 2253 illuminet
1821 2204 1902 2250 te-

315 2303 507 2356 nebras
535 2308 770 2365 nostras,
793 2306 849 2355 et
886 2304 1105 2367 peccata
1134 2293 1453 2351 consumat?
1485 2288 1619 2355 Quia
1650 2286 1902 2343 Dominus

316 2393 451 2448 Deus
480 2402 656 2448 noster
700 2392 835 2463 ignis
864 2404 1171 2444 consumens
1197 2394 1273 2440 est
1300 2384 1349 2437 ι.
1378 2383 1601 2438 Tribuat
1640 2381 1727 2435 hic
1770 2377 1905 2433 mihi

318 2474 592 2548 Dominus,
624 2490 682 2535 ut
707 2488 764 2536 et
807 2480 862 2533 in
903 2494 990 2533 me
1012 2493 1109 2547 pro
1151 2491 1239 2532 me
1264 2473 1359 2528 liat
1396 2473 1532 2542 ignis
1558 2484 1900 2527 consumens.

321 2572 514 2626 Ardeat
537 2572 641 2626 hoc
670 2571 794 2639 igne
815 2584 910 2623 cor
934 2581 1113 2622 meum
1143 2565 1196 2620 in
1232 2564 1411 2619 lumen
1444 2570 1706 2616 aeternum
1748 2558 1900 2623 mihi,

323 2678 384 2717 ne
404 2662 593 2717 eodem
616 2660 805 2714 ardeat
832 2657 1007 2711 anima
1028 2671 1148 2710 mea
1178 2655 1233 2708 in
1253 2667 1469 2722 pinnam
1510 2663 1822 2720 perennem.
1845 2646 1905 2701 In

323 2753 418 2809 hoc
443 2753 586 2808 enim
609 2753 732 2820 igne
757 2749 1081 2805 revelabitur
1103 2746 1218 2801 dies
1237 2744 1467 2808 Domini,
1492 2750 1547 2797 et
1572 2740 1903 2810 uniuscujus-

323 2859 410 2911 que
430 2850 671 2897 nostrum
704 2857 830 2913 Opus
858 2838 1008 2911 quale
1033 2839 1120 2903 sit,
1149 2838 1284 2907 ignis
1310 2834 1547 2906 probabit
1572 2833 1617 2885 ι.

389 2935 440 2989 2.
480 2934 706 2990 Oremus
734 2934 876 2988 hunc
904 2930 1186 2986 Dominum
1206 2969 1222 2994 ,
1278 2936 1336 2981 ut
1381 2925 1575 2981 doceat
1603 2939 1701 2979 nos
1728 2921 1907 2978 facere

324 3027 622 3081 voluntates
648 3039 793 3090 suas,
823 3029 881 3078 et
904 3023 1119 3092 spiritus
1144 3020 1261 3089 ejus
1288 3018 1448 3072 bonus
1476 3015 1698 3081 deducat
1726 3030 1819 3069 nos
1846 3014 1903 3068 in

2000 1843 2149 1899 dedit
2166 1844 2324 1898 nobis
2340 1851 2665 1913 potestatem
2688 1858 2851 1913 super
2873 1858 3089 1899 omnem
3110 1846 3366 1901 virtutem
3390 1848 3592 1903 inimici

2008 1934 2161 2004 173
2214 1934 2431 2003 impune
2459 1933 2703 1989 calcandi
2737 1949 2833 2002 per
2859 1933 3103 1988 eamdem
3131 1938 3358 2003 gratiam
3384 1948 3461 2000 σο,
3484 1953 3592 2006 qua

2000 2024 2143 2079 dedit
2168 2032 2473 2102 potestatem
2492 2023 2630 2092 filios
2650 2021 2749 2077 Dei
2777 2025 2892 2093 ﬁeri
2928 2024 3252 2079 credentibus
3290 2029 3346 2080 in
3377 2031 3588 2084 nomine

1999 2116 2111 2185 ejus
2138 2113 2154 2153 ί
2168 2113 2211 2180 ί,
2236 2114 2373 2185 quod
2399 2123 2475 2168 at
2494 2130 2650 2184 supra
2679 2131 2830 2170 omne
2849 2132 3034 2169 nomen
3059 2126 3138 2170 ﬂ.
3164 2117 3223 2170 in
3248 2118 3354 2173 hoc
3377 2119 3590 2175 habite-

2002 2221 2139 2271 mus,
2180 2206 2306 2274 quia
2332 2205 2446 2273 ipse
2473 2206 2637 2259 etiam
2675 2206 2854 2259 civitas
2900 2214 2985 2260 est
3017 2222 3138 2275 quae
3178 2224 3281 2262 non
3307 2217 3474 2278 potest
3500 2210 3592 2263 ab-

2000 2296 2201 2361 scondi,
2239 2295 2365 2365 quia
2391 2311 2546 2364 super
2572 2303 2796 2349 montem
2820 2298 2990 2366 posita
3021 2295 3099 2362 ιιδ,
3128 2305 3183 2352 et
3228 2299 3378 2367 cujus
3405 2300 3592 2370 funda-

2002 2399 2177 2443 menta
2201 2396 2321 2442 sunt
2345 2389 2397 2441 in
2427 2387 2686 2442 montibus
2730 2390 2941 2442 sanctis.
2984 2387 3135 2445 Hauc
3179 2390 3451 2445 civitatem
3481 2393 3592 2461 ipse

2004 2478 2239 2551 fundavit
2257 2479 2571 2542 Altissimus,
2602 2478 2740 2533 sicut
2766 2478 3023 2548 scriptum
3050 2487 3134 2534 est
3165 2481 3290 2548 quia
3320 2481 3592 2551 Sapientia

2003 2570 2101 2624 sibi
2128 2570 2403 2639 adiﬁcavit
2428 2570 2637 2623 domum
2663 2568 2736 2621 ιι.
2766 2566 2889 2624 Haec
2910 2577 2993 2624 est
3016 2569 3206 2624 domus
3227 2570 3315 2624 illa
3335 2586 3441 2626 non
3470 2585 3593 2625 ma-

2005 2661 2237 2727 nufacta,
2272 2661 2324 2715 in
2380 2675 2485 2729 qua
2527 2661 2574 2715 si
2627 2658 2928 2716 habitemus
2976 2661 3041 2717 iis
3078 2662 3350 2731 operibus,
3400 2663 3593 2731 quibus

2005 2753 2152 2808 cives
2180 2758 2492 2806 sanctorum
2535 2750 2652 2804 ﬁeri
2705 2765 3030 2813 mereamur,
3062 2766 3171 2806 non
3200 2751 3409 2805 ardebit
3453 2766 3592 2821 opus

2007 2851 2249 2897 nostrum
2281 2842 2326 2891 tt
2356 2857 2371 2906 ;
2396 2849 2455 2895 et
2484 2840 2622 2908 ignis
2643 2840 2733 2895 ille
2759 2841 2973 2910 sapiens
3001 2849 3341 2896 transeuntes
3369 2858 3468 2897 nos
3494 2857 3593 2911 per

2006 2949 2231 2991 examen
2261 2947 2436 2995 suum,
2462 2947 2569 2987 non
2597 2946 2788 2987 severo
2816 2930 3011 2986 ardore
3032 2932 3233 2987 ambiet
3260 2933 3590 3002 puniendos;

2010 3024 2104 3078 sed
2130 3030 2190 3076 ut
2208 3020 2614 3078 commendatos
2639 3020 2937 3090 suscipiens
2953 3061 2967 3085 ,
2994 3020 3188 3075 blando
3217 3019 3419 3076 lambet
3454 3022 3591 3077 atta-

323 3117 447 3169 riam
468 3126 664 3171 rectam
691 3125 752 3179 η’,
785 3128 854 3168 ne
882 3112 1034 3167 labor
1067 3118 1252 3166 noster
1281 3108 1581 3163 inveniatur
1619 3105 1783 3173 ligna,
1826 3102 1905 3158 fe-
1932 3101 1976 3165 C
2006 3120 2097 3167 ctu
2117 3113 2161 3179 ⁵,
2192 3121 2249 3165 ιιι
2275 3110 2541 3180 possimus
2575 3108 2755 3163 dicere
2786 3126 2798 3160 :
2825 3108 3174 3162 Transivimus
3203 3126 3292 3180 per
3330 3112 3499 3181 ignem
3543 3120 3594 3167 ει

325 3224 463 3269 ιιιιιιι,
494 3205 690 3276 stipula
711 3213 762 3270 ης
793 3202 889 3259 sed
912 3202 1092 3271 potius
1120 3208 1419 3267 argentum,
1444 3210 1633 3250 aurum
1650 3236 1666 3260 ,
1698 3193 1901 3263 lapides

323 3297 535 3367 pretiosi
563 3302 620 3349 et
648 3294 753 3349 vivi
782 3291 1119 3348 inveniamur
1139 3289 1192 3343 in
1214 3287 1382 3341 muris
1402 3284 1733 3339 Hierusalem
1762 3282 1903 3337 illius

322 3386 549 3441 cmlestis
578 3393 632 3440 et
660 3383 843 3438 liberte
872 3391 921 3449 ο,
950 3396 1064 3451 qua!
1102 3378 1393 3447 wdiﬁcatur
1424 3384 1482 3428 ut
1516 3375 1724 3438 civitas,
1755 3374 1903 3442 cujus

323 3476 640 3547 participatio
661 3477 771 3547 ejus
800 3476 856 3528 in
885 3473 1107 3543 idipsum
1128 3482 1175 3525 P.
1203 3468 1371 3538 Hujus
1392 3467 1536 3523 enim
1556 3465 1788 3521 civitatis
1809 3466 1904 3518 ba-

323 3574 515 3626 hitator
542 3570 594 3624 in
627 3568 797 3623 tribus
818 3580 953 3620 unus
981 3562 1313 3627 ostenditur;
1346 3559 1487 3613 unde
1513 3557 1707 3611 dicitur
1726 3555 1903 3609 civitas

326 3662 472 3734 Regis
497 3661 697 3731 magni,
725 3658 901 3731 civitas
924 3655 1021 3709 Dei
1061 3654 1247 3721 nostri,
1280 3651 1457 3705 civitas
1506 3647 1717 3701 Domini
1744 3647 1904 3699 virtu-

324 3762 424 3806 tum
451 3769 470 3805 :
499 3768 652 3823 quam
682 3750 796 3818 ipse
819 3747 1093 3810 Dominus,
1142 3752 1202 3798 ut
1244 3742 1507 3810 scriptum
1538 3745 1637 3801 est,
1670 3735 1905 3808 fundavit

322 3842 369 3895 in
399 3852 645 3897 internum
670 3850 699 3889 ει
726 3857 739 3891 :
765 3836 918 3906 cujus
945 3835 1161 3906 quidem
1184 3831 1416 3887 civitatis
1446 3843 1553 3882 non
1581 3826 1756 3881 solum
1780 3823 1904 3878 fun-

320 3934 647 3995 damentum,
675 3927 773 3984 sed
794 3937 849 3982 et
877 3926 1039 3981 turris
1059 3932 1113 3979 et
1141 3931 1296 3994 porta
1325 3920 1496 3974 factus
1516 3929 1600 3972 est
1635 3915 1900 3971 Christus.

323 4020 732 4075 Fundamentum
757 4018 911 4080 enim,
945 4014 1136 4083 inquit,
1158 4028 1305 4066 nemo
1333 4018 1502 4080 potest
1529 4007 1672 4061 aliud
1718 4021 1907 4077 ponere

321 4130 467 4181 quam
490 4128 607 4166 eum
631 4108 723 4178 qui
750 4117 835 4164 est
864 4107 1017 4162 nobis
1056 4106 1212 4158 turris
1244 4101 1561 4175 fortitudinis
1591 4117 1623 4153 a
1654 4100 1785 4170 facie
1805 4098 1907 4152 ini-

321 4205 437 4257 mici
469 4214 490 4241 ν
520 4222 535 4255 :
565 4202 656 4270 qui
685 4200 849 4255 dicit:
876 4198 990 4270 Ego
1018 4214 1131 4253 sum
1151 4197 1320 4267 janua
1349 4196 1519 4249 ovium
1541 4202 1564 4227 ³
1598 4210 1610 4246 :
1642 4208 1790 4246 nemo
1813 4207 1906 4261 po-

321 4305 412 4349 test
435 4296 609 4350 vcnire
636 4293 707 4347 ad
736 4292 945 4347 Patrem
967 4292 1068 4344 nisi
1111 4307 1201 4361 per
1228 4304 1309 4343 me
1344 4290 1386 4341 ί.
1410 4286 1468 4342 Si
1514 4287 1674 4355 igitur
1700 4286 1756 4340 in
1803 4286 1909 4341 hoc

321 4387 506 4440 domus
534 4393 591 4440 et
626 4400 781 4438 mens
820 4394 1004 4437 nostra
1033 4379 1299 4444 fundetur,
1327 4387 1383 4434 et
1410 4378 1569 4447 digna
1598 4385 1749 4433 tanto
1782 4376 1906 4431 fun-

2003 3218 2211 3274 aquam,
2235 3210 2282 3254 et
2304 3200 2560 3254 induxisti
2586 3214 2682 3253 nos
2710 3198 2766 3253 in
2795 3200 3119 3271 refrigerium
3141 3198 3218 3253 ιιι.

2074 3293 2129 3346 5.
2169 3292 2272 3347 Sed
2295 3299 2354 3345 ut
2379 3290 2573 3346 eodem
2586 3291 2821 3346 momine
2840 3306 2948 3360 quo
2969 3292 3218 3347 inchoata
3248 3301 3331 3349 est
3362 3295 3589 3364 epistola

2008 3382 2343 3446 terminetur,
2370 3380 2439 3436 ad
2466 3380 2739 3436 Victorem
2770 3388 3010 3435 nostrum
3043 3398 3333 3450 recurram,
3360 3401 3457 3455 pro
3486 3401 3593 3455 quo

2007 3473 2412 3528 excusationem
2439 3470 2612 3527 debeo
2636 3471 2677 3524 ⁸.
2708 3467 2863 3537 Qubd
2894 3470 2961 3523 ad
3000 3479 3053 3524 te
3096 3472 3296 3525 tardius
3327 3482 3484 3542 pacto
3511 3492 3593 3530 re-

2003 3564 2099 3628 dit,
2134 3578 2201 3617 ne
2228 3563 2458 3631 imputes
2483 3560 2707 3630 pedibus
2735 3560 2869 3629 ejus,
2911 3560 3002 3627 qui
3034 3576 3139 3613 non
3176 3562 3399 3630 pigritia:
3437 3564 3590 3632 vitio,

2006 3654 2100 3709 sed
2125 3652 2448 3709 obedientia:
2492 3650 2672 3705 studio
2702 3650 2842 3719 apud
2874 3665 2972 3703 nos
3012 3649 3210 3703 diutius
3256 3652 3587 3706 restiterunt.

2008 3743 2215 3814 Reputa
2238 3751 2417 3795 tamen
2444 3748 2677 3807 tempus,
2706 3754 2814 3792 non
2842 3752 2950 3805 quo
2972 3737 3248 3792 dimissum
3289 3754 3410 3793 eum
3452 3741 3591 3796 indi-

2006 3834 2163 3900 casti,
2192 3832 2285 3887 sed
2311 3846 2421 3900 quo
2450 3828 2675 3893 misisti;
2706 3835 2760 3882 et
2791 3827 2994 3881 videbis
3021 3826 3088 3881 de
3110 3828 3303 3897 placita
3336 3830 3475 3885 inter
3492 3848 3593 3888 nos

2009 3922 2273 3980 retinendi
2294 3920 2528 3976 Victoris
2547 3916 2911 3973 vicissitudine
2956 3925 3102 3971 stare
3148 3919 3411 3973 rationem
3439 3923 3587 3976 mihi.
3668 3952 3671 3953 ν

2005 4016 2124 4071 Non
2151 4013 2295 4069 enim
2322 4011 2390 4065 ad
2409 4010 2643 4064 hiemem
2690 4006 2829 4077 apud
2878 4021 2996 4071 ηοξ,
3044 4014 3103 4059 ιιι
3144 4007 3456 4076 scripseras,
3487 4012 3593 4064 exi-

2007 4105 2237 4176 gendam
2266 4100 2468 4166 adfuit;
2499 4097 2593 4154 sed
2620 4105 2676 4151 ut
2710 4095 2959 4160 asseruit,
3008 4094 3075 4150 de
3117 4094 3468 4163 Narbonensi,
3503 4100 3593 4154 ubi

2010 4195 2160 4251 fratri
2195 4191 2582 4249 Postbumiauo
2633 4194 2965 4249 occurrerat,
3021 4186 3095 4254 (c)
3136 4187 3395 4243 remissus
3423 4188 3490 4243 ad
3516 4200 3590 4254 te,

2011 4299 2137 4344 tunc
2161 4302 2192 4341 a
2223 4293 2276 4341 te
2300 4286 2493 4339 iterum
2533 4279 2807 4352 profectus
2833 4286 2935 4346 est,
2966 4293 3088 4333 cum
3127 4277 3197 4331 ad
3239 4293 3326 4332 me
3360 4278 3596 4334 directus

2012 4376 2293 4449 pervenire
2340 4372 2625 4444 potuisset.
2679 4368 2797 4423 tam
2850 4368 3012 4437 igitur
3064 4367 3241 4422 hieme
3302 4368 3597 4425 decedente

320 4476 573 4531 damento
598 4470 1053 4544 superuaditicetur
1072 4469 1352 4540 operatio;
1385 4468 1488 4523 erit
1525 4467 1681 4527 nobis
1704 4467 1759 4521 in
1786 4466 1899 4521 adi-
1929 4470 1980 4531 Ι)
2004 4476 2333 4537 susceptum,
2353 4477 2574 4519 necesse
2600 4460 2763 4515 habui
2786 4460 2965 4514 vernis
2990 4460 3266 4513 mensibus
3305 4460 3549 4515 detinere
3581 4481 3591 4514 :

321 4577 431 4621 tum
458 4567 691 4623 civitatis
718 4580 829 4620 sum
854 4570 1010 4633 porta
1031 4564 1141 4632 ipse
1166 4562 1258 4633 qui
1281 4571 1421 4632 reget
1448 4577 1542 4617 nos
1563 4561 1620 4614 in
1642 4560 1833 4615 saacula
1855 4570 1903 4625 υ,

320 4667 374 4710 et
400 4659 455 4711 in
482 4658 606 4712 loco
625 4670 836 4725 pascua:
861 4652 1152 4709 collocabit
1170 4666 1292 4717 nos,
1309 4648 1568 4720 quosjam
1587 4665 1684 4719 per
1711 4664 1906 4718 aquam

322 4748 631 4803 refectionis
657 4747 759 4803 sibi
787 4745 973 4815 genuit
1006 4754 1053 4806 ν,
1085 4750 1142 4798 et
1154 4742 1322 4797 nutrit
1344 4742 1517 4812 epulis
1545 4743 1560 4772 ¹
1582 4742 1907 4798 salutaribus

392 4880 587 4937 'Gen.
634 4895 718 4943 ιιι,
774 4878 860 4932 18.
936 4876 964 4916 ιι
995 4876 1153 4931 Prov.
1204 4892 1289 4939 xv,
1341 4874 1430 4941 19,
1484 4888 1593 4929 sec.
1643 4874 1797 4928 LXX.
1880 4868 1900 4916 ι’

2008 4893 2116 4931 rov.
2152 4889 2291 4943 χχιι,
2349 4869 2434 4935 15,
2454 4878 2523 4943 et
2550 4883 2706 4943 xxvil
2731 4866 2815 4943 i5.

325 4970 408 5011 xc.
432 4952 487 5005 6.
566 4950 585 4988 ί
619 4937 754 5005 Gen.
790 4964 935 5015 χιιι,
985 4947 1072 5000 17.
1152 4956 1178 4993 8
1209 4937 1350 5014 Eph.
1407 4937 1595 5009 v1.15.
1646 4943 1699 5015 ηδ
1748 4945 1864 5000 Isai.
1910 4965 1915 5001 ι

2034 4946 2099 5010 7;
2155 4942 2311 5015 Rom.
2341 4937 2534 5015 Χρ-15.

1235 5004 1305 5068 ¹’1
1333 5004 1575 5079 Οοτ.ἰιι,
1612 5014 1697 5069 15.
1774 5027 1810 5052 ω
1844 5016 1912 5072 Ps

2010 5004 2153 5070 cxi."
2172 5053 2187 5075 ,
2214 5010 2280 5063 10
2303 5018 2358 5064 et
2383 5004 2609 5079 ii,_sec.
2642 5004 2879 5079 Psalter;
2897 5004 3056 5079 Rom.
3133 5004 3201 5079 ’ξι
3226 5005 3352 5079 Cor.
3386 5023 3460 5079 ιιι,
3498 5005 3601 5067 l2;

1188 5096 1213 5134 ι)
1237 5084 1379 5139 Psal.
1404 5101 1546 5148 cxxu,
1564 5074 1626 5136 ’5.
1705 5097 1728 5133 q
1755 5083 1896 5139 Psal.

2008 5102 2086 5150 VII,
2110 5082 2146 5135 ἓ
2170 5074 2225 5135 et
2245 5081 2297 5134 9.
2380 5091 2399 5118 ι’
2420 5078 2450 5150 li
2470 5077 2596 5150 Cor.
2623 5076 2779 5150 ui,_ll
2803 5093 2817 5140 ;
2848 5075 3109 5150 Psal;_ux,
3132 5074 3185 5127 4.

324 5022 348 5058 ι
384 5022 536 5075 Dent.
569 5036 641 5081 tv,
670 5018 771 5083 θὲς
806 5015 938 5072 Heb.
972 5034 1063 5079 xu,
1095 5016 1151 5070 9.

323 5093 341 5144 ι
368 5091 506 5144 Petr.
524 5105 581 5153 ιι,
604 5088 660 5143 5.
737 5099 760 5123 υ
782 5088 902 5142 Gal.
928 5103 995 5151 tv,
1021 5085 1111 5139 51.

326 5161 378 5214 7.
460 5163 476 5195 ι
500 5144 694 5213 Joban.
743 5174 850 5223 xw,
883 5155 936 5210 6.
983 5144 1039 5191 ἰι
1066 5153 1205 5210 Psal.
1238 5154 1508 5221 x1.vu,15.
1536 5144 1545 5148 ⁷
1588 5164 1612 5190 ν
1637 5152 1776 5207 Psal.
1802 5171 1928 5217 xxu,
1951 5154 2002 5206 2.
2074 5144 2110 5188 ’κ
2138 5152 2265 5205 Luc.
2286 5166 2401 5223 διν,
2546 5215 2578 5223 Ἀ
2599 5146 2834 5200 δ’]υὶιίιιι.
2867 5162 2944 5223 vi,
2970 5144 3061 5197 55.

865 5226 923 5264 δι’
945 5224 1081 5281 Gen.
1106 5242 1180 5290 ιιι,
1212 5225 1305 5285 M;
1340 5217 1479 5278 Psal.
1512 5240 1695 5286 Lxxm,
1727 5224 1811 5277 14.
1892 5234 1946 5264 cc
1972 5224 1993 5277 l
2017 5223 2142 5277 Cor.
2172 5236 2258 5284 xv,
2283 5217 2373 5290 ὃὸ..

324 5298 516 5353 Johau.
548 5314 583 5362 ι,
610 5283 703 5350 l2:
772 5307 828 5343 εκ
857 5293 1051 5362 Philip.
1084 5312 1139 5361 ιι,
1170 5283 1225 5360 9;
1248 5283 1434 5348 Matth.
1460 5292 1613 5358 v,li.
1685 5283 1749 5330 ἰλιι
1778 5293 1915 5348 Psal.

2008 5290 2215 5356 Lxxv1,l
2251 5298 2306 5343 et
2334 5287 2386 5341 5.
2470 5285 2515 5323 ίί
2556 5284 2713 5340 Prov.
2750 5300 2822 5350 Ix,
2858 5283 2906 5337 1.

325 5241 379 5267 ιι
412 5229 592 5283 Colos.
626 5244 703 5295 ιιι,
736 5227 786 5281 1.

330 5385 387 5435 ιι,
419 5368 505 5423 19.
583 5365 636 5405 ¹ι¹ι
668 5365 756 5421 Ps.
789 5382 916 5435 va,
947 5365 1035 5419 l2.

404 5506 483 5571 (a)
520 5504 608 5560 Sic
635 5474 776 5558 LXX
816 5505 1156 5573 interpretes,
1189 5502 1378 5573 Aquila
1409 5510 1463 5556 et
1502 5500 1803 5573 Theodotio
1823 5541 1835 5565 ,
1869 5509 1922 5555 et

331 5570 583 5629 Paulinus
606 5576 659 5628 in
688 5574 845 5643 epist.
875 5570 974 5643 2t,
996 5572 1062 5627 ad
1078 5570 1401 5637 Amandum,
1432 5589 1485 5625 n.
1512 5570 1566 5626 5.

404 5644 482 5713 (ιι)
521 5644 619 5699 Ms.
646 5642 821 5698 Va’tic.
856 5642 1048 5708 codex,
1080 5645 1219 5710 quia,
1250 5644 1416 5697 semel
1441 5652 1492 5697 ct
1523 5643 1736 5696 iterum.

2010 4568 2065 4616 et
2092 4557 2219 4627 quia
2238 4555 2401 4610 breve
2428 4551 2663 4620 spatium
2686 4548 2984 4613 videbatur,
3009 4546 3155 4615 quod
3187 4548 3330 4602 illico
3352 4549 3598 4602 solemni-

2015 4662 2097 4707 tas
2123 4645 2399 4702 Paschalis
2427 4641 2790 4706 concluderet,
2821 4656 2942 4695 cum
2986 4647 3039 4694 et
3084 4637 3475 4694 inﬁrmissimus
3504 4656 3599 4710 per

2015 4742 2155 4798 idem
2178 4746 2387 4803 tempus
2410 4732 2645 4795 fuissem,
2678 4738 2738 4784 ut
2766 4729 2834 4783 ad
2848 4729 3178 4784 rescribendi
3202 4732 3476 4798 negotium
3492 4746 3600 4785 non

2907 4862 2933 4902 ἀ
2960 4863 3118 4920 Prov.
3162 4882 3223 4929 Χ,
3257 4865 3310 4920 9.
3390 4876 3414 4904 ε
3459 4865 3599 4920 Psal.

2618 4944 2629 4973 ι
2670 4937 2801 5006 Eph.
2833 4952 2867 4989 ιι
2887 4933 3037 5006 ,_M.
3119 4936 3132 4985 ι
3181 4933 3320 5006 _Luc.
3370 4952 3476 4997 xu,
3510 4935 3598 5006 {9.

3266 5084 3287 5109 ⁸
3319 5075 3512 5130 Johan.
3536 5091 3602 5138 cx,

3142 5154 3162 5213 ξι
3190 5142 3393 5213 Philip.
3415 5161 3487 5208 ιιι,
3511 5143 3600 5213 ες).

2448 5215 2508 5254 σά
2541 5215 2699 5269 Rom.
2732 5231 2842 5279 VIII,
2877 5213 2968 5267 29.
3050 5222 3103 5250 ευ
3132 5212 3263 5267 Luc.
3290 5210 3345 5276 ιι,
3378 5212 3461 5266 19.
3545 5210 3599 5249 τί

2988 5283 3035 5334 ιι
3068 5281 3111 5337 ll
3141 5282 3267 5337 Cor.
3291 5298 3344 5348 v,
3378 5281 3427 5347 l;
3455 5281 3593 5353 Eph.

2103 5501 2176 5568 (c)
2215 5497 2303 5551 Sic
2332 5513 2434 5568 ms.
2461 5496 2678 5568 ch.ct
2700 5494 2825 5550 editi
2860 5494 2909 5568 1.
2935 5492 3223 5546 Verissima
3260 5490 3434 5568 lectiq.
3464 5485 3602 5539 Edit.

2025 5556 2212 5629 Iinsv.,
2244 5584 2395 5619 nunc.
2426 5567 2520 5619 Ms.
2548 5556 2731 5628 Vien.,
2774 5566 3017 5618 remissus
3047 5579 3077 5615 a
3106 5572 3172 5625 te,
3205 5570 3323 5612 tunc
3352 5556 3422 5609 ad
3449 5568 3496 5610 te
3514 5568 3601 5609 tte-

2029 5656 2137 5691 rum
2161 5640 2416 5707 profectus
2440 5647 2532 5701 est,
2562 5639 2835 5690 mendose.
