3966 6184
339 251 436 307 311

1451 239 1506 295 S.
1549 235 1822 293 PAULINI
1860 229 2109 289 NOLANI
2146 231 2449 290 EPISCOPI

3497 226 3607 280 5η

343 367 595 429 valerem,
626 363 851 434 apposui
877 361 944 417 de
970 357 1159 417 diebus
1197 358 1219 391 ‘
1263 355 1462 412 aestivis
1498 368 1678 409 moras
1706 351 1840 422 ejus,
1866 358 1925 403 ut
1955 352 2000 408 Α
2028 362 2216 404 causas
2244 364 2350 403 non
2378 345 2632 408 ediderit;
2651 344 2740 413 qui
2769 351 2825 399 et
2846 342 3178 399 scholasticis
3202 350 3259 397 et
3282 343 3607 434 satutairihus

341 466 749 524 compensarem
776 459 977 517 tecum,
1017 450 1063 504 si
1103 455 1310 502 tantum
1339 446 1392 499 in
1434 460 1501 500 eo
1534 443 1611 497 tui
1665 442 1923 511 temporis

342 557 676 612 usurparem,
717 551 976 611 quantum
1018 546 1078 592 tu
1126 538 1179 592 in
1219 535 1408 591 eodem
1448 547 1811 604 occupaveras
1856 533 1924 587 de

343 632 535 688 diebus
560 632 797 687 hibernis
820 648 833 684 :
856 630 997 685 unde
1021 629 1098 697 (α)
1124 626 1433 689 concedam,
1455 625 1501 678 si
1520 632 1777 678 autumno
1798 636 1924 692 per-

346 722 559 776 venerit
611 720 678 774 ad
712 719 1117 774 unanimitatem
1166 725 1334 780 tuam,
1382 722 1442 769 ut
1478 715 1710 769 hiemem
1738 726 1926 767 rursus

344 808 619 879 impendat
664 808 791 873 tibi;
821 806 945 876 quia
977 805 1127 861 vides
1156 806 1228 859 ita
1257 803 1456 874 placito
1484 802 1694 857 Domini
1725 816 1927 871 procu—

346 905 545 963 ratum,
594 906 653 952 ut
695 904 938 966 tempora
980 894 1281 950 communis
1310 892 1568 956 unanimi,
1606 905 1725 960 quae
1772 891 1928 945 nobis

348 993 534 1041 mutua
562 999 913 1049 cesset-amns,
970 983 1117 1039 salva
1164 982 1267 1038 flde
1316 983 1479 1053 pacti,
1536 980 1729 1050 majori
1773 981 1929 1037 istius

348 1074 636 1131 commodo
673 1082 1009 1129 mutarentur
1038 1091 1052 1127 :
1084 1087 1225 1131 nunc
1256 1072 1398 1129 enirn
1438 1079 1565 1140 apte
1608 1084 1928 1126 conversum

350 1172 435 1221 est
474 1172 535 1219 ut
563 1164 741 1219 verius
764 1160 936 1231 fieret,
962 1162 1106 1232 quod
1133 1169 1322 1218 contra
1358 1160 1610 1217 meritum
1650 1160 1930 1230 indulgens

351 1255 506 1323 mihi,
538 1263 595 1310 et
631 1255 727 1309 tibi
778 1254 1091 1323 detrahens,
1136 1255 1450 1325 scripseras.
1480 1252 1563 1309 Tu
1607 1254 1750 1310 enim
1802 1272 1932 1314 vere

352 1344 546 1415 spiritu
595 1344 806 1400 fervens
849 1344 1115 1399 salubrius
1164 1358 1289 1399 eum
1328 1344 1384 1399 in
1430 1350 1675 1414 tempore
1720 1344 1932 1415 frigoris

353 1434 521 1503 ignito
552 1432 674 1489 fidei
700 1442 805 1489 tua:
849 1432 1056 1489 fovebis
1084 1432 1264 1489 calore
1285 1441 1345 1501 ι;
1375 1442 1432 1489 at
1462 1446 1565 1503 ego
1604 1432 1826 1504 frigidus
1863 1435 1931 1491 ad

354 1527 592 1583 aestivam
622 1527 697 1581 illi
725 1526 1011 1582 stationem
1039 1526 1217 1595 aptior
1243 1540 1361 1582 ero.

424 1614 479 1670 4.
520 1615 629 1671 Sed
653 1616 856 1671 utinam
903 1614 988 1669 vel
1038 1612 1259 1683 frigidus
1297 1616 1467 1683 magis
1512 1629 1676 1685 quam
1719 1617 1933 1688 tepidus

2027 439 2217 494 litteris
2245 438 2323 506 (id
2341 448 2434 502 est,
2465 436 2865 491 humanioribus
2892 443 2949 489 et
2974 435 3141 488 sacris
3163 434 3374 489 litteris.
3421 433 3485 487 ιν.
3517 449 3606 502 ep.

2028 526 2113 591 44,
2141 545 2195 581 n.
2220 527 2276 595 1)
2297 527 2482 582 Gnece
2504 526 2656 594 juxta
2686 540 2749 579 ac
2788 524 2977 579 Latine
3016 524 3166 578 dives
3189 531 3290 586 est,
3318 538 3513 577 vereor
3539 538 3612 577 ne

2027 618 2168 687 apud
2198 619 2359 673 alium
2409 618 2460 672 in
2514 617 2597 671 his
2642 616 2949 683 regionibus
3002 613 3197 669 frustra
3246 614 3607 683 requiratuus.

2027 707 2183 774 Quod
2212 709 2256 763 si
2280 707 2644 779 pnesumtioni
2692 707 2758 760 de
2785 722 2844 761 se
2872 721 3004 761 mea:
3048 705 3388 769 satisfecerit,
3437 707 3611 776 prima

2027 798 2332 859 occasione,
2364 796 2409 851 si
2439 795 2697 851 Dominus
2724 797 2795 867 (ι’)
2832 794 3039 861 faverit,
3075 797 3435 850 transmittam
3479 812 3617 851 unn-

2029 886 2258 940 nimitati
2288 894 2392 940 tute
2422 892 2711 955 utcumque
2751 885 2881 939 mihi
2922 901 3086 955 super
3135 886 3237 957 hac
3281 887 3494 943 ratione
3519 904 3614 943 re-

2029 978 2327 1046 scripserit.

2100 1069 2155 1124 6.
2195 1070 2435 1135 lnlerim,
2487 1078 2547 1127 ut
2585 1069 2786 1139 aliquid
2815 1070 2883 1126 de
2911 1072 3194 1142 prteceptis
3223 1072 3329 1128 tuis
3356 1072 3617 1138 facerem,

2030 1162 2151 1216 misi
2177 1176 2242 1215 ex
2273 1162 2376 1227 his,
2402 1176 2521 1230 quae
2541 1170 2722 1217 metuo
2761 1177 2829 1217 ne
2856 1162 3061 1217 inertia:
3098 1164 3279 1231 potius
3300 1164 3386 1219 vel
3415 1165 3618 1235 impru-

2030 1252 2227 1307 dentia:
2256 1267 2388 1306 mea:
2415 1253 2719 1307 testimonia
2749 1253 2875 1316 sint,
2898 1269 3057 1323 quam
3079 1269 3327 1324 superna:
3348 1256 3619 1311 ministra-

2034 1342 2194 1396 tionis
2234 1342 2494 1411 insignia;
2543 1350 2636 1396 aut
2677 1350 2826 1397 certe
2857 1342 2938 1397 vel
2967 1344 3214 1397 humanae
3243 1344 3567 1399 documenta
3598 1347 3620 1378 ⁸

2031 1431 2309 1501 sapientiae
2337 1449 2349 1484 τ
2382 1431 2500 1485 misi
2526 1440 2702 1486 tamen
2747 1432 2863 1496 tibi,
2892 1432 2942 1486 id
2971 1440 3056 1486 est
3087 1432 3331 1487 commisi
3365 1448 3489 1488 meo
3519 1450 3620 1504 pe-

2031 1524 2170 1578 ctori
2197 1525 2348 1595 175
2373 1527 2394 1557 ’
2414 1539 2562 1578 meas
2591 1537 2777 1591 nugas,
2802 1541 2909 1579 non
2936 1534 2997 1578 ut
3021 1541 3210 1580 sensus
3239 1534 3359 1581 tuos
3379 1528 3622 1596 polluant

2034 1614 2271 1667 tenebrzn
2301 1628 2450 1677 meae,
2498 1612 2593 1670 sed
2633 1623 2692 1666 ut
2728 1614 2832 1667 tuis
2859 1614 3103 1669 sensibus
3123 1614 3412 1670 diluantur.
3441 1617 3622 1686 Nugas

339 1720 529 1763 ‘essem
554 1706 605 1773 δ,
647 1721 746 1762 nec
788 1705 1018 1762 Domino
1050 1720 1172 1761 meo
1207 1706 1464 1760 vomitum
1494 1707 1652 1778 174
1677 1707 1933 1779 facerem,

2049 1710 2216 1757 autem
2251 1718 2400 1757 meas
2427 1701 2495 1757 de
2514 1702 2694 1757 verbis
2721 1717 2784 1756 ac
2811 1704 3091 1758 sententiis
3118 1704 3254 1758 meis
3296 1705 3406 1760 dixi
3432 1724 3444 1759 :
3476 1717 3620 1761 cete-

355 1808 412 1854 et
434 1799 667 1868 proximi
692 1798 799 1854 mei
819 1805 1008 1852 aestum
1051 1796 1314 1851 levarem!
1346 1812 1487 1852 nunc
1504 1812 1634 1854 vero
1670 1797 1937 1858 fastidium

356 1887 537 1957 potius
554 1886 623 1942 de
645 1887 895 1942 satietate
917 1885 1023 1940 mei
1052 1883 1192 1940 facio
1219 1885 1492 1940 utentibus
1515 1893 1758 1957 tempore
1787 1888 1939 1945 inco-

356 1978 497 2032 latus
511 1977 637 2043 mei,
652 1991 754 2032 nec
773 1974 1094 2045 algentibus,
1109 1988 1209 2028 nec
1219 1975 1569 2030 mstuantibus
1583 1978 1940 2047 necessarius,

357 2065 583 2122 modice
608 2065 729 2121 fidei
755 2073 945 2136 tepore
969 2062 1326 2119 revomendus
1353 2064 1421 2118 ab
1452 2064 1536 2119 his
1570 2066 1663 2134 qui
1689 2081 1939 2137 saporem

357 2155 636 2210 societatis
661 2170 794 2209 mea:
813 2168 909 2223 spe
929 2153 1227 2209 dulcedinis
1253 2153 1511 2222 spiritalis
1523 2164 1739 2222 gustare
1766 2165 1943 2211 tenta-

358 2242 554 2297 verint.
594 2240 713 2307 Quo
742 2242 910 2309 magis
937 2241 1105 2295 miror
1144 2240 1232 2294 vel
1277 2242 1764 2310 concupiscentiam
1794 2253 1940 2299 tuam

359 2332 415 2386 in
435 2329 819 2395 desiderandis,
834 2329 921 2385 vel
947 2329 1262 2399 patientiam
1284 2328 1339 2383 in
1358 2328 1689 2399 perferendis
1710 2332 1941 2401 ineptia-

358 2436 480 2477 rum
508 2435 747 2475 mearnm
775 2419 1055 2474 molestiis.
1087 2417 1193 2473 Sed
1219 2419 1421 2473 utinam
1446 2417 1579 2473 mihi
1609 2427 1716 2473 tam
1737 2420 1939 2475 nullum

359 2512 428 2569 de
458 2511 791 2580 multiloquio
811 2519 1086 2580 peccatum
1109 2511 1183 2581 (b)
1206 2509 1427 2564 accedat
1447 2517 1495 2572 ⁸,
1517 2523 1677 2577 quam
1703 2510 1799 2565 tibi
1826 2526 1943 2565 ma-

360 2614 465 2669 gna
513 2614 721 2655 merces
758 2597 827 2654 de
870 2607 979 2653 tam
1026 2598 1337 2667 infatigabili
1367 2597 1594 2652 caritate
1620 2600 1940 2655 cumulatur.

362 2690 655 2759 Tamquam
685 2690 827 2745 enim
857 2705 964 2745 non
992 2687 1335 2756 defatigatus,
1363 2686 1458 2742 sed
1486 2687 1664 2758 potius
1700 2696 1755 2743 et
1799 2687 1944 2744 refe-

360 2789 481 2836 ctus
505 2778 668 2833 tantis
694 2778 921 2833 antehac
948 2792 1044 2847 per
1069 2777 1338 2831 Victorem
1366 2784 1609 2831 nostrum
1638 2792 1861 2832 numero
1889 2787 1946 2833 et

360 2869 517 2941 copia
540 2869 916 2935 voluminibus,
950 2868 1143 2923 iterum
1168 2866 1450 2937 postulasti
1480 2879 1578 2935 per
1597 2866 1845 2921 eumdem
1874 2866 1941 2921 li-

2042 1810 2159 1850 rum
2189 1794 2411 1849 materia
2432 1801 2641 1860 sancta,
2671 1802 2727 1848 et
2745 1802 2838 1848 tuo
2866 1794 3043 1863 potius
3064 1795 3278 1863 ingenio
3299 1796 3623 1866 eloquioque

2040 1886 2197 1955 digna
2230 1887 2300 1953 ‘°;
2328 1887 2429 1941 etsi
2459 1886 2958 1942 meissermonibus
2985 1889 3129 1943 velut
3158 1898 3275 1945 atro
3311 1890 3494 1944 habitu
3531 1906 3628 1944 νεα

2043 1979 2255 2046 stiatur,
2300 1978 2535 2047 speciem
2565 1986 2743 2032 tamen
2772 1978 2935 2033 divini
2966 1978 3199 2044 luminis,
3232 1981 3427 2035 interni
3455 1982 3622 2036 deco-

2042 2067 2136 2129 ris,
2166 2081 2489 2135 quamquam
2517 2067 2571 2121 in
2600 2081 2782 2135 egente
2807 2068 3150 2138 supellectilis
3188 2072 3391 2127 vilitate
3437 2080 3623 2127 custo-

2043 2155 2139 2209 dit.
2170 2154 2346 2211 Habes
2372 2158 2412 2187 ¹⁸
2443 2170 2572 2224 ergo
2602 2157 2812 2213 libellos
2839 2173 2870 2213 a
2899 2174 2986 2214 me
3015 2160 3168 2229 duos,
3194 2178 3355 2216 unum
3382 2164 3624 2218 versibus

2047 2245 2346 2299 natalitium
2373 2244 2441 2300 de
2468 2260 2587 2300 mea
2634 2247 2863 2302 solemni
2909 2249 2975 2303 ad
3017 2249 3405 2305 Dominmdium
3444 2269 3623 2308 meum

2044 2335 2331 2401 cantilena,
2354 2337 2441 2391 cui
2479 2351 2709 2407 corpore
2736 2352 2799 2393 ae
2824 2339 3013 2408 spiritu
3032 2341 3292 2409 quotidie,
3324 2342 3501 2411 lingua
3523 2359 3624 2412 au-

2046 2435 2154 2481 tem
2183 2427 2468 2495 quotannis
2486 2428 2698 2496 pensito
2726 2428 3091 2484 dulcissimum
3116 2432 3431 2487 voluntariae
3456 2434 3627 2488 servi-

2047 2518 2174 2573 tutis
2202 2518 2479 2583 tributum,
2512 2520 2565 2573 in
2588 2519 2675 2573 die
2702 2521 2838 2575 festo
2866 2523 3284 2577 consecrationis
3308 2524 3424 2593 ejus
3449 2527 3627 2579 immo-

2044 2609 2160 2663 lzms
2182 2608 2396 2665 Christo
2417 2610 2638 2664 hostiam
2665 2611 2854 2675 laudis,
2879 2623 2927 2665 et
2959 2614 3179 2668 reddens
3217 2610 3480 2671 Altissimo
3508 2628 3626 2673 rota

2044 2716 2157 2754 mea
2209 2698 2256 2754 ά.
2301 2698 2451 2755 Alius
2505 2701 2713 2757 libellus
2752 2718 2819 2758 ex
2858 2703 2942 2757 his
2982 2713 3064 2759 est
3099 2720 3234 2773 quos
3285 2707 3353 2761 ad
3404 2690 3627 2762 benedi-

2041 2800 2205 2856 ctum,
2237 2792 2287 2846 id
2316 2800 2417 2857 est,
2444 2792 2801 2848 Christianum
2832 2794 3025 2863 virum,
3056 2798 3281 2852 amicum
3311 2815 3489 2854 meum
3516 2799 3627 2853 En-

2044 2880 2341 2937 delechium
2373 2883 2469 2955 (V.
2519 2893 2633 2939 not.
2677 2884 2803 2957 125)
2842 2887 3116 2956 scripsisse
3171 2889 3375 2955 videor,
3402 2904 3507 2946 non
3538 2901 3626 2945 ta-

364 2959 637 3029 brigerum
655 2997 671 3023 ,
701 2966 760 3012 ut
788 2958 885 3013 tibi
912 2957 1171 3029 pluribUS,
1193 2957 1238 3012 Si
1269 2954 1341 3027 (ε)
1370 2955 1596 3027 Ροεείωι
1624 2955 1837 3026 scriptis
1858 2970 1943 3012 θεν·
2044 2986 2165 3025 men
2189 2972 2417 3027 edidisse
2444 2975 2750 3031 convincar.
2786 2954 2844 3029 vls
2871 2954 3014 3032 enim
3051 2979 3180 3033 mihi
3211 2954 3368 3035 autor
3389 2982 3546 3051 hujus
3571 2983 3625 3037 in

361 3064 476 3106 sem
496 3049 793 3104 molestior.
838 3110 841 3111 ν

430 3139 486 3194 5.
526 3138 792 3194 Praeterea
820 3147 998 3195 autem
1022 3137 1256 3208 jussisti,
1287 3136 1508 3191 nimium
1536 3137 1819 3206 opulenter
1847 3137 1942 3192 tibi

361 3227 431 3284 de
472 3242 711 3299 paupere
758 3234 850 3282 tuo
878 3227 1193 3291 blandiens,
1233 3234 1293 3280 ut
1317 3240 1437 3293 qua:
1479 3233 1531 3280 te
1558 3226 1626 3280 de
1662 3225 1943 3280 annalibus

362 3333 471 3372 non
499 3316 653 3370 unius
697 3315 892 3384 gentis,
932 3314 1029 3369 sed
1065 3315 1279 3384 generis
1307 3315 1523 3369 humani
1548 3312 1809 3383 fugerent,
1841 3329 1944 3383 ego

364 3403 613 3460 videlicet
652 3403 804 3473 quasi
832 3404 1059 3473 peritior
1085 3402 1370 3458 educerem
1399 3419 1415 3458 :
1446 3402 1541 3458 sed
1586 3403 1689 3458 sibi
1718 3403 1947 3474 imputet

363 3492 591 3557 famem,
635 3492 727 3563 qui
774 3493 1028 3563 pauperis
1066 3492 1225 3547 amici
1271 3491 1442 3547 forem
1490 3491 1586 3562 (V.
1635 3508 1804 3549 carm.
1853 3493 1942 3560 24,

364 3598 418 3637 v.
449 3581 575 3648 615,
604 3591 660 3637 et
698 3598 786 3653 ep.
832 3581 922 3649 52,
966 3598 1020 3636 n.
1056 3582 1168 3641 12.)
1192 3582 1404 3653 pulsat,
1435 3591 1490 3637 et
1519 3584 1945 3654 promptuarium

364 3675 525 3730 inane
547 3681 833 3729 scrutatur.
859 3673 1157 3743 Numquam
1180 3674 1325 3730 enim
1355 3674 1405 3727 in
1436 3675 1550 3729 habe
1581 3675 1947 3744 investiganda

364 3772 422 3819 et
473 3762 771 3832 colligenda
818 3764 949 3819 mihi
1003 3772 1317 3821 contentum
1367 3764 1601 3819 studium
1647 3762 1763 3819 fuit.
1813 3764 1947 3820 Nam

364 3855 527 3909 etiam
556 3854 610 3909 in
634 3862 878 3925 tempore
916 3856 1107 3919 veteri,
1136 3869 1245 3924 quo
1286 3855 1507 3910 videbar
1542 3857 1721 3925 legere
1749 3856 1828 3925 (ά)
1850 3870 1951 3911 nec

366 3944 610 4014 legenda,
643 3944 711 4000 ab
739 3944 1011 3999 historicis
1039 3945 1391 4014 scriptoribus
1413 3947 1782 4014 peregrinatus
1804 3963 1945 4002 sum.

366 4034 618 4089 Attamen
663 4048 804 4088 nunc
824 4032 1006 4101 operis
1058 4034 1132 4087 tui
1177 4048 1359 4088 curam
1388 4047 1600 4099 gerens,
1630 4050 1739 4104 quo
1767 4045 1821 4090 te
1849 4053 1949 4106 pro

366 4123 598 4178 utilitate
626 4122 748 4176 fidei
778 4130 975 4176 nostra:
1001 4120 1345 4190 inspiciendis
1373 4128 1428 4175 et
1446 4123 1788 4179 conferendis
1813 4142 1950 4196 pra:-

368 4212 647 4285 teritorum
676 4219 975 4280 temporum
1004 4210 1301 4265 rationibus
1339 4221 1654 4283 occupatum
1683 4215 1948 4283 indicasti,

368 4298 513 4368 quod
539 4298 608 4353 de
632 4313 722 4353 me
751 4313 858 4353 non
898 4298 1084 4367 habui,
1111 4298 1182 4354 de
1208 4297 1391 4355 fratris
1438 4304 1677 4359 unanimi
1723 4307 1950 4376 epulen-

1967 3061 2015 3125 C
2044 3059 2272 3115 Domino
2297 3062 2537 3131 opusculi
2577 3064 2703 3130 fuit,
2742 3067 2881 3121 sicut
2911 3067 3075 3136 ipsius
3100 3069 3324 3138 epistola
3345 3109 3360 3134 ,
3393 3086 3511 3141 quae
3557 3073 3625 3127 li-

2044 3152 2187 3206 bello
2217 3167 2339 3207 meo
2361 3168 2459 3222 pro
2502 3154 2741 3210 themate
2786 3152 3181 3229 praescribitur,
3208 3161 3387 3218 docet.
3430 3163 3628 3220 Fateor

2045 3250 2225 3296 autem
2253 3243 2452 3298 idcirco
2480 3259 2568 3300 me
2620 3245 2849 3302 libenter
2888 3249 3028 3305 hunc
3057 3252 3124 3306 ab
3171 3254 3344 3308 amico
3386 3254 3626 3310 laborem

2044 3331 2334 3400 recepisse,
2368 3340 2426 3386 ut
2453 3333 2506 3388 in
2556 3333 2861 3393 Theodosio
2889 3339 2984 3408 (V.
3034 3350 3147 3396 not.
3187 3341 3311 3411 126)
3360 3360 3468 3398 non
3515 3354 3624 3399 tam

2045 3419 2445 3490 imperatorem,
2476 3414 2636 3493 quam
2660 3424 2854 3483 Christi
2882 3444 3128 3494 servum;
3176 3448 3282 3486 non
3315 3433 3628 3489 dominandi

2046 3513 2317 3582 superbia,
2366 3515 2460 3569 sed
2508 3516 2807 3574 humilitate
2854 3519 3140 3575 famulandi
3186 3532 3495 3593 potentem;
3525 3541 3628 3582 nec

2046 3615 2237 3671 regno,
2260 3603 2355 3657 sed
2384 3602 2486 3659 fide
2513 3606 2828 3677 principem,
2862 3610 3224 3679 praedicarem.

2540 3714 2873 3773 EPISTOLA
2900 3721 2915 3738 '
2944 3717 3131 3775 XXIX.

2050 3796 2230 3885 Pallig
2246 3819 2275 3856 e
2301 3802 2419 3873 pilis
2441 3806 2754 3885 camelorum
2780 3820 2913 3862 recte
2942 3812 3034 3863 sibi
3054 3821 3113 3885 ut
3136 3814 3434 3885 paenitentia
3461 3824 3628 3885 egents

2118 3886 2151 3922 a
2192 3870 2379 3946 severo
2404 3876 2582 3946 missa,
2607 3877 2995 3946 interpretatur.
3046 3870 3229 3936 Eidem
3273 3893 3329 3936 ut
3370 3870 3629 3943 ἱηηόῖκνηῆ

2121 3941 2351 4017 tunicam
2372 3946 2528 4017 mittit
2550 3944 2613 4017 de
2632 3941 2881 4017 agnorum
2909 3948 3093 4004 uellere
3112 3964 3374 4008 accentum
3405 3971 3439 4008 a
3462 3941 3633 4009 Mela;

2120 4011 2232 4077 nia,
2264 4013 2410 4082 cujus
2440 4012 2618 4067 laudes
2646 4011 2759 4083 [use
2786 4020 3097 4088 exsequitur.

2119 4118 2333 4176 Βενεκο
2362 4123 2437 4193 (g)
2468 4120 2619 4178 fratri
2650 4126 2905 4182 unanimo
2925 4127 3208 4186 humus.

2121 4233 2173 4287 1.
2213 4234 2650 4301 lmmoderatam,
2684 4245 2743 4291 ut
2781 4240 3088 4309 arguimus,
3121 4242 3173 4296 in
3214 4242 3405 4299 litteris
3439 4247 3635 4301 vestris

2051 4339 2189 4379 onus
2240 4333 2484 4379 nostrum
2532 4325 2894 4396 loquentibus,
2949 4332 3250 4398 caritatem,
3299 4341 3421 4403 apta
3471 4343 3637 4405 atque

368 4387 509 4442 tiore
550 4387 802 4444 thesauro
831 4389 1027 4458 petivi;
1051 4397 1108 4444 et
1134 4389 1305 4460 ipsam
1333 4390 1757 4459 adnotationem,
1785 4412 1939 4466 quam

2052 4415 2329 4470 moderata
2384 4416 2452 4471 ad
2497 4387 2784 4472 utilitatem
2838 4429 3080 4475 nostram
3138 4387 3418 4478 munerum
3464 4387 3637 4493 grzitia

368 4477 765 4532 commonitorii
786 4477 904 4534 vice
931 4479 1155 4535 miseras
1190 4480 1382 4535 litteris
1418 4483 1552 4537 meis
1580 4483 1823 4551 inditam,
1864 4487 1946 4541 di-

368 4566 485 4621 rexi
513 4567 581 4622 ad
606 4565 877 4624 Bullinum
903 4570 1294 4641 presbyterum,
1320 4580 1519 4627 sancte
1535 4572 1607 4644 (e)
1630 4573 1945 4647 Melanispi-

370 4656 515 4711 ritali
537 4657 590 4711 in
614 4658 732 4712 via’
759 4661 1034 4725 comitem,
1063 4676 1189 4740 ve_re
1228 4670 1475 4717 sanctum
1502 4672 1558 4718 et
1594 4665 1684 4734 pie
1708 4666 1944 4735 doctum,

369 4755 425 4800 et
458 4745 529 4799 oh
558 4746 663 4800 hoc
700 4748 887 4802 intima
914 4749 1045 4805 mihi
1072 4749 1356 4807 affectione
1382 4753 1747 4823 conjunctum.
1776 4758 1835 4813 Si
1860 4762 1950 4817 ille

370 4833 487 4899 has,
510 4850 629 4905 qua:
656 4838 849 4892 merito
877 4846 931 4893 te
958 4850 1292 4909 permovent,
1322 4842 1388 4898 de
1416 4859 1677 4902 annorum
1704 4850 1819 4905 sive
1863 4868 1952 4908 re-

370 4935 597 4991 gnorum
644 4939 753 4979 non
796 4938 1125 4997 congruente
1171 4932 1413 4999 calculo,
1468 4935 1663 4993 hiantis
1709 4941 1948 5002 historia:

2050 4506 2391 4573 temperastis
2422 4524 2435 4559 :
2472 4508 2777 4563 necessario
2807 4510 2823 4540 ³
2853 4510 2994 4563 enim
3032 4513 3403 4581 peccatoribus
3431 4520 3485 4567 et
3508 4530 3632 4584 pre-

2049 4606 2171 4650 catu
2198 4596 2612 4667 deplorationis,
2641 4609 2697 4654 et
2724 4600 2907 4655 habitu
2930 4602 3289 4671 indigentibus
3307 4650 3319 4670 ,
3360 4607 3519 4677 pallia
3545 4623 3637 4662 ca-

2049 4688 2311 4743 melorum
2334 4690 2455 4760 pilis
2497 4698 2641 4745 texta
2682 4692 2930 4758 misistis;
2964 4708 3083 4762 qna:
3120 4711 3219 4751 nos
3261 4698 3314 4751 in
3344 4707 3635 4767 conSpectu

2050 4782 2307 4837 Altissimi
2341 4792 2541 4839 stratos
2566 4784 2783 4840 utilibus
2811 4787 3039 4843 stimulis
3086 4790 3456 4854 admonerent,
3507 4791 3636 4847 dum

2050 4873 2339 4942 asperitate
2379 4883 2615 4929 setarum
2656 4878 3064 4945 compungimur
3109 4878 3205 4947 (γ.
3235 4888 3348 4935 not.
3400 4880 3555 4949 127),
3580 4891 3636 4937 et

2049 4972 2395 5031 peccatorum
2425 4948 2730 5019 nostrorum
2768 4967 2994 5022 horrore
3022 4969 3331 5039 compungi,
3358 4948 3519 5042 atque
3549 4971 3636 5025 in-

444 5041 471 5070 ι
498 5032 656 5088 Rom.
690 5051 782 5102 xu,
814 5036 898 5090 11.
976 5037 1003 5076 δ
1025 5038 1192 5109 Apoc.
1227 5058 1304 5109 ut,
1335 5045 1423 5101 16.
1503 5060 1525 5089 ο
1557 5050 1714 5110 Prov.
1741 5075 1796 5125 x,
1821 5062 1907 5119 19.

2049 5072 2176 5129 Psal.
2209 5090 2351 5139 XLIX,
2388 5073 2473 5129 14.

440 5131 461 5151 ⁹
490 5126 634 5182 Alias
674 5127 773 5196 10;
813 5145 932 5200 quae
968 5140 1147 5189 autem
1189 5134 1259 5190 29
1286 5148 1423 5209 erat,
1455 5158 1594 5201 nunc
1625 5148 1713 5203 58.
1746 5151 1955 5226 Scripta
1981 5126 2514 5221 ann‘oex'eunte
2545 5174 2749 5222 testate.

441 5243 519 5311 (α)
558 5240 655 5297 Ms.
681 5242 876 5310 Vatic.,
908 5251 1148 5307 concedo.

443 5331 522 5400 (b)
556 5329 681 5386 Mss.
708 5330 837 5402 Reg.
869 5345 925 5390 et
953 5337 1128 5402 Vien.,
1158 5342 1439 5399 accederet.

443 5422 517 5488 (e)
555 5417 650 5474 Ms.
683 5420 862 5490 Vien.,
889 5442 1112 5494 possem.

445 5510 526 5576 (ἀ)
565 5509 661 5567 Ms.
692 5511 846 5567 Vieu.
877 5521 933 5567 et
957 5514 1085 5569 edit.
1113 5515 1321 5584 Schot.,
1352 5521 1677 5592 negligenda.

2054 5272 2279 5356 gfe't‘ani;
2323 5273 2513 5356 Nostra
2562 5279 2824 5356 correctio
2878 5282 3634 5356 ex___plurihu$repistolarum

2052 5341 2110 5395 S.
2135 5341 2340 5412 Paulini
2371 5344 2503 5398 locis
2530 5345 2895 5403 confirmatur.
2931 5341 3064 5407 Vide
3084 5364 3196 5409 not.
3225 5341 3349 5412 138'.

2126 5413 2193 5481 (Ῑ)
2224 5411 2321 5466 Ms.
2346 5412 2520 5477 Vien.,
2544 5417 2735 5469 siverit.

2129 5486 2204 5562 (9)
2223 5481 2803 5562 _Ms.‘Vien._Pugtinu_s
2830 5504 3003 5543 servus
3025 5490 3232 5562 Δ(ἶΙυ-ἱειὶ
3268 5494 3412 5561 Iesu,
3444 5497 3630 5555 Severo

2052 5553 2320 5636 carissimo
2349 5554 2500 5636 fratri
2530 5555 2585 5607 in
2615 5553 2721 5636 Dheo
2758 5555 2916 5636 [frure
2936 5570 2983 5613 et
3009 5559 3213 5618 Christo
3239 5563 3362 5622 Iesu
3389 5553 3627 5636 salutem,

446 5598 519 5667 (e)
548 5597 686 5656 Ante
707 5608 844 5662 erat.
867 5598 1127 5659 Metanira.
1157 5604 1236 5661 Ex
1262 5622 1361 5664 ms.
1389 5609 1519 5679 Reg.
1545 5611 1943 5671 emendavimus
2047 5597 2907 5686 éd’iii'ciﬁti;"Sé't-éioﬁuisﬁlii
