4006 6180
254 296 349 351 513

1607 281 1936 339 EPISTOLA
1976 279 2156 337 XXIX.

3400 284 3501 339 3H

251 433 329 477 tus
351 418 538 489 spiritu
564 412 804 479 conteri,
834 409 960 466 dum
997 409 1330 466 extrinsecus
1374 414 1555 461 terunt
1600 405 1806 459 habitu.
1838 405 1885 458 A
1913 412 2109 455 nostra:
2136 402 2348 457 habitus
2375 403 2688 466 innovatur,
2723 403 2799 471 (rt;
2827 417 2979 457 mens
3021 411 3200 458 nostra
3236 416 3498 472 compun-

249 512 401 566 blulta
439 514 700 578 praeterea
740 504 792 557 in
822 516 1007 557 eorum
1038 515 1157 564 usu,
1189 500 1256 553 de
1294 506 1533 552 veterum
1562 496 1817 550 recorda—

250 604 384 657 tione
410 605 739 658 sanctorum,
769 591 1163 649 conformanda:
1198 588 1319 643 ﬁdei
1348 587 1706 642 emolumenta
1727 598 1818 638 re-

248 692 497 747 feruntur.
527 685 759 741 Veniunt
798 684 854 738 in
889 689 1125 736 mentem
1169 678 1457 733 translatus
1490 676 1648 746 176
1676 673 1821 727 Elias

246 793 296 838 et
314 780 612 851 praemissus
639 774 911 829 Iohannes
941 790 955 828 :
987 786 1212 841 quorum
1244 770 1470 824 alterum
1499 764 1707 835 hispida
1735 778 1823 818 se-

247 873 307 927 tis
332 885 465 924 zona
493 868 768 934 cingebat,
812 865 1037 920 alterum
1080 863 1193 933 pili,
1243 870 1303 915 ut
1350 859 1610 928 scriptum
1658 864 1741 910 est
1769 864 1818 922 υ,

246 962 564 1019 camelorum
593 959 739 1012 hirto
776 957 1007 1024 tegmine
1044 954 1364 1010 vestiebant.
1404 948 1819 1007 Reminiscimur

246 1055 395 1108 etiam
424 1050 596 1103 David
626 1058 673 1103 et
702 1049 868 1102 omnis
898 1044 1306 1100 mansuetudinis
1331 1045 1463 1116 ejus,
1488 1058 1590 1112 qua
1619 1039 1818 1093 contri-

246 1154 341 1199 tum
360 1162 449 1198 cor
477 1154 528 1197 et
554 1142 878 1195 Itumiliatum
910 1140 1016 1195 Deo
1044 1139 1348 1209 sacriﬁcans
1378 1135 1624 1190 induebat
1662 1147 1718 1186 se
1744 1132 1821 1184 ci-

247 1237 382 1297 licio;
415 1243 469 1288 et
498 1222 759 1303 operiebat
785 1234 840 1285 in
870 1231 1071 1302 jejunio
1099 1231 1328 1283 animant
1368 1242 1515 1280 suam
1540 1224 1589 1287 δ,
1621 1232 1679 1277 ιιι
1700 1237 1819 1277 eam

248 1324 456 1395 spiritali
488 1323 768 1377 saturitate
804 1328 1136 1389 contegeret.
1184 1317 1341 1373 Unde
1377 1317 1629 1371 discimus
1658 1313 1821 1368 vesti-

248 1422 471 1469 mentum
504 1413 693 1466 anima:
722 1410 849 1465 illud
877 1425 995 1466 esse
1021 1409 1305 1478 jejunium,
1334 1422 1442 1476 quo
1482 1405 1551 1460 ab
1570 1402 1820 1459 omnibus

248 1505 349 1571 lege
368 1504 550 1558 divina
584 1502 765 1556 vetitis
792 1501 1140 1555 abstinemus.
1174 1499 1231 1554 Id
1255 1498 1398 1553 enim
1429 1504 1485 1551 et
1521 1494 1588 1549 de
1615 1495 1818 1564 primo-

248 1610 349 1649 rum
365 1601 577 1662 patrum
607 1592 985 1661 dispoliatione
1004 1590 1397 1659 cognoscimus,
1420 1588 1513 1656 qui
1534 1595 1818 1656 postquam

249 1683 307 1735 ab
331 1682 613 1736 interdicto
640 1682 761 1736 cibo
775 1682 1091 1735 destiterant
1112 1679 1379 1748 ieiunare,
1409 1678 1590 1732 nudati
1611 1686 1738 1732 sunt
1771 1690 1816 1732 ο.

1922 492 2083 557 gitur,
2115 493 2265 561 177
2299 508 2502 562 nosque
2529 494 2627 563 ipsi
2673 494 2785 547 Deo
2812 508 2911 562 per
2938 493 3295 548 interventum
3336 494 3499 563 ipsius

1922 578 2230 634 Mediatoris
2258 579 2538 637 adfuimns.
2572 582 2627 636 ln
2657 583 2847 638 eodem
2875 592 2959 638 est
2982 592 3036 638 et
3063 583 3301 640 foramen
3334 588 3460 642 illud
3482 629 3497 650 ,

1921 672 2045 740 quia
2077 688 2172 740 per
2191 672 2362 742 ipsum
2393 675 2524 729 etin
2554 676 2669 745 ipso
2698 675 2762 729 ad
2784 676 2948 729 vitam
2979 677 3066 730 via
3089 676 3177 729 illa
3205 677 3382 732 multis
3404 679 3497 732 de-

1920 760 2236 827 siderabilis,
2268 763 2454 832 paucis
2472 765 2846 833 penetrabilis;
2878 780 2974 834 per
2999 781 3159 835 quam
3190 765 3397 821 facilius
3419 768 3500 821 in-

1921 851 2159 918 greditur
2185 854 2458 909 humiliata
2490 857 2758 925 iniquitas,
2785 874 2942 928 quam
2968 861 3197 930 superba
3221 861 3428 930 jnstitia
3459 862 3499 917 ί.

1922 937 2039 1003 Quo
2060 941 2319 1011 majorem
2347 946 2499 1000 vobis
2526 956 2584 1000 ut
2611 948 2833 1003 medicis
2869 951 3197 1018 spiritalibus
3245 953 3503 1013 debemus

1920 1028 2168 1095 gratiam,
2206 1033 2296 1101 qui
2326 1034 2485 1088 etiam
2535 1037 2766 1091 carnalia
2810 1039 2963 1093 nobis
3002 1057 3224 1098 munera
3275 1046 3500 1115 spiritali

1922 1117 2151 1173 utilitate
2179 1122 2464 1190 confertis;
2498 1133 2556 1179 ut
2585 1127 2695 1181 hzcc
2724 1128 2881 1195 pallia
2927 1131 3083 1186 nobis
3120 1134 3187 1187 ad
3231 1136 3501 1189 stimulum

1921 1212 2185 1267 orationis
2212 1223 2268 1269 et
2291 1215 2533 1272 habitum
2561 1219 2896 1286 bimlilitatis,
2930 1230 3201 1292 tamquam
3230 1231 3395 1284 sterili
3421 1232 3501 1284 illi

1922 1296 2159 1355 ﬁculnea:
2179 1304 2467 1373 cophinum
2497 1309 2750 1363 stercoris
2776 1311 3026 1369 miseritis
3059 1316 3102 1367 J.
3150 1315 3207 1370 ln
3236 1333 3343 1385 quo
3372 1323 3500 1376 mibi

1922 1388 2131 1444 videtur
2158 1402 2356 1448 aeterna
2386 1396 2487 1465 pia:
2511 1397 2823 1454 humilitatis
2848 1401 3048 1457 utilitas
3076 1404 3335 1472 indicari,
3383 1426 3501 1479 quas

1920 1479 2157 1533 sterilem
2198 1481 2450 1539 fecundat
2487 1486 2747 1551 animam,
2780 1502 2848 1541 ne
2870 1504 2966 1557 per
2996 1506 3216 1547 vacuam
3247 1512 3497 1566 arrogan-

1922 1568 2008 1622 tiae
2029 1571 2264 1638 speciem
2292 1575 2393 1629 sibi
2417 1574 2569 1643 juxta
2593 1576 2738 1630 illum
2761 1577 3087 1634 Phariszeum
3117 1581 3142 1620 ¹ι
3172 1585 3386 1654 placens
3413 1604 3499 1642 vc-

1921 1660 2001 1717 lut
2028 1666 2189 1722 arbor
2227 1668 2412 1724 infelix
2439 1668 2698 1738 frugibus,
2750 1670 2924 1725 inutili
2967 1673 3154 1729 fronde
3193 1676 3430 1733 luxuriet
3457 1679 3498 1735 ι.

249 1771 339 1826 sed
364 1780 417 1826 et
445 1772 711 1841 propheta
735 1772 849 1841 ipse
871 1786 969 1824 nos
989 1769 1149 1825 docet
1175 1769 1318 1838 qua“
1342 1767 1547 1836 jejunio
1579 1767 1813 1821 animam
1845 1758 1892 1817 B
1918 1753 2086 1819 Quam
2116 1756 2315 1813 bonum
2345 1767 2523 1815 autem
2561 1768 2617 1815 et
2646 1761 2773 1816 utile
2811 1763 2876 1817 ad
2906 1766 3171 1821 culturam
3193 1769 3380 1825 salutis
3409 1771 3497 1826 hn-

250 1878 378 1917 suam
404 1878 436 1916 a
460 1862 793 1917 confusionis
842 1861 1083 1916 nuditate
1126 1860 1375 1914 municrit
1398 1899 1413 1923 ,
1456 1875 1577 1915 cum
1606 1861 1683 1914 ait
1711 1860 1817 1914 Do-

251 1957 411 2009 mino:
446 1955 526 2008 Ab
556 1956 700 2010 omni
738 1956 820 2010 via
862 1957 1000 2009 mata
1038 1955 1278 2026 prohibui
1322 1955 1503 2025 pedem
1543 1972 1729 2017 meum,
1760 1967 1816 2010 ut

253 2044 526 2097 custodiam
555 2045 757 2099 verbum
782 2054 921 2099 tuum
948 2045 997 2099 ἀ.

306 2158 354 2213 2.
392 2158 473 2213 Εχ
507 2159 611 2215 hoc
637 2159 827 2214 eodem
861 2162 1097 2216 muneris
1120 2162 1282 2216 vestri
1321 2162 1513 2217 lanicio
1541 2172 1596 2217 et
1618 2161 1695 2227 (a)
1728 2161 1813 2215 illa

252 2247 382 2302 nobis
405 2248 476 2303 de
504 2246 791 2317 Evangelio
811 2250 1033 2303 camelus
1054 2251 1330 2318 ingeritur,
1353 2266 1472 2320 qua:
1493 2253 1699 2320 [acilius
1724 2269 1816 2323 per

251 2342 479 2407 {orantem
537 2356 661 2392 acus
703 2341 908 2405 transit,
935 2358 1086 2412 quam
1121 2341 1259 2395 dives
1312 2344 1367 2395 in
1415 2359 1626 2413 regnum
1670 2344 1816 2397 caelo—

252 2443 347 2479 rum
373 2438 417 2481 ο.
440 2426 523 2480 Ex
545 2442 654 2496 quo
694 2436 904 2483 nostras
943 2428 1155 2483 divitias
1185 2445 1303 2498 qua:
1332 2446 1474 2487 nunc
1498 2432 1549 2486 in
1581 2436 1814 2501 peccatis

250 2523 433 2569 tantum
473 2524 733 2583 manent,
764 2518 1093 2586 cogitantes,
1119 2520 1243 2587 quia
1266 2520 1465 2575 similes
1493 2522 1683 2577 divinis
1712 2525 1815 2579 illis

252 2604 360 2657 viris
385 2606 613 2659 virtutes
642 2604 895 2660 affectare
937 2624 1040 2662 non
1080 2624 1383 2677 possumus,
1437 2612 1578 2666 illius
1624 2617 1811 2671 saltem

250 2692 383 2747 nobis
409 2694 639 2760 gratiam
681 2694 948 2764 publicani
997 2696 1239 2767 cupimus
1282 2702 1586 2769 provenire,
1625 2707 1714 2773 qui
1759 2708 1811 2763 in

249 2780 390 2834 corde
416 2780 621 2837 detrito
650 2785 997 2855 semetipsum
1026 2801 1283 2843 accusans
1328 2790 1461 2858 Deo,
1516 2803 1572 2849 et
1625 2805 1812 2865 pectus

246 2867 480 2925 afﬂictum
514 2874 704 2927 crebra
733 2889 894 2929 manu
916 2876 1163 2945 tundens,
1186 2885 1240 2931 et
1266 2881 1451 2935 oculos
1471 2886 1811 2941 conscientia:

246 2958 428 3026 pudore
454 2960 747 3030 depressos
774 2963 828 3017 in
858 2965 1049 3020 caelum
1072 2966 1249 3021 levare
1278 2985 1385 3023 non
1419 2973 1621 3029 audens
1653 2976 1695 3042 τ,
1713 2979 1811 3033 ini-

245 3049 425 3116 quitate
448 3051 544 3104 illa
571 3052 826 3107 vitiorum
873 3056 1034 3111 dorso
1070 3059 1262 3112 cameli
1291 3062 1504 3128 :emula,
1546 3064 1620 3119 ita
1667 3084 1725 3123 se
1754 3069 1805 3123 in

244 3136 585 3193 humilitatem
611 3141 848 3196 debitam
872 3144 1117 3210 strinxit,
1150 3155 1205 3200 et
1232 3149 1594 3218 resipiscentis
1619 3156 1808 3212 animm

241 3227 658 3296 complanatione
682 3230 897 3298 direxit,
926 3240 983 3285 ut
1022 3248 1080 3288 se
1117 3232 1362 3309 foramini
1392 3254 1536 3305 acus,
1564 3242 1666 3298 hoc
1703 3255 1806 3314 est,

237 3314 322 3368 viae
348 3317 495 3370 verbi
518 3318 602 3371 vel
644 3320 837 3383 crucis,
869 3336 989 3389 qua:
1017 3331 1161 3377 arcto
1188 3327 1207 3355 '
1230 3328 1436 3382 tramite
1466 3330 1606 3385 ducit
1638 3334 1706 3386 ad
1735 3337 1808 3389 vi-

238 3411 327 3455 tam
348 3414 391 3467 ε,
420 3405 727 3460 divinarum
768 3410 980 3479 aurium
1020 3421 1331 3481 penetrator
1358 3416 1637 3474 insereret.
1671 3420 1807 3476 Ora-

234 3493 294 3546 tio
339 3496 503 3563 enim,
562 3496 754 3566 inquit,
806 3499 1127 3556 humiliantis
1165 3519 1237 3569 se,
1284 3503 1441 3559 nubes
1468 3518 1705 3577 penetrat
1729 3510 1751 3547 δ
1788 3529 1801 3566 :

232 3596 325 3650 quo
357 3593 550 3639 contra
578 3586 598 3617 ³
628 3587 717 3641 ille
750 3587 1019 3657 jactantia:
1045 3607 1153 3647 suae
1179 3594 1367 3664 spiritu
1412 3595 1563 3651 dives
1614 3596 1805 3654 Phari-

231 3684 367 3737 teus,
388 3675 481 3744 qui
513 3676 592 3745 (b)
620 3675 970 3747 imputatione
990 3695 1211 3751 operum
1239 3683 1560 3750 debitorum,
1584 3688 1706 3754 quia
1738 3703 1803 3742 ex

234 3760 336 3829 lege
382 3766 649 3834 operandi
695 3768 906 3824 debitor
926 3780 1061 3837 erat,
1107 3780 1282 3829 tamen
1319 3778 1473 3845 quasi
1501 3779 1803 3835 voluntaria

229 3850 425 3908 fecisset
463 3871 633 3925 supra
682 3857 942 3929 debitum,
993 3864 1313 3933 praedicator
1366 3870 1469 3933 sui,
1522 3879 1805 3925 accusator

227 3938 388 4002 alieni,
414 3945 508 4013 qui
537 3948 857 4003 conveniret
884 3952 1049 4019 magis
1076 3952 1242 4008 Deum
1270 3970 1430 4023 quam
1455 3968 1690 4029 rogaret,
1722 3961 1803 4015 in-

226 4034 352 4084 trare
379 4048 486 4087 non
536 4036 712 4104 potuit
744 4054 756 4090 :
787 4040 909 4108 quia
950 4042 1349 4101 subsarcinatos
1385 4057 1530 4102 arcta
1578 4066 1683 4105 non
1713 4067 1802 4106 ca-

224 4116 378 4184 piunt.
410 4120 525 4178 Nec
558 4134 772 4193 poterat
790 4142 857 4182 eo
879 4130 1042 4199 recipi
1058 4130 1164 4184 lata
1188 4130 1463 4200 jactantia,
1486 4151 1595 4205 quo
1619 4154 1677 4193 se
1704 4140 1802 4193 hu-

222 4206 403 4264 militas
448 4222 685 4280 angusta
740 4217 975 4286 collegit,
1026 4228 1082 4273 et
1130 4221 1204 4290 (c)
1245 4232 1475 4291 angusto
1526 4230 1803 4296 angustior

222 4302 423 4355 contriti
454 4303 643 4358 cordis
662 4306 904 4362 exilitate
931 4311 1253 4377 penetravit.

278 4386 327 4440 5.
366 4389 743 4449 lnterveniant
769 4398 1041 4454 orationes
1067 4406 1192 4468 tuae,
1232 4410 1292 4456 ut
1341 4406 1574 4462 animam
1621 4423 1796 4465 meam

1914 1842 2148 1913 jusmodi
2173 1855 2380 1904 stercus
2397 1850 2483 1914 sit,
2499 1850 2752 1906 docemur
2773 1852 2824 1905 in
2845 1852 3004 1907 beato
3022 1855 3125 1911 Job
3153 1868 3214 1925 ιη,
3236 1861 3327 1927 qui
3353 1872 3498 1931 post.

1918 1950 2077 2003 quam
2104 1939 2243 1994 sedit
2271 1940 2323 1994 in
2353 1949 2611 2009 stercore,
2642 1944 2834 1997 tentari
2869 1944 3091 2002 destitit.
3124 1949 3501 2012 Consumserat

1918 2025 2062 2080 enim
2090 2030 2371 2083 tentatoris
2392 2030 2642 2085 invidiam
2674 2031 2971 2088 humilitate
2995 2036 3253 2104 perfecta,
3277 2056 3396 2110 qua:
3423 2041 3498 2097 fa-

1920 2114 2072 2187 cilius
2094 2130 2311 2184 surgere
2335 2133 2493 2186 quam
2507 2118 2664 2187 dejici
2688 2128 2884 2188 potest.
2909 2121 3041 2189 Quia
3065 2125 3115 2179 in
3141 2126 3266 2182 timo
3290 2130 3500 2197 sedens,

1919 2205 2061 2259 unde
2080 2207 2239 2261 cadat
2266 2223 2373 2261 non
2401 2208 2589 2273 habet;
2637 2211 2729 2265 sed
2774 2211 2937 2266 habet
2964 2214 2985 2244 °
3010 2214 3151 2269 unde
3192 2230 3500 2287 consurgat,

1919 2311 2016 2366 per
2040 2312 2163 2351 eum
2202 2298 2292 2367 qui
2336 2300 2552 2352 suscitat
2576 2302 2641 2354 de
2683 2312 2820 2356 terra
2858 2304 3080 2375 inapem,
3106 2315 3154 2359 et
3183 2308 3244 2362 de
3281 2319 3501 2365 stercore

1917 2386 2070 2457 erigit
2105 2404 2379 2457 pauperem
2408 2397 2456 2451 ιι,
2489 2398 2546 2443 et
2576 2390 2625 2443 in
2664 2400 2901 2448 stercora
2946 2396 3137 2465 redigit
3163 2400 3423 2466 superbos
3454 2411 3499 2469 ο,
3554 2432 3557 2437 -

1917 2477 2037 2547 quia
2057 2479 2242 2542 omnis,
2269 2487 2326 2532 ut
2352 2480 2607 2549 scriptum
2631 2491 2729 2543 est,
2755 2485 2997 2554 superbus
3018 2489 3307 2542 immundus
3328 2508 3499 2545 coram

1918 2566 2066 2621 Deo:
2099 2575 2153 2622 et
2173 2567 2294 2623 ideo
2327 2568 2526 2637 justior
2553 2572 2693 2641 apud
2725 2573 2890 2628 Deum
2940 2576 3027 2630 ille
3066 2586 3348 2633 accusator
3395 2580 3498 2633 ini-

1916 2657 2136 2725 quitatis
2163 2674 2302 2725 suae,
2334 2676 2493 2730 quam
2524 2662 2611 2716 ille
2634 2662 2854 2731 justitiaa
2892 2666 3229 2734 praedicator.
3260 2669 3354 2725 Ille
3382 2671 3499 2726 lau~

1916 2747 2094 2803 dando
2123 2764 2181 2803 se
2201 2752 2486 2817 accusavit,
2519 2753 2607 2808 hic
2633 2756 2934 2811 accusando
2959 2756 3216 2813 defendit.

1985 2860 2038 2914 4.
2070 2860 2134 2913 Ει
2164 2862 2283 2917 ideo
2328 2864 2456 2918 nihil
2506 2866 2660 2920 nobis
2704 2867 2772 2920 de
2812 2868 3010 2921 nostris
3055 2872 3307 2938 operibus
3344 2874 3498 2928 blan-

1914 2950 2142 3018 dientes,
2170 2968 2383 3023 semper
2404 2957 2459 3008 in
2488 2972 2669 3009 manus
2689 2957 2801 3025 ejus
2828 2961 3233 3015 commendemus
3259 2965 3495 3033 spiritum

1917 3053 2145 3098 nostrum
2177 3055 2221 3107 P,
2255 3047 2496 3116 quoniam
2517 3047 2652 3115 apud
2671 3048 2837 3117 ipsum
2857 3056 2933 3102 est
2954 3051 3073 3120 fons
3097 3052 3212 3104 vitm
3227 3063 3274 3105 ιι.
3303 3054 3385 3107 Ab
3404 3055 3494 3108 illo

1912 3134 2239 3189 intellectum
2254 3135 2459 3190 itineris
2475 3137 2643 3191 nostri
2657 3146 2931 3206 petamus,
2953 3142 3252 3207 quoniama
3272 3142 3494 3200 Domino

1908 3244 2112 3297 gressus
2159 3228 2378 3282 hominis
2424 3228 2716 3299 diriguntur
2746 3241 2788 3283 τ.
2840 3230 2947 3286 Sed
2990 3240 3044 3286 et
3070 3233 3115 3289 si
3149 3238 3494 3303 potuerimus

1908 3319 2156 3374 mandata
2185 3319 2300 3388 ejus
2327 3321 2423 3388 per
2442 3320 2605 3390 ipsius
2647 3338 2807 3392 opem
2844 3324 3041 3390 facere,
3072 3341 3295 3382 necesse
3324 3328 3493 3384 babe-

1906 3426 2026 3466 mus
2048 3411 2127 3465 sic
2152 3426 2367 3480 quoque
2411 3412 2751 3467 inutilitatem
2796 3421 3032 3469 nostram
3071 3415 3227 3471 fateri
3260 3427 3282 3455 ε
3317 3436 3331 3472 :
3362 3421 3489 3489 quia

1907 3503 2171 3572 imputare
2199 3519 2306 3558 non
2335 3519 2618 3572 possumus
2662 3505 2896 3559 debitam
2934 3508 3268 3571 servitutem,
3291 3511 3334 3564 si
3366 3519 3489 3565 tan-

1906 3603 2018 3649 tum
2046 3604 2312 3665 prmeepta
2334 3596 2610 3652 faciamus.
2637 3597 2843 3652 inutilis
2870 3599 3010 3652 enim
3041 3608 3097 3653 et
3123 3615 3353 3668 nequam
3373 3619 3491 3655 ser-

1903 3703 2002 3742 vus
2030 3696 2130 3753 est,
2156 3689 2247 3756 qui
2284 3688 2409 3742 nihil
2440 3688 2506 3741 ad
2532 3689 2904 3743 necessitatem
2932 3690 3096 3743 debiti
3128 3693 3365 3746 muneris
3392 3709 3489 3747 vo-

1903 3778 2139 3832 luntario
2166 3777 2316 3831 addit
2344 3777 2557 3842 affectu,
2586 3792 2691 3831 non
2732 3777 3010 3831 habiturus
3038 3779 3179 3833 unde
3208 3783 3485 3849 praemium

1903 3876 2103 3937 speret,
2116 3867 2161 3921 si
2177 3874 2383 3920 tantum
2404 3866 2726 3921 conditionis
2740 3866 2916 3921 officia
2930 3866 3268 3936 dependcrit.
3289 3869 3487 3936 Quam-

1902 3958 2086 4012 obrem
2133 3955 2297 4010 etiam
2351 3954 2599 4009 mandata
2646 3956 3018 4024 complentes,
3084 3963 3144 4011 ut
3189 3973 3332 4027 saepe
3388 3961 3483 4015 tibi

1901 4048 2096 4111 scribo,
2132 4046 2434 4110 timeamus,
2461 4059 2673 4113 semper
2701 4044 2944 4099 dicentes
2978 4045 3205 4102 Domino
3240 4065 3252 4100 :
3286 4047 3371 4100 Ne
3396 4051 3482 4103 in-

1903 4147 2005 4191 tres
2026 4139 2081 4191 in
2104 4137 2363 4208 judicium
2397 4152 2514 4188 cum
2542 4152 2684 4189 servo
2715 4144 2824 4201 tuo,
2851 4136 2972 4203 quia
2995 4153 3097 4190 non
3115 4137 3486 4208 justiﬁcabitur

1899 4231 1954 4284 in
1975 4238 2248 4300 conspectu
2273 4237 2355 4281 tuo
2384 4224 2553 4282 omnis
2588 4229 2603 4264 ι
2636 4229 2823 4282 virens.
2857 4227 3062 4283 Poterit
3081 4246 3180 4285 nos
3201 4232 3284 4284 vel
3310 4232 3486 4286 humi-

1900 4323 2026 4377 litas
2048 4320 2402 4376 confessionis
2432 4334 2673 4374 asserere
2699 4321 2852 4388 quasi
2903 4320 3177 4376 modestos
3215 4321 3354 4390 apud
3382 4322 3483 4377 bo-

1901 4427 2030 4467 num
2060 4410 2343 4465 Dominum
2391 4412 2434 4474 ⁶,
2458 4425 2593 4477 quos
2623 4410 3002 4466 commendare
3050 4428 3156 4467 non
3199 4413 3398 4482 poterit
3428 4420 3487 4468 ut

220 4479 367 4533 multa
391 4485 750 4553 corruptione
777 4486 1054 4543 discissam
1083 4490 1123 4556 ⁸,
1150 4500 1205 4546 et
1223 4494 1388 4563 spinis
1410 4512 1651 4554 meorum
1673 4517 1799 4557 sen—
1834 4471 1875 4527 ί)
1903 4505 2123 4573 ignavos
2173 4510 2404 4557 strenua:
2439 4502 2709 4555 servitutis
2752 4502 2972 4557 utilitas.
3013 4502 3147 4557 Nam
3189 4513 3245 4558 et
3278 4504 3486 4560 Ninivi-

218 4582 356 4624 suum
388 4580 605 4629 temere
631 4586 965 4645 consertam,
999 4580 1286 4639 Dominum
1331 4590 1504 4643 crucis
1540 4607 1668 4649 acus
1714 4595 1797 4648 in-

218 4668 346 4713 serto
374 4664 534 4717 verbi
561 4665 811 4721 salutaris
851 4668 939 4722 [ilo
966 4670 1181 4727 sarciat.
1213 4673 1396 4730 Fidem
1421 4680 1563 4733 enim
1598 4691 1653 4737 et
1674 4700 1796 4739 ver-

220 4746 331 4805 bum
366 4756 554 4810 crucis
599 4755 796 4812 Christi
843 4759 983 4814 hanc
1033 4762 1268 4818 arbitror
1314 4781 1490 4833 acum,
1541 4788 1644 4843 qua
1674 4776 1796 4832 vita:

278 4920 299 4946 "
330 4912 395 4965 IV
430 4913 475 4966 ιι

219 4994 399 5055 cxym,
435 4984 565 5037 lOl.
644 4996 667 5020 ε
695 4986 882 5040 Matth.
911 5004 1029 5053 χιχ,
1075 4987 1186 5054 24ς
1231 4984 1402 5046 Marc.
1445 5011 1498 5055 χ,
1546 4995 1633 5049 25'.

223 5047 429 5131 i)Iatnth.
463 5070 569 5131 vn“,
592 5055 675 5131 14.
755 5055 769 5106 i
808 5056 935 5131 Luc.
971 5047 1080 5131 χιιι,
1112 5047 1185 5131 8ξ
1245 5058 1270 5097 ι
1301 5059 1432 5118 Luc.
1460 5047 1732 5131 xvm,il.

220 5131 291 5195 ξι..
329 5121 405 5195 6._
466 5136 494 5172 P
529 5121 672 5180 Psal.
702 5143 829 5195 χχχ,
854 5127 908 5180 6.
985 5140 1011 5178 ιι
1036 5127 1183 5182 Psal.
1227 5146 1391 5195 xxxv,
1424 5132 1511 5186 i0.

216 5186 261 5241 2.
331 5200 356 5227 ιι
377 5191 542 5248 Jona:
570 5210 645 5260 ιιι,
683 5194 778 5259 10;
807 5186 993 5252 Matth.
1027 5214 1122 5265 xu,
1150 5197 1256 5266 4|;
1298 5186 1429 5257 Luc.
1463 5218 1535 5265 χι,
1559 5186 1648 5259 52.

277 5372 351 5442 (a)
388 5372 485 5427 Sic
516 5389 706 5455 omnes
728 5376 960 5455 codices,
992 5387 1188 5455 praeter
1209 5380 1569 5438 Viennensem
1593 5385 1647 5439 in
1675 5397 1801 5455 quo,

215 5440 352 5520 ille...
362 5482 375 5495 .
389 5443 648 5520 _(_:am_e_l_us
667 5440 1061 5520 ingeritur,

276 5510 349 5576 ib)
388 5511 493 5566 Ms.
523 5511 703 5580 Vien.,
723 5510 1130 5594 computatione.
1160 5519 1299 5594 vera
1330 5523 1489 5579 lectio
1527 5540 1685 5594 quam
1715 5539 1802 5579 re-

217 5578 459 5662 tinemus.
480 5578 714 5662 quaeque
734 5578 1080 5662 conﬁrmatur
1101 5605 1162 5662 η,
1187 5589 1240 5653 Δ,
1270 5578 1527 5662 imputare
1542 5578 1663 5662 Iners
1694 5578 1810 5651 uos-

220 5664 372 5705 sum
404 5651 639 5707 debitam
658 5657 978 5721 servitutem;
1006 5666 1060 5714 et
1080 5651 1238 5729 epist.
1266 5651 1356 5719 5οξ
1387 5679 1532 5716 num.
1569 5661 1623 5727 ὃ,
1657 5682 1808 5721 auum

559 4954 572 4966 .
606 4930 645 4977 ι,
675 4915 939 4991 8_;_Ma_tth.
978 4935 1053 4982 ιιι,
1082 4918 1147 4991 ές
1178 4919 1342 4991 Marc.
1372 4938 1407 4987 ι,
1440 4922 1494 4977 6.
1568 4924 1595 4964 ι)
1627 4925 1713 4983 Ps.
1740 4946 1808 4983 cx

1914 4969 1927 4991 ,
1952 4928 2010 4991 l;
2041 4944 2091 4991 ι,
2124 4926 2211 4988 l9;
2245 4941 2426 4989 vam,
2462 4924 2555 4991 ll;
2590 4942 2733 4991 χχχι,
2766 4925 2816 4979 l.

1393 4963 1407 5042 Τ
1441 4963 1498 5055 Ξῖ
1546 4963 1648 5049 έδΪ
1670 4963 1808 5051 “rbi

1914 4969 1927 4994 ’
1958 4963 2107 5060 ἓιῖνιῖἶ,
2133 4963 2564 5048 ’ἷὲῗἹἭειῖἱιιῖ
2590 4963 2733 5060 “313':
2770 4963 2874 5048 ’ξι
2943 4963 3179 5051 ἴΐὲὲῑέἷ
3205 4963 3364 5060 id“,
3398 4963 3485 5051 ei:

1900 4606 1969 4651 tre
2000 4595 2233 4666 probant
2252 4603 2506 4662 quantum
2550 4594 2689 4663 apud
2716 4594 2948 4648 divinam
2978 4595 3319 4649 clementiam
3355 4612 3485 4667 pec.
3519 4674 3525 4681 ἱ

1898 4685 2069 4741 catori
2098 4683 2392 4738 remedium
2422 4683 2556 4747 sit",
2578 4691 2638 4736 ut
2662 4682 2760 4736 sibi
2784 4683 2897 4751 ipse
2923 4699 3029 4737 non
3060 4692 3284 4752 parcat;
3316 4700 3479 4752 quanc

1896 4774 2181 4845 doquidem
2202 4772 2456 4843 suffragio
2478 4774 2807 4843 pumitentiaz
2835 4773 3168 4828 reconciliati
3210 4775 3344 4839 Deo,
3369 4792 3487 4831 me-

2896 4937 2917 4966 ε
2942 4926 3075 4981 Gen.
3101 4943 3179 4993 ιιι,
3210 4926 3262 4979 7.
3340 4926 3366 4963 ά
3397 4926 3486 4982 Ps.

1818 5068 1831 5104 ι
1868 5068 2055 5122 Matth.
2079 5081 2187 5131 χχι,
2211 5064 2297 5119 19.
2373 5076 2409 5101 η’
2440 5063 2559 5120 Job.
2584 5081 2638 5128 ιι,
2672 5066 2725 5119 8.
2800 5075 2825 5102 η
2852 5065 2993 5121 Psal.
3023 5083 3150 5133 cxu,
3181 5066 3239 5120 7.
3310 5076 3335 5102 τ·
3363 5066 3485 5122 Job.

1594 5145 1619 5205 ξ
1641 5134 1795 5191 Psal.
1826 5154 1990 5193 xxxvi
2010 5177 2026 5205 ,
2064 5134 2156 5203 23,
2185 5149 2298 5189 sec.
2327 5133 2491 5189 LXX.
2569 5145 2590 5173 ⁸
2615 5134 2746 5191 Luc.
2774 5152 2914 5202 χιιι,
2939 5137 3027 5191 10.
3107 5141 3124 5174 ι
3153 5136 3294 5191 Psal.
3326 5153 3487 5203 chn,

1918 5386 2229 5456 pharisteum
2263 5386 2326 5439 de
2352 5387 2685 5456 imputatione
2698 5384 3018 5456 justitiarum
3046 5402 3270 5439 suarum.

1990 5455 2068 5523 (ο)
2105 5456 2339 5534 lta_mss.
2374 5455 2503 5524 Reg.
2537 5464 2593 5534 et
2621 5455 2813 5534 vatim,
2841 5466 3078 5528 augusto,
3112 5455 3163 5508 id
3192 5463 3272 5507 est
3300 5470 3355 5534 re
3393 5468 3491 5534 att-

1914 5521 2083 5595 gusta,
2119 5526 2198 5579 vel
2229 5521 2639 5595 angusto'aditu.
2671 5524 2881 5582 Clarior
2903 5521 3090 5581 sensus
3110 5540 3269 5594 quam
3298 5524 3350 5578 in
3378 5521 3491 5577 edi-

1918 5594 2004 5666 tis,
2035 5594 2086 5666 in
2109 5594 2311 5666 quibus
2339 5604 2474 5659 erat,
2504 5606 2748 5666 angusta.

1986 5664 2066 5735 (ά)
2103 5664 2191 5721 Sic
2214 5682 2314 5721 ms.
2348 5666 2501 5722 V’ien.
2532 5664 2716 5721 codex.
2740 5667 2954 5735 Cmtcri,
2981 5684 3137 5725 mors.
