4006 6180
465 259 571 314 515

1591 252 1648 308 S.
1691 249 1965 307 PAULINI
2002 250 2248 308 NOLANI
2287 250 2593 308 EPISCOPI

3630 255 3734 310 316

466 375 691 425 ruerunt
742 367 1116 423 denuntiatum
1160 365 1392 422 evadere
1458 365 1726 421 excidium
1761 383 1773 419 :
1831 365 1958 434 quia
1997 381 2056 420 se
2088 373 2128 427 Α
2164 366 2278 421 vice
2306 366 2632 421 honoratum
2657 367 2879 422 sortitus
2898 367 3258 423 sacerdotium
3284 368 3607 437 fungeretur.
3632 371 3735 425 De-

465 458 780 529 Spontaneis
831 459 988 529 178
1038 456 1272 513 luctibus
1312 456 1623 519 cruciando,
1654 455 1893 512 divinam
1930 470 2056 511 sen-

468 550 688 602 tentiam
710 558 1089 618 praevenerunt
1112 565 1233 603 sua.

540 638 593 693 5.
635 638 743 693 Nos
773 654 902 693 vero
922 653 1099 709 neque
1126 638 1304 693 verbis
1342 652 1519 707 neque
1544 638 1706 693 rebus
1730 636 1888 706 digna
1926 652 2059 707 pen-

470 739 672 795 santes,
704 731 858 785 unica
887 739 1068 785 tamen
1098 732 1116 762 ⁷
1150 730 1407 786 facultate
1442 729 1597 785 nobis
1641 728 1915 796 caritatis,
1952 743 2058 796 qua

470 822 621 877 vobis
648 824 765 879 sola
793 838 951 893 pares
1002 838 1214 888 sumus,
1245 822 1487 878 misimus
1515 808 1769 888 tunicam,
1799 837 1961 891 quam
1991 822 2059 876 ab

470 929 572 968 usu
594 929 715 969 meo
732 953 747 979 ,
770 922 832 968 ut
848 914 918 969 de
945 914 1201 968 stercoris
1231 913 1441 968 vilitate
1465 915 1487 946 ⁸
1511 914 1799 983 collectum
1823 928 2059 982 pannum

470 1004 691 1073 dignare
743 1006 1064 1074 suscipere:
1098 1021 1221 1059 nam
1252 1006 1335 1060 vel
1377 1006 1480 1060 hoc
1527 1009 1546 1039 ⁸
1595 1005 1916 1059 innocentiae
1956 1013 2060 1061 tum

471 1097 740 1164 congruit,
773 1097 915 1165 quod
962 1097 1030 1151 de
1060 1106 1248 1151 tenero
1278 1111 1539 1166 agnorum
1569 1097 1768 1152 vellere
1805 1105 2058 1152 contexta

471 1189 741 1245 blanditur
765 1191 1073 1245 attactibus.
1106 1190 1259 1245 Addo
1296 1200 1475 1246 autem
1518 1190 1693 1245 adhuc
1730 1191 1904 1259 pretio
1944 1189 2062 1258 ejus

469 1290 528 1336 et
546 1284 750 1351 gratim,
777 1284 920 1352 quod
948 1300 1055 1354 quo
1086 1284 1298 1353 dignior
1316 1284 1574 1353 probetur
1593 1298 1691 1338 usu
1713 1292 1825 1347 tuo,
1855 1283 1923 1337 de
1942 1298 2063 1338 san-

471 1385 576 1430 cur.
598 1386 655 1431 et
685 1378 906 1433 illustris
948 1380 999 1433 in
1030 1380 1228 1434 sanctis
1251 1379 1342 1433 Dei
1374 1377 1583 1432 feminae
1617 1377 1695 1448 (a)
1723 1377 1932 1432 Melanii
1962 1378 2059 1431 be-

471 1467 778 1523 nedictione
834 1470 962 1523 mihi
1025 1470 1217 1538 pignus
1264 1477 1366 1523 est.
1404 1468 1555 1524 Unde
1586 1478 1638 1523 te
1686 1468 1899 1537 dignior
1943 1468 2059 1521 visa

473 1567 573 1622 est,
606 1558 761 1626 cujus
787 1557 920 1614 fides
949 1559 1025 1613 illi
1070 1560 1237 1629 magis
1284 1574 1446 1628 quam
1476 1568 1661 1614 noster
1687 1560 1904 1629 sanguis
1929 1574 2059 1628 pro-

471 1648 717 1717 pinquat.
754 1647 951 1705 Fateor
981 1658 1157 1706 tamen
1182 1666 1372 1704 ausum
1412 1666 1521 1718 me,
1560 1657 1618 1703 ut
1645 1665 1784 1715 eam,
1814 1649 2060 1719 quamvis

2161 458 2323 526 nique
2353 456 2503 512 addit
2525 459 2561 488 “
2591 476 2604 510 :
2631 456 2701 512 Et
2736 475 2870 512 uxor
2896 459 3035 513 illius
3058 460 3120 513 de
3140 460 3348 529 ﬁliabus
3377 460 3552 514 Aaron
3576 471 3621 514 ε’.
3650 461 3738 515 Vi-

2166 548 2257 601 Jes
2285 547 2668 616 evangelistam
2698 548 2766 602 de
2806 550 3321 604 commemoratione
3349 551 3601 604 natalium
3619 566 3742 605 sau-

2161 640 2234 696 cti
2258 642 2299 673 “
2330 638 2427 711 (V.
2457 648 2573 695 not.
2607 639 2754 711 128),
2784 641 3073 696 dictionem
3099 640 3290 697 fecisse
3310 644 3654 709 meritorum;
3687 654 3743 699 ut

2161 736 2227 790 iis
2276 750 2413 804 quos
2450 743 2571 792 erat
2610 735 2678 790 de
2705 736 2937 806 propriis
2980 736 3188 791 meritis
3211 735 3611 805 praedicaturus,
3644 752 3739 790 n0-

2161 827 2306 883 mina
2330 828 2473 881 avita
2502 826 2781 896 praeferret
2816 845 2828 880 :
2856 836 2907 882 et
2944 844 3100 895 uxor,
3131 828 3322 896 inquit,
3352 828 3429 881 illi
3455 837 3567 881 erat
3594 828 3656 881 de
3674 829 3741 898 ﬁ-

2159 918 2327 975 liabus
2342 920 2539 976 Aaron.
2563 920 2726 976 Auxit
2741 921 2989 975 meritum
3010 921 3307 976 sacerdotis
3326 929 3742 977 commemorata

2168 1011 2454 1067 nobilitate
2478 1010 2743 1080 conjugii;
2774 1024 2824 1066 et
2855 1011 3166 1067 laudaturus
3192 1011 3380 1077 vitam,
3408 1024 3578 1079 genus
3621 1020 3747 1067 ante

2162 1102 2419 1167 laudavit,
2449 1110 2508 1156 ut
2534 1102 2890 1157 venerabilior
2930 1101 3205 1166 existeret,
3229 1102 3322 1169 qui
3343 1102 3542 1156 sanctis
3564 1116 3749 1171 paren-

2162 1195 2305 1250 tibus
2332 1195 2688 1264 responderet
2715 1196 3001 1252 sanctitate
3028 1195 3285 1264 ingenita,
3316 1196 3468 1264 quasi
3516 1195 3749 1263 quadam

2157 1286 2379 1354 justitiae
2408 1286 2709 1342 hereditate
2742 1303 2754 1338 :
2779 1286 2871 1354 qui
2892 1285 3019 1339 illud
3050 1284 3345 1354 principale
3374 1285 3427 1339 in
3448 1284 3748 1340 sacerdoti-

2163 1376 2266 1432 bus
2293 1392 2490 1432 nomen
2529 1375 2731 1442 Aaron,
2763 1384 2821 1431 et
2846 1375 3069 1430 honoris
3097 1376 3151 1431 in
3180 1390 3430 1438 munere,
3461 1384 3517 1430 et
3537 1376 3749 1443 generis

2163 1468 2217 1523 in
2246 1485 2418 1524 uxore
2438 1484 2719 1525 successor
2739 1467 2968 1522 referret
2999 1485 3012 1520 :
3036 1477 3199 1537 atque
3235 1466 3345 1530 illa,
3372 1481 3491 1534 quae
3516 1481 3750 1522 concors

2162 1560 2216 1615 in
2246 1560 2438 1615 itinere
2457 1559 2646 1631 jugum
2673 1559 2918 1617 veritatis
2947 1558 2990 1589 ¹³
3017 1574 3140 1614 cum
3164 1558 3359 1612 marito
3386 1557 3634 1612 trahebat
3681 1556 3751 1613 ad

2162 1654 2481 1725 pariendum
2534 1652 2781 1723 eligenda
2809 1668 2909 1722 per
2953 1652 3220 1721 angelum,
3252 1650 3320 1706 de
3346 1667 3455 1720 quo
3481 1651 3751 1721 scriptum

472 1741 615 1795 illico
637 1752 693 1796 ut
714 1757 1025 1812 acceperam
1048 1744 1143 1797 tibi
1165 1744 1643 1807 destinatam,meo
1665 1751 1842 1796 tamen
1863 1742 2062 1797 vestitu
2097 1741 2139 1802 Β
2165 1754 2279 1800 est:
2306 1744 2441 1799 Ecce
2460 1746 2662 1799 mittam
2682 1744 2923 1815 angelum
2950 1753 3071 1797 ante
3091 1743 3273 1813 faciem
3296 1752 3438 1795 tuam
3458 1740 3507 1805 ἀ,
3536 1742 3752 1810 dignior

474 1836 736 1890 initiando
785 1836 1148 1905 praeterirem;
1190 1836 1365 1891 sciens
1394 1834 1565 1903 magis
1594 1849 1680 1888 me
1728 1833 1823 1888 tibi
1850 1833 1952 1888 hac
1970 1834 2057 1887 in-

470 1924 612 1993 juria
658 1926 1044 1994 praestiturum,
1076 1940 1237 1994 quam
1282 1925 1327 1979 si
1369 1932 1423 1979 te
1472 1924 1791 1979 intemerata
1822 1924 2059 1980 novitate

471 2015 611 2069 illius
631 2014 983 2070 honorassem
1008 2032 1020 2068 :
1039 2015 1198 2071 simul
1214 2022 1273 2070 ut
1294 2015 1422 2069 mihi
1444 2014 1880 2070 benedictionem
1906 2014 2059 2083 quasi

463 2105 539 2160 de
562 2114 653 2159 tua
674 2106 787 2174 jam
817 2115 963 2161 veste
987 2121 1372 2177 prmcerperem
1400 2123 1415 2172 ;
1441 2106 1719 2175 utjactare
1740 2107 1941 2183 possit;
1961 2120 2059 2159 ve-

464 2197 707 2251 stimenti
738 2198 813 2251 tui
861 2214 948 2252 me
996 2213 1117 2253 esse
1169 2199 1505 2269 participem,
1539 2198 1631 2267 qui
1676 2197 1910 2268 propitio
1946 2195 2059 2252 Deo

467 2286 704 2342 futuram
730 2304 857 2343 usus
888 2289 961 2343 tui
985 2290 1242 2355 tunicam,
1264 2291 1416 2358 quasi
1446 2290 1651 2354 fuisset,
1685 2288 1982 2342 induerem.

543 2377 597 2434 6.
629 2380 843 2434 Addidit
871 2390 1049 2436 autem
1071 2382 1328 2437 Dominus
1356 2382 1493 2435 hanc
1519 2381 1743 2451 gratiam
1773 2380 1841 2435 de
1869 2395 2061 2436 mune-

470 2470 621 2525 ribus
649 2480 704 2524 ct
734 2471 927 2525 litteris
955 2472 1077 2537 tuis,
1104 2480 1162 2525 ut
1183 2472 1249 2525 ad
1277 2487 1373 2526 eos
1399 2472 1739 2541 potissimum
1760 2470 1876 2525 dies
1902 2471 2059 2528 nobis

470 2560 643 2615 frater
667 2561 852 2616 Victor
887 2570 1225 2624 occurreret,
1256 2562 1450 2631 quibus
1486 2569 1726 2616 sanctam
1774 2560 1942 2630 ipsam
1989 2574 2059 2613 ex

472 2649 809 2707 Hierusalem
856 2661 980 2723 post
1008 2654 1244 2724 quinque
1283 2653 1449 2707 lustra
1476 2659 1808 2707 remeantem
1837 2649 2057 2719 excepi—

474 2759 613 2799 mus.
647 2744 739 2815 (At
766 2758 927 2812 quam
981 2744 1213 2799 tamdcm
1252 2743 1525 2815 feminam)
1555 2744 1599 2798 si
1653 2742 1906 2797 feminam
1953 2740 2057 2795 dici

474 2833 615 2899 licet,
651 2843 757 2889 tam
781 2834 1005 2888 viriliter
1024 2833 1563 2901 Chrbtianaleuid
1582 2834 1687 2888 hoc
1706 2833 1825 2887 loco
1841 2831 2060 2887 faciam?

473 2923 632 2981 Vetat
659 2926 855 2981 fastidii
883 2927 1236 2982 intolerabilis
1274 2937 1452 2983 melus
1493 2925 1857 2983 voluminibus
1884 2924 2061 2980 adhuc

472 3017 700 3084 addere;
731 3018 824 3072 sed
854 3034 1099 3087 persona:
1125 3018 1383 3088 dignitas,
1413 3018 1580 3074 immo
1622 3018 1717 3073 Dei
1745 3017 1913 3086 gratia
1956 3031 2057 3086 po-

2161 1847 2217 1893 et
2236 1838 2356 1893 viro
2383 1837 2683 1901 sacerdote,
2715 1844 2772 1890 et
2819 1835 2928 1890 tilio
2966 1834 3246 1904 prophetis
3269 1833 3601 1903 praeferendo
3630 1835 3751 1889 exi-

2169 1937 2358 1991 steret,
2408 1943 2573 1997 quam
2611 1926 2808 1983 divinis
2860 1924 3109 1980 idoneam
3154 1923 3397 1989 dotibus,
3438 1939 3543 1978 non
3572 1924 3752 1980 solum

2160 2022 2267 2075 vita
2284 2021 2527 2089 justitite,
2558 2018 2653 2074 sed
2683 2027 2739 2073 et
2766 2017 2977 2071 familia:
3004 2015 3357 2085 pmrogativa
3379 2014 3613 2070 fecisset.
3640 2014 3753 2073 Sed

2160 2120 2210 2167 ct
2243 2112 2411 2182 ipsius
2440 2109 2651 2166 Domini
2699 2117 2899 2176 ortum,
2928 2116 3126 2178 pneter
3152 2107 3301 2161 illum
3332 2121 3361 2159 a
3395 2106 3539 2161 fonte
3567 2106 3756 2161 divino

2159 2200 2435 2266 ﬂuentem,
2469 2201 2631 2256 etiam
2663 2200 2823 2254 istum
2847 2213 2954 2268 quo
2983 2196 3151 2252 Filius
3177 2196 3408 2251 hominis
3435 2212 3552 2251 esse
3570 2196 3758 2265 digna-

2161 2300 2245 2345 tus
2274 2299 2377 2356 est,
2411 2290 2753 2358 evangelista:
2782 2288 2891 2343 duo
2924 2298 2947 2326 σ
2977 2287 3272 2342 numeratis
3300 2287 3368 2340 ab
3396 2286 3545 2341 initio
3580 2286 3757 2355 majo-

2158 2382 2307 2435 ribus
2336 2381 2637 2445 ordiuntur,
2669 2379 2936 2434 diversam
2958 2388 3186 2449 utroque
3215 2378 3477 2448 scriptore
3503 2379 3757 2447 corporei

2157 2472 2432 2541 sanguinis
2479 2488 2672 2527 venam
2721 2472 2838 2542 pari
2902 2468 3004 2525 fide
3044 2478 3101 2526 et
3146 2469 3404 2537 dignitate
3433 2470 3754 2525 referente:

2158 2566 2282 2634 quia
2312 2564 2531 2632 dignum
2557 2570 2754 2617 eratut
2782 2561 3099 2629 Unigenitus
3129 2561 3242 2626 Dei,
3270 2569 3327 2616 et
3360 2561 3758 2633 primogenitus

2161 2654 2325 2708 totius
2343 2660 2625 2714 creatnrze,
2656 2661 2818 2720 atque
2842 2651 3079 2707 universi
3103 2650 3348 2720 corporis
3371 2658 3562 2720 caput,
3586 2651 3756 2705 etiam

2160 2746 2212 2801 in
2259 2746 2471 2816 generis
2520 2745 2769 2813 corporei
2795 2744 3055 2812 dignitate
3083 2744 3368 2814 primatum
3399 2752 3627 2799 teneret.
3686 2743 3756 2800 Ut

2162 2852 2296 2892 unus
2325 2836 2377 2891 in
2409 2836 2547 2892 caalo
2578 2836 2672 2891 Dei
2702 2834 2869 2889 Filius
2917 2842 3047 2888 ante
3084 2833 3268 2890 secula
3299 2833 3553 2889 ineffabili
3590 2843 3757 2891 natus

2159 2926 2403 2991 exordio,
2436 2926 2599 2981 etiam
2624 2926 2677 2980 iu
2698 2925 2858 2980 terris
2881 2924 3166 2979 illustrium
3195 2924 3469 2978 titulorum
3499 2924 3598 2979 sibi
3629 2929 3756 2995 api—

2163 3031 2256 3072 ces
2289 3017 2610 3083 vindicaret,
2643 3028 2826 3084 regum
2857 3015 3059 3084 pariter
3085 3022 3141 3067 et
3165 3013 3501 3069 sacerdotum
3532 3016 3613 3085 (ut
3641 3014 3756 3072 duo

471 3109 675 3164 stulare
723 3110 937 3165 videtur
965 3118 1023 3165 ut
1063 3111 1636 3165 commemorationem
1665 3118 1829 3163 tanta:
1862 3108 2054 3161 animae
2082 3091 2126 3154 (ἶ
2159 3115 2425 3162 testantur
2453 3114 2672 3162 autores
2730 3105 2774 3175 ῐ)
2806 3106 2951 3160 clara
2999 3105 3299 3175 progenies.
3333 3104 3503 3170 Quam
3532 3106 3603 3159 ob
3632 3121 3755 3163 rem

472 3214 819 3269 praegressus
844 3215 952 3254 non
986 3200 1180 3269 raptim
1209 3201 1474 3263 omittam,
1506 3199 1600 3253 sed
1626 3198 1896 3268 paulisper
1925 3198 1966 3229 ¹⁰
1986 3196 2054 3251 ad

470 3304 590 3342 eam
620 3290 717 3343 tibi
738 3289 1081 3354 narrandam,
1112 3290 1262 3343 velut
1298 3291 1632 3358 navigantes,
1662 3290 1705 3344 si
1736 3290 1969 3359 aliquem
2001 3289 2053 3343 in

472 3380 655 3435 littore
682 3380 863 3436 locum
888 3380 1235 3451 spectabilem
1263 3380 1501 3445 videant,
1525 3396 1633 3436 non
1662 3381 2059 3451 praetervehun-

474 3483 581 3538 tur,
608 3472 704 3529 sed
751 3473 1042 3528 contractis
1069 3473 1341 3544 paululum
1370 3473 1532 3539 velis,
1560 3481 1652 3527 aut
1676 3472 1900 3541 remigio
1926 3486 2056 3541 pen-

468 3563 636 3619 dente
688 3573 917 3636 pascunt
960 3564 1149 3620 oculos
1187 3564 1429 3619 intuendi
1465 3580 1645 3629 mora;
1677 3563 1751 3617 ita
1790 3563 2057 3619 sermonis

467 3657 577 3711 mei
624 3672 838 3713 cursum
864 3656 1237 3726 detorqueam,
1270 3669 1380 3725 quo
1408 3656 1568 3710 etiam
1610 3654 1805 3710 illustri
1835 3654 1909 3709 illi
1939 3669 2056 3708 ma-

475 3748 609 3802 teria
640 3755 695 3803 et
722 3748 1032 3817 eloquentia
1076 3748 1213 3802 libro
1265 3756 1357 3802 tuo
1398 3747 1569 3803 vicem
1613 3746 1847 3817 aliquam
1875 3744 2060 3799 videar

468 3839 721 3905 reddere,
744 3842 789 3895 si
819 3840 1072 3896 feminam
1101 3839 1411 3896 inferiorem
1434 3856 1586 3906 sexu,
1608 3838 1893 3894 virtutibus
1912 3836 2058 3891 Mar-

470 3930 566 3983 tiui
588 3930 803 3985 Christo
851 3931 1173 3985 militantem
1227 3945 1556 3999 prosequar,
1602 3944 1724 3997 qua!
1750 3928 2060 3983 consulibus

473 4020 585 4074 avis
610 4021 828 4087 nobilis,
858 4021 1179 4074 nobiliorem
1207 4034 1267 4073 se
1296 4026 1572 4074 contemtu
1597 4032 1875 4087 corporea:
1906 4016 2060 4073 nobi-

472 4107 637 4163 litatis
662 4108 829 4163 dedit.

542 4197 595 4251 7.
635 4197 839 4266 Opinor
860 4208 1038 4251 autem
1060 4205 1117 4251 et
1138 4198 1245 4252 hoc
1266 4197 1331 4253 ad
1359 4198 1631 4253 cumulum
1654 4197 1851 4253 divinae
1876 4200 2062 4268 gratia:

466 4288 765 4359 pertinere,
794 4288 940 4356 quod
984 4287 1328 4341 sanctitatem
1367 4286 1691 4342 laudandam
1720 4288 1789 4345 de
1817 4288 2062 4345 laudibus

463 4378 686 4446 generis
735 4376 1025 4447 przedicare
1066 4376 1268 4431 ordior.
1302 4377 1406 4432 Sed
1434 4378 1577 4432 hunc
1622 4378 1867 4433 ordinem
1895 4393 2003 4434 non
2028 4394 2059 4434 a

2158 3216 2264 3254 non
2292 3199 2593 3255 videbimur
2621 3199 2794 3252 aliena
2824 3197 3002 3267 potius
3030 3211 3190 3266 quam
3219 3203 3404 3250 nostra
3433 3198 3509 3249 uti
3540 3196 3753 3262 regula,

2157 3298 2424 3344 terrenam
2441 3303 2661 3358 quoque
2682 3287 3018 3343 nobilitatem
3043 3285 3094 3340 in
3116 3284 3417 3356 supradicta
3434 3285 3528 3339 Dei
3552 3284 3754 3342 famula

2155 3380 2510 3451 pradicantes
2541 3398 2554 3434 :
2585 3394 2690 3449 qua
2719 3380 3059 3449 perspicuum
3089 3378 3158 3432 sit
3188 3378 3240 3432 id
3274 3385 3491 3446 quoque
3518 3376 3585 3430 ad
3606 3392 3738 3446 ope-
3796 3390 3799 3393 '

2155 3474 2231 3528 ris
2259 3474 2341 3529 sui
2374 3474 2598 3543 gloriam
2626 3472 2911 3529 Dominum
2940 3471 3252 3537 contulisse,
3282 3486 3391 3539 quo
3423 3471 3593 3537 magis
3620 3486 3751 3524 con.

2160 3564 2476 3619 funderetur
2504 3564 2607 3618 iste
2636 3562 2889 3629 mundus,
2929 3562 3019 3632 qui
3053 3562 3249 3616 talibus
3278 3560 3449 3615 titulis
3467 3561 3751 3629 gloriatur,

2159 3667 2218 3711 ut
2247 3673 2356 3727 quo
2385 3661 2594 3711 vanitas
2633 3657 2912 3711 hominum
2942 3654 3009 3710 ad
3048 3662 3377 3710 contemtum
3425 3653 3519 3707 Dei
3561 3652 3751 3719 utitur,

2157 3749 2259 3804 ista
2286 3748 2468 3817 potius
2496 3747 2562 3801 ad
2590 3754 2922 3803 contemtum
2950 3744 3133 3800 mundi
3156 3752 3399 3799 uteretur
3428 3761 3440 3795 :
3472 3743 3635 3797 simul
3692 3751 3753 3797 ut

2160 3837 2334 3906 major
2356 3838 2607 3892 salutaris
2646 3837 2881 3906 exempli
2923 3836 3241 3906 proderetur
3277 3834 3539 3888 autoritas
3575 3834 3754 3888 humi-

2162 3927 2354 3982 liandis
2380 3928 2735 3997 superborum
2782 3928 2972 3991 oculis,
3003 3926 3198 3981 mulier
3223 3926 3450 3980 celsiore
3485 3925 3651 3993 gradu
3684 3924 3755 3982 ad

2161 4018 2481 4074 humilitatis
2509 4017 2713 4073 cultum
2743 4018 2814 4072 ob
2843 4031 3082 4071 amorem
3123 4016 3320 4071 Christi
3350 4015 3559 4083 dejecta
3587 4016 3755 4069 subli-

2162 4108 2320 4162 miter
2343 4118 2398 4173 ες
2442 4115 2501 4162 ut
2528 4109 2675 4163 viros
2688 4107 2906 4164 desides
2927 4108 2979 4161 in
3009 4106 3218 4161 infirmo
3238 4121 3369 4161 sexu
3389 4107 3543 4161 fortis
3563 4119 3755 4172 argue-

2162 4207 2264 4263 ret,
2292 4206 2609 4267 arrogantes
2651 4198 2705 4253 in
2751 4213 2887 4255 sexu
2914 4205 3144 4266 utroque
3173 4211 3432 4265 personas
3458 4204 3755 4265 pauperata

2163 4288 2332 4354 dives,
2364 4297 2419 4343 et
2439 4289 2635 4343 nobilis
2654 4288 2933 4345 huniiliata
2961 4286 3338 4344 confunderet.

2236 4380 2291 4436 8.
2321 4381 2480 4452 180
2496 4380 2663 4449 Igitur
2682 4379 2989 4435 Marcellino
3016 4379 3240 4435 consule
3260 4392 3363 4432 avo
3391 4377 3487 4449 (V.
3505 4394 3559 4431 ιι.
3582 4378 3687 4430 I29
3704 4379 3749 4444 ),

469 4469 756 4523 rhetoricis
778 4468 1035 4522 institutis
1055 4467 1242 4536 magis,
1265 4481 1427 4536 quam
1450 4466 1518 4520 de
1542 4466 1863 4534 evangelicis
1881 4482 2060 4521 exem-
2091 4464 2136 4523 D
2161 4471 2228 4527 de
2244 4473 2446 4527 ambitu
2466 4472 2680 4541 generis
2697 4479 2755 4525 et
2767 4486 2929 4539 opum
2950 4471 3101 4537 luxu,
3117 4471 3167 4524 in
3180 4470 3383 4524 teneris
3397 4469 3571 4523 adhuc
3594 4470 3754 4523 annis

472 4561 576 4631 piis
608 4560 853 4630 usurpari
878 4560 1222 4615 doctissimus
1250 4557 1425 4614 Lucas
1454 4570 1480 4594 ι·
1503 4558 1635 4612 mihi
1664 4558 1815 4612 testis
1839 4566 1940 4623 est,
1971 4559 2063 4627 qui

473 4650 728 4720 Baptista:
749 4651 892 4705 beati
916 4650 1167 4703 meritum
1197 4649 1266 4703 ab
1292 4649 1514 4717 originis
1538 4647 1782 4702 claritate
1810 4646 2019 4702 detexit
2043 4665 2056 4700 :

469 4749 531 4794 et
576 4757 643 4794 ne
686 4748 894 4794 tantum
945 4740 1182 4794 historia:
1226 4740 1400 4807 gratia
1452 4752 1575 4793 eum
1610 4753 2061 4793 commemorasse

470 4831 751 4884 existimes
788 4830 1020 4884 nobilem
1065 4829 1331 4884 Dominici
1374 4830 1719 4899 praicursoris
1760 4839 2056 4900 parentem,

470 4921 779 4974 veneranda
808 4921 998 4990 prisca:
1032 4921 1189 4992 179
1218 4920 1515 4975 nobilitatis
1543 4921 1770 4991 insignia
1788 4964 1803 4988 ,
1828 4930 1885 4977 et
1901 4938 2057 4977 suum

468 5014 668 5081 «cuique
706 5021 930 5067 stemma
957 5014 1249 5077 connectit,
1295 5013 1480 5068 dicens
1513 5015 1829 5068 sacerdotem
1855 5013 2060 5069 Zacha-

467 5106 609 5158 riam
634 5104 699 5157 de
735 5105 840 5158 vice
880 5105 1010 5157 Abia
1031 5103 1079 5157 δ.
1109 5102 1285 5158 Credo
1322 5113 1380 5157 ut
1422 5119 1488 5158 ex
1516 5120 1582 5159 eo
1604 5106 1719 5175 ipso
1740 5106 2057 5175 dignitatem

474 5195 654 5249 meriti
683 5196 799 5264 ejus
845 5194 1177 5259 ostenderet,
1208 5194 1468 5263 adjiciens
1498 5211 1693 5249 nomen
1723 5211 1793 5250 ex
1841 5196 2023 5251 infulis
2042 5236 2057 5261 ,

469 5284 620 5354 quod
650 5285 1000 5354 proculdubio
1023 5285 1074 5338 in
1104 5283 1344 5339 Hebrmis
1371 5293 1516 5339 esset
1556 5286 1784 5354 insigne,
1814 5285 1881 5341 de
1909 5286 2061 5354 cujus

2171 4562 2385 4631 nuptias
2411 4578 2591 4631 passa,
2623 4570 2679 4616 et
2705 4561 2854 4616 brevi
2882 4569 3073 4627 mater,
3102 4560 3198 4615 sed
3225 4575 3289 4615 ea
3318 4558 3577 4616 felicitate
3607 4574 3759 4613 mor-

2169 4653 2354 4706 talium
2382 4668 2491 4707 non
2521 4652 2740 4719 longum
2767 4651 2854 4720 (id
2878 4660 2956 4705 est
2980 4650 3094 4705 diu.
3135 4649 3199 4705 V.
3225 4658 3394 4713 carm,
3427 4647 3516 4711 '52,
3547 4665 3601 4701 v.
3630 4646 3762 4717 595)

2167 4743 2337 4813 potita
2364 4750 2467 4807 est,
2497 4757 2567 4798 ne
2592 4742 2684 4799 diu
2716 4751 2928 4798 terrena
2949 4740 3215 4810 diligeret.
3246 4739 3379 4795 Nam
3410 4748 3606 4809 printer
3625 4742 3762 4795 alias

2166 4835 2425 4889 orbitates
2463 4850 2596 4904 quas
2640 4828 2795 4888 irrito
2825 4834 2867 4865 υ
2914 4833 2968 4886 in
3014 4831 3210 4888 fetibus
3248 4832 3505 4885 abortivis
3571 4830 3762 4886 labore

2166 4928 2341 4982 adhuc
2377 4927 2572 4981 marito
2618 4926 2880 4996 participe
2902 4924 3154 4990 deflevit,
3179 4924 3250 4977 ita
3280 4923 3451 4978 crevit
3502 4924 3763 4979 aerumnis

2169 5026 2225 5071 nt
2253 5017 2389 5072 duos
2410 5015 2547 5071 filios
2566 5024 2622 5071 et
2650 5016 2900 5070 maritum
2922 5017 3061 5070 intra
3084 5015 3208 5068 anni
3232 5022 3440 5084 tempus
3462 5012 3758 5078 amitteret;

2165 5109 2323 5164 unico
2354 5116 2559 5162 tantum
2587 5107 2690 5162 sibi
2738 5106 2963 5176 parvulo
3017 5104 3086 5159 ad
3133 5105 3449 5158 memoriam
3501 5105 3682 5173 potius
3717 5106 3759 5135 "

2162 5215 2322 5268 quam
2352 5198 2420 5253 ad
2465 5198 2965 5268 compensationem
3009 5195 3297 5250 affectuum
3343 5192 3623 5248 derelicto.
3649 5193 3759 5248 Sed

2163 5298 2219 5346 et
2240 5290 2307 5344 de
2328 5289 2588 5342 malorum
2608 5295 2918 5342 nostrorum
2941 5285 3257 5349 seminibus,
3278 5298 3469 5339 causas
3489 5284 3758 5338 bonorum

548 5433 576 5461 ⁸
608 5421 738 5475 Luc.
774 5437 820 5482 ι,
852 5418 907 5474 5.
984 5419 1012 5461 δ
1050 5419 1181 5475 Luc.
1216 5436 1253 5487 I,
1285 5418 1348 5485 εἰς
1380 5420 1400 5474 l
1430 5418 1552 5475 Par.
1585 5437 1732 5485 xxw,
1764 5419 1851 5477 40..
1932 5434 1955 5462 ο
1984 5423 2057 5477 Lu

2179 5466 2193 5489 ,
2225 5422 2279 5477 5.
2356 5422 2379 5458 ά
2415 5422 2603 5477 Malae.
2631 5438 2707 5488 ιιι,
2738 5424 2754 5476 l
2787 5439 2801 5485 ;
2834 5421 3023 5476 Matth.
3053 5438 3126 5487 ιι,
3165 5419 3230 5487 9;
3262 5421 3427 5477 Marc.
3462 5436 3497 5487 ι,
3523 5418 3589 5487 2;
3624 5419 3755 5477 Luc.

472 5509 570 5558 vn,
599 5493 688 5547 9.6.
766 5504 790 5531 ο
820 5491 1012 5547 Matth.
1043 5508 1082 5557 ι,
1123 5495 1177 5557 ι;
1209 5490 1405 5546 Johan.
1446 5507 1482 5555 ι,
1517 5494 1567 5545 t.

537 5652 629 5722 (α)
668 5653 747 5710 ita
775 5654 905 5711 edit.
935 5653 1118 5710 Schot.
1156 5652 1338 5711 Recte.
1374 5652 1503 5709 Vide
1523 5662 1637 5709 not.
1676 5651 1796 5708 158.

1649 5491 1667 5529 ί
1700 5491 1887 5548 Matth.
1919 5510 1958 5559 ι,
1992 5496 2052 5561 l;
2083 5494 2211 5550 Luc.
2242 5510 2320 5550 ιιι.
2339 5492 2429 5547 25.
2509 5502 2533 5540 ε
2567 5490 2705 5548 Psal.
2741 5507 2867 5557 xvn,
2891 5490 2980 5546 28.
